4064 6204
352 389 425 444 23
1577 379 1916 435 CLEMENS
1958 382 1999 430 Λ
2016 374 2541 436 LEXANDRINUS.
3691 390 3764 443 24

350 529 599 570 sermone
646 510 975 570 declaravit.
1031 512 1131 568 Ubi
1183 508 1357 563 multa
1432 502 1651 575 quidem
1697 499 1997 569 subtiliter,
2029 502 2081 566 Α
2114 501 2333 573 Cangii.
2396 503 2449 556 S.
2504 506 2787 561 Maximus
2841 509 2922 564 ad
2982 509 3226 582 Dionys.
3287 527 3338 564 c.
3375 510 3398 565 1
3434 511 3507 563 De
3534 512 3767 579 mystica

352 603 443 660 sed
470 602 663 673 aliqua
687 604 925 658 incaute
984 600 1200 656 locutus
1226 600 1305 649 est
1336 609 1356 647 :
1404 605 1533 664 quae
1561 605 1659 644 nos
1699 591 1779 644 ita
1816 597 2002 643 trans-

354 689 498 763 ferri
524 692 755 761 fecimus
784 692 845 745 in
876 689 1155 750 Latinum,
1188 691 1248 737 ut
1292 680 1535 737 exclusis
1568 677 1892 750 quibusdam
1921 684 2005 748 0/-

357 779 662 853 fendiculis
679 778 977 852 puriﬁcata
1006 773 1260 828 doctrina
1301 768 1423 837 eius
1453 769 1700 823 securior
1746 767 2010 840 potuisset

359 871 606 927 hauriri.
632 867 996 922 Clementem
1027 862 1089 915 in
1142 863 1566 931 Hypatypaseon
1615 856 1786 911 libris
1828 855 2007 912 etiam

356 958 649 1030 Epistolas
679 951 998 1010 catholicas
1028 950 1484 1020 interpretatum
1511 950 1806 1001 testantur
1834 946 2009 999 Euse-

356 1047 491 1103 bius
522 1045 694 1112 ιγ,14,
724 1041 861 1097 Hist.
893 1044 953 1094 et
972 1038 1217 1095 Photius
1247 1036 1500 1093 cod.c1x.
1533 1034 1865 1090 Verisimile
1897 1034 2009 1104 igi-

368 1142 555 1202 est,ex
586 1130 687 1184 illo
721 1144 899 1199 opere
929 1127 1042 1200 (31)
1083 1124 1524 1192 Cassiodorum,
1554 1123 2011 1179 Adumbrationes

362 1224 566 1284 hasce,
598 1233 713 1289 quo
745 1218 874 1288 ipso
905 1217 1057 1272 forte
1086 1214 1372 1271 vocabulo
1404 1215 1668 1269 Grascum
1700 1210 2011 1264 Ὑποτυπώ-

357 1327 490 1362 σεων
524 1307 855 1378 exprimere
887 1306 1092 1373 voluit,
1124 1301 1526 1374 excerpendas
1567 1317 1830 1368 curasse,
1862 1314 2010 1371 quas

358 1398 559 1454 Latine
607 1397 837 1470 Ittigius
868 1396 1032 1452 dedit
1074 1400 1209 1467 post
1254 1393 1546 1449 editiones
1578 1392 1640 1447 in
1663 1390 2012 1447 Bibliothecis

354 1490 608 1556 Patrum,
638 1488 805 1542 Paris
838 1487 972 1541 1575
994 1490 1164 1553 (tom.
1199 1484 1268 1537 VI
1308 1484 1437 1538 Par.
1480 1480 1632 1537 1576.
1665 1479 1817 1553 fol.),
1847 1479 2006 1545 1589,

360 1578 519 1643 1654,
573 1580 633 1632 et
688 1574 868 1647 Lugd.
929 1575 1086 1641 1677,
1122 1576 1181 1627 et
1201 1577 1337 1644 post
1359 1569 1679 1627 editionem
1711 1567 2008 1624 Oxonien-

358 1682 486 1721 sem
516 1665 591 1720 ad
622 1663 848 1720 calcem
873 1663 1010 1717 libri
1044 1664 1118 1718 De
1144 1661 1320 1716 divite
1346 1658 1611 1715 salvando
1639 1658 1796 1723 1683,
1827 1656 1895 1713 12
1924 1656 2009 1727 (in

360 1754 453 1809 ed.
477 1753 697 1809 Potteri
729 1770 863 1824 pap.
903 1754 1063 1818 1006,
1099 1757 1276 1821 sqq.).

2117 590 2309 659 theol.,
2372 593 2458 659 17,
2520 599 2580 648 et
2617 596 2704 650 Jo.
2760 599 3031 654 Moschus
3083 600 3147 654 in
3203 602 3376 655 Prata
3450 599 3767 671 spirituali,

2116 692 2222 748 cap
2282 680 2707 751 176(33),quem
2738 683 2954 752 locum,
2978 702 3115 740 cum
3146 686 3452 742 laudasset
3476 686 3772 741 Baronius

2117 766 2191 821 ad
2213 769 2279 822 Α.
2304 769 2363 822 C.
2396 768 2487 836 31,
2521 786 2583 824 ιι.
2613 773 2703 838 40,
2736 777 2802 827 ut
2833 774 3114 844 probaret
3167 776 3409 831 Petrum
3455 792 3490 832 a
3537 774 3773 829 Christo

2117 855 2475 927 baptizatum
2507 861 2991 925 esse,Richardus
3016 864 3411 919 Montacutius
3441 864 3546 920 lib.
3570 880 3612 919 ιι
3643 865 3774 920 Ori-

2117 947 2309 1013 ginum
2329 947 2512 1003 eccles.
2547 964 2679 1021 pag.
2703 950 2773 1003 52
2807 967 2820 1005 :
2852 953 2934 1006 En
2965 953 3269 1020 tibicinem,
3301 954 3517 1024 inquit,
3548 955 3772 1010 ruitura

2118 1033 2331 1103 alioqui
2348 1037 2562 1104 parieti
2590 1040 2612 1091 Ι
2641 1038 2883 1095 Clemens
2926 1039 2954 1094 ὁ
3005 1038 3335 1112 πολυμαθής
3378 1043 3679 1098 adnotatur
3709 1046 3769 1098 in

2111 1128 2301 1190 partes
2330 1140 2399 1177 ea:
2420 1126 2916 1199 Hypotyposibus,
2937 1131 3032 1184 sed
3059 1132 3261 1186 citatus
3290 1147 3325 1185 a
3356 1131 3663 1202 Sophronia
3710 1135 3765 1187 in

2119 1212 2292 1267 Prato
2349 1213 2666 1285 spirituali.
2720 1218 2903 1287 Neque
2954 1221 3098 1273 enim
3153 1221 3428 1277 Baronius
3461 1222 3768 1289 Clementis,

2119 1301 2300 1371 credo,
2327 1303 2468 1356 vidit
2523 1304 2952 1377 Hypotyposes.
2988 1309 3144 1362 Certe
3172 1325 3429 1378 magnum
3461 1316 3624 1365 autor
3653 1311 3771 1365 Cle-

2119 1406 2288 1458 mens,
2317 1390 2445 1445 licet
2472 1394 2637 1449 nimis
2668 1396 2942 1451 interdum
2971 1398 3223 1453 credulus
3273 1400 3608 1470 apocrytieis
3635 1416 3773 1454 nar-

2120 1481 2425 1536 rationibus
2455 1487 2505 1536 et
2559 1484 2870 1540 rumoribus
2925 1486 2993 1540 ab
3047 1487 3255 1541 incerta
3313 1489 3629 1542 traditione.
3675 1489 3773 1543 Se-

2118 1569 2296 1623 cundo
2324 1572 2639 1626 eriticorum
2696 1574 2925 1643 quidam
2980 1578 3403 1631 nominatissimi
3459 1592 3594 1646 Opus
3633 1578 3777 1632 illud

2120 1657 2573 1730 Hypotypeseon
2598 1677 2707 1716 non
2740 1663 2935 1719 lectum
2971 1665 3076 1718 sibi
3104 1667 3279 1719 visum
3309 1665 3424 1735 (sed
3455 1664 3580 1738 περὶ
3605 1664 3777 1718 παντὸ

2121 1740 2276 1809 ὄντος
2304 1746 2393 1801 καὶ
2423 1749 2500 1819 μή
2534 1747 2691 1812 ὄντος
2710 1754 2974 1823 judicant
3004 1753 3208 1825 critici)
3235 1755 3500 1810 devocant
3533 1756 3591 1808 in
3622 1771 3776 1825 qua:-

428 1843 484 1897 3.
514 1844 838 1913 Fragmenta
867 1840 1190 1896 Clementis
1222 1838 1386 1894 Alex.
1415 1855 1449 1893 a
1470 1838 1555 1893 lo.
1578 1835 1740 1892 Fello
1763 1834 2013 1890 collecta
2042 1855 2090 1920 Β
2118 1838 2368 1891 stionem.
2404 1838 2562 1902 Quod
2615 1842 2664 1894 si
2708 1847 2965 1909 exstaret,
3027 1842 3326 1912 multiplici
3371 1844 3576 1913 procul
3605 1844 3775 1897 dubia

367 1949 439 1987 ex
472 1932 689 1987 Nicetaa
722 1930 783 1986 in
833 1930 1044 1986 Jobum
1076 1933 1134 1984 et
1162 1926 1522 1983 Corderiaua
1551 1926 1612 1981 in
1635 1925 1872 1980 Lucam.
1906 1925 2011 1979 Ca-

364 2025 524 2087 tena,
548 2020 764 2091 quibus
794 2018 912 2074 alia
940 2018 1171 2091 Ittigius
1200 2014 1431 2073 addidit
1460 2020 1585 2069 tum
1615 2031 1686 2070 ex
1716 2012 1925 2069 eadem
1956 2012 2016 2068 in

359 2110 599 2177 Jobum,
628 2116 752 2165 tum
780 2127 853 2165 ex
884 2109 1101 2165 Nicetes
1160 2108 1222 2161 in
1275 2107 1614 2162 Matthmum
1644 2105 1886 2171 Catena,
1945 2120 2018 2159 ex

366 2199 623 2255 Eusebio
677 2199 820 2255 item
869 2205 1044 2269 atque
1075 2196 1455 2253 (Ecumenio.
1513 2197 1613 2250 His
1643 2194 2014 2265 casterisque,

365 2306 497 2361 quas
528 2289 591 2343 in
621 2288 970 2361 praafatione
995 2288 1176 2342 etiam
1209 2291 1411 2341 monet
1468 2283 1847 2356 adjungenda
1863 2299 2015 2345 esse,

364 2377 503 2434 addi
527 2382 725 2450 potest
752 2377 1150 2449 fragmentum
1199 2374 1541 2440 Clementis,
1573 2372 1731 2444 quod
1774 2371 2018 2427 exhibet

359 2467 588 2521 Catena
612 2466 674 2521 in
696 2465 1187 2533 Pentateuchum,
1221 2464 1421 2519 Latine
1451 2462 1607 2518 edita
1639 2478 1673 2517 a
1702 2461 2013 2517 Francisco

365 2555 653 2627 Zephyro,
686 2572 745 2627 p.
781 2555 904 2624 146,
935 2552 1078 2609 licet
1104 2552 1440 2608 consimilia
1470 2549 1906 2623 quodammodo
1937 2549 2018 2604 le-

358 2649 575 2717 gantur
598 2660 630 2698 v
658 2642 882 2710 Strom.,
916 2658 1046 2715 pag.
1076 2642 1222 2697 564:
1267 2642 1473 2698 Nomen
1528 2638 1670 2696 illud
1715 2640 2013 2710 mysticum

359 2732 502 2805 quod
532 2734 723 2789 vocant
753 2737 1283 2803 tetragrammaton.
1312 2745 1417 2802 quo
1447 2737 1661 2786 tantum
1691 2728 2013 2784 munieban-

360 2830 452 2879 tur
471 2821 790 2893 illi,quibus
822 2820 1048 2892 adytum
1075 2821 1331 2891 pervium
1378 2826 1516 2885 erat,
1562 2822 1721 2873 sanat
1749 2815 2012 2887 Jehovah,

358 2912 504 2983 quod
533 2909 943 2981 interpretatur
970 2907 1072 2979 qui
1096 2912 1185 2963 est
1209 2912 1267 2963 et
1296 2908 1398 2979 qui
1430 2907 1543 2962 erit
1570 2923 1584 2974 ;
1613 2905 2014 2962 candelabrum

360 2997 669 3071 vero,quod
697 2998 1000 3055 australem
1025 2995 1271 3069 plagam
1299 2996 1544 3051 adstabat
1574 2994 2010 3067 allaris,septem

354 3090 613 3161 planetas
633 3087 1029 3159 referebat,qui
1055 3102 1156 3158 per
1181 3084 1559 3141 meridianam
1586 3085 1872 3155 regionem
1894 3083 2011 3139 ‘cir-

358 3178 583 3248 cumagi
626 3175 784 3233 nobis
814 3175 1094 3245 videntur,
1116 3176 1210 3230 cui
1237 3176 1383 3230 terni
1411 3172 1670 3246 utrinque
1698 3173 1853 3229 rami
1878 3188 2013 3229 con-

356 3269 611 3339 surgunt,
642 3268 905 3338 quoniam
923 3267 1003 3320 sal
1033 3267 1193 3335 quasi
1237 3263 1635 3319 candelabrum
1664 3261 1863 3318 mundi
1902 3278 2011 3318 me-

362 3357 496 3411 dius
518 3357 663 3411 inter
691 3355 834 3410 alios
845 3354 1101 3425 planetas
1128 3352 1322 3406 divina
1348 3352 1625 3423 sapientia
1656 3348 1889 3406 libratus
1909 3367 2011 3406 sua

363 3447 483 3501 luce
507 3443 823 3515 superiores
854 3442 1056 3497 lustrat
1082 3443 1135 3494 et
1165 3441 1477 3511 inferiores.
1509 3439 1588 3494 Ad
1616 3439 1849 3495 alteram
1879 3456 2012 3511 par-

360 3536 471 3590 tem
500 3533 676 3603 ipsius
704 3545 826 3587 arm
840 3531 1017 3601 posita
1039 3536 1159 3584 erat
1182 3544 1390 3595 mensa,
1424 3529 1485 3583 in
1532 3544 1643 3600 qua
1674 3544 1847 3600 panes
1879 3544 2007 3600 pra-

362 3621 730 3694 ponebantur,
761 3620 905 3691 quod
930 3634 1000 3674 ex
1030 3634 1095 3674 ea
1120 3618 1279 3690 parte
1292 3616 1421 3672 casti
1446 3618 1613 3688 ﬂatus
1639 3617 1798 3673 nobis
1813 3619 2010 3673 vitales

359 3716 414 3768 et
441 3710 582 3766 almi
608 3708 917 3780 adspirant.
967 3707 1135 3762 ana.
1170 3708 1303 3762 Haec
1335 3711 1393 3761 et
1438 3706 1610 3779 plura
1635 3707 1775 3775 alia,
1804 3724 1838 3763 a
1866 3709 2009 3762 Gra-

364 3803 463 3858 bio
487 3800 758 3868 collecta,
790 3800 969 3856 etiam
991 3798 1238 3870 id,quod
1268 3796 1435 3853 Fabr.
1471 3797 1531 3853 h.
1555 3797 1595 3852 ι.
1628 3798 2009 3871 produxerat,

358 3890 740 3962 reperiuntur
783 3890 844 3945 in
899 3889 1083 3944 Oxon.
1133 3887 1352 3943 Potteri
1409 3887 1549 3943 edit.
1600 3906 1659 3960 p.
1712 3890 1841 3944 1011
1878 3907 2009 3961 sqq.

355 3979 618 4036 Editioni
651 3980 885 4036 Venetas
915 3980 1133 4033 Potter.
1172 3994 1260 4048 ea,
1294 3993 1425 4049 quas
1455 3977 1837 4047 Fabric,calci
1867 3979 2007 4035 edit.

361 4085 484 4124 suas
507 4068 804 4141 Hippolyti
836 4066 1153 4139 adjecerat,
1188 4083 1319 4123 esse
1346 4065 1753 4140 addita,supra
1774 4084 1867 4124 me
1883 4069 2008 4140 jam

359 4173 607 4213 monere
646 4155 916 4212 memini.
942 4156 1120 4211 Hann.

713 4316 940 4388 Scripta
996 4315 1288 4371 Clementis
1344 4314 1652 4386 deperdita.

431 4446 483 4500 1.
515 4447 941 4514 Hypotyposeon
998 4441 1109 4512 (32)
1168 4438 1288 4494 sive
1347 4438 1905 4510 compendiosarum
1952 4441 2009 4497 S.

356 4531 673 4600 Scripturae
714 4530 1158 4585 enarrationum
1188 4527 1323 4583 libri
1353 4528 1499 4582 VIII.
1535 4543 1605 4581 ex
1634 4526 1848 4598 quibus
1904 4544 2006 4599 pe-

2126 1924 2398 1993 doctrina,
2430 1933 2492 1981 ut
2540 1929 2634 1984 ille
2685 1928 2827 1984 alter
2879 1926 3042 2004 λόγος
3098 1934 3472 2004 στρωματεῖος
3503 1948 3601 1987 nos
3631 1948 3781 1987 crea-

2124 2020 2227 2069 ret.
2260 2015 2367 2070 Sed
2394 2032 2465 2070 an
2496 2017 2590 2072 ille
2647 2021 3063 2089 antiquissimus
3104 2026 3155 2074 et
3185 2020 3584 2075 eruditissimus
3612 2022 3779 2075 Pater

2124 2103 2232 2157 tale
2261 2104 2479 2173 aliquid
2505 2106 2759 2163 retulerit
2787 2110 2847 2162 in
2880 2109 3378 2179 Hypotyposibus,
3411 2115 3527 2163 tum
3555 2110 3775 2164 tandem

2123 2190 2638 2260 intelligemus,cum
2691 2196 2881 2250 Patres
2931 2197 3216 2251 Societatis
3265 2212 3376 2266 qua
3428 2212 3637 2251 summa
3653 2198 3778 2266 pol-

2124 2279 2237 2334 lent
2265 2284 2453 2349 gratia
2491 2289 2544 2336 et
2586 2283 2918 2340 auctoritate
2972 2285 3126 2355 apud
3171 2285 3498 2339 hodiernum
3522 2288 3775 2355 patriar-

2124 2368 2282 2422 cham
2312 2369 2779 2439 Alexandrinum,
2820 2372 2963 2427 illud
2990 2389 3125 2443 opus
3169 2373 3502 2429 tessellatum
3532 2377 3589 2428 in
3621 2390 3779 2429 usum

2115 2457 2401 2527 publicum
2422 2459 2673 2515 Ecclesiae
2705 2462 3144 2531 impetraverint.
3175 2463 3459 2517 Scribebat
3488 2464 3637 2518 enim
3667 2463 3776 2518 ali-

2124 2548 2349 2617 quando
2378 2549 2728 2604 doctisszmus
2788 2553 2983 2605 Fronto
3042 2550 3244 2606 litteris
3290 2552 3364 2606 ad
3414 2552 3774 2607 clarissimum

2122 2636 2397 2693 Savilium
2448 2640 2645 2707 missis,
2708 2641 2861 2711 apud
2926 2641 3085 2697 illum
3132 2640 3523 2712 patriarcham
3576 2641 3776 2698 librum

2123 2726 2267 2782 hunc
2288 2735 2524 2783 exstare.

2192 2848 2248 2898 2-
2303 2842 2649 2918 Σύγγραμμα
2709 2843 3036 2919 Κλήμεντος
3099 2850 3197 2902 τοῦ
3279 2847 3652 2922 Στρωματέως
3700 2847 3778 2913 εἷς

2120 2933 2212 2988 τὸν
2236 2935 2527 3007 προφήτην
2589 2935 2781 3008 Ἀμώς
2826 2944 3121 2994 memorat
3150 2939 3450 2995 Palladius
3493 2940 3555 2995 in
3585 2939 3774 2995 Histo-

2121 3039 2212 3077 ria
2234 3025 2526 3090 Lausiaca,
2560 3040 2690 3097 pag.
2718 3026 2818 3079 147
2846 3025 2984 3081 edit.
3015 3027 3270 3082 Meursii.

2191 3137 2244 3191 3.
2283 3133 2411 3209 Περῖ
2442 3137 2724 3210 προνοίας,
2759 3155 2829 3194 ex
2854 3156 2971 3211 quo
2995 3140 3326 3214 fragmenta
3380 3143 3534 3215 apud
3564 3143 3617 3197 S.
3655 3144 3768 3198 Ma-

2040 3222 2085 3290 C
2122 3225 2347 3280 ximum
2377 3230 2520 3281 tom.
2555 3228 2603 3280 ll
2651 3227 2823 3299 Opp.,
2856 3245 2986 3301 pag.
3022 3230 3144 3297 114,
3176 3232 3297 3300 152,
3330 3230 3593 3302 itemque
3613 3230 3775 3286 aliud

2121 3332 2191 3371 ex
2220 3332 2364 3371 mss.
2396 3318 2535 3388 Reg.
2568 3317 2724 3389 apud
2758 3319 3093 3384 Nourrium,
3128 3336 3261 3392 pag.
3298 3321 3433 3375 1336
3465 3338 3555 3391 sq.
3578 3324 3775 3390 Appa-

2118 3414 2271 3463 ratas
2322 3408 2398 3462 ad
2449 3406 2596 3462 Bibl.
2657 3411 2905 3464 Patrum.
2958 3410 3370 3483 Fragmentum
3425 3411 3657 3483 insigne
3701 3428 3771 3467 ex

2119 3496 2304 3551 Clem.
2387 3496 2707 3553 Alexandr.
2768 3497 2919 3552 libro
2977 3514 2995 3552 ι
3051 3494 3309 3571 προνοίας
3377 3502 3567 3554 exstat
3612 3501 3771 3570 apud

2120 3588 2390 3641 Anastas.
2435 3586 2720 3642 Sinaitam
2772 3592 2981 3657 quaest.
3039 3603 3183 3642 xcvu.
3216 3587 3386 3642 Fusa.
3424 3616 3479 3627 —
3508 3588 3674 3660 Frag.
3708 3590 3773 3645 in

2118 3676 2271 3729 Pott.
2307 3674 2446 3730 edit.
2480 3691 2611 3747 pag.
2648 3674 2806 3735 1016.
2856 3692 2969 3747 sq.,
3020 3705 3089 3715 —
3113 3681 3173 3731 et
3196 3676 3259 3730 in
3308 3675 3563 3748 append.
3598 3676 3767 3732 Fabr.

2118 3764 2181 3818 in
2213 3762 2352 3818 edit.
2387 3764 2626 3819 Veneta.
2659 3765 2724 3818 In
2756 3762 2885 3822 cod.
2909 3764 3474 3822 Laurent.Med.esse
3497 3770 3772 3837 excerpta

2121 3869 2192 3909 ex
2221 3853 2407 3908 Clem.
2436 3868 2713 3908 sermone
2771 3855 2847 3908 De
2896 3855 3283 3924 providentia,
3341 3870 3413 3910 ex
3445 3854 3693 3910 Bandin.
3729 3874 3769 3924 ι,

2120 3959 2253 4015 pag.
2287 3942 2412 4010 402,
2447 3958 2629 4013 supra
2645 3943 2774 4013 jam
2799 3942 3233 3999 adnotavimus.
3269 3945 3443 3999 Hann.

2193 4059 2242 4113 4.
2306 4054 2437 4130 Περὶ
2495 4053 2593 4110 τοῦ
2661 4055 2854 4132 Πάσχα
2912 4055 3270 4134 σύγγραμμα.
3325 4058 3535 4114 Euseb.
3584 4075 3658 4126 Iv,
3678 4059 3770 4129 26,

2120 4165 2194 4216 v1,
2225 4147 2292 4202 13
2325 4164 2339 4214 ;
2374 4147 2531 4203 Hier.
2564 4148 2641 4201 De
2669 4148 2842 4218 scrip.
2872 4149 3079 4216 eccles.,
3114 4166 3165 4217 ο,
3197 4150 3267 4202 38
3295 4166 3310 4218 ;
3343 4147 3651 4203 Phot.cod.
3685 4165 3769 4205 ιιι.

2120 4238 2471 4310 Fragmenta
2499 4236 2559 4290 in
2593 4234 2863 4292 Chronico
2915 4238 3102 4294 Alex”
3131 4254 3263 4311 pag.
3305 4239 3335 4290 7
3370 4236 3511 4292 edit.
3537 4237 3767 4311 Cangil.

2120 4327 2190 4380 Et
2221 4326 2282 4380 in
2334 4324 2554 4382 Petavii
2622 4327 2977 4395 Uranolagio,
3040 4342 3169 4398 pag.
3204 4327 3423 4381 214.111
3475 4326 3586 4381 hoc
3616 4326 3768 4381 libro

2120 4419 2391 4483 testatus,
2414 4413 2666 4470 Eusebio
2698 4413 2987 4480 teste,fuit
3015 4414 3311 4483 Clemens,
3337 4431 3400 4469 se
3423 4430 3457 4470 a
3486 4414 3768 4470 fratribus

2120 4503 2396 4560 adactum
2427 4503 2499 4558 ad
2534 4504 2752 4576 scripto
2787 4503 3225 4576 consignandas
3249 4498 3596 4577 παραδόσεις,
3621 4520 3769 4575 quas

357 4619 467 4673 tita
488 4587 793 4683 videntur,
811 4634 942 4687 quas
964 4618 1260 4688 hodieque
1283 4587 2007 4687 exstant,excerptaTh-eo-
2036 4587 2083 4653 D
2115 4591 2650 4688 abfntigumrébll?
2714 4592 3461 4688 Ρνθδδῖίθτξδηδοθθρθτδί·
3496 4595 3608 4688 Ρίῗν
3663 4594 3769 4688 ξλέςδ

357 4704 569 4771 doti,et
595 4700 1095 4759 Adumbrationes
1113 4704 1174 4759 in
1205 4705 1434 4775 aliquot
1452 4702 1746 4775 Epistolas
1758 4704 2009 4761 catholi-

357 4809 479 4860 cas,
511 4797 577 4846 ut
596 4790 725 4862 jam
759 4788 900 4844 dixi.
936 4792 1204 4847 Meminit
1267 4791 1482 4847 Euseb.
1516 4808 1558 4859 ι,
1593 4794 1682 4861 12,
1706 4810 1770 4861 ιι,
1806 4795 1856 4862 1,
1888 4797 1919 4848 9
1951 4800 2009 4851 et

357 4886 443 4950 15,
469 4886 527 4936 et
557 4897 634 4946 VI,
689 4879 756 4934 13
810 4883 871 4934 et
912 4878 1000 4947 14,
1042 4877 1213 4950 Hist.,
1246 4878 1482 4935 Hieron.
1544 4881 1605 4936 in
1637 4882 1920 4954 Catalogo.
1952 4900 2003 4939 c.

351 4970 442 5038 38,
466 4968 713 5023 Photius
742 4966 872 5023 cod.
901 4981 1014 5034 cu,
1046 4983 1159 5022 cn.
1191 4968 1542 5039 Fragmenta
1565 4986 1635 5025 ex
1651 4970 1772 5026 illis
1793 4977 2009 5043 printer

355 5055 677 5112 Eusebium
706 5055 854 5111 locis
883 5054 1143 5111 laudatis
1169 5055 1664 5115 ettEcumenium
1693 5060 1755 5115 in
1774 5061 2005 5133 Episto-

355 5145 446 5202 las
475 5144 667 5211 Pauli,
726 5146 977 5201 servavit
1032 5145 1347 5203 Chronicon
1404 5148 1569 5203 Alex.
1630 5166 1688 5220 p.
1719 5150 1825 5206 224
1864 5150 2005 5207 edit.

429 5404 739 5481 (31)_Levia
769 5408 1118 5481 suntﬁhquaa
1178 5405 1535 5479 conjecturas
1576 5408 1716 5465 huic
1764 5412 2011 5481 opponit

355 5475 664 5547 Nourrius,
686 5492 820 5604 ξας.
857 5475 1014 5531 1320.

427 5548 543 5604 (32)
574 5549 654 5604 De
729 5565 797 5604 oc
827 5546 1014 5603 vocab

427 5519 1132 5620 kéé)'ﬁ;’63€'v32;i'ulo,
1161 5548 1321 5620 quod
1372 5549 1610 5620 brevem
1669 5557 1727 5607 et
1774 5554 2009 5609 δυσείσ-

357 5617 700 5705 9.ιεω⁷(ειιιρθ
752 5617 1103 5705 sementi?
1159 5617 1226 5705 ἀι
1274 5619 1347 5705 ἐς
1382 5618 1439 5705 ἐγ.
1477 5621 1636 5705 τὲπφ
1657 5624 2007 5705 βυρξιιοεί-

357 5690 932 5766 ξξοιιθωίδὶεηίίίοέιῑ,
979 5690 1127 5766 dixi»
1156 5692 1231 5748 ad
1287 5693 1444 5749 Sexti
1504 5690 1782 5765 Empirici
1822 5690 2005 5749 libros

359 5763 817 5836 Hypotyposeon
844 5763 1327 5835 Pyrrhoniarum.

2117 4682 2302 4736 nolim
2333 4682 2831 4738 Conslitutionum
2874 4681 3333 4753 apostolicarum
3364 4699 3514 4753 opus
3550 4683 3769 4738 intelli-

2116 4786 2251 4843 gere
2278 4785 2413 4824 cum
2443 4769 2786 4826 doctissimo
2800 4771 3108 4843 Beveregio
3134 4788 3148 4836 ;
3173 4771 3276 4826 sed
3306 4770 3456 4826 illud
3479 4773 3675 4843 ipsum
3697 4772 3770 4828 de

2116 4859 2401 4915 Paschate
2433 4876 2603 4931 opus,
2631 4860 2694 4915 in
2729 4877 2845 4932 quo
2874 4859 3227 4915 traditiones
3258 4862 3666 4933 antiquiorum
3697 4861 3770 4917 de

2115 4948 2228 5003 hoc
2259 4954 2608 5021 argumento
2641 4942 3348 5021 exposuerat.[Fragm.in
3380 4951 3597 5005 Potter.
3623 4949 3764 5004 edit.

2116 5053 2247 5111 pag.
2282 5038 2466 5111 1017.]

2186 5154 2241 5209 5.
2302 5148 2576 5222 Διαλέξεις
2626 5149 2750 5227 περὶ
2805 5151 3080 5223 νηστιῑάς.
3141 5153 3376 5209 Hieron.
3417 5153 3495 5206 De
3536 5151 3767 5221 jejunio

2188 5412 2302 5484 (33)
2331 5413 2767 5484 Fragmentav.
2805 5409 2866 5466 in
2897 5408 3064 5484 priet.
3096 5407 3275 5480 Ittigii
3306 5406 3587 5484 adAsuum
3619 5410 3766 5483 Sup-

2117 5479 2400 5556 plement.
2436 5479 2495 5538 et
2524 5481 2665 5537 edit.
2692 5479 3152 5548 PotterTOxon.,
3182 5479 3312 5552 pag.
3353 5479 3489 5535 1014
3520 5500 3589 5552 sq
3639 5525 3676 5548 .,
3698 5479 3769 5537 et

2117 5571 2248 5609 pag.
2283 5555 2444 5609 1023.
2477 5584 2547 5594 —
2602 5554 2899 5609 Iacturam
2930 5554 3357 5609 Hunotunoseon
3389 5552 3558 5609 valde
3594 5500 3769 5609 ίδοιοὶ

2159 5555 2444 5627 ag._1023.
2477 5584 2547 5594 —
2602 5554 2899 5627 Iacturam
2930 5554 3357 5627 Hypotyposeon
3389 5552 3558 5610 valde
3607 5552 3770 5627 dolet

2114 5573 2248 5681 ξος.
2283 5573 2444 5610 ww.
2477 5584 2547 5594 —
2602 5573 2899 5609 Jacmram
2930 5573 3357 5622 nyposyposeon
3390 5573 3558 5610 value
3607 5573 3763 5609 αοιει

2156 5625 2364 5697 emler,
2416 5624 2455 5680 1.
2516 5641 2593 5693 c.,
2652 5625 2773 5681 155.
2833 5622 3017 5697 (ἶοιιῖ.⁸
3053 5623 3139 5678 lo.
3228 5625 3435 5681 Franc.
3502 5624 3763 5697 ,Buddei,

2113 5693 2358 5766 Isagoge'
2384 5697 2458 5752 ad
2510 5697 2822 5752 universam
2870 5693 3229 5765 theologiam,
3260 5712 3393 5769 pag.
3425 5696 3550 5753 345.
3587 5697 3762 5753 Ηλιιι..
