4064 6204
303 327 357 378 ὅ
706 366 720 378 .
1370 317 1665 374 ΝΟΤῙΤΙΔ
1702 317 2565 375 ΗΙΒΤΟΒῘΟΟοΙιῐΤΤΒΒΔΒΙΔ.
3599 320 3670 376 26

289 447 600 515 (Ιιέςιέρριαιίυ,
655 442 833 514 quasi
883 441 1126 516 legisset
1177 437 1434 513 διάλεξις,
1478 458 1597 496 non
1629 436 1914 510 διαλέξεις.

2051 442 2323 512 illcgorice
2387 445 2836 515 interpretandis,
2903 445 3117 500 Strom.
3192 461 3267 513 γι,
3336 461 3464 517 pag.
3521 443 3670 498 580:

287 535 439 608 Apud
468 534 747 588 Photium
780 538 1014 587 tantum
1043 537 1133 587 est
1162 529 1291 603 Περὶ
1324 529 1594 599 νηστείας.

358 648 404 696 6.
433 639 539 712 Περῖ
571 635 944 699 καταλαλίας.
977 639 1214 694 Hieron.
1249 640 1324 692 De
1340 639 1756 703 obtrectatione,
1791 637 1926 690 liber

301 747 434 786 unus.
460 729 618 784 Phot.
657 726 798 800 Περὶ
845 723 1204 799 κακολογίας.
1256 723 1406 795 [Vid.
1440 724 1646 797 fragm.
1682 724 1741 779 in
1772 725 1925 777 Pott.

311 821 379 875 ed.
403 835 511 890 pag.
547 818 718 886 1020,
755 816 872 887 οφ]

355 928 390 975 7.
420 920 829 993 Προτρεπτικὸς
861 918 939 980 εἰς
973 919 1281 992 ὑπομονήν,
1331 917 1367 986 ἢ
1400 918 1540 990 πρὸς
1578 915 1705 980 τοὺς
1735 911 1926 972 νεωστῖ

289 1006 754 1086 βεϐαπτισμένους.
790 1009 1008 1064 Euseb.
1044 1025 1115 1076 Vl,
1151 1011 1239 1077 13,
1269 1011 1480 1063 Histor.

339 1120 386 1171 8.
435 1115 621 1170 Κανὼν
713 1113 1199 1183 ἐκκλησιαστικὸς,
1273 1113 1308 1182 ἢ
1389 1114 1525 1189 πρὸς
1595 1112 1724 1174 τοὺς
1798 1110 1929 1169 Ἰού’

280 1204 552 1274 δαίζοντας.
600 1206 854 1261 Hieron.
943 1208 1017 1260 De
1083 1206 1386 1260 canonibus
1443 1204 1816 1259 ecclesiasticis
1877 1211 1926 1258 et

275 1297 509 1350 adversus
537 1311 627 1349 eos
658 1297 766 1364 qui
796 1295 1115 1349 Iudaeorum
1161 1300 1468 1364 sequuntur
1497 1310 1754 1359 errorem,
1791 1293 1927 1347 liber

278 1404 402 1440 unus
425 1429 438 1452 ,
495 1403 656 1456 quem
710 1387 949 1456 proprie
1007 1384 1331 1438 Alexandro
1357 1429 1369 1449 ,
1427 1384 1925 1451 Hierosolymorum

281 1475 536 1544 episcopo,
593 1471 1039 1548 προσεφώνησε.
1098 1473 1406 1527 Canonum
1462 1471 1924 1544 apostolicorum

284 1562 698 1625 collectionem,
739 1577 874 1631 qua;
909 1560 1083 1616 hodie
1117 1567 1329 1626 exstat,
1371 1577 1478 1632 per
1505 1561 1615 1615 hoc
1659 1576 1807 1631 opus
1851 1558 1923 1613 ab

284 1651 523 1706 Eusebio
552 1656 610 1705 et
628 1651 994 1721 Hieronymo
1026 1650 1218 1717 innui,
1247 1667 1367 1705 non
1389 1649 1923 1704 crediderim.Sane

291 1740 538 1807 Photius,
569 1740 662 1810 qui
696 1756 840 1794 mox
871 1739 1055 1794 lectos
1085 1755 1119 1794 a
1141 1755 1203 1794 se
1233 1756 1491 1794 canones
1517 1738 1922 1810 apostolorum

2032 528 2482 606 Ἀλληγορεῖσθαι
2542 531 2598 586 δὲ
2653 553 2769 586 νινα
2826 529 2885 586 ἐκ
2937 531 3144 586 τούτων
3197 535 3304 586 τῶν
3359 531 3667 604 ὀνομάτων,

2031 620 2345 695 ὁσιώτερον,
2396 619 2427 676 ἃ
2474 618 2542 689 δὴ
2591 619 2680 676 καὶ
2732 621 3020 696 προϊόντος
3077 625 3173 675 τοῦ
3215 619 3547 696 λόγουκατά
3577 620 3667 674 τὸν

2032 708 2230 764 οἰκεῖον
2264 711 2449 785 καιρὸν
2484 707 2786 785 διασαφήσο
2796 730 2905 782 μεν.

2104 820 2175 874 De
2204 821 2434 890 angelis.
2465 822 2676 875 Strom.
2709 837 2784 889 γι,
2816 834 2952 890 pag.
3009 816 3105 872 631
3139 833 3153 871 :
3211 813 3391 870 Ἀλλὰ
3419 815 3544 891 περὶ
3579 815 3673 886 μὶν

2031 906 2236 962 τούτων
2299 907 2351 963 ἄν
2405 908 2482 980 τῷ
2544 907 2672 983 Περὶ
2731 903 2982 982 ἀγγέλων
3031 903 3182 979 λόγῳ
3237 902 3537 979 προϊούσης
3579 911 3680 974 τῆς

2030 1003 2243 1073 γραφῆς
2274 996 2411 1051 κατὰ
2438 995 2626 1070 καιρὸν
2657 991 3051 1065 διαλεξώμεθα.

2105 1104 2178 1158 De
2206 1103 2446 1157 diabolo.
2506 1103 2720 1156 Strom.
2781 1118 2855 1167 ιν,
2918 1116 3048 1172 pag.
3109 1103 3260 1154 507:
3314 1093 3490 1152 Ἀλλὰ
3539 1097 3676 1172 πρὸς

2037 1189 2133 1262 μὲν
2161 1191 2228 1245 τὰ
2278 1187 2525 1264 δόγματα
2576 1190 2753 1244 ἐκεῖνα
2811 1188 2858 1242 εἷ’
2890 1189 3401 1260 μετενσωματοῦται
3431 1187 3467 1254 ἡ
3499 1187 3678 1259 ψυχὴ,

2030 1279 2119 1332 καὶ
2151 1276 2280 1353 πδρὶ
2310 1283 2406 1334 τοῦ
2436 1273 2700 1333 διαϐόλου
2729 1277 2866 1331 κατᾶ
2893 1275 3023 1337 τοὺς
3067 1273 3304 1337 οἰκείους
3353 1273 3680 1349 λεχθήσεται

2030 1388 2118 1422 και
2127 1367 2272 1439 ρούς.

2104 1453 2234 1528 Ηερὶ
2280 1452 2534 1531 γενέσεως
2588 1455 2820 1525 κόσμου.
2885 1455 3118 1508 Strom.
3174 1471 3250 1520 v1,
3329 1468 3466 1524 pag.
3531 1455 3678 1508 698:

2031 1542 2162 1616 Περὶ
2227 1549 2328 1611 τῆς
2374 1543 2668 1617 ἀνθρώπου
2715 1540 2996 1616 γενέσεως.
3055 1543 3267 1596 Strom.
3328 1558 3409 1610 ιιι,
3463 1559 3523 1612 p.
3555 1543 3680 1596 466.

2032 1634 2179 1689 Hinc
2238 1633 2526 1688 Eusebius
2584 1633 2655 1687 De
2713 1633 3005 1698 Clemente,
3064 1647 3142 1696 γι,
3199 1631 3286 1699 13,
3333 1632 3472 1684 Hist.
3532 1633 3681 1682 Ύπι-

2032 1727 2273 1796 σχνεῑται
2334 1717 2379 1775 δ’
2434 1719 2486 1775 ἐν
2536 1718 2722 1784 αὐτοῖς
2776 1719 2866 1774 καὶ
2923 1718 2998 1781 εἰς
3044 1720 3143 1788 τήν
3188 1719 3392 1794 γένεσιν
3432 1717 3681 1790 ὑπομνη-

288 1829 402 1883 cod.
436 1845 538 1883 cm
592 1833 1048 1884 commemorat.
1109 1828 1450 1896 Clementis,
1509 1828 1777 1897 Romani,
1811 1827 1919 1882 sub

2051 1815 2334 1873 ιατιεῖσθαι
2344 1850 2358 1864 .

285 1918 525 1982 nomine,
550 1918 712 1972 inter
729 1934 819 1983 ea,
846 1934 976 1988 qua;
999 1933 1032 1971 a
1051 1917 1352 1972 Clemente
1376 1917 1538 1972 Alex.
1563 1917 1781 1988 scripta
1801 1933 1920 1971 non

287 2007 404 2077 ipse
449 2007 602 2077 legit,
637 2006 748 2061 sed
779 2006 1095 2061 memorari
1124 2011 1355 2060 tantum
1386 2005 1458 2060 ab
1486 2005 1619 2060 aliis
1650 2005 1925 2059 meminit

288 2095 404 2149 cod.
461 2112 566 2162 CXI,
636 2095 872 2150 refert:
950 2093 1077 2165 Περὶ
1141 2093 1378 2148 κανόνων
1453 2091 1919 2162 ἰκκλησιαστικῶν

282 2187 408 2239 κάτᾶ
499 2190 606 2239 τῶν
716 2182 1165 2239 ἀκολουθούντων
1261 2187 1329 2256 τῇ
1431 2188 1537 2238 τῶν
1639 2181 1920 2240 Ἰουδαίων

284 2272 466 2349 πλάνῃ.
508 2280 703 2348 Atque
738 2276 937 2343 unius,
970 2292 1090 2330 non
1114 2275 1367 2330 duorum
1389 2277 1741 2348 scriptorum
1766 2275 1924 2330 hunc

287 2384 398 2421 esse
417 2367 677 2430 titulum,
703 2365 993 2420 Eusebius
1010 2371 1068 2419 et
1083 2365 1319 2420 Hieron.
1345 2365 1614 2420 dubitare
1637 2381 1745 2420 nos
1767 2363 1924 2419 haud

289 2457 486 2509 sinunt.
519 2455 946 2526 Fragmentum
980 2453 1302 2508 Clementis
1359 2451 1454 2508 Ἐκ
1499 2457 1596 2506 τοῦ
1625 2452 1764 2506 κατὰ
1789 2457 1921 2506 Ἰου-

291 2541 561 2611 δαίζόντων
593 2548 895 2599 servatum
943 2543 1003 2597 in
1055 2543 1366 2614 Nicephori
1417 2543 1578 2598 CPoI.
1626 2544 1926 2598 Antirrhe-

295 2636 404 2686 ticis
430 2649 568 2688 mss.
605 2634 811 2687 Graace
834 2637 893 2686 et
923 2631 1125 2686 Latine
1157 2631 1346 2686 edidit
1374 2631 1656 2687 Nourrius
1686 2632 1924 2703 ρ.1334,

300 2725 548 2790 Apparat.
580 2724 668 2794 [et
699 2721 760 2775 in
802 2720 968 2776 Fabr.
1005 2721 1259 2792 append.
1293 2721 1353 2776 in
1376 2720 1468 2776 ed.
1497 2723 1649 2777 Pott.
1687 2723 1923 2790 Veneta,

300 2811 416 2865 circ.
447 2811 589 2881 ﬁn.].

357 2918 404 2969 9.
445 2916 596 2985 Ὀροι
651 2911 932 2990 διάφοροι.
989 2917 1078 2971 lo.
1139 2916 1357 2970 Veccus
1416 2915 1490 2971 de
1546 2917 1925 2987 processione

303 3003 527 3074 Spiritus
583 3005 666 3071 S.,
702 3003 858 3075 apud
907 3002 1190 3058 Allatium
1222 3004 1284 3058 in
1341 3005 1550 3060 Graecia
1593 3004 1925 3072 orthodoxa,

307 3099 434 3146 tom.
479 3095 522 3158 Ι,
573 3111 706 3166 pag.
741 3095 883 3147 2402
943 3089 1120 3148 Ἀλλά
1148 3091 1238 3145 καὶ
1269 3090 1296 3146 ὁ
1330 3089 1566 3164 Κλήμης
1599 3091 1626 3145 ὀ
1660 3097 1930 3165 Στρωμα-

2107 1928 2186 1978 De
2215 1924 2464 1978 Ecclesia?
2520 1923 2737 1976 unitate
2795 1928 2847 1974 et
2904 1922 3246 1986 excellentia,
3317 1922 3530 1975 Strom.
3588 1936 3679 1986 vn,

2033 2029 2162 2084 pag.
2209 2012 2361 2065 765:
2424 2007 2599 2063 Ἀλλᾶ
2623 2006 2712 2062 καὶ
2755 2010 2791 2077 ἡ
2835 2006 3001 2082 ἔξυχὴ
3057 2015 3158 2076 τῆς
3188 2005 3520 2076 Ἐκκλησίας
3552 2007 3680 2060 καθ-

2031 2101 2164 2171 άπερ
2237 2101 2272 2168 ἡ
2341 2097 2488 2174 ἀρχὴ
2564 2097 2664 2168 τῆς
2737 2095 3039 2155 συστάσεως
3098 2097 3233 2151 κατὰ
3308 2097 3408 2164 τὴν
3473 2092 3683 2168 μονάδα

2032 2187 2195 2258 ἐστὶν,
2254 2185 2427 2242 πάντα
2491 2185 2558 2240 τὰ
2633 2183 2779 2241 ἄλλα
2852 2180 3274 2259 ὑπερϐάλλουσα
3341 2183 3431 2238 καὶ
3513 2181 3679 2256 μηδὲν

2033 2275 2236 2352 ἔχουσα
2311 2275 2504 2349 ὅμοιον
2587 2274 2621 2344 ἢ
2701 2273 2822 2329 ’ίσον
2897 2275 3083 2347 ἑαυτῇ.
3175 2274 3341 2330 Ταυτὶ
3423 2273 3516 2347 μὶν
3585 2273 3675 2327 οὖν

2034 2366 2270 2439 ὕστερον.

2107 2457 2179 2511 De
2224 2455 2423 2524 officiis
2469 2457 2865 2526 episcoporum,
2904 2455 3366 2526 presbyterorum,
3417 2454 3677 2507 diacono-

2034 2563 2155 2600 rum
2186 2554 2237 2600 et
2265 2546 2557 2600 viduarum
2596 2545 2824 2600 videtur
2871 2545 3213 2616 promittere
3246 2560 3307 2599 se
3357 2543 3472 2598 alio
3501 2559 3679 2614 opere

2035 2640 2304 2690 acturum
2337 2651 2422 2700 ιιι,
2454 2634 2560 2688 ult.
2594 2635 2912 2702 Pwdagogi,
2945 2649 3078 2705 pag.
3118 2636 3242 2687 265.

2108 2743 2180 2797 De
2213 2744 2421 2810 anima,
2457 2739 2694 2810 ὁπηνίκα
2724 2737 2782 2793 ἂν
2815 2738 2937 2815 περῖ
2970 2742 3152 2814 ψυχῆς
3187 2733 3680 2810 διαλαμϐάνωμεν,

2035 2833 2248 2887 Strom.
2283 2849 2362 2900 ιιι,
2397 2848 2526 2903 pag.
2555 2833 2678 2900 1,32.
2713 2830 2874 2886 Adde
2909 2847 2982 2900 ιν,
3016 2848 3072 2901 p.
3108 2831 3230 2884 591.
3264 2829 3518 2900 [Fragm.
3553 2828 3683 2881 Pot-

2035 2927 2143 2976 ter.
2179 2937 2307 2993 pag.
2349 2921 2530 2991 1020.]

2114 3015 2192 3066 De
2223 3012 2620 3066 resurrectione
2665 3009 2956 3078 Paedagog.
2991 3025 3048 3074 ιι,
3089 3011 3178 3077 20,
3227 3023 3356 3078 pag.
3414 3007 3512 3060 199
3547 3023 3559 3060 :
3592 3005 3681 3066 Ὠς

2037 3097 2088 3152 ἐν
2145 3103 2225 3170 τῷ
2282 3097 2411 3169 Περὶ
2472 3096 2808 3156 ἀναστάσεως
2880 3093 2969 3149 διὰ
3026 3092 3296 3148 πλειόνων
3357 3090 3681 3162 δηλωθήσε-

313 3178 426 3238 τεῦς
476 3181 521 3233 ἒν
573 3184 650 3242 οἷς
708 3181 956 3235 συνέθετο
1013 3177 1294 3255 διαφόροις
1340 3179 1490 3255 ὅροις
1543 3179 1679 3234 ὥστε
1726 3180 1925 3241 παντὸς
1955 3177 1997 3244 C
2034 3208 2120 3242 ται
2171 3194 2228 3241 et
2261 3186 2364 3241 lib.
2399 3202 2438 3253 ι,
2496 3203 2545 3240 c.
2580 3188 2634 3253 6,
2680 3202 2738 3256 p.
2787 3185 2935 3239 1042
2993 3179 3166 3237 Ἀλλᾶ
3210 3182 3310 3254 γὰρ
3341 3179 3494 3242 αὖθις
3545 3182 3682 3252 ἡμῖν

314 3261 549 3329 εὐσεϐοῦς
616 3267 889 3344 δόγμαῦος
959 3274 1323 3343 προηγεῖσθαι
1398 3268 1596 3330 αὐτοὺς
1670 3272 1749 3340 τῷ
1806 3269 1929 3343 βουο

305 3356 507 3429 λομένῳ
569 3358 864 3434 Θεολογίαν
924 3357 1210 3431 μετιέναι,
1282 3356 1600 3432 ὁριζόμενος
1649 3363 1702 3413 τί
1756 3362 1925 3412 πνεῦ-

306 3467 387 3515 μα,
455 3449 540 3501 καί
621 3448 844 3522 ὁσαχῶς
903 3445 1120 3521 λέγεται
1175 3450 1410 3518 πνεῦμα,
1468 3446 1600 3524 φησί
1632 3465 1646 3478 ·
1707 3451 1928 3520 Πνεῦμα

304 3535 387 3604 μὲν
460 3534 566 3590 ἐστι
656 3533 831 3604 λεπτὴ
917 3534 1007 3589 καὶ
1093 3532 1258 3596 ἄυλος
1341 3533 1432 3590 καὶ
1517 3535 1929 3610 ἆσχημάτ·στος

300 3620 634 3698 ἐκπορευτική
671 3623 918 3699 ὕπαρξις.
976 3627 1063 3697 [In
1099 3625 1354 3698 append.
1407 3625 1633 3684 Fabric.
1675 3627 1735 3681 in
1785 3627 1925 3682 edit.

297 3713 538 3786 Veneta]

352 3823 414 3876 10
456 3824 637 3878 Plura
659 3823 881 3894 scripta
911 3840 1017 3879 sua
1039 3824 1158 3878 sive
1186 3827 1479 3878 memorat
1502 3822 1618 3877 sive
1635 3823 1930 3894 promittit

291 3912 546 3969 Clemens
582 3915 708 3986 ipse
757 3915 892 3986 (34),
953 3919 1018 3968 ut
1071 3915 1148 3968 De
1192 3914 1509 3984 principiis,
1571 3913 1782 3967 Strom.
1845 3929 1926 3978 ιιι,

289 4017 340 4071 p.
394 4004 540 4056 4312
605 4001 784 4057 Ἀλλά
840 3999 975 4075 πρός
1034 4002 1128 4073 μὶν
1185 3999 1413 4061 τούτους
1474 3999 1928 4074 (Μαρκιωνιστάς)

293 4087 434 4142 ὁπότ’
487 4090 546 4144 ἃν
608 4091 701 4144 τὸν
761 4091 888 4165 Περὶ
947 4091 1135 4165 ἀρχῶν
1191 4084 1654 4162 διαλαμϐάνωμεν
1715 4088 1924 4163 λόγον,

289 4173 633 4252 ἀκριϐέστατα
673 4176 1067 4251 διαλεξώμεθα.
1128 4180 1323 4245 Libro,
1383 4181 1511 4244 Quis
1558 4181 1705 4234 dives
1749 4181 1927 4234 salve-

291 4272 420 4322 tur?
471 4272 496 4338 §
553 4272 646 4340 26,
705 4266 837 4341 ὅπερ
896 4267 947 4322 ἰν
998 4271 1066 4342 τῇ
1119 4268 1306 4342 ἀρχῶν
1363 4267 1450 4321 καὶ
1487 4265 1775 4342 θεολογίας
1801 4265 1926 4338 ἐξη-

284 4356 429 4428 γήσει
512 4359 818 4430 μυστήριον
900 4361 997 4411 τοῦ
1083 4361 1343 4430 Σωτῆρος
1420 4355 1651 4431 ὑπάρχει
1716 4357 1924 4428 μαθεῖν.

285 4445 489 4502 Iterum
547 4447 825 4502 meminit
878 4447 1057 4519 hujus
1121 4447 1489 4502 tractationis
1564 4463 1624 4501 ιιι
1695 4448 1925 4515 Strom.,

2036 3275 2357 3353 σαφέστερον
2427 3276 2590 3329 τοῦτο
2659 3271 2710 3327 ὲν
2763 3275 2842 3344 τῷ
2916 3269 3046 3345 Περὶ
3105 3270 3439 3332 ἀναστάσεως
3497 3265 3686 3340 δηλω-

2036 3366 2279 3436 θήσεται.

2107 3471 2178 3526 De
2225 3471 2459 3540 nuptiis,
2517 3464 2568 3521 ἐν
2626 3469 2704 3537 τῷ
2759 3468 2981 3540 γαμικῷ
3036 3459 3268 3535 διέξιμεν
3327 3461 3505 3538 λόγῳ,
3560 3467 3684 3521 Ρω-

2035 3562 2237 3630 dagog.
2283 3577 2362 3626 ιιι,
2396 3560 2448 3612 8.
2484 3575 2540 3630 p.
2574 3559 2696 3611 237.
2731 3555 2852 3612 Nisi
2882 3556 3032 3610 forte
3061 3555 3323 3627 respicit,
3347 3572 3479 3626 qua:
3503 3573 3562 3625 ιι,
3593 3557 3680 3624 10,

2034 3651 2331 3718 Pedagogi
2362 3649 2434 3702 de
2465 3647 2566 3702 illo
2597 3651 2967 3718 argumento,
2999 3650 3102 3699 aut
3130 3645 3304 3699 tertio
3343 3646 3679 3700 Stromatum

2038 3738 2336 3794 disseruit.
2369 3738 2726 3808 [Fragment.
2760 3737 2978 3789 Potter.
3010 3749 3142 3806 pag.
3177 3735 3358 3804 1022.]

2113 3851 2192 3901 De
2251 3845 2613 3910 continentia,
2665 3839 2756 3894 καὶ
2817 3843 2976 3894 τοῦτο
3035 3837 3087 3892 ἐν
3149 3841 3229 3910 τῷ
3295 3837 3420 3913 περὶ
3485 3835 3687 3912 ἐγκρα.

2033 3935 2180 3996 τείας
2212 3935 2346 4006 ἡμῖν
2397 3928 2730 4001 δεδήλωται,
2787 3930 3106 3999 Ρεεὰαρορί,
3166 3946 3230 3995 ιι,
3291 3930 3379 3998 10,
3439 3947 3498 4000 p.
3560 3931 3680 3985 193.

2036 4028 2102 4081 In
2131 4024 2339 4080 eodem
2360 4022 2510 4077 forte
2542 4017 2693 4094 λόγῳ
2725 4019 3123 4092 disputaverat
3149 4017 3222 4073 de
3253 4034 3344 4086 eo,
3377 4016 3520 4088 quid
3548 4035 3683 4073 vere

2036 4115 2112 4170 sit
2141 4120 2311 4184 turpe
2342 4117 2402 4166 et
2428 4111 2772 4175 obscenum,
2796 4107 2954 4180 quod
2983 4123 3042 4174 ιι,
3075 4110 3128 4175 6,
3163 4107 3480 4176 Pardagogi,
3500 4125 3555 4178 p.
3584 4111 3681 4162 169

2036 4207 2287 4260 testatur
2349 4217 2410 4256 se
2500 4199 2747 4254 fecisse:
2815 4193 3182 4271 Διειλήφαμεν
3261 4190 3317 4247 δὲ
3403 4194 3682 4267 βαθυτέρῳ

2037 4290 2192 4365 λόγῳ
2249 4289 2322 4350 ὡς
2380 4285 2482 4364 ἄρα
2538 4284 2661 4342 οὔτε
2718 4283 2772 4340 ἐν
2832 4284 3092 4356 ὀνόμασιν
3151 4279 3275 4336 οὐδὲ
3326 4282 3432 4353 μήν
3481 4279 3532 4333 ἐν
3562 4287 3682 4343 τοῖς

2033 4383 2496 4440 συνουσιαστικοῖς
2556 4374 2770 4450 μορίοις
2825 4373 2913 4427 καὶ
2987 4374 3056 4436 τῆ
3112 4370 3247 4422 κανὰ
3300 4368 3478 4441 γάμον
3551 4388 3684 4438 συμ-

2034 4471 2220 4541 πλοκῇ
2277 4469 2312 4536 ἠ
2368 4469 2466 4520 τοῦ
2551 4461 2720 4525 ὅντως
2780 4461 3012 4534 αἰσχροῦ
3086 4454 3429 4530 προσηγορία
3495 4455 3682 4512 τάττε-

287 4551 407 4606 pag.
437 4538 545 4590 434
583 4552 596 4590 :
654 4531 904 4590 Ἐπειδὰν
938 4531 995 4589 δὶ
1040 4534 1164 4608 περὶ
1209 4537 1316 4587 τῶν
1375 4534 1564 4609 ἀρχῶν
1623 4529 1925 4607 διαλαμϐά-

2051 4579 2140 4614 ται.
2176 4529 2418 4613 \lidetur
2448 4555 2654 4610 itidem
2682 4529 3170 4606 librum‘vtertium
3220 4548 3556 4602 Stromatum
3591 4547 3679 4602 in-

282 4643 472 4694 νωμεν,
507 4631 622 4680 etc.
661 4625 762 4679 Hic
793 4630 883 4680 est
913 4623 1143 4698 αρχικὸς
1173 4620 1363 4696 λόγος,
1396 4624 1468 4678 de
1500 4641 1618 4678 uno
1650 4626 1790 4692 Deo,
1825 4625 1925 4696 qui

286 4727 380 4781 per
408 4714 604 4786 legem
637 4719 696 4768 et
723 4714 1042 4786 prophetas
1090 4719 1267 4784 atque
1307 4713 1686 4783 Evangelium
1715 4713 1930 4785 praedi-

286 4808 460 4870 catur,
495 4819 676 4874 quem
709 4802 1024 4874 promittit,
1072 4803 1274 4857 Strom.
1335 4817 1412 4870 iv,
1445 4818 1576 4874 pag.
1631 4805 1756 4871 510,
1788 4802 1930 4857 licet

281 4889 394 4959 jam
424 4891 498 4947 de
525 4893 639 4946 hoc
692 4896 1040 4960 argumenta
1071 4890 1342 4962 quaedam
1376 4889 1620 4945 dixisset
1662 4907 1741 4958 ιιι,
1792 4907 1924 4964 pag.

286 4979 398 5046 457,
430 4997 562 5052 seq.

348 5089 420 5142 De
441 5088 764 5158 prophetia.
817 5086 1031 5143 Strom.
1064 5104 1114 5155 ν,
1175 5103 1304 5160 pag.
1365 5089 1461 5141 531
1501 5103 1515 5141 :
1548 5083 1649 5142 Καὶ
1681 5082 1762 5140 ὅτι
1794 5085 1927 5142 ποτὶ

288 5169 386 5229 ἔστι
456 5177 522 5230 τὸ
580 5176 734 5250 ἅγιον
793 5176 1035 5248 Πνεῦμα,
1112 5173 1164 5229 ἐν
1212 5179 1334 5236 τοῖς
1403 5173 1534 5249 Περὶ
1586 5174 1924 5249 προφητείας

288 5262 371 5315 κᾶν
399 5269 518 5328 τοῖς
550 5265 678 5341 Περὶ
709 5267 895 5340 ψυχῆς
954 5260 1396 5340 ἐπιδειχθήσεται
1427 5264 1586 5336 ἡμῖν.
1645 5264 1808 5320 Adde
1848 5282 1923 5332 ιν,

300 5367 418 5426 pag.
445 5356 570 5410 511.

351 5463 424 5516 De
449 5463 702 5518 membris
728 5470 780 5518 et
809 5464 1119 5533 affectibus,
1147 5462 1370 5533 quando
1404 5462 1470 5516 de
1498 5463 1610 5516 Deo
1639 5462 1924 5530 dicuntur,

2037 4663 2241 4711 nuere,
2271 4647 2331 4700 in
2365 4661 2479 4714 quo
2512 4658 2639 4713 pag.
2673 4640 2799 4708 434,
2843 4638 3062 4693 diserte
3092 4654 3104 4691 :
3159 4635 3218 4690 '0
3251 4633 3308 4691 δὲ
3335 4637 3458 4712 περὶ
3484 4633 3680 4711 ἐγκρα-

2033 4734 2176 4794 τείας
2205 4735 2340 4805 ἡμῖν
2373 4723 2712 4804 προϐαινὲτω
2745 4723 2930 4800 λόγος.

2108 4840 2379 4894 Adversus
2419 4837 2664 4904 hereses,
2720 4835 2930 4891 Strom.
2982 4852 3056 4901 ιν,
3108 4851 3238 4907 pag.
3289 4836 3413 4900 510,
3459 4831 3555 4885 ubi
3616 4849 3677 4887 se

2036 4944 2221 4985 unum
2253 4928 2438 4982 Deum
2467 4925 2748 4980 adversus
2776 4923 2908 4979 illas
2955 4923 3499 4979 demonstraturum
3545 4938 3678 4993 pro-

2035 5017 2237 5073 mittit.
2253 5016 2470 5070 Contra
2488 5012 2979 5085 philosophorum
3006 5011 3333 5067 sententias
3354 5009 3425 5064 de
3449 5024 3680 5064 summo

2034 5106 2215 5172 bono,
2273 5121 2314 5160 ιι
2371 5105 2600 5168 Strom.,
2652 5117 2783 5173 pag.
2833 5101 2956 5156 419.
3003 5101 3220 5156 Contra
3265 5099 3680 5155 heareticorum

2032 5197 2230 5270 γνῶσιν
2286 5193 2616 5266 profanam,
2668 5206 2746 5247 ru
2794 5192 2998 5256 Strom,
3045 5205 3174 5262 pag.
3208 5191 3331 5243 722.
3366 5187 3478 5243 Sed
3531 5187 3678 5241 forte

2035 5301 2157 5340 non
2187 5283 2517 5357 peculiares
2546 5280 2606 5334 hi
2635 5279 2771 5334 libri
2799 5278 3059 5344 fuerunt,
3110 5294 3313 5333 verum
3343 5282 3409 5332 ut
3437 5278 3496 5331 in
3529 5277 3682 5329 Stro-

2033 5377 2193 5429 matis
2218 5371 2441 5445 passim
2482 5369 2642 5437 facit,
2694 5369 2778 5423 ita
2823 5372 2883 5422 et
2912 5367 2973 5422 in
3022 5366 3462 5437 Hypotyposibus
3494 5363 3683 5418 haere-

2036 5463 2184 5519 ticos
2213 5462 2350 5517 illos
2376 5465 2434 5516 et
2461 5457 2849 5531 philosophos
2888 5472 3228 5528 Oppugnare
3257 5454 3467 5528 potuit.

359 5710 466 5780 (34)
499 5711 708 5766 Confer
735 5712 1073 5782 Nourrium,
1107 5725 1235 5781 pag.
1274 5709 1406 5764 1337
1439 5725 1562 5778 seq.
1591 5709 1671 5780 [et
1703 5709 1960 5765 indicem
1992 5713 2350 5784 scriptorum
2380 5724 2414 5765 a
2444 5708 2626 5766 Clem.
2660 5707 2824 5762 Alex.
2858 5702 3214 5770 citatorum].
