4064 6204
354 339 430 395 ετ
1573 325 1910 391 emittitis
1947 324 2536 397 sLexalﬁﬁRINﬁS.
3687 324 3764 404 es

361 495 3754 525 h—————————-————_-—_n—_——-——.—_—_.—__

1588 687 2294 828 LECTORI
2375 708 2496 829 Si

1774 933 1898 1022 (Ed.
1934 953 2113 1008 Oxon.
2157 941 2336 1023 1712;.)

2019 1161 2088 1177 .-

426 1379 567 1434 Cum
617 1377 764 1434 mihi
789 1392 997 1448 semper
1047 1378 1107 1432 in.
1150 1375 1284 1432 votis
1330 1373 1527 1447 fuerit,
1574 1376 1758 1446 primo
1804 1380 1864 1430 ut
1914 1373 2251 1431 Christianae
2294 1376 2564 1441 Ecclesiae,
2605 1373 2804 1429 deinde
2857 1382 2917 1430 ut
2949 1375 3284 1445 Reipublic-ae
3313 1375 3605 1433 litterariae
3648 1396 3757 1451 pro

353 1465 567 1523 viribus
593 1467 958 1526 inservirent:
986 1469 1097 1521 non
1146 1480 1304 1536 posse
1333 1459 1558 1520 videbar
1586 1465 1745 1520 horas
1768 1455 1923 1529 illas,
1955 1479 2081 1534 quae
2108 1481 2233 1519 cum
2261 1482 2295 1520 a
2324 1466 2488 1535 Regii
2538 1464 2592 1519 S.
2627 1463 2914 1534 theologis?
2939 1464 3265 1535 professoris
3294 1482 3543 1531 munere,
3572 1473 3690 1524 tum
3720 1486 3760 1526 a

350 1557 598 1630 reliquis,
626 1567 751 1628 qum
782 1555 923 1611 mihi
952 1551 1297 1620 incumbunt,
1325 1558 1480 1610 curis
1524 1567 1589 1610 ac
1638 1548 1874 1624 negotiis
1921 1553 2206 1620 vttcabant,
2247 1553 2491 1624 cuipiam
2510 1555 2620 1609 alii
2647 1556 2833 1609 studio
2864 1555 2946 1609 vel
2968 1554 3280 1624 jucundius
3307 1557 3393 1610 vel
3421 1557 3621 1612 utilius
3654 1559 3770 1614 im-

347 1645 616 1718 pendore,
650 1643 815 1717 quam
848 1643 1230 1714 emendandis;
1259 1640 1627 1715 éxptteandi's,
1659 1638 1974 1716 publictque
2012 1644 2155 1713 iuris
2183 1643 2458 1716 faciendis
2491 1644 2778 1699 Clementis
2810 1643 3206 1712 Alexandrini;
3234 1647 3626 1716 antiquissimi
3657 1650 3769 1702 do-

349 1735 683 1806 ctissimique
713 1734 927 1801 Patris,
957 1729 1236 1806 vperibus,
1264 1731 1390 1804 quee
1419 1723 1736 1803 supersunt.
2529 1743 2532 1746 ·

423 1824 616 1879 Prima
645 1823 821 1893 igitur
843 1841 975 1878 cura
1024 1822 1134 1894 fuit
1159 1827 1221 1877 ut
1249 1832 1530 1878 auctorem
1573 1825 1774 1893 ipsum;
1819 1835 1990 1893 quam
2033 1821 2160 1891 ﬁeri
2216 1829 2418 1893 po'tutt,
2454 1822 2735 1893 integrum
2779 1831 2831 1876 et
2857 1823 3240 1877 emaculatum
3269 1823 3606 1879 exhiberem.
3633 1827 3752 1894 Quo

348 1913 458 1982 ﬁne
487 1929 596 1976 non
637 1914 814 1968 solum
862 1914 1151 1983 impressas
1192 1912 1399 1976 codices
1445 1914 1731 1967 universos
1755 1912 1949 1980 evolvi,
1981 1914 2040 1965 in
2071 1912 2294 1982 quibus,
2334 1913 2384 1966 si
2418 1914 2810 1968 Victorianum
2837 1920 2888 1966 et
2917 1911 3355 1982 Sylburgianum
3383 1913 3755 1987 excipiamus,

349 2000 494 2058 nihil
523 2005 646 2072 fere
673 2005 924 2059 accurati
950 2011 1070 2067 est;
1103 2001 1196 2079 sed
1224 2002 1394 2057 etiam
1425 2001 1820 2070 manuscripta,
1854 2009 2186 2071 quaecunque
2216 2003 2458 2071 reperire
2499 2002 2684 2072 potui,
2733 2001 3082 2070 exemplaria
3111 2000 3409 2070 diligenter
3445 2003 3675 2073 perlegi,-
3703 2007 3760 2058 et

345 2093 583 2163 perlecta
637 2107 761 2148 cum
809 2093 972 2148 editis
1021 2092 1246 2147 contuli.
1280 2093 1450 2146 Porro
1498 2090 1979 2146 Cohortationem
2027 2090 2100 2144 ad
2139 2091 2369 2144 (h'aecos
2419 2089 2877 2161 nianuscriplam,
2907 2095 3022 2144 una
3049 2101 3174 2145 cum
3204 2091 3415 2146 duobus
3442 2093 3754 2164 Pasdag'ogi

349 2181 505 2235 libris
533 2181 944 2250 posterioribus,
975 2181 1396 2250 earumdemque
1423 2180 1711 2234 nonnullis
1758 2179 2111 2250 fragmentis,
2154 2179 2526 2249 suppeditavit
2552 2177 2694 2234 Novi
2741 2178 2892 2248 apud
2937 2178 3242 2234 Oxon‘iense
3291 2178 3515 2249 Collegit
3559 2179 3762 2236 biblio-

347 2269 523 2324 theca.
572 2268 755 2324 Trium
797 2270 1102 2342 Paedagogi
1155 2268 1424 2324 librorum
1469 2268 1709 2323 codicem
1747 2285 1924 2323 unum
1969 2266 2210 2332 Bodleii,
2237 2276 2286 2323 et
2309 2265 2441 2322 huic
2468 2269 2529 2322 in
2559 2269 2814 2322 omnibus
2840 2270 2957 2337 fere
2985 2267 3307 2323 concordem
3337 2267 3585 2323 alterum
3608 2285 3767 2340 prae-

349 2359 466 2414 buit
509 2359 892 2425 augustissimi
931 2360 1072 2427 regis
1119 2356 1297 2412 nostri
1343 2357 1701 2412 Bibliotheca.
1754 2355 1844 2410 Ad
1898 2358 2141 2427 insignes
2189 2357 2318 2410 illas
2365 2355 2664 2411 Clementis
2690 2358 2875 2412 nostri
2901 2356 3190 2428 periochtts
3216 2356 3481 2427 pristinae
3528 2352 3768 2414 sanitati

350 2445 740 2512 restituendas,
773 2462 907 2518 quas
937 2447 1089 2516 operi
1132 2448 1211 2501 De
1243 2445 1674 2518 praeparatione
1710 2445 2048 2516 evangelica
2079 2444 2314 2499 inseruit
2363 2444 2648 2512 Eusebius,
2702 2461 2814 2499 non
2864 2446 2976 2500 leve
3021 2445 3406 2516 adjumentum
3453 2448 3760 2502 attulerunt

350 2535 482 2588 libri
513 2535 630 2605 ejus
663 2535 942 2605 impressi,
976 2538 1520 2606 manuscriptumque
1568 2536 1872 2606 exemplar,
1913 2535 2054 2606 quod
2083 2535 2229 2606 apud
2260 2551 2354 2589 nos
2383 2534 2443 2588 in
2476 2535 2712 2604 Collegio
2743 2536 2804 2588 D.
2840 2536 3067 2590 Joannis
3110 2538 3370 2606 Baptistae
3417 2541 3756 2590 asservatur'.

356 2624 600 2678 Veterum
638 2624 1040 2694 exemplarium
1087 2627 1293 2696 inopiae
1337 2626 1638 2680 remedium
1686 2641 1799 2680 non
1846 2640 1972 2679 raro
2021 2625 2335 2680 attulerunt
2383 2626 2738 2695 antiquorum
2767 2625 3102 2692 seriptorunt
3134 2623 3284 2691 libri,
3318 2624 3568 2680 Platonis
3615 2635 3756 2694 prae-

345 2715 542 2767 sertim
570 2730 633 2791 ac
662 2714 917 2769 Philonis
943 2715 1142 2784 Judaei,
1187 2731 1216 2770 e
1262 2731 1492 2785 quorum
1535 2714 1827 2784 posteriori
1883 2731 1993 2768 non
2043 2717 2228 2769 breves
2275 2719 2496 2769 tantum
2531 2717 2850 2779 sententias,
2881 2713 2973 2768 sed
3000 2715 3248 2782 integras
3279 2714 3449 2769 etiam
3494 2717 3753 2785 paginas,

342 2803 631 2858 nonnullis
658 2803 902 2872 omissis,
925 2804 1056 2860 aliis
1085 2807 1324 2860 mutatis
1350 2805 1435 2859 vel
1467 2804 1526 2858 in
1557 2807 1826 2876 epitomen
1861 2803 2121 2870 redactis,
2154 2808 2318 2871 prout
2349 2804 2595 2858 instituto
2641 2818 2736 2856 suo
2767 2805 2966 2872 Optime
2992 2805 3372 2870 conveniebat,
3405 2803 3571 2873 idque
3593 2805 3766 2860 celato

347 2907 753 2963 nonnunquam
780 2895 1024 2948 auctoris
1055 2896 1298 2961 nomine,
1334 2895 1392 2948 in
1423 2889 1774 2966 Στρωματεῖς
1808 2909 1932 2946 suos
1965 2891 2206 2948 Clemens
2236 2893 2540 2964 transtulit.
2575 2891 2866 2961 Scriptum
2894 2892 3256 2946 Stromatum
3295 2894 3579 2963 exemplar
3621 2894 3757 2946 nut-

355 2979 466 3034 lum
497 2980 674 3054 oculis
703 2984 839 3037 meis
855 2983 1198 3054 perlustrare
1229 2965 1508 3038 hactenui
1525 2984 1704 3037 licuit.
1740 2965 1942 3036 i/erum
1971 2981 2070 3037 hoc
2099 2997 2204 3044 me,
2229 2997 2348 3036 cum
2382 2981 2712 3050 infortunio,
2747 2989 2864 3034 tum
2890 2996 3056 3035 onere
3083 2982 3281 3036 levavit
3308 2981 3398 3036 vir
3415 2983 3756 3036 clarissimus

357 3071 665 3125 Bernartius
691 3061 1158 3143 Honteﬂtlconius,
1210 3072 1308 3144 qui
1352 3088 1451 3145 pro
1498 3075 1789 3138 acerrimo,
1841 3087 1944 3142 quo
1973 3087 2190 3142 semper
2217 3070 2394 3135 ardet,
2429 3070 2785 3125 humaniores
2817 3070 3034 3125 litteras
3061 3070 3419 3140 promovendi
3441 3070 3618 3125 studio
3663 3087 3763 3124 va.-

352 3161 559 3215 riantes
595 3159 851 3238 lectiones
907 3179 1016 3217 non
1063 3163 1240 3238 solum
1281 3179 1351 3217 ex
1399 3148 1778 3227 Ottoboniano,
1828 3163 1927 3232 qui
1973 3177 2161 3216 eorum
2213 3161 2528 3230 prolixiora
2575 3158 2828 3229 quantum
2850 3159 3189 3230 fragmenta,
3220 3160 3311 3215 sed
3340 3177 3409 3214 ea:
3445 3159 3764 3214 Parisiensi

347 3248 518 3304 etiam
544 3251 749 3316 codice,
790 3253 884 3322 qui
914 3253 1186 3320 integrum
1219 3253 1578 3305 Stromatum
1608 3267 1740 3320 Opus
1768 3248 2169 3320 complectitur,
2201 3258 2463 3305 accurate
2491 3248 2788 3319 descriptas
2835 3245 2910 3302 ad
2937 3265 3024 3302 me
3055 3250 3371 3303 transmisit
3395 3265 3416 3309 ,'
3449 3265 3605 3319 quas,
3637 3266 3765 3303 cum

340 3336 511 3410 paulo
545 3340 722 3392 serius
754 3339 992 3395 advecta:
1022 3355 1126 3393 non
1160 3344 1329 3393 antea
1363 3340 1440 3393 ad
1461 3356 1653 3392 manus
1685 3354 1835 3392 meas
1861 3343 2247 3408 pervenerunt,
2281 3355 2445 3408 quam
2474 3339 2686 3408 priores
2715 3342 2950 3409 quatuor
2978 3337 3132 3402 libri,
3165 3354 3285 3391 eum
3317 3338 3500 3407 quinti
3532 3338 3758 3403 princi-

344 3428 455 3496 pio,
490 3443 518 3480 e
545 3427 718 3496 praete
747 3429 1074 3492 evasissent,
1109 3427 1177 3479 ad
1206 3427 1411 3481 calcem
1440 3429 1619 3496 operis
1647 3427 1816 3481 simul
1845 3417 2181 3492 exhibendas
2209 3428 2420 3481 curavi.

419 3509 473 3568 S.
507 3497 835 3590 Scripluru',
870 3513 1082 3568 necnon
1119 3511 1361 3568 alierum
1409 3508 1655 3568 veterum
1703 3507 1968 3568 librorum
2012 3515 2230 3570 vocibus
2287 3533 2321 3570 a
2371 3513 2668 3570 Clementis
2714 3517 2889 3571 nostri
2927 3513 3100 3569 verbis
3137 3509 3562 3581 distinguendis,
3618 3513 3763 3584 quod

345 3605 504 3656 nemo
533 3592 789 3656 hactenus
819 3604 952 3656 satis
984 3595 1243 3657 accurate
1266 3595 1549 3672 praestitit,
1576 3619 1686 3658 non
1708 3605 1912 3674 parvus
1959 3597 2178 3675 quidem
2211 3603 2383 3666 labor,
2418 3595 2603 3658 verum
2635 3605 2710 3670 ei,
2757 3606 2853 3674 qui
2884 3610 3170 3658 auctorem
3199 3602 3344 3657 hunc
3364 3601 3760 3671 explicandum

346 3679 662 3763 suseiperel,
698 3682 756 3745 in
784 3681 982 3760 primis
1008 3685 1368 3762 necessarius,
1421 3682 1826 3764 impendendus
1870 3689 1998 3764 fuit.
2049 3694 2308 3746 Latinam
2358 3708 2482 3746 vero
2530 3692 2857 3759 versionem,
2908 3709 3004 3747 seu
3031 3708 3228 3746 novam
3251 3693 3604 3758 concinnare,
3663 3706 3762 3745 seu

348 3787 583 3838 veterem
621 3779 929 3850 emendare,
964 3779 1199 3853 majoris
1228 3773 1410 3837 adhuc
1438 3785 1614 3853 operis
1643 3799 1726 3837 res
1748 3783 1883 3839 erat.
1917 3775 2054 3836 Nam
2088 3784 2312 3836 llerveti
2341 3780 2752 3852 interpretatio,
2801 3798 2921 3852 qua?
2953 3784 3012 3834 in
3061 3780 3347 3836 hominum
3398 3780 3652 3834 manibus
3699 3788 3763 3833 ut

347 3863 654 3941 p'lurimum
704 3863 952 3925 verSalur
1006 3879 1056 3927 et
1097 3875 1452 3941 posteriorem
1503 3871 1792 3928 Clementis
1825 3863 2142 3927 Editionuni
2174 3869 2346 3926 eomes
2371 3879 2449 3926 est
2482 3865 2794 3934 individua,
2831 3863 3011 3925 liceta
3041 3863 3213 3926 doctis
3241 3869 3470 3925 antehac
3518 3867 3655 3924 viris
3698 3869 3760 3921 in

350 3951 552 4014 melius
589 3950 733 4029 saepe
760 3959 1011 4023 mutata,-
1042 3958 1218 4016 adhuc.
1245 3965 1437 4017 tamen
1471 3961 1526 4016 in
1557 3961 1746 4015 multis
1777 3962 1841 4015 a‘b
1873 3962 2110 4015 auctoris
2140 3954 2321 4013 mente
2351 3962 2492 4014 adeo
2523 3957 2730 4026 aliena,
2764 3961 2823 4013 in
2858 3957 2987 4014 aliis
3028 3977 3224 4014 manca
3253 3967 3304 4013 et
3331 3959 3669 4026 imper/ecta,
3703 3954 3766 4009 in

345 4041 778 4118 quamplurimis
805 4037 1065 4120 ambigua
1098 4040 1146 4106 el
1175 4053 1398 4107 obscura
1429 4049 1526 4117 est,
1562 4049 1622 4106 u'l
1649 4055 1795 4118 smne
1831 4052 1887 4104 in
1920 4050 2033 4120 ipso
2067 4050 2337 4104 Clemente
2368 4042 2515 4102 nihil
2563 4049 2742 4122 magis
2773 4065 2936 4119 quam
2973 4049 3309 4103 Clementem
3340 4044 3634 4111 desideres,
3665 4058 3768 4100 nec

345 4152 473 4192 raro
506 4129 708 4192 Latina
740 4127 924 4208 potius
947 4157 981 4193 a
1011 4141 1229 4208 (ἔνδειξίς,
1259 4135 1427 4211 q'itam
1462 4141 1579 4197 haec
1609 4133 1686 4194 a’b"
1711 4135 1825 4194 illis
1848 4134 2022 4193 lucem
2055 4136 2369 4208 mpm-unt
2395 4157 2407 4204 ;
2440 4131 2489 4218 et
2521 4133 2618 4207 qui
2647 4138 2788 4191 hanc
2818 4133 3068 4218 denique,
3102 4142 3270 4208 prout
3296 4153 3384 4192 res
3411 4138 3615 4218 exigit,
3646 4151 3763 4190 cor-

344 4221 631 4295 rigendum
679 4223 1004 4296 susciperet,
1056 4225 1256 4296 Augtee
1299 4229 1468 4298 plane
1498 4225 1775 4280 stabulum
1823 4229 2060 4295 purgare
2114 4225 2406 4279 videretur.
2448 4215 2686 4280 Proinde
2733 4215 3215 4278 Cohortationem
3278 4219 3351 4278 ad
3401 4215 3632 4277 Graecos
3691 4221 3760 4275 ex

349 4314 538 4370 Grzecd
573 4314 827 4370 Latinam
860 4311 1056 4372 iterum
1083 4313 1333 4386 fecimus,
1366 4316 1437 4370 ad
1467 4309 1770 4387 Psedagogi
1805 4313 2000 4388 forsan
2031 4331 2095 4368 ac
2127 4310 2485 4369 Stromatum
2511 4312 2683 4368 etiam
2721 4311 2888 4368 libros
2916 4311 3289 4384 progressuri,
3340 4310 3460 4366 nisi
3485 4301 3616 4392 'alia
3664 4324 3762 4365 nos

348 4399 556 4473 studia,
617 4400 734 4475 quae
775 4400 986 4461 diutius
1036 4399 1405 4461 intermittere
1445 4403 1594 4458 haud
1641 4403 1820 4468 licuit,
1871 4401 1932 4458 eo
1981 4399 2203 4458 tandem
2250 4399 2660 4473 compulissent,
2711 4395 2770 4456 ut
2814 4401 2878 4457 de
2929 4395 3152 4458 IIerveto
3199 4399 3388 4473 potius
3419 4398 3487 4454 ad
3514 4397 3764 4455 Graecum

350 4491 566 4545 tectum
597 4489 1046 4550 accommodanda
1077 4487 1334 4566 deinceps
1362 4489 1766 4563 cogitaremus;
1799 4492 1914 4562 qui,
1947 4490 2108 4566 prout
2141 4508 2290 4562 nunc
2315 4481 2569 4561 apparet,
2602 4491 2826 4546 etiamsi
2853 4509 3058 4561 parum
3089 4491 3308 4560 elegans
3337 4491 3388 4545 et
3417 4486 3666 4557 ornatus,
3703 4485 3763 4540 in

353 4580 624 4649 plerisque
655 4575 858 4649 tamen,
893 4575 976 4640 ait
1002 4587 1120 4657 spes
1149 4591 1245 4653 est,
1271 4561 1620 4654 hdu'd—plan'e
1647 4561 1851 4651 ivi/idus
1881 4561 2173 4636 habebitur
2202 4570 2498 4637 Clementis
2525 4575 2813 4651 interpres.
2845 4651 2852 4658 _
3100 4655 3102 4657 ῠ

424 4661 619 4723 Graeco
665 4685 729 4722 ac
778 4671 974 4726 Latino
1017 4669 1191 4728 texta:
1241 4668 1545 4744 Sylburgii,
1579 4662 1809 4737 Heinsii,
1844 4662 2196 4740 aliorumque
2230 4671 2515 4723 doctorum
2548 4667 2794 4723 virorum
2827 4661 2994 4724 Notas
3025 4665 3417 4739 adjuuximus,
3453 4684 3586 4739 quas
3631 4665 3766 4720 libri

356 4757 588 4812 antehac
617 4755 775 4821 editi,
807 4774 930 4812 cum
959 4777 992 4813 a
1021 4778 1076 4815 se
1127 4755 1381 4824 invicem,
1428 4757 1544 4816 tum
1576 4752 1644 4814 ab
1693 4759 1806 4828 ipso
1835 4755 2003 4814 etiam
2033 4768 2249 4813 auctore
2281 4755 2522 4812 nimium
2551 4755 2784 4813 remotas
2816 4756 2874 4813 in
2907 4759 3053 4812 calce
3085 4751 3248 4812 totius
3280 4757 3461 4828 operis
3493 4749 3771 4811 exhiberi:-

353 4850 450 4912 tes,
485 4845 738 4917 ingratas
767 4847 1027 4900 studiosis”
1061 4846 1354 4903 lectoribus
1383 4857 1566 4903 moras
1596 4848 1878 4918 injieittnt.
1925 4850 2016 4903 llis
2064 4835 2208 4902 alias
2259 4841 2658 4902 im-miscuimus
2710 4865 2737 4902 e
2786 4837 3141 4920 philologicz's
3184 4845 3349 4912 huius
3397 4863 3466 4900 ac
3510 4841 3771 4915 proxime

352 4935 659 5001 superioris
681 4934 883 4989 seculi
909 4935 1270 5004 scriptoribus
1302 4943 1341 4990 ct
1371 4929 1776 5008 nobz‘sﬁietipsti
1825 4939 2066 5008 undique
2123 4935 2425 5006 excerptas.
2474 4936 2536 4990 1η
2584 4931 2840 5007 margine
2887 4931 3093 4990 codicis
3122 4935 3232 4999 sui,
3264 4934 3423 5005 quem
3451 4931 3611 5000 mihi,
3641 4930 3766 4985 cum

353 5020 426 5076 ad
446 5031 710 5092 quartum
743 5024 1102 5079 Stromb‘tum
1160 5021 1366 5080 tibr‘ttm
1412 5021 1798 5097 persenissem,
1847 5027 2086 5082 n‘iortens
2135 5029 2353 5093 legavit,
2405 5025 2682 5081 nonnulla
2711 5024 3072 5079 adnotaverut
3123 5024 3352 5078 Grabius
3384 5021 3412 5072 ὁ
3440 5015 3767 5090 patiturcf-cm.

359 5112 483 5164 Post
513 5111 735 5166 nullum
761 5123 886 5168 vero
920 5108 1063 5168 mihi
1088 5113 1474 5169 memorandus
1503 5121 1583 5170 est
1620 5107 1694 5171 ιν.
1750 5116 2044 5185 Lowth’ius,
2101 5106 2356 5170 Ecclesiae
2401 5109 2747 5169 edthed'rdlis
2801 5109 3044 5170 Winton.
3087 5108 3504 5184 praebendarius
3549 5105 3768 5175 dignis-

351 5201 525 5256 simus
553 5217 568 5256 :
601 5203 698 5272 qui
727 5198 835 5258 non
863 5208 1037 5258 solum
1065 5209 1359 5274 perpetuas
1385 5207 1500 5273 fere
1529 5206 1590 5259 in
1623 5204 1949 5260 Clementem
1981 5215 2141 5260 notas
2167 5197 2314 5259 ultro
2346 5197 2486 5259 mihi
2525 5200 2745 5272 obtulit,
2794 5196 2894 5257 sed
2939 5205 3113 5258 etiam
3160 5197 3639 5255 Co‘ho‘rtationem
3691 5194 3767 5250 ad

356 5293 608 5359 Graecos,
658 5299 708 5344 et
754 5297 872 5346 octo
934 5289 1291 5346 Stromatu'm
1341 5293 1513 5348 tibrb‘s
1553 5298 1652 5364 pre
1700 5295 1918 5348 diversa
1968 5297 2246 5360 materiae,
2302 5294 2414 5365 qua
2451 5289 2723 5359 constant,
2754 5293 2990 5360 ratione,
3023 5293 3286 5361 quatenus
3315 5285 3439 5355 ﬁeri
3467 5277 3670 5356 potuit,
3712 5285 3772 5339 in

349 5383 541 5448 capita
569 5368 803 5450 redegit.
834 5382 954 5435 Haec
983 5388 1167 5436 autem
1194 5372 1367 5453 infra,
1399 5384 1649 5453 propriis
1698 5391 1988 5439 auctarum
2033 5382 2355 5438 nominibus
2401 5382 2688 5446 distincta,
2738 5386 2791 5436 et
2835 5383 2951 5436 suis
2999 5393 3231 5451 quaeque
3284 5374 3422 5430 locis
3473 5370 3773 5444 disposild,

352 5469 718 5536 reperientur.
753 5467 902 5524 Alios
929 5473 1196 5539 praeterea
1226 5467 1420 5541 rogavi
1449 5471 1654 5526 amicos
1683 5471 1972 5542 (tectosque
1997 5473 2161 5535 viros,
2192 5467 2253 5525 ut
2301 5472 2579 5540 symbotus
2607 5467 2733 5524 satis
2761 5467 3115 5539 conferrent;
3144 5463 3424 5531 omnibus,
3458 5463 3556 5535 qui
3585 5464 3654 5518 ad
3678 5480 3777 5518 au-

350 5558 559 5610 ctorem
592 5567 839 5612 nostrum
866 5557 1258 5613 illustrandum
1287 5559 1753 5617 emendandumve
1779 5559 1993 5632 aliquid
2024 5559 2362 5628 tribuissent,
2397 5558 2631 5629 gratias,
2666 5575 2800 5630 quas
2847 5571 3083 5630 possem,
3118 5555 3408 5609 maximas
3461 5552 3775 5608 habiturus.

357 5645 547 5701 Utrum
574 5645 661 5700 his
693 5647 884 5702 usibus
916 5647 1299 5718 quadantenus
1325 5647 1603 5704 inservire
1649 5650 1914 5720 poterint,
1963 5664 2086 5719 quae
2114 5664 2211 5703 nos
2237 5665 2266 5702 e
2293 5649 2448 5702 tenui
2489 5651 2673 5702 nostro
2701 5663 2846 5719 penu
2874 5644 3338 5718 deprompsimus,
3370 5658 3563 5716 wquus
3611 5642 3781 5697 lector

351 5735 832 5804 facilejudicabit.
864 5727 989 5794 Haec
1038 5733 1200 5810 porro
1248 5738 1534 5810 exeipiunt
1587 5747 1704 5810 quae
1751 5731 1816 5795 de
1865 5729 2140 5794 Clemente
2185 5738 2408 5807 ejusque
2454 5736 2676 5809 scriptis
2721 5727 2941 5806 collegit
2984 5733 3073 5792 itr
3121 5733 3484 5791 elarisslmtis
3534 5733 3780 5788 Joannes
