4064 6204
287 377 346 430 33
1534 358 1885 414 vxrsauu
1923 355 2382 411 TESTIMONIA.
2699 325 2708 332 ”
3589 364 3659 419 34

278 485 3653 518 W

1238 654 1824 754 VETERUM
1901 648 2684 745 TESTIMONIA.

1301 1037 1583 1104 Eusebius,
1614 1033 1920 1090 Ecclesiast.
1955 1031 2162 1084 Hister.
2200 1027 2293 1081 lib.
2327 1043 2399 1094 IV,
2425 1042 2547 1095 cap,
2575 1027 2675 1082 26.

327 1155 527 1214 Τούτου
559 1152 620 1210 δὶ
650 1159 753 1208 τοῦ
785 1152 954 1228 λόγου
993 1153 1268 1226 μέμνηται
1304 1151 1540 1224 Κλήμης
1598 1151 1627 1204 6
1657 1145 1909 1218 Ἀλεξαν-

2099 1142 2282 1214 Hujus
2341 1149 2540 1198 autem
2593 1143 2728 1198 libri
2774 1145 3143 1200 mentionem
3199 1145 3342 1202 facit
3398 1148 3670 1205 Clemens

268 1243 405 1319 δρεὺς
438 1243 488 1300 ἰν
516 1241 650 1316 ἱδίῳ
685 1242 815 1314 Περὶ
837 1246 938 1296 τοῦ
970 1242 1165 1317 ΙΙάσχα
1195 1238 1373 1316 λόγῳ,
1422 1235 1479 1294 ’o'v
1515 1239 1566 1310 ἐξ
1597 1238 1772 1302 αἰτίας
1814 1244 1914 1306 τῆς

259 1337 348 1385 τοῦ
377 1331 708 1395 Μελίτωνος
753 1331 969 1408 γραιρῆς
1001 1331 1162 1409 φησὶν
1190 1330 1377 1384 ἑαυτὸν
1403 1326 1675 1399 συντάξαι.

2028 1232 2466 1289 Alexandrinus
2498 1233 2556 1287 in
2588 1250 2764 1304 opere
2797 1251 2902 1289 suo
2922 1236 3000 1290 De
3016 1236 3341 1303 Paschate;
3372 1239 3530 1308 quod
3549 1241 3675 1309 qui-

2027 1323 2162 1379 dem
2189 1327 2254 1376 ut
2284 1323 3008 1392 conscriberet,Melitonis
3040 1325 3259 1382 librum
3292 1343 3530 1383 causam
3563 1329 3672 1384 sibi

2027 1417 2352 1491 prmbuisse
2387 1422 2656 1472 testatur.

1595 1536 1764 1602 Idem,
1798 1535 1932 1590 ibid.
1965 1535 2058 1590 lib.
2088 1553 2140 1600 v,
2173 1552 2295 1606 cap.
2332 1537 2424 1591 Η.

341 1634 488 1693 Κατὰ
512 1639 708 1689 τοῦτον
739 1635 853 1707 (τὸν
909 1635 1232 1705 Πάνταινον)
1285 1639 1404 1696 ταῖς
1457 1632 1623 1694 θείαις
1681 1637 1918 1708 γραφαῖς

278 1725 703 1792 ουνασκούμενος
735 1723 821 1778 ἐπ’
852 1720 1262 1798 Ἀλεξανδρείας
1295 1721 1614 1798 ἑγνωρίζετο
1657 1721 1916 1796 Κλήμης,

283 1815 567 1886 ὁμώνυμος
613 1818 698 1885 τῷ
741 1809 915 1866 πάλαι
971 1818 1070 1880 τῆς
1102 1811 1392 1884 Ῥωμαίων
1423 1809 1749 1883 Ἐκκλησίας
1777 1814 1917 1888 ἡγη-

278 1901 484 1974 σαμένῳ
514 1905 756 1979 φοιτητῇ
781 1905 891 1955 τῶν
942 1899 1285 1956 ἀποστόλων·
1333 1899 1392 1963 ὅς
1449 1897 1516 1969 δὴ
1547 1900 1636 1954 καὶ
1659 1899 1918 1972 ὀνομαστὶ

276 1990 324 2046 ἒν
356 1993 440 2052 αἷς
491 1990 771 2059 συνέταξεν
826 1987 1285 2058 Ὑποτυπώσεσιν,
1337 1989 1412 2052 ὠς
1468 1986 1528 2042 ἂν
1588 1984 1918 2044 διδασκάλου

277 2087 369 2137 τοῦ
402 2081 706 2136 ΠανταίνΟυ
741 2082 1037 2154 μέμνηται.
1085 2084 1285 2135 Τοῦτον
1343 2076 1401 2134 δὶ
1449 2077 1610 2134 αύτὸν
1668 2079 1758 2133 καὶ
1813 2084 1921 2134 τῶν

279 2171 648 2242 Στρωματὲων
706 2169 756 2224 ἐν
821 2169 1013 2245 πρώτῃ
1064 2169 1408 2242 συγγάμμαει
1456 2167 1778 2231 αἰνίττεσθαί
1830 2189 1923 2241 μοι

280 2256 442 2324 δοκεῖ,
474 2259 563 2313 ’ὀτε
599 2257 734 2319 τοὺς
769 2255 1196 2334 ἐμφανεστὲρους
1237 2257 1306 2324 ἧς
1337 2254 1661 2332 κατείληφεν
1696 2257 1924 2310 ἀποστο-

281 2346 432 2418 λικῆς
464 2345 742 2422 διαδοχῆς
767 2346 1285 2420 ἐπισημαινόμενος,
1339 2349 1508 2400 ταῦτά
1561 2363 1746 2424 φησιν’
1781 2343 1921 2416 Ἤδη

285 2433 337 2490 δὲ
365 2436 424 2490 οὗ
453 2437 640 2512 γραφη
707 2435 782 2496 εἷς
839 2431 1089 2505 ἐπίδειξιν
1123 2436 1525 2508 τετεχνασμὲνη
1557 2432 1657 2502 ἥδε
1702 2435 1736 2503 ἡ
1796 2454 1931 2509 πρα-

282 2524 514 2598 ἑματείαο
577 2523 734 2579 ἀλλά
789 2544 880 2595 μοι
934 2524 1302 2596 ὑπομνήματα
1354 2523 1431 2585 εἷς
1467 2530 1640 2598 γῆρας
1669 2521 1932 2598 θησαυρί-

291 2621 446 2684 ζεται,
482 2614 675 2684 λήθης
706 2614 1012 2691 φάρμακον,
1073 2609 1306 2667 εἷ’δωλον
1363 2611 1607 2686 ἀτεχνῶς
1653 2612 1741 2666 καὶ
1775 2632 1930 2666 σκια-

291 2703 480 2778 γραφία
506 2707 619 2757 τῶν
656 2701 890 2776 ἐναργῶν
917 2700 1008 2756 καί
1036 2698 1300 2774 ἐμψύχων
1361 2699 1576 2755 ἐκείνων
1629 2702 1701 2754 ὧν
1760 2721 1931 2770 κατη-

298 2792 477 2862 ξιώθην
504 2792 736 2844 ἀκοῦσαι
781 2787 960 2864 λόγων
991 2809 1050 2843 τε
1095 2787 1186 2842 καί
1237 2785 1446 2864 ἀνδρῶν
1508 2789 1790 2862 μακαρίων
1843 2786 1932 2841 καὶ

291 2884 362 2950 τῷ
385 2877 494 2933 ὄντι
524 2876 864 2953 ἀξιολόγων.
894 2879 1117 2935 Τούτων
1151 2878 1180 2931 6
1232 2877 1350 2948 μὲν,
1383 2875 1472 2930 ἐπὶ
1514 2883 1615 2945 τῆς
1647 2873 1934 2948 Ἑλλάδος,

296 2969 322 3022 6
349 2969 598 3030 ἰωνίκὸς·
637 2969 669 3022 6
701 2965 778 3024 δὲ.
814 2966 903 3021 ἐπὶ
963 2973 1062 3036 τῆς
1100 2965 1340 3043 μεγάλης
1384 2953 1673 3028 Ἑλλάδος’
1704 2972 1805 3035 τῆς
1826 2966 1939 3020 κοί-

303 3056 397 3128 λης
423 3056 608 3133 ἅτερος
645 3058 826 3112 αὐτῶν
861 3056 1057 3131 Συρίας
1103 3055 1189 3123 ἦν·
1251 3056 1280 3109 6
1338 3052 1417 3126 δὲ,
1475 3055 1566 3109 ἀπ’
1630 3055 1935 3131 Αἰγύπτουο

309 3146 458 3202 ἄλλοι
491 3145 680 3219 δὶρνἁ
698 3147 797 3214 τὴν
826 3144 1146 3215 Ἀνατολής·
1179 3144 1267 3199 καὶ
1297 3144 1500 3214 ταύτης
1531 3145 1558 3198 6
1595 3145 1688 3216 μὶν
1719 3149 1942 3213 τις,τῶν

316 3235 613 3308 Ἀσσυρίων·
649 3237 677 3290 6
738 3233 818 3304 δὲ,
851 3233 904 3289 ἰν
934 3237 1002 3307 τῇ
1037 3232 1372 3308 Παλαιστίνῃ
1399 3254 1413 3302 ;
1445 3228 1701 3308 Ἑϐραῖος
1755 3232 1944 3287 ἆνὲκαο

321 3323 420 3378 θεν.
451 3324 676 3397 Ὑστάτῳ
696 3323 756 3379 δὶ
809 3321 1141 3400 περινυχών·
1176 3319 1398 3395 δυνάμει
1455 3318 1513 3376 δὲ
1570 3318 1671 3397 ἄρα
1725 3325 1944 3398 πρῶτος

311 3413 394 3479 ἦν’
417 3414 802 3487 ἀνεπαυσάμην
837 3411 887 3468 ἐν
923 3411 1181 3488 Αἰγύπτῳ
1209 3413 1450 3486 θηράσας
1473 3409 1764 3481 λεληθότα.
1788 3407 1948 3466 ἈλΛ’

313 3500 360 3554 οἷ
390 3503 502 3574 μὲν,
531 3505 637 3572 τήν
665 3502 846 3572 ἀληθῆ
906 3505 1003 3567 τῆς
1039 3501 1306 3574 μακαρίας
1363 3497 1714 3562 διδασκαλίας
1746 3499 1948 3568 σώζον⁸

309 3611 385 3652 τες
404 3591 736 3669 παράδοσιν,
789 3590 950 3652 εὐθὺς
1003 3591 1109 3645 ἀπὸ
1170 3589 1373 3665 Πέτρου
1419 3610 1478 3644 τε
1527 3589 1616 3643 καὶ
1663 3584 1950 3658 Ἰακώϐου,

309 3685 549 3743 Ἰωάννου
580 3704 644 3738 τε
673 3683 764 3737 καὶ
797 3681 1018 3739 Παύλου
1066 3685 1176 3736 τῶν
1233 3680 1402 3754 άγίων
1457 3678 1802 3750 ἀποστόλων,
1826 3685 1953 3741 παῖς

2106 1635 2380 1689 Clemens
2410 1633 2650 1705 gentilis
2679 1633 2842 1688 illius
2876 1633 3222 1705 Clementis,
3257 1636 3356 1706 qui
3382 1637 3675 1707 apostolo-

2031 1742 2163 1780 rum
2195 1725 2522 1796 discipulus
2553 1730 2700 1793 erat,
2731 1741 2798 1780 ac
2830 1727 3230 1781 Romanorum
3277 1727 3419 1782 olim
3448 1735 3682 1785 rexerat

2032 1815 2376 1884 Ecclesiam,
2411 1813 2777 1886 temporibus
2809 1815 3271 1887 Pantaeni,cujus
3291 1833 3471 1887 opera
3501 1818 3560 1872 in
3584 1836 3680 1873 sa-

2034 1903 2150 1958 cris
2183 1902 2398 1957 litteris
2429 1901 3116 1974 educatus,multumque
3148 1906 3501 1960 exercitatus
3534 1911 3681 1973 erat,

2033 1990 2406 2046 Alexandriae
2453 1990 2762 2044 hominum
2793 1990 2951 2045 fama
3007 1996 3066 2045 et
3122 1994 3684 2048 commemoratione

2033 2079 2287 2134 multum
2319 2078 2666 2133 nobilitatus
2698 2084 2785 2131 est
2813 2097 2826 2144 ;
2860 2079 2960 2148 qui
2979 2079 3294 2150 quidemin
3325 2081 3493 2136 libris
3515 2081 3682 2135 Ὑπο-

2032 2168 2326 2222 τυπώσεων
2356 2168 2427 2223 ab
2486 2169 2615 2239 ipso
2648 2169 3012 2239 compositis,
3074 2170 3428 2225 nominatim
3469 2189 3684 2243 praece-

2034 2259 2216 2331 ptoris
2249 2259 2338 2312 sui
2366 2257 2629 2312 Pantmni
2649 2257 3014 2312 mentionem
3045 2259 3393 2325 facit.Quem
3413 2262 3591 2316 etiam
3625 2263 3685 2316 in

1961 2395 2008 2458 Β
2037 2349 2228 2420 primo
2261 2348 2412 2402 libro
2462 2349 2797 2402 Stromatum
2844 2347 3076 2403 videtur
3106 2349 3395 2416 innuisse,
3429 2350 3529 2404 ubi
3560 2369 3684 2406 cer-

2039 2442 2126 2458 Δ--
2168 2437 2444 2458 .......Ι...Δ
2481 2437 2633 2458 -_2_-_
2671 2436 2985 2458 -_--A-12__
3042 2437 3284 2458 I_s1,,!__
3331 2441 3518 2458 l,,___,,,
3563 2440 3574 2449 ⁸

2039 2442 2130 2492 tos
2161 2437 2450 2506 quosdam
2481 2437 2637 2491 viros
2668 2436 2995 2508 apostolica
3024 2437 3296 2494 doctrina
3328 2441 3528 2511 (quam
3559 2440 3685 2511 ipse

2037 2526 2108 2580 ab
2136 2526 2257 2580 illis
2287 2525 2618 2597 acceperat)
2675 2541 2808 2579 cum
2863 2526 3071 2597 primis
3103 2528 3347 2583 eximios
3395 2535 3687 2597 recenset,

2038 2612 2130 2667 his
2162 2613 2356 2667 verbis
2384 2629 2397 2666 :
2422 2612 2584 2667 Istud
2615 2629 2647 2667 a
2678 2629 2771 2668 me
2823 2613 2952 2684 jam
3013 2613 3346 2670 institutum
3387 2633 3534 2686 opus
3568 2632 3686 2670 non

2039 2708 2130 2757 est
2157 2708 2316 2757 certe
2333 2719 2478 2773 opus
2508 2702 2823 2757 artificiose
2853 2702 2925 2757 ad
2957 2703 3197 2759 inanem
3231 2707 3690 2761 ostentationem

2042 2791 2430 2858 elaboratum,
2467 2790 2567 2845 sed
2627 2795 2908 2862 tanquam
2941 2795 3403 2849 commentarius
3435 2795 3508 2850 ad
3548 2795 3690 2850 obli-

2043 2881 2233 2934 vionis
2265 2881 2538 2935 morbum
2571 2880 2900 2935 curandum
2923 2881 2981 2936 in
2997 2899 3291 2938 summam
3325 2890 3690 2940 senectutem

2045 2971 2359 3042 repositus,
2420 2970 2805 3025 simulacrum
2838 2971 3012 3042 plane
3053 2979 3112 3026 et
3167 2973 3542 3030 adumbratio
3574 2992 3694 3029 non

2046 3058 2222 3114 modo
2238 3058 2494 3112 efﬁcacis
2509 3058 2670 3112 illius
2686 3059 2944 3129 etplenae
2964 3060 3174 3130 spiritu
3196 3078 3263 3116 ac
3278 3063 3394 3115 vita
3411 3063 3696 3118 doctrina)

2048 3163 2227 3217 quam
2259 3147 2404 3200 mihi
2432 3163 2778 3201 concessum
2837 3153 2927 3202 est
2982 3148 3187 3204 audire
3221 3167 3233 3212 ;
3286 3166 3486 3204 verum
3519 3152 3696 3206 etiam

2050 3237 2356 3291 beatorum
2415 3235 2748 3299 hominum,
2816 3236 2916 3306 qui
2965 3242 3104 3291 sunt
3154 3238 3422 3294 omnium
3501 3257 3703 3296 revera

2052 3323 2367 3397 praaconiis
2386 3324 2596 3378 merito
2609 3323 3236 3389 celebrandi.Quorum
3254 3343 3409 3383 unus
3431 3329 3700 3384 lconicus
3779 3337 3786 3342 ’

2054 3433 2292 3492 genere,
2327 3417 2388 3471 in
2421 3417 2643 3471 Graecia
2683 3416 2822 3470 vixit
2854 3434 2869 3484 ;
2929 3416 3080 3470 alter
3110 3435 3384 3491 magnam
3418 3422 3700 3477 Graeciam

2058 3507 2308 3563 incoluit
2339 3524 2353 3574 ;
2377 3506 2531 3560 alter
2561 3506 2622 3559 in
2648 3505 2968 3577 leesyria
2990 3513 3184 3573 natus,
3202 3508 3423 3564 ibidem
3445 3527 3700 3567 commo-

2058 3602 2222 3651 ratus
2249 3599 2340 3650 est
2372 3613 2385 3662 ;
2419 3595 2570 3650 alter
2619 3611 2688 3649 ex
2746 3596 2988 3667 Aﬁgypto
3049 3596 3336 3652 oriundus
3409 3598 3518 3653 fuit
3551 3618 3563 3665 ;
3599 3601 3699 3655 alii

2062 3683 2363 3739 Orientem
2394 3683 2664 3737 doctrina
2695 3682 3031 3755 evangelica
3051 3683 3393 3740 imbuerunt
3415 3703 3427 3739 :
3449 3703 3703 3757 quorum

307 3776 443 3848 παρᾶ
499 3772 714 3847 πατρὸς
772 3768 1144 3843 ἐκδεξάμενος
1224 3767 1408 3843 ὀλίγοι
1469 3765 1526 3823 δὲ
1577 3768 1628 3823 οἱ
1685 3768 1932 3844 πατράσιι

2061 3788 2215 3826 unus
2247 3788 2316 3825 ex
2347 3771 2602 3842 Assyriis
2634 3777 2955 3843 prognatus
2978 3778 3088 3838 est,
3121 3771 3272 3827 alius
3299 3774 3360 3828 in
3392 3774 3708 3832 Palaestina

309 3864 506 3935 ὅμοιοι·
539 3865 682 3930 ἧκον
713 3858 779 3929 δὴ
839 3860 928 3914 σὸν
979 3864 1095 3932 Θεῷ
1123 3858 1214 3912 καὶ
1273 3857 1347 3920 sic
1375 3859 1526 3930 ἡμᾶς
1553 3858 1623 3912 τὰ
1649 3859 1954 3933 προγονικὰ

311 3951 478 4007 ἐκεῖνα
499 3952 592 4007 καὶ
653 3947 994 4004 ἀποστολικὰ
1043 3947 1506 4019 κατασθησόμενοι
1539 3947 1840 4021 σπέρματα.

2062 3860 2307 3931 antiqua
2340 3860 2718 3915 Hebrazorum
2745 3861 2924 3932 stirpe
2958 3860 3171 3918 elitus.
3199 3865 3269 3917 Et
3298 3881 3432 3918 cum
3464 3865 3706 3921 demum

2063 3949 2187 4020 ipse
2221 3949 2525 4004 hominem
2571 3949 2630 4004 in
2661 3951 2902 4021 .Egypto
2949 3950 3396 4008 delitescentem
3431 3955 3710 4028 vestigas-

313 4061 453 4110 sem,
473 4045 659 4114 inque
688 4057 822 4095 eum
849 4045 1214 4112 postremum
1247 4037 1614 4103 incidissem,
1647 4037 1748 4108 qui
1779 4037 1990 4092 virtute
2023 4044 2080 4093 et
2111 4038 2382 4093 doctrina
2411 4043 2537 4094 erat
2565 4056 2627 4094 re
2665 4039 2792 4110 ipsa
2849 4041 3118 4094 omnium
3181 4041 3430 4114 primus,
3467 4045 3703 4100 tandem

314 4149 440 4187 cum
475 4132 579 4186 illo
614 4129 946 4201 conquievi.
996 4131 1185 4198 Atque
1234 4127 1330 4182 isti
1379 4143 1577 4181 veram
1639 4132 2029 4182 sacrosancta:
2083 4127 2367 4183 doctrina:
2428 4128 2834 4195 traditionom,
2891 4146 3068 4200 quam
3129 4132 3522 4188 successionis
3554 4136 3704 4188 serie

312 4222 382 4276 ab
415 4223 556 4294 ipsis
590 4236 778 4291 usque
811 4217 1032 4274 sanctis
1063 4217 1372 4288 apostolis,
1405 4219 1598 4284 Petro,
1621 4215 1860 4283 Jacobo,
1889 4218 2111 4272 Joanne
2131 4223 2188 4271 et
2212 4217 2393 4272 Paulo
2425 4217 2862 4284 deducta,velut
2893 4218 3050 4274 ﬁlius
3082 4236 3115 4274 a
3145 4226 3310 4292 patre
3341 4229 3713 4292 acceperant,

317 4310 453 4365 licet
478 4310 652 4382 pauci
675 4324 925 4364 numero
959 4305 1152 4379 (pauci
1185 4306 1343 4361 enim
1375 4311 1515 4361 sunt
1543 4305 1810 4377 patribus
1846 4305 2094 4372 similes)
2121 4306 2357 4362 assidue
2390 4307 2910 4378 conservantes,ad
2940 4313 3204 4363 nostram
3237 4313 3470 4361 aetatem
3502 4325 3710 4377 usque,

316 4400 512 4456 divina
539 4401 772 4456 favente
813 4397 1151 4464 clementia,
1184 4397 1360 4452 vitam
1393 4400 1814 4468 propagarunt,
1849 4412 1964 4466 quo
1981 4396 2226 4467 antiqua
2255 4396 2356 4453 illa
2378 4403 2435 4453 et
2457 4398 2784 4471 apostolica
2831 4397 3113 4452 doctrinm
3157 4396 3455 4466 praedicta:
3487 4397 3717 4452 semina

316 4490 374 4544 in
406 4491 626 4545 animis
648 4487 866 4544 nostris
897 4487 1249 4543 insererent.

1595 4615 1763 4682 Idem,
1797 4613 1929 4668 ibid.
1967 4613 2062 4669 lib.
2093 4631 2144 4682 ν,
2181 4633 2303 4685 cap.
2335 4615 2440 4672 28.

384 4718 485 4773 Ἢν
519 4714 570 4772 δ’
604 4714 663 4770 ἄν
694 4715 865 4790 τυχὸν
898 4715 1120 4778 πιθανὸν
1151 4714 1214 4769 τὸ
1247 4712 1563 4790 λεγόμενον,
1598 4710 1642 4766 εἰ
1705 4711 1782 4785 μὴ
1813 4714 1932 4786 πρῶ

2149 4716 2230 4768 Ac
2259 4714 2510 4769 fortasse
2543 4712 2600 4765 id
2652 4709 2808 4782 quod
2835 4709 3061 4778 dicunt,
3094 4710 3376 4766 credibile
3402 4712 3721 4784 videretur,

317 4823 402 4859 τον
448 4806 545 4878 μὲν
581 4803 905 4859 ἀντὲπιπτον
939 4803 1126 4865 αὐτοῖς
1161 4804 1214 4857 αἱ
1247 4804 1385 4857 θεῖαι
1423 4801 1647 4876 Γραφαί·
1681 4799 1772 4855 καὶ
1802 4797 1931 4855 ἀδελ

2079 4802 2194 4856 nisi
2222 4803 2308 4857 eis
2338 4801 3048 4875 refragarenturprimum
3064 4801 3305 4872 quidem
3338 4801 3548 4856 divinae
3571 4803 3726 4856 Scri-

321 4898 426 4967 95w
458 4891 516 4949 δέ
544 4915 709 4948 τινων
741 4891 852 4948 ἐστὶ
903 4891 1199 4968 γράμματα
1251 4885 1588 4968 πρεσϐύτερα
1635 4894 1744 4946 τῶν
1775 4889 1932 4946 Βίκτο

2078 4895 2264 4962 pturaa
2300 4907 2313 4958 ;
2347 4890 2560 4945 deinde
2591 4890 2838 4945 fratrum
2870 4889 3260 4961 quorumdam
3293 4889 3726 4960 scripta,Victo~

322 5001 406 5054 ρος
437 4978 721 5058 χρόνων,ἆ’
747 4980 941 5036 ὶκεῖνοι
974 4980 1110 5054 πρὸς
1137 4981 1204 5034 τὰ
1233 4976 1358 5050 ἔθνη
1394 4979 1526 5054 ὑπὲρ
1555 4985 1653 5048 τῆς
1685 4975 1932 5047 ἀληθείας

2078 4982 2160 5036 ris
2183 4987 2356 5036 (etate
2387 4982 2748 5052 antiquiora,
2783 4997 2916 5052 qua:
2949 4980 3034 5033 illi
3095 4980 3374 5034 adversus
3432 4984 3638 5052 gentes
3670 4986 3729 5035 et

322 5071 401 5125 καὶ
433 5074 574 5149 πρὸς
604 5073 700 5134 τὰς
729 5071 853 5127 τότε
900 5071 1136 5144 αἱρέσεις
1193 5067 1452 5144 ἔγραψαν.
1513 5065 1671 5142 Λέγω
1726 5065 1781 5121 δὲ
1832 5069 1932 5123 Ἰου

2078 5076 2287 5126 contra
2317 5071 2406 5126 sui
2441 5071 2724 5142 temporis
2751 5070 3062 5124 haereticos
3106 5085 3212 5139 pro
3240 5068 3503 5124 veritatis
3525 5069 3726 5125 defen-

325 5161 496 5216 πίνου
545 5161 637 5216 καὶ
697 5157 1005 5219 Μιλτιάδου
1043 5157 1134 5213 καὶ
1183 5162 1448 5214 Τατιανοῦ
1478 5156 1567 5212 καὶ
1622 5154 1932 5230 Κλήμεντος

2077 5161 2246 5217 sione
2273 5159 2959 5233 scripseruntJustinum
2985 5156 3272 5228 intelligo,
3297 5163 3354 5213 et
3375 5159 3724 5224 Miltiadem,

329 5255 407 5304 καὶ
436 5251 635 5328 ἐτέρων
663 5246 938 5306 πλειόνων
968 5249 1019 5304 ἐν
1053 5249 1133 5310 οἷς
1172 5245 1337 5303 ἅπασι
1383 5246 1725 5322 θεολογεῖται
1778 5248 1805 5301 6
1838 5251 1932 5320 Χρι

2081 5255 2138 5304 et
2157 5249 2487 5315 Tatianum,
2520 5264 2586 5302 ac
2617 5245 3006 5310 Clementem,
3067 5243 3336 5315 aliosque
3359 5243 3726 5317 quampluri-

338 5340 466 5403 πός.
1995 5350 2041 5414 ι)
2073 5357 2204 5400 mos
2233 5382 2246 5406 ,
2285 5339 2346 5392 in
2405 5352 2655 5407 quorum
2687 5333 2950 5389 omnium
3012 5331 3183 5387 libris
3213 5333 3428 5388 Christi
3457 5330 3730 5388 divinitas

2085 5428 2392 5486 astruitur.

1535 5552 1704 5618 Idem,
1735 5553 1871 5610 ibid.
1897 5553 1992 5608 lib.
2015 5572 2084 5621 v1,
2110 5572 2232 5624 cap.
2263 5550 2337 5606 l3
2360 5557 2409 5604 ct
2447 5548 2542 5602 Μ.

2168 5666 2488 5724 Clementis
2516 5679 2723 5718 omnes
2781 5666 2912 5715 octo
2963 5661 3099 5715 libri
3136 5664 3510 5734 Στρωματεῖς,
3540 5660 3596 5712 id
3649 5656 3736 5708 est

2094 5761 2246 5814 varie
2275 5755 2538 5823 contexti,
2569 5749 2724 5822 apud
2783 5766 2890 5805 nos
2935 5750 3152 5820 integri
3210 5751 3536 5807 servantur,
3587 5753 3730 5806 quos

404 5671 511 5725 Τοῦ
542 5669 596 5725 δὲ
627 5667 962 5741 Κλήμεντος
999 5672 1347 5744 Στρωματεῖς
1381 5668 1433 5722 οἱ
1463 5664 1658 5730 πάντες
1681 5667 1826 5722 ὀκτὼ
1857 5670 1981 5742 παρ’

337 5759 473 5830 ἡμῖν
503 5762 789 5830 σώζονται’
821 5756 912 5819 οὕς
942 5756 1029 5811 καὶ
1079 5753 1339 5826 τοιαύτης
1369 5754 1596 5826 ἠξίωσεν
1650 5753 1978 5832 ἐπιγραφῆςσ
