4064 6204
411 328 482 384 39
1634 317 1966 373 CLEMENS
2003 314 2594 369 ALBXANDBINUB.
3745 317 3828 371 40

405 451 782 524 complexum
801 448 1048 520 dixisse,
1078 451 1198 505 Pax
1229 446 1354 513 tibi,
1386 443 1677 513 illumque
1708 436 2039 494 osculatum
2082 453 2250 505 esse;
2312 441 2371 492 et
2426 436 2509 492 sic
2569 435 2810 491 tandem
2867 440 3187 508 utrumque
3229 437 3421 492 securi
3463 455 3823 510 percussum

404 542 584 597 vitam
606 539 962 596 deseruisse.

1610 618 1779 684 Idem,
1813 617 2065 672 Chronic.
2095 618 2324 684 Canam,
2349 631 2488 686 pag.
2514 613 2590 670 24
2602 614 2638 668 6

409 750 703 818 Clemens,
755 750 1084 804 Stromatum
1139 745 1364 808 auctor,
1406 735 1820 792 Alexandrinae
1851 733 2014 789 Eccle

2241 729 2476 818 Κλήμης
2510 733 2538 786 6
2571 730 2931 806 Στρωματεὺς
2975 726 3335 807 πρεσϐύτερος
3378 730 3827 809 Ἀλεξανδρείας,

409 839 510 895 sim
533 817 1125 912 presbyter,0ptimus
1151 826 1500 883 Christianae
1517 824 1908 897 philosophias
1931 840 2014 879 ma

2221 840 2384 882 ›ιστος
2441 817 2768 912 διδάσγαλος
2826 820 2877 874 ἐν
2935 825 3004 894 τῇ
3060 821 3195 876 κατᾶ
3237 823 3464 898 Χριστὸν
3497 822 3826 901 φιλοσοφίᾳ,

406 906 609 1001 gister,
640 906 806 979 libris
839 917 1283 976 conscribendis
1313 915 1593 972 inclaruit
1625 930 1638 981 ;
1664 918 1723 970 et
1742 916 2011 970 Pantaent

2221 912 2472 966 ιντᾶττων
2533 906 2856 983 διέλαμπεν,
2914 909 3004 965 καὶ
3049 909 3346 975 Πάνταινος
3373 910 3680 993 φιλόσοφος
3711 913 3826 969 ἀπὸ

407 996 437 1073 é
470 1016 793 1070 Stoicorum
822 1013 982 1064 secta
1010 1006 1424 1079 philosophus,
1479 1004 1541 1059 in
1589 1002 1804 1058 divinis
1843 1001 2012 1057 litteri

1677 1002 1804 1058 'inis
1843 1001 2057 1057 litteris
2169 1001 2429 1056 Στωῖγῶν
2457 997 2511 1055 ἐν
2542 1004 2620 1072 τῷ
2651 999 2776 1074 θείῳ
2801 997 2952 1075 λόγῳ
2979 996 3282 1075 διέπρεπεν.

410 1101 703 1160 excelluit.

1515 1195 1682 1260 Idem,
1716 1195 1964 1262 Prcepar.
1999 1190 2271 1261 e=vangel.,
2304 1190 2402 1246 lib.
2435 1207 2495 1258 ιι,
2528 1207 2650 1261 cap.
2682 1190 2744 1246 2.

474 1311 664 1379 Atque
693 1307 910 1362 horum
941 1287 1370 1376 turpitudinem
1395 1300 1766 1357 admirabilis
1796 1300 1896 1354 ille
1928 1298 2060 1354 Cle-

2235 1300 2409 1350 Ταῦτα
2439 1293 2497 1350 δὲ
2547 1295 2782 1369 Κλήμης
2815 1295 2843 1350 6
2897 1297 3198 1368 θαυμάσιος
3229 1295 3280 1351 ἐν
3338 1301 3418 1370 τῷ
3446 1298 3583 1374 πρὸς
3610 1299 3826 1373 Ἔλλη-

404 1413 599 1464 mens,
659 1412 728 1451 ea
785 1410 965 1466 quam
1010 1393 1084 1448 ad
1130 1393 1337 1448 Graecos
1395 1390 1596 1461 dirigit
1654 1389 2009 1444 Cohortation.

2217 1405 2259 1448 ις
2323 1387 2718 1462 Προτρεπτικῷ
2804 1380 3105 1460 διαρρήδην
3163 1382 3490 1441 ἐκκαλύπτει
3527 1433 3541 1456 ,
3599 1390 3822 1446 πάντων

405 1485 628 1541 nudam
658 1483 1045 1552 omniumque
1107 1478 1490 1551 spectandam
1520 1477 1709 1532 oculis
1756 1477 2005 1548 proponi

2221 1484 2262 1529 ιν
2297 1471 2386 1528 διὰ
2409 1475 2603 1545 πείρας
2634 1472 2804 1529 ἐλθὼν
2837 1472 3000 1546 ἀθὴρ,
3053 1473 3244 1536 θᾶττόν
3287 1494 3348 1550 γε
3399 1477 3506 1548 μὴν
3534 1484 3633 1548 τῆς
3676 1479 3826 1535 πλά-

407 1576 629 1647 quippe
659 1574 760 1644 qui
791 1588 926 1628 cum
979 1586 1190 1626 omnes
1222 1568 1460 1624 illorum
1514 1567 1899 1623 caeremonias
1951 1583 2012 1622 su

2213 1583 2263 1632 νις
2295 1561 2606 1632 ἀνανεύσας,
2637 1563 2712 1624 ὡς
2758 1561 2816 1617 ἃν
2880 1563 3012 1637 πρὸς
3067 1567 3163 1617 τοῦ
3197 1563 3470 1638 σωτηρίου
3503 1564 3693 1643 λόγου,
3724 1571 3818 1625 καὶ

405 1664 595 1735 ipsius
629 1660 995 1733 experientia
1037 1656 1393 1731 cognoverit,
1445 1661 1570 1711 tum
1628 1655 1935 1711 celerrime
1981 1671 2010 1710 a

2223 1651 2380 1720 ἆτῆς
2432 1648 2788 1727 εὖαγγελικῆς
2847 1648 3198 1714 διδασκαλίας
3248 1657 3355 1708 τῶν
3414 1656 3593 1710 κακῶν
3655 1655 3825 1714 λελυ..

405 1752 613 1808 infami
639 1767 840 1806 errore
872 1752 1052 1820 caput
1078 1746 1374 1814 extulerit,
1427 1744 1588 1800 verbi
1638 1743 1937 1811 salutaris,
2001 1762 2010 1797 ι

1036 1746 1374 1814 textulerit,
1427 1744 1588 1800 verbi
1638 1743 1937 1811 salutaris,
2001 1750 2058 1798 et
2161 1741 2459 1816 τρωμὲνος.
2506 1783 2520 1797 .
2566 1782 2580 1797 .
2627 1780 2641 1797 .

407 1839 762 1912 evangelicae
795 1837 1081 1893 doctrinae
1113 1836 1165 1890 vi
1199 1852 1271 1890 ex
1301 1839 1390 1888 tot
1435 1838 1854 1904 tantorumque
1873 1831 2061 1888 malo-

402 1947 537 1984 rum
561 1906 915 2000 contagione
956 1925 1264 1990 liberatus,
1299 1928 1411 1979 etc.
2089 1906 2137 1969 Β

1695 2021 1865 2086 Idem,
1898 2019 2034 2073 ibid.
2066 2018 2158 2075 Iib.
2195 2035 2256 2086 ιι,
2287 2035 2411 2088 cap.
2443 2017 2502 2072 ὅ.

477 2143 680 2212 Itaque
738 2139 985 2195 deorum
1035 2138 1299 2207 ipsorum
1332 2135 1509 2202 aedes,
1543 2139 1914 2190 mortuorum
1973 2151 2056 2188 se-

2241 2130 2426 2194 Ἔνθεν
2459 2129 2645 2184 αὐτοῖς
2699 2128 2788 2184 καὶ
2849 2130 2900 2184 οὶ
2927 2135 3034 2185 τῶν
3068 2133 3202 2186 Θεῶν
3251 2133 3414 2202 οἶκοι,
3443 2140 3646 2209 νεκρῶν
3682 2136 3819 2193 εἶναι

409 2230 617 2304 pulcra
639 2244 770 2284 esse
802 2226 1215 2298 perhibentur,
1250 2222 1750 2294 quemadmodum
1788 2223 2014 2277 Clemer

2219 2217 2328 2295 ἱφοι
2365 2217 2822 2292 μνημονεύονται,
2855 2219 2928 2279 ὡς
2961 2220 2989 2274 6
3020 2222 3262 2294 Κλήμης
3303 2221 3353 2276 ἐν
3385 2227 3464 2295 τῷ
3521 2225 3657 2300 πρὸς
3687 2225 3824 2283 Ἔλ-

413 2320 476 2374 in
499 2335 570 2374 ea
599 2333 779 2388 quam
837 2314 911 2370 ad
968 2315 1176 2370 Graecos
1235 2311 1444 2367 scribit
1474 2311 1854 2366 Cohortatione
1903 2327 2018 2366 corr

2220 2327 2346 2377 ηνας
2407 2311 2795 2382 Προτρεπτικῷ
2852 2307 3099 2383 ἱστορεῖ,
3155 2313 3251 2364 τοῦ
3312 2308 3483 2386 λόγου
3543 2315 3825 2390 μάρτυρας

414 2408 1069 2473 memorat,Graacorum
1091 2402 1357 2473 ipsorum
1380 2399 1724 2455 testimonia
1734 2399 2019 2470 proferen:

1777 2399 2063 2465 roferens,
2175 2396 2369 2459 αὐτοὺς
2397 2394 2678 2468 Ἕλληνας
2707 2396 3066 2474 ἐπαγόμενος.
3113 2441 3125 2455 .
3172 2443 3185 2456 .
3230 2443 3245 2458 .
3372 2404 3382 2415 ’

419 2503 529 2553 etc.

1659 2590 1830 2656 Idem,
1877 2587 2040 2656 ibid,
2075 2587 2170 2641 lib.
2205 2604 2276 2653 ιν,
2310 2603 2433 2656 cap.
2475 2587 2571 2641 46.

483 2712 619 2766 Jure
650 2723 790 2764 sane
824 2712 881 2763 et
910 2705 1120 2762 merito
1151 2705 1446 2773 Clemens,
1469 2704 1555 2759 vir
1586 2704 1760 2776 plane
1791 2705 2061 2776 singula-

2246 2699 2487 2762 Εἰκότως
2519 2697 2622 2776 ἄρα
2646 2701 2674 2755 6
2707 2699 3008 2774 θαυμάσιος
3037 2701 3280 2776 Κλήμης
3334 2704 3385 2761 ἐν
3415 2712 3494 2780 τῷ
3524 2709 3658 2784 πρὸς
3692 2709 3824 2767 Ἑλ-

412 2799 516 2865 ris,
551 2799 611 2852 in
643 2814 712 2852 ea
737 2812 916 2867 quam
965 2794 1290 2868 gentilibus
1320 2794 1622 2865 inscripsit
1654 2795 2017 2849 Cohortatiom

2220 2809 2344 2859 ηνας
2373 2793 2786 2865 Προτρεπτικῷ,
2839 2790 2972 2845 αὐτὰ
3029 2788 3096 2861 δὴ
3126 2797 3292 2848 ταῦτα
3350 2795 3825 2874 ἐπιμεμφόμενος,

412 2889 619 2944 eadem
651 2888 764 2942 ista
785 2902 1060 2957 carpens,
1091 2886 1404 2940 hominum
1454 2885 1693 2941 illorum
1736 2884 2017 2940 caacitatel

2215 2883 2354 2941 miba
2383 2887 2469 2941 καὶ
2505 2886 2662 2950 αὐτὸς
2689 2887 2788 2956 τήν
2847 2886 3061 2959 πλάνην
3119 2895 3227 2946 τῶν
3278 2891 3577 2969 ἀνθρώπων
3610 2896 3820 2954 ἀπολο-

414 2978 796 3045 lamentatur,
829 2981 940 3030 etc.

2173 2974 2418 3050 φύρεται.
2463 3019 2478 3032 .
2525 3021 2538 3034 .
2584 3019 2598 3034 .

1779 3093 1949 3160 Idem,
1983 3092 2078 3148 lib.
2113 3112 2189 3162 ιι,
2217 3112 2340 3165 cap.
2375 3094 2432 3150 6.

483 3202 673 3270 Atque
704 3199 876 3253 istius
907 3195 1378 3268 etiam(Clearchi
1397 3195 1828 3268 scil.)Clemens
1852 3204 2056 3253 noster
2085 3221 2088 3249 ι

2237 3198 2451 3254 Τούτου
2481 3198 2540 3252 δὲ
2599 3197 2925 3272 μνημονεύει
2959 3201 3051 3256 καὶ
3106 3203 3134 3256 6
3189 3203 3457 3282 ἡμέτερος
3498 3207 3732 3282 Κλήμης
3765 3211 3818 3266 ἐν

409 3288 564 3344 libro
597 3289 788 3359 primo
813 3289 1148 3342 Stromalum
1181 3285 1478 3352 meminit,
1506 3291 1616 3340 etc.

1304 3285 1478 3352 ninit,
1506 3291 1616 3340 etc.
2169 3289 2250 3357 τῷ
2280 3286 2486 3360 πρώτῳ
2519 3292 2909 3362 Στρωματεῖ...

1779 3403 1947 3469 Idem,
1981 3403 2075 3458 lib.
2117 3422 2172 3471 x,
2207 3421 2328 3475 cap.
2365 3407 2418 3462 Ι.

485 3510 556 3562 Et
585 3506 867 3577 quoniam
897 3505 1170 3561 Clemens
1201 3505 1301 3559 ille
1333 3509 1536 3560 noster
1581 3505 1709 3561 fuse
1750 3507 2068 3562 admodum

2224 3509 2308 3598 ευ
2345 3509 2437 3598 ire
2468 3507 2559 3598 οὖν
2592 3510 2860 3588 ἡμέτερος
2910 3515 3171 3586 Κλήμης.
3202 3513 3253 3570 έν
3285 3513 3426 3591 ἕκτῳ
3477 3526 3819 3598 Στρωματεῖ›

419 3598 707 3653 Stromate
723 3599 885 3650 sexto
908 3593 1372 3665 disputationem
1387 3593 1560 3650 istam
1585 3596 2024 3667 exsequitur,et«

2034 3614 2066 3653 ξ.
2175 3597 2274 3666 τὴν
2307 3596 2430 3673 περὶ
2454 3597 2650 3654 τούτου
2678 3598 2927 3656 σύστασιν
2951 3601 3028 3665 εἰς
3058 3601 3266 3668 πλάτος
3297 3593 3639 3677 άπηύθυνε...

1815 3715 1982 3782 Idem,
2015 3715 2151 3770 ibid.
2178 3731 2302 3785 cap.

495 3820 623 3874 Jam
668 3834 803 3873 vero
860 3815 1223 3872 Clementem
1272 3815 1410 3872 audi
1467 3817 1528 3872 in
1591 3819 1796 3874 eadem
1841 3837 2074 3876 mecum

2255 3826 2362 3889 Τῆς
2395 3818 2440 3875 δ’
2484 3821 2652 3892 αὐτῆς
2707 3825 2842 3896 ἡμῖν
2907 3825 3213 3892 ὑποθέσεως
3263 3829 3605 3908 ἐφαψάμενος
3656 3838 3744 3892 καὶ
3798 3841 3826 3895 ὁ

419 3908 822 3979 disputatione
852 3910 1207 3973 versantem,
1242 3910 1354 3960 etc.

2183 3909 2447 3983 Κλήμης,
2477 3908 2774 3968 ἐπάκουσον
2799 3915 2832 3966 ἃ
2850 3935 3079 3991 φησιν...

1798 4027 1968 4095 Idem,
2001 4028 2137 4084 ibid.
2184 4047 2305 4101 cap.
2346 4030 2436 4085 Η.

496 4133 789 4186 Hactenus
818 4129 1115 4185 Tatianus.
1149 4131 1273 4185 Jam
1306 4129 1379 4186 ad
1417 4129 1780 4188 Clementem
1813 4139 2073 4190 transea-

496 4237 578 4278 us.
612 4225 722 4276 etc.

2227 4136 2502 4278 λΤὸσαῦτα
2557 4136 2644 4192 καὶ
2704 4139 2742 4193 ὁ·
2799 4142 3087 4205 Τατιανός.
3143 4143 3428 4220 Μετίωμεν
3479 4145 3537 4204 δὲ
3593 4151 3684 4206 καὶ
3737 4150 3824 4209 ἐπὶ

2265 4225 2541 4278 ἤμεντα...

425 4237 578 4288 mus,
612 4225 722 4276 etc.

2181 4225 2540 4298 Κλήμεντα...

1773 4341 1943 4409 Idem,
1977 4342 2072 4395 lib.
2107 4359 2184 4409 xu,
2211 4360 2333 4413 cap.
2369 4342 2468 4398 24.

490 4448 680 4516 Atque
704 4445 995 4501 hactenus
1048 4444 1238 4511 Philo,
1301 4443 1395 4499 cui
1426 4444 1630 4500 afflnia
1683 4445 1859 4516 plane
1887 4452 1944 4500 et
1971 4463 2070 4520 ge-

2223 4451 2424 4544 ‘T-abta
2454 4449 2482 4504 6
2514 4448 2724 4506 Φίλωνο
2758 4451 2969 4544 συνᾴδει
2994 4451 3053 4510 δὲ
3076 4456 3229 4544 αὐτῷ
3257 4460 3350 4515 καὶ
3405 4463 3433 4518 6
3483 4462 3745 4540 Κλήμης,
3777 4467 3828 4524 ἐν

420 4533 587 4586 mina
615 4534 891 4589 Clemens
949 4534 1241 4590 Stromate
1286 4538 1449 4588 sexto
1508 4533 1666 4588 hunc
1711 4535 1771 4589 in
1828 4537 2025 4592 modun

1568 4550 1666 4588 mc
1711 4535 1771 4589 in
1828 4537 2072 4592 modum
2179 4539 2258 4607 τῷ
2285 4534 2429 4610 ἕκτῳ
2453 4544 2779 4613 Στρωματεῖ
2809 4539 2984 4618 λέγων
3018 4543 3173 4617 ᾧδε,.

423 4619 822 4689 persequitur,
854 4627 966 4677 etc.

1748 4742 1915 4810 Idem,
1963 4741 2058 4797 lib.
2090 4759 2210 4812 xm,
2241 4759 2363 4813 cap.
2404 4743 2498 4799 l2.

496 4859 619 4922 Quo
653 4854 863 4911 eodem
895 4853 956 4909 in
978 4872 1353 4929 genere,qua3
1385 4861 1704 4920 Clementis
1730 4867 1918 4922 nostri
1941 4883 2069 4922 sen-
2098 4871 2101 4934 ;

2249 4867 2448 4957 Ὁποῖα
2487 4864 2545 4922 δὲ
2575 4866 2664 4957 καὶ
2704 4868 2987 4957 Κλήμεντι
3046 4877 3169 4952 περὶ
3225 4885 3326 4948 τῆς
3390 4881 3558 4952 αὐτῆς
3621 4882 3830 4957 εἷ’ρηται

421 4945 612 4999 tentia
644 4944 844 5011 fuerit,
879 4960 950 4997 ex
973 4945 1360 5015 sequentibus
1380 4948 1694 5023 intelliges,
1731 4960 1842 5012 etc.

1651 4971 1694 5023 s,
1731 4960 1842 5012 etc.
2188 4951 2512 5028 ὑποθέσεως,
2545 4956 2736 5031 γνοίης
2767 4956 2826 5013 ἄν
2856 4956 2945 5014 διὰ
2975 4944 3250 5023 τούτῷν...

959 5073 1196 5143 Cyrillus
1224 5073 1536 5133 Alexandr.
1574 5089 1765 5136 contra
1792 5086 2103 5153 Iulianum,
2130 5086 2218 5140 lib.
2261 5104 2336 5154 νι,
2361 5104 2496 5157 pag.
2529 5087 2676 5156 205,
2709 5091 2840 5146 edit.
2873 5094 3076 5163 Paris.,
3114 5100 3140 5151 4
3153 5097 3294 5152 638.

494 5184 768 5242 Clemens
801 5189 963 5244 enim
994 5190 1094 5261 qui
1123 5195 1360 5246 sanctos
1391 5195 1692 5264 apostolos
1721 5197 1940 5271 ubique
1974 5219 2068 5257 se-

2249 5199 2491 5274 Κλήμης
2527 5201 2622 5291 μὲν
2671 5202 2772 5280 γὰρ
2815 5211 2935 5270 τοῖς
2987 5207 3167 5284 ἁγίοις
3205 5210 3533 5274 ἀποστόλοις
3565 5215 3828 5291 ἑπόμενος

421 5279 643 5383 quitur,
676 5279 894 5347 quique
928 5279 1193 5336 infinitas
1245 5282 1580 5339 ercorum
1640 5286 1918 5344 historias
1971 5307 2026 5346 at

949 5367 1034 5383 ..
1116 5370 1171 5383 η,
1341 5372 1374 5383 ..
1493 5371 1594 5383 ..
1696 5379 1703 5383 .

2226 5287 2754 5383 ανταχήςὶπλείστης
2781 5314 2841 5349 τε
2901 5279 3046 5367 ὅσης⁷
3087 5297 3425 5370 Ἑλληνικῆς
3476 5279 3724 5382 ’ἱστορίας
3756 5310 3831 5373 εἷς

418 5361 634 5420 diendo
659 5373 988 5439 acceperat,
1020 5367 1080 5423 in
1110 5370 1399 5425 Stromatis
1421 5371 1621 5442 refert,
1653 5379 1764 5430 etc.

2181 5361 2582 5448 dxoﬁvimcbv,
2616 5378 2669 5434 ἰν
2700 5361 2820 5445 τοῖς
2850 5361 3472 5467 Στριοματεῦσίυιρησι...

1644 5499 1815 5567 Idem,
1841 5501 2002 5568 ibid,
2035 5503 2128 5560 lib.
2155 5505 2254 5574 vix,
2280 5522 2415 5576 pag.
2447 5505 2591 5561 231.

490 5603 676 5677 Hujus
713 5607 975 5664 lllSlOI‘la}
1009 5611 1362 5666 nominatim
1406 5616 1679 5670 meminit
1708 5616 1980 5673 Clemens
2013 5620 2073 5676 in

2254 5616 2615 5714 Tatiae-idid
2648 5619 2921 5696 μέμνηται
2978 5632 3080 5696 τῆς
3129 5629 3370 5707 ἱστορίας
3414 5633 3464 5689 ἐν
3497 5642 3615 5700 τοῖς
3649 5644 3828 5714 Στρω-

415 5693 725 5766 Stromatis,
757 5698 845 5754 vir
875 5698 936 5756 in
978 5701 1188 5773 primis
1239 5701 1447 5760 doctus
1510 5709 1567 5761 et
1626 5706 1915 5778 eruditus,
1973 5728 2020 5782 ψ

2225 5713 2440 5765 ,ατεῦσιν
2474 5709 2502 5763 ὁ
2534 5693 2792 5786 Κλήμης,
2825 5713 2962 5787 ἀνὴρ
3011 5693 3322 5795 ἐλλόγιμος
3358 5693 3464 5778 *καὶ
3497 5693 3830 5800 φιλομαθὴς,
