4064 6204
236 297 300 352 lli
1531 299 1882 354 VETERUM
1916 298 2378 354 TBSTIMONIA.
3590 309 3668 363 42

233 420 326 475 καὶ
411 417 853 493 ἀναγνωσμάτων
944 415 1286 488 Ἑλληνικῶν
1343 417 1899 495 Ῐπολυπραγμονήσας

2017 421 2342 476 Graecarum
2375 421 2703 478 litterarum
2728 422 3124 496 altitudinem,
3153 433 3441 501 quantum
3473 432 3670 490 forsan

236 508 444 585 βάθος,
477 508 554 570 ὡς
588 506 768 583 ὀλίγοι
799 506 941 583 τάχα
966 529 1073 562 που
1101 512 1210 563 τῶν
1239 509 1346 582 πρὸ
1378 508 1560 564 αὐτοῦ.

2015 515 2148 565 ante
2181 509 2346 564 illum
2379 510 2573 582 pauci,
2606 519 3007 582 perscrutatus
3041 522 3149 572 est.

1509 646 1676 716 Idem,
1709 645 1868 709 ibid.,
1903 645 2000 700 lib.
2035 663 2092 715 Χ,
2122 646 2252 716 pah.
2285 646 2410 702 342.

309 749 465 820 ’Ἔφη
504 741 559 797 δὲ
593 743 683 797 καὶ
717 741 963 814 Κλήμης
1012 743 1149 818 ἀνὴρ
1201 740 1527 818 ἐλλόγιμος,
1579 741 1669 798 καὶ
1720 742 1903 816 μέντοι

241 831 340 886 καὶ
371 831 688 907 πολυῒστωρ
715 831 840 906 περί
867 852 926 886 τε
954 833 1087 886 θεῶν
1119 832 1210 886 καὶ
1242 835 1382 886 ναῶν
1407 829 1508 887 ὡδί
1537 873 1576 889 ..

2085 743 2578 800 ΟΙθωοηετειυῑθω
2615 745 2884 801 eruditus
2911 745 2999 802 vir
3028 753 3084 804 et
3110 750 3432 811 multarum
3481 755 3665 813 histo-

2011 833 2233 888 riarum
2269 833 2705 890 scientissimus
2726 833 2798 890 de
2819 834 2934 890 diis
2961 852 3028 892 ac
3049 839 3290 911 templis
3323 842 3402 897 ita
3431 860 3666 916 quoque

2007 922 2234 989 scribit,
2267 925 2378 978 etc.

840 1058 1188 1132 Epiphanius
1216 1059 1489 1116 Adversus
1518 1058 1772 1128 hereses,
1801 1058 1900 1114 lib.
1932 1075 1972 1125 ι,
2004 1063 2133 1114 tom.
2169 1057 2241 1126 II,
2267 1059 2326 1113 in
2357 1057 2830 1117 Secundianorum
2858 1060 3082 1118 haeresi.

313 1173 459 1232 Εἶτα
491 1173 544 1228 οἱ
596 1171 785 1234 καλῶς
835 1174 1296 1248 συγγραψάμενοι,
1326 1173 1414 1228 καὶ
1467 1172 1727 1242 ἀλήθειαν
1774 1170 1904 1226 τού-

247 1286 361 1319 των
393 1262 451 1318 ἐν
483 1267 603 1324 τοῖς
637 1284 785 1338 σφων
811 1263 986 1316 αὐτῶν
1021 1263 1440 1335 συγγράμμασιν
1469 1259 1723 1337 ἤλεγξαν,
1755 1263 1904 1331 Κλή-

247 1374 364 1424 μης
395 1371 479 1422 τε,
511 1351 570 1406 ὅν
603 1351 733 1428 φασί
784 1371 924 1414 τινες
981 1347 1354 1426 ’Δλεξανδρὲα,
1399 1346 1576 1426 ἕτεροι
1619 1347 1677 1405 δὲ
1725 1351 1898 1419 Ἀθη-

240 1462 308 1496 να
318 1462 421 1497 ιον.

2086 1172 2298 1228 Verum
2347 1189 2527 1244 quam
2577 1173 2701 1229 haec
2729 1192 2761 1229 a
2789 1175 3032 1231 veritate
3063 1175 3421 1234 abhorreant
3449 1182 3667 1248 omnia,

2012 1262 2226 1334 egregii
2296 1262 2535 1332 quidem
2601 1262 2916 1334 scriptores
2982 1265 3158 1321 editis
3224 1267 3511 1324 adversus
3573 1287 3672 1326 eos

2011 1350 2464 1406 Commentariis
2518 1352 3024 1422 demonstrarunt,
3055 1355 3346 1426 praecipue
3375 1373 3508 1412 vero
3537 1359 3670 1414 Cle-

2009 1455 2178 1495 mens
2236 1438 2690 1508 Alexandrinus,
2733 1457 2910 1512 quem
2955 1443 3373 1501 Atheniensem
3430 1445 3531 1504 alii
3578 1448 3669 1504 fa-

2009 1526 2191 1582 ciunt.

1081 1645 1384 1716 Dionysius
1411 1645 1763 1714 Areopagitas,
1795 1643 1892 1699 lib.
1926 1645 1998 1700 De
2027 1644 2233 1700 divinis
2253 1646 2596 1712 nominibus,
2627 1663 2746 1717 cap.
2774 1649 2828 1703 5.

338 1743 409 1847 Ξζῖ
441 1739 498 1796 δὶ
527 1743 555 1796 ὁ
587 1741 878 1847 φιλνόσοφος
917 1739 1059 1814 ἀξιοῖ
1105 1741 1368 1814 Κλήμης,
1417 1742 1508 1796 καὶ
1555 1741 1690 1815 πρὸς
1721 1741 1774 1795 τὶ
1804 1742 1907 1795 πά·
1940 1785 1988 1847 Β

259 1828 598 1906 ραδείγματα
627 1826 870 1904 λέγεσθαι
909 1830 976 1884 τὰ
1018 1829 1070 1884 ἐν
1118 1836 1234 1893 τοῖς
1279 1829 1430 1884 οὖσιν
1461 1831 1903 1905 ἀρχηγικώτερα,

255 1921 474 1995 πρόεισι
509 1920 602 1993 μὲν
636 1919 698 1973 οὗ
732 1916 823 1973 διὰ
857 1917 1057 1992 κυρίων
1112 1919 1204 1974 καὶ
1255 1915 1537 1974 παντελῶν
1568 1917 1657 1973 καὶ
1707 1915 1900 1973 ἁπλῶν

250 2010 546 2082 ὀνομάτων
581 2009 610 2063 ὁ
637 2005 805 2085 λόγος
832 2008 1002 2080 αὐτῷ.

2089 1743 2146 1797 Si
2180 1747 2372 1799 autem
2423 1743 2550 1801 vult
2597 1744 2867 1803 Clemens
2895 1745 3304 1820 philosophus,
3339 1750 3407 1804 ad
3439 1749 3661 1823 aliquid

2016 1832 2126 1886 dici
2162 1832 2518 1905 exemplaria
2561 1849 2687 1905 quae
2737 1840 2878 1891 sunt
2909 1835 2965 1891 in
3000 1840 3177 1893 rebus
3227 1837 3660 1911 principaliors,

2011 1921 2388 1993 progreditur
2437 1923 2700 1995 quidem,
2749 1941 2879 1980 cum
2934 1926 3019 1982 sic
3065 1927 3344 1998 loquitur,
3395 1944 3508 1984 non
3560 1946 3663 2002 per

2009 2009 2246 2082 propria
2270 2014 2328 2066 et
2357 2011 2635 2082 perfecta,
2667 2016 2724 2068 et
2754 2013 3048 2086 simplicia
3077 2014 3337 2073 nomina.

1301 2129 1669 2200 Hieronymus
1699 2127 1762 2183 in
1793 2127 2196 2184 Ecclesiasticis
2224 2130 2608 2201 scriptoribus.

308 2228 582 2285 Clemens
619 2227 1027 2284 Alexandrinas
1069 2226 1338 2284 Ecclesiae
1387 2228 1710 2299 presbyter,
1745 2227 1891 2283 Pan-

233 2318 400 2386 taeni,
435 2319 507 2373 de
558 2334 673 2388 quo
722 2333 902 2388 supra
947 2315 1280 2382 retulimus,
1312 2317 1570 2384 auditor,
1603 2321 1732 2386 post
1761 2317 1891 2386 ejus

238 2411 494 2461 mortem
518 2403 877 2461 Alexandriae
908 2403 1362 2460 ecclesiasticam
1388 2403 1649 2462 scholam
1680 2403 1889 2474 tonuit,

237 2503 297 2551 et
349 2494 732 2567 Κατηχήσεων
783 2495 1066 2564 magister
1102 2494 1233 2548 fuit.
1269 2494 1558 2549 Feruntur
1586 2494 1714 2564 ejus
1745 2493 1888 2548 insi-

239 2585 383 2658 gnia
401 2583 724 2652 volumina,
757 2583 1042 2654 plenaque
1072 2581 1421 2638 eruditionis
1443 2587 1500 2638 et
1519 2581 1889 2653 eloquentia},

235 2678 359 2727 tam
393 2673 466 2728 de
495 2670 820 2742 Scripturis
850 2670 1086 2738 divinis,
1109 2688 1287 2742 quam
1322 2673 1392 2726 de
1421 2670 1720 2727 saecularis
1741 2670 1891 2726 litte-

241 2766 454 2817 ratura
505 2761 920 2816 instrumento.
954 2763 995 2813 E
1023 2760 1241 2830 quibus
1272 2759 1372 2814 illa
1402 2765 1542 2815 sunt
1573 2778 1586 2815 :
1622 2764 1892 2832 Στρωμα-

235 2854 375 2916 τεῖς,
409 2849 543 2904 libri
593 2854 757 2916 octo;
809 2847 1232 2901 Ὑποτυπώσεων
1283 2847 1417 2903 libri
1466 2853 1626 2916 octo;
1683 2848 1891 2904 Adver-

231 2955 332 2994 sus
379 2949 586 3008 gentes,
629 2937 780 2992 liber
836 2954 1030 3004 unus;
1074 2937 1368 3009 Pzdagogi
1417 2937 1551 2992 libri
1616 2947 1767 3006 tres;
1819 2939 1896 2994 De

2001 2228 2136 2284 dam
2225 2227 2664 2303 Χρονογραφίας,
2750 2232 2906 2302 quod
2959 2232 3310 2304 opusculum
3397 2231 3659 2292 invenire

2002 2333 2118 2372 non
2177 2317 2361 2388 potui.
2405 2317 2522 2372 Nec
2585 2335 2700 2374 non
2753 2325 2812 2376 et
2860 2320 2931 2376 de
2972 2320 3195 2377 Judaeis
3252 2323 3656 2379 Aristobulum

2001 2406 2340 2476 quemdam,
2365 2411 2421 2462 et
2450 2406 2811 2463 Demetrium
2843 2413 2902 2466 et
2932 2409 3311 2480 Eupolemum
3343 2411 3655 2483 scriptores

2000 2496 2279 2551 adversus
2309 2500 2515 2566 gentes
2562 2497 2756 2560 refert,
2790 2497 2888 2567 qui
2919 2498 2974 2553 in
3007 2498 3456 2555 similitudinem
3485 2501 3654 2556 Jose-

2001 2583 2102 2654 phi
2152 2582 2578 2658 Ἀρχαιογονίας
2639 2585 2821 2658 Moysi
2871 2591 2928 2642 et
2971 2587 3226 2644 Judaicaa
3273 2588 3433 2660 genti
3490 2605 3649 2647 asse-

1999 2671 2264 2728 ruerint:
2297 2673 2835 2740 exstatalexandri
2891 2676 3472 2749 Hierosolymitarum
3523 2678 3649 2749 epi-

2001 2761 2184 2833 scopi,
2217 2761 2317 2832 qui
2348 2779 2484 2818 cum
2535 2763 2808 2820 Narcisso
2860 2771 3063 2836 postea
3107 2767 3252 2821 rexit
3301 2766 3648 2836 Ecclesiam,

1999 2850 2249 2922 epistola
2279 2867 2345 2906 su
2357 2852 2850 2922 perfordinatione
2879 2853 3243 2926 Asclepiadis
3290 2854 3649 2912 confessoris

2000 2939 2073 2994 ad
2104 2939 3044 3014 Antiochensesjcongratulantis
3075 2943 3196 3012 eis;
3243 2944 3303 2998 in
3336 2961 3454 3016 qua
3485 2945 3651 3014 ponit

242 3029 460 3084 Pascha
489 3027 637 3082 liber
669 3043 858 3092 unus;
891 3031 967 3082 De
996 3027 1201 3099 jejunio
1228 3026 1588 3098 disceptatio;
1639 3034 1696 3082 et
1738 3026 1891 3082 alius
1935 3095 1964 3100 ῳ
2002 3026 2060 3080 in
2105 3027 2220 3081 {ine
2250 3044 2262 3081 :
2296 3048 2324 3076 ‹‹
2359 3027 2488 3082 Haec
2541 3027 2727 3097 vobis,
2773 3028 2994 3082 domini
3049 3045 3115 3083 ac
3167 3030 3394 3099 fratres,
3427 3030 3651 3100 scripta

243 3117 350 3188 qui
382 3116 736 3184 inscribitur,
770 3095 1051 3184 Quisnam
1067 3115 1216 3172 dives
1246 3115 1354 3172 ille
1377 3095 1453 3171 sit
1482 3116 1578 3187 qui
1607 3116 1890 3178 salvetur;
1924 3095 1967 3162 (ἶ
2001 3113 2296 3178 tranmisi,
2359 3130 2457 3184 per
2512 3095 2866 3169 Clementem
2928 3116 3164 3170 beatum
3216 3095 3647 3188 presbyterum,

247 3208 325 3261 De
354 3205 732 3261 obtrectatione
775 3204 923 3260 liber
969 3222 1156 3272 unus;
1193 3206 1263 3260 De
1291 3206 1599 3260 canonibus
1628 3203 1891 3260 ecclesia-

249 3293 432 3362 sticis,
462 3299 516 3348 et
563 3295 864 3350 Adversum
917 3308 1006 3348 eos
1061 3296 1158 3365 qui
1209 3294 1528 3351 Iudaeorum
1587 3299 1894 3366 sequuntur

246 3398 515 3452 errorem,
541 3381 687 3438 liber
716 3398 901 3449 unus;
936 3398 1108 3454 quem
1142 3383 1372 3455 proprie
1401 3383 1726 3438 Alexandro
1756 3383 1890 3438 Hie-

244 3471 672 3544 rosolymorum
706 3470 980 3543 episcopo
1012 3470 1452 3546 προσεφώνησεν.
1491 3471 1756 3526 Meminit
1787 3489 1889 3526 au-

242 3566 359 3616 tem
393 3562 450 3616 in
482 3559 850 3616 Stromatibus
879 3561 1004 3616 suis
1024 3559 1341 3616 voluminis
1371 3560 1600 3616 Tatiani
1623 3561 1892 3616 Adversus

246 3655 452 3720 gentes,
485 3651 556 3705 de
587 3665 704 3722 quo
735 3666 916 3722 supra
943 3649 1198 3705 diximus
1225 3670 1240 3718 ;
1293 3654 1352 3705 et
1397 3649 1661 3705 Cassiani
1693 3651 1890 3721 cujus-

2000 3202 2191 3257 virum
2223 3200 2513 3257 illustrem
2545 3206 2602 3256 et
2623 3202 2969 3273 probatum;
3030 3219 3205 3274 quem
3257 3221 3358 3259 vos
3412 3221 3646 3276 quoque

2002 3290 2188 3358 scitis,
2239 3295 2295 3346 et
2341 3307 2495 3345 nunc
2553 3289 2783 3361 plenius
2842 3292 3316 3362 recognoscatis:
3359 3293 3459 3364 qui
3507 3310 3642 3348 cum

2003 3381 2114 3436 huc
2156 3379 2414 3435 venisset
2451 3380 2623 3451 juxta
2671 3379 3094 3452 providentiam
3147 3385 3204 3436 et
3251 3381 3639 3441 visitationem

2002 3467 2743 3534 Dei,confirmavitetauxit
2764 3468 2992 3524 Domini
3018 3468 3643 3528 Ecclesiam.-Constat

2001 3559 2305 3630 Origenem
2334 3557 2514 3627 hujus
2544 3558 2727 3613 fuisse
2757 3557 3138 3630 discipulum.
3172 3558 3398 3616 Floruit
3444 3565 3640 3618 autem

1997 3646 2190 3704 Severi
2217 3651 2275 3702 et
2305 3645 2577 3702 Antonini
2611 3645 2716 3702 ﬁlii
2744 3646 2870 3716 ejus
2899 3648 3290 3718 temporibus.

1414 3766 1592 3832 Idem,
1614 3767 1694 3821 ad
1722 3781 1986 3834 magnum
2017 3767 2220 3820 orator.
2251 3763 2476 3818 Roman.

317 3866 590 3922 Clemens
641 3862 1038 3920 Alexandrines
1095 3862 1361 3919 Ecclesiae
1413 3864 1731 3936 presbyter,
1767 3879 1897 3927 meo

244 3956 473 4026 judicio
524 3954 792 4011 omnium
834 3951 1292 4022 eruditissimus,
1323 3957 1451 4009 octo
1481 3953 1718 4025 scripsit
1749 3951 1900 4008 Stro—

252 4050 466 4101 maium
513 4044 717 4110 libros,
750 4047 808 4100 et.
856 4043 1098 4099 totidem
1145 4041 1594 4110 Ὑποτυπώσεων,
1628 4047 1687 4098 et
1716 4041 1897 4097 alium

2011 3862 2210 3916 Contra
2276 3864 2479 3930 gentes,
2528 3859 2832 3932 Psedagogi
2896 3877 3130 3933 quoque
3180 3862 3286 3918 tria
3333 3863 3654 3920 volumina.

2008 3950 2155 4016 Quid
2188 3950 2247 4004 in
2282 3948 2400 4005 illis
2428 3949 2595 4005 libris
2627 3949 3086 4020 indoctum,imo
3111 3951 3250 4023 quid
3279 3969 3392 4009 non
3417 3970 3448 4008 e
3468 3953 3662 4010 media

2009 4038 2380 4113 philosophia
2409 4042 2498 4094 est
2516 4038 2543 4093 ‘?

691 4181 942 4250 Ruﬁnus,
972 4179 1048 4236 De
1074 4178 1476 4235 adulteralione
1506 4178 1774 4236 librorum
1801 4177 2059 4250 Origem's
2083 4176 2232 4248 apud
2261 4174 2680 4247 Hieronymum,
2711 4179 2841 4232 tom.
2877 4175 2950 4232 IV
2977 4177 3214 4235 Erasmi.

329 4297 594 4353 Clemens
643 4311 875 4368 quoque
921 4293 1072 4350 alius
1114 4293 1544 4350 Alexandrinus
1575 4295 1902 4367 presbyter,
1932 4299 1980 4363 Ι)
2012 4296 2335 4348 creaturam
2389 4291 2553 4347 dicit.
2587 4291 2864 4363 Nunquid
2916 4291 3192 4348 credibile
3242 4298 3330 4346 est
3377 4293 3448 4346 de
3500 4295 3664 4346 tanto

250 4392 312 4443 et
341 4386 622 4458 magister
655 4385 924 4442 Ecclesiae
957 4383 1121 4440 illius
1152 4384 1211 4440 in
1242 4384 1519 4440 omnibus
1552 4401 1697 4455 pene
1729 4384 1897 4440 libris

250 4475 400 4542 suis,
431 4474 734 4530 Trinitatis
779 4471 1027 4545 gloriam
1077 4477 1254 4544 atque
1296 4473 1682 4528 aeternitatem
1717 4487 1896 4528 unam

249 4565 639 4634 eamdemque
687 4562 979 4633 designat,
1011 4561 1304 4616 interdum
1337 4561 1670 4617 invenimus
1703 4561 1903 4632 aliqua

249 4655 310 4708 in
371 4651 541 4708 libris
607 4652 736 4724 ejus
794 4648 1075 4722 capitula,
1132 4649 1194 4704 in
1252 4649 1473 4720 quibus
1535 4649 1747 4705 Filium
1801 4649 1902 4706 Dei

2008 4381 2129 4438 viro
2196 4386 2314 4436 tam
2387 4381 2443 4435 in
2511 4381 2788 4436 omnibus
2859 4379 3165 4446 catholico,
3226 4383 3344 4434 tam
3413 4380 3663 4456 erudito,

2014 4475 2080 4526 ut
2108 4470 2199 4526 vel
2231 4470 2343 4526 sibi
2377 4469 2673 4526 contraria
2724 4469 2997 4534 senserit,
3030 4466 3117 4522 vel
3148 4484 3214 4522 ea
3260 4483 3385 4537 quae
3435 4467 3504 4522 de
3553 4467 3668 4523 Deo

2015 4576 2131 4615 non
2164 4560 2354 4614 dicam
2383 4560 2636 4622 credere,
2672 4558 2772 4612 sed
2799 4555 2885 4612 vel
2915 4555 3117 4612 audire
3147 4556 3386 4628 quidem
3418 4555 3665 4630 impium

2019 4653 2128 4717 est,
2163 4649 2384 4720 scripta
2417 4646 2764 4718 reliquerit?

1279 4783 1551 4851 Socrates,
1584 4785 1788 4840 Histor.
1821 4783 2144 4849 ecclesiast.,
2178 4782 2274 4836 lib.
2311 4799 2372 4850 ιι,
2404 4797 2525 4853 cap.
2561 4781 2649 4837 35.

328 4901 491 4972 οὕτω
533 4897 591 4955 δὲ
633 4899 701 4968 ἦν
743 4898 1094 4973 όλιγομαθής
1126 4897 1154 4951 ὁ
1187 4897 1415 4968 Ἀἐτιος,
1464 4896 1554 4951 καὶ
1601 4900 1708 4951 τῶν
1745 4897 1907 4970 ἱερῶν

256 4993 599 5066 γραμμάτιον
652 4987 919 5061 ἀμύητος,
971 4987 1035 5041 τὸ
1091 4985 1359 5061 ἐριστικὸν
1428 4983 1486 5040 δὲ
1556 4985 1908 5060 κατωρθώκει

264 5101 448 5153 μονον,
477 5078 610 5152 ὅπερ
652 5075 712 5131 ἂν
761 5077 848 5131 καὶ
902 5075 1158 5151 ἀγροῖκός
1197 5095 1282 5136 τις
1312 5075 1613 5144 ποιήσειεν,
1645 5075 1719 5136 ὡς
1772 5075 1909 5147 μήτε

265 5169 382 5230 τοὺς
430 5167 698 5243 ἀρχαίους
745 5164 872 5227 τοὺς
918 5166 986 5219 τὰ
1032 5164 1386 5239 Χριστιανικὰ
1426 5161 1586 5238 λόγια
1639 5162 1908 5236 ἑρμηνεύο

271 5279 449 5320 σαντας
496 5257 820 5326 ἆσκηθῆνσι,
864 5251 1052 5309 πολλὰ
1099 5252 1315 5328 χαίρειν
1367 5250 1570 5329 φράσας
1619 5256 1736 5313 τοῖς
1786 5250 1910 5324 περὶ

275 5344 580 5419 Κλήμεντα,
629 5345 719 5398 καὶ
780 5343 1103 5420 Ἀφρικανὸν
1141 5386 1154 5413 ,
1203 5340 1295 5395 καὶ
1354 5341 1657 5416 Ὠριγὲνην,
1713 5336 1912 5414 ἄνδρας

269 5432 436 5503 πάσης
462 5431 658 5511 σοφίας
688 5431 880 5502 ἔπιστή
892 5450 1076 5503 μονας.

541 5733 814 5790 Ρηειοι..
859 5730 971 5789 Gn.
1008 5729 1174 5790 Vill.

2088 4901 2376 4952 Caeterum
2411 4897 2555 4953 adeo
2590 4896 2869 4953 mediocri
2902 4897 3166 4952 doctrina
3195 4895 3671 4967 prmditus.etsa-

2017 5003 2250 5042 orarum
2317 4986 2649 5042 litterarum
2709 4985 3018 5058 imperitus
3067 4990 3192 5039 erat
3238 4983 3460 5051 Aetius,
3511 4988 3564 5038 et
3613 4984 3671 5038 in

2021 5092 2136 5131 uno
2167 5076 2553 5130 contendendi
2608 5076 2804 5130 studio
2851 5074 3244 5138 exercitatus;
3277 5073 3430 5143 quod
3484 5072 3673 5144 quivis

2018 5165 2193 5220 etiam
2249 5165 2497 5234 agrestis
2531 5163 2698 5219 facile
2731 5162 3008 5234 consequi
3059 5161 3242 5233 possit
3271 5181 3284 5227 ;
3324 5167 3386 5215 ut
3419 5179 3488 5217 ne
3521 5167 3672 5216 vete-

2020 5259 2148 5309 rum
2181 5253 2418 5325 quidem
2480 5253 2862 5323 scriptorum,
2920 5250 3020 5322 qui
3080 5267 3277 5308 sacros
3334 5251 3674 5306 Christianas

2020 5341 2324 5413 religionis
2355 5340 2536 5395 libros
2567 5339 2929 5408 interpretati
2955 5345 3113 5405 sunt,
3148 5355 3322 5394 usum
3355 5339 3538 5393 ullum
3577 5340 3678 5391 aut

2020 5430 2290 5503 peritiam
2331 5429 2614 5496 haberet;
2665 5429 2765 5482 sed
2815 5427 3194 5492 Clementem,
3228 5433 3285 5481 et
3313 5427 3674 5492 Africanum,

2021 5524 2197 5590 atque
2226 5517 2566 5590 Origenem,
2601 5516 2756 5572 viros
2803 5514 2961 5572 omni
3013 5531 3221 5589 genere
3271 5515 3549 5572 doctrinae
3581 5531 3678 5570 ex-

2018 5607 2228 5674 cultos,
2263 5623 2505 5679 prorsus
2537 5610 2980 5678 aspernaretur.
