4064 6204
355 265 427 318 43
1595 255 1928 309 coemens
1967 254 2551 307 ALBXANDBINUS.
3689 259 3760 314 44

1631 374 1796 440 Idem,
1830 373 1987 440 ibid”
2021 373 2124 430 lib.
2159 391 2246 440 ιιι,
2272 392 2390 447 cap.
2427 377 2486 430 7.

425 489 677 543 Irenaaus
724 485 879 537 certe
905 485 962 535 et
991 479 1278 536 Clemens.
1311 479 1367 530 et
1394 471 1746 545 Apollinaris
1791 470 1991 526 Hiera-

2182 471 2279 525 Καὶ
2308 474 2408 546 γάρ
2457 472 2754 545 Εἰρηναῖός
2789 495 2848 530 τι
2893 477 2983 530 καὶ
3034 474 3269 550 Κλήμης
3299 522 3313 546 ,
3366 475 3755 555 Ἀπολινάριός

354 574 670 645 politanus,
695 576 752 627 et
766 569 1042 640 Serapion
1065 564 1437 622 Antiochense
1470 560 1635 615 urbis
1662 559 1996 632 episcopus,

354 662 670 729 Christum,
704 660 805 732 qui
857 659 1026 712 homo
1075 656 1264 708 factus
1313 656 1423 716 est,
1459 649 1658 704 anima
1689 649 1996 720 praeditum

353 753 558 818 fuisse,
590 750 747 806 velut
794 763 913 803 rem
957 742 1256 800 communi
1287 741 1555 796 omnium
1586 755 1879 795 consensu
1912 754 2001 793 re-

355 849 604 916 ceptam,
636 839 760 896 suis
791 839 851 892 in
883 834 1373 899 librisfasserunt.

2105 560 2212 614 τεὸ
2245 558 2623 633 Ἱεραπολίτης
2671 563 2760 617 καὶ
2812 565 3089 639 Σεραπίων
3125 567 3153 620 6
3181 573 3283 636 τῆς
3333 565 3384 621 ἐν
3435 568 3754 641 Ἀντιοχείᾳ

2109 649 2386 723 προεστὼς
2419 649 2768 720 Ἐκκλησίας,
2801 648 3054 728 ἔμψυγον
3103 655 3194 709 τὸν
3247 655 3755 729 ἐνανθρωπήσαντα,

2113 735 2164 790 ἑν
2183 741 2298 798 τοῖς
2318 739 2656 810 ίπονηθεῖσιν
2706 739 2890 803 αὐτοῖς
2939 737 3127 818 λόγοις
3177 743 3253 805 ὡς
3296 742 3748 820 ὁμολογούμενον

2114 825 2297 888 αὐτοῖς
2325 825 2640 903 φάσκουσιν.

1364 955 1712 1024 δοωγηεηιιε,
1744 952 1945 1010 Histor.
1975 952 2304 1022 ecclesiast.,
2336 953 2433 1009 lib.
2465 971 2504 1024 1,
2539 971 2660 1027 cap.
2695 954 2748 1010 4.

423 1057 500 1110 Ac
529 1051 716 1124 primo
746 1047 982 1120 quidem
1017 1045 1320 1102 historiam
1372 1043 1526 1100 hanc
1574 1044 1646 1099 ab
1694 1041 1860 1098 initio
1907 1056 1996 1097 re-

353 1149 540 1215 petere
604 1140 997 1195 decreveram.
1053 1137 1164 1192 Sed
1224 1150 1361 1190 cum
1428 1131 2000 1199 animadvertissem,

351 1231 496 1286 alios
545 1229 673 1299 jam
733 1225 1051 1297 scriptores
1101 1226 1167 1280 ad
1222 1241 1329 1280 sua
1389 1238 1578 1294 usque
1629 1225 1894 1291 tempora
1941 1219 2001 1274 id

348 1316 693 1389 praestitisse
719 1341 733 1382 ;
768 1314 1119 1371 Clementem
1150 1312 1373 1369 scilicet
1395 1315 1454 1368 et
1482 1308 1884 1382 Hegesippum
1915 1308 2005 1362 vi-

350 1423 444 1462 ros
495 1405 992 1476 sapientissimos,
1035 1402 1136 1474 qui
1189 1400 1592 1473 apostolorum
1638 1397 2005 1471 temporibus

351 1495 612 1567 proxime
643 1483 1076 1558 successerunt,
1112 1495 1222 1547 etc.

2180 1041 2462 1114 Ὠρμήθην
2497 1039 2554 1096 δὲ
2582 1042 2650 1096 τὰ
2681 1043 2774 1116 μὶν
2806 1047 3017 1119 πρῶτα,
3051 1044 3143 1099 ἀπ’
3167 1044 3348 1122 ἀρχῆς
3393 1043 3595 1117 ταύτην
3624 1067 3750 1122 συγ-

2107 1128 2308 1204 γράψαι
2370 1131 2465 1198 τήν
2537 1130 2929 1206 πραγματείαν*
2993 1131 3354 1210 λογισάμενος
3409 1131 3467 1188 δὲ
3523 1133 3598 1197 ὡς
3666 1155 3757 1189 και

2111 1215 2276 1273 ἄλλοι
2332 1217 2534 1290 ταύτης
2586 1219 2944 1294 ίπειράθησαν
2989 1222 3157 1298 μέχρι
3223 1226 3332 1278 τῶν
3399 1225 3516 1278 κατ’
3566 1223 3760 1285 αὐτοὺς

2113 1305 2354 1382 χρόνων,
2403 1307 2637 1381 Κλήμης
2683 1330 2743 1364 τε
2789 1310 2879 1364 καὶ
2931 1311 3293 1386 Ἡγήσιππος,
3335 1309 3524 1387 ἄνδρες
3577 1313 3758 1390 σοφώ.

2112 1415 2287 1466 τατοι,
2318 1399 2386 1470 τῇ
2417 1400 2522 1452 τῶν
2557 1395 2878 1454 ἀποστόλων
2932 1396 3168 1474 διαδοχῇ
3217 1399 3752 1476 παρακολουθήσαν-

2113 1505 2272 1546 τες...

1619 1593 1929 1650 Chronicon
1957 1592 2245 1661 Paschale,
2275 1613 2404 1666 pag.
2435 1596 2487 1652 7.

419 1693 528 1748 Sed
579 1694 637 1747 et
683 1692 972 1755 Clemens,
1008 1685 1425 1744 sanctissimus
1457 1683 1863 1740 Alexandrinas
1893 1687 1996 1739 Ec-

2179 1680 2353 1742 Ἀλλὰ
2397 1685 2485 1738 καὶ
2538 1682 2772 1758 Κλήμης
2802 1687 2830 1741 ὁ
2860 1686 3161 1748 ὁσιώτατος
3205 1693 3307 1756 τῆς
3357 1684 3753 1760 Ἀλεξανδρέων

352 1779 538 1835 clesiaa
593 1779 918 1851 presbyter,
951 1777 1038 1832 vir
1083 1774 1566 1847 antiquissimus,
1606 1780 1663 1828 et
1720 1772 1821 1845 qui
1881 1789 1995 1828 non

356 1868 608 1925 multum
640 1867 828 1924 abfuit
858 1870 929 1922 ab
963 1864 1301 1938 apostolicis
1345 1862 1734 1935 temporibus,
1766 1863 1825 1916 in
1857 1860 2006 1916 libro

352 1959 426 2014 De
457 1957 731 2013 Paschate
756 1953 1088 2012 consimilia
1116 1956 1305 2024 docet,
1340 1954 1421 2008 ita
1452 1952 1718 2007 scribens
1753 1967 1766 2005 :
1803 1955 2007 2006 Frate-

348 2047 477 2102 ritis
503 2062 628 2117 ergo
660 2045 992 2116 temporibus
1015 2045 1411 2100 immotatuma
1433 2041 1654 2099 Iudaeis
1682 2039 2007 2109 l‘ascha,fe-

365 2141 513 2192 stum
565 2153 752 2207 agens,
807 2135 1160 2190 manducavit
1217 2135 1500 2188 Dominus.
1561 2130 1665 2186 Sed
1716 2138 2011 2201 postquam

361 2223 692 2297 praedicavit
720 2224 856 2294 ipse,
888 2222 985 2293 qui
1034 2225 1152 2278 erat
1199 2221 1410 2276 Pascha
1448 2222 1634 2288 Agnus
1663 2217 1780 2284 Dei,
1808 2227 1872 2273 ut
1897 2219 2012 2273 ovis

365 2313 435 2368 ad
459 2312 788 2369 occisionem
816 2312 1006 2366 ductus
1035 2311 1333 2381 discipulos
1360 2311 1546 2364 statim
1566 2307 1782 2364 edocuit
1809 2307 2012 2379 ﬁgurae

364 2407 691 2473 mysterium
750 2403 971 2457 decima
1032 2405 1239 2471 quarta
1285 2399 1397 2466 die,
1453 2415 1564 2470 qua
1617 2399 1788 2453 etiam
1848 2397 2014 2451 illum

364 2495 674 2564 rogarunt:
713 2513 741 2541 «
795 2489 894 2547 Ubi
941 2489 1022 2545 vis
1063 2505 1324 2561 paremus
1371 2489 1473 2544 tibi
1520 2488 1731 2543 Pascha
1776 2485 2017 2541 mandu-

363 2598 490 2637 care
508 2581 536 2635 ?
574 2602 602 2631 η

2104 1772 2435 1842 Ἐκκλησίας
2482 1776 2722 1849 γεγονὼς
2768 1774 2968 1850 ἱερεὺς,
3023 1775 3157 1848 ἀνὴρ
3208 1774 3616 1851 ἀρχαιότατος,
3665 1775 3757 1830 καὶ

2118 1861 2180 1914 ού
2229 1861 2435 1936 μακράν
2482 1867 2590 1917 τῶν
2627 1861 3001 1918 ἀποπολικῶν
3061 1865 3352 1940 γενόμενος
3414 1866 3655 1938 χρόνων,
3704 1863 3757 1918 ἐν

2115 1951 2194 2022 τῷ
2224 1951 2350 2023 Περὶ
2388 1951 2485 2006 τοῦ
2537 1955 2728 2028 Πάσχα
2776 1951 2926 2026 λόγῳ
2976 1952 3043 2007 τὰ
3083 1953 3443 2025 παραπλήσια
3495 1951 3758 2025 διδάσκει,

2116 2040 2336 2116 γράφων
2393 2038 2587 2103 οὕτως·
2637 2045 2768 2104 Τοῖς
2819 2042 2916 2115 μὶν
2983 2041 3079 2096 οῦν
3124 2039 3564 2117 παρεληλυθόσιν
3616 2040 3756 2097 ἔτεσι

2117 2129 2179 2182 τὸ
2233 2128 2495 2202 θυόμενον
2571 2130 2706 2204 πρὸς
2785 2127 3061 2185 Ἰουδαίων
3129 2127 3318 2199 ἤσθιεν
3390 2133 3665 2206 ὲπρτάζων
3727 2132 3756 2186 6

2122 2217 2323 2292 Κύριος
2377 2218 2587 2293 Πάσχα·
2667 2217 2782 2273 ἐπεὶ
2859 2217 2916 2274 δὲ
2969 2218 3220 2295 ἐκήρυξεν
3302 2218 3463 2281 αὐτὸς

2122 2307 2314 2380 Πάσχα
2359 2307 2386 2360 6
2437 2307 2637 2379 Ἀμνὸς
2687 2311 2785 2362 τοῦ
2845 2312 2978 2363 Θεοῦ
3035 2309 3112 2370 ὡς
3153 2302 3426 2382 πρόϐατον
3479 2307 3568 2362 ἐπὶ
3625 2329 3760 2386 σφα-

2120 2396 2221 2470 γὴν
2276 2395 2582 2470 ἀγόμενος,
2642 2394 2833 2451 αὐτίκα
2901 2393 3106 2469 ἐδίδαξε
3180 2397 3275 2469 μὲν
3332 2395 3458 2461 τοὺς
3517 2397 3763 2469 μαθητὰς

2121 2487 2218 2538 τοῦ
2264 2484 2437 2539 τύπου
2479 2485 2541 2539 τὸ
2592 2488 2893 2561 μυστήριον
2936 2491 3003 2554 τῆ
3059 2483 3142 2553 ιδ’,
3193 2483 3246 2540 ἒν
3305 2488 3371 2558 ᾖν
3405 2486 3764 2541 πυνθάνονται

2125 2573 2312 2628 αὐτοῦ·
2377 2598 2404 2627 ιι
2439 2579 2549 2630 Ποῦ
2619 2573 2794 2638 θὲλεις
2857 2574 3235 2650 ἑτοιμάσωμέν
3305 2597 3388 2631 σοι
3454 2577 3518 2632 τὸ
3574 2579 3769 2652 Πάσχα

2126 2683 2317 2740 φαγειν
2348 2682 2361 2732 ;
2397 2686 2425 2715 ››

3547 2217 3622 2275 ὢν
3695 2221 3759 2275 τὸ

1833 2770 1992 2840 Ibid.,
2023 2787 2145 2840 pag.
2181 2772 2307 2827 224.

1833 2787 1992 2840 ιοια.,

441 2875 518 2930 De
558 2873 864 2929 recensitis
907 2888 1041 2927 vero
1087 2870 1393 2942 discipulis
1428 2886 1530 2924 ιιι
1563 2871 1770 2940 prater
1794 2884 1877 2923 αι’
1909 2885 2005 2923 su-

2126 2789 2145 2825 “.
2181 2787 2307 2827 κα.

2199 2867 2328 2941 Περὶ
2387 2865 2444 2923 δὲ
2495 2872 2603 2923 τῶν
2680 2870 3184 2944 προγεγραμμένων
3247 2877 3288 2925 o'
3346 2871 3600 2943 μαθητῶν
3657 2875 3764 2926 τῶν

369 2983 474 3037 pra
528 2965 736 3030 dictos,
787 2963 908 3034 agit
952 2963 1221 3018 Clemens
1278 2961 1529 3032 scriptor
1576 2958 1677 3016 lib.
1709 2976 1746 3013 v
1777 2959 2016 3030 Hypoty-

366 3071 586 3130 poseogz.

2132 2958 2267 3030 μετὰ
2295 2955 2420 3020 τοὺς
2455 2952 2523 3011 ιϐ’
2560 2958 3021 3033 προτεταγμένους
3071 2961 3278 3034 ἱστορεῖ
3315 2957 3553 3032 Κλήμης
3582 2961 3610 3016 ὁ
3641 2982 3769 3036 συγ-

2126 3045 2360 3123 γραφεὺς
2393 3045 2444 3100 ἐν
2472 3049 2540 3120 τῇ
2572 3046 2782 3121 πὲμπιῃ
2821 3047 3269 3104 Ὑποτυπώσεων.

1826 3155 1992 3223 Ibid.,
2021 3171 2151 3226 pag.
2183 3157 2307 3211 232.

441 3249 651 3314 Quinto
681 3247 787 3302 hoc
819 3263 972 3302 anno
1003 3244 1227 3301 Claudii
1263 3244 1501 3310 Paulus,
1534 3244 1632 3312 qui
1659 3253 1828 3297 antea
1860 3244 2013 3297 ordi-

370 3342 544 3392 natus
597 3337 786 3390 fuerat
835 3335 1157 3405 apostolus,
1190 3333 1496 3403 ingressus
1526 3335 1614 3385 est
1644 3331 2016 3386 Antiochiam

371 3415 668 3496 magnam,
691 3428 903 3476 etcum
927 3421 1233 3475 didicisset
1251 3436 1375 3489 quae
1389 3424 1634 3473 sanctus
1657 3423 1863 3473 Petrus
1885 3433 2016 3490 ege-

370 3511 703 3581 rat,ubique
725 3508 1068 3563 scandalum
1093 3506 1368 3574 sustulit;
1399 3522 1723 3577 omnesque
1753 3505 2016 3574 admisit,

370 3617 468 3655 eos
519 3597 856 3668 complexus
903 3613 968 3651 ac
1016 3596 1384 3662 adhortatus,
1417 3595 1916 3666 quemadmodum
1948 3595 2018 3650 de

370 3689 472 3745 illo
503 3686 770 3744 scribunt
799 3685 1066 3741 Clemens
1097 3689 1152 3740 et
1181 3685 1466 3739 Tatianus
1495 3682 1945 3756 chronographi.

2194 3241 2382 3314 Τούτῳ
2407 3246 2486 3314 τῷ
2515 3245 2750 3317 πέμπτῳ
2775 3239 2880 3299 ἔνει
2911 3240 3212 3315 Κλαυδίου,
3244 3245 3763 3320 προχειροτονηθεὶς

2130 3329 2347 3392 Παῦλος
2391 3329 2640 3400 εἰσῆλθεν
2687 3331 2762 3393 εἷς
2811 3333 3156 3406 Ἀντιόχειαν
3204 3333 3304 3402 τήν
3359 3330 3628 3406 μεγάλην,
3676 3332 3766 3387 καὶ

2130 3418 2312 3487 μαθὼν
2340 3419 2464 3492 περὶ
2510 3423 2607 3473 τοῦ
2664 3419 2822 3494 άγίου
2881 3421 3105 3495 Πέτρου,
3164 3425 3446 3496 πανταχοῦ
3491 3421 3552 3475 τὸ
3610 3419 3768 3476 σκάν-

2128 3500 2294 3559 δαλον
2343 3505 2616 3582 περιεῖλεν
2651 3551 2665 3578 ,
2741 3509 2831 3564 καὶ
2883 3508 3085 3570 πάντας
3143 3506 3354 3580 ἐδέξατο
3409 3509 3496 3564 καὶ
3561 3508 3768 3586 ἠγάπα,

2125 3593 2569 3668 προτρεψάμενος
2596 3597 2822 3663 πάντας,
2861 3598 3038 3659 καθὼς
3081 3601 3480 3674 συνεγράψαντο
3527 3597 3598 3653 τὰ
3643 3597 3768 3674 περὶ

2125 3681 2321 3737 τούτου
2353 3682 2585 3758 Κλήμης
2615 3686 2704 3740 καὶ
2733 3686 2999 3747 Τατιανὸς
3026 3687 3082 3739 οἱ
3114 3685 3508 3765 χρονογράφοι.

1832 3800 1997 3866 Ibid.,
2023 3817 2154 3872 pag.
2187 3802 2313 3857 251.

441 3904 728 3959 Joannem
752 3899 1082 3974 apostolum
1113 3903 1170 3955 et
1199 3898 1615 3972 evangelistam
1650 3899 1718 3954 ad
1754 3903 2018 3972 tempora

373 3992 804 4065 Trajanivitam
841 3991 1184 4063 produxisse
1206 3989 1411 4044 scribit
1446 3990 1717 4044 Ireuaaus.
1751 3987 2017 4045 Clemens

370 4097 504 4135 vero
527 4078 955 4140 Alexandrinus
982 4077 1186 4132 iisdem
1221 4093 1476 4131 consona
1508 4077 1707 4145 tradit,
1732 4076 2019 4147 illumque

2200 3899 2454 3972 Ἰωάννην
2495 3901 2583 3956 τὸν
2642 3901 2948 3958 ἀπόστολον
3004 3903 3093 3959 καὶ
3151 3903 3533 3980 εύαγγελιστῆν
3597 3903 3765 3980 μέχρι

2126 3993 2222 4043 τοῦ
2251 3995 2513 4064 Τραϊανοῦ
2563 3992 2777 4066 χρόνων
2823 3999 3152 4068 παραμεῖναι
3196 3999 3277 4067 τῷ
3331 3995 3434 4070 βίῳ
3477 3994 3771 4068 Εἰρηναῖος

2128 4077 2350 4152 ἱστορεῖ.
2398 4075 2630 4150 Κλήμης
2690 4078 2748 4134 δὲ
2811 4082 2838 4135 ὁ
2888 4079 3265 4155 Ἀλεξανδρεὺς
3320 4082 3408 4136 καὶ
3484 4080 3643 4143 αὐτὸς
3691 4080 3758 4135 τὰ

371 4169 570 4224 Asiam
590 4176 644 4224 et
668 4169 950 4223 ﬁnitimas
983 4165 1311 4238 provincias
1344 4165 2005 4237 peragrasse,episcopis

2126 4163 2254 4218 αὐτὰ
2303 4167 2573 4240 σύμφησι,
2623 4169 2712 4222 καὶ
2763 4171 3004 4244 περιὲναι
3053 4170 3211 4224 αὐτὸν
3268 4169 3367 4236 τήν
3421 4170 3628 4237 Ἀσίαν,
3674 4168 3764 4224 καὶ

370 4260 586 4330 ubique
615 4257 901 4313 ordinatis
931 4273 998 4312 ac
1027 4255 1251 4311 clericis
1277 4254 1635 4310 constitutis.

2119 4252 2216 4315 τὰς
2245 4251 2676 4330 πλησιοχώρους
2723 4254 3002 4334 πατρίδας,
3056 4256 3381 4319 ἐπισκόπους
3425 4261 3763 4322 καθιστῶντα

2120 4341 2208 4396 καὶ
2239 4340 2571 4418 κληρικούς.

1430 4447 1799 4513 Theodoretus,
1833 4450 2091 4505 Haerctic.
2118 4451 2258 4522 fab.,
2293 4451 2391 4506 lib.
2426 4469 2466 4520 ι,
2496 4469 2617 4524 cap.
2653 4454 2705 4509 4.

432 4544 638 4593 Contra
667 4540 774 4594 bos
804 4544 1003 4596 autem
1035 4539 1334 4595 decertant
1358 4537 1642 4609 Agrippas
1660 4553 2008 4608 cognomen-

361 4629 418 4679 to
461 4625 687 4692 Castor,
716 4632 772 4680 et
804 4627 1077 4694 Irenaeus,
1111 4633 1166 4683 et
1211 4627 1484 4685 Clemens
1532 4625 1918 4694 Stromateus,
1951 4633 2009 4682 et

360 4712 638 4784 Origenes
665 4727 767 4783 pro
799 4715 1038 4769 veritate
1067 4715 1436 4770 dimicantes.

1781 4831 1928 4887 Idem
1949 4831 2085 4890 ibid.
2119 4850 2256 4906 ,cap.
2289 4835 2343 4890 6.

429 4928 616 4990 Quare
663 4942 779 4981 non
829 4922 1016 4979 solum
1052 4923 1109 4976 in
1143 4923 1391 4993 publicis
1418 4929 1718 4994 conviviis,
1750 4929 2000 4985 lucernas

357 5012 580 5067 lumine
608 5018 852 5081 remoto,
878 5012 935 5066 in
961 5027 1134 5083 quam
1167 5012 1498 5082 (mulierem
1520 5016 1620 5084 sc.)
1645 5018 1897 5087 quisque
1921 5019 2004 5072 in-

356 5101 579 5156 ciderat
605 5117 734 5156 cum
783 5119 849 5157 ea
899 5102 1112 5169 coibat,
1146 5102 1247 5156 sed
1281 5101 1592 5175 mysticum
1652 5103 2000 5164 initiationis

353 5189 534 5245 ritum
567 5190 1054 5245 incontinentiam
1087 5189 1238 5246 banc
1270 5191 1582 5247 ducebant.
1609 5192 1789 5263 Cujus
1812 5197 1891 5250 rei
1923 5201 2003 5252 te-

351 5285 500 5335 stem
548 5280 938 5334 Stromateum
989 5279 1347 5336 Clementem
1413 5282 1757 5352 producam,
1809 5285 2000 5340 virum

347 5372 643 5431 sanctum,
665 5372 721 5421 et
751 5367 852 5437 qui
885 5369 1249 5422 abundantia
1278 5369 1554 5424 doctrinae
1587 5370 1863 5426 omnibus
1894 5389 1999 5428 au-

345 5454 626 5512 tecelluit.
656 5455 748 5511 Sic
797 5459 995 5511 autem
1047 5455 1309 5526 loquitur
1341 5457 1400 5512 in
1433 5456 1604 5513 tertio
1636 5459 1999 5529 Stromatum,

347 5547 460 5598 etc.

2189 4539 2647 4613 Καταγωνίζονται
2697 4539 2756 4596 δὶ
2796 4541 3024 4605 τούτους
3073 4542 3401 4620 Ἀγρίππας,
3435 4543 3464 4596 6
3511 4543 3600 4598 καὶ
3657 4544 3764 4597 Κά-

2117 4647 2259 4703 στωρ
2291 4626 2548 4700 ἐπίκλην,
2588 4631 2678 4685 καὶ
2722 4630 3038 4707 Εἰρηναῖος,
3087 4632 3176 4687 καὶ
3229 4631 3472 4705 Κλήμης
3502 4632 3530 4686 6
3567 4638 3765 4707 Στρω-

2120 4715 2340 4788 ματεὺς,
2370 4717 2460 4772 καὶ
2508 4719 2808 4794 Ὡριγὲνης,
2848 4727 2950 4791 τῆς
2993 4720 3255 4792 ἀληθείας
3290 4722 3760 4795 ὑπερμαχοῦντες.

2180 4930 2258 4986 Οῦ
2299 4928 2365 5000 δη
2400 4930 2583 5007 χάριν,
2615 4933 2721 4988 οὐκ
2750 4931 2802 4988 ἓν
2853 4938 2970 4996 τοῖς
3009 4939 3220 4997 κοινοῖς
3275 4931 3511 4996 δείπνοις
3562 4934 3753 5005 μόνοι,

2105 5019 2168 5073 τὸ
2201 5017 2483 5094 λυχνιαῖον
2513 5026 2628 5098 φῶς
2678 5019 2924 5076 ἐκποδὼν
2966 5022 3308 5096 ποιούμενοι,
3338 5025 3475 5098 ᾗπερ
3525 5021 3587 5076 ἂν
3629 5018 3753 5075 ἕκα-

2108 5127 2232 5169 στος
2263 5109 2492 5184 ἐπέτυχε
2523 5110 2894 5187 συνεμίγνυτο·
2942 5109 3087 5166 ἀλλὰ
3136 5108 3202 5180 δὴ
3250 5112 3340 5166 καὶ
3386 5109 3612 5179 τελετὴν
3645 5109 3748 5178 τὴν

2106 5195 2360 5268 τοιαύτην
2381 5195 2674 5254 ἀκολασίαν
2705 5198 3072 5276 ὑπειλήφεσαν
3100 5201 3386 5272 μυστικήν.
3423 5199 3520 5253 Καὶ
3549 5195 3750 5253 τούτου

2109 5282 2176 5353 δὴ
2239 5288 2484 5360 μάρτυρα
2534 5288 2625 5342 τὸν
2689 5289 3025 5362 Στρωματέα
3087 5287 3387 5362 παρέξομαι
3447 5287 3750 5360 Κλήμεντα

2107 5373 2252 5447 ἱερὸν
2305 5371 2490 5446 ἄνδρα,
2543 5377 2630 5431 καὶ
2689 5375 3025 5451 πολυπειρία
3080 5379 3317 5440 ἅπαντας
3386 5376 3752 5433 ἀπολιπόντα.

2106 5461 2265 5538 Λέγει
2298 5459 2356 5518 δὲ
2385 5463 2558 5526 οὕτως
2587 5463 2639 5519 ἐν
2668 5469 2751 5538 τῷ
2783 5464 2950 5541 τρίτῳ
2977 5471 3085 5522 τῶν
3115 5467 3487 5539 Σρωματᾶων.
