4064 6204
278 359 338 413 45
1546 362 1889 417 νΕΤΕΒυΜ
1931 363 2388 418 ΤΕΒΤῙΜΟΝΙΔ.
3605 372 3676 426 46

1657 499 1822 565 Idem,
1853 500 2015 570 ibid.,
2037 517 2161 570 cap.
2194 501 2282 557 49.

1657 517 1822 565 ιαεηι,
1853 517 1946 557 ῑοῖί

325 595 478 649 Κατὰ
506 589 563 647 δὲ
594 591 939 648 Βαλεντίνου
965 593 1053 648 καὶ
1084 598 1191 648 τῶν
1226 593 1275 666 ἐξ
1321 593 1550 668 ἐκείνου,
1599 595 1690 650 καὶ
1741 596 1914 671 Εἰρη-
1945 658 1946 662 η

2044 517 2161 570 cap.
2194 517 2282 557 w.

2097 603 2313 654 Contra
2341 597 2714 654 Valentinum
2763 606 2979 671 autem,
3037 619 3255 674 eosque
3312 606 3413 676 qui
3444 608 3516 663 ab
3575 608 3675 666 illo

257 687 429 755 ναῖος,
459 682 545 736 καὶ
576 684 856 756 Κλήμης,
889 682 978 737 καὶ
1008 681 1312 758 Ὠριγένης.

2031 687 2396 757 prodierunt,
2427 693 2483 742 et
2513 690 2789 758 lrenmus,
2820 693 2878 744 et
2907 689 3194 762 Clemens,
3216 696 3275 748 et
3303 693 3599 766 Origenes.

1659 802 1834 872 Idem,
1866 801 2026 870 ibid.,
2059 819 2177 873 cap.
2199 802 2290 856 2i.

337 897 484 954 Κατά
534 897 753 952 τούτων
815 899 1109 976 συγγράφει
1165 899 1452 961 Μουσαιὸς
1503 905 1602 967 τῆς
1660 897 1921 970 ἀληθείας

261 990 590 1062 συνήγορος,
624 986 720 1042 καὶ
752 985 991 1061 Κλήμης
1023 990 1050 1044 ὁ
1083 987 1466 1061 Στρωματεύς.

2103 904 2315 956 Contra
2345 917 2494 973 quos
2524 901 2726 961 scribit
2751 905 3030 958 Musanus
3059 902 3321 960 veritatis
3373 909 3676 977 patronus,

2031 992 2088 1044 et
2117 988 2383 1046 Clemens
2414 990 2802 1046 Stromateus.

1652 1105 2296 1178 Idem,ibid.,tib.m,c.t.

319 1202 386 1258 Ἦ
422 1199 790 1258 Νικολαϊτῶν
824 1200 1049 1279 αἵρεσις,
1101 1202 1164 1258 οὐ
1216 1202 1378 1276 μόνον
1421 1202 1472 1274 ἐξ
1521 1202 1732 1271 ἀνοίας,
1783 1202 1929 1259 ἀλλά

253 1289 345 1345 καὶ
409 1289 461 1363 ἐξ
514 1289 823 1354 ἀκολασίας
874 1293 1120 1362 συνέστη.
1173 1293 1506 1367 Σαφέστερον
1569 1289 1628 1347 ὃὶ
1680 1293 1748 1347 τὰ
1803 1293 1927 1367 περὶ

259 1381 468 1450 ταύτης
501 1381 530 1436 ὁ
563 1380 806 1453 Κλήμης
838 1378 1097 1454 ἐδίδαξεν.

2111 1203 2524 1262 Nicolaitarum
2557 1204 2798 1262 heresis
2830 1223 2946 1262 non
2977 1206 3171 1263 solum
3193 1223 3262 1264 ex
3282 1208 3558 1274 amentia,
3587 1225 3685 1264 ve-

2037 1309 2167 1348 rum
2198 1295 2368 1348 etiam
2402 1310 2471 1349 ex
2499 1293 2955 1367 intemperantia
3003 1297 3256 1353 conﬂata
3300 1302 3408 1352 est.
3440 1297 3522 1353 De
3576 1297 3684 1354 hac

2036 1387 2234 1438 autem
2265 1382 2534 1439 Clemens
2565 1381 2798 1456 plenius
2830 1384 3128 1453 disseruit,
3161 1388 3271 1441 etc.

1690 1497 1854 1564 Ibid.,
1885 1498 2053 1567 paulo
2077 1501 2218 1569 post.

330 1593 492 1648 Κατᾶ
525 1593 736 1648 τούτων
761 1593 852 1648 καί
883 1595 911 1649 ὁ
941 1593 1271 1672 προρῥηθείς
1316 1594 1614 1671 συνέγραψε
1659 1595 1924 1668 Κλήμης,

261 1681 361 1737 καὶ
387 1682 711 1758 Εἴρηναῖος,
741 1683 832 1738 καὶ
863 1685 1165 1760 Ὠριγένης.

2106 1599 2321 1652 Contra
2351 1595 2459 1652 hos
2489 1596 2730 1670 scripsit
2758 1597 3072 1670 praedictus
3130 1598 3419 1668 Clemens,
3452 1604 3509 1656 et
3564 1600 3682 1657 Ire-

2037 1702 2220 1752 nacus,
2251 1690 2308 1742 et
2345 1686 2642 1759 Origenes.

1449 1800 1505 1855 S.
1538 1800 1831 1872 Maximus,
1870 1803 2109 1873 Disptat.
2150 1819 2275 1858 cum
2304 1804 2540 1874 Pyrrho.

340 1894 548 1986 Κανόνι
583 1898 875 1971 χρώμενος
909 1899 1043 1974 πρὸς
1075 1902 1335 1986 τοῦτοτῷ
1363 1894 1478 1953 ὄντι
1503 1897 1801 1976 Φιλοσόφῳ
1819 1903 1926 1953 τῶν
1959 1923 2006 1986 Β

269 1981 601 2064 φιλοσόφων
643 1985 946 2060 Κλήμεντι,
997 1987 1049 2042 ἐν
1080 1992 1159 2060 τῷ
1203 1985 1345 2060 ’έκτῷ
1389 1993 1497 2042 τῶν
1550 1987 1922 2063 Στρωματέων

268 2074 465 2150 λόγῳ,
510 2076 610 2143 τήν
661 2076 759 2149 μὲν
805 2074 1026 2148 θέλησιν
1066 2081 1190 2131 νοῦν
1242 2077 1374 2131 εἶναι
1421 2077 1697 2150 ὀρεκτικὸν
1736 2078 1923 2153 ὁρισα-

274 2163 456 2238 μένῳ·
493 2165 591 2232 τήν
643 2161 702 2220 δὲ
749 2165 1046 2236 Βοόλησιν,
1095 2163 1326 2241 εὔλογον
1376 2162 1544 2241 ὄρεξιν
1596 2166 1630 2236 ἢ
1671 2167 1770 2235 τήν
1801 2167 1922 2243 περὶ

259 2254 417 2315 τινὸς
450 2253 696 2324 θέλησιν.

2105 1904 2170 1958 In
2201 1901 2310 1957 hoc
2341 1920 2446 1974 pro
2477 1901 2676 1973 regula
2718 1918 2864 1958 usus
2894 1901 3300 1974 (Athanasius)
3332 1919 3460 1960 vere
3489 1903 3682 1961 Philo-

2036 1989 2218 2062 sopbo
2248 1990 2734 2062 philosophorum
2765 1990 3058 2046 Clemente
3087 1990 3146 2046 in
3181 2009 3235 2046 v1
3266 1991 3414 2048 libro
3439 1995 3684 2049 Stroma-

2032 2082 2196 2148 tum;
2253 2079 2353 2151 qui
2415 2077 2640 2148 θέλησιν
2721 2079 2805 2150 (id
2861 2084 2951 2135 est
3005 2080 3363 2153 voluntatem)
3421 2081 3686 2138 deﬁnivit

2033 2171 2270 2224 mentem
2304 2174 2674 2240 appetentem,
2705 2173 2764 2224 et
2799 2163 3148 2242 βούλησιν(θὶ
3180 2169 3416 2225 afﬁnem
3465 2171 3688 2243 vocem)

2032 2260 2325 2330 appetitem
2354 2257 2561 2315 rationi
2589 2263 3034 2314 consentaneum.

1164 2378 1330 2431 Joan.
1362 2381 1752 2444 Damascenus,
1786 2375 1859 2429 De
1886 2374 2098 2429 duabus
2147 2373 2360 2428 Christi
2385 2373 2790 2430 voluntatibus.

336 2469 583 2541 Θέλησις
616 2471 794 2525 τοίνυν
827 2469 990 2540 ἐστὶν,
1029 2470 1163 2526 κατὰ
1188 2470 1281 2525 τὸν
1319 2472 1580 2546 μακάριον
1611 2468 1927 2542 Κλήμεντά,

270 2558 509 2632 δύναμις
532 2564 634 2615 τοῦ
661 2561 868 2633 κυρίως
900 2557 1053 2622 ὄντος
1085 2560 1361 2634 ὀρεκτικήο
1408 2559 1498 2615 καὶ
1529 2559 1718 2624 πάλιν,
1752 2555 1928 2635 ὄρεξις

268 2653 338 2721 τῇ
368 2653 470 2704 τοῦ
505 2646 737 2725 λογικοῦ
769 2647 921 2726 φύσει
960 2646 1337 2718 κατάλληλος·
1386 2648 1475 2703 καὶ
1525 2647 1716 2720 πάλιν,
1767 2646 1929 2702 αὐτο·-

265 2737 542 2813 κράτορος
571 2741 670 2792 νοῦ
698 2737 913 2807 κίνησις
942 2735 1306 2807 αὐτεξούσιος.

2109 2470 2389 2526 Voluntas
2422 2476 2639 2542 autem,
2672 2472 2826 2528 beati
2873 2471 3194 2528 Clementis
3250 2477 3564 2544 sententia,
3594 2479 3684 2531 est

2037 2563 2183 2631 ejus,
2217 2561 2358 2632 quod
2387 2564 2608 2633 proprie
2656 2567 2750 2629 est,
2809 2565 3074 2634 appetitio
3105 2580 3119 2631 ;
3152 2581 3382 2630 rursus,
3430 2564 3686 2622 voluntas

2037 2651 2301 2720 appetitio
2330 2658 2409 2706 est
2439 2651 2558 2721 ejus
2587 2652 2728 2722 quod
2757 2653 2978 2707 ratione
3006 2651 3430 2720 utitur,natura:
3457 2669 3687 2710 consen—

2037 2744 2205 2794 tanea
2232 2757 2251 2805 ;
2276 2739 2562 2812 itemque,
2592 2744 2795 2797 mentis
2827 2740 3194 2813 imperatricis
3233 2742 3372 2798 iiber
3405 2747 3602 2799 motus.

1497 2824 1662 2923 Idem,
1696 2855 1770 2909 De
1813 2852 2172 2925 imaginibus,
2205 2859 2342 2913 orat.
2393 2856 2446 2911 3.

336 2954 456 3008 Τοῦ
510 2950 884 3025 ἀρχαιοτάτου
921 2950 1243 3023 Κλήμεντος
1289 2949 1426 3024 πρὸς
1475 2946 1828 3024 Ἀλέξανδρον
1861 2947 1921 3003 ἐκ

259 3046 364 3098 τοῦ
418 3037 662 3112 ἑϐδόμου
726 3033 945 3112 βιϐλίου
1000 3044 1107 3093 τῶν
1165 3038 1560 3114 Στρωματέων.
1612 3038 1821 3096 Οὐκοῦν
1856 3037 1918 3092 οὗ

265 3129 436 3201 μόνον
472 3127 679 3181 ἐπαινεῖ
701 3127 766 3180 τὰ
796 3125 958 3194 καλὰ,
990 3124 1136 3180 ἀλλά
1165 3126 1348 3196 αὐτὸς,
1387 3125 1627 3201 βιάζεται
1659 3129 1755 3180 τοῦ
1787 3125 1916 3178 εἶναι

259 3216 460 3277 καλός
496 3215 552 3270 ἐκ
578 3219 672 3269 τοῦ
704 3214 910 3288 ἀγαθοῦ
949 3215 1038 3270 καὶ
1087 3213 1281 3269 πιστοῦ
1332 3212 1534 3270 δούλου
1587 3209 1917 3287 μεταϐαίνων

266 3305 348 3361 δι’
398 3306 603 3380 ἀγάπης
632 3304 708 3366 εἷς
741 3303 920 3381 φίλον,
953 3301 1043 3357 διὰ
1089 3303 1150 3357 τὸ
1192 3302 1402 3357 τέλειον
1433 3309 1532 3370 τῆς
1557 3298 1738 3376 ἕξεως,
1771 3301 1799 3355 ὃ
1853 3301 1912 3356 ἐκ
1941 3302 1946 3341 ¹

2044 3302 2183 3359 ἠιυε
2231 3301 2582 3374 perfectione
2623 3320 2635 3358 :

268 3395 564 3467 μαθήσεως
590 3393 832 3460 ἀληθοῦς
858 3393 948 3445 καὶ
979 3393 1356 3460 συνασκήσεως
1401 3388 1620 3458 πολλῆς
1669 3395 1919 3466 καθαρῶς

266 3484 564 3551 ἐκτήσατο.
613 3483 702 3542 Ὠς
733 3479 792 3535 ἓν
821 3479 911 3534 οῦν
964 3479 1046 3534 ἐπ’
1095 3477 1257 3554 ἄκρον
1301 3481 1551 3554 γνώσεως
1591 3486 1701 3552 ἥκῃ
1739 3479 1927 3556 βιαζό-

269 3593 437 3645 μενος
462 3570 544 3642 τῷ
592 3570 715 3639 ἤθει
746 3570 834 3624 καὶ
881 3569 1313 3641 κεκοσμημένος,
1361 3573 1442 3640 τῶ
1489 3570 1736 3643 σχήματι
1769 3589 1928 3623 κατε-

269 3660 605 3732 σταλμένος,
655 3658 830 3713 πάντα
875 3656 1053 3713 ἐκεῖνα
1095 3655 1264 3732 ἔχων,
1320 3656 1417 3710 ὅσα
1473 3654 1926 3729 πλεονεκτήματά

265 3749 380 3803 ἐστι
411 3753 513 3803 τοῦ
561 3748 701 3802 κατὰ
751 3744 1010 3817 ἀλήθειαν
1067 3749 1390 3819 γνωστικοῦ,
1441 3744 1517 3806 εἷς
1565 3746 1661 3800 τὰς
1713 3744 1922 3808 εἰκόνας

266 3840 500 3912 ἀφορῶν
529 3837 627 3899 τὰς
659 3835 844 3897 καλάς.
879 3833 1130 3897 Πολλοὺς
1184 3834 1277 3906 μὶν
1322 3835 1449 3898 τοὺς
1490 3845 1923 3908 κατωρθωκοτας

264 3927 376 4001 πρὸ
437 3925 606 3980 αὐτοῦ
663 3924 1026 3999 πατριάρχας,
1073 3920 1441 3996 παμπόλλους
1502 3920 1558 3978 δὲ
1611 3925 1920 4000 προφήτας,

262 4015 531 4089 ἀπείρους
591 4011 647 4068 δὲ
698 4013 856 4074 ὅσους
907 4015 1041 4085 ἡμῖν
1091 4011 1309 4086 ἀριθμῷ
1357 4009 1714 4086 λογιζόμενος
1764 4011 1924 4086 ἀγγέ-

258 4102 424 4168 λους,
474 4101 564 4156 καὶ
594 4104 684 4157 τὸν
715 4101 802 4157 ἐπὶ
833 4107 964 4156 πᾶσι
995 4099 1213 4176 Κύριον,
1244 4100 1335 4154 τὸν
1369 4097 1656 4170 διδάξαντα
1693 4100 1782 4153 καὶ
1814 4120 1916 4154 πα-

250 4195 636 4264 ραστήσαντα,
694 4188 914 4246 δυνατὸν
973 4191 1142 4263 εἶναι,
1199 4188 1290 4244 τὸν
1336 4189 1646 4266 κορυφαίων
1701 4187 1916 4243 ἐκείνων

252 4285 571 4352 κτήσασθαι
606 4279 741 4354 βίον.

2101 2951 2521 3022 Antiquissimi
2552 2952 2865 3009 Clementis
2895 2954 2965 3008 ad
3001 2955 3390 3010 Alexandrum
3434 2973 3501 3012 ex
3530 2955 3682 3012 libro

2029 3037 2370 3093 Stromatum
2399 3043 2581 3094 sexto.
2617 3041 2819 3110 Itaque
2874 3057 2990 3096 non
3048 3041 3240 3098 solum
3302 3043 3506 3100 laudat
3555 3061 3682 3114 quin

2031 3131 2189 3181 recta
2219 3131 2379 3194 sunt,
2415 3128 2515 3181 sed
2550 3127 2674 3198 ipse
2709 3128 2921 3182 nititur
2949 3145 3075 3184 esse
3135 3131 3322 3185 bonus
3355 3148 3368 3196 ;
3404 3148 3472 3186 ex
3531 3132 3681 3186 bono

2033 3214 2308 3285 ﬁdelique
2341 3230 2505 3270 servo
2539 3231 2640 3286 per
2662 3214 3006 3270 cbaritatem
3040 3217 3266 3272 amicus
3296 3220 3548 3274 evadens
3578 3220 3677 3274 ha-

2696 3303 2851 3374 quod
2912 3303 3147 3374 quidem
3200 3306 3466 3362 doctrina
3525 3323 3679 3380 vera,

2036 3392 2565 3462 exercitationequc
2597 3391 2786 3447 multa
2818 3391 2988 3462 plane
3019 3393 3416 3462 consequitur.
3449 3400 3541 3451 Sic
3574 3397 3681 3467 igi—

2039 3487 2132 3536 tur
2164 3481 2231 3536 ad
2267 3480 2618 3550 cognitionis
2651 3480 2948 3548 fastigium
2983 3483 3270 3544 ascendit.
3303 3483 3444 3538 dum
3500 3485 3680 3541 vitam

2037 3585 2348 3640 moresque
2377 3569 2696 3640 componit.
2730 3585 2909 3640 seque
2939 3570 2996 3623 in
3050 3570 3240 3626 ofﬁcio
3297 3573 3577 3640 continet,
3627 3580 3684 3630 et

2033 3675 2240 3714 omnes
2272 3658 2404 3713 illas
2420 3658 2832 3729 praerogativas
2865 3665 3321 3730 comparat,quaa
3355 3667 3492 3717 sunt
3519 3661 3682 3718 illius

2034 3747 2301 3820 prapriae,
2336 3747 2436 3817 qui
2470 3763 2531 3801 se
2560 3763 2691 3801 vere
2722 3747 3547 3822 studiosum,cognitionisque
3578 3768 3678 3806 cu-

2033 3838 2236 3909 pidum
2273 3835 2598 3907 proﬁtetur,
2660 3840 2937 3906 tanquam
2997 3837 3354 3908 exemplaria
3414 3841 3678 3911 quaedam

2033 3925 2280 3996 pulchra
2300 3925 2534 3979 intuens
2552 3922 3064 3996 multospatriarcb
3075 3942 3138 3980 as
3152 3933 3327 3997 atque
3343 3927 3679 3999 prophetas,

2031 4013 2134 4085 qui
2168 4019 2302 4067 ante
2333 4029 2395 4067 se
2427 4011 2666 4082 perfecti
2697 4013 2983 4068 virtutum
3045 4014 3254 4069 ofﬁciis
3313 4017 3679 4086 exstiterunt,

2029 4099 2610 4171 innumerabilesque
2643 4100 2880 4171 angelos
2911 4101 3292 4160 considerans
3351 4105 3406 4159 in
3441 4105 3676 4178 primis-

2029 4207 2142 4262 que
2172 4188 2486 4245 Dominum
2519 4189 2740 4260 ipsum,
2772 4189 2872 4262 qul
2904 4189 3093 4256 docet,
3126 4197 3183 4248 et
3239 4194 3455 4264 praebet
3512 4195 3677 4250 auxi-

2027 4280 2196 4346 lium,
2229 4295 2341 4349 quo
2373 4278 2686 4349 perlectam
2721 4278 3053 4351 principum
3084 4279 3319 4336 illorum
3349 4281 3475 4336 vita:
3502 4283 3681 4336 ratio-

2027 4385 2158 4424 nem
2192 4367 2429 4440 assequi
2459 4367 2780 4423 valeamus.

1363 4485 1610 4552 Photius,
1645 4483 1913 4542 Biblioth.
1945 4485 2098 4542 codd.
2139 4484 2255 4550 109,
2290 4482 2412 4549 110,
2449 4483 2568 4537 111.

328 4583 681 4658 Ἀνεγνώσθη
732 4581 1054 4654 Κλήμεντος
1105 4576 1499 4654 Ἀλεξανδρέως
1549 4574 1914 4657 πρεσϐυτέρου

2097 4583 2269 4637 Lecta
2289 4585 2433 4634 aunt
2461 4578 2778 4636 Clementis
2809 4575 3179 4631 Alexandrini
3215 4577 3535 4650 presbyteri
3562 4579 3677 4636 tria

250 4675 442 4749 τεῦχη
504 4667 735 4748 βιϐλίων
770 4672 913 4745 τρία·
971 4671 1043 4724 ὧν
1102 4671 1164 4725 τὸ
1215 4670 1310 4742 μὲν
1355 4667 1661 4745 ἐπιγραφὴν
1694 4665 1914 4744 ἔλαχεν,

253 4765 676 4824 Ὑποτυπώσεις
709 4809 725 4835 ,
780 4761 843 4816 τὸ
902 4758 960 4816 δέ
1014 4764 1369 4836 Στρωματεῖς
1403 4803 1417 4828 ,
1483 4759 1545 4814 τὸ
1597 4755 1656 4813 δὲ
1714 4756 1916 4814 Παιδα-

235 4855 460 4930 γωγός.

316 4945 393 4999 Αἱ
458 4943 557 5014 μὶν
594 4938 683 4995 οῦν
731 4937 1132 5001 Ὑποτυπώσεις
1183 4931 1614 5009 διαλαμϐάνουσι
1667 4939 1788 5010 περὶ
1826 4935 1917 5012 ῥη-

245 5038 357 5087 τῶν
395 5051 573 5085 τινων
607 5036 706 5098 τῆς
735 5050 792 5083 τε
825 5027 1071 5090 Παλαιᾶς
1125 5027 1218 5083 καὶ
1251 5026 1391 5087 Νέας
1445 5031 1676 5101 Γρασῆς·
1709 5027 1780 5079 ὧν
1830 5025 1920 5081 καὶ

253 5115 691 5190 κεφαλαιωδῶς,
740 5117 814 5179 ὡς
863 5113 1044 5189 δῆθεν,
1094 5114 1349 5190 έξήγησίν
1397 5135 1455 5169 τε
1501 5116 1589 5169 καὶ
1639 5112 1922 5189 ἑρμηνείαν

248 5184 520 5266 ποίεῖται.
577 5207 675 5262 Καὶ
705 5201 758 5261 ἕν
786 5227 895 5262 τισι
951 5206 1046 5279 μὶν
1096 5205 1276 5261 αὐτῶν
1325 5203 1497 5280 ὀρθῶς
1531 5203 1682 5259 δοκεῖ
1711 5201 1913 5279 λέγειδ,

241 5297 298 5354 ἔν
330 5321 448 5355 τισι
502 5296 563 5353 δὲ
611 5301 896 5358 παντελῶς
935 5294 1011 5358 εἴς
1041 5289 1251 5354 ἀσεϐεῖς
1280 5293 1369 5348 καὶ
1405 5290 1670 5365 μυθώδεις
1717 5290 1918 5366 λόγους

245 5389 565 5466 ἐκφέρεται.
614 5384 787 5455 Ὕλην
825 5405 884 5439 τε
922 5385 1026 5459 γὰρ
1078 5381 1316 5458 ἄχρονον
1365 5380 1453 5436 καὶ
1501 5377 1642 5443 ἰδέας
1690 5381 1764 5444 ὡς
1812 5379 1916 5434 ἀπὸ

241 5483 417 5534 τινῶν
464 5477 653 5554 ῥητῶν
706 5473 1058 5548 εἰσαγομένας
1104 5469 1335 5542 δοξάζει,
1381 5470 1473 5524 καὶ
1525 5471 1616 5524 τὸν
1674 5469 1800 5524 Υἱὸν
1842 5466 1919 5532 εἰς

241 5568 462 5641 κτίσμα
494 5566 740 5640 κατάγει.
801 5565 919 5619 Ἐτι
953 5558 1011 5617 δὲ
1051 5559 1521 5635 μετεμψυχώσεις,
1553 5558 1642 5614 καὶ
1672 5555 1919 5620 πολλοὺς

238 5659 354 5732 πρὸ
418 5660 523 5712 τοῦ
583 5651 770 5726 ’Δδάμ
824 5651 1065 5726 κόσμους
1116 5649 1500 5726 τερατεύεται.
1560 5649 1659 5703 Καὶ
1715 5647 1775 5703 ἐκ
1821 5649 1919 5702 τοῦ

2025 4669 2305 4725 librorum
2336 4665 2678 4732 volumina;
2713 4680 2964 4735 quorum
3003 4664 3185 4721 unius
3215 4665 3517 4739 inscriptio
3566 4675 3676 4744 est,

2026 4761 2389 4830 Hypotyposes
2417 4771 2430 4822 ;
2466 4753 2710 4809 alterius
2738 4753 3075 4810 Stromateus
3107 4773 3121 4823 ;
3155 4755 3310 4812 tertii
3358 4774 3493 4814 vero
3549 4761 3673 4818 Pae-

2027 4847 2060 4902 d
2081 4860 2298 4917 igogus,

2098 4936 2461 5005 Hypotyposes
2521 4931 2759 5002 quidem
2817 4932 3307 5004 disceptationem
3370 4933 3676 4990 continent

2029 5024 2288 5080 locorum
2325 5020 2546 5093 aliquot
2577 5019 2799 5076 Veteris
2830 5020 3090 5093 Novique
3134 5023 3518 5090 Testamenti,
3551 5041 3676 5095 quis

2031 5112 2206 5169 etiam
2239 5110 2584 5166 summatim
2616 5109 2866 5182 explicat
2889 5119 2936 5165 el
2958 5110 3394 5181 interpretatur.
3429 5113 3548 5168 Etsi
3574 5131 3676 5169 au-

2026 5207 2140 5258 tem
2175 5204 2326 5256 recte
2357 5199 2414 5253 in
2445 5198 2797 5271 quibusdam
2824 5198 3039 5254 sentire
3069 5201 3227 5255 visus
3285 5209 3396 5267 est,
3433 5202 3489 5256 in
3548 5202 3676 5256 aliis

2026 5307 2230 5346 rursus
2262 5290 2438 5358 impie
2475 5287 2716 5342 omnino
2750 5286 3131 5357 fabuloseque
3163 5287 3418 5343 disserit.
3455 5289 3678 5344 Asserit

2026 5379 2177 5435 enim
2212 5375 2516 5432 materiam
2553 5383 2827 5430 aeternam
2862 5380 3076 5442 esse,et
3105 5376 3264 5431 ideas
3288 5377 3466 5433 veluti
3502 5377 3676 5433 certis

2027 5467 2276 5524 decretis
2307 5463 2507 5520 induci
2544 5464 2714 5536 ﬁngit
2765 5479 2778 5517 :
2827 5463 3032 5518 Filium
3094 5481 3327 5537 quoque
3383 5467 3441 5522 in
3497 5466 3674 5523 rebus

2028 5556 2235 5613 creatis
2269 5557 2562 5610 numerat.
2601 5553 2684 5606 Ad
2719 5552 2839 5607 haec
2882 5551 3214 5608 animarum
3273 5555 3674 5625 migrationes,

2028 5645 2366 5716 multosque
2395 5646 2530 5699 ante
2565 5643 2848 5698 Adamam
2869 5643 3123 5698 mundos
3154 5643 3484 5714 prodigiose
3513 5658 3671 5696 com-
