  <div class='ocr_page' id='page_1' title='image "/cluster/home/n/w/nwhite01/storage/ocr_20150623/8/hvd.32044073501298/029.png"; bbox 0 0 4064 6204; ppageno 0'>
   <div class='ocr_carea' id='block_1_1' title="bbox 359 343 3777 422">
    <p class='ocr_par' dir='ltr' id='par_1_1' title="bbox 359 343 3777 422">
     <span class='ocr_line' id='line_1_1' title="bbox 359 343 3777 422; baseline -0.009 -2"><span class='ocrx_word' id='word_1_1' title='bbox 359 365 429 422; x_wconf 70' lang='lat'>67</span> <span class='ocrx_word' id='word_1_2' title='bbox 1583 349 1917 409; x_wconf 77' lang='lat' dir='ltr'>CLEMENS</span> <span class='ocrx_word' id='word_1_3' title='bbox 1951 343 2539 403; x_wconf 59' lang='lat' dir='ltr'>ALEXANDRINUS.</span> <span class='ocrx_word' id='word_1_4' title='bbox 3705 343 3777 400; x_wconf 78' lang='grc'><strong>48</strong></span> 
     </span>
    </p>
   </div>
   <div class='ocr_carea' id='block_1_2' title="bbox 363 467 2025 557">
    <p class='ocr_par' dir='ltr' id='par_1_2' title="bbox 363 471 2006 557">
     <span class='ocr_line' id='line_1_2' title="bbox 363 471 2006 557; baseline -0.013 -10"><span class='ocrx_word' id='word_1_5' title='bbox 363 489 898 547; x_wconf 82' lang='lat' dir='ltr'><strong>miniscitur.Evam</strong></span> <span class='ocrx_word' id='word_1_6' title='bbox 931 489 1302 557; x_wconf 46' lang='lat' dir='ltr'><strong>praeteream:</strong></span> <span class='ocrx_word' id='word_1_7' title='bbox 1339 483 1710 546; x_wconf 83' lang='lat' dir='ltr'><strong>Adamo,non</strong></span> <span class='ocrx_word' id='word_1_8' title='bbox 1735 481 1799 530; x_wconf 88' lang='lat' dir='ltr'>ut</span> <span class='ocrx_word' id='word_1_9' title='bbox 1857 471 2006 528; x_wconf 81' lang='lat' dir='ltr'>sacri</span> 
     </span>
    </p>
   </div>
   <div class='ocr_carea' id='block_1_3' title="bbox 2137 467 3771 557">
    <p class='ocr_par' dir='ltr' id='par_1_3' title="bbox 2137 467 3771 547">
     <span class='ocr_line' id='line_1_3' title="bbox 2137 467 3771 547; baseline 0 -21"><span class='ocrx_word' id='word_1_10' title='bbox 2137 467 2297 543; x_wconf 79' lang='grc' dir='ltr'>Αδάμ</span> <span class='ocrx_word' id='word_1_11' title='bbox 2347 471 2444 539; x_wconf 76' lang='grc' dir='ltr'>την</span> <span class='ocrx_word' id='word_1_12' title='bbox 2501 467 2669 538; x_wconf 73' lang='grc' dir='ltr'>Εὕαν,</span> <span class='ocrx_word' id='word_1_13' title='bbox 2728 471 2836 547; x_wconf 84' lang='grc' dir='ltr'>οὐχ</span> <span class='ocrx_word' id='word_1_14' title='bbox 2891 471 2967 536; x_wconf 83' lang='grc' dir='ltr'>ὡς</span> <span class='ocrx_word' id='word_1_15' title='bbox 3021 473 3051 526; x_wconf 89' lang='lat'>6</span> <span class='ocrx_word' id='word_1_16' title='bbox 3097 470 3552 541; x_wconf 80' lang='grc' dir='ltr'>ἑκκλησιαστικὸς</span> <span class='ocrx_word' id='word_1_17' title='bbox 3602 471 3771 545; x_wconf 82' lang='grc' dir='ltr'>λόγος</span> 
     </span>
    </p>
   </div>
   <div class='ocr_carea' id='block_1_4' title="bbox 367 563 2014 644">
    <p class='ocr_par' dir='ltr' id='par_1_4' title="bbox 367 563 2014 644">
     <span class='ocr_line' id='line_1_4' title="bbox 367 563 2014 644; baseline -0.012 -8"><span class='ocrx_word' id='word_1_18' title='bbox 367 581 499 636; x_wconf 88' lang='lat' dir='ltr'>libri</span> <span class='ocrx_word' id='word_1_19' title='bbox 523 577 892 644; x_wconf 83' lang='lat' dir='ltr'><strong>tradunt,sed</strong></span> <span class='ocrx_word' id='word_1_20' title='bbox 918 577 1167 632; x_wconf 83' lang='lat' dir='ltr'>obscene</span> <span class='ocrx_word' id='word_1_21' title='bbox 1199 580 1373 643; x_wconf 88' lang='lat' dir='ltr'>atque</span> <span class='ocrx_word' id='word_1_22' title='bbox 1395 569 1574 642; x_wconf 85' lang='lat' dir='ltr'>impie</span> <span class='ocrx_word' id='word_1_23' title='bbox 1601 563 2014 633; x_wconf 83' lang='lat' dir='ltr'><strong>educit.Ange-</strong></span> 
     </span>
    </p>
   </div>
   <div class='ocr_carea' id='block_1_5' title="bbox 367 651 2016 742">
    <p class='ocr_par' dir='ltr' id='par_1_5' title="bbox 367 651 2016 742">
     <span class='ocr_line' id='line_1_5' title="bbox 367 651 2016 742; baseline -0.013 -15"><span class='ocrx_word' id='word_1_24' title='bbox 367 672 455 727; x_wconf 88' lang='lat' dir='ltr'><strong>los</strong></span> <span class='ocrx_word' id='word_1_25' title='bbox 485 683 714 742; x_wconf 90' lang='lat' dir='ltr'><strong>quoque</strong></span> <span class='ocrx_word' id='word_1_26' title='bbox 745 683 876 723; x_wconf 91' lang='lat' dir='ltr'>cum</span> <span class='ocrx_word' id='word_1_27' title='bbox 909 665 1148 721; x_wconf 85' lang='lat' dir='ltr'>feminis</span> <span class='ocrx_word' id='word_1_28' title='bbox 1175 675 1547 732; x_wconf 88' lang='lat' dir='ltr'><strong>congressos,</strong></span> <span class='ocrx_word' id='word_1_29' title='bbox 1605 657 1822 712; x_wconf 88' lang='lat' dir='ltr'><strong>liberos</strong></span> <span class='ocrx_word' id='word_1_30' title='bbox 1880 651 2016 708; x_wconf 91' lang='lat' dir='ltr'><strong>inde</strong></span> 
     </span>
    </p>
   </div>
   <div class='ocr_carea' id='block_1_6' title="bbox 370 749 2016 816">
    <p class='ocr_par' dir='ltr' id='par_1_6' title="bbox 370 749 2016 816">
     <span class='ocr_line' id='line_1_6' title="bbox 370 749 2016 816; baseline -0.012 -2"><span class='ocrx_word' id='word_1_31' title='bbox 370 759 682 814; x_wconf 77' lang='lat' dir='ltr'>sustulisse</span> <span class='ocrx_word' id='word_1_32' title='bbox 709 754 980 812; x_wconf 82' lang='lat' dir='ltr'>somniat.</span> <span class='ocrx_word' id='word_1_33' title='bbox 1014 753 1164 816; x_wconf 84' lang='lat' dir='ltr'>Quin</span> <span class='ocrx_word' id='word_1_34' title='bbox 1197 756 1253 806; x_wconf 90' lang='lat' dir='ltr'>et</span> <span class='ocrx_word' id='word_1_35' title='bbox 1284 749 1543 805; x_wconf 82' lang='lat' dir='ltr'>Verbum</span> <span class='ocrx_word' id='word_1_36' title='bbox 1605 760 1840 801; x_wconf 88' lang='lat' dir='ltr'><strong>carnem</strong></span> <span class='ocrx_word' id='word_1_37' title='bbox 1902 757 2016 798; x_wconf 87' lang='lat' dir='ltr'><strong>non</strong></span> 
     </span>
    </p>
   </div>
   <div class='ocr_carea' id='block_1_7' title="bbox 369 831 2017 910">
    <p class='ocr_par' dir='ltr' id='par_1_7' title="bbox 369 831 2017 910">
     <span class='ocr_line' id='line_1_7' title="bbox 369 831 2017 910; baseline -0.012 -6"><span class='ocrx_word' id='word_1_38' title='bbox 369 865 496 904; x_wconf 87' lang='lat' dir='ltr'><strong>esse</strong></span> <span class='ocrx_word' id='word_1_39' title='bbox 529 848 769 910; x_wconf 86' lang='lat' dir='ltr'><strong>factum,</strong></span> <span class='ocrx_word' id='word_1_40' title='bbox 803 844 901 899; x_wconf 90' lang='lat' dir='ltr'>sed</span> <span class='ocrx_word' id='word_1_41' title='bbox 935 841 1015 897; x_wconf 89' lang='lat' dir='ltr'><strong>ita</strong></span> <span class='ocrx_word' id='word_1_42' title='bbox 1045 840 1574 899; x_wconf 81' lang='lat' dir='ltr'><strong>visumduntaxat.</strong></span> <span class='ocrx_word' id='word_1_43' title='bbox 1608 837 1733 892; x_wconf 91' lang='lat' dir='ltr'>Duo</span> <span class='ocrx_word' id='word_1_44' title='bbox 1791 833 1862 888; x_wconf 89' lang='lat' dir='ltr'><strong>ad</strong></span> <span class='ocrx_word' id='word_1_45' title='bbox 1897 831 2017 886; x_wconf 61' lang='lat' dir='ltr'><strong>haec</strong></span> 
     </span>
    </p>
   </div>
   <div class='ocr_carea' id='block_1_8' title="bbox 365 921 2019 1002">
    <p class='ocr_par' dir='ltr' id='par_1_8' title="bbox 365 921 2019 1002">
     <span class='ocr_line' id='line_1_8' title="bbox 365 921 2019 1002; baseline -0.009 -10"><span class='ocrx_word' id='word_1_46' title='bbox 365 937 552 992; x_wconf 82' lang='lat' dir='ltr'>Patris</span> <span class='ocrx_word' id='word_1_47' title='bbox 576 935 762 989; x_wconf 88' lang='lat' dir='ltr'>Verba</span> <span class='ocrx_word' id='word_1_48' title='bbox 785 931 1023 986; x_wconf 81' lang='lat' dir='ltr'><strong>tinxisse</strong></span> <span class='ocrx_word' id='word_1_49' title='bbox 1051 927 1791 1002; x_wconf 83' lang='lat' dir='ltr'>deprehenditur,quorum</span> <span class='ocrx_word' id='word_1_50' title='bbox 1820 921 2019 977; x_wconf 88' lang='lat' dir='ltr'><strong>minus</strong></span> 
     </span>
    </p>
   </div>
   <div class='ocr_carea' id='block_1_9' title="bbox 366 1008 2016 1089">
    <p class='ocr_par' dir='ltr' id='par_1_9' title="bbox 366 1008 2016 1089">
     <span class='ocr_line' id='line_1_9' title="bbox 366 1008 2016 1089; baseline -0.01 -9"><span class='ocrx_word' id='word_1_51' title='bbox 366 1025 713 1082; x_wconf 86' lang='lat' dir='ltr'>mortalibus</span> <span class='ocrx_word' id='word_1_52' title='bbox 744 1021 821 1076; x_wconf 89' lang='lat' dir='ltr'>sit</span> <span class='ocrx_word' id='word_1_53' title='bbox 851 1018 1193 1086; x_wconf 90' lang='lat' dir='ltr'><strong>visum,imo</strong></span> <span class='ocrx_word' id='word_1_54' title='bbox 1226 1035 1297 1073; x_wconf 93' lang='lat' dir='ltr'>ne</span> <span class='ocrx_word' id='word_1_55' title='bbox 1329 1017 1436 1073; x_wconf 92' lang='lat' dir='ltr'><strong>boc</strong></span> <span class='ocrx_word' id='word_1_56' title='bbox 1464 1011 1831 1089; x_wconf 85' lang='lat' dir='ltr'><strong>quidem;sic</strong></span> <span class='ocrx_word' id='word_1_57' title='bbox 1860 1008 2016 1067; x_wconf 92' lang='lat' dir='ltr'>enim</span> 
     </span>
    </p>
   </div>
   <div class='ocr_carea' id='block_1_10' title="bbox 365 1101 2022 1180">
    <p class='ocr_par' dir='ltr' id='par_1_10' title="bbox 365 1101 2022 1180">
     <span class='ocr_line' id='line_1_10' title="bbox 365 1101 2022 1180; baseline -0.008 -11"><span class='ocrx_word' id='word_1_58' title='bbox 365 1113 603 1170; x_wconf 77' lang='lat' dir='ltr'>scribit:</span> <span class='ocrx_word' id='word_1_59' title='bbox 638 1109 848 1167; x_wconf 76' lang='lat' dir='ltr'>Dicitur</span> <span class='ocrx_word' id='word_1_60' title='bbox 884 1107 1107 1180; x_wconf 83' lang='lat' dir='ltr'><strong>quidem</strong></span> <span class='ocrx_word' id='word_1_61' title='bbox 1136 1117 1188 1163; x_wconf 85' lang='lat' dir='ltr'><strong>et</strong></span> <span class='ocrx_word' id='word_1_62' title='bbox 1245 1106 1423 1162; x_wconf 82' lang='lat' dir='ltr'><strong>Filius</strong></span> <span class='ocrx_word' id='word_1_63' title='bbox 1486 1105 1712 1160; x_wconf 82' lang='lat' dir='ltr'>Verbum</span> <span class='ocrx_word' id='word_1_64' title='bbox 1750 1101 2022 1173; x_wconf 76' lang='lat' dir='ltr'><strong>aequiroce</strong></span> 
     </span>
    </p>
   </div>
   <div class='ocr_carea' id='block_1_11' title="bbox 365 1190 2025 1269">
    <p class='ocr_par' dir='ltr' id='par_1_11' title="bbox 365 1190 2025 1269">
     <span class='ocr_line' id='line_1_11' title="bbox 365 1190 2025 1269; baseline -0.009 -11"><span class='ocrx_word' id='word_1_65' title='bbox 365 1219 489 1258; x_wconf 81' lang='lat' dir='ltr'>cum</span> <span class='ocrx_word' id='word_1_66' title='bbox 521 1202 715 1256; x_wconf 79' lang='lat' dir='ltr'><strong>Patrio</strong></span> <span class='ocrx_word' id='word_1_67' title='bbox 755 1199 960 1255; x_wconf 84' lang='lat' dir='ltr'><strong>Verbo.</strong></span> <span class='ocrx_word' id='word_1_68' title='bbox 1007 1200 1204 1256; x_wconf 73' lang='lat' dir='ltr'><strong>Verum</strong></span> <span class='ocrx_word' id='word_1_69' title='bbox 1251 1212 1424 1269; x_wconf 84' lang='lat' dir='ltr'><strong>neque</strong></span> <span class='ocrx_word' id='word_1_70' title='bbox 1453 1194 1555 1251; x_wconf 85' lang='lat' dir='ltr'><strong>hoc</strong></span> <span class='ocrx_word' id='word_1_71' title='bbox 1587 1193 1748 1250; x_wconf 82' lang='lat' dir='ltr'><strong>illud</strong></span> <span class='ocrx_word' id='word_1_72' title='bbox 1784 1190 2025 1247; x_wconf 84' lang='lat' dir='ltr'><strong><em>Verbum</em></strong></span> 
     </span>
    </p>
   </div>
   <div class='ocr_carea' id='block_1_12' title="bbox 366 1279 2019 1360">
    <p class='ocr_par' dir='ltr' id='par_1_12' title="bbox 366 1279 2019 1360">
     <span class='ocr_line' id='line_1_12' title="bbox 366 1279 2019 1360; baseline -0.008 -14"><span class='ocrx_word' id='word_1_73' title='bbox 366 1299 465 1360; x_wconf 86' lang='lat' dir='ltr'><strong>est,</strong></span> <span class='ocrx_word' id='word_1_74' title='bbox 503 1289 744 1345; x_wconf 80' lang='lat' dir='ltr'>Verbum</span> <span class='ocrx_word' id='word_1_75' title='bbox 771 1306 792 1351; x_wconf 86' lang='lat'><strong><em>;</em></strong></span> <span class='ocrx_word' id='word_1_76' title='bbox 820 1287 912 1344; x_wconf 80' lang='lat' dir='ltr'>sed</span> <span class='ocrx_word' id='word_1_77' title='bbox 942 1287 1023 1343; x_wconf 89' lang='lat' dir='ltr'>vis</span> <span class='ocrx_word' id='word_1_78' title='bbox 1053 1286 1311 1359; x_wconf 69' lang='lat' dir='ltr'><strong>quaedam</strong></span> <span class='ocrx_word' id='word_1_79' title='bbox 1339 1301 1408 1340; x_wconf 84' lang='lat' dir='ltr'>ac</span> <span class='ocrx_word' id='word_1_80' title='bbox 1445 1287 1678 1357; x_wconf 73' lang='lat' dir='ltr'>potestas</span> <span class='ocrx_word' id='word_1_81' title='bbox 1738 1279 1863 1348; x_wconf 88' lang='lat' dir='ltr'><strong>Dei,</strong></span> <span class='ocrx_word' id='word_1_82' title='bbox 1893 1283 2019 1334; x_wconf 87' lang='lat' dir='ltr'><strong>tan-</strong></span> 
     </span>
    </p>
   </div>
   <div class='ocr_carea' id='block_1_13' title="bbox 366 1370 2023 1450">
    <p class='ocr_par' dir='ltr' id='par_1_13' title="bbox 366 1370 2023 1450">
     <span class='ocr_line' id='line_1_13' title="bbox 366 1370 2023 1450; baseline -0.007 -17"><span class='ocrx_word' id='word_1_83' title='bbox 366 1396 529 1450; x_wconf 85' lang='lat' dir='ltr'><strong><em>quam</em></strong></span> <span class='ocrx_word' id='word_1_84' title='bbox 561 1396 593 1433; x_wconf 90' lang='lat' dir='ltr'>a</span> <span class='ocrx_word' id='word_1_85' title='bbox 627 1378 790 1434; x_wconf 83' lang='lat' dir='ltr'><strong>Verbo</strong></span> <span class='ocrx_word' id='word_1_86' title='bbox 820 1377 945 1450; x_wconf 84' lang='lat' dir='ltr'><strong>ipso</strong></span> <span class='ocrx_word' id='word_1_87' title='bbox 975 1378 1272 1448; x_wconf 81' lang='lat' dir='ltr'><strong>proﬂuens,</strong></span> <span class='ocrx_word' id='word_1_88' title='bbox 1305 1391 1458 1431; x_wconf 80' lang='lat' dir='ltr'><strong>mens</strong></span> <span class='ocrx_word' id='word_1_89' title='bbox 1496 1374 1704 1445; x_wconf 78' lang='lat' dir='ltr'><strong>eﬂecta,</strong></span> <span class='ocrx_word' id='word_1_90' title='bbox 1739 1370 2023 1426; x_wconf 83' lang='lat' dir='ltr'>hominum</span> 
     </span>
    </p>
   </div>
   <div class='ocr_carea' id='block_1_14' title="bbox 368 1458 2020 1537">
    <p class='ocr_par' dir='ltr' id='par_1_14' title="bbox 368 1458 2020 1537">
     <span class='ocr_line' id='line_1_14' title="bbox 368 1458 2020 1537; baseline -0.007 -14"><span class='ocrx_word' id='word_1_91' title='bbox 368 1469 582 1523; x_wconf 87' lang='lat' dir='ltr'><strong>animos</strong></span> <span class='ocrx_word' id='word_1_92' title='bbox 611 1469 875 1535; x_wconf 83' lang='lat' dir='ltr'><strong>pervasit.</strong></span> <span class='ocrx_word' id='word_1_93' title='bbox 917 1467 1052 1530; x_wconf 68' lang='lat' dir='ltr'><strong>Quae</strong></span> <span class='ocrx_word' id='word_1_94' title='bbox 1103 1466 1337 1537; x_wconf 83' lang='lat' dir='ltr'>quidem</span> <span class='ocrx_word' id='word_1_95' title='bbox 1397 1462 1648 1519; x_wconf 79' lang='lat' dir='ltr'><strong>omniss.</strong></span> <span class='ocrx_word' id='word_1_96' title='bbox 1707 1458 2020 1529; x_wconf 64' lang='lat' dir='ltr'><strong>Scriptura</strong></span> 
     </span>
    </p>
   </div>
   <div class='ocr_carea' id='block_1_15' title="bbox 369 1549 2024 1629">
    <p class='ocr_par' dir='ltr' id='par_1_15' title="bbox 369 1549 2024 1629">
     <span class='ocr_line' id='line_1_15' title="bbox 369 1549 2024 1629; baseline -0.007 -18"><span class='ocrx_word' id='word_1_97' title='bbox 369 1557 726 1612; x_wconf 89' lang='lat' dir='ltr'><strong>testimoniir</strong></span> <span class='ocrx_word' id='word_1_98' title='bbox 757 1556 986 1629; x_wconf 89' lang='lat' dir='ltr'>aliquot</span> <span class='ocrx_word' id='word_1_99' title='bbox 1015 1561 1278 1611; x_wconf 74' lang='lat' dir='ltr'>astruere</span> <span class='ocrx_word' id='word_1_100' title='bbox 1310 1552 1536 1609; x_wconf 76' lang='lat' dir='ltr'>nititur.</span> <span class='ocrx_word' id='word_1_101' title='bbox 1558 1549 1708 1618; x_wconf 79' lang='lat' dir='ltr'>Quin</span> <span class='ocrx_word' id='word_1_102' title='bbox 1760 1549 1935 1605; x_wconf 82' lang='lat' dir='ltr'><strong>etiam</strong></span> <span class='ocrx_word' id='word_1_103' title='bbox 1965 1549 2024 1602; x_wconf 91' lang='lat' dir='ltr'>et</span> 
     </span>
    </p>
   </div>
   <div class='ocr_carea' id='block_1_16' title="bbox 374 1641 2020 1717">
    <p class='ocr_par' dir='ltr' id='par_1_16' title="bbox 374 1641 2020 1717">
     <span class='ocr_line' id='line_1_16' title="bbox 374 1641 2020 1717; baseline -0.005 -18"><span class='ocrx_word' id='word_1_104' title='bbox 374 1645 488 1700; x_wconf 88' lang='lat' dir='ltr'>alia</span> <span class='ocrx_word' id='word_1_105' title='bbox 518 1646 570 1699; x_wconf 92' lang='lat' dir='ltr'>id</span> <span class='ocrx_word' id='word_1_106' title='bbox 605 1662 792 1717; x_wconf 88' lang='lat' dir='ltr'><strong>genus</strong></span> <span class='ocrx_word' id='word_1_107' title='bbox 839 1649 1112 1701; x_wconf 83' lang='lat' dir='ltr'><strong>sexcenta</strong></span> <span class='ocrx_word' id='word_1_108' title='bbox 1165 1643 1512 1714; x_wconf 88' lang='lat' dir='ltr'>blasphema</span> <span class='ocrx_word' id='word_1_109' title='bbox 1549 1656 1686 1696; x_wconf 89' lang='lat' dir='ltr'><strong>voce</strong></span> <span class='ocrx_word' id='word_1_110' title='bbox 1744 1641 2020 1709; x_wconf 79' lang='lat' dir='ltr'>nugatur,</span> 
     </span>
    </p>
   </div>
   <div class='ocr_carea' id='block_1_17' title="bbox 373 1727 2019 1806">
    <p class='ocr_par' dir='ltr' id='par_1_17' title="bbox 373 1727 2019 1806">
     <span class='ocr_line' id='line_1_17' title="bbox 373 1727 2019 1806; baseline -0.007 -16"><span class='ocrx_word' id='word_1_111' title='bbox 373 1750 474 1790; x_wconf 90' lang='lat' dir='ltr'>seu</span> <span class='ocrx_word' id='word_1_112' title='bbox 513 1735 657 1806; x_wconf 89' lang='lat' dir='ltr'><strong>ipse,</strong></span> <span class='ocrx_word' id='word_1_113' title='bbox 689 1735 810 1790; x_wconf 88' lang='lat' dir='ltr'>sive</span> <span class='ocrx_word' id='word_1_114' title='bbox 839 1734 972 1806; x_wconf 88' lang='lat' dir='ltr'>quis</span> <span class='ocrx_word' id='word_1_115' title='bbox 1005 1733 1177 1801; x_wconf 90' lang='lat' dir='ltr'><strong>alius,</strong></span> <span class='ocrx_word' id='word_1_116' title='bbox 1213 1733 1342 1802; x_wconf 81' lang='lat' dir='ltr'><strong>ejus</strong></span> <span class='ocrx_word' id='word_1_117' title='bbox 1383 1745 1694 1803; x_wconf 80' lang='lat' dir='ltr'>personam</span> <span class='ocrx_word' id='word_1_118' title='bbox 1727 1727 1973 1782; x_wconf 89' lang='lat' dir='ltr'><strong>indutus</strong></span> <span class='ocrx_word' id='word_1_119' title='bbox 2005 1744 2019 1792; x_wconf 85' lang='lat'><strong>;</strong></span> 
     </span>
    </p>
   </div>
   <div class='ocr_carea' id='block_1_18' title="bbox 375 1813 2099 1899">
    <p class='ocr_par' dir='ltr' id='par_1_18' title="bbox 375 1813 2099 1899">
     <span class='ocr_line' id='line_1_18' title="bbox 375 1813 2099 1899; baseline -0.007 -22"><span class='ocrx_word' id='word_1_120' title='bbox 375 1823 548 1894; x_wconf 87' lang='lat' dir='ltr'>plane</span> <span class='ocrx_word' id='word_1_121' title='bbox 582 1827 644 1876; x_wconf 91' lang='lat' dir='ltr'><strong>ut</strong></span> <span class='ocrx_word' id='word_1_122' title='bbox 674 1826 805 1878; x_wconf 90' lang='lat' dir='ltr'><strong>octo</strong></span> <span class='ocrx_word' id='word_1_123' title='bbox 833 1821 993 1893; x_wconf 88' lang='lat' dir='ltr'><strong>ipsos</strong></span> <span class='ocrx_word' id='word_1_124' title='bbox 1035 1821 1236 1875; x_wconf 86' lang='lat' dir='ltr'>Libros</span> <span class='ocrx_word' id='word_1_125' title='bbox 1296 1819 1457 1874; x_wconf 90' lang='lat' dir='ltr'><strong>hisce</strong></span> <span class='ocrx_word' id='word_1_126' title='bbox 1513 1813 2018 1886; x_wconf 77' lang='lat' dir='ltr'>blasphemiawm</span> <span class='ocrx_word' id='word_1_127' title='bbox 2053 1834 2099 1899; x_wconf 80' lang='grc' dir='ltr'>Β</span> 
     </span>
    </p>
   </div>
   <div class='ocr_carea' id='block_1_19' title="bbox 374 1903 2018 1982">
    <p class='ocr_par' dir='ltr' id='par_1_19' title="bbox 374 1903 2018 1982">
     <span class='ocr_line' id='line_1_19' title="bbox 374 1903 2018 1982; baseline -0.007 -16"><span class='ocrx_word' id='word_1_128' title='bbox 374 1911 682 1982; x_wconf 85' lang='lat' dir='ltr'><strong>portentis,</strong></span> <span class='ocrx_word' id='word_1_129' title='bbox 705 1910 776 1966; x_wconf 92' lang='lat' dir='ltr'>de</span> <span class='ocrx_word' id='word_1_130' title='bbox 797 1909 1008 1965; x_wconf 86' lang='lat' dir='ltr'>iisdem</span> <span class='ocrx_word' id='word_1_131' title='bbox 1040 1908 1361 1963; x_wconf 83' lang='lat' dir='ltr'>identidem</span> <span class='ocrx_word' id='word_1_132' title='bbox 1386 1903 1823 1968; x_wconf 87' lang='lat' dir='ltr'><strong>disserendo,ac</strong></span> <span class='ocrx_word' id='word_1_133' title='bbox 1854 1915 2018 1971; x_wconf 88' lang='lat' dir='ltr'><strong>spar-</strong></span> 
     </span>
    </p>
   </div>
   <div class='ocr_carea' id='block_1_20' title="bbox 370 1989 2020 2071">
    <p class='ocr_par' dir='ltr' id='par_1_20' title="bbox 370 1989 2020 2071">
     <span class='ocr_line' id='line_1_20' title="bbox 370 1989 2020 2071; baseline -0.008 -15"><span class='ocrx_word' id='word_1_134' title='bbox 370 2001 485 2056; x_wconf 87' lang='lat' dir='ltr'>sim</span> <span class='ocrx_word' id='word_1_135' title='bbox 517 2008 694 2071; x_wconf 87' lang='lat' dir='ltr'>atque</span> <span class='ocrx_word' id='word_1_136' title='bbox 725 1999 986 2064; x_wconf 80' lang='lat' dir='ltr'><strong>cenfuse,</strong></span> <span class='ocrx_word' id='word_1_137' title='bbox 1021 1996 1203 2052; x_wconf 90' lang='lat' dir='ltr'>veluti</span> <span class='ocrx_word' id='word_1_138' title='bbox 1237 2001 1478 2067; x_wconf 84' lang='lat' dir='ltr'>stupore</span> <span class='ocrx_word' id='word_1_139' title='bbox 1509 1991 1835 2066; x_wconf 88' lang='lat' dir='ltr'><strong>perculsus,</strong></span> <span class='ocrx_word' id='word_1_140' title='bbox 1868 1989 2020 2044; x_wconf 90' lang='lat' dir='ltr'><strong>Scri-</strong></span> 
     </span>
    </p>
   </div>
   <div class='ocr_carea' id='block_1_21' title="bbox 371 2081 2020 2161">
    <p class='ocr_par' dir='ltr' id='par_1_21' title="bbox 371 2081 2020 2161">
     <span class='ocr_line' id='line_1_21' title="bbox 371 2081 2020 2161; baseline -0.006 -19"><span class='ocrx_word' id='word_1_141' title='bbox 371 2094 574 2161; x_wconf 86' lang='lat' dir='ltr'><strong>pturas</strong></span> <span class='ocrx_word' id='word_1_142' title='bbox 607 2084 1333 2161; x_wconf 87' lang='lat' dir='ltr'><strong>producendo,repleverit.</strong></span> <span class='ocrx_word' id='word_1_143' title='bbox 1369 2081 1633 2140; x_wconf 89' lang='lat' dir='ltr'><strong>Universi</strong></span> <span class='ocrx_word' id='word_1_144' title='bbox 1662 2085 1858 2136; x_wconf 89' lang='lat' dir='ltr'><strong>autem</strong></span> <span class='ocrx_word' id='word_1_145' title='bbox 1881 2093 2020 2149; x_wconf 88' lang='lat' dir='ltr'><strong>ope-</strong></span> 
     </span>
    </p>
   </div>
   <div class='ocr_carea' id='block_1_22' title="bbox 368 2167 2020 2248">
    <p class='ocr_par' dir='ltr' id='par_1_22' title="bbox 368 2167 2020 2248">
     <span class='ocr_line' id='line_1_22' title="bbox 368 2167 2020 2248; baseline -0.006 -17"><span class='ocrx_word' id='word_1_146' title='bbox 368 2178 448 2233; x_wconf 84' lang='lat' dir='ltr'><strong>ris</strong></span> <span class='ocrx_word' id='word_1_147' title='bbox 478 2194 692 2248; x_wconf 90' lang='lat' dir='ltr'><strong>scopus</strong></span> <span class='ocrx_word' id='word_1_148' title='bbox 717 2176 901 2232; x_wconf 86' lang='lat' dir='ltr'><strong>fuisse</strong></span> <span class='ocrx_word' id='word_1_149' title='bbox 935 2176 1166 2230; x_wconf 90' lang='lat' dir='ltr'><strong>videtur</strong></span> <span class='ocrx_word' id='word_1_150' title='bbox 1195 2171 1717 2239; x_wconf 81' lang='lat' dir='ltr'><strong>Geneseos,Exodi,</strong></span> <span class='ocrx_word' id='word_1_151' title='bbox 1750 2167 2020 2224; x_wconf 86' lang='lat' dir='ltr'>Psalmo-</span> 
     </span>
    </p>
   </div>
   <div class='ocr_carea' id='block_1_23' title="bbox 371 2260 2024 2336">
    <p class='ocr_par' dir='ltr' id='par_1_23' title="bbox 371 2260 2024 2336">
     <span class='ocr_line' id='line_1_23' title="bbox 371 2260 2024 2336; baseline -0.007 -15"><span class='ocrx_word' id='word_1_152' title='bbox 371 2283 525 2334; x_wconf 90' lang='lat' dir='ltr'>rum,</span> <span class='ocrx_word' id='word_1_153' title='bbox 560 2265 954 2336; x_wconf 77' lang='lat' dir='ltr'>Epistolarum</span> <span class='ocrx_word' id='word_1_154' title='bbox 1005 2265 1063 2320; x_wconf 86' lang='grc' dir='ltr'><strong>Β.</strong></span> <span class='ocrx_word' id='word_1_155' title='bbox 1136 2262 1295 2319; x_wconf 82' lang='lat' dir='ltr'>Pauli</span> <span class='ocrx_word' id='word_1_156' title='bbox 1353 2269 1410 2317; x_wconf 90' lang='lat' dir='ltr'>et</span> <span class='ocrx_word' id='word_1_157' title='bbox 1467 2260 1924 2322; x_wconf 88' lang='lat' dir='ltr'><strong>Catbolicarum,</strong></span> <span class='ocrx_word' id='word_1_158' title='bbox 1957 2272 2024 2311; x_wconf 88' lang='lat' dir='ltr'>ac</span> 
     </span>
    </p>
   </div>
   <div class='ocr_carea' id='block_1_24' title="bbox 374 2346 2023 2427">
    <p class='ocr_par' dir='ltr' id='par_1_24' title="bbox 374 2346 2023 2427">
     <span class='ocr_line' id='line_1_24' title="bbox 374 2346 2023 2427; baseline -0.007 -16"><span class='ocrx_word' id='word_1_159' title='bbox 374 2356 628 2427; x_wconf 85' lang='lat' dir='ltr'>denique</span> <span class='ocrx_word' id='word_1_160' title='bbox 658 2353 1046 2411; x_wconf 88' lang='lat' dir='ltr'><strong>Ecclesiastici</strong></span> <span class='ocrx_word' id='word_1_161' title='bbox 1077 2351 1501 2422; x_wconf 81' lang='lat' dir='ltr'><strong>interpretatio.</strong></span> <span class='ocrx_word' id='word_1_162' title='bbox 1534 2352 1646 2406; x_wconf 87' lang='lat' dir='ltr'><strong>lloc</strong></span> <span class='ocrx_word' id='word_1_163' title='bbox 1675 2349 1912 2404; x_wconf 87' lang='lat' dir='ltr'><strong>interim</strong></span> <span class='ocrx_word' id='word_1_164' title='bbox 1947 2346 2023 2400; x_wconf 82' lang='lat' dir='ltr'>fa-</span> 
     </span>
    </p>
   </div>
   <div class='ocr_carea' id='block_1_25' title="bbox 376 2435 2026 2516">
    <p class='ocr_par' dir='ltr' id='par_1_25' title="bbox 376 2435 2026 2516">
     <span class='ocr_line' id='line_1_25' title="bbox 376 2435 2026 2516; baseline -0.006 -17"><span class='ocrx_word' id='word_1_165' title='bbox 376 2448 537 2500; x_wconf 90' lang='lat' dir='ltr'><strong>tetur</strong></span> <span class='ocrx_word' id='word_1_166' title='bbox 565 2447 712 2516; x_wconf 90' lang='lat' dir='ltr'><strong>ipse,</strong></span> <span class='ocrx_word' id='word_1_167' title='bbox 745 2443 1101 2515; x_wconf 88' lang='lat' dir='ltr'><strong>discipulum</strong></span> <span class='ocrx_word' id='word_1_168' title='bbox 1134 2458 1196 2498; x_wconf 89' lang='lat' dir='ltr'><strong>se</strong></span> <span class='ocrx_word' id='word_1_169' title='bbox 1229 2441 1410 2498; x_wconf 84' lang='lat' dir='ltr'><strong>fuisse</strong></span> <span class='ocrx_word' id='word_1_170' title='bbox 1454 2437 1728 2496; x_wconf 66' lang='lat' dir='ltr'><strong>Pantaeni.</strong></span> <span class='ocrx_word' id='word_1_171' title='bbox 1785 2437 1896 2493; x_wconf 84' lang='lat' dir='ltr'>Sed</span> <span class='ocrx_word' id='word_1_172' title='bbox 1953 2435 2026 2490; x_wconf 89' lang='lat' dir='ltr'><strong>de</strong></span> 
     </span>
    </p>
   </div>
   <div class='ocr_carea' id='block_1_26' title="bbox 377 2532 1145 2606">
    <p class='ocr_par' dir='ltr' id='par_1_26' title="bbox 377 2532 1145 2606">
     <span class='ocr_line' id='line_1_26' title="bbox 377 2532 1145 2606; baseline 0.001 -17"><span class='ocrx_word' id='word_1_173' title='bbox 377 2534 424 2588; x_wconf 85' lang='grc' dir='ltr'><em>Η</em></span> <span class='ocrx_word' id='word_1_174' title='bbox 424 2535 809 2606; x_wconf 78' lang='lat' dir='ltr'><strong>ypolyposibus</strong></span> <span class='ocrx_word' id='word_1_175' title='bbox 839 2532 1145 2590; x_wconf 89' lang='lat' dir='ltr'><strong>hactenus.</strong></span> 
     </span>
    </p>
   </div>
   <div class='ocr_carea' id='block_1_27' title="bbox 447 2659 2023 2738">
    <p class='ocr_par' dir='ltr' id='par_1_27' title="bbox 447 2659 2023 2738">
     <span class='ocr_line' id='line_1_27' title="bbox 447 2659 2023 2738; baseline -0.008 -14"><span class='ocrx_word' id='word_1_176' title='bbox 447 2669 576 2725; x_wconf 89' lang='lat' dir='ltr'>Jam</span> <span class='ocrx_word' id='word_1_177' title='bbox 607 2667 947 2738; x_wconf 71' lang='lat' dir='ltr'>Paedagogus</span> <span class='ocrx_word' id='word_1_178' title='bbox 977 2665 1168 2720; x_wconf 89' lang='lat' dir='ltr'><strong>tribus</strong></span> <span class='ocrx_word' id='word_1_179' title='bbox 1197 2663 1364 2720; x_wconf 87' lang='lat' dir='ltr'>libris</span> <span class='ocrx_word' id='word_1_180' title='bbox 1423 2661 1812 2733; x_wconf 86' lang='lat' dir='ltr'><strong>conscriptus,</strong></span> <span class='ocrx_word' id='word_1_181' title='bbox 1843 2659 2023 2714; x_wconf 88' lang='lat' dir='ltr'><strong>vitam</strong></span> 
     </span>
    </p>
   </div>
   <div class='ocr_carea' id='block_1_28' title="bbox 379 2749 2024 2829">
    <p class='ocr_par' dir='ltr' id='par_1_28' title="bbox 379 2749 2024 2829">
     <span class='ocr_line' id='line_1_28' title="bbox 379 2749 2024 2829; baseline -0.007 -15"><span class='ocrx_word' id='word_1_182' title='bbox 379 2773 690 2829; x_wconf 87' lang='lat' dir='ltr'>moresque</span> <span class='ocrx_word' id='word_1_183' title='bbox 745 2757 1062 2812; x_wconf 79' lang='lat' dir='ltr'><strong>informat:</strong></span> <span class='ocrx_word' id='word_1_184' title='bbox 1113 2753 1329 2826; x_wconf 91' lang='lat' dir='ltr'>quibus</span> <span class='ocrx_word' id='word_1_185' title='bbox 1378 2756 1435 2807; x_wconf 87' lang='lat' dir='ltr'>et</span> <span class='ocrx_word' id='word_1_186' title='bbox 1483 2751 1663 2807; x_wconf 89' lang='lat' dir='ltr'>alium</span> <span class='ocrx_word' id='word_1_187' title='bbox 1712 2749 2024 2821; x_wconf 87' lang='lat' dir='ltr'>quemdam</span> 
     </span>
    </p>
   </div>
   <div class='ocr_carea' id='block_1_29' title="bbox 378 2839 2027 2919">
    <p class='ocr_par' dir='ltr' id='par_1_29' title="bbox 378 2839 2027 2919">
     <span class='ocr_line' id='line_1_29' title="bbox 378 2839 2027 2919; baseline -0.007 -17"><span class='ocrx_word' id='word_1_188' title='bbox 378 2847 670 2919; x_wconf 66' lang='lat' dir='ltr'><strong>praemitit,</strong></span> <span class='ocrx_word' id='word_1_189' title='bbox 733 2845 1125 2916; x_wconf 87' lang='lat' dir='ltr'><strong>adjungitque</strong></span> <span class='ocrx_word' id='word_1_190' title='bbox 1199 2841 1559 2914; x_wconf 82' lang='lat' dir='ltr'>singularem</span> <span class='ocrx_word' id='word_1_191' title='bbox 1617 2839 1856 2904; x_wconf 90' lang='lat' dir='ltr'><strong>librum,</strong></span> <span class='ocrx_word' id='word_1_192' title='bbox 1911 2851 2027 2908; x_wconf 90' lang='lat' dir='ltr'>quo</span> 
     </span>
    </p>
   </div>
   <div class='ocr_carea' id='block_1_30' title="bbox 374 2925 2026 3007">
    <p class='ocr_par' dir='ltr' id='par_1_30' title="bbox 374 2925 2026 3007">
     <span class='ocr_line' id='line_1_30' title="bbox 374 2925 2026 3007; baseline -0.007 -16"><span class='ocrx_word' id='word_1_193' title='bbox 374 2935 638 3007; x_wconf 87' lang='lat' dir='ltr'><strong>gentium</strong></span> <span class='ocrx_word' id='word_1_194' title='bbox 669 2933 1282 3005; x_wconf 82' lang='lat' dir='ltr'><strong>refellitimpietatem.</strong></span> <span class='ocrx_word' id='word_1_195' title='bbox 1309 2930 1454 2985; x_wconf 79' lang='lat' dir='ltr'>Nibil</span> <span class='ocrx_word' id='word_1_196' title='bbox 1489 2932 1682 2984; x_wconf 89' lang='lat' dir='ltr'><strong>autem</strong></span> <span class='ocrx_word' id='word_1_197' title='bbox 1705 2925 1899 2983; x_wconf 88' lang='lat' dir='ltr'>simile</span> <span class='ocrx_word' id='word_1_198' title='bbox 1922 2925 2026 2980; x_wconf 88' lang='lat' dir='ltr'>ba-</span> 
     </span>
    </p>
   </div>
   <div class='ocr_carea' id='block_1_31' title="bbox 379 3017 2030 3091">
    <p class='ocr_par' dir='ltr' id='par_1_31' title="bbox 379 3017 2030 3091">
     <span class='ocr_line' id='line_1_31' title="bbox 379 3017 2030 3091; baseline -0.007 -13"><span class='ocrx_word' id='word_1_199' title='bbox 379 3025 527 3078; x_wconf 87' lang='lat' dir='ltr'><strong>beos</strong></span> <span class='ocrx_word' id='word_1_200' title='bbox 559 3023 616 3077; x_wconf 89' lang='lat' dir='ltr'>bi</span> <span class='ocrx_word' id='word_1_201' title='bbox 638 3038 844 3078; x_wconf 89' lang='lat' dir='ltr'><strong>omnes</strong></span> <span class='ocrx_word' id='word_1_202' title='bbox 877 3037 1011 3076; x_wconf 90' lang='lat' dir='ltr'>cum</span> <span class='ocrx_word' id='word_1_203' title='bbox 1046 3017 1761 3091; x_wconf 82' lang='lat' dir='ltr'><strong>Hypotyposibus,quando</strong></span> <span class='ocrx_word' id='word_1_204' title='bbox 1819 3019 1876 3069; x_wconf 90' lang='lat' dir='ltr'>et</span> <span class='ocrx_word' id='word_1_205' title='bbox 1905 3017 2030 3068; x_wconf 88' lang='lat' dir='ltr'><strong>sto-</strong></span> 
     </span>
    </p>
   </div>
   <div class='ocr_carea' id='block_1_32' title="bbox 373 3105 2026 3181">
    <p class='ocr_par' dir='ltr' id='par_1_32' title="bbox 373 3105 2026 3181">
     <span class='ocr_line' id='line_1_32' title="bbox 373 3105 2026 3181; baseline -0.005 -16"><span class='ocrx_word' id='word_1_206' title='bbox 373 3111 512 3165; x_wconf 85' lang='lat' dir='ltr'>lidis</span> <span class='ocrx_word' id='word_1_207' title='bbox 531 3110 648 3166; x_wconf 89' lang='lat' dir='ltr'>illis</span> <span class='ocrx_word' id='word_1_208' title='bbox 663 3126 729 3165; x_wconf 90' lang='lat' dir='ltr'>ac</span> <span class='ocrx_word' id='word_1_209' title='bbox 749 3108 1107 3181; x_wconf 81' lang='lat' dir='ltr'>blasphemis</span> <span class='ocrx_word' id='word_1_210' title='bbox 1126 3108 1519 3178; x_wconf 89' lang='lat' dir='ltr'>opiononibus</span> <span class='ocrx_word' id='word_1_211' title='bbox 1538 3105 1780 3160; x_wconf 87' lang='lat' dir='ltr'><strong>omnino</strong></span> <span class='ocrx_word' id='word_1_212' title='bbox 1796 3107 2026 3167; x_wconf 87' lang='lat' dir='ltr'><strong>vacant,</strong></span> 
     </span>
    </p>
   </div>
   <div class='ocr_carea' id='block_1_33' title="bbox 376 3196 2104 3269">
    <p class='ocr_par' dir='ltr' id='par_1_33' title="bbox 376 3196 2104 3269">
     <span class='ocr_line' id='line_1_33' title="bbox 376 3196 2104 3269; baseline -0.005 -14"><span class='ocrx_word' id='word_1_213' title='bbox 376 3205 434 3255; x_wconf 88' lang='lat' dir='ltr'><strong>et</strong></span> <span class='ocrx_word' id='word_1_214' title='bbox 465 3199 643 3254; x_wconf 88' lang='lat' dir='ltr'>dictio</span> <span class='ocrx_word' id='word_1_215' title='bbox 670 3198 794 3269; x_wconf 81' lang='lat' dir='ltr'><strong>ipsa</strong></span> <span class='ocrx_word' id='word_1_216' title='bbox 827 3198 884 3252; x_wconf 93' lang='lat' dir='ltr'>in</span> <span class='ocrx_word' id='word_1_217' title='bbox 917 3196 1008 3252; x_wconf 89' lang='lat' dir='ltr'>bis</span> <span class='ocrx_word' id='word_1_218' title='bbox 1031 3196 1375 3252; x_wconf 84' lang='lat' dir='ltr'><strong>ﬂoridiorad</strong></span> <span class='ocrx_word' id='word_1_219' title='bbox 1403 3199 1786 3266; x_wconf 86' lang='lat' dir='ltr'><strong>temperatam</strong></span> <span class='ocrx_word' id='word_1_220' title='bbox 1819 3206 2028 3263; x_wconf 87' lang='lat' dir='ltr'><strong>quam-</strong></span> <span class='ocrx_word' id='word_1_221' title='bbox 2060 3201 2104 3268; x_wconf 72' lang='grc' dir='ltr'>α</span> 
     </span>
    </p>
   </div>
   <div class='ocr_carea' id='block_1_34' title="bbox 379 3280 2030 3360">
    <p class='ocr_par' dir='ltr' id='par_1_34' title="bbox 379 3280 2030 3360">
     <span class='ocr_line' id='line_1_34' title="bbox 379 3280 2030 3360; baseline -0.006 -16"><span class='ocrx_word' id='word_1_222' title='bbox 379 3289 513 3344; x_wconf 91' lang='lat' dir='ltr'>dam</span> <span class='ocrx_word' id='word_1_223' title='bbox 545 3287 891 3360; x_wconf 82' lang='lat' dir='ltr'><strong>gravitatem</strong></span> <span class='ocrx_word' id='word_1_224' title='bbox 925 3301 1041 3341; x_wconf 91' lang='lat' dir='ltr'><strong>non</strong></span> <span class='ocrx_word' id='word_1_225' title='bbox 1073 3286 1201 3341; x_wconf 92' lang='lat' dir='ltr'><strong>sine</strong></span> <span class='ocrx_word' id='word_1_226' title='bbox 1223 3285 1602 3354; x_wconf 82' lang='lat' dir='ltr'><strong>jucunditate</strong></span> <span class='ocrx_word' id='word_1_227' title='bbox 1658 3280 1938 3352; x_wconf 78' lang='lat' dir='ltr'><strong>assurgit,</strong></span> <span class='ocrx_word' id='word_1_228' title='bbox 1971 3283 2030 3334; x_wconf 91' lang='lat' dir='ltr'><strong>et</strong></span> 
     </span>
    </p>
   </div>
   <div class='ocr_carea' id='block_1_35' title="bbox 381 3367 2030 3445">
    <p class='ocr_par' dir='ltr' id='par_1_35' title="bbox 381 3367 2030 3445">
     <span class='ocr_line' id='line_1_35' title="bbox 381 3367 2030 3445; baseline -0.005 -15"><span class='ocrx_word' id='word_1_229' title='bbox 381 3376 534 3430; x_wconf 81' lang='lat' dir='ltr'>varia</span> <span class='ocrx_word' id='word_1_230' title='bbox 562 3375 682 3443; x_wconf 92' lang='lat' dir='ltr'>illa,</span> <span class='ocrx_word' id='word_1_231' title='bbox 717 3391 844 3445; x_wconf 78' lang='lat' dir='ltr'><strong>quae</strong></span> <span class='ocrx_word' id='word_1_232' title='bbox 877 3375 935 3427; x_wconf 89' lang='lat' dir='ltr'>in</span> <span class='ocrx_word' id='word_1_233' title='bbox 967 3374 1040 3428; x_wconf 87' lang='lat' dir='ltr'>iis</span> <span class='ocrx_word' id='word_1_234' title='bbox 1070 3379 1179 3439; x_wconf 89' lang='lat' dir='ltr'><strong>est,</strong></span> <span class='ocrx_word' id='word_1_235' title='bbox 1212 3388 1407 3426; x_wconf 91' lang='lat' dir='ltr'><strong>rerum</strong></span> <span class='ocrx_word' id='word_1_236' title='bbox 1440 3370 1715 3441; x_wconf 84' lang='lat' dir='ltr'>cognitio,</span> <span class='ocrx_word' id='word_1_237' title='bbox 1748 3369 1896 3424; x_wconf 86' lang='lat' dir='ltr'><strong>nihil</strong></span> <span class='ocrx_word' id='word_1_238' title='bbox 1926 3367 2030 3423; x_wconf 89' lang='lat' dir='ltr'>ba-</span> 
     </span>
    </p>
   </div>
   <div class='ocr_carea' id='block_1_36' title="bbox 384 3457 2030 3516">
    <p class='ocr_par' dir='ltr' id='par_1_36' title="bbox 384 3457 2030 3516">
     <span class='ocr_line' id='line_1_36' title="bbox 384 3457 2030 3516; baseline -0.004 0"><span class='ocrx_word' id='word_1_239' title='bbox 384 3464 482 3516; x_wconf 90' lang='lat' dir='ltr'><strong>bet</strong></span> <span class='ocrx_word' id='word_1_240' title='bbox 512 3463 710 3516; x_wconf 89' lang='lat' dir='ltr'>minus</span> <span class='ocrx_word' id='word_1_241' title='bbox 750 3460 1403 3516; x_wconf 85' lang='lat' dir='ltr'><strong>conveniens.Extremo</strong></span> <span class='ocrx_word' id='word_1_242' title='bbox 1433 3475 1567 3514; x_wconf 86' lang='lat' dir='ltr'><strong>vero</strong></span> <span class='ocrx_word' id='word_1_243' title='bbox 1594 3458 1743 3513; x_wconf 88' lang='lat' dir='ltr'>libro</span> <span class='ocrx_word' id='word_1_244' title='bbox 1761 3459 1937 3512; x_wconf 91' lang='lat' dir='ltr'><strong>etiam</strong></span> <span class='ocrx_word' id='word_1_245' title='bbox 1959 3457 2030 3510; x_wconf 91' lang='lat' dir='ltr'><strong>de</strong></span> 
     </span>
    </p>
   </div>
   <div class='ocr_carea' id='block_1_37' title="bbox 391 3547 1204 3621">
    <p class='ocr_par' dir='ltr' id='par_1_37' title="bbox 391 3547 1204 3621">
     <span class='ocr_line' id='line_1_37' title="bbox 391 3547 1204 3621; baseline -0.002 -17"><span class='ocrx_word' id='word_1_246' title='bbox 391 3549 753 3621; x_wconf 86' lang='lat' dir='ltr'>imaginibus</span> <span class='ocrx_word' id='word_1_247' title='bbox 783 3547 1204 3604; x_wconf 87' lang='lat' dir='ltr'>commeminit.</span> 
     </span>
    </p>
   </div>
   <div class='ocr_carea' id='block_1_38' title="bbox 464 3669 2033 3743">
    <p class='ocr_par' dir='ltr' id='par_1_38' title="bbox 464 3669 2033 3743">
     <span class='ocr_line' id='line_1_38' title="bbox 464 3669 2033 3743; baseline -0.003 -15"><span class='ocrx_word' id='word_1_248' title='bbox 464 3673 804 3728; x_wconf 82' lang='lat' dir='ltr'><strong>Stromateon</strong></span> <span class='ocrx_word' id='word_1_249' title='bbox 838 3676 1032 3727; x_wconf 80' lang='lat' dir='ltr'><strong>autem</strong></span> <span class='ocrx_word' id='word_1_250' title='bbox 1064 3670 1194 3726; x_wconf 87' lang='lat' dir='ltr'>libri</span> <span class='ocrx_word' id='word_1_251' title='bbox 1229 3687 1466 3743; x_wconf 89' lang='lat' dir='ltr'>quoque</span> <span class='ocrx_word' id='word_1_252' title='bbox 1515 3675 1644 3726; x_wconf 87' lang='lat' dir='ltr'><strong>octo</strong></span> <span class='ocrx_word' id='word_1_253' title='bbox 1711 3673 1874 3737; x_wconf 89' lang='lat' dir='ltr'><strong>sunt,</strong></span> <span class='ocrx_word' id='word_1_254' title='bbox 1930 3669 2033 3724; x_wconf 93' lang='lat' dir='ltr'>ad-</span> 
     </span>
    </p>
   </div>
   <div class='ocr_carea' id='block_1_39' title="bbox 389 3757 2029 3833">
    <p class='ocr_par' dir='ltr' id='par_1_39' title="bbox 389 3757 2029 3833">
     <span class='ocr_line' id='line_1_39' title="bbox 389 3757 2029 3833; baseline -0.004 -15"><span class='ocrx_word' id='word_1_255' title='bbox 389 3778 592 3818; x_wconf 86' lang='lat' dir='ltr'><strong>versus</strong></span> <span class='ocrx_word' id='word_1_256' title='bbox 623 3777 877 3833; x_wconf 79' lang='lat' dir='ltr'><strong>paganos</strong></span> <span class='ocrx_word' id='word_1_257' title='bbox 889 3764 1064 3832; x_wconf 88' lang='lat' dir='ltr'>atque</span> <span class='ocrx_word' id='word_1_258' title='bbox 1087 3759 1340 3815; x_wconf 69' lang='lat' dir='ltr'><strong>bmreses</strong></span> <span class='ocrx_word' id='word_1_259' title='bbox 1358 3757 2029 3832; x_wconf 83' lang='lat' dir='ltr'><strong>pugnaminstituentes;</strong></span> 
     </span>
    </p>
   </div>
   <div class='ocr_carea' id='block_1_40' title="bbox 388 3846 2032 3921">
    <p class='ocr_par' dir='ltr' id='par_1_40' title="bbox 388 3846 2032 3921">
     <span class='ocr_line' id='line_1_40' title="bbox 388 3846 2032 3921; baseline -0.002 -16"><span class='ocrx_word' id='word_1_260' title='bbox 388 3851 448 3905; x_wconf 91' lang='lat' dir='ltr'>in</span> <span class='ocrx_word' id='word_1_261' title='bbox 491 3849 704 3921; x_wconf 90' lang='lat' dir='ltr'>quibus</span> <span class='ocrx_word' id='word_1_262' title='bbox 757 3847 897 3904; x_wconf 90' lang='lat' dir='ltr'><strong>item</strong></span> <span class='ocrx_word' id='word_1_263' title='bbox 956 3847 1232 3920; x_wconf 87' lang='lat' dir='ltr'><strong>sparsim,</strong></span> <span class='ocrx_word' id='word_1_264' title='bbox 1287 3852 1345 3903; x_wconf 86' lang='lat' dir='ltr'>et</span> <span class='ocrx_word' id='word_1_265' title='bbox 1402 3865 1517 3904; x_wconf 93' lang='lat' dir='ltr'><strong>non</strong></span> <span class='ocrx_word' id='word_1_266' title='bbox 1583 3847 1786 3903; x_wconf 90' lang='lat' dir='ltr'><strong>ordine</strong></span> <span class='ocrx_word' id='word_1_267' title='bbox 1843 3846 2032 3918; x_wconf 79' lang='lat' dir='ltr'><strong>capita</strong></span> 
     </span>
    </p>
   </div>
   <div class='ocr_carea' id='block_1_41' title="bbox 389 3937 2030 4010">
    <p class='ocr_par' dir='ltr' id='par_1_41' title="bbox 389 3937 2030 4010">
     <span class='ocr_line' id='line_1_41' title="bbox 389 3937 2030 4010; baseline -0.002 -16"><span class='ocrx_word' id='word_1_268' title='bbox 389 3941 898 4007; x_wconf 79' lang='lat' dir='ltr'><strong>recentur;cujus</strong></span> <span class='ocrx_word' id='word_1_269' title='bbox 956 3938 1121 4010; x_wconf 84' lang='lat' dir='ltr'>quasi</span> <span class='ocrx_word' id='word_1_270' title='bbox 1181 3937 1466 3992; x_wconf 87' lang='lat' dir='ltr'><strong>rationem</strong></span> <span class='ocrx_word' id='word_1_271' title='bbox 1525 3937 1764 3992; x_wconf 86' lang='lat' dir='ltr'><strong>reddere</strong></span> <span class='ocrx_word' id='word_1_272' title='bbox 1817 3937 1877 3991; x_wconf 94' lang='lat' dir='ltr'><strong>in</strong></span> <span class='ocrx_word' id='word_1_273' title='bbox 1935 3952 2030 3991; x_wconf 84' lang='lat' dir='ltr'><strong>ex-</strong></span> 
     </span>
    </p>
   </div>
   <div class='ocr_carea' id='block_1_42' title="bbox 389 4025 2035 4098">
    <p class='ocr_par' dir='ltr' id='par_1_42' title="bbox 389 4025 2035 4098">
     <span class='ocr_line' id='line_1_42' title="bbox 389 4025 2035 4098; baseline -0.001 -17"><span class='ocrx_word' id='word_1_274' title='bbox 389 4034 576 4082; x_wconf 86' lang='lat' dir='ltr'><strong>tremo</strong></span> <span class='ocrx_word' id='word_1_275' title='bbox 608 4025 755 4080; x_wconf 88' lang='lat' dir='ltr'>libro</span> <span class='ocrx_word' id='word_1_276' title='bbox 786 4026 1038 4098; x_wconf 85' lang='lat' dir='ltr'><strong>septimo</strong></span> <span class='ocrx_word' id='word_1_277' title='bbox 1070 4025 1230 4080; x_wconf 87' lang='lat' dir='ltr'><strong>hisce</strong></span> <span class='ocrx_word' id='word_1_278' title='bbox 1259 4027 1374 4081; x_wconf 81' lang='lat' dir='ltr'><strong>fere</strong></span> <span class='ocrx_word' id='word_1_279' title='bbox 1403 4025 1594 4080; x_wconf 80' lang='lat' dir='ltr'>verbis</span> <span class='ocrx_word' id='word_1_280' title='bbox 1627 4026 1856 4079; x_wconf 87' lang='lat' dir='ltr'><strong>videtur</strong></span> <span class='ocrx_word' id='word_1_281' title='bbox 1891 4026 2035 4080; x_wconf 76' lang='lat' dir='ltr'><strong>:Ha&#39;c</strong></span> 
     </span>
    </p>
   </div>
   <div class='ocr_carea' id='block_1_43' title="bbox 390 4115 2032 4188">
    <p class='ocr_par' dir='ltr' id='par_1_43' title="bbox 390 4115 2032 4188">
     <span class='ocr_line' id='line_1_43' title="bbox 390 4115 2032 4188; baseline -0.001 -17"><span class='ocrx_word' id='word_1_282' title='bbox 390 4133 512 4171; x_wconf 85' lang='lat' dir='ltr'>cum</span> <span class='ocrx_word' id='word_1_283' title='bbox 545 4133 578 4169; x_wconf 91' lang='lat' dir='ltr'>a</span> <span class='ocrx_word' id='word_1_284' title='bbox 604 4115 760 4170; x_wconf 79' lang='lat' dir='ltr'><strong>nobis</strong></span> <span class='ocrx_word' id='word_1_285' title='bbox 779 4117 898 4185; x_wconf 82' lang='lat' dir='ltr'><strong>jam</strong></span> <span class='ocrx_word' id='word_1_286' title='bbox 928 4121 1095 4170; x_wconf 74' lang='lat' dir='ltr'><strong>antea</strong></span> <span class='ocrx_word' id='word_1_287' title='bbox 1123 4117 1464 4188; x_wconf 77' lang='lat' dir='ltr'><strong>pertractata</strong></span> <span class='ocrx_word' id='word_1_288' title='bbox 1517 4116 1648 4181; x_wconf 84' lang='lat' dir='ltr'><strong>sint,</strong></span> <span class='ocrx_word' id='word_1_289' title='bbox 1708 4119 1758 4170; x_wconf 88' lang='lat' dir='ltr'>et</span> <span class='ocrx_word' id='word_1_290' title='bbox 1816 4129 2032 4169; x_wconf 89' lang='lat' dir='ltr'><strong>morum</strong></span> 
     </span>
    </p>
   </div>
   <div class='ocr_carea' id='block_1_44' title="bbox 391 4203 2034 4275">
    <p class='ocr_par' dir='ltr' id='par_1_44' title="bbox 391 4203 2034 4275">
     <span class='ocr_line' id='line_1_44' title="bbox 391 4203 2034 4275; baseline -0.001 -15"><span class='ocrx_word' id='word_1_291' title='bbox 391 4207 491 4260; x_wconf 82' lang='lat' dir='ltr'><strong>illa</strong></span> <span class='ocrx_word' id='word_1_292' title='bbox 521 4203 725 4259; x_wconf 82' lang='lat' dir='ltr'><strong>rudior</strong></span> <span class='ocrx_word' id='word_1_293' title='bbox 749 4205 1002 4274; x_wconf 81' lang='lat' dir='ltr'><strong>formula</strong></span> <span class='ocrx_word' id='word_1_294' title='bbox 1029 4220 1128 4275; x_wconf 85' lang='lat' dir='ltr'><strong>per</strong></span> <span class='ocrx_word' id='word_1_295' title='bbox 1154 4221 1367 4258; x_wconf 88' lang='lat' dir='ltr'><strong>summa</strong></span> <span class='ocrx_word' id='word_1_296' title='bbox 1390 4204 1534 4259; x_wconf 81' lang='lat' dir='ltr'><strong>velut</strong></span> <span class='ocrx_word' id='word_1_297' title='bbox 1552 4203 2034 4274; x_wconf 83' lang='lat' dir='ltr'><strong>capita,quantum</strong></span> 
     </span>
    </p>
   </div>
   <div class='ocr_carea' id='block_1_45' title="bbox 385 4291 2035 4364">
    <p class='ocr_par' dir='ltr' id='par_1_45' title="bbox 385 4291 2035 4364">
     <span class='ocr_line' id='line_1_45' title="bbox 385 4291 2035 4364; baseline -0.001 -16"><span class='ocrx_word' id='word_1_298' title='bbox 385 4292 624 4364; x_wconf 69' lang='lat' dir='ltr'><strong>polliciti</strong></span> <span class='ocrx_word' id='word_1_299' title='bbox 650 4309 858 4358; x_wconf 83' lang='lat' dir='ltr'><strong>sumus,</strong></span> <span class='ocrx_word' id='word_1_300' title='bbox 891 4294 1131 4364; x_wconf 75' lang='lat' dir='ltr'><strong>sparsim</strong></span> <span class='ocrx_word' id='word_1_301' title='bbox 1157 4292 1454 4362; x_wconf 81' lang='lat' dir='ltr'><strong>descrepta,</strong></span> <span class='ocrx_word' id='word_1_302' title='bbox 1481 4294 1571 4356; x_wconf 88' lang='lat' dir='ltr'><strong>iis,</strong></span> <span class='ocrx_word' id='word_1_303' title='bbox 1603 4306 1727 4362; x_wconf 69' lang='lat' dir='ltr'>qua?</span> <span class='ocrx_word' id='word_1_304' title='bbox 1743 4291 1812 4345; x_wconf 83' lang='lat' dir='ltr'>ad</span> <span class='ocrx_word' id='word_1_305' title='bbox 1841 4307 2035 4346; x_wconf 85' lang='lat' dir='ltr'><strong>veram</strong></span> 
     </span>
    </p>
   </div>
   <div class='ocr_carea' id='block_1_46' title="bbox 386 4381 2034 4452">
    <p class='ocr_par' dir='ltr' id='par_1_46' title="bbox 386 4381 2034 4452">
     <span class='ocr_line' id='line_1_46' title="bbox 386 4381 2034 4452; baseline -0.004 -12"><span class='ocrx_word' id='word_1_306' title='bbox 386 4386 629 4441; x_wconf 71' lang='lat' dir='ltr'><strong>excitant</strong></span> <span class='ocrx_word' id='word_1_307' title='bbox 657 4384 1042 4451; x_wconf 77' lang='lat' dir='ltr'><strong>cognitionem,</strong></span> <span class='ocrx_word' id='word_1_308' title='bbox 1070 4381 1420 4452; x_wconf 78' lang='lat' dir='ltr'><strong>dogmatibus</strong></span> <span class='ocrx_word' id='word_1_309' title='bbox 1452 4384 1528 4436; x_wconf 83' lang='lat' dir='ltr'>ita</span> <span class='ocrx_word' id='word_1_310' title='bbox 1559 4381 1649 4435; x_wconf 88' lang='lat' dir='ltr'><strong>hic</strong></span> <span class='ocrx_word' id='word_1_311' title='bbox 1678 4381 1799 4436; x_wconf 84' lang='lat' dir='ltr'><strong>illic</strong></span> <span class='ocrx_word' id='word_1_312' title='bbox 1817 4383 2034 4451; x_wconf 86' lang='lat' dir='ltr'><strong>insper-</strong></span> 
     </span>
    </p>
   </div>
   <div class='ocr_carea' id='block_1_47' title="bbox 386 4468 2033 4542">
    <p class='ocr_par' dir='ltr' id='par_1_47' title="bbox 386 4468 2033 4542">
     <span class='ocr_line' id='line_1_47' title="bbox 386 4468 2033 4542; baseline 0 -17"><span class='ocrx_word' id='word_1_313' title='bbox 386 4472 463 4526; x_wconf 84' lang='lat' dir='ltr'>sis</span> <span class='ocrx_word' id='word_1_314' title='bbox 487 4488 500 4528; x_wconf 91' lang='lat'><strong>:</strong></span> <span class='ocrx_word' id='word_1_315' title='bbox 534 4475 593 4526; x_wconf 80' lang='lat' dir='ltr'><strong>ut</strong></span> <span class='ocrx_word' id='word_1_316' title='bbox 620 4488 706 4528; x_wconf 84' lang='lat' dir='ltr'><strong>res</strong></span> <span class='ocrx_word' id='word_1_317' title='bbox 739 4471 865 4526; x_wconf 77' lang='lat' dir='ltr'><strong>illas</strong></span> <span class='ocrx_word' id='word_1_318' title='bbox 895 4487 1083 4526; x_wconf 82' lang='lat' dir='ltr'><strong>sacras</strong></span> <span class='ocrx_word' id='word_1_319' title='bbox 1111 4473 1306 4526; x_wconf 84' lang='lat' dir='ltr'><strong>nactus</strong></span> <span class='ocrx_word' id='word_1_320' title='bbox 1326 4468 1723 4542; x_wconf 80' lang='lat' dir='ltr'><strong>quispiam,qui</strong></span> <span class='ocrx_word' id='word_1_321' title='bbox 1750 4469 2033 4540; x_wconf 81' lang='lat' dir='ltr'><strong>mysteriis</strong></span> 
     </span>
    </p>
   </div>
   <div class='ocr_carea' id='block_1_48' title="bbox 2127 559 3771 636">
    <p class='ocr_par' dir='ltr' id='par_1_48' title="bbox 2127 559 3771 636">
     <span class='ocr_line' id='line_1_48' title="bbox 2127 559 3771 636; baseline 0 -22"><span class='ocrx_word' id='word_1_322' title='bbox 2127 559 2406 630; x_wconf 87' lang='grc' dir='ltr'>βούλεται,</span> <span class='ocrx_word' id='word_1_323' title='bbox 2459 559 2585 616; x_wconf 80' lang='grc' dir='ltr'>ἀλλ’</span> <span class='ocrx_word' id='word_1_324' title='bbox 2641 560 2887 636; x_wconf 62' lang='grc' dir='ltr'>αἰσχρῶς</span> <span class='ocrx_word' id='word_1_325' title='bbox 2943 580 3002 615; x_wconf 86' lang='grc' dir='ltr'>τε</span> <span class='ocrx_word' id='word_1_326' title='bbox 3055 561 3146 615; x_wconf 80' lang='grc' dir='ltr'>καὶ</span> <span class='ocrx_word' id='word_1_327' title='bbox 3191 560 3362 625; x_wconf 79' lang='grc' dir='ltr'>ἀθέως</span> <span class='ocrx_word' id='word_1_328' title='bbox 3393 559 3771 636; x_wconf 77' lang='grc' dir='ltr'>ἀποφαίνεται·</span> 
     </span>
    </p>
   </div>
   <div class='ocr_carea' id='block_1_49' title="bbox 2127 645 3772 727">
    <p class='ocr_par' dir='ltr' id='par_1_49' title="bbox 2127 645 3772 727">
     <span class='ocr_line' id='line_1_49' title="bbox 2127 645 3772 727; baseline -0.001 -25"><span class='ocrx_word' id='word_1_329' title='bbox 2127 647 2411 723; x_wconf 83' lang='grc' dir='ltr'>μίγνυσθαί</span> <span class='ocrx_word' id='word_1_330' title='bbox 2439 670 2498 705; x_wconf 85' lang='grc' dir='ltr'>τε</span> <span class='ocrx_word' id='word_1_331' title='bbox 2525 649 2652 712; x_wconf 80' lang='grc' dir='ltr'>τοὺς</span> <span class='ocrx_word' id='word_1_332' title='bbox 2701 649 2968 727; x_wconf 85' lang='grc' dir='ltr'>ἀγγέλους</span> <span class='ocrx_word' id='word_1_333' title='bbox 3005 649 3237 727; x_wconf 79' lang='grc' dir='ltr'>γυναιξὶ,</span> <span class='ocrx_word' id='word_1_334' title='bbox 3283 647 3374 704; x_wconf 83' lang='grc' dir='ltr'>καὶ</span> <span class='ocrx_word' id='word_1_335' title='bbox 3425 645 3772 704; x_wconf 82' lang='grc' dir='ltr'>παιδοποιεῖν</span> 
     </span>
    </p>
   </div>
   <div class='ocr_carea' id='block_1_50' title="bbox 2124 735 3773 813">
    <p class='ocr_par' dir='ltr' id='par_1_50' title="bbox 2124 735 3773 813">
     <span class='ocr_line' id='line_1_50' title="bbox 2124 735 3773 813; baseline -0.001 -21"><span class='ocrx_word' id='word_1_336' title='bbox 2124 735 2177 808; x_wconf 79' lang='grc' dir='ltr'>ἐξ</span> <span class='ocrx_word' id='word_1_337' title='bbox 2209 737 2384 792; x_wconf 89' lang='grc' dir='ltr'>αύτῶν</span> <span class='ocrx_word' id='word_1_338' title='bbox 2422 737 2789 812; x_wconf 80' lang='grc' dir='ltr'>ὀνειροπολεῖ.</span> <span class='ocrx_word' id='word_1_339' title='bbox 2841 738 2946 796; x_wconf 82' lang='grc' dir='ltr'>Καὶ</span> <span class='ocrx_word' id='word_1_340' title='bbox 2979 739 3057 812; x_wconf 80' lang='grc' dir='ltr'>μὴ</span> <span class='ocrx_word' id='word_1_341' title='bbox 3089 745 3440 813; x_wconf 81' lang='grc' dir='ltr'>σαρκωθῆναι</span> <span class='ocrx_word' id='word_1_342' title='bbox 3471 738 3562 792; x_wconf 87' lang='grc' dir='ltr'>τὸν</span> <span class='ocrx_word' id='word_1_343' title='bbox 3597 736 3773 811; x_wconf 84' lang='grc' dir='ltr'>Λόγον</span> 
     </span>
    </p>
   </div>
   <div class='ocr_carea' id='block_1_51' title="bbox 2125 823 3774 903">
    <p class='ocr_par' dir='ltr' id='par_1_51' title="bbox 2125 823 3774 903">
     <span class='ocr_line' id='line_1_51' title="bbox 2125 823 3774 903; baseline 0 -23"><span class='ocrx_word' id='word_1_344' title='bbox 2125 824 2272 880; x_wconf 77' lang='grc' dir='ltr'>ἀλλά</span> <span class='ocrx_word' id='word_1_345' title='bbox 2314 823 2484 896; x_wconf 80' lang='grc' dir='ltr'>δόξαι.</span> <span class='ocrx_word' id='word_1_346' title='bbox 2542 826 2751 902; x_wconf 84' lang='grc' dir='ltr'>Λόγους</span> <span class='ocrx_word' id='word_1_347' title='bbox 2792 848 2850 882; x_wconf 89' lang='grc' dir='ltr'>τε</span> <span class='ocrx_word' id='word_1_348' title='bbox 2896 831 2997 882; x_wconf 81' lang='grc' dir='ltr'>τοῦ</span> <span class='ocrx_word' id='word_1_349' title='bbox 3032 827 3243 903; x_wconf 85' lang='grc' dir='ltr'>ΙΙατρὸς</span> <span class='ocrx_word' id='word_1_350' title='bbox 3277 823 3373 880; x_wconf 90' lang='grc' dir='ltr'>δύο</span> <span class='ocrx_word' id='word_1_351' title='bbox 3419 823 3774 900; x_wconf 81' lang='grc' dir='ltr'>τετραλογῶν</span> 
     </span>
    </p>
   </div>
   <div class='ocr_carea' id='block_1_52' title="bbox 2126 912 3779 991">
    <p class='ocr_par' dir='ltr' id='par_1_52' title="bbox 2126 912 3779 991">
     <span class='ocr_line' id='line_1_52' title="bbox 2126 912 3779 991; baseline -0.001 -23"><span class='ocrx_word' id='word_1_352' title='bbox 2126 912 2490 991; x_wconf 81' lang='grc' dir='ltr'>ἀπολέγχεται</span> <span class='ocrx_word' id='word_1_353' title='bbox 2572 917 2648 970; x_wconf 83' lang='grc' dir='ltr'>ὧν</span> <span class='ocrx_word' id='word_1_354' title='bbox 2677 915 2769 971; x_wconf 88' lang='grc' dir='ltr'>τὸν</span> <span class='ocrx_word' id='word_1_355' title='bbox 2827 915 3028 986; x_wconf 72' lang='grc' dir='ltr'>ἥττονα</span> <span class='ocrx_word' id='word_1_356' title='bbox 3081 919 3198 978; x_wconf 87' lang='grc' dir='ltr'>τοῖς</span> <span class='ocrx_word' id='word_1_357' title='bbox 3241 913 3548 988; x_wconf 81' lang='grc' dir='ltr'>ἀνθρώποις</span> <span class='ocrx_word' id='word_1_358' title='bbox 3581 913 3779 988; x_wconf 85' lang='grc' dir='ltr'>έπιφα-</span> 
     </span>
    </p>
   </div>
   <div class='ocr_carea' id='block_1_53' title="bbox 2124 1001 3780 1080">
    <p class='ocr_par' dir='ltr' id='par_1_53' title="bbox 2124 1001 3780 1080">
     <span class='ocr_line' id='line_1_53' title="bbox 2124 1001 3780 1080; baseline 0 -24"><span class='ocrx_word' id='word_1_359' title='bbox 2124 1010 2306 1075; x_wconf 82' lang='grc' dir='ltr'>νῆναι,</span> <span class='ocrx_word' id='word_1_360' title='bbox 2360 1003 2572 1077; x_wconf 79' lang='grc' dir='ltr'>μᾶλλον</span> <span class='ocrx_word' id='word_1_361' title='bbox 2624 1001 2681 1060; x_wconf 66' lang='grc' dir='ltr'><strong>δί</strong></span> <span class='ocrx_word' id='word_1_362' title='bbox 2738 1001 2864 1060; x_wconf 80' lang='grc' dir='ltr'>ούδὲ</span> <span class='ocrx_word' id='word_1_363' title='bbox 2917 1003 3142 1061; x_wconf 75' lang='grc' dir='ltr'>ἐκεῖνον·</span> <span class='ocrx_word' id='word_1_364' title='bbox 3195 1003 3328 1080; x_wconf 82' lang='grc' dir='ltr'>φησὶ</span> <span class='ocrx_word' id='word_1_365' title='bbox 3376 1003 3500 1078; x_wconf 82' lang='grc' dir='ltr'>γάρ·</span> <span class='ocrx_word' id='word_1_366' title='bbox 3554 1002 3780 1078; x_wconf 88' lang='grc' dir='ltr'>Λέγεται</span> 
     </span>
    </p>
   </div>
   <div class='ocr_carea' id='block_1_54' title="bbox 2131 1089 3781 1168">
    <p class='ocr_par' dir='ltr' id='par_1_54' title="bbox 2131 1089 3781 1168">
     <span class='ocr_line' id='line_1_54' title="bbox 2131 1089 3781 1168; baseline -0.001 -21"><span class='ocrx_word' id='word_1_367' title='bbox 2131 1092 2226 1165; x_wconf 71' lang='grc' dir='ltr'>μὲν</span> <span class='ocrx_word' id='word_1_368' title='bbox 2279 1093 2366 1148; x_wconf 84' lang='grc' dir='ltr'>καὶ</span> <span class='ocrx_word' id='word_1_369' title='bbox 2417 1094 2445 1148; x_wconf 98' lang='lat'>6</span> <span class='ocrx_word' id='word_1_370' title='bbox 2491 1094 2614 1155; x_wconf 75' lang='grc' dir='ltr'>Υἱὸς</span> <span class='ocrx_word' id='word_1_371' title='bbox 2660 1094 2858 1168; x_wconf 89' lang='grc' dir='ltr'>Λόγος,</span> <span class='ocrx_word' id='word_1_372' title='bbox 2891 1091 3204 1166; x_wconf 78' lang='grc' dir='ltr'>ὁμωνύμως</span> <span class='ocrx_word' id='word_1_373' title='bbox 3248 1095 3328 1164; x_wconf 81' lang='grc' dir='ltr'>τῷ</span> <span class='ocrx_word' id='word_1_374' title='bbox 3358 1093 3620 1166; x_wconf 81' lang='grc' dir='ltr'>Ιῖατρικῷ</span> <span class='ocrx_word' id='word_1_375' title='bbox 3666 1089 3781 1145; x_wconf 89' lang='grc' dir='ltr'>Λό-</span> 
     </span>
    </p>
   </div>
   <div class='ocr_carea' id='block_1_55' title="bbox 2125 1177 3781 1257">
    <p class='ocr_par' dir='ltr' id='par_1_55' title="bbox 2125 1177 3781 1257">
     <span class='ocr_line' id='line_1_55' title="bbox 2125 1177 3781 1257; baseline -0.001 -21"><span class='ocrx_word' id='word_1_376' title='bbox 2125 1201 2208 1257; x_wconf 90' lang='grc' dir='ltr'>γῳ</span> <span class='ocrx_word' id='word_1_377' title='bbox 2283 1179 2413 1236; x_wconf 85' lang='grc' dir='ltr'>ἀλλ’</span> <span class='ocrx_word' id='word_1_378' title='bbox 2469 1181 2579 1257; x_wconf 76' lang='grc' dir='ltr'>οὐχ</span> <span class='ocrx_word' id='word_1_379' title='bbox 2623 1182 2782 1244; x_wconf 81' lang='grc' dir='ltr'>οὗτός</span> <span class='ocrx_word' id='word_1_380' title='bbox 2829 1181 2972 1237; x_wconf 70' lang='grc' dir='ltr'>ἔστιν</span> <span class='ocrx_word' id='word_1_381' title='bbox 3023 1181 3052 1236; x_wconf 88' lang='lat'>6</span> <span class='ocrx_word' id='word_1_382' title='bbox 3104 1180 3231 1255; x_wconf 77' lang='grc' dir='ltr'>σάρξ</span> <span class='ocrx_word' id='word_1_383' title='bbox 3279 1179 3596 1256; x_wconf 87' lang='grc' dir='ltr'>γενόμενος,</span> <span class='ocrx_word' id='word_1_384' title='bbox 3654 1177 3781 1235; x_wconf 76' lang='grc' dir='ltr'>ούδὲ</span> 
     </span>
    </p>
   </div>
   <div class='ocr_carea' id='block_1_56' title="bbox 2133 1267 3782 1346">
    <p class='ocr_par' dir='ltr' id='par_1_56' title="bbox 2133 1267 3782 1346">
     <span class='ocr_line' id='line_1_56' title="bbox 2133 1267 3782 1346; baseline 0 -22"><span class='ocrx_word' id='word_1_385' title='bbox 2133 1271 2240 1343; x_wconf 77' lang='grc' dir='ltr'>μὴν</span> <span class='ocrx_word' id='word_1_386' title='bbox 2316 1272 2343 1325; x_wconf 88' lang='grc' dir='ltr'><strong>ὁ</strong></span> <span class='ocrx_word' id='word_1_387' title='bbox 2410 1276 2668 1343; x_wconf 82' lang='grc' dir='ltr'>Ιιατρῷος</span> <span class='ocrx_word' id='word_1_388' title='bbox 2747 1271 2968 1346; x_wconf 86' lang='grc' dir='ltr'>Λόγος,</span> <span class='ocrx_word' id='word_1_389' title='bbox 3034 1268 3180 1326; x_wconf 81' lang='grc' dir='ltr'>ἀλλὰ</span> <span class='ocrx_word' id='word_1_390' title='bbox 3237 1267 3468 1343; x_wconf 87' lang='grc' dir='ltr'>δύναμίς</span> <span class='ocrx_word' id='word_1_391' title='bbox 3535 1290 3619 1332; x_wconf 92' lang='grc' dir='ltr'>τις</span> <span class='ocrx_word' id='word_1_392' title='bbox 3683 1273 3782 1324; x_wconf 82' lang='grc' dir='ltr'>τοῦ</span> 
     </span>
    </p>
   </div>
   <div class='ocr_carea' id='block_1_57' title="bbox 2130 1356 3780 1436">
    <p class='ocr_par' dir='ltr' id='par_1_57' title="bbox 2130 1356 3780 1436">
     <span class='ocr_line' id='line_1_57' title="bbox 2130 1356 3780 1436; baseline -0.002 -21"><span class='ocrx_word' id='word_1_393' title='bbox 2130 1364 2263 1415; x_wconf 87' lang='grc' dir='ltr'>Θεοῦ</span> <span class='ocrx_word' id='word_1_394' title='bbox 2317 1362 2431 1414; x_wconf 87' lang='grc' dir='ltr'>οἷον</span> <span class='ocrx_word' id='word_1_395' title='bbox 2492 1360 2762 1436; x_wconf 66' lang='grc' dir='ltr'>άπόρῥοια</span> <span class='ocrx_word' id='word_1_396' title='bbox 2806 1365 2906 1415; x_wconf 82' lang='grc' dir='ltr'>τοῦ</span> <span class='ocrx_word' id='word_1_397' title='bbox 2963 1359 3140 1436; x_wconf 86' lang='grc' dir='ltr'>Λόγου</span> <span class='ocrx_word' id='word_1_398' title='bbox 3196 1359 3389 1426; x_wconf 81' lang='grc' dir='ltr'>αὐτοῦ,</span> <span class='ocrx_word' id='word_1_399' title='bbox 3447 1356 3572 1420; x_wconf 79' lang='grc' dir='ltr'>νοῦς</span> <span class='ocrx_word' id='word_1_400' title='bbox 3624 1358 3780 1434; x_wconf 86' lang='grc' dir='ltr'>γενό-</span> 
     </span>
    </p>
   </div>
   <div class='ocr_carea' id='block_1_58' title="bbox 2135 1445 3778 1526">
    <p class='ocr_par' dir='ltr' id='par_1_58' title="bbox 2135 1445 3778 1526">
     <span class='ocr_line' id='line_1_58' title="bbox 2135 1445 3778 1526; baseline 0 -22"><span class='ocrx_word' id='word_1_401' title='bbox 2135 1469 2291 1522; x_wconf 85' lang='grc' dir='ltr'>μενος</span> <span class='ocrx_word' id='word_1_402' title='bbox 2327 1491 2342 1516; x_wconf 93' lang='grc'>,</span> <span class='ocrx_word' id='word_1_403' title='bbox 2396 1448 2492 1512; x_wconf 76' lang='grc' dir='ltr'>τὰς</span> <span class='ocrx_word' id='word_1_404' title='bbox 2551 1454 2660 1504; x_wconf 90' lang='grc' dir='ltr'>τῶν</span> <span class='ocrx_word' id='word_1_405' title='bbox 2726 1449 3028 1525; x_wconf 77' lang='grc' dir='ltr'>ἀνθρώπων</span> <span class='ocrx_word' id='word_1_406' title='bbox 3081 1445 3306 1522; x_wconf 79' lang='grc' dir='ltr'>καρδίας</span> <span class='ocrx_word' id='word_1_407' title='bbox 3367 1445 3778 1526; x_wconf 74' lang='grc' dir='ltr'>διαπεφοίτηκε.</span> 
     </span>
    </p>
   </div>
   <div class='ocr_carea' id='block_1_59' title="bbox 2133 1536 3784 1614">
    <p class='ocr_par' dir='ltr' id='par_1_59' title="bbox 2133 1536 3784 1614">
     <span class='ocr_line' id='line_1_59' title="bbox 2133 1536 3784 1614; baseline -0.002 -19"><span class='ocrx_word' id='word_1_408' title='bbox 2133 1537 2235 1595; x_wconf 83' lang='grc' dir='ltr'>Καὶ</span> <span class='ocrx_word' id='word_1_409' title='bbox 2277 1542 2443 1593; x_wconf 80' lang='grc' dir='ltr'>ταῦτα</span> <span class='ocrx_word' id='word_1_410' title='bbox 2489 1536 2662 1594; x_wconf 86' lang='grc' dir='ltr'>πάντα</span> <span class='ocrx_word' id='word_1_411' title='bbox 2709 1537 2815 1593; x_wconf 82' lang='grc' dir='ltr'>ἀπὸ</span> <span class='ocrx_word' id='word_1_412' title='bbox 2876 1537 3054 1614; x_wconf 81' lang='grc' dir='ltr'>ῥητῶν</span> <span class='ocrx_word' id='word_1_413' title='bbox 3107 1557 3272 1592; x_wconf 87' lang='grc' dir='ltr'>τινων</span> <span class='ocrx_word' id='word_1_414' title='bbox 3321 1541 3574 1609; x_wconf 82' lang='grc' dir='ltr'>πειρᾶται</span> <span class='ocrx_word' id='word_1_415' title='bbox 3619 1557 3784 1592; x_wconf 79' lang='grc' dir='ltr'>καταο</span> 
     </span>
    </p>
   </div>
   <div class='ocr_carea' id='block_1_60' title="bbox 2132 1623 3782 1706">
    <p class='ocr_par' dir='ltr' id='par_1_60' title="bbox 2132 1623 3782 1706">
     <span class='ocr_line' id='line_1_60' title="bbox 2132 1623 3782 1706; baseline -0.001 -25"><span class='ocrx_word' id='word_1_416' title='bbox 2132 1629 2405 1696; x_wconf 76' lang='grc' dir='ltr'>σκευάζειν</span> <span class='ocrx_word' id='word_1_417' title='bbox 2448 1635 2549 1698; x_wconf 80' lang='grc' dir='ltr'>τῆς</span> <span class='ocrx_word' id='word_1_418' title='bbox 2597 1633 2834 1706; x_wconf 81' lang='grc' dir='ltr'>Γραφῆς.</span> <span class='ocrx_word' id='word_1_419' title='bbox 2880 1626 2983 1684; x_wconf 87' lang='grc' dir='ltr'>Καὶ</span> <span class='ocrx_word' id='word_1_420' title='bbox 3035 1623 3182 1681; x_wconf 80' lang='grc' dir='ltr'>ἄλλα</span> <span class='ocrx_word' id='word_1_421' title='bbox 3212 1623 3268 1681; x_wconf 74' lang='grc' dir='ltr'>δὲ</span> <span class='ocrx_word' id='word_1_422' title='bbox 3304 1623 3470 1701; x_wconf 87' lang='grc' dir='ltr'>μυρία</span> <span class='ocrx_word' id='word_1_423' title='bbox 3519 1623 3782 1702; x_wconf 82' lang='grc' dir='ltr'>βλασφη-</span> 
     </span>
    </p>
   </div>
   <div class='ocr_carea' id='block_1_61' title="bbox 2137 1711 3789 1794">
    <p class='ocr_par' dir='ltr' id='par_1_61' title="bbox 2137 1711 3789 1794">
     <span class='ocr_line' id='line_1_61' title="bbox 2137 1711 3789 1794; baseline -0.002 -23"><span class='ocrx_word' id='word_1_424' title='bbox 2137 1722 2228 1789; x_wconf 84' lang='grc' dir='ltr'>μεῖ</span> <span class='ocrx_word' id='word_1_425' title='bbox 2263 1717 2354 1772; x_wconf 84' lang='grc' dir='ltr'>καὶ</span> <span class='ocrx_word' id='word_1_426' title='bbox 2403 1715 2654 1794; x_wconf 77' lang='grc' dir='ltr'>φλυαρεῖ,</span> <span class='ocrx_word' id='word_1_427' title='bbox 2704 1715 2811 1772; x_wconf 72' lang='grc' dir='ltr'>εἴτε</span> <span class='ocrx_word' id='word_1_428' title='bbox 2858 1715 3041 1786; x_wconf 80' lang='grc' dir='ltr'>αὐτὸς,</span> <span class='ocrx_word' id='word_1_429' title='bbox 3084 1712 3190 1770; x_wconf 72' lang='grc' dir='ltr'>εἴτε</span> <span class='ocrx_word' id='word_1_430' title='bbox 3221 1735 3303 1776; x_wconf 90' lang='grc' dir='ltr'>τις</span> <span class='ocrx_word' id='word_1_431' title='bbox 3332 1711 3538 1788; x_wconf 71' lang='grc' dir='ltr'>ἕτερος,</span> <span class='ocrx_word' id='word_1_432' title='bbox 3581 1715 3645 1768; x_wconf 87' lang='grc' dir='ltr'>τὸ</span> <span class='ocrx_word' id='word_1_433' title='bbox 3691 1713 3789 1768; x_wconf 88' lang='grc' dir='ltr'>αύ-</span> 
     </span>
    </p>
   </div>
   <div class='ocr_carea' id='block_1_62' title="bbox 2130 1801 3784 1882">
    <p class='ocr_par' dir='ltr' id='par_1_62' title="bbox 2130 1801 3784 1882">
     <span class='ocr_line' id='line_1_62' title="bbox 2130 1801 3784 1882; baseline -0.002 -22"><span class='ocrx_word' id='word_1_434' title='bbox 2130 1809 2227 1860; x_wconf 83' lang='grc' dir='ltr'>τοῦ</span> <span class='ocrx_word' id='word_1_435' title='bbox 2276 1805 2568 1882; x_wconf 87' lang='grc' dir='ltr'>πρόσωπον</span> <span class='ocrx_word' id='word_1_436' title='bbox 2614 1805 2948 1881; x_wconf 85' lang='grc' dir='ltr'>ὑποκριθείς.</span> <span class='ocrx_word' id='word_1_437' title='bbox 2998 1805 3374 1875; x_wconf 75' lang='grc' dir='ltr'>Ἐποιήθησαν</span> <span class='ocrx_word' id='word_1_438' title='bbox 3421 1801 3480 1858; x_wconf 85' lang='grc' dir='ltr'>δὲ</span> <span class='ocrx_word' id='word_1_439' title='bbox 3527 1802 3677 1875; x_wconf 88' lang='grc' dir='ltr'>αύτῷ</span> <span class='ocrx_word' id='word_1_440' title='bbox 3726 1803 3784 1857; x_wconf 72' lang='grc' dir='ltr'>αἱ</span> 
     </span>
    </p>
   </div>
   <div class='ocr_carea' id='block_1_63' title="bbox 2133 1891 3783 1973">
    <p class='ocr_par' dir='ltr' id='par_1_63' title="bbox 2133 1891 3783 1973">
     <span class='ocr_line' id='line_1_63' title="bbox 2133 1891 3783 1973; baseline -0.003 -22"><span class='ocrx_word' id='word_1_441' title='bbox 2133 1894 2454 1973; x_wconf 79' lang='grc' dir='ltr'>βλάσφημοι</span> <span class='ocrx_word' id='word_1_442' title='bbox 2486 1896 2641 1950; x_wconf 81' lang='grc' dir='ltr'>αὗται</span> <span class='ocrx_word' id='word_1_443' title='bbox 2669 1892 3046 1970; x_wconf 87' lang='grc' dir='ltr'>τερατολογίαι</span> <span class='ocrx_word' id='word_1_444' title='bbox 3096 1892 3148 1948; x_wconf 81' lang='grc' dir='ltr'>ἐν</span> <span class='ocrx_word' id='word_1_445' title='bbox 3186 1893 3380 1966; x_wconf 86' lang='grc' dir='ltr'>τόμοις</span> <span class='ocrx_word' id='word_1_446' title='bbox 3424 1891 3591 1949; x_wconf 83' lang='grc' dir='ltr'>ὀκτώ.</span> <span class='ocrx_word' id='word_1_447' title='bbox 3624 1893 3783 1968; x_wconf 88' lang='grc' dir='ltr'>Λέγει</span> 
     </span>
    </p>
   </div>
   <div class='ocr_carea' id='block_1_64' title="bbox 2130 1979 3783 2060">
    <p class='ocr_par' dir='ltr' id='par_1_64' title="bbox 2130 1979 3783 2060">
     <span class='ocr_line' id='line_1_64' title="bbox 2130 1979 3783 2060; baseline -0.002 -21"><span class='ocrx_word' id='word_1_448' title='bbox 2130 1982 2188 2039; x_wconf 84' lang='grc' dir='ltr'>δὲ</span> <span class='ocrx_word' id='word_1_449' title='bbox 2233 1983 2471 2060; x_wconf 71' lang='grc' dir='ltr'>καὶπερὶ</span> <span class='ocrx_word' id='word_1_450' title='bbox 2509 1990 2616 2040; x_wconf 88' lang='grc' dir='ltr'>τῶν</span> <span class='ocrx_word' id='word_1_451' title='bbox 2662 1983 2837 2039; x_wconf 81' lang='grc' dir='ltr'>αὐτῶν</span> <span class='ocrx_word' id='word_1_452' title='bbox 2883 1981 3182 2054; x_wconf 83' lang='grc' dir='ltr'>πολλάκις,</span> <span class='ocrx_word' id='word_1_453' title='bbox 3220 1981 3311 2038; x_wconf 83' lang='grc' dir='ltr'>καὶ</span> <span class='ocrx_word' id='word_1_454' title='bbox 3359 1979 3638 2058; x_wconf 80' lang='grc' dir='ltr'>σποράδην</span> <span class='ocrx_word' id='word_1_455' title='bbox 3689 1981 3783 2035; x_wconf 83' lang='grc' dir='ltr'>καὶ</span> 
     </span>
    </p>
   </div>
   <div class='ocr_carea' id='block_1_65' title="bbox 2131 2069 3779 2151">
    <p class='ocr_par' dir='ltr' id='par_1_65' title="bbox 2131 2069 3779 2151">
     <span class='ocr_line' id='line_1_65' title="bbox 2131 2069 3779 2151; baseline -0.001 -22"><span class='ocrx_word' id='word_1_456' title='bbox 2131 2077 2571 2151; x_wconf 78' lang='grc' dir='ltr'>συγκεχυμένως,</span> <span class='ocrx_word' id='word_1_457' title='bbox 2603 2073 2782 2147; x_wconf 82' lang='grc' dir='ltr'>ὥσπερ</span> <span class='ocrx_word' id='word_1_458' title='bbox 2834 2070 3175 2147; x_wconf 82' lang='grc' dir='ltr'>ἔμπληκτος,</span> <span class='ocrx_word' id='word_1_459' title='bbox 3223 2073 3454 2147; x_wconf 78' lang='grc' dir='ltr'>παράγει</span> <span class='ocrx_word' id='word_1_460' title='bbox 3503 2071 3571 2126; x_wconf 74' lang='grc' dir='ltr'>τά</span> <span class='ocrx_word' id='word_1_461' title='bbox 3620 2069 3779 2147; x_wconf 75' lang='grc' dir='ltr'>ῥητά.</span> 
     </span>
    </p>
   </div>
   <div class='ocr_carea' id='block_1_66' title="bbox 2129 2161 3784 2237">
    <p class='ocr_par' dir='ltr' id='par_1_66' title="bbox 2129 2161 3784 2237">
     <span class='ocr_line' id='line_1_66' title="bbox 2129 2161 3784 2237; baseline -0.004 -18"><span class='ocrx_word' id='word_1_462' title='bbox 2129 2163 2190 2220; x_wconf 91' lang='grc' dir='ltr'>Ὁ</span> <span class='ocrx_word' id='word_1_463' title='bbox 2221 2161 2279 2218; x_wconf 71' lang='grc' dir='ltr'>δὲ</span> <span class='ocrx_word' id='word_1_464' title='bbox 2308 2161 2437 2226; x_wconf 81' lang='grc' dir='ltr'>δλος</span> <span class='ocrx_word' id='word_1_465' title='bbox 2471 2163 2693 2234; x_wconf 83' lang='grc' dir='ltr'>σκοπὸς,</span> <span class='ocrx_word' id='word_1_466' title='bbox 2742 2162 2934 2217; x_wconf 79' lang='grc' dir='ltr'>ὡσανεὶ</span> <span class='ocrx_word' id='word_1_467' title='bbox 2979 2163 3263 2237; x_wconf 75' lang='grc' dir='ltr'>ἑρμηνεῖαι</span> <span class='ocrx_word' id='word_1_468' title='bbox 3301 2161 3630 2236; x_wconf 85' lang='grc' dir='ltr'>τυγχάνοτσι</span> <span class='ocrx_word' id='word_1_469' title='bbox 3680 2163 3784 2225; x_wconf 77' lang='grc' dir='ltr'>τῆς</span> 
     </span>
    </p>
   </div>
   <div class='ocr_carea' id='block_1_67' title="bbox 2131 2247 3787 2323">
    <p class='ocr_par' dir='ltr' id='par_1_67' title="bbox 2131 2247 3787 2323">
     <span class='ocr_line' id='line_1_67' title="bbox 2131 2247 3787 2323; baseline -0.003 -16"><span class='ocrx_word' id='word_1_470' title='bbox 2131 2254 2415 2320; x_wconf 81' lang='grc' dir='ltr'>Γενέσεως,</span> <span class='ocrx_word' id='word_1_471' title='bbox 2457 2259 2558 2322; x_wconf 78' lang='grc' dir='ltr'>τῆς</span> <span class='ocrx_word' id='word_1_472' title='bbox 2603 2249 2845 2322; x_wconf 81' lang='grc' dir='ltr'>Ἐξόδου,</span> <span class='ocrx_word' id='word_1_473' title='bbox 2872 2255 2982 2306; x_wconf 87' lang='grc' dir='ltr'>τῶν</span> <span class='ocrx_word' id='word_1_474' title='bbox 3029 2249 3305 2323; x_wconf 81' lang='grc' dir='ltr'>Ψαλμῶν,</span> <span class='ocrx_word' id='word_1_475' title='bbox 3336 2253 3434 2304; x_wconf 83' lang='grc' dir='ltr'>τοῦ</span> <span class='ocrx_word' id='word_1_476' title='bbox 3463 2249 3609 2304; x_wconf 81' lang='grc' dir='ltr'>θείου</span> <span class='ocrx_word' id='word_1_477' title='bbox 3639 2247 3787 2303; x_wconf 87' lang='grc' dir='ltr'>Παύ-</span> 
     </span>
    </p>
   </div>
   <div class='ocr_carea' id='block_1_68' title="bbox 2132 2337 3783 2409">
    <p class='ocr_par' dir='ltr' id='par_1_68' title="bbox 2132 2337 3783 2409">
     <span class='ocr_line' id='line_1_68' title="bbox 2132 2337 3783 2409; baseline -0.003 -11"><span class='ocrx_word' id='word_1_478' title='bbox 2132 2341 2233 2398; x_wconf 84' lang='grc' dir='ltr'>λου</span> <span class='ocrx_word' id='word_1_479' title='bbox 2280 2347 2388 2397; x_wconf 90' lang='grc' dir='ltr'>τῶν</span> <span class='ocrx_word' id='word_1_480' title='bbox 2434 2340 2801 2409; x_wconf 81' lang='grc' dir='ltr'>Ἐπιστολῶν,</span> <span class='ocrx_word' id='word_1_481' title='bbox 2851 2340 2942 2396; x_wconf 85' lang='grc' dir='ltr'>καὶ</span> <span class='ocrx_word' id='word_1_482' title='bbox 2981 2343 3089 2394; x_wconf 89' lang='grc' dir='ltr'>τῶν</span> <span class='ocrx_word' id='word_1_483' title='bbox 3143 2337 3486 2406; x_wconf 79' lang='grc' dir='ltr'>Καθολικῶν,</span> <span class='ocrx_word' id='word_1_484' title='bbox 3541 2339 3628 2394; x_wconf 81' lang='grc' dir='ltr'>καὶ</span> <span class='ocrx_word' id='word_1_485' title='bbox 3683 2342 3783 2394; x_wconf 82' lang='grc' dir='ltr'>τοῦ</span> 
     </span>
    </p>
   </div>
   <div class='ocr_carea' id='block_1_69' title="bbox 2135 2427 3782 2506">
    <p class='ocr_par' dir='ltr' id='par_1_69' title="bbox 2135 2427 3782 2506">
     <span class='ocr_line' id='line_1_69' title="bbox 2135 2427 3782 2506; baseline -0.004 -17"><span class='ocrx_word' id='word_1_486' title='bbox 2135 2429 2647 2502; x_wconf 83' lang='grc' dir='ltr'>Ἐκκλησιαστικοῦ.</span> <span class='ocrx_word' id='word_1_487' title='bbox 2708 2431 2972 2501; x_wconf 75' lang='grc' dir='ltr'>Μαθητής</span> <span class='ocrx_word' id='word_1_488' title='bbox 3027 2427 3107 2498; x_wconf 80' lang='grc' dir='ltr'>δὲ,</span> <span class='ocrx_word' id='word_1_489' title='bbox 3163 2428 3238 2491; x_wconf 84' lang='grc' dir='ltr'>ὡς</span> <span class='ocrx_word' id='word_1_490' title='bbox 3283 2427 3374 2484; x_wconf 86' lang='grc' dir='ltr'>καὶ</span> <span class='ocrx_word' id='word_1_491' title='bbox 3421 2428 3586 2490; x_wconf 78' lang='grc' dir='ltr'>αὐτός</span> <span class='ocrx_word' id='word_1_492' title='bbox 3624 2449 3782 2506; x_wconf 84' lang='grc' dir='ltr'>φησι,</span> 
     </span>
    </p>
   </div>
   <div class='ocr_carea' id='block_1_70' title="bbox 2130 2518 3788 2598">
    <p class='ocr_par' dir='ltr' id='par_1_70' title="bbox 2130 2518 3788 2598">
     <span class='ocr_line' id='line_1_70' title="bbox 2130 2518 3788 2598; baseline -0.002 -22"><span class='ocrx_word' id='word_1_493' title='bbox 2130 2521 2323 2598; x_wconf 77' lang='grc' dir='ltr'>γέγονε</span> <span class='ocrx_word' id='word_1_494' title='bbox 2380 2521 2702 2578; x_wconf 86' lang='grc' dir='ltr'>Πανταίνου.</span> <span class='ocrx_word' id='word_1_495' title='bbox 2763 2518 2938 2577; x_wconf 81' lang='grc' dir='ltr'>Ἀλλὰ</span> <span class='ocrx_word' id='word_1_496' title='bbox 2988 2523 3158 2574; x_wconf 82' lang='grc' dir='ltr'>ταῦτα</span> <span class='ocrx_word' id='word_1_497' title='bbox 3215 2518 3312 2592; x_wconf 78' lang='grc' dir='ltr'>μὲν</span> <span class='ocrx_word' id='word_1_498' title='bbox 3369 2519 3424 2572; x_wconf 78' lang='grc' dir='ltr'>αἱ</span> <span class='ocrx_word' id='word_1_499' title='bbox 3461 2518 3788 2573; x_wconf 78' lang='grc' dir='ltr'>’Υποτυπώ-</span> 
     </span>
    </p>
   </div>
   <div class='ocr_carea' id='block_1_71' title="bbox 2134 2633 2270 2675">
    <p class='ocr_par' dir='ltr' id='par_1_71' title="bbox 2134 2633 2270 2675">
     <span class='ocr_line' id='line_1_71' title="bbox 2134 2633 2270 2675; baseline 0 -8"><span class='ocrx_word' id='word_1_500' title='bbox 2134 2633 2270 2675; x_wconf 88' lang='grc' dir='ltr'>σεις.</span> 
     </span>
    </p>
   </div>
   <div class='ocr_carea' id='block_1_72' title="bbox 2204 2714 3790 2793">
    <p class='ocr_par' dir='ltr' id='par_1_72' title="bbox 2204 2714 3790 2793">
     <span class='ocr_line' id='line_1_72' title="bbox 2204 2714 3790 2793; baseline -0.004 -18"><span class='ocrx_word' id='word_1_501' title='bbox 2204 2719 2266 2776; x_wconf 84' lang='grc' dir='ltr'>Ὀ</span> <span class='ocrx_word' id='word_1_502' title='bbox 2322 2715 2381 2774; x_wconf 70' lang='grc' dir='ltr'>δὲ</span> <span class='ocrx_word' id='word_1_503' title='bbox 2435 2714 2786 2793; x_wconf 71' lang='grc' dir='ltr'>Παιδαγωγός</span> <span class='ocrx_word' id='word_1_504' title='bbox 2839 2717 2891 2772; x_wconf 67' lang='grc' dir='ltr'>ἐν</span> <span class='ocrx_word' id='word_1_505' title='bbox 2963 2717 3110 2790; x_wconf 86' lang='grc' dir='ltr'>τρισί</span> <span class='ocrx_word' id='word_1_506' title='bbox 3172 2716 3370 2789; x_wconf 89' lang='grc' dir='ltr'>τόμοις</span> <span class='ocrx_word' id='word_1_507' title='bbox 3439 2714 3582 2770; x_wconf 79' lang='grc' dir='ltr'>ἐστὶν</span> <span class='ocrx_word' id='word_1_508' title='bbox 3639 2714 3790 2788; x_wconf 87' lang='grc' dir='ltr'>αύτῴ</span> 
     </span>
    </p>
   </div>
   <div class='ocr_carea' id='block_1_73' title="bbox 2137 2801 3792 2880">
    <p class='ocr_par' dir='ltr' id='par_1_73' title="bbox 2137 2801 3792 2880">
     <span class='ocr_line' id='line_1_73' title="bbox 2137 2801 3792 2880; baseline -0.002 -18"><span class='ocrx_word' id='word_1_509' title='bbox 2137 2805 2629 2880; x_wconf 76' lang='grc' dir='ltr'>διαπεπονημένος,</span> <span class='ocrx_word' id='word_1_510' title='bbox 2669 2804 2836 2875; x_wconf 76' lang='grc' dir='ltr'>ἤθους</span> <span class='ocrx_word' id='word_1_511' title='bbox 2878 2807 2965 2861; x_wconf 84' lang='grc' dir='ltr'>καὶ</span> <span class='ocrx_word' id='word_1_512' title='bbox 3016 2805 3139 2880; x_wconf 86' lang='grc' dir='ltr'>βίου</span> <span class='ocrx_word' id='word_1_513' title='bbox 3187 2803 3615 2880; x_wconf 84' lang='grc' dir='ltr'>κατορθωτικὸς,</span> <span class='ocrx_word' id='word_1_514' title='bbox 3667 2801 3792 2879; x_wconf 85' lang='grc' dir='ltr'>ἔχει</span> 
     </span>
    </p>
   </div>
   <div class='ocr_carea' id='block_1_74' title="bbox 2136 2891 3791 2971">
    <p class='ocr_par' dir='ltr' id='par_1_74' title="bbox 2136 2891 3791 2971">
     <span class='ocr_line' id='line_1_74' title="bbox 2136 2891 3791 2971; baseline -0.004 -19"><span class='ocrx_word' id='word_1_515' title='bbox 2136 2894 2193 2952; x_wconf 87' lang='grc' dir='ltr'>δὲ</span> <span class='ocrx_word' id='word_1_516' title='bbox 2221 2895 2442 2971; x_wconf 59' lang='grc' dir='ltr'>,τούτων</span> <span class='ocrx_word' id='word_1_517' title='bbox 2481 2896 2570 2950; x_wconf 88' lang='grc' dir='ltr'>καὶ</span> <span class='ocrx_word' id='word_1_518' title='bbox 2621 2893 3033 2970; x_wconf 82' lang='grc' dir='ltr'>προηγούμενον</span> <span class='ocrx_word' id='word_1_519' title='bbox 3077 2894 3170 2948; x_wconf 81' lang='grc' dir='ltr'>καὶ</span> <span class='ocrx_word' id='word_1_520' title='bbox 3216 2892 3639 2965; x_wconf 84' lang='grc' dir='ltr'>συνταττόμενον</span> <span class='ocrx_word' id='word_1_521' title='bbox 3691 2891 3791 2947; x_wconf 86' lang='grc' dir='ltr'>λό-</span> 
     </span>
    </p>
   </div>
   <div class='ocr_carea' id='block_1_75' title="bbox 2133 2976 3789 3061">
    <p class='ocr_par' dir='ltr' id='par_1_75' title="bbox 2133 2976 3789 3061">
     <span class='ocr_line' id='line_1_75' title="bbox 2133 2976 3789 3061; baseline -0.003 -21"><span class='ocrx_word' id='word_1_522' title='bbox 2133 3006 2226 3060; x_wconf 87' lang='grc' dir='ltr'>γον</span> <span class='ocrx_word' id='word_1_523' title='bbox 2273 2985 2480 3061; x_wconf 81' lang='grc' dir='ltr'>ἓτερον,</span> <span class='ocrx_word' id='word_1_524' title='bbox 2528 2984 2580 3038; x_wconf 84' lang='grc' dir='ltr'>έν</span> <span class='ocrx_word' id='word_1_525' title='bbox 2625 2984 2670 3056; x_wconf 83' lang='grc' dir='ltr'>ᾧ</span> <span class='ocrx_word' id='word_1_526' title='bbox 2713 2984 2812 3052; x_wconf 76' lang='grc' dir='ltr'>τὴν</span> <span class='ocrx_word' id='word_1_527' title='bbox 2862 2980 3148 3053; x_wconf 76' lang='grc' dir='ltr'>Ἑλλήνων</span> <span class='ocrx_word' id='word_1_528' title='bbox 3179 2979 3452 3056; x_wconf 74' lang='grc' dir='ltr'>διελέγχει</span> <span class='ocrx_word' id='word_1_529' title='bbox 3498 2976 3789 3051; x_wconf 82' lang='grc' dir='ltr'>ἀθεότητα·</span> 
     </span>
    </p>
   </div>
   <div class='ocr_carea' id='block_1_76' title="bbox 2136 3067 3789 3146">
    <p class='ocr_par' dir='ltr' id='par_1_76' title="bbox 2136 3067 3789 3146">
     <span class='ocr_line' id='line_1_76' title="bbox 2136 3067 3789 3146; baseline -0.003 -18"><span class='ocrx_word' id='word_1_530' title='bbox 2136 3070 2288 3128; x_wconf 76' lang='grc' dir='ltr'>οὐδὲν</span> <span class='ocrx_word' id='word_1_531' title='bbox 2322 3070 2378 3128; x_wconf 81' lang='grc' dir='ltr'>δὲ</span> <span class='ocrx_word' id='word_1_532' title='bbox 2427 3071 2621 3146; x_wconf 80' lang='grc' dir='ltr'>ὅμοιον</span> <span class='ocrx_word' id='word_1_533' title='bbox 2671 3067 2864 3146; x_wconf 83' lang='grc' dir='ltr'>ἔχουσι</span> <span class='ocrx_word' id='word_1_534' title='bbox 2910 3071 3048 3145; x_wconf 82' lang='grc' dir='ltr'>πρὸς</span> <span class='ocrx_word' id='word_1_535' title='bbox 3091 3070 3187 3132; x_wconf 75' lang='grc' dir='ltr'>τὰς</span> <span class='ocrx_word' id='word_1_536' title='bbox 3234 3069 3639 3132; x_wconf 81' lang='grc' dir='ltr'>Ὑποσυπώσεις</span> <span class='ocrx_word' id='word_1_537' title='bbox 3687 3067 3789 3124; x_wconf 77' lang='grc' dir='ltr'>οὗ-</span> 
     </span>
    </p>
   </div>
   <div class='ocr_carea' id='block_1_77' title="bbox 2135 3155 3786 3236">
    <p class='ocr_par' dir='ltr' id='par_1_77' title="bbox 2135 3155 3786 3236">
     <span class='ocr_line' id='line_1_77' title="bbox 2135 3155 3786 3236; baseline -0.002 -20"><span class='ocrx_word' id='word_1_538' title='bbox 2135 3182 2222 3216; x_wconf 86' lang='grc' dir='ltr'>τοι</span> <span class='ocrx_word' id='word_1_539' title='bbox 2274 3162 2326 3216; x_wconf 73' lang='grc' dir='ltr'>οἱ</span> <span class='ocrx_word' id='word_1_540' title='bbox 2383 3159 2561 3236; x_wconf 66' lang='grc' dir='ltr'>λόγον</span> <span class='ocrx_word' id='word_1_541' title='bbox 2618 3165 2726 3215; x_wconf 86' lang='grc' dir='ltr'>τῶν</span> <span class='ocrx_word' id='word_1_542' title='bbox 2759 3181 2818 3213; x_wconf 87' lang='grc' dir='ltr'>τε</span> <span class='ocrx_word' id='word_1_543' title='bbox 2871 3160 2972 3233; x_wconf 72' lang='grc' dir='ltr'>γάρ</span> <span class='ocrx_word' id='word_1_544' title='bbox 3008 3159 3250 3228; x_wconf 81' lang='grc' dir='ltr'>ματαίων</span> <span class='ocrx_word' id='word_1_545' title='bbox 3296 3159 3387 3213; x_wconf 83' lang='grc' dir='ltr'>καὶ</span> <span class='ocrx_word' id='word_1_546' title='bbox 3440 3155 3786 3234; x_wconf 71' lang='grc' dir='ltr'>βλασφημῶν</span> 
     </span>
    </p>
   </div>
   <div class='ocr_carea' id='block_1_78' title="bbox 2137 3245 3789 3324">
    <p class='ocr_par' dir='ltr' id='par_1_78' title="bbox 2137 3245 3789 3324">
     <span class='ocr_line' id='line_1_78' title="bbox 2137 3245 3789 3324; baseline -0.002 -20"><span class='ocrx_word' id='word_1_547' title='bbox 2137 3247 2561 3324; x_wconf 68' lang='grc' dir='ltr'>ἀπηλλαγμένοι</span> <span class='ocrx_word' id='word_1_548' title='bbox 2609 3245 2776 3319; x_wconf 78' lang='grc' dir='ltr'>δοξῶν</span> <span class='ocrx_word' id='word_1_549' title='bbox 2832 3248 3215 3318; x_wconf 76' lang='grc' dir='ltr'>καθεστήκασι,</span> <span class='ocrx_word' id='word_1_550' title='bbox 3261 3246 3352 3301; x_wconf 84' lang='grc' dir='ltr'>καὶ</span> <span class='ocrx_word' id='word_1_551' title='bbox 3403 3247 3656 3321; x_wconf 74' lang='grc' dir='ltr'>ἠφράσις</span> <span class='ocrx_word' id='word_1_552' title='bbox 3688 3247 3789 3300; x_wconf 85' lang='grc' dir='ltr'>ἀν-</span> 
     </span>
    </p>
   </div>
   <div class='ocr_carea' id='block_1_79' title="bbox 2139 3332 3786 3411">
    <p class='ocr_par' dir='ltr' id='par_1_79' title="bbox 2139 3332 3786 3411">
     <span class='ocr_line' id='line_1_79' title="bbox 2139 3332 3786 3411; baseline -0.002 -19"><span class='ocrx_word' id='word_1_553' title='bbox 2139 3339 2300 3410; x_wconf 80' lang='grc' dir='ltr'>θηρᾶ,</span> <span class='ocrx_word' id='word_1_554' title='bbox 2332 3337 2422 3392; x_wconf 88' lang='grc' dir='ltr'>καὶ</span> <span class='ocrx_word' id='word_1_555' title='bbox 2452 3336 2527 3399; x_wconf 85' lang='grc' dir='ltr'>εἷς</span> <span class='ocrx_word' id='word_1_556' title='bbox 2557 3332 2714 3411; x_wconf 71' lang='grc' dir='ltr'>ὄγκον</span> <span class='ocrx_word' id='word_1_557' title='bbox 2748 3334 2962 3411; x_wconf 75' lang='grc' dir='ltr'>ᾐρμένη</span> <span class='ocrx_word' id='word_1_558' title='bbox 2994 3335 3303 3410; x_wconf 88' lang='grc' dir='ltr'>σύμμετρον</span> <span class='ocrx_word' id='word_1_559' title='bbox 3341 3335 3474 3409; x_wconf 76' lang='grc' dir='ltr'>μετά</span> <span class='ocrx_word' id='word_1_560' title='bbox 3499 3339 3596 3390; x_wconf 82' lang='grc' dir='ltr'>τοῦ</span> <span class='ocrx_word' id='word_1_561' title='bbox 3620 3333 3786 3404; x_wconf 80' lang='grc' dir='ltr'>ἡδέος</span> 
     </span>
    </p>
   </div>
   <div class='ocr_carea' id='block_1_80' title="bbox 2137 3421 3788 3501">
    <p class='ocr_par' dir='ltr' id='par_1_80' title="bbox 2137 3421 3788 3501">
     <span class='ocr_line' id='line_1_80' title="bbox 2137 3421 3788 3501; baseline -0.002 -20"><span class='ocrx_word' id='word_1_562' title='bbox 2137 3427 2227 3481; x_wconf 86' lang='grc' dir='ltr'>καὶ</span> <span class='ocrx_word' id='word_1_563' title='bbox 2257 3429 2293 3496; x_wconf 79' lang='grc' dir='ltr'><strong>ἡ</strong></span> <span class='ocrx_word' id='word_1_564' title='bbox 2324 3425 2671 3499; x_wconf 87' lang='grc' dir='ltr'>πολυμάθεια</span> <span class='ocrx_word' id='word_1_565' title='bbox 2695 3423 3064 3501; x_wconf 85' lang='grc' dir='ltr'>έμπρέπουσα.</span> <span class='ocrx_word' id='word_1_566' title='bbox 3091 3424 3431 3498; x_wconf 73' lang='grc' dir='ltr'>Μνημονεύει</span> <span class='ocrx_word' id='word_1_567' title='bbox 3464 3421 3519 3478; x_wconf 77' lang='grc' dir='ltr'>δὲ</span> <span class='ocrx_word' id='word_1_568' title='bbox 3546 3423 3682 3499; x_wconf 88' lang='grc' dir='ltr'>πρὸς</span> <span class='ocrx_word' id='word_1_569' title='bbox 3700 3426 3788 3495; x_wconf 82' lang='grc' dir='ltr'>τῷ</span> 
     </span>
    </p>
   </div>
   <div class='ocr_carea' id='block_1_81' title="bbox 2138 3513 2719 3590">
    <p class='ocr_par' dir='ltr' id='par_1_81' title="bbox 2138 3513 2719 3590">
     <span class='ocr_line' id='line_1_81' title="bbox 2138 3513 2719 3590; baseline -0.002 -19"><span class='ocrx_word' id='word_1_570' title='bbox 2138 3513 2283 3570; x_wconf 78' lang='grc' dir='ltr'>τέλει</span> <span class='ocrx_word' id='word_1_571' title='bbox 2316 3514 2440 3590; x_wconf 83' lang='grc' dir='ltr'>περὶ</span> <span class='ocrx_word' id='word_1_572' title='bbox 2471 3513 2719 3570; x_wconf 73' lang='grc' dir='ltr'>εἰκόνων.</span> 
     </span>
    </p>
   </div>
   <div class='ocr_carea' id='block_1_82' title="bbox 2210 3689 3784 3770">
    <p class='ocr_par' dir='ltr' id='par_1_82' title="bbox 2210 3689 3784 3770">
     <span class='ocr_line' id='line_1_82' title="bbox 2210 3689 3784 3770; baseline -0.003 -20"><span class='ocrx_word' id='word_1_573' title='bbox 2210 3694 2278 3752; x_wconf 77' lang='grc' dir='ltr'>Οἱ</span> <span class='ocrx_word' id='word_1_574' title='bbox 2327 3691 2386 3749; x_wconf 73' lang='grc' dir='ltr'>δὶ</span> <span class='ocrx_word' id='word_1_575' title='bbox 2433 3697 2784 3770; x_wconf 82' lang='grc' dir='ltr'>Στρωματεῖς</span> <span class='ocrx_word' id='word_1_576' title='bbox 2841 3693 2942 3749; x_wconf 81' lang='grc' dir='ltr'>εἰσι</span> <span class='ocrx_word' id='word_1_577' title='bbox 2987 3694 3083 3767; x_wconf 88' lang='grc' dir='ltr'>μὲν</span> <span class='ocrx_word' id='word_1_578' title='bbox 3112 3693 3203 3750; x_wconf 79' lang='grc' dir='ltr'>καὶ</span> <span class='ocrx_word' id='word_1_579' title='bbox 3229 3690 3382 3748; x_wconf 79' lang='grc' dir='ltr'>αὐτοὶ</span> <span class='ocrx_word' id='word_1_580' title='bbox 3414 3692 3466 3748; x_wconf 77' lang='grc' dir='ltr'>ἐν</span> <span class='ocrx_word' id='word_1_581' title='bbox 3503 3691 3647 3747; x_wconf 83' lang='grc' dir='ltr'>ὀκτὼ</span> <span class='ocrx_word' id='word_1_582' title='bbox 3683 3689 3784 3746; x_wconf 86' lang='grc' dir='ltr'>λό-</span> 
     </span>
    </p>
   </div>
   <div class='ocr_carea' id='block_1_83' title="bbox 2139 3781 3790 3860">
    <p class='ocr_par' dir='ltr' id='par_1_83' title="bbox 2139 3781 3790 3860">
     <span class='ocr_line' id='line_1_83' title="bbox 2139 3781 3790 3860; baseline -0.003 -20"><span class='ocrx_word' id='word_1_583' title='bbox 2139 3805 2260 3860; x_wconf 92' lang='grc' dir='ltr'>γοις</span> <span class='ocrx_word' id='word_1_584' title='bbox 2297 3791 2416 3849; x_wconf 83' lang='grc' dir='ltr'>καθ’</span> <span class='ocrx_word' id='word_1_585' title='bbox 2461 3782 2744 3854; x_wconf 79' lang='grc' dir='ltr'>Ἑλλήνων</span> <span class='ocrx_word' id='word_1_586' title='bbox 2792 3783 2882 3839; x_wconf 86' lang='grc' dir='ltr'>καὶ</span> <span class='ocrx_word' id='word_1_587' title='bbox 2915 3783 3170 3859; x_wconf 71' lang='grc' dir='ltr'>αἱρέσεων</span> <span class='ocrx_word' id='word_1_588' title='bbox 3217 3785 3312 3839; x_wconf 86' lang='grc' dir='ltr'>τὸν</span> <span class='ocrx_word' id='word_1_589' title='bbox 3361 3783 3544 3859; x_wconf 82' lang='grc' dir='ltr'>ἀγῶνα</span> <span class='ocrx_word' id='word_1_590' title='bbox 3573 3781 3790 3852; x_wconf 83' lang='grc' dir='ltr'>εἷ’σενη-</span> 
     </span>
    </p>
   </div>
   <div class='ocr_carea' id='block_1_84' title="bbox 2138 3869 3783 3949">
    <p class='ocr_par' dir='ltr' id='par_1_84' title="bbox 2138 3869 3783 3949">
     <span class='ocr_line' id='line_1_84' title="bbox 2138 3869 3783 3949; baseline -0.004 -20"><span class='ocrx_word' id='word_1_591' title='bbox 2138 3875 2409 3949; x_wconf 87' lang='grc' dir='ltr'>νεγμένοι·</span> <span class='ocrx_word' id='word_1_592' title='bbox 2459 3869 2735 3948; x_wconf 89' lang='grc' dir='ltr'>σποράδην</span> <span class='ocrx_word' id='word_1_593' title='bbox 2787 3871 2846 3927; x_wconf 82' lang='grc' dir='ltr'>δὲ</span> <span class='ocrx_word' id='word_1_594' title='bbox 2882 3873 2971 3928; x_wconf 86' lang='grc' dir='ltr'>καὶ</span> <span class='ocrx_word' id='word_1_595' title='bbox 3024 3871 3206 3945; x_wconf 81' lang='grc' dir='ltr'>ὥσπερ</span> <span class='ocrx_word' id='word_1_596' title='bbox 3255 3871 3353 3928; x_wconf 80' lang='grc' dir='ltr'>οὐκ</span> <span class='ocrx_word' id='word_1_597' title='bbox 3383 3871 3434 3926; x_wconf 84' lang='grc' dir='ltr'>έν</span> <span class='ocrx_word' id='word_1_598' title='bbox 3483 3871 3625 3941; x_wconf 83' lang='grc' dir='ltr'>τάξει</span> <span class='ocrx_word' id='word_1_599' title='bbox 3679 3870 3783 3937; x_wconf 82' lang='grc' dir='ltr'>τήν</span> 
     </span>
    </p>
   </div>
   <div class='ocr_carea' id='block_1_85' title="bbox 2138 3957 3787 4040">
    <p class='ocr_par' dir='ltr' id='par_1_85' title="bbox 2138 3957 3787 4040">
     <span class='ocr_line' id='line_1_85' title="bbox 2138 3957 3787 4040; baseline -0.004 -20"><span class='ocrx_word' id='word_1_600' title='bbox 2138 3969 2245 4020; x_wconf 88' lang='grc' dir='ltr'>τῶν</span> <span class='ocrx_word' id='word_1_601' title='bbox 2277 3959 2586 4040; x_wconf 78' lang='grc' dir='ltr'>κεφαλαίων</span> <span class='ocrx_word' id='word_1_602' title='bbox 2631 3962 2924 4036; x_wconf 78' lang='grc' dir='ltr'>παράθεσιν</span> <span class='ocrx_word' id='word_1_603' title='bbox 2969 3959 3238 4016; x_wconf 78' lang='grc' dir='ltr'>κάνταῦθα</span> <span class='ocrx_word' id='word_1_604' title='bbox 3273 3963 3532 4026; x_wconf 87' lang='grc' dir='ltr'>ποιεῖται,</span> <span class='ocrx_word' id='word_1_605' title='bbox 3563 3959 3652 4014; x_wconf 84' lang='grc' dir='ltr'>καὶ</span> <span class='ocrx_word' id='word_1_606' title='bbox 3682 3957 3787 4027; x_wconf 77' lang='grc' dir='ltr'>τήν</span> 
     </span>
    </p>
   </div>
   <div class='ocr_carea' id='block_1_86' title="bbox 2141 4043 3788 4125">
    <p class='ocr_par' dir='ltr' id='par_1_86' title="bbox 2141 4043 3788 4125">
     <span class='ocr_line' id='line_1_86' title="bbox 2141 4043 3788 4125; baseline -0.004 -18"><span class='ocrx_word' id='word_1_607' title='bbox 2141 4051 2314 4108; x_wconf 82' lang='grc' dir='ltr'>αἰτίαν</span> <span class='ocrx_word' id='word_1_608' title='bbox 2347 4050 2526 4125; x_wconf 77' lang='grc' dir='ltr'>ὥσπερ</span> <span class='ocrx_word' id='word_1_609' title='bbox 2555 4046 2847 4112; x_wconf 75' lang='grc' dir='ltr'>ἀποδιδοὺς</span> <span class='ocrx_word' id='word_1_610' title='bbox 2879 4049 2930 4105; x_wconf 74' lang='grc' dir='ltr'>έν</span> <span class='ocrx_word' id='word_1_611' title='bbox 2958 4053 3038 4121; x_wconf 81' lang='grc' dir='ltr'>τῷ</span> <span class='ocrx_word' id='word_1_612' title='bbox 3077 4048 3222 4105; x_wconf 88' lang='grc' dir='ltr'>τέλει</span> <span class='ocrx_word' id='word_1_613' title='bbox 3252 4052 3350 4104; x_wconf 86' lang='grc' dir='ltr'>τοῦ</span> <span class='ocrx_word' id='word_1_614' title='bbox 3396 4043 3639 4120; x_wconf 76' lang='grc' dir='ltr'>ἑϐδόμου</span> <span class='ocrx_word' id='word_1_615' title='bbox 3686 4043 3788 4101; x_wconf 85' lang='grc' dir='ltr'>λό-</span> 
     </span>
    </p>
   </div>
   <div class='ocr_carea' id='block_1_87' title="bbox 2139 4137 3791 4216">
    <p class='ocr_par' dir='ltr' id='par_1_87' title="bbox 2139 4137 3791 4216">
     <span class='ocr_line' id='line_1_87' title="bbox 2139 4137 3791 4216; baseline -0.004 -20"><span class='ocrx_word' id='word_1_616' title='bbox 2139 4163 2264 4216; x_wconf 90' lang='grc' dir='ltr'>γου,</span> <span class='ocrx_word' id='word_1_617' title='bbox 2315 4138 2500 4201; x_wconf 83' lang='grc' dir='ltr'>αὐταῖς</span> <span class='ocrx_word' id='word_1_618' title='bbox 2533 4137 2737 4208; x_wconf 80' lang='grc' dir='ltr'>λέξεσιν</span> <span class='ocrx_word' id='word_1_619' title='bbox 2772 4138 2946 4200; x_wconf 75' lang='grc' dir='ltr'>οὕτως</span> <span class='ocrx_word' id='word_1_620' title='bbox 3000 4137 3165 4213; x_wconf 85' lang='grc' dir='ltr'>λέγει’</span> <span class='ocrx_word' id='word_1_621' title='bbox 3217 4138 3442 4194; x_wconf 84' lang='grc' dir='ltr'>Τούτων</span> <span class='ocrx_word' id='word_1_622' title='bbox 3475 4139 3612 4209; x_wconf 81' lang='grc' dir='ltr'>ἡμῖν</span> <span class='ocrx_word' id='word_1_623' title='bbox 3647 4155 3791 4212; x_wconf 83' lang='grc' dir='ltr'>προ-</span> 
     </span>
    </p>
   </div>
   <div class='ocr_carea' id='block_1_88' title="bbox 2143 4224 3794 4302">
    <p class='ocr_par' dir='ltr' id='par_1_88' title="bbox 2143 4224 3794 4302">
     <span class='ocr_line' id='line_1_88' title="bbox 2143 4224 3794 4302; baseline -0.004 -17"><span class='ocrx_word' id='word_1_624' title='bbox 2143 4229 2552 4302; x_wconf 81' lang='grc' dir='ltr'>διηνυσμένων,</span> <span class='ocrx_word' id='word_1_625' title='bbox 2615 4227 2702 4281; x_wconf 88' lang='grc' dir='ltr'>καὶ</span> <span class='ocrx_word' id='word_1_626' title='bbox 2756 4230 2853 4281; x_wconf 83' lang='grc' dir='ltr'>τοῦ</span> <span class='ocrx_word' id='word_1_627' title='bbox 2899 4229 3098 4297; x_wconf 78' lang='grc' dir='ltr'>ἠθικοῦ</span> <span class='ocrx_word' id='word_1_628' title='bbox 3152 4225 3326 4281; x_wconf 89' lang='grc' dir='ltr'>τύπου</span> <span class='ocrx_word' id='word_1_629' title='bbox 3377 4226 3451 4287; x_wconf 86' lang='grc' dir='ltr'>ὡς</span> <span class='ocrx_word' id='word_1_630' title='bbox 3503 4224 3556 4280; x_wconf 70' lang='grc' dir='ltr'>ἂν</span> <span class='ocrx_word' id='word_1_631' title='bbox 3619 4244 3794 4300; x_wconf 79' lang='grc' dir='ltr'>κεφα·</span> 
     </span>
    </p>
   </div>
   <div class='ocr_carea' id='block_1_89' title="bbox 2142 4312 3795 4394">
    <p class='ocr_par' dir='ltr' id='par_1_89' title="bbox 2142 4312 3795 4394">
     <span class='ocr_line' id='line_1_89' title="bbox 2142 4312 3795 4394; baseline -0.004 -21"><span class='ocrx_word' id='word_1_632' title='bbox 2142 4317 2322 4378; x_wconf 80' lang='grc' dir='ltr'>λαίοις</span> <span class='ocrx_word' id='word_1_633' title='bbox 2389 4317 2787 4394; x_wconf 86' lang='grc' dir='ltr'>ὑπογραφέντος</span> <span class='ocrx_word' id='word_1_634' title='bbox 2861 4312 3141 4391; x_wconf 87' lang='grc' dir='ltr'>σποράδην</span> <span class='ocrx_word' id='word_1_635' title='bbox 3221 4335 3299 4385; x_wconf 89' lang='grc' dir='ltr'>τε,</span> <span class='ocrx_word' id='word_1_636' title='bbox 3387 4316 3462 4377; x_wconf 82' lang='grc' dir='ltr'>ὡς</span> <span class='ocrx_word' id='word_1_637' title='bbox 3539 4314 3795 4388; x_wconf 83' lang='grc' dir='ltr'>ὑπεσχή·</span> 
     </span>
    </p>
   </div>
   <div class='ocr_carea' id='block_1_90' title="bbox 2146 4400 3790 4482">
    <p class='ocr_par' dir='ltr' id='par_1_90' title="bbox 2146 4400 3790 4482">
     <span class='ocr_line' id='line_1_90' title="bbox 2146 4400 3790 4482; baseline -0.004 -20"><span class='ocrx_word' id='word_1_638' title='bbox 2146 4409 2281 4481; x_wconf 87' lang='grc' dir='ltr'>μεθα</span> <span class='ocrx_word' id='word_1_639' title='bbox 2313 4449 2327 4474; x_wconf 97' lang='grc'>,</span> <span class='ocrx_word' id='word_1_640' title='bbox 2382 4405 2473 4460; x_wconf 83' lang='grc' dir='ltr'>καὶ</span> <span class='ocrx_word' id='word_1_641' title='bbox 2532 4402 2933 4482; x_wconf 72' lang='grc' dir='ltr'>διεῤῥιμμένως</span> <span class='ocrx_word' id='word_1_642' title='bbox 2987 4405 3056 4459; x_wconf 73' lang='grc' dir='ltr'>τὰ</span> <span class='ocrx_word' id='word_1_643' title='bbox 3112 4403 3333 4479; x_wconf 84' lang='grc' dir='ltr'>ζώπυρα</span> <span class='ocrx_word' id='word_1_644' title='bbox 3384 4405 3482 4472; x_wconf 71' lang='grc' dir='ltr'>τῆς</span> <span class='ocrx_word' id='word_1_645' title='bbox 3542 4400 3790 4472; x_wconf 83' lang='grc' dir='ltr'>ἀληθοῦς</span> 
     </span>
    </p>
   </div>
   <div class='ocr_carea' id='block_1_91' title="bbox 2139 4488 3797 4570">
    <p class='ocr_par' dir='ltr' id='par_1_91' title="bbox 2139 4488 3797 4570">
     <span class='ocr_line' id='line_1_91' title="bbox 2139 4488 3797 4570; baseline -0.004 -20"><span class='ocrx_word' id='word_1_646' title='bbox 2139 4495 2389 4570; x_wconf 85' lang='grc' dir='ltr'>γνώσεως</span> <span class='ocrx_word' id='word_1_647' title='bbox 2447 4491 2980 4568; x_wconf 79' lang='grc' dir='ltr'>έγκατασπειράντων</span> <span class='ocrx_word' id='word_1_648' title='bbox 3037 4494 3359 4566; x_wconf 75' lang='grc' dir='ltr'>μαθήματα,</span> <span class='ocrx_word' id='word_1_649' title='bbox 3417 4492 3493 4554; x_wconf 87' lang='grc' dir='ltr'>ὡς</span> <span class='ocrx_word' id='word_1_650' title='bbox 3552 4491 3630 4565; x_wconf 77' lang='grc' dir='ltr'>μὴ</span> <span class='ocrx_word' id='word_1_651' title='bbox 3690 4488 3797 4566; x_wconf 77' lang='grc' dir='ltr'>ῥᾳ-</span> 
     </span>
    </p>
   </div>
   <div class='ocr_carea' id='block_1_92' title="bbox 386 4557 2025 4656">
    <p class='ocr_par' dir='ltr' id='par_1_92' title="bbox 386 4557 2025 4631">
     <span class='ocr_line' id='line_1_92' title="bbox 386 4557 2025 4631; baseline 0.004 -21"><span class='ocrx_word' id='word_1_652' title='bbox 386 4560 588 4615; x_wconf 81' lang='lat' dir='ltr'><strong>nostris</strong></span> <span class='ocrx_word' id='word_1_653' title='bbox 613 4561 872 4617; x_wconf 80' lang='lat' dir='ltr'><strong>initiatus</strong></span> <span class='ocrx_word' id='word_1_654' title='bbox 900 4577 1010 4616; x_wconf 86' lang='lat' dir='ltr'>non</span> <span class='ocrx_word' id='word_1_655' title='bbox 1039 4559 1136 4628; x_wconf 81' lang='lat' dir='ltr'><strong>sit,</strong></span> <span class='ocrx_word' id='word_1_656' title='bbox 1166 4560 1314 4616; x_wconf 82' lang='lat' dir='ltr'><strong>haud</strong></span> <span class='ocrx_word' id='word_1_657' title='bbox 1357 4557 1530 4631; x_wconf 78' lang='lat' dir='ltr'><strong>facile</strong></span> <span class='ocrx_word' id='word_1_658' title='bbox 1587 4559 1910 4630; x_wconf 82' lang='lat' dir='ltr'><strong>comperiat,</strong></span> <span class='ocrx_word' id='word_1_659' title='bbox 1973 4564 2025 4616; x_wconf 92' lang='lat' dir='ltr'><strong>et</strong></span> 
     </span>
    </p>
   </div>
   <div class='ocr_carea' id='block_1_93' title="bbox 2137 4557 3788 4656">
    <p class='ocr_par' dir='ltr' id='par_1_93' title="bbox 2137 4557 3788 4656">
     <span class='ocr_line' id='line_1_93' title="bbox 2137 4557 3788 4656; baseline -0.004 -18"><span class='ocrx_word' id='word_1_660' title='bbox 2137 4557 2250 4638; x_wconf 83' lang='grc' dir='ltr'>δίαν</span> <span class='ocrx_word' id='word_1_661' title='bbox 2311 4583 2441 4638; x_wconf 79' lang='grc' dir='ltr'>εἶναι</span> <span class='ocrx_word' id='word_1_662' title='bbox 2625 4557 2976 4656; x_wconf 71' lang='grc' dir='ltr'>περιτυχόντι</span> <span class='ocrx_word' id='word_1_663' title='bbox 3027 4557 3161 4636; x_wconf 74' lang='grc' dir='ltr'>τῶν</span> <span class='ocrx_word' id='word_1_664' title='bbox 3201 4581 3465 4654; x_wconf 79' lang='grc' dir='ltr'>ἀμυήτων</span> <span class='ocrx_word' id='word_1_665' title='bbox 3519 4557 3620 4648; x_wconf 53' lang='grc' dir='ltr'>τίῆν</span> <span class='ocrx_word' id='word_1_666' title='bbox 3673 4557 3788 4633; x_wconf 74' lang='grc' dir='ltr'>τῶν</span> 
     </span>
    </p>
   </div>
   <div class='ocr_carea' id='block_1_94' title="bbox 389 4649 2029 4721">
    <p class='ocr_par' dir='ltr' id='par_1_94' title="bbox 389 4649 2029 4721">
     <span class='ocr_line' id='line_1_94' title="bbox 389 4649 2029 4721; baseline 0.001 -21"><span class='ocrx_word' id='word_1_667' title='bbox 389 4663 514 4715; x_wconf 67' lang='lat' dir='ltr'>qum</span> <span class='ocrx_word' id='word_1_668' title='bbox 546 4654 894 4715; x_wconf 85' lang='lat' dir='ltr'><strong>sequuntur.</strong></span> <span class='ocrx_word' id='word_1_669' title='bbox 930 4651 1061 4705; x_wconf 71' lang='lat' dir='ltr'>Hmo</span> <span class='ocrx_word' id='word_1_670' title='bbox 1091 4650 1291 4720; x_wconf 86' lang='lat' dir='ltr'><strong>igitur,</strong></span> <span class='ocrx_word' id='word_1_671' title='bbox 1327 4655 1392 4705; x_wconf 94' lang='lat' dir='ltr'>ut</span> <span class='ocrx_word' id='word_1_672' title='bbox 1423 4651 1550 4721; x_wconf 89' lang='lat' dir='ltr'><strong>ipse</strong></span> <span class='ocrx_word' id='word_1_673' title='bbox 1583 4649 1816 4712; x_wconf 86' lang='lat' dir='ltr'><strong>fatetur,</strong></span> <span class='ocrx_word' id='word_1_674' title='bbox 1850 4662 2029 4703; x_wconf 90' lang='lat' dir='ltr'><strong>causa</strong></span> 
     </span>
    </p>
   </div>
   <div class='ocr_carea' id='block_1_95' title="bbox 387 4733 1599 4810">
    <p class='ocr_par' dir='ltr' id='par_1_95' title="bbox 387 4733 1599 4810">
     <span class='ocr_line' id='line_1_95' title="bbox 387 4733 1599 4810; baseline 0.004 -21"><span class='ocrx_word' id='word_1_675' title='bbox 387 4735 518 4804; x_wconf 79' lang='lat' dir='ltr'><strong>fuit,</strong></span> <span class='ocrx_word' id='word_1_676' title='bbox 551 4749 657 4787; x_wconf 86' lang='lat' dir='ltr'>cur</span> <span class='ocrx_word' id='word_1_677' title='bbox 686 4733 797 4786; x_wconf 87' lang='lat' dir='ltr'><strong>ista</strong></span> <span class='ocrx_word' id='word_1_678' title='bbox 827 4735 953 4789; x_wconf 88' lang='lat' dir='ltr'><strong>sine</strong></span> <span class='ocrx_word' id='word_1_679' title='bbox 983 4737 1187 4793; x_wconf 88' lang='lat' dir='ltr'>ordine</span> <span class='ocrx_word' id='word_1_680' title='bbox 1217 4739 1599 4810; x_wconf 83' lang='lat' dir='ltr'><strong>congesserit.</strong></span> 
     </span>
    </p>
   </div>
   <div class='ocr_carea' id='block_1_96' title="bbox 460 4864 2028 4942">
    <p class='ocr_par' dir='ltr' id='par_1_96' title="bbox 460 4864 2028 4942">
     <span class='ocr_line' id='line_1_96' title="bbox 460 4864 2028 4942; baseline 0.002 -20"><span class='ocrx_word' id='word_1_681' title='bbox 460 4866 665 4938; x_wconf 82' lang='lat' dir='ltr'><strong>Reperi</strong></span> <span class='ocrx_word' id='word_1_682' title='bbox 689 4869 883 4920; x_wconf 84' lang='lat' dir='ltr'><strong>autem</strong></span> <span class='ocrx_word' id='word_1_683' title='bbox 917 4864 974 4918; x_wconf 89' lang='lat' dir='ltr'><strong>in</strong></span> <span class='ocrx_word' id='word_1_684' title='bbox 1010 4873 1302 4936; x_wconf 86' lang='lat' dir='ltr'><strong>pervetere</strong></span> <span class='ocrx_word' id='word_1_685' title='bbox 1350 4871 1668 4942; x_wconf 80' lang='lat' dir='ltr'><strong>exemplari</strong></span> <span class='ocrx_word' id='word_1_686' title='bbox 1729 4871 1834 4925; x_wconf 89' lang='lat' dir='ltr'><strong>hoc</strong></span> <span class='ocrx_word' id='word_1_687' title='bbox 1881 4886 2028 4941; x_wconf 85' lang='lat' dir='ltr'><strong>opus</strong></span> 
     </span>
    </p>
   </div>
   <div class='ocr_carea' id='block_1_97' title="bbox 387 4953 2028 5030">
    <p class='ocr_par' dir='ltr' id='par_1_97' title="bbox 387 4953 2028 5030">
     <span class='ocr_line' id='line_1_97' title="bbox 387 4953 2028 5030; baseline 0.002 -19"><span class='ocrx_word' id='word_1_688' title='bbox 387 4974 501 5011; x_wconf 89' lang='lat' dir='ltr'>non</span> <span class='ocrx_word' id='word_1_689' title='bbox 534 4957 726 5010; x_wconf 90' lang='lat' dir='ltr'>solum</span> <span class='ocrx_word' id='word_1_690' title='bbox 778 4953 1113 5008; x_wconf 79' lang='lat' dir='ltr'><strong>Stromateon</strong></span> <span class='ocrx_word' id='word_1_691' title='bbox 1147 4956 1381 5009; x_wconf 91' lang='lat' dir='ltr'>nomine</span> <span class='ocrx_word' id='word_1_692' title='bbox 1411 4957 1784 5030; x_wconf 87' lang='lat' dir='ltr'><strong>inscriptum,</strong></span> <span class='ocrx_word' id='word_1_693' title='bbox 1808 4958 1908 5014; x_wconf 88' lang='lat' dir='ltr'><strong>sed</strong></span> <span class='ocrx_word' id='word_1_694' title='bbox 1933 4958 2028 5013; x_wconf 90' lang='lat' dir='ltr'>in-</span> 
     </span>
    </p>
   </div>
   <div class='ocr_carea' id='block_1_98' title="bbox 384 5041 2026 5118">
    <p class='ocr_par' dir='ltr' id='par_1_98' title="bbox 384 5041 2026 5118">
     <span class='ocr_line' id='line_1_98' title="bbox 384 5041 2026 5118; baseline 0.002 -20"><span class='ocrx_word' id='word_1_695' title='bbox 384 5049 544 5114; x_wconf 86' lang='lat' dir='ltr'><strong>tegre</strong></span> <span class='ocrx_word' id='word_1_696' title='bbox 575 5044 644 5098; x_wconf 92' lang='lat' dir='ltr'><strong>ad</strong></span> <span class='ocrx_word' id='word_1_697' title='bbox 678 5042 836 5095; x_wconf 88' lang='lat' dir='ltr'>hunc</span> <span class='ocrx_word' id='word_1_698' title='bbox 869 5041 1104 5096; x_wconf 90' lang='lat' dir='ltr'>modum</span> <span class='ocrx_word' id='word_1_699' title='bbox 1134 5058 1147 5096; x_wconf 93' lang='lat'>:</span> <span class='ocrx_word' id='word_1_700' title='bbox 1190 5043 1293 5098; x_wconf 83' lang='lat' dir='ltr'><strong>Titi</strong></span> <span class='ocrx_word' id='word_1_701' title='bbox 1323 5043 1497 5099; x_wconf 75' lang='lat' dir='ltr'><strong>Flavi:</strong></span> <span class='ocrx_word' id='word_1_702' title='bbox 1539 5045 1839 5103; x_wconf 82' lang='lat' dir='ltr'><strong>Clementis</strong></span> <span class='ocrx_word' id='word_1_703' title='bbox 1900 5063 2026 5118; x_wconf 84' lang='lat' dir='ltr'>pre-</span> 
     </span>
    </p>
   </div>
   <div class='ocr_carea' id='block_1_99' title="bbox 381 5129 2027 5202">
    <p class='ocr_par' dir='ltr' id='par_1_99' title="bbox 381 5129 2027 5202">
     <span class='ocr_line' id='line_1_99' title="bbox 381 5129 2027 5202; baseline 0.002 -15"><span class='ocrx_word' id='word_1_704' title='bbox 381 5133 588 5202; x_wconf 76' lang='lat' dir='ltr'><strong>sbyteri</strong></span> <span class='ocrx_word' id='word_1_705' title='bbox 626 5130 993 5185; x_wconf 76' lang='lat' dir='ltr'><strong>Alexandrini</strong></span> <span class='ocrx_word' id='word_1_706' title='bbox 1049 5129 1425 5186; x_wconf 77' lang='lat' dir='ltr'><strong>Gnosticarum</strong></span> <span class='ocrx_word' id='word_1_707' title='bbox 1478 5135 1779 5189; x_wconf 81' lang='lat' dir='ltr'><strong>secundum</strong></span> <span class='ocrx_word' id='word_1_708' title='bbox 1835 5152 2027 5192; x_wconf 82' lang='lat' dir='ltr'><strong>verum</strong></span> 
     </span>
    </p>
   </div>
   <div class='ocr_carea' id='block_1_100' title="bbox 376 5219 2024 5294">
    <p class='ocr_par' dir='ltr' id='par_1_100' title="bbox 376 5219 2024 5294">
     <span class='ocr_line' id='line_1_100' title="bbox 376 5219 2024 5294; baseline 0.004 -19"><span class='ocrx_word' id='word_1_709' title='bbox 376 5219 780 5294; x_wconf 78' lang='lat' dir='ltr'><strong>philosophiam</strong></span> <span class='ocrx_word' id='word_1_710' title='bbox 807 5222 1334 5275; x_wconf 73' lang='lat' dir='ltr'><strong>commutationum</strong></span> <span class='ocrx_word' id='word_1_711' title='bbox 1362 5220 1704 5276; x_wconf 79' lang='lat' dir='ltr'><strong>Stromateus</strong></span> <span class='ocrx_word' id='word_1_712' title='bbox 1734 5240 1774 5287; x_wconf 78' lang='grc' dir='ltr'>ι,</span> <span class='ocrx_word' id='word_1_713' title='bbox 1841 5242 1904 5292; x_wconf 83' lang='lat' dir='ltr'>n,</span> <span class='ocrx_word' id='word_1_714' title='bbox 1937 5242 2024 5294; x_wconf 82' lang='grc' dir='ltr'>ιιι,</span> 
     </span>
    </p>
   </div>
   <div class='ocr_carea' id='block_1_101' title="bbox 381 5309 2024 5382">
    <p class='ocr_par' dir='ltr' id='par_1_101' title="bbox 381 5309 2024 5382">
     <span class='ocr_line' id='line_1_101' title="bbox 381 5309 2024 5382; baseline 0.004 -17"><span class='ocrx_word' id='word_1_715' title='bbox 381 5324 835 5378; x_wconf 76' lang='lat' dir='ltr'><strong>iv,v,v1,vu,vm.</strong></span> <span class='ocrx_word' id='word_1_716' title='bbox 869 5315 948 5363; x_wconf 79' lang='lat' dir='ltr'>Ac</span> <span class='ocrx_word' id='word_1_717' title='bbox 1009 5309 1183 5380; x_wconf 90' lang='lat' dir='ltr'><strong>primi</strong></span> <span class='ocrx_word' id='word_1_718' title='bbox 1222 5309 1459 5382; x_wconf 89' lang='lat' dir='ltr'>quidem</span> <span class='ocrx_word' id='word_1_719' title='bbox 1491 5315 1713 5382; x_wconf 89' lang='lat' dir='ltr'><strong>septem</strong></span> <span class='ocrx_word' id='word_1_720' title='bbox 1751 5314 2024 5370; x_wconf 88' lang='lat' dir='ltr'><strong>eumdem</strong></span> 
     </span>
    </p>
   </div>
   <div class='ocr_carea' id='block_1_102' title="bbox 381 5395 2026 5471">
    <p class='ocr_par' dir='ltr' id='par_1_102' title="bbox 381 5395 2026 5471">
     <span class='ocr_line' id='line_1_102' title="bbox 381 5395 2026 5471; baseline 0.002 -19"><span class='ocrx_word' id='word_1_721' title='bbox 381 5399 698 5469; x_wconf 66' lang='lat' dir='ltr'><strong>praeferunt</strong></span> <span class='ocrx_word' id='word_1_722' title='bbox 728 5395 990 5464; x_wconf 85' lang='lat' dir='ltr'><strong>titulum,</strong></span> <span class='ocrx_word' id='word_1_723' title='bbox 1023 5397 1322 5470; x_wconf 87' lang='lat' dir='ltr'><strong>iidemque</strong></span> <span class='ocrx_word' id='word_1_724' title='bbox 1351 5416 1594 5471; x_wconf 88' lang='lat' dir='ltr'><strong>prorsus</strong></span> <span class='ocrx_word' id='word_1_725' title='bbox 1626 5404 1770 5456; x_wconf 89' lang='lat' dir='ltr'><strong>sunt</strong></span> <span class='ocrx_word' id='word_1_726' title='bbox 1809 5399 1866 5455; x_wconf 93' lang='lat' dir='ltr'><strong>in</strong></span> <span class='ocrx_word' id='word_1_727' title='bbox 1899 5419 2026 5456; x_wconf 84' lang='lat' dir='ltr'>om-</span> 
     </span>
    </p>
   </div>
   <div class='ocr_carea' id='block_1_103' title="bbox 380 5486 2024 5560">
    <p class='ocr_par' dir='ltr' id='par_1_103' title="bbox 380 5486 2024 5560">
     <span class='ocr_line' id='line_1_103' title="bbox 380 5486 2024 5560; baseline 0.002 -18"><span class='ocrx_word' id='word_1_728' title='bbox 380 5487 556 5542; x_wconf 86' lang='lat' dir='ltr'>nibus</span> <span class='ocrx_word' id='word_1_729' title='bbox 588 5486 1131 5542; x_wconf 89' lang='lat' dir='ltr'>codicibus.Verum</span> <span class='ocrx_word' id='word_1_730' title='bbox 1160 5493 1423 5555; x_wconf 90' lang='lat' dir='ltr'><strong>octavus,</strong></span> <span class='ocrx_word' id='word_1_731' title='bbox 1455 5505 1590 5544; x_wconf 91' lang='lat' dir='ltr'>cum</span> <span class='ocrx_word' id='word_1_732' title='bbox 1622 5489 2024 5560; x_wconf 87' lang='lat' dir='ltr'><strong>inscriptione,</strong></span> 
     </span>
    </p>
   </div>
   <div class='ocr_carea' id='block_1_104' title="bbox 381 5575 2024 5650">
    <p class='ocr_par' dir='ltr' id='par_1_104' title="bbox 381 5575 2024 5650">
     <span class='ocr_line' id='line_1_104' title="bbox 381 5575 2024 5650; baseline 0.004 -20"><span class='ocrx_word' id='word_1_733' title='bbox 381 5580 509 5630; x_wconf 87' lang='lat' dir='ltr'><strong>tum</strong></span> <span class='ocrx_word' id='word_1_734' title='bbox 542 5575 624 5631; x_wconf 92' lang='lat' dir='ltr'>rei</span> <span class='ocrx_word' id='word_1_735' title='bbox 655 5576 936 5645; x_wconf 63' lang='lat' dir='ltr'><strong>subjectae</strong></span> <span class='ocrx_word' id='word_1_736' title='bbox 968 5578 1256 5643; x_wconf 87' lang='lat' dir='ltr'><strong>materiat,</strong></span> <span class='ocrx_word' id='word_1_737' title='bbox 1310 5577 1515 5632; x_wconf 87' lang='lat' dir='ltr'><strong>variat.</strong></span> <span class='ocrx_word' id='word_1_738' title='bbox 1554 5579 1613 5633; x_wconf 90' lang='lat' dir='ltr'>In</span> <span class='ocrx_word' id='word_1_739' title='bbox 1666 5579 2024 5650; x_wconf 85' lang='lat' dir='ltr'>quibusdam</span> 
     </span>
    </p>
   </div>
   <div class='ocr_carea' id='block_1_105' title="bbox 381 5665 2025 5740">
    <p class='ocr_par' dir='ltr' id='par_1_105' title="bbox 381 5665 2025 5740">
     <span class='ocr_line' id='line_1_105' title="bbox 381 5665 2025 5740; baseline 0.002 -19"><span class='ocrx_word' id='word_1_740' title='bbox 381 5665 536 5721; x_wconf 89' lang='lat' dir='ltr'><strong>enim</strong></span> <span class='ocrx_word' id='word_1_741' title='bbox 587 5665 931 5721; x_wconf 84' lang='lat' dir='ltr'><strong>inscribitur</strong></span> <span class='ocrx_word' id='word_1_742' title='bbox 979 5681 992 5719; x_wconf 91' lang='lat'><strong>:</strong></span> <span class='ocrx_word' id='word_1_743' title='bbox 1051 5666 1184 5734; x_wconf 74' lang='lat' dir='ltr'>Qui:</span> <span class='ocrx_word' id='word_1_744' title='bbox 1243 5666 1403 5722; x_wconf 81' lang='lat' dir='ltr'><strong>dives</strong></span> <span class='ocrx_word' id='word_1_745' title='bbox 1461 5667 1720 5735; x_wconf 85' lang='lat' dir='ltr'><strong>salvetur,</strong></span> <span class='ocrx_word' id='word_1_746' title='bbox 1777 5668 2025 5740; x_wconf 88' lang='lat' dir='ltr'><strong>ejusque</strong></span> 
     </span>
    </p>
   </div>
   <div class='ocr_carea' id='block_1_106' title="bbox 2135 4667 3796 4748">
    <p class='ocr_par' dir='ltr' id='par_1_106' title="bbox 2135 4667 3796 4748">
     <span class='ocr_line' id='line_1_106' title="bbox 2135 4667 3796 4748; baseline -0.001 -20"><span class='ocrx_word' id='word_1_747' title='bbox 2135 4672 2300 4748; x_wconf 77' lang='grc' dir='ltr'>ἁγίων</span> <span class='ocrx_word' id='word_1_748' title='bbox 2359 4671 2588 4745; x_wconf 78' lang='grc' dir='ltr'>εὕρεσιν,</span> <span class='ocrx_word' id='word_1_749' title='bbox 2634 4670 2816 4725; x_wconf 85' lang='grc' dir='ltr'>καὶτᾶ</span> <span class='ocrx_word' id='word_1_750' title='bbox 2864 4670 3008 4741; x_wconf 80' lang='grc' dir='ltr'>ἑξῆς·</span> <span class='ocrx_word' id='word_1_751' title='bbox 3046 4677 3109 4726; x_wconf 83' lang='grc' dir='ltr'><strong>Ἠ</strong></span> <span class='ocrx_word' id='word_1_752' title='bbox 3160 4671 3256 4744; x_wconf 87' lang='grc' dir='ltr'>μὲν</span> <span class='ocrx_word' id='word_1_753' title='bbox 3306 4668 3397 4725; x_wconf 80' lang='grc' dir='ltr'>οὖν</span> <span class='ocrx_word' id='word_1_754' title='bbox 3457 4667 3796 4746; x_wconf 72' lang='grc' dir='ltr'>διεῤῥιμμέο</span> 
     </span>
    </p>
   </div>
   <div class='ocr_carea' id='block_1_107' title="bbox 2135 4758 3789 4836">
    <p class='ocr_par' dir='ltr' id='par_1_107' title="bbox 2135 4758 3789 4836">
     <span class='ocr_line' id='line_1_107' title="bbox 2135 4758 3789 4836; baseline -0.002 -18"><span class='ocrx_word' id='word_1_755' title='bbox 2135 4784 2244 4825; x_wconf 91' lang='grc' dir='ltr'>νως</span> <span class='ocrx_word' id='word_1_756' title='bbox 2281 4761 2416 4818; x_wconf 76' lang='grc' dir='ltr'>αὐτὰ</span> <span class='ocrx_word' id='word_1_757' title='bbox 2459 4759 2745 4831; x_wconf 80' lang='grc' dir='ltr'>κατατάξαι</span> <span class='ocrx_word' id='word_1_758' title='bbox 2794 4758 2942 4833; x_wconf 85' lang='grc' dir='ltr'>αύτῷ</span> <span class='ocrx_word' id='word_1_759' title='bbox 2991 4758 3160 4833; x_wconf 78' lang='grc' dir='ltr'>αἰτία,</span> <span class='ocrx_word' id='word_1_760' title='bbox 3211 4759 3285 4823; x_wconf 82' lang='grc' dir='ltr'>ὥς</span> <span class='ocrx_word' id='word_1_761' title='bbox 3334 4779 3489 4836; x_wconf 85' lang='grc' dir='ltr'>φησι,</span> <span class='ocrx_word' id='word_1_762' title='bbox 3540 4760 3789 4834; x_wconf 83' lang='grc' dir='ltr'>γέγονεν,</span> 
     </span>
    </p>
   </div>
   <div class='ocr_carea' id='block_1_108' title="bbox 2207 4861 3791 4943">
    <p class='ocr_par' dir='ltr' id='par_1_108' title="bbox 2207 4861 3791 4943">
     <span class='ocr_line' id='line_1_108' title="bbox 2207 4861 3791 4943; baseline -0.002 -19"><span class='ocrx_word' id='word_1_763' title='bbox 2207 4870 2378 4943; x_wconf 79' lang='grc' dir='ltr'>Εὗρον</span> <span class='ocrx_word' id='word_1_764' title='bbox 2413 4869 2596 4942; x_wconf 85' lang='grc' dir='ltr'>μέντοι</span> <span class='ocrx_word' id='word_1_765' title='bbox 2625 4887 2688 4941; x_wconf 87' lang='grc' dir='ltr'>γε</span> <span class='ocrx_word' id='word_1_766' title='bbox 2735 4863 2788 4922; x_wconf 80' lang='grc' dir='ltr'>ἔν</span> <span class='ocrx_word' id='word_1_767' title='bbox 2827 4887 2931 4921; x_wconf 89' lang='grc' dir='ltr'>τινι</span> <span class='ocrx_word' id='word_1_768' title='bbox 2977 4867 3200 4940; x_wconf 81' lang='grc' dir='ltr'>παλαιῷ</span> <span class='ocrx_word' id='word_1_769' title='bbox 3255 4861 3457 4943; x_wconf 75' lang='grc' dir='ltr'>βιϐλίῳ</span> <span class='ocrx_word' id='word_1_770' title='bbox 3485 4867 3586 4935; x_wconf 81' lang='grc' dir='ltr'>τήν</span> <span class='ocrx_word' id='word_1_771' title='bbox 3619 4864 3791 4936; x_wconf 77' lang='grc' dir='ltr'>αὐτὴν</span> 
     </span>
    </p>
   </div>
   <div class='ocr_carea' id='block_1_109' title="bbox 2133 4953 3795 5034">
    <p class='ocr_par' dir='ltr' id='par_1_109' title="bbox 2133 4953 3795 5034">
     <span class='ocr_line' id='line_1_109' title="bbox 2133 4953 3795 5034; baseline -0.003 -20"><span class='ocrx_word' id='word_1_772' title='bbox 2133 4958 2503 5034; x_wconf 83' lang='grc' dir='ltr'>πραγματείαν</span> <span class='ocrx_word' id='word_1_773' title='bbox 2536 4955 2665 5031; x_wconf 83' lang='grc' dir='ltr'>ούχὶ</span> <span class='ocrx_word' id='word_1_774' title='bbox 2699 4960 3049 5030; x_wconf 86' lang='grc' dir='ltr'>Στρωματεῖς</span> <span class='ocrx_word' id='word_1_775' title='bbox 3099 4955 3265 5030; x_wconf 83' lang='grc' dir='ltr'>μόνον</span> <span class='ocrx_word' id='word_1_776' title='bbox 3313 4953 3795 5033; x_wconf 74' lang='grc' dir='ltr'>ἐπιγραφομένην,</span> 
     </span>
    </p>
   </div>
   <div class='ocr_carea' id='block_1_110' title="bbox 2134 5038 3797 5120">
    <p class='ocr_par' dir='ltr' id='par_1_110' title="bbox 2134 5038 3797 5120">
     <span class='ocr_line' id='line_1_110' title="bbox 2134 5038 3797 5120; baseline -0.003 -17"><span class='ocrx_word' id='word_1_777' title='bbox 2134 5044 2261 5104; x_wconf 85' lang='grc' dir='ltr'>ἀλλ’</span> <span class='ocrx_word' id='word_1_778' title='bbox 2296 5044 2624 5120; x_wconf 78' lang='grc' dir='ltr'>ὁλοκλήρως</span> <span class='ocrx_word' id='word_1_779' title='bbox 2671 5041 2862 5106; x_wconf 71' lang='grc' dir='ltr'>οὕτως·</span> <span class='ocrx_word' id='word_1_780' title='bbox 2908 5041 3067 5100; x_wconf 86' lang='grc' dir='ltr'>Τίτου</span> <span class='ocrx_word' id='word_1_781' title='bbox 3127 5038 3378 5100; x_wconf 78' lang='grc' dir='ltr'>Φλαϐίου</span> <span class='ocrx_word' id='word_1_782' title='bbox 3439 5044 3797 5116; x_wconf 76' lang='grc' dir='ltr'>ΚΛήμεντος,</span> 
     </span>
    </p>
   </div>
   <div class='ocr_carea' id='block_1_111' title="bbox 2133 5130 3789 5211">
    <p class='ocr_par' dir='ltr' id='par_1_111' title="bbox 2133 5130 3789 5211">
     <span class='ocr_line' id='line_1_111' title="bbox 2133 5130 3789 5211; baseline -0.004 -20"><span class='ocrx_word' id='word_1_783' title='bbox 2133 5132 2500 5211; x_wconf 78' lang='grc' dir='ltr'>πρεσϐυτέρου</span> <span class='ocrx_word' id='word_1_784' title='bbox 2562 5130 2974 5207; x_wconf 78' lang='grc' dir='ltr'>Ἀλεξανδρείας</span> <span class='ocrx_word' id='word_1_785' title='bbox 3043 5137 3153 5189; x_wconf 91' lang='grc' dir='ltr'>τῶν</span> <span class='ocrx_word' id='word_1_786' title='bbox 3213 5133 3352 5189; x_wconf 78' lang='grc' dir='ltr'>κατὰ</span> <span class='ocrx_word' id='word_1_787' title='bbox 3422 5133 3521 5201; x_wconf 79' lang='grc' dir='ltr'>τήν</span> <span class='ocrx_word' id='word_1_788' title='bbox 3599 5131 3789 5203; x_wconf 84' lang='grc' dir='ltr'>ἀληθῆ</span> 
     </span>
    </p>
   </div>
   <div class='ocr_carea' id='block_1_112' title="bbox 2135 5223 3796 5305">
    <p class='ocr_par' dir='ltr' id='par_1_112' title="bbox 2135 5223 3796 5305">
     <span class='ocr_line' id='line_1_112' title="bbox 2135 5223 3796 5305; baseline -0.003 -24"><span class='ocrx_word' id='word_1_789' title='bbox 2135 5224 2460 5305; x_wconf 82' lang='grc' dir='ltr'>φιλοσοφίαν</span> <span class='ocrx_word' id='word_1_790' title='bbox 2565 5226 2882 5277; x_wconf 88' lang='grc' dir='ltr'>Γνωστικῶν</span> <span class='ocrx_word' id='word_1_791' title='bbox 2987 5223 3400 5296; x_wconf 83' lang='grc' dir='ltr'>ὑπομνημάτων</span> <span class='ocrx_word' id='word_1_792' title='bbox 3510 5227 3796 5297; x_wconf 82' lang='grc' dir='ltr'>Στρωμα-</span> 
     </span>
    </p>
   </div>
   <div class='ocr_carea' id='block_1_113' title="bbox 2133 5308 3790 5389">
    <p class='ocr_par' dir='ltr' id='par_1_113' title="bbox 2133 5308 3790 5389">
     <span class='ocr_line' id='line_1_113' title="bbox 2133 5308 3790 5389; baseline -0.004 -18"><span class='ocrx_word' id='word_1_793' title='bbox 2133 5316 2268 5371; x_wconf 88' lang='grc' dir='ltr'>τέων</span> <span class='ocrx_word' id='word_1_794' title='bbox 2313 5321 2381 5386; x_wconf 85' lang='grc' dir='ltr'>α’,</span> <span class='ocrx_word' id='word_1_795' title='bbox 2433 5315 2499 5389; x_wconf 87' lang='grc' dir='ltr'>β’,</span> <span class='ocrx_word' id='word_1_796' title='bbox 2547 5313 2613 5386; x_wconf 89' lang='grc' dir='ltr'>γ’,</span> <span class='ocrx_word' id='word_1_797' title='bbox 2665 5308 2728 5380; x_wconf 86' lang='grc' dir='ltr'>δ’,</span> <span class='ocrx_word' id='word_1_798' title='bbox 2775 5312 2832 5383; x_wconf 84' lang='grc' dir='ltr'>ε’,</span> <span class='ocrx_word' id='word_1_799' title='bbox 2882 5312 2947 5382; x_wconf 86' lang='grc' dir='ltr'>ς’,</span> <span class='ocrx_word' id='word_1_800' title='bbox 3000 5314 3061 5384; x_wconf 83' lang='grc' dir='ltr'>ζ’,</span> <span class='ocrx_word' id='word_1_801' title='bbox 3111 5312 3200 5368; x_wconf 79' lang='grc' dir='ltr'>καὶ</span> <span class='ocrx_word' id='word_1_802' title='bbox 3253 5313 3325 5384; x_wconf 77' lang='grc' dir='ltr'>η’.</span> <span class='ocrx_word' id='word_1_803' title='bbox 3381 5309 3540 5369; x_wconf 85' lang='grc' dir='ltr'>Ἀλλ’</span> <span class='ocrx_word' id='word_1_804' title='bbox 3596 5311 3624 5366; x_wconf 88' lang='lat'>6</span> <span class='ocrx_word' id='word_1_805' title='bbox 3686 5311 3790 5383; x_wconf 78' lang='grc' dir='ltr'>μὲν</span> 
     </span>
    </p>
   </div>
   <div class='ocr_carea' id='block_1_114' title="bbox 2134 5395 3793 5480">
    <p class='ocr_par' dir='ltr' id='par_1_114' title="bbox 2134 5395 3793 5480">
     <span class='ocr_line' id='line_1_114' title="bbox 2134 5395 3793 5480; baseline -0.004 -21"><span class='ocrx_word' id='word_1_806' title='bbox 2134 5404 2352 5480; x_wconf 81' lang='grc' dir='ltr'>πρῶτος</span> <span class='ocrx_word' id='word_1_807' title='bbox 2381 5402 2548 5477; x_wconf 86' lang='grc' dir='ltr'>μέχρι</span> <span class='ocrx_word' id='word_1_808' title='bbox 2575 5403 2671 5455; x_wconf 84' lang='grc' dir='ltr'>τοῦ</span> <span class='ocrx_word' id='word_1_809' title='bbox 2719 5395 2983 5472; x_wconf 75' lang='grc' dir='ltr'>ἑϐδόμου,</span> <span class='ocrx_word' id='word_1_810' title='bbox 3037 5402 3137 5471; x_wconf 77' lang='grc' dir='ltr'>τήν</span> <span class='ocrx_word' id='word_1_811' title='bbox 3181 5399 3348 5471; x_wconf 85' lang='grc' dir='ltr'>αύτήν</span> <span class='ocrx_word' id='word_1_812' title='bbox 3396 5397 3618 5475; x_wconf 80' lang='grc' dir='ltr'>ἔχουσιν</span> <span class='ocrx_word' id='word_1_813' title='bbox 3667 5397 3793 5454; x_wconf 81' lang='grc' dir='ltr'>ἐπι-</span> 
     </span>
    </p>
   </div>
   <div class='ocr_carea' id='block_1_115' title="bbox 2133 5488 3795 5570">
    <p class='ocr_par' dir='ltr' id='par_1_115' title="bbox 2133 5488 3795 5570">
     <span class='ocr_line' id='line_1_115' title="bbox 2133 5488 3795 5570; baseline -0.005 -21"><span class='ocrx_word' id='word_1_814' title='bbox 2133 5493 2368 5570; x_wconf 76' lang='grc' dir='ltr'>γραφὴν,</span> <span class='ocrx_word' id='word_1_815' title='bbox 2418 5490 2508 5545; x_wconf 85' lang='grc' dir='ltr'>καὶ</span> <span class='ocrx_word' id='word_1_816' title='bbox 2540 5489 2733 5543; x_wconf 85' lang='grc' dir='ltr'>ἑνιαῖοι</span> <span class='ocrx_word' id='word_1_817' title='bbox 2787 5489 3149 5564; x_wconf 86' lang='grc' dir='ltr'>τυγχάνουσιν</span> <span class='ocrx_word' id='word_1_818' title='bbox 3199 5489 3252 5544; x_wconf 82' lang='grc' dir='ltr'>έν</span> <span class='ocrx_word' id='word_1_819' title='bbox 3304 5489 3470 5546; x_wconf 78' lang='grc' dir='ltr'>ἅπασι</span> <span class='ocrx_word' id='word_1_820' title='bbox 3525 5493 3644 5550; x_wconf 86' lang='grc' dir='ltr'>τοῖς</span> <span class='ocrx_word' id='word_1_821' title='bbox 3699 5488 3795 5564; x_wconf 87' lang='grc' dir='ltr'>βι-</span> 
     </span>
    </p>
   </div>
   <div class='ocr_carea' id='block_1_116' title="bbox 2134 5571 3790 5656">
    <p class='ocr_par' dir='ltr' id='par_1_116' title="bbox 2134 5571 3790 5656">
     <span class='ocr_line' id='line_1_116' title="bbox 2134 5571 3790 5656; baseline -0.004 -20"><span class='ocrx_word' id='word_1_822' title='bbox 2134 5577 2334 5642; x_wconf 77' lang='grc' dir='ltr'>ϐλίοις.</span> <span class='ocrx_word' id='word_1_823' title='bbox 2385 5580 2448 5636; x_wconf 87' lang='grc' dir='ltr'>Ὁ</span> <span class='ocrx_word' id='word_1_824' title='bbox 2495 5576 2680 5650; x_wconf 84' lang='grc' dir='ltr'>μέντοι</span> <span class='ocrx_word' id='word_1_825' title='bbox 2731 5571 2928 5649; x_wconf 81' lang='grc' dir='ltr'>ὄγδοος</span> <span class='ocrx_word' id='word_1_826' title='bbox 2959 5575 3221 5656; x_wconf 86' lang='grc' dir='ltr'>διάφορός</span> <span class='ocrx_word' id='word_1_827' title='bbox 3277 5578 3336 5634; x_wconf 80' lang='grc' dir='ltr'>τὲ</span> <span class='ocrx_word' id='word_1_828' title='bbox 3392 5577 3502 5634; x_wconf 78' lang='grc' dir='ltr'>ἐστι</span> <span class='ocrx_word' id='word_1_829' title='bbox 3563 5575 3656 5632; x_wconf 83' lang='grc' dir='ltr'>καὶ</span> <span class='ocrx_word' id='word_1_830' title='bbox 3713 5574 3790 5650; x_wconf 66' lang='grc' dir='ltr'>τῇ</span> 
     </span>
    </p>
   </div>
   <div class='ocr_carea' id='block_1_117' title="bbox 2133 5661 3792 5746">
    <p class='ocr_par' dir='ltr' id='par_1_117' title="bbox 2133 5661 3792 5746">
     <span class='ocr_line' id='line_1_117' title="bbox 2133 5661 3792 5746; baseline -0.002 -23"><span class='ocrx_word' id='word_1_831' title='bbox 2133 5670 2406 5746; x_wconf 74' lang='grc' dir='ltr'>ἐπιγραφῇ</span> <span class='ocrx_word' id='word_1_832' title='bbox 2454 5665 2544 5720; x_wconf 79' lang='grc' dir='ltr'>καὶ</span> <span class='ocrx_word' id='word_1_833' title='bbox 2591 5667 2670 5735; x_wconf 76' lang='grc' dir='ltr'>τῷ</span> <span class='ocrx_word' id='word_1_834' title='bbox 2726 5661 2933 5740; x_wconf 72' lang='grc' dir='ltr'>ἐδάφει,</span> <span class='ocrx_word' id='word_1_835' title='bbox 2976 5666 3072 5722; x_wconf 85' lang='grc' dir='ltr'>Ἔν</span> <span class='ocrx_word' id='word_1_836' title='bbox 3125 5687 3236 5722; x_wconf 91' lang='grc' dir='ltr'>τισι</span> <span class='ocrx_word' id='word_1_837' title='bbox 3287 5667 3381 5741; x_wconf 77' lang='grc' dir='ltr'>μὲν</span> <span class='ocrx_word' id='word_1_838' title='bbox 3434 5666 3559 5743; x_wconf 70' lang='grc' dir='ltr'>γὰρ,</span> <span class='ocrx_word' id='word_1_839' title='bbox 3609 5664 3709 5727; x_wconf 89' lang='grc' dir='ltr'>Τίς</span> <span class='ocrx_word' id='word_1_840' title='bbox 3756 5663 3792 5719; x_wconf 76' lang='lat'>6</span> 
     </span>
    </p>
   </div>
  </div>
