4064 6204
354 369 434 425 63
1592 359 1999 414 CLEMENTIB
2035 360 2538 414 ALEXANDBINI
3698 354 3773 410 64

365 490 572 548 mundi
601 489 774 544 vitam
809 485 978 541 nobis
1007 484 1066 540 in
1107 482 1292 555 prima
1322 481 1611 537 mentione
1641 480 1818 544 dedit,
1853 498 1999 552 prte-

2132 477 2200 533 ιαὶ
2261 481 2623 532 συσσαπῶσιν.
2681 477 2738 531 Ὀ
2794 479 2926 552 γοῦι
2987 476 3235 548 πονηρὸς
3291 475 3477 531 οὑτοσὶ
3501 474 3776 551 τύραννος

367 578 618 651 ceptoris
651 574 856 630 habitu
889 577 1124 644 sumpto
1156 572 1300 626 bene
1332 568 1558 622 vivendi
1591 568 1870 624 rationem
1906 585 2012 624 nos

2132 568 2209 622 ιιαὶ
2271 565 2507 642 δράκων,
2562 564 2654 630 οῦς
2707 566 2766 621 ἂν
2826 566 2942 628 οἷός
3003 586 3060 622 τε
3109 564 3193 636 εἴη
3226 566 3286 620 ἐκ
3333 572 3554 640 γενετῆς
3587 587 3774 644 σφετε-

366 668 587 737 docuit,
607 675 666 720 ul
691 668 891 738 postea
917 666 1199 732 tanquam
1224 659 1376 714 Deus
1399 662 1670 714 aeternam
1696 659 1873 714 vitam
1906 659 2012 712 lar-

2132 657 2395 726 οἱσασθαι,
2428 654 2630 724 λίθοις,
2662 655 2749 711 καὶ
2787 653 2988 726 ξύλοις,
3022 653 3110 710 καὶ
3142 652 3447 729 ἀγάλμασι,
3473 654 3562 708 καὶ
3591 655 3778 708 τοιού-

368 758 582 830 giatur.
603 756 656 810 Is
677 770 810 808 vero
843 767 957 806 non
991 753 1078 804 est
1109 765 1266 803 nunc
1298 747 1549 818 primum
1583 748 1797 803 erroris
1831 747 2013 802 nostri

2132 768 2240 810 τοις
2290 746 2451 816 τισὶν,
2513 743 2766 810 εἰδώλοις
2820 747 3159 823 προσφίγξας
3215 749 3292 816 τῷ
3349 742 3778 818 δεισιδαιμονίας

365 847 668 912 misertus,
693 842 791 897 sed
839 839 976 894 olim
1010 855 1040 893 a
1075 837 1364 910 principio
1415 836 1649 905 mundi;
1687 853 1843 892 nunc
1882 851 2014 891 vero

363 937 598 991 tandem
634 943 942 1002 apparens,
967 925 1256 998 perituros
1288 941 1353 981 ex
1388 924 1653 980 faucibus
1677 925 1833 980 exitii
1866 923 2016 978 libe-

360 1022 534 1080 ravit.
561 1020 703 1074 Nam
739 1017 796 1071 in
829 1015 987 1070 hunc
1031 1030 1217 1086 usque
1249 1014 1400 1070 diem
1438 1013 1738 1087 malignus
1771 1013 1868 1068 ille
1893 1029 2014 1068 ser-

363 1128 507 1184 pens
546 1109 869 1163 humanum
903 1120 1090 1176 genus
1131 1103 1592 1175 prestigiiszsuis
1622 1102 1683 1157 in
1715 1107 2016 1157 contume-

363 1202 574 1256 liosam
608 1201 666 1251 et
699 1194 977 1249 miseram
1031 1192 1372 1248 servitutem
1422 1192 1689 1260 abducit;
1740 1192 2020 1262 saevitque

367 1289 425 1344 in
459 1303 581 1352 eos,
609 1290 670 1340 ut
702 1285 780 1339 ita
813 1283 1029 1353 dicam,
1055 1282 1438 1338 barbarorum
1471 1283 1608 1349 ritu,
1632 1282 1729 1352 qui
1765 1280 2020 1352 captivos

368 1392 508 1432 suos
530 1378 897 1430 mortuorum
919 1370 1510 1440 cadaveribus,donec
1531 1387 1643 1424 una
1662 1374 2020 1448 putrescant,

371 1465 614 1536 alligare
649 1464 936 1518 feruntur.
969 1460 1120 1516 Dum
1153 1459 1306 1514 enim
1341 1475 1724 1532 quoscunque
1753 1477 1786 1514 a
1815 1458 1906 1514 sui
1937 1475 2026 1513 or.

360 1559 458 1610 tus
485 1553 773 1626 principio
793 1553 865 1607 ad
891 1549 1159 1623 proprias
1179 1549 1411 1606 trahere
1429 1555 1620 1622 partes
1639 1548 1809 1616 valet,
1825 1549 2025 1604 crude-

364 1643 439 1700 lis
469 1641 566 1697 ille
598 1647 885 1714 tyrannus
915 1645 971 1695 et
1002 1656 1245 1712 serpens
1296 1640 1366 1694 ad
1421 1638 1673 1710 lapides,
1695 1638 1874 1710 ligna,
1907 1641 2024 1692 sla-

369 1736 526 1798 tuas,
545 1730 893 1801 reliquaque
924 1729 1078 1784 idola
1101 1729 1316 1784 misero
1339 1727 1773 1799 superstitionis
1795 1725 2025 1782 vinculo

368 1819 742 1891 constringit,
793 1835 907 1874 non
966 1817 1339 1874 incommode
1386 1816 1620 1887 dicitur,
1660 1816 1818 1872 vivos
1867 1832 2026 1871 com-

366 1909 532 1964 muni
557 1907 786 1963 tumulo
810 1907 1046 1973 inferre,
1063 1908 1248 1962 donec
1272 1923 1390 1961 una
1412 1922 1545 1962 cum
1575 1905 1692 1960 illis
1712 1905 2023 1962 intereant.

365 1998 757 2063 Quamobrem
792 1997 978 2052 Evam
1012 1995 1152 2051 olim
1176 1998 1354 2066 (unus
1386 1995 1599 2051 etenim
1631 1995 1904 2066 idemque
1935 2011 2030 2050 se-

365 2089 578 2143 ductor
607 2087 715 2157 est)
742 2091 799 2142 et
826 2085 969 2142 alios
996 2102 1152 2140 nunc
1178 2085 1449 2140 homines
1482 2084 1539 2138 in
1567 2089 1810 2139 mortem
1845 2082 2025 2141 ducit.

372 2177 534 2233 Unus
569 2175 771 2231 itidem
805 2175 976 2230 nobis
1008 2176 1244 2246 adjutor
1271 2179 1327 2229 et
1356 2173 1568 2229 vindex
1597 2179 1686 2228 est
1715 2171 2024 2228 Dominus:

361 2265 462 2338 qui
510 2265 760 2321 salutem
794 2281 828 2319 a
858 2263 1148 2335 principio
1202 2263 1538 2336 prophetice
1594 2261 2027 2334 praenuntiavit,

367 2360 425 2410 et
457 2371 611 2410 nunc
654 2354 725 2408 ad
781 2369 910 2408 eam
943 2353 1416 2425 consequendam
1469 2357 1666 2424 aperte
1720 2368 1784 2406 ac
1833 2349 2026 2422 palam

367 2444 599 2500 invitat.
625 2442 944 2513 Fugiamus
995 2441 1195 2514 igitur,
1229 2441 1492 2512 Apostoli
1536 2444 1822 2514 praecepto
1854 2441 2026 2495 obse-

371 2538 639 2606 quentes,
687 2534 1007 2604 principem
1049 2534 1334 2604 potestatis
1384 2531 1533 2587 aeris
1581 2532 1765 2601 huius,
1798 2532 2031 2602 spiritus

370 2625 468 2696 qui
495 2639 642 2676 nunc
672 2626 935 2693 operatur
976 2624 1036 2677 in
1063 2623 1209 2693 ﬁlios
1243 2621 1588 2693 difﬁdentia;-
1611 2622 1686 2690 ¹²;
1721 2627 1778 2676 et
1807 2622 1877 2677 ad
1911 2621 2026 2676 Do-

369 2711 598 2767 minum
632 2711 997 2767 Servatorem
1031 2711 1467 2783 confugiamus,
1493 2709 1593 2782 qui
1628 2726 1732 2782 per
1763 2711 2029 2782 prodigia

371 2805 428 2856 et
457 2801 629 2872 signa
659 2816 794 2855 cum
833 2799 890 2854 in
922 2801 1188 2873 IEgypto,
1220 2804 1346 2855 tum
1378 2799 1555 2855 etiam
1595 2800 1652 2855 in
1685 2800 1938 2870 deserto,
1971 2803 2028 2853 et

375 2905 478 2960 per
500 2889 736 2956 rubum;
754 2893 810 2944 et
833 2889 1072 2958 nubem,
1091 2887 1155 2952 is
1177 2905 1302 2960 quae
1325 2890 1522 2944 divina
1545 2889 1734 2961 gratia
1756 2889 2027 2944 Hebraeos

367 2979 531 3034 velut
578 2976 772 3032 ancila
818 2977 1605 3049 quedam,sequebatur,fad
1639 2977 1888 3034 salutem
1935 2976 2024 3032 in-

372 3066 535 3123 vitat.
559 3070 844 3124 Cieterum
900 3070 1272 3123 contumaces
1301 3068 1533 3140 quidem
1566 3070 1622 3124 et
1653 3067 1782 3123 duri
1834 3066 2026 3122 cordis

366 3157 639 3214 homines
663 3164 822 3213 metu
845 3157 1125 3230 impellit;
1155 3159 1298 3215 alios
1322 3158 1590 3231 vero,qui
1613 3158 1856 3214 auribus
1876 3175 2022 3230 prae-

2125 836 2301 910 ἀθλίῳ
2332 834 2536 910 δεσμῷ,
2566 840 2726 890 τοῦτο
2769 833 2835 903 δὴ
2883 835 2945 890 τὸ
2997 833 3314 911 λεγόμενον,
3349 838 3550 903 ζῶντας
3600 833 3785 912 ἑπιφέ-

2127 948 2237 1003 ρων
2279 927 2568 1000 συνέθαψεν
2625 927 2811 988 αὐτοῖς
2861 927 3016 999 (87),
3048 923 3155 979 ἔστ’
3202 923 3260 978 ἂν
3311 924 3401 978 καὶ
3449 928 3782 1000 συμφθαρῶ-

2129 1037 2232 1070 σιν.
2268 1016 2330 1070 οὗ
2363 1013 2429 1085 δὴ
2461 1015 2624 1091 χάριν
2657 1017 2770 1087 (88)
2801 1015 2898 1084 (εἷς
2948 1015 3050 1090 γὰρ
3083 1015 3112 1068 6
3143 1011 3412 1083 ἀπατεὼν)
3446 1012 3646 1067 ἄνωθεν
3684 1013 3782 1086 μὲν

2129 1107 2229 1175 τὴν
2265 1102 2429 1173 Εὕαν,
2462 1109 2554 1158 νῦν
2586 1101 2645 1158 δὲ
2672 1101 2782 1174 ἤδη
2816 1103 2905 1158 καὶ
2955 1102 3083 1165 τοὺς
3121 1101 3326 1164 ἄλλους
3357 1103 3680 1176 ἀνθρώπους
3706 1100 3786 1166 εἷς

2132 1195 2362 1249 θάνατον
2415 1195 2724 1272 ὑποφέρων·
2775 1194 2851 1255 εἷς
2895 1194 2983 1248 καὶ
3011 1192 3176 1261 ,αὐτὸς
3205 1191 3498 1266 ἐπίκουρος
3521 1192 3612 1247 καὶ
3647 1192 3785 1266 βοη-

2130 1286 2222 1352 θὴς
2272 1286 2410 1358 ἡμῖν
2446 1284 2473 1338 6
2525 1283 2752 1358 Κύριος,
2802 1281 3173 1356 προσμηνύων
3227 1283 3342 1354 (89)
3375 1281 3614 1356 ἀρχῆθεν
3641 1301 3787 1356 προ-

2133 1378 2401 1454 φητικῶς,
2456 1377 2546 1428 νῦν
2581 1370 2639 1428 δὲ
2666 1370 2776 1443 ἤδη
2822 1371 2910 1427 καὶ
2964 1371 3196 1446 ἐναργῶς
3242 1371 3319 1432 εἷς
3366 1371 3636 1444 σωτηρίαν
3684 1391 3789 1425 πα-

2135 1464 2411 1541 ρακαλῶν.
2473 1463 2744 1538 Φύγωμεν
2776 1460 2888 1531 οῦν,
2931 1459 3272 1534 ἀποστολικῇ
3322 1460 3633 1534 πειθόμενοι
3683 1481 3791 1514 πα-

2135 1553 2418 1630 ραγγελία.
2452 1555 2558 1611 Τὸν
2611 1551 2851 1628 ἄρχοντα
2891 1555 2992 1617 τῆς
3044 1549 3286 1622 ἐξουσίας
3329 1554 3426 1605 τοῦ
3459 1551 3635 1625 ἀερος,
3692 1554 3792 1604 τοῦ

2137 1644 2441 1717 πνεύματος
2497 1647 2593 1696 τοῦ
2651 1647 2742 1696 νῦν
2817 1640 3162 1717 ἐνεργοῦντος
3217 1640 3268 1694 ἐν
3323 1645 3440 1701 τοῖς
3497 1640 3636 1702 υἱοῖς
3691 1645 3792 1707 τῆς

2134 1732 2425 1794 ἀπειθείας·
2479 1733 2569 1787 καὶ
2600 1736 2680 1804 τῷ
2713 1734 2931 1806 Σωτῆρι
2962 1735 3042 1802 τῷ
3085 1729 3276 1806 Κυρίῳ
3323 1726 3792 1804 προσδράμωμεν,

2138 1823 2199 1884 ’ὀς
2241 1822 2329 1877 καὶ
2365 1826 2454 1876 νῦν
2486 1819 2576 1875 καὶ
2605 1819 2686 1875 ἀεὶ
2718 1816 3051 1894 προῦτρεπεν
3084 1818 3159 1880 εἷς
3186 1817 3484 1893 σωτηρίαν,
3517 1815 3606 1872 διὰ
3631 1818 3790 1892 τερά-

2135 1933 2244 1967 των
2297 1910 2387 1966 καὶ
2415 1909 2660 1984 σημείων
2694 1909 2746 1964 ἐν
2782 1908 3048 1984 Αῗγύπτῳ
3094 1909 3182 1963 καὶ
3233 1906 3285 1962 ἐν
3337 1906 3554 1983 ἐρήμῳ·
3612 1904 3702 1961 διά
3730 1928 3791 1962 τε

2135 2008 2234 2071 τῆς
2288 2001 2478 2075 βάτου,
2528 1999 2620 2054 καὶ
2666 2006 2766 2068 τῆς
2799 1995 3209 2067 ἀκολουθούσης
3259 1998 3445 2071 χάριτι
3476 1995 3788 2072 φιλανθρω-

2137 2091 2289 2156 πίας,
2349 2087 2678 2165 θεραπαίνης
2741 2085 2898 2157 δίκην
2953 2081 3228 2161 Ἑϐραίοις
3283 2083 3536 2163 νεφέλης.
3594 2083 3790 2156 Τούτῳ

2143 2180 2235 2253 μὲν
2293 2176 2359 2248 δὴ
2413 2183 2493 2250 τῷ
2541 2173 2697 2255 φόϐῳ
2743 2176 2869 2238 τοὺς
2918 2173 3389 2250 σκληροκαρδίους
3434 2170 3787 2248 προῦτρεπεν·

2137 2268 2245 2339 ἤδη
2280 2265 2338 2322 δὶ
2366 2268 2453 2322 καὶ
2490 2265 2579 2322 διὰ
2609 2266 2886 2327 Μωϋοὲως
2915 2270 3012 2320 τοῦ
3043 2265 3346 2343 πανσόφου,
3385 2263 3598 2318 καὶτοῦ
3627 2261 3792 2340 φιλα-

2139 2357 2345 2429 λήθους
2385 2355 2632 2414 Ἣσαΐουι
2683 2354 2772 2410 καὶ
2821 2355 3020 2416 παντὸς
3071 2357 3167 2408 τοῦ
3213 2349 3558 2430 προφητικοῦ
3592 2355 3791 2426 χοροῦ,

2138 2444 2626 2522 λογικώτερονέπί
2673 2444 2764 2500 τὸν
2816 2443 2994 2518 Λόγον
3044 2442 3349 2520 ἐπιστρέφει
3379 2440 3506 2504 τοὺς
3560 2441 3629 2496 τὰ
3677 2439 3794 2496 ὦτα

2138 2536 2522 2609 κεκτημένους·
2568 2533 2657 2588 καὶ
2705 2531 2814 2587 ἔσθ’
2859 2533 2966 2602 ὅπη
3018 2532 3111 2605 μὶν
3162 2528 3522 2601 λοιδορεῖται·
3569 2527 3707 2584 ἔστιν
3743 2526 3794 2584 δ’

2139 2627 2202 2680 οὗ
2233 2624 2321 2680 καὶ
2371 2623 2605 2678 ἀπειλεῖ·
2651 2623 2778 2684 τοὺς
2823 2619 2881 2676 δὲ
2923 2621 3012 2676 κτὶ
3063 2625 3251 2694 θρηνεῖ
3301 2625 3407 2675 τῶν
3455 2619 3786 2693 ἀνθρώπων·

2136 2711 2251 2786 ᾅδει
2285 2711 2342 2768 δὲ
2373 2710 2590 2781 ἄλλοις,
2621 2711 2859 2786 καθάπερ
2891 2709 3074 2784 ἰατρὸς
3123 2709 3346 2785 ἀγαθὸς,
3403 2713 3511 2764 τῶν
3550 2707 3787 2763 νοσούν-

2134 2825 2241 2860 των
2278 2801 2545 2876 σωμάτων
2572 2800 2640 2856 τὰ
2672 2800 2765 2874 μὶν
2816 2798 3230 2870 καταπλάττων,
3282 2799 3349 2853 τὰ
3397 2796 3454 2853 δὲ
3494 2796 3791 2854 καταλεαί-

2135 2913 2264 2962 νων,
2297 2891 2364 2947 τά
2392 2889 2450 2947 δὲ
2476 2888 2814 2946 καταντλῶν·
2844 2889 2912 2944 τὰ
2937 2886 2996 2944 δὲ
3024 2892 3111 2944 καί
3146 2885 3358 2961 σιδήρῳ
3390 2885 3633 2962 διαιρῶν,
3668 2887 3788 2942 ἐπι-

2135 2977 2394 3054 καίωνξδὶ
2424 2977 2589 3051 ἄλλα,
2637 2976 2747 3034 ἔστι
2781 2976 2830 3032 δ’
2858 2978 2919 3033 οὗ
2969 2978 3057 3033 καὶ
3103 2975 3412 3052 ἀποπρίων,
3441 2975 3495 3031 εἷ’
3518 2997 3638 3038 πως
3667 2976 3785 3031 οἷόν

2133 3091 2192 3126 τε
2245 3069 2341 3125 κᾶν
2369 3068 2515 3145 παρὰ
2563 3069 2726 3141 μέρος
2769 3065 2804 3136 ἢ
2858 3065 3159 3142 μέλοςξτὸν
3208 3063 3486 3140 ἄνθρωπεν
3551 3066 3783 3141 ὑγιᾶναι.

2137 3159 2470 3238 Πολύφωνός
2500 3178 2565 3232 γε
2591 3158 2618 3212 6
2651 3159 2849 3230 Σωτὴρ
2877 3157 2965 3212 καὶ
2994 3154 3344 3231 πολύτροπος
3377 3155 3452 3218 εἷς
3485 3156 3791 3230 ἀνθρώπων

363 3247 469 3302 diti
501 3252 665 3315 sunt,
689 3263 792 3318 per
819 3219 1052 3320 Movsen
1085 3219 1252 3303 illum
1284 3219 1584 3319 sapientiae
1611 3246 1803 3302 omnis
1833 3219 2020 3317 Inagi-

2138 3219 2434 3323 σωτηρίαν·
2511 3244 2749 3301 ἀπειλῶν
2827 3249 3086 3307 νουθετεῖ·
3161 3240 3592 3319 λοιδορούμενος
3665 3242 3787 3299 ἐπι-

365 3341 578 3401 strum,
612 3350 715 3405 per
745 3335 957 3390 Isaiam
989 3335 1252 3389 veritatis
1282 3335 1590 3398 cultorem,
1612 3340 1670 3390 et
1702 3351 1802 3406 per
1837 3339 2022 3388 totum

370 3423 775 3495 propheticum
825 3421 1070 3476 chorum
1102 3423 1289 3493 magis
1323 3422 1594 3478 rationali
1645 3421 1918 3478 methodo
1951 3422 2022 3476 ad

368 3511 654 3566 rationem
687 3527 790 3565 seu
825 3510 1084 3565 Verbum
1119 3511 1424 3568 convertit.
1467 3510 1796 3583 Aliquando
1829 3511 2024 3567 convio

369 3599 468 3654 tiis
502 3599 721 3665 utitur;
755 3603 844 3652 est
874 3598 972 3653 ubi
1005 3604 1061 3653 et
1091 3599 1302 3668 minis;
1337 3600 1444 3656 hos
1477 3601 1630 3663 idem
1664 3600 1858 3665 deﬂet,
1892 3599 2024 3656 illos

368 3693 544 3744 cantu
582 3688 918 3742 demulcet:
946 3686 1120 3742 veluti
1153 3688 1388 3759 sapiens
1420 3690 1685 3745 medicus
1712 3689 1856 3744 alios
1891 3689 2022 3759 qui-

373 3779 500 3832 dem
525 3792 708 3844 aegros
734 3775 1436 3848 cataplasmatibus,al‘os
1457 3778 1908 3850 purgationibus
1928 3787 2020 3831 cu‘

370 3869 496 3933 rat;
519 3863 664 3920 alios
686 3863 958 3920 fomentis
971 3865 1216 3935 emollit,
1231 3866 1377 3923 alios
1401 3867 1548 3924 ferro
1572 3868 1858 3936 lancinat;
1882 3871 2023 3924 sunt

372 3954 545 4009 etiam
581 3969 728 4023 quos
775 3953 994 4019 adurit,
1015 3959 1072 4009 et
1100 3956 1318 4025 quibus
1349 3955 1729 4013 resectionem
1762 3957 2019 4026 adhibet,

371 4042 421 4098 si
449 4059 566 4113 qua
583 4041 807 4097 ratione
827 4041 1071 4098 humani
1089 4044 1348 4118 corporis
1369 4044 1541 4100 alicui
1567 4047 1714 4117 parti
1730 4047 1819 4102 vel
1845 4062 2024 4103 mem-

375 4132 476 4187 bro
513 4130 739 4186 sanitas
788 4131 1014 4186 restitui
1068 4133 1283 4205 possit;
1317 4133 1506 4188 varias
1552 4135 1707 4190 enim
1757 4136 2021 4194 Salvator

376 4225 574 4276 noster
593 4236 760 4276 voces
782 4220 1042 4290 adhibet,
1067 4224 1122 4276 et
1141 4221 1331 4278 varias
1352 4223 1646 4294 experitur
1670 4225 1810 4293 vias,
1832 4230 1897 4281 ut
1921 4226 2019 4282 ho-

373 4310 566 4366 mines
597 4311 668 4364 ad
715 4309 966 4366 salutem
1003 4312 1298 4382 perducat.
1324 4316 1467 4367 Dum
1506 4314 1784 4381 minatur,
1812 4315 2020 4370 admo-

369 4408 498 4468 net;
533 4402 675 4457 dum
727 4401 1100 4471 convitiatur,
1133 4403 1434 4471 emendat;
1469 4403 1609 4458 dum
1640 4403 1821 4475 luget,
1847 4406 2020 4461 mise-

368 4497 562 4559 retur;
599 4494 737 4548 dum
774 4499 990 4560 cantat,
1028 4493 1328 4562 hortatur;
1362 4494 1418 4548 in
1453 4494 1596 4551 rubo
1627 4496 1800 4552 etiam
1833 4495 2021 4567 loqui-

2133 3337 2370 3414 στρέφει·
2426 3338 2635 3405 θρηνῶν
2697 3332 2856 3389 ἐλεεῖ·
2913 3330 3141 3407 ψάλλων
3194 3329 3515 3407 παρακαλεῖ·
3559 3329 3646 3386 διὰ
3681 3332 3782 3406 βά-

2130 3446 2226 3481 τοο
2258 3422 2438 3482 λαλεῖ·
2473 3422 2555 3479 ὅτι
2588 3423 2830 3497 σημείων
2866 3421 3064 3478 ἐκεῖνοι
3111 3423 3203 3478 καὶ
3236 3423 3468 3498 τεράτων
3519 3418 3782 3495 ἔχρῃζον.

2133 3517 2231 3570 Καὶ
2259 3515 2338 3587 τῷ
2370 3513 2499 3588 πυρὶ
2531 3510 2829 3568 δεδίττεται
2856 3511 2987 3574 τοὺς
3045 3511 3387 3585 ἀνθρώπους,
3416 3507 3668 3565 ἀνάπτων
3727 3506 3789 3564 ἐκ

2131 3604 2312 3664 κίονος
2343 3605 2441 3672 τήν
2489 3601 2686 3680 φλόγα,
2742 3599 2942 3677 δεῖγμα
2986 3602 3128 3673 ὁμοῦ
3171 3620 3398 3676 χαριτος
3441 3599 3531 3654 καὶ
3582 3592 3784 3672 φόϐου·

2132 3693 2220 3747 ἰὰν
2274 3693 2588 3766 ὑπακούσῃς
2623 3734 2638 3761 ,
2690 3693 2752 3747 τὸ
2802 3696 2935 3770 φῶς·
2990 3690 3078 3746 ἐὰν
3128 3688 3494 3765 παρακούσῃς,
3541 3689 3605 3744 τὸ
3652 3692 3788 3762 πῦρ.

2127 3779 2356 3852 Ἐπειδὴ
2391 3779 2447 3837 δὲ
2493 3781 2582 3837 καὶ
2629 3781 2812 3844 κίονος
2865 3779 2954 3835 καὶ
2992 3780 3157 3855 βάτου
3195 3781 3231 3849 ἡ
3281 3778 3410 3854 σὰρξ
3457 3775 3784 3852 τιμιωτέρα,

2129 3876 2409 3951 προφῆται
2461 3872 2574 3944 μετ’
2633 3870 2809 3925 ἐκεῖνα
2859 3868 3198 3948 φθέγγονται.
3258 3866 3426 3929 Αὐτὸς
3486 3865 3538 3922 ἓν
3590 3864 3790 3937 Ἡσαΐᾳ

2130 3964 2160 4018 6
2194 3959 2627 4033 Κύριοςῇλαλῶν·
2663 3958 2822 4020 αὐτὸς
2857 3957 2907 4013 ἐν
2951 3956 3133 4028 Ἠλίᾳ·
3189 3955 3240 4012 ἐν
3302 3955 3535 4028 στόματι
3564 3975 3785 4031 προφηο

2125 4054 2234 4106 τῶν
2265 4049 2442 4110 αὐτός.
2498 4047 2572 4102 Σὺ
2607 4044 2664 4103 δὲ
2721 4044 2846 4102 ἀλλ’
2901 4045 2953 4101 εἷ’
2998 4047 3306 4124 προφήταις
3359 4045 3434 4118 μή
3485 4042 3784 4111 πιστεύεις,

2133 4143 2297 4212 μῦθον
2332 4135 2390 4192 δὲ
2414 4130 2774 4210 ὑπολαμϐάνν
2787 4157 2854 4208 ις,
2898 4134 2989 4190 καὶ
3019 4134 3145 4197 τοὺς
3176 4131 3395 4209 ἄνδρας,
3440 4132 3532 4187 καὶ
3559 4132 3622 4187 τὸ
3651 4135 3784 4205 πῦρ·

2128 4227 2288 4292 αύτνές
2349 4247 2434 4282 σοι
2497 4224 2733 4296 λαλήσει
2791 4226 2820 4280 6
2877 4224 3118 4302 Κύριος,
3177 4223 3238 4287 ὃς
3295 4221 3348 4278 ἰν
3412 4222 3600 4297 μορφῇ
3646 4222 3786 4276 Θεοῦ

2133 4317 2394 4391 ὑπάρχων
2469 4314 2576 4390 οὐχ
2647 4313 2935 4389 ἁρπαγμὸν
3003 4315 3253 4386 ἡγήσατο
3333 4311 3398 4366 τὸ
3477 4311 3605 4365 εἶναι
3687 4309 3786 4364 ἶσα

2129 4411 2246 4478 Θεῷ
2293 4403 2522 4460 ἐκένωσε
2567 4402 2624 4458 6‘s
2677 4403 2860 4458 ὲαυτὸν
2913 4403 2942 4456 6
2973 4400 3381 4476 φιλοικτίρμων
3427 4399 3576 4464 Θεὸς,
3609 4402 3785 4452 σῶσαι

2126 4495 2220 4550 τὸν
2247 4493 2525 4570 ἄνθρωπον
2568 4492 2929 4568 γλιχόμενος.
2991 4490 3090 4545 Καὶ
3137 4489 3297 4552 αὐτὸς
3335 4486 3443 4560 ἤδη
3496 4508 3580 4543 σοι
3626 4485 3785 4562 ἐναρ-

373 4582 490 4648 tur,
516 4583 668 4649 quod
704 4582 788 4636 illi
821 4583 1009 4654 signis
1057 4588 1115 4640 et
1158 4583 1440 4656 prodigiis
1479 4583 1826 4657 indigerent.
1860 4587 2019 4641 Idem

2132 4588 2240 4660 γῶς
2303 4584 2330 4638 6
2389 4583 2565 4658 Λόγος
2613 4581 2795 4653 λαλεῖ,
2859 4577 3127 4635 δυσωπῶν
3178 4579 3279 4648 τὴν
3324 4577 3610 4634 ἀπιστίαν·
3669 4573 3784 4644 ναί,

369 4681 469 4721 eos
501 4667 637 4736 igne
658 4673 1075 4735 perterrefacit,
1097 4672 1398 4728 ﬂammam
1423 4690 1452 4729 e
1473 4672 1750 4730 columna
1770 4691 2018 4745 suspen-

371 4771 520 4820 sam,
553 4755 796 4808 terroris
837 4757 1013 4810 simul
1065 4765 1121 4812 et
1165 4759 1367 4830 gratias
1408 4762 1666 4833 signum,
1701 4763 2016 4834 exhibens;

371 4842 680 4915 morigeris
720 4842 958 4913 quidem
990 4843 1201 4916 lucem,
1231 4849 1330 4902 sed
1381 4848 1770 4924 immorigeris
1799 4852 2013 4925 ignem.

372 4936 575 5001 postea
607 4932 763 5003 quod
815 4947 1028 5003 corpus
1081 4933 1408 4992 humanum
1441 4939 1714 4996 columna
1765 4947 1822 4997 et
1874 4943 2016 4998 rubo

371 5018 627 5074 nobilius
656 5022 1149 5092 esset,prophetis
1173 5041 1318 5082 usus
1339 5035 1457 5096 est;
1492 5029 1616 5100 ipse
1642 5031 1922 5088 Dominus
1954 5030 2016 5086 in

368 5107 522 5162 Isaia
555 5108 834 5180 loquitur,
866 5109 990 5181 ipse
1043 5113 1100 5167 in
1153 5113 1294 5183 Elia,
1327 5116 1453 5187 ipse
1483 5117 1543 5172 in
1577 5135 1673 5173 ore
1704 5121 2016 5191 propheta—

2129 4673 2296 4749 φημὶ,
2331 4674 2359 4727 6
2388 4672 2559 4747 Λόγος
2603 4672 2630 4726 6
2671 4673 2768 4724 τοῦ
2809 4674 2965 4738 Θεοῦ,
3013 4667 3298 4744 ἄνθρωπος
3348 4667 3656 4743 γενόμενος·
3684 4663 3783 4719 ἵνα

2129 4761 2196 4831 δὴ
2240 4762 2330 4818 καὶ
2381 4761 2443 4816 σὺ
2480 4761 2627 4836 παρὰ
2674 4759 2964 4836 ἀνθρώπου
3003 4759 3200 4833 μάθῃς,
3247 4765 3323 4826 πῆ
3357 4777 3489 4812 ποτε
3536 4753 3638 4830 ἄρα
3691 4755 3785 4809 ἄν·

2128 4853 2347 4928 θρωπος
2389 4851 2612 4926 γένηται
2644 4850 2774 4912 Θεὸς
2843 4849 2952 4905 Εἶτ’
2981 4847 3082 4902 οὐκ
3129 4847 3352 4915 ἄτοπον,
3387 4844 3432 4899 ὦ
3482 4842 3657 4918 φίλοι,
3687 4844 3784 4897 τὸν

2131 4941 2225 5014 μὲν
2254 4941 2381 4996 Θεὸν
2429 4940 2509 4996 ἀεὶ
2559 4939 2878 5014 προτρέπειν
2931 4939 3080 5012 ἡμᾶς
3131 4935 3213 4991 ἐπ’
3261 4935 3475 5011 ἀρετήν,
3526 4933 3676 5006 ἡμᾶς
3722 4929 3784 4987 δὲ

2126 5027 2444 5093 ἀναδύεσθαι
2478 5030 2575 5097 τήν
2637 5025 2926 5104 ὠφέλειαν,
2977 5027 3063 5083 καὶ
3115 5020 3516 5080 ἀναϐάλλεσθαι
3545 5020 3648 5090 τήν
3677 5042 3783 5075 σω-

2127 5119 2358 5189 τηρίανς
2391 5120 2459 5174 Ἦ
2491 5118 2592 5194 γὰρ
2624 5117 2753 5192 οὐχὶ
2800 5115 2890 5171 καὶ
2925 5117 3180 5185 Ἰωάννης
3228 5113 3315 5168 ἐπὶ
3369 5111 3643 5187 σωτηρίαν
3676 5131 3785 5165 πα-

435 5281 499 5346 ›ι‹
533 5278 591 5334 Ρ.
622 5279 656 5332 8
689 5279 797 5336 ΕΙ).
831 5280 1133 5355 POTTER,
1165 5286 1200 5338 7
1228 5287 1319 5343 ΕΙ)
1357 5287 1583 5344 PARIS.
1665 5289 1710 5326 ¹²
1744 5288 1954 5361 Ephes.
1989 5306 2051 5359 ιι,
2083 5290 2138 5344 2.

363 5473 484 5552 Qua
514 5476 674 5552 dere
706 5480 763 5531 et
793 5477 988 5535 Livius
1021 5481 1120 5536 lib.
1146 5501 1184 5546 ι,
1207 5488 1263 5538 et
1294 5485 1499 5538 Petrus
1531 5482 1846 5552 Victorius,
1885 5484 2009 5542 Var.

367 5545 646 5622 ισοξ,ηηῦΣ
682 5565 756 5613 ιν,
789 5567 915 5622 cap.
954 5553 1040 5607 18.
1072 5545 1356 5610 SYLBURG.

431 5618 544 5687 (87)
575 5617 794 5681 Αύτοῖς.
826 5617 1035 5685 Α’ύσούς
1067 5625 1207 5679 Nov.

434 5690 544 5760 (88)
579 5691 654 5747 Οὔ
683 5689 749 5759 δὴ
777 5711 837 5767 χ.
873 5695 1002 5750 Haec
1029 5697 1114 5750 sic
1149 5694 1447 5767 distinguo
1482 5713 1495 5751 :
1531 5697 1593 5748 οὗ
1622 5693 1690 5766 δὴ
1722 5693 1884 5770 χάριν
1919 5696 2016 5768 (εἷς

2121 5482 2221 5555 γὰρ
2253 5482 2280 5535 ὁ
2304 5482 2571 5568 ἀπατεών)
2591 5479 2814 5550 ἄνωθεν,
2841 5488 2974 5548 eto.,
2995 5482 3146 5554 quod
3181 5481 3237 5535 in
3274 5479 3480 5536 Latina
3505 5478 3780 5536 versione

2123 5571 2539 5625 expressimus.

2196 5622 2310 5700 (89)
2343 5626 2741 5701 Προσμηνύων.
2773 5622 3117 5700 ΙΙρομηνύων
3147 5623 3288 5679 NOV.
