4064 6204
303 385 349 438 77
1454 378 1917 435 COHORTATIO
1955 383 2052 435 AD
2089 381 2392 437 GENTES.
3556 387 3628 443 '78

303 506 390 566 θεός
435 507 550 574 (55)·
608 499 816 577 δράκων
879 499 939 556 δὲ
993 499 1102 556 ἐστι
1161 501 1341 569 οὗτος,
1398 498 1750 574 διελκόμενος
1777 507 1878 557 τοῦ

2000 505 2204 573 dicam,
2237 523 2310 561 an
2343 505 2588 561 uxoris?
2612 508 2944 576 tracundia,
2976 524 3104 580 quae
3146 526 3320 566 causa
3366 511 3496 580 fuit,
3532 528 3638 568 cur

295 593 467 648 κόλπου
515 596 609 646 τῶν
664 591 1030 664 τελουμένων
1109 589 1345 665 ἔλεγχος
1414 589 1670 665 ἀκρασίας
1729 592 1874 654 Διός.

295 683 400 740 Κύει
439 682 512 736 καὶ
555 683 588 750 ἡ
639 682 956 759 Φερεφάττα
1001 677 1193 753 παῖδα,
1239 680 1622 758 ταυρόμορφον
1658 680 1874 754 ἀμέλει,

293 772 398 849 τμησί
420 793 485 832 τις
507 771 732 839 ποιητὴς
758 768 1050 832 εἷδωλικός
1081 772 1194 843 (56)
1218 787 1232 838 ;

1987 595 2207 662 Brimo,
2241 596 2411 668 quasi
2441 598 2684 667 fremens
2709 601 2765 652 et
2797 598 3246 668 indignabunda,
3289 605 3634 674 vocaretur;

1986 685 2243 755 itemque
2271 683 2430 740 Jovis
2461 684 2938 756 supplicationes,
2960 687 3109 742 fellis
3139 688 3409 755 haustus,
3441 691 3635 747 cordis

1988 773 2418 841 convulsiones,
2447 791 2514 829 ac
2546 779 2754 830 cratera
2783 774 2839 829 id
2865 791 3050 846 genus
3085 776 3333 832 infandae
3366 795 3632 834 caeremo-

300 863 491 917 niaeAc
533 860 789 934 Phryges
834 862 1124 933 ejusmodi
1184 877 1350 916 sacra
1405 861 1466 916 in
1523 859 1764 931 Attidis,
1795 861 2058 932 Cybeles,
2119 867 2175 916 et
2221 861 2618 933 Corybantum
2679 862 2958 918 honorem
3021 866 3484 938 memoriamque
3545 869 3628 923 fa-

291 951 435 1005 ciunt.
463 950 677 1006 Passim
719 955 916 1006 autem
952 951 1106 1005 fama
1129 949 1433 1022 vulgatum
1466 956 1578 1017 est,
1625 949 1822 1005 Jovem
1856 947 2088 1004 avulsos
2115 949 2383 1020 geminos
2432 949 2632 1006 arietis
2661 950 2964 1006 testiculos
3006 951 3067 1006 in
3099 954 3356 1009 medium
3407 955 3628 1011 Cereris

279 1041 437 1096 sinum
466 1041 799 1110 conjecisse,
833 1057 967 1096 cum
999 1057 1032 1096 a
1063 1041 1255 1112 seipso
1287 1046 1548 1095 exactam
1591 1039 1974 1095 abscissionis
2006 1039 2174 1110 quasi
2207 1037 2545 1094 voluntariae
2587 1057 2818 1112 poenam
2851 1042 2923 1096 ob
2955 1046 3224 1114 stuprum
3257 1044 3310 1098 vi
3342 1045 3627 1113 oblatum,

277 1128 363 1184 hac
391 1130 572 1184 fraude
602 1129 933 1184 simularet.
967 1130 1144 1200 Cuius
1178 1128 1528 1185 initiationis
1558 1127 1789 1200 egregia
1820 1127 2082 1200 symbols
2115 1127 2304 1183 soluto
2337 1129 2642 1202 otiosoque
2673 1131 2871 1185 animo
2903 1131 3207 1202 producta,
3254 1132 3438 1187 risum
3468 1133 3632 1189 vobis

271 1217 436 1288 utique
465 1223 753 1288 moveant,
783 1218 1245 1288 tametsiopinor
1275 1218 1438 1274 vobis
1455 1218 1641 1273 ridere
1658 1216 1950 1287 nonlibet,
1971 1217 2126 1289 quod
2145 1216 2227 1272 sic
2241 1217 2592 1289 religionum
2609 1223 2938 1274 vestrarum
2957 1221 3278 1292 indignitas
3293 1222 3636 1294 omniumsﬁ

272 1308 316 1362 in
340 1307 503 1363 oculis
535 1309 828 1380 deligatur
858 1326 870 1363 :
901 1309 985 1364 Ex
1011 1314 1272 1380 tympano
1291 1308 1522 1376 comedi,
1555 1308 1692 1377 bibi,
1723 1309 2075 1380 excymbalo,
2099 1324 2326 1362 cemum
2354 1309 2580 1379 gestavi,
2609 1325 2694 1365 me
2724 1309 2784 1364 in
2814 1309 3120 1366 thalamum
3155 1313 3297 1366 clam
3331 1314 3633 1368 insinua-vi.
3665 1320 3675 1361 f

3606 1268 3636 1335 ξ’
3665 1268 3744 1335 /

277 1395 380 1451 Non
409 1397 517 1452 haec
546 1396 818 1466 symbols
849 1397 1128 1469 probrum
1143 1397 1520 1470 etjnl'amiam
1535 1396 1776 1468 sapiunt
1798 1396 1951 1452 ?non
1968 1396 2195 1463 sannis,
2215 1396 2773 1470 ludibrioquedigna
2788 1398 3419 1472 mysteriasunt?Quid
3445 1418 3636 1473 porro,

269 1485 307 1539 si
336 1491 565 1541 attexam
598 1484 941 1559 reliquam?
971 1491 1140 1542 Ceres
1173 1487 1411 1558 quidem
1447 1487 1628 1543 fctum
1661 1485 1927 1556 enititur,
1958 1486 2098 1541 Core
2139 1501 2272 1541 vero
2304 1487 2628 1542 educatur:
2661 1504 2896 1542 rursum
2937 1504 3068 1544 ecce
3107 1490 3214 1544 tibi
3243 1490 3473 1562 Jupiter
3503 1506 3636 1546 cum

266 1572 629 1645 Pberephatta,
669 1592 846 1648 quam
879 1575 1004 1645 ipse
1037 1579 1339 1647 genuerat,
1376 1580 1504 1647 post
1523 1579 1790 1631 Cererem
1822 1579 2089 1642 matrem,
2113 1575 2514 1646 congreditur,
2538 1577 2880 1633 exsecrandi
2904 1578 3109 1650 ﬂagitii
3133 1579 3345 1650 prioris
3365 1579 3585 1635 oblitus
3620 1597 3634 1649 ;

272 1669 412 1733 pater
439 1671 489 1720 et
517 1670 834 1736 corruptor
863 1669 950 1720 est
978 1666 1150 1720 Cores
1182 1665 1448 1736 Jupiter;
1482 1668 1538 1719 et
1584 1664 1961 1735 congreditur
2008 1664 2277 1719 draconis
2331 1665 2514 1721 forma
2547 1670 2774 1735 tectus;
2829 1666 2912 1722 sic
2944 1672 3137 1723 tamen
3189 1672 3254 1723 ut
3283 1667 3383 1740 qui
3429 1670 3537 1723 sub
3569 1686 3638 1724 ea

269 1750 440 1817 lateat,
467 1752 777 1809 manifesto
807 1753 1184 1826 postmodum
1217 1759 1503 1809 teneatur.
1534 1752 1860 1820 Enimvero,
1895 1753 2273 1808 Sabaziorum
2305 1753 2506 1824 utique
2537 1756 2973 1828 mysteriorum,
3005 1756 3098 1826 iis,
3138 1757 3238 1830 qui
3289 1757 3472 1812 sacris
3520 1757 3635 1812 ini-

275 1843 487 1907 tiantur,
515 1843 857 1915 symbolum
890 1852 998 1909 est,
1031 1843 1176 1898 deus
1209 1842 1404 1899 sinum
1437 1843 1756 1914 pervadens
1779 1859 1801 1905 ,'
1832 1843 1977 1898 deus
2001 1847 2196 1897 autem
2228 1842 2337 1897 iste
2369 1844 2544 1899 draco
2573 1849 2682 1913 est,
2715 1845 2938 1917 quiper
2965 1846 3222 1902 medium
3239 1863 3464 1917 eorum,
3489 1863 3640 1918 quos

273 1931 483 1986 solemni
515 1933 631 1987 ritu
668 1932 925 2000 initiant,
959 1932 1155 1988 sinum
1188 1931 1466 1998 trahitur,
1499 1939 1718 1988 certum
1752 1931 1924 2004 plane
1955 1931 2296 2002 impotentis
2324 1931 2485 1987 Jovis
2515 1932 2776 1990 libidinis
2799 1942 3239 2006 argumentum.
3278 1937 3434 1992 Parit
3461 1935 3638 1993 etiam

265 2019 650 2093 Pherephalta,
680 2023 784 2078 sed
817 2020 1003 2076 ﬁlium
1037 2021 1270 2078 taurina
1300 2021 1529 2094 specie;
1565 2020 1867 2089 nimirum,
1901 2024 1967 2075 ut
1994 2019 2284 2077 idolorum
2315 2020 2504 2078 cultor
2534 2027 2706 2094 poeta
2736 2022 2978 2079 cecinit:

1522 2127 1704 2182 Ταῦρο

1522 2144 1636 2181 Ἰαυ
1677 2145 1736 2186 ος

319 2197 486 2286 per?
561 2195 888 2290 δράκοντος,
923 2197 1300 2290 ηκαίηπατήρ
1355 2196 1580 2290 ,ταύρου
1642 2144 1878 2271 Ξράκων.

313 2269 393 2322 Ἐν
420 2265 526 2344 ὄρει
552 2265 622 2326 τὸ
656 2265 885 2347 κρύφιον
923 2269 1194 2346 βουκόλος
1223 2265 1285 2324 τὸ
1314 2265 1559 2343 κὲντροψ

259 2374 585 2446 Βουκολικὸν,
652 2376 831 2451 οἶμαι,
888 2378 950 2432 τὸ
1020 2378 1262 2451 κέντρον,
1315 2374 1408 2431 τὸν
1462 2376 1706 2452 νάρθηκα
1760 2372 1883 2429 ἐπι-

256 2463 400 2519 τελῶν
432 2468 561 2539 (οἹ),
595 2465 665 2521 ὅν
710 2464 780 2536 δὴ
828 2464 996 2521 κάλον
1045 2469 1159 2539 (58)
1211 2463 1626 2543 ἀναστρέφουσιν
1659 2465 1710 2519 ol
1747 2464 1875 2540 βάκ-

261 2571 352 2627 χοι.
399 2553 584 2610 Βούλει
639 2555 847 2610 καὶτὰ
893 2556 1241 2633 Φερεφάττης
1289 2552 1580 2630 ἀνθολόγια
1612 2551 1880 2629 διηγήσο-

259 2641 336 2712 μαί
361 2646 465 2716 (59)
496 2667 604 2715 σοι,
662 2651 754 2700 καί
801 2645 892 2700 τὸν
943 2642 1206 2716 κάλαθον,
1236 2643 1326 2699 καὶ
1368 2645 1468 2714 τὴν
1500 2643 1746 2720 ἁρπαγὴν
1777 2643 1877 2711 τὴν

261 2731 342 2785 ὑπὸ
369 2731 681 2801 Αἶδωνέως,
712 2733 802 2788 καὶ
832 2733 895 2788 τὸ
926 2733 1134 2809 σχίσμα
1162 2736 1260 2799 τῆς
1297 2736 1425 2806 γῆς,
1455 2732 1543 2788 καὶ
1575 2733 1670 2794 τὰς
1699 2732 1758 2795 ὗς
1787 2730 1880 2792 τὰς

258 2817 573 2891 Εὗῦουλέως,
604 2825 707 2884 τὰς
762 2822 1252 2898 συγκαταποθείσας
1299 2827 1416 2877 ταῖν
1469 2823 1656 2891 θεαῖν;
1709 2818 1778 2875 δι’
1809 2822 1874 2892 ἢν

258 2907 407 2964 αἰτίαν
461 2912 512 2966 ἐν
558 2918 690 2974 τοῖς
738 2912 1134 2989 Θεσμοφορίοις
1187 2910 1592 2987 μεγαρίζοντες,
1645 2909 1878 2985 χοίρους

253 2993 581 3055 ἐκϐάλλουσιν
626 3004 760 3074 (60).
790 3001 1001 3072 Ταύτην
1031 3002 1131 3070 τήν
1164 2999 1498 3075 μυθολογίαν
1528 3001 1582 3054 αἱ
1630 3005 1878 3075 γυναῖκες

251 3087 487 3151 ποικίλως
527 3090 678 3145 κατὰ
724 3088 890 3145 πόλιν
940 3089 1313 3164 ἑορτάζουσιν,
1346 3089 1712 3167 Θεσμοφόρια,
1747 3095 1875 3142 Σκι-

249 3177 452 3251 ροφόρια
476 3181 617 3252 (61),
651 3177 1018 3253 πολυτρόπως
1068 3180 1167 3247 τήν
1214 3179 1564 3256 Φερεφάττης
1601 3176 1880 3254 ἐκτραγῳ-

252 3258 414 3318 ὂοῦσαι
442 3266 720 3342 ἁρπαγήν.
771 3268 850 3324 Τὰ
898 3267 1000 3342 γὰρ
1051 3268 1312 3321 Διονύσου
1367 3268 1640 3340 μυστήρια
1687 3265 1877 3323 τέλεον

252 3350 576 3430 ἀπάνθρωπα,
633 3356 690 3411 ὅν
748 3355 908 3411 εἶσέτι
970 3353 1138 3412 παῖδα
1202 3352 1351 3424 ὅντα,
1405 3355 1624 3429 ἐνόπλῳ
1666 3358 1876 3426 κινήσει

251 3445 700 3517 τιριχορεύοντων
750 3447 1074 3520 Κουρήτων,
1127 3443 1278 3518 δόλῳ
1328 3442 1385 3500 δὶ
1435 3443 1751 3500 ὑποδύντων
1781 3447 1879 3502 Τι-

250 3530 400 3587 τάνων
439 3537 578 3608 (62),
647 3535 1016 3606 ἀπατήσαντος
1071 3531 1493 3610 παιδαριώδεσιν
1551 3534 1878 3610 ἀθύρμασιν,

254 3621 378 3676 οὗτοι
426 3621 490 3693 δὴ
544 3626 605 3680 οἱ
655 3627 873 3686 Τιτᾶνες
923 3622 1234 3692 διέσπασαν,
1282 3622 1360 3679 ἔτι
1408 3622 1686 3698 νηπίαχον
1733 3620 1879 3697 ὅντα,

305 3753 360 3816 ιι(
385 3744 444 3800 Ρ.
476 3745 567 3815 14,
611 3743 677 3798 15
704 3743 814 3798 ED.
847 3742 1154 3810 POTTER,
1191 3743 1378 3814 11,312
1409 3741 1524 3800 ED.
1565 3741 1795 3798 PARIS.

253 3859 354 3930 ipsa
381 3860 686 3916 novissime
714 3875 892 3922 sacra,
925 3862 977 3913 et
1006 3860 1148 3913 ritus
1177 3856 1496 3930 initationis
1520 3859 1714 3929 ipsius,
1747 3857 1876 3928 qui-

254 3928 333 3986 bus
353 3932 612 3987 Sebadiis
639 3946 837 3985 nomen
867 3935 964 3994 est,
989 3928 1304 3985 testimonio
1347 3945 1461 3985 esse
1500 3933 1756 4000 poterunt
1778 3944 1875 4000 rve-

250 4003 406 4069 ritati,
436 4004 494 4058 in
518 4003 726 4085 quibus
773 4017 977 4085 aureus
1018 4002 1238 4057 coluber
1266 3999 1542 4085 insinujn
1569 3999 1882 4085 dimittitur

248 4071 582 4140 consecratis,
619 4082 671 4128 et
701 4073 972 4129 eximitur
993 4090 1188 4127 rursus
1220 4073 1287 4127 ab
1320 4072 1680 4142 inferioribus
1699 4071 1849 4141 parti
1861 4103 1877 4109 -

250 4147 351 4203 bus.
389 4147 701 4215 Firmicus,
747 4161 876 4215 cap.
909 4145 1014 4199 27:
1065 4144 1324 4216 Sequitur
1368 4145 1525 4199 aliud
1572 4144 1882 4216 symbolum

336 4256 535 4326 Ταῦρος
573 4248 886 4325 δράκοντος,
931 4249 1018 4304 καὶ
1070 4247 1284 4324 δράκων
1329 4248 1530 4326 ταύρου
1560 4251 1764 4323 πατήρ.

251 4360 389 4414 ldem
449 4376 583 4429 cap.
617 4359 695 4412 2:
753 4357 1067 4414 Sebastium
1111 4358 1342 4413 colentes
1371 4359 1574 4422 Jovem,
1618 4373 1882 4428 anguem,

249 4446 353 4485 cum
384 4431 715 4493 initiantur,
749 4447 849 4498 per
869 4432 1057 4484 sinum
1098 4430 1309 4484 ducunt
1335 4447 1353 4483 :
1384 4429 1562 4483 adhuc
1604 4432 1778 4499 primi
1797 4445 1884 4481 er-

248 4502 381 4558 rario
413 4503 556 4558 vitia
591 4507 942 4570 grassantur,
965 4510 1017 4555 et
1038 4501 1302 4571 quidquid
1322 4500 1599 4555 hominem
1616 4501 1882 4570 perdidit,

248 4577 452 4700 agitur,
476 4584 528 4630 et
557 4575 775 4646 funesti
802 4576 1000 4644 anguis
1028 4572 1230 4628 callida
1251 4573 1556 4628 crudelitas
1599 4572 1884 4627 adoratur.

330 4663 513 4700 ωεστ.

330 4663 513 4701 [ωεστ.

314 4720 418 4787 (55)
450 4714 608 4775 Θεός.
643 4715 834 4787 Supra
865 4715 1014 4787 hanc
1062 4730 1257 4770 vocem
1307 4714 1523 4787 aliquis
1570 4714 1703 4787 Θεῷν
1737 4715 1886 4787 scri-

252 4775 352 4856 psit
379 4775 436 4844 in
470 4790 614 4845 Nov.
649 4775 800 4855 Mox,
827 4803 928 4857 pro
957 4783 1121 4852 ἰστίν,
1151 4790 1319 4857 Joan.
1345 4775 1522 4857 habet
1565 4784 1678 4842 καὶ.
1709 4786 1888 4857 Euse-

252 4853 367 4914 bius
391 4867 666 4916 neutrum
690 4853 976 4930 agnoscit.
1002 4859 1167 4925 Dein,
1191 4855 1586 4929 διολκούμενος
1616 4874 1718 4930 pro
1741 4853 1888 4910 διελ-

253 4929 487 5000 ιόμενος,
523 4929 768 4999 Euseb.,
786 4930 973 5000 ,Joan.

316 4996 416 5071 (56)
457 5001 706 5070 Ποιητής
754 4996 858 5056 eis.
905 5000 1172 5070 Ποιητής,
1223 4996 1476 5060 εἷ’δωλιὸς
1521 5002 1736 5074 ταῦρος⁸
1782 5018 1890 5052 πα-

257 5072 366 5142 τὴρ,
389 5081 501 5129 ete.
529 5075 669 5130 Nov.

319 5140 424 5214 (57)
481 5140 805 5198 Ἐπιτελῶν.
857 5144 952 5199 Sic
999 5143 1236 5215 quidem
1289 5148 1514 5197 veteres
1575 5141 1892 5215 Clementis

262 5210 532 5272 editiones
561 5234 588 5271 e
622 5218 751 5271 cod.
804 5210 1171 5282 Florentino;
1223 5217 1566 5282 nuperiores
1614 5210 1890 5267 ἐπικαλῶν

259 5283 479 5359 habent,
507 5305 676 5359 quam
704 5290 1011 5344 lectionem
1030 5289 1268 5341 ﬁrmant
1291 5287 1457 5359 Nov.,
1480 5286 1890 5359 Eu_seb.,Joan.

261 5354 407 5414 Unde
441 5354 546 5415 nec
582 5359 840 5415 dubitari
886 5365 1098 5431 potest,
1142 5360 1288 5430 quin
1340 5358 1422 5412 ita
1453 5354 1757 5428 scripserit
1787 5374 1895 5411 au-

259 5434 397 5483 ctor.

324 5501 428 5572 (58)
459 5501 550 5556 Ὃν
581 5498 648 5568 δὴ
698 5499 890 5572 κάλον.
949 5501 1091 5572 Lego
1121 5498 1314 5565 καλόν,
1349 5504 1414 5555 ut
1464 5501 1554 5572 sit,
1583 5497 1755 5554 καλόν
1792 5515 1894 5570 pro

261 5569 458 5646 καλῶς,
505 5575 690 5646 inquit
735 5569 1083 5646 Hervetus—zg
1111 5572 1296 5626 κάλων
1349 5571 1658 5646 Eusebius.
1720 5569 1890 5646 Joan.

259 5641 630 5713 Montacutius
659 5645 898 5713 conjicit
920 5641 1104 5710 καλοί,
1137 5651 1201 5700 ut
1233 5643 1541 5700 conveniat
1573 5660 1706 5699 cum
1751 5642 1894 5697 Βάκ-

262 5709 364 5767 Ζοι.
399 5717 562 5774 Forte
587 5719 700 5790 leg.
753 5709 844 5770 διὰ
871 5709 1097 5772 κάλὼν(
1131 5716 1248 5772 nisi
1279 5732 1349 5773 ea
1378 5732 1486 5773 vox
1545 5713 1896 5788 praecedenti

1909 2133 1958 2198 B

2064 2200 2269 2272 Taurus
2296 2199 2592 2256 draconem
2620 2203 2830 2272 genuit,
2854 2210 2907 2258 et
2935 2206 3156 2258 taurum
3187 2203 3350 2261 draco
3376 2223 3391 2272 ;

2061 2271 2122 2326 In
2152 2281 2339 2328 monte
2368 2271 2639 2329 occultum
2670 2273 2934 2330 bubulcus
2959 2276 3245 2331 stimulum
3275 2293 3288 2331 :

1988 2377 2248 2445 Bubulci,
2308 2379 2534 2450 opinor,
2595 2381 2907 2448 stimulum,
2985 2383 3237 2438 scutiam
3304 2382 3641 2452 nominan,

1990 2484 2166 2539 quam
2197 2466 2372 2540 lignis
2413 2469 2768 2537 quibusdam
2820 2469 3094 2526 homines
3136 2471 3415 2528 Bacchica
3447 2473 3642 2529 furore

1988 2557 2237 2628 correpti
2280 2556 2712 2630 circumagunt.
2766 2559 2898 2614 Vin’
2931 2565 2992 2615 tu
3031 2561 3123 2616 hic
3167 2563 3344 2617 etiam
3395 2561 3577 2618 lectos
3608 2579 3642 2617 a

1987 2645 2336 2718 Proserpina
2371 2646 2543 2703 ﬂores
2569 2648 2672 2703 tibi
2728 2664 3204 2721 commemorem,
3251 2652 3640 2724 ejusdemque

1987 2735 2306 2802 calathum,
2330 2741 2386 2791 et
2404 2743 2636 2808 raptum
2663 2755 2696 2793 a
2719 2738 2961 2794 Plutone
2985 2744 3300 2810 patratum,
3335 2745 3392 2796 et
3413 2741 3638 2800 hiatum

1985 2828 2174 2884 terrae,
2211 2827 2270 2879 et
2301 2824 2545 2881 Eubulei
2592 2843 2750 2895 sues,
2785 2844 2915 2898 quae
2946 2845 3081 2883 cum
3130 2834 3381 2900 utraque
3411 2837 3528 2886 Dea
3559 2833 3636 2888 si-

1986 2912 2109 2966 mul
2142 2913 2368 2968 haustas
2399 2915 2726 2970 dicuntur?
2757 2917 2912 2985 quod
2945 2918 3182 2988 quidem
3217 2918 3273 2972 in
3319 2935 3499 2975 causa
3528 2925 3636 2989 est,

1985 3018 2089 3057 cur
2119 3002 2176 3055 in
2211 3001 2694 3074 Thesmophoriis
2727 3004 3023 3077 Megarica
3052 3006 3254 3078 lingua
3285 3024 3492 3077 porcos
3531 3009 3638 3079 eji-

1983 3091 2160 3147 cianl.
2213 3091 2414 3146 Totam
2463 3092 2615 3146 hanc
2658 3092 2927 3148 fabellam
2982 3094 3152 3148 varias
3197 3096 3472 3151 mulieres
3514 3098 3640 3152 sin-

1988 3177 2143 3251 gulis
2175 3178 2517 3250 inLurbibus
2547 3180 2796 3236 solemni
2826 3183 2971 3237 teste
3001 3182 3317 3251 celebrant,
3351 3185 3640 3242 Thesmo-

1988 3268 2214 3338 phoria,
2246 3267 2692 3339 Scirrhopboria
2719 3287 2733 3338 ;
2763 3274 2939 3341 atque
2972 3268 3041 3343 ᾗ
3068 3270 3150 3326 ita
3195 3271 3446 3328 diversis
3475 3273 3644 3344 plane

1987 3356 2342 3429 tragicisque
2365 3357 2554 3413 modis
2579 3364 2813 3432 raptum
2837 3358 3195 3431 Proserpinae
3218 3360 3642 3418 recolunt.Jam

1992 3445 2197 3502 Bacchi
2247 3446 2525 3518 mysteria
2582 3447 2743 3503 omni
2807 3447 3040 3503 diritate
3094 3449 3399 3505 teterrima
3460 3456 3638 3522 sunt;

1993 3536 2212 3608 quippe
2229 3552 2425 3607 quem,
2451 3537 2592 3591 dum
2617 3538 2808 3592 adhuc
2835 3537 3120 3609 puerulus
3149 3543 3397 3605 esset,ac
3419 3539 3637 3598 circum

1990 3625 2186 3696 ipsum
2218 3627 2458 3680 Curetes
2484 3632 2713 3680 armata
2764 3626 3072 3682 saltatione
3121 3632 3454 3699 agerentur,
3497 3630 3636 3685 sub-

1990 3853 2263 3931 ζπικαλῶν
2299 3856 2696 3931 proseminata
2727 3862 2834 3921 est,
2869 3859 3064 3930 inquit
3102 3858 3370 3930 Vigerus.
3406 3861 3471 3915 Et
3503 3859 3634 3931 qui-

1989 3929 2121 4000 dem
2144 3943 2272 4000 gnon
2293 3933 2413 4000 est
2438 3927 2708 3982 absimile
2736 3946 2892 3997 vero,
2946 3927 3205 4000 aliquem
3237 3934 3408 4000 juxta
3437 3927 3632 3986 vocem

1991 3994 2345 4072 ἐπιτελῶνὶη
2380 3997 2510 4052 libri
2545 3994 2935 4072 sui‘rnargine
2969 3994 3300 4070 adnotasse,
3335 4010 3399 4057 ut
3447 4003 3636 4058 verio—

1991 4087 2111 4147 rem
2147 4069 2478 4147 lectionem,
2509 4101 2576 4110 —
2597 4068 3012 4147 udlwvfidque
3035 4080 3237 4144 postea
3259 4068 3329 4130 ab
3360 4075 3636 4147 imperito

1992 4142 2276 4218 scriptore
2309 4141 2363 4195 in
2396 4147 2642 4208 textum,
2669 4143 2793 4199 loco
2814 4141 3008 4200 tamen
3035 4141 3151 4201 non
3175 4163 3300 4214 suo,
3337 4141 3636 4218 receptum

1995 4213 2196 4269 fuisse.

2202 4283 2578 4358 Amﬂeopm.
2609 4287 2995 4358 Διηγήσωμοιι,
3041 4288 3274 4351 Euseb,
3306 4290 3482 4358 recte.
3509 4289 3639 4358 Mox

1991 4351 2092 4423 τήν
2128 4351 2216 4406 ὑπ’
2267 4351 2554 4431 ᾼῖδωνὲως
2605 4351 2887 4431 ἁρπαγήν,
2927 4359 3318 4431 ἱόθιῖιδηῡεξὶιι,
3350 4354 3638 4431 τὸ-χάσμμα

1992 4421 2092 4490 τῆς
2115 4432 2242 4499 γῆς,
2262 4428 2416 4482 idem
2444 4421 3010 4484 etJoau.Po'stearoB
3035 4421 3378 4491 Εὺϐουλέως,
3403 4421 3636 4496 Euseb.,

1996 4501 2093 4557 sed
2127 4498 2222 4558 τάς
2257 4500 2462 4553 retinet
2491 4499 2659 4553 Joan.

2071 4572 2183 4641 (60)
2227 4569 2467 4642 Χοίρους
2525 4562 2906 4642 ἐκβάλλουσιν.
2960 4567 3202 4642 Χ-είρους-
3238 4565 3639 4642 ἐμβάλλουσιν,

1997 4637 2174 4698 Joan.
2224 4637 2375 4708 Mevi,
2425 4637 2693 4713 ποικίλως
2747 4639 2885 4693 κατὰ
2939 4637 3127 4713 πόλεις
3186 4637 3528 4713 ξορτᾶζουσιν
3589 4641 3644 4694 αἱ

1996 4717 2269 4788 γυναῖκες.
2295 4713 2531 4788 Euseb,
2563 4711 2732 4766 Joan.
2766 4713 2906 4768 Dein
2943 4709 3400 4788 ἐκτραγιρδοῦσιν,
3435 4715 3643 4772 Euseb.

2002 4779 2104 4855 ἰ)νο
2135 4779 2593 4857 ἐκτραγφδρῦσᾳι·

2074 4855 2189 4924 (61)
2231 4850 2658 4938 ’Σκιῤῥοοφόριφ
2706 4854 3096 4938 ηΤκιροφόρια,
3141 4855 3425 4938 lliuseb,
3476 4855 3644 4910 Joan.

1926 4931 1968 4996 D
2001 4926 2330 5002 Utrumque
2363 4923 2472 5002 dici
2501 4923 2669 5002 solet.
2702 4923 2995 5002 Caeteru'm'
3028 4932 3158 5002 post
3191 4923 3648 5002 EtttpOtF/Jeta_§6-

2004 4999 2206 5070 quitur
2232 4995 2384 5069 apud
2413 4995 3224 5070 Nov.impressum,Eu'seb.et
3244 4995 3652 5070 monean-

2000 5067 2253 5145 τοφόρια,
2274 5067 2444 5145 quod
2478 5067 3024 5145 excidissevidetur
3047 5077 3281 5145 propter
3300 5067 3652 5145 ὁμοιοτξλευ-

1999 5141 2108 5195 τον»
2145 5141 2262 5196 Nec
2287 5142 2543 5212 quidem,
2606 5141 2987 5212 ait_Vigerus,
3036 5141 3220 5212 rejici,
3255 5143 3418 5195 debet
3453 5160 3465 5209 ;
3518 5143 3656 5196 licet

2001 5209 2371 5288 grammatici
2407 5209 2754 5288 Ἀρρηφορία
2788 5209 3185 5288 potius,quam
3223 5212 3653 5288 'Apﬁmoqbpia,

2001 5285 2087 5339 vel
2122 5283 2534 5359 Ἀῥρῃτοφορςία
2567 5283 3054 5359 εότὶρερτὶιιιἩοῂ
3090 5302 3262 5356 porro
3280 5283 3518 5359 laetum
3549 5284 3658 5359 Mi-

2005 5357 2197 5412 nervai
2227 5358 2349 5419 alii,
2386 5357 2485 5428 alii
2519 5371 2655 5409 vero
2679 5357 2899 5428 Cereris
2933 5362 2990 5410 et
3024 5357 3384 5428 Proserpinae
3415 5357 3656 5412 faciunt.

2077 5428 2189 5497 (62)
2275 5423 2620 5497 Ὑποδύντων
2703 5426 2964 5482 Τιτᾶνων.
3055 5423 3296 5482 Brevius
3350 5433 3406 5483 et
3445 5428 3661 5482 clarius

2006 5495 2322 5569 legeretur.
2369 5495 2664 5558 ὑποδύντες
2714 5501 2959 5569 Τιτᾶνες,
2991 5499 3079 5551 καὶ
3119 5500 3489 5567 ἀπατήσαντες
3539 5519 3662 5552 παι-

2007 5565 2333 5642 δαριώδεσιν
2395 5569 2696 5642 ἀθύρμασι,
2766 5567 3078 5642 διέσπασαν,
3138 5571 3213 5631 ὡς
3272 5565 3300 5624 ὁ
3352 5578 3474 5639 τῆς.
3551 5578 3662 5642 etc.

2006 5639 2153 5713 Nam
2189 5643 2236 5698 si
2291 5643 2457 5713 prius
2492 5639 2655 5696 εἰσέτι
2707 5640 2874 5697 παῖδα
2923 5639 3073 5712 ὄντα,
3126 5659 3407 5713 quorsum
3458 5641 3665 5713 deinde

2007 5710 2084 5768 ἔτι
2106 5707 2387 5789 νηπίαχον
2421 5708 2555 5768 ὄντα
2591 5730 2604 5782 ;
2640 5715 2787 5782 Quid
2811 5716 2838 5770 ?
2861 5717 3015 5786 quod
3049 5707 3341 5770 sententia
3373 5718 3500 5784 post
3529 5707 3662 5761 ὑπο..
