4064 6204
265 434 340 489 113
1483 431 1943 488 COHOBTATIO
1977 432 2077 485 AD
2113 431 2419 486 GENTES.

3554 438 3656 494 114

255 556 380 631 παρὰ
408 558 503 608 τοῦ
528 552 812 628 προτέρου
840 551 1127 610 δεσπότου.
1154 553 1285 608 Τότε
1315 553 1406 608 καὶ
1436 554 1504 608 τὰ
1531 551 1703 609 Ἰλίου
1730 551 1871 626 τείχη

2009 569 2172 624 gum,
2206 552 2447 624 perinde
2478 569 2544 608 ac
2576 552 2788 610 Helotze
2822 555 3419 630 Lacedaemoniorum,
3446 561 3649 630 subiit,

251 641 751 715 ἀνῳκοδομησάτην
803 647 884 713 τῷ
934 642 1132 718 Φρυγί.
1181 644 1426 717 Ὅμηρος
1459 640 1517 696 δὲ
1543 643 1642 710 τήν
1671 643 1895 710 Ἀθηνᾶν

249 733 337 788 οὐκ
367 732 682 808 αἶσχύνεται
715 730 1073 808 παραφαένειν
1109 730 1279 806 λέγων
1328 737 1408 803 τῷ
1460 729 1728 796 Ὀδυσσεῖ,
1758 730 1896 805 χρύ.

246 845 346 878 nov
405 822 616 896 λύχνον
679 819 914 875 ἔχουσαν
974 819 1027 874 ἐν
1089 826 1298 896 χεροῖν.
1344 821 1457 890 Τήν
1519 817 1576 874 δὲ
1635 815 1893 896 Ἀφροδί-

241 933 324 982 την
350 911 692 986 ἀνέγνωμεν,
727 910 844 964 οἷον
877 908 1179 964 ἀκόλαστόν
1229 930 1281 963 τι
1331 906 1758 983 Θεραπαινίδιον,
1785 928 1893 962 πα-

240 1006 461 1075 ραθεῖναι
496 999 772 1077 φέρουσαν
820 1002 891 1071 τῇ
942 997 1134 1072 Ἑλένῃ
1178 998 1268 1052 τὸν
1321 994 1512 1074 δίφρον
1552 1001 1654 1052 τοῦ
1687 1001 1891 1073 μοιχοῦ

239 1089 359 1144 κατὰ
387 1087 718 1162 πρόσωπον,
741 1086 892 1147 ὅπως
915 1085 1079 1140 αὐτὸν
1109 1085 1182 1146 εἰς
1207 1084 1492 1139 συνουσίαν
1523 1085 1885 1160 ὑπαγάγηται.

239 1176 492 1238 Πανύασις
522 1178 655 1252 γὰρ,
685 1176 823 1248 πρὸς
851 1174 1089 1242 τούτοις,
1139 1175 1226 1229 καὶ
1279 1172 1485 1235 ἄλλους
1517 1172 1886 1246 παμπόλλους

237 1267 530 1341 ἀνθρώποις
567 1263 865 1334 λατρεῦσαι
899 1263 1054 1324 θεοὺς
1090 1264 1316 1339 ἱστορεῖ,
1350 1260 1457 1318 ὧδέ
1486 1284 1602 1324 πως
1635 1261 1881 1338 γράφων·

2010 640 2210 712 Apollo
2259 641 2497 712 quidem
2547 640 2750 698 Pheris
2799 645 2952 716 apud
3004 646 3338 715 Admetum,
3372 651 3652 708 Hercules

2007 735 2204 785 autem
2236 731 2433 784 Sardis
2466 731 2620 801 apud
2655 731 2976 802 Omphalen
2999 749 3014 787 :
3036 735 3415 791 Lac-medonti
3439 737 3652 811 Phrygi

2005 819 2240 874 servivit
2268 819 2599 891 Neptunus,
2633 820 2890 892 itemque
2921 822 3149 893 Apollo,
3175 823 3398 880 inutilis
3430 827 3652 883 scilicet

2003 925 2226 973 servus,
2261 909 2425 980 quia
2457 909 2635 980 priori
2693 909 2933 965 domino
2985 909 3318 967 libertatem
3375 917 3652 987 consequi

2004 1015 2116 1053 non
2149 1000 2376 1069 potuit;
2411 1015 2526 1070 quo
2549 1003 2810 1070 tempore
2833 1000 2905 1054 ab
2929 999 3048 1054 illis
3068 1000 3395 1057 instaurata
3418 1005 3654 1060 fuerunt

2000 1089 2086 1144 Ilii
2123 1089 2354 1145 mmnia.
2385 1093 2670 1144 Homerus
2700 1095 2896 1145 autem
2928 1091 3122 1146 dicere
3154 1109 3269 1146 non
3303 1097 3391 1147 est
3411 1096 3649 1162 veritus,

1998 1177 2312 1232 Minervam
2345 1177 2537 1248 Ulyssi
2565 1178 3153 1249 praeluxisse,aureum
3176 1181 3432 1252 lychnum
3451 1185 3509 1237 in
3532 1201 3650 1237 ma-

1994 1267 2157 1322 nibus
2187 1271 2477 1322 tenentem.
2497 1267 2781 1322 Venerem
2804 1284 2938 1322 vero
2968 1268 3240 1339 legimus,
3263 1269 3424 1325 velut
3456 1271 3650 1343 impu-

237 1360 408 1414 dicam
444 1357 719 1428 aliquam
747 1354 1260 1418 ancillam,sellam
1295 1353 1520 1409 Helena:
1550 1353 1896 1426 apposuisse
1923 1371 1989 1410 ex
2021 1356 2332 1411 adversum
2367 1355 2768 1426 adultero,quo
2799 1373 2931 1411 eum
2968 1359 3038 1411 ad
3073 1359 3291 1412 coitum
3324 1359 3640 1429 pelliceret.

239 1447 506 1519 Panyasis
536 1446 823 1516 denique,
858 1449 1068 1515 praeter
1099 1443 1228 1510 bos,
1258 1443 1402 1498 alios
1432 1459 1666 1514 quoque
1699 1443 1893 1515 plures
1925 1445 2065 1500 deos
2096 1445 2268 1500 refert
2302 1445 2641 1500 hominibus
2675 1445 2965 1515 serviisss,
2994 1446 3077 1501 sic
3107 1448 3371 1503 scribens
3403 1465 3416 1503 :

292 1562 410 1631 Τλῆ
464 1562 562 1632 μὲν
628 1562 927 1633 Δημήτηρ,
982 1556 1088 1623 τλῆ
1149 1555 1207 1612 δὲ
1263 1556 1464 1619 κλυτὸς
1497 1558 1879 1635 Ἀμφιγυήεις,

295 1705 414 1775 Τλῆ
472 1703 529 1760 δὲ
585 1699 921 1771 Ποσειδάων,
977 1699 1084 1766 τλῆ
1139 1697 1188 1756 δ’
1239 1699 1601 1777 ἀργυρότοξος
1675 1699 1882 1777 Ἀπόλ-

303 1845 480 1919 Ἀνδοξ
536 1847 685 1919 παρᾷ
735 1847 922 1919 θνητῷ
977 1841 1306 1919 βητευσέμεν
1507 1770 1879 1919 statuariis:

297 1919 407 1986 Τλῆ
464 1918 522 1975 δὲ
579 1915 669 1972 καὶ
729 1918 756 1986 ᾗ
820 1915 1166 1993 βριμόθυμος
1216 1915 1463 1991 ίἈρης,
1507 1916 1642 1993 ὑπρ.
1676 1916 1877 1993 πατρὸς

1595 1985 1874 2064 [ἀνάγκὴςο
1911 1989 1956 2052 Β

235 2108 312 2162 καὶ
340 2108 406 2161 τὰ
435 2105 524 2161 ἐπὶ
554 2104 774 2166 τούτοις
973 2103 1202 2165 Τούτοις
1252 2101 1344 2158 οὖν
1393 2101 1619 2165 εἰκότως
1664 2100 1872 2176 ἕπεται,

234 2195 345 2256 τοὺς
374 2193 673 2268 ἐρωτικοὺς
707 2192 860 2265 ὐμῶν
883 2191 975 2246 καὶ
998 2189 1336 2262 παθητικοὺς
1356 2190 1583 2254 τούτους
1604 2191 1757 2255 θεοὺς
1781 2193 1869 2246 ἂν.

240 2285 607 2357 Θρωποπαθεῖς
661 2280 721 2336 ἐκ
769 2281 970 2342 παντὸς
1031 2280 1265 2354 εἰσάγειν
1322 2279 1567 2356 τρόπου·
1629 2279 1728 2336 Καὶ
1770 2282 1871 2356 γὰρ

235 2365 313 2441 ἔην
359 2373 556 2433 κείνοις
607 2371 804 2441 θνητὸς
853 2369 1030 2446 χρώς.
1080 2374 1386 2442 Τεκμηριοῖ
1415 2367 1472 2423 δὲ
1509 2371 1765 2443 ’Όμηρος
1795 2371 1871 2444 (2)

236 2461 366 2534 μάλα
393 2456 661 2538 ἀκριϐῶς,
693 2457 1024 2536 Ἀφροδίτην
1070 2457 1157 2512 ἐπὶ
1187 2462 1267 2526 τῷ
1294 2457 1567 2533 τραύματι
1598 2459 1870 2531 παρεισά-

233 2571 332 2625 γων
359 2550 445 2621 ὀξὺ
498 2551 589 2604 καὶ
657 2549 799 2623 μέγα
849 2549 1140 2622 ἰάχουσαν·
1202 2545 1363 2601 αὐτὰν
1416 2568 1476 2601 τε
1514 2547 1606 2602 τὸν
1635 2545 1871 2620 πολεμι-

231 2641 452 2694 κώτατον
511 2641 657 2713 ’Δρη
714 2638 816 2692 ὑπὸ
869 2641 970 2692 τοῦ
1026 2635 1340 2709 Διομήδους
1381 2635 1517 2691 κατὰ
1543 2641 1640 2691 τοῦ
1669 2641 1870 2692 κενεῶ-

233 2750 316 2789 νος
342 2729 676 2800 οὐτασμένον
738 2725 1128 2801 διηγούμενος.
1189 2722 1458 2798 Πολέμων
1523 2723 1602 2795 δὲ,
1647 2725 1739 2780 καὶ
1768 2727 1868 2795 τὴν

238 2819 447 2888 Ἀθηνᾶν
523 2818 630 2872 ὑπὸ
699 2815 962 2890 Ὀρνύτου
1026 2817 1304 2891 τρωθῆναι
1372 2813 1538 2888 λέγει·
1604 2816 1691 2869 ναὶ
1762 2816 1868 2888 μήν

235 2908 423 2961 καὶτὸν
483 2903 758 2964 Ἀϊδωνέα
810 2903 917 2959 ὐπὸ
972 2903 1305 2978 Ἡρακλέους
1345 2903 1662 2974 τοξευθῆναι
1692 2905 1874 2977 Ὅμη-

239 3015 321 3068 ρος
373 2993 538 3070 λέγει·
595 2993 687 3048 καὶ
743 2994 836 3048 τὸν
911 2992 1124 3048 Ἠλεῖον
1196 2992 1404 3069 Αὐγέαν
1465 2995 1540 3066 (3)
1599 2992 1872 3057 Πανύασις

238 3085 443 3158 ἱστορῶ
494 3080 607 3153 ἤδη
669 3080 728 3137 δὲ
782 3081 872 3138 καὶ
929 3083 1028 3151 τὴν
1076 3083 1244 3156 Ἥραν
1293 3082 1392 3150 τήν
1446 3080 1624 3155 ζυγίαν
1665 3081 1872 3155 ἱστορεῖ

237 3172 331 3226 ὑπὸ
361 3177 451 3227 τού
481 3173 652 3227 αὐτοῦ
703 3169 1036 3246 Ἡρακλέους
1096 3171 1124 3225 ὁ
1181 3169 1342 3232 αὐτὸς
1396 3171 1554 3232 οὗτος
1601 3170 1870 3232 Πανύασις

232 3261 279 3317 ὲν
341 3261 496 3335 Πύλῳ
550 3262 876 3336 ημαθόεντι·
940 3254 1210 3322 Σωσίϐιος
1291 3257 1348 3314 δὲ
1414 3259 1504 3314 καὶ
1557 3260 1650 3315 τὸν
1710 3261 1871 3336 ’Πρα-

2067 1558 2346 1614 Sustinuit
2395 1559 2610 1631 quidem
2662 1560 2839 1627 Ceres,
2865 1561 3132 1617 sustinuit
3173 1564 3477 1645 preclafus
3504 1564 3643 1619 Mul-

2064 1701 2343 1758 Sustinuit
2410 1704 2715 1775 Neptunus,
2773 1703 3042 1775 sustinuit
3095 1707 3265 1760 etiam
3319 1636 3640 1774 uigiliam

2873 1774 3089 1848 [arcum
3120 1775 3325 1831 habens
3355 1778 3566 1846 Apollo,

2061 1845 2292 1899 Mortali
2320 1844 2440 1900 viro
2470 1861 2683 1900 annum
2714 1844 2923 1902 servire
2948 1862 2970 1910 ;

2059 1915 2342 1970 Sustinuit
2371 1919 2546 1971 etiam
2574 1919 2733 1986 ferox
2761 1919 2909 1973 Mars
2936 1935 2969 1972 a
2995 1924 3157 1989 patre
3179 1922 3428 1986 coactus;

1984 2108 2042 2160 et
2071 2121 2200 2176 qum
2233 2104 2508 2176 deinceps
2560 2109 2913 2176 sequuntur.
2946 2105 3068 2160 Erit
3095 2105 3288 2176 itaque
3320 2112 3630 2164 consenta-

1983 2209 2182 2261 neum,
2217 2197 2281 2249 ut
2324 2194 2449 2264 jam
2500 2193 2667 2250 vobis
2716 2195 3037 2266 ostendam,
3070 2194 3178 2249 bos
3212 2200 3435 2250 vestros
3467 2198 3630 2267 deos,

1985 2282 2082 2354 qui
2129 2300 2327 2339 amore
2373 2282 2678 2355 languent,
2710 2289 2765 2339 et
2794 2283 2974 2339 animi
3002 2283 3066 2346 ἦ(
3095 2285 3633 2355 perturbationibus

1981 2377 2286 2440 vexantur,
2340 2372 2564 2426 caeteris
2613 2388 2848 2443 quoque
2900 2372 3177 2428 omnibus
3231 2389 3380 2444 quos
3437 2373 3634 2428 homi-

1983 2477 2087 2516 nes
2145 2461 2263 2532 pati
2322 2460 2533 2528 solent,
2594 2462 2901 2516 affectibus
2959 2461 3239 2518 obnoxios
3299 2478 3637 2518 esseznam

1981 2549 2098 2604 illis
2127 2549 2362 2605 mortale
2390 2565 2586 2620 corpus
2607 2553 2752 2606 erat.
2782 2553 2901 2605 Hoc
2923 2555 3118 2604 autem
3141 2550 3453 2606 manifeste
3482 2551 3636 2606 indi-

1982 2643 2075 2694 cat
2103 2638 2415 2704 Homerus,
2445 2654 2580 2694 cum
2612 2638 2889 2694 Venerem
2949 2656 3062 2710 prae
3111 2638 3452 2695 vulneribus
3481 2645 3641 2695 acute

1980 2728 2334 2798 graviterque
2360 2726 2696 2782 clamantem
2727 2727 2993 2797 inducit;
3044 2728 3360 2800 ipsumque
3390 2733 3634 2784 Martem

1981 2815 2118 2872 belli
2154 2822 2360 2883 Deum,
2387 2833 2419 2871 a
2442 2816 2720 2872 Diomede
2753 2816 2934 2873 fuisse
2960 2826 3152 2873 ventre
3197 2820 3468 2872 sociatum
3499 2835 3635 2873 nar-

1982 2913 2090 2963 rat.
2124 2908 2358 2962 Polemo
2391 2912 2584 2963 autem
2616 2909 2810 2976 refert,
2845 2908 3166 2964 Minervam
3215 2909 3390 2963 etiam
3425 2909 3496 2964 ab
3529 2908 3634 2963 0r-

1983 3001 2118 3068 nyto
2146 2996 2503 3052 vulneratam
2538 2996 2740 3052 fuisse.
2773 2997 2922 3062 Quin
2971 2996 3148 3051 etiam
3197 2997 3506 3053 Plutonem
3557 2998 3630 3052 ab

1980 3084 2226 3140 Hercule
2248 3083 2458 3155 sagitta
2490 3084 2671 3139 ictum
2704 3085 2844 3140 dicit
2864 3085 3151 3140 Homerus
3175 3101 3188 3138 :
3215 3087 3369 3155 quod
3393 3087 3464 3140 de
3495 3085 3631 3141 Eleo

1981 3189 2213 3246 quoque
2241 3175 2440 3246 Auges.
2467 3173 2648 3229 tradit
2677 3173 2990 3244 Panyasis:
3014 3172 3114 3244 qui
3135 3173 3426 3228 Junonem
3450 3172 3630 3228 etiam

1981 3264 2308 3335 pronubam
2340 3264 2402 3318 in
2431 3263 2566 3335 Pylo
2593 3278 2826 3318 arenosa
2871 3262 2942 3317 ab
2992 3261 3194 3317 eodem
3223 3261 3466 3318 Hercule
3494 3260 3596 3316 vul

233 3350 356 3406 κλέα
380 3351 509 3428 πρὸς
533 3357 644 3407 τῶν
692 3347 1171 3407 Ἱπποκοωντιδῶν
1221 3351 1358 3404 κατὰ
1398 3356 1500 3419 τῆς
1548 3350 1738 3425 χειρὸς
1769 3350 1866 3405 οὐ·

1988 3357 2244 3408 neratam
2297 3352 2481 3408 fuisse
2530 3355 2836 3408 memorat.
2869 3351 3134 3407 Sosibius
3182 3355 3378 3408 autem
3433 3352 3633 3417 refert,

233 3443 474 3509 τασθῆναι
505 3439 676 3516 λέγει.
729 3440 794 3496 Ei
845 3437 914 3510 δὴ
962 3438 1268 3513 τραύματα,
1299 3437 1390 3493 καὶ
1420 3435 1645 3510 α’ίματα·
1681 3439 1732 3492 οἱ
1761 3439 1866 3513 γὰρ

235 3528 424 3604 ἷχῶρες
452 3532 501 3584 οἱ
529 3529 813 3598 ποιητικαὶ
867 3525 1265 3604 εἷδεχθέστεροι
1313 3526 1405 3581 καὶ
1460 3531 1568 3581 τῶν
1598 3525 1866 3599 αἱμάτων·

231 3622 380 3691 σῆψις
407 3620 508 3693 γάρ
543 3616 777 3691 αἳματος
828 3616 975 3692 ἰχὼρ
1026 3622 1252 3672 νοεῖται.
1305 3617 1542 3690 ’Δνάγγη
1572 3614 1753 3670 τοίνυν
1785 3617 1870 3670 θε-

229 3707 434 3780 ραπείας
487 3709 577 3762 καὶ
635 3707 844 3782 τροφὰς
924 3707 1267 3780 παρεισάγειν
1343 3702 1548 3775 αὐτοῖς,
1606 3706 1679 3759 ὧν
1739 3705 1872 3760 εἰσιν

227 3793 429 3858 ἐνδεεῖς.
462 3798 557 3852 Διὸ
584 3795 872 3870 τράπεζαι,
933 3795 1025 3849 καὶ
1081 3794 1261 3868 μέθαι,
1318 3793 1407 3848 καὶ
1465 3793 1725 3869 γέλωτες,
1778 3793 1868 3849 καὶ

229 3889 505 3957 συνουσίαι,
561 3886 664 3940 οὐκ
720 3886 780 3939 ἄν
861 3881 1204 3961 ἀφροδισίοις
1282 3884 1588 3958 χρωμένων
1658 3884 1870 3957 ἀνθρώ-

226 3994 341 4036 ποις
368 3979 467 4047 (4),
501 3972 627 4030 οὐδὲ
674 3968 1218 4045 παιδοποιουμένων.
1271 3969 1396 4026 οὐδὲ
1445 3973 1553 4045 μὴν
1592 3970 1870 4026 ὑπνωσόν-

221 4081 340 4131 των,
369 4063 414 4118 εἰ
461 4064 750 4131 ἀθάνατοι,
803 4062 894 4116 καὶ
944 4057 1233 4126 ἂνενδεεῖς,
1279 4059 1370 4114 καὶ
1415 4059 1633 4134 ἀγήρως
1681 4059 1867 4135 ὑωῆρ-

225 4169 343 4224 χον.
401 4147 683 4210 Μετέλαϐε
743 4149 801 4206 δὲ
851 4149 942 4205 καὶ
998 4148 1273 4224 τραπέζης
1327 4147 1673 4221 ἀνθρωπίνης
1723 4149 1869 4224 παρά

218 4246 328 4302 τοῖς
357 4241 628 4314 Αἰθίοψιν,
677 4239 1051 4314 ἀπανθρώπου
1104 4235 1163 4292 δὲ
1213 4237 1304 4292 καὶ
1351 4237 1612 4309 ἀθέσμου,
1645 4237 1807 4299 αὐτὸς
1839 4239 1866 4292 ό

229 4329 368 4398 Ζεὺς,
425 4331 568 4402 παρὰ
621 4328 852 4383 Λυκάονι
911 4330 1011 4400 (5),
1089 4331 1168 4398 τῷ
1227 4324 1450 4400 Ἀρκάδι
1509 4327 1858 4399 ἑστιώμενος.

221 4416 590 4493 Ἀνθρωπείων
665 4421 795 4494 γοῦν
863 4417 1173 4492 ἰνεφορεῖτο
1231 4419 1466 4489 σαρκῶν,
1528 4414 1641 4491 οὐχ
1706 4416 1864 4470 ἒκών⁶

234 4506 404 4580 ἠγνόει
453 4508 555 4584 γὰρ
606 4508 634 4562 ὁ
692 4506 848 4576 Θεὸς,
903 4505 977 4567 ὡς
1037 4502 1141 4581 ἄρα
1194 4505 1422 4558 Λυκάων
1481 4505 1508 4559 ὁ
1567 4503 1783 4578 Ἃρκᾶς,
1837 4505 1866 4558 ὁ

232 4583 474 4672 ἑστιάτωρ
531 4583 721 4665 αὐτοῦ,
776 4595 870 4650 τὸν
926 4591 1095 4649 παῖδα
1148 4594 1486 4671 κατασφάξας
1539 4593 1631 4648 τὸν
1680 4594 1866 4663 αὑτοῦ,

301 4755 355 4816 -ι‹
380 4751 440 4806 Ρ.
470 4753 532 4808 31
563 4751 676 4808 ED.
711 4749 1015 4821 POTTER,
1043 4749 1114 4804 23
1139 4747 1252 4804 ΕΙ).
1285 4747 1514 4803 PARIS.

1979 3441 2169 3513 ipsius
2196 3442 2369 3496 etiam
2395 3439 2661 3496 Herculis
2692 3456 2934 3495 manum
2957 3440 3028 3494 ab
3049 3439 3464 3511 Hippocoontis
3495 3440 3634 3495 filiis

1981 3530 2302 3586 sauciatam
2335 3530 2531 3585 fuisse.
2566 3529 2729 3595 Quod
2766 3528 2816 3584 si
2862 3535 2996 3583 sunt
3041 3528 3307 3598 vulnera,
3341 3533 3431 3584 est
3458 3529 3635 3584 etiam

1981 3620 2244 3691 sanguis.
2275 3618 2479 3674 Sanies
2511 3617 2668 3673 enim
2702 3617 2947 3688 poetica,
2975 3633 3152 3688 quam
3187 3614 3372 3690 ἰχῶρα
3402 3622 3636 3684 vocant,

1979 3713 2070 3763 est
2115 3707 2244 3779 ipso
2295 3707 2581 3779 sanguine
2611 3707 2839 3778 turpior
2873 3723 2886 3761 :
2917 3723 3050 3761 nam
3086 3706 3358 3778 putridus
3391 3707 3636 3778 sanguis

1977 3795 2122 3870 ἳχωρ
2149 3796 2380 3852 dicitur.
2397 3797 2465 3850 Et
2487 3795 2818 3850 curatianes
2840 3801 3062 3867 ergo,et
3082 3795 3463 3862 nutrimenta,
3499 3795 3629 3867 qui-

1977 3887 2090 3941 bus
2122 3884 2405 3956 indigent,
2431 3899 2669 3940 necesse
2691 3889 2779 3938 est
2802 3884 3098 3939 inducere.
3124 3887 3312 3950 Quare
3334 3889 3391 3940 et
3414 3901 3628 3940 mensae

1979 3990 2177 4030 eorum
2209 3978 2634 4040 memorantur,
2667 3976 2725 4028 et
2757 3972 3244 4042 compotationes,
3275 3977 3332 4028 et
3362 3973 3540 4043 risus,
3573 3977 3630 4028 et

1973 4063 2199 4119 coitus:
2227 4079 2360 4118 cum
2394 4078 2465 4117 ne
2498 4062 2767 4118 homines
2799 4061 3038 4134 quidem
3070 4078 3275 4118 venere
3300 4066 3625 4130 uterentur,

1978 4150 2298 4207 autliberis
2331 4167 2568 4222 operam
2603 4152 2831 4215 darent,
2857 4154 2960 4206 aut
2990 4167 3197 4206 somno
3230 4150 3623 4222 indulgerent,

1978 4240 2026 4296 si
2045 4245 2243 4296 essent
2263 4239 2648 4310 immortales,
2679 4249 2734 4295 et
2756 4239 2980 4295 nullius
3004 4239 3210 4311 indigi,
3236 4240 3499 4309 seniique
3529 4255 3625 4292 ex-

1979 4334 2190 4400 pertes.
2219 4329 2452 4400 Jupiter
2481 4344 2612 4384 vero
2663 4328 2788 4399 ipse
2838 4327 3109 4381 humanae
3142 4328 3376 4396 quidem
3409 4341 3626 4379 mensae

1977 4419 2273 4490 particeps
2304 4417 2413 4473 fuit
2443 4419 2597 4488 apud
2621 4416 3046 4486 Ethiopes,11
3075 4413 3404 4468 inhumanae
3429 4416 3622 4466 antem

1976 4512 2032 4563 et
2079 4506 2337 4573 nefariae,
2388 4522 2523 4560 cum
2563 4523 2594 4559 a
2644 4505 2907 4575 Lycaone
2964 4500 3183 4554 Arcade
3239 4499 3621 4570 exciperetur.

1977 4596 2128 4651 Tum
2160 4595 2318 4650 enim
2368 4592 2647 4649 humanis
2695 4590 2972 4646 carnibus
3020 4587 3416 4656 saturabatur,
3448 4588 3626 4660 idque

250 4915 462 4976 morem,
487 4920 605 4976 quo
635 4903 840 4976 fideles
894 4899 1190 4976 utilesque
1237 4899 1394 4976 servi
1443 4902 1589 4976 post
1627 4898 1864 4976 aliquod
1898 4881 1941 4944 D
1973 4898 2087 4976 iius
2116 4895 2226 4976 τὰς-
2251 4894 2444 4976 Ἡλίου
2475 4895 2663 4976 αὐγάς,
2693 4896 2838 4976 Solis
2868 4896 3087 4976 radios.
3121 4893 3427 4951 Herculem
3458 4893 3613 4975 enim

247 4975 447 5044 tempus
485 4969 756 5030 libertate
804 4969 1197 5028 donabantur.
1245 4969 1407 5027 Conf.
1448 4969 1860 5041 ’Archaeologiaz

249 5039 423 5101 Cretae
447 5045 542 5101 lib.
576 5064 616 5114 ι,
650 5063 779 5114 cap.
813 5046 900 5099 10.

308 5111 782 5189 (anemonas.
847 5115 1264 5189 Accipiendum
1331 5130 1433 5189 pro
1485 5111 1703 5189 agristo
1765 5113 1864 5182 θη-

247 5186 419 5259 τεῦσαι,
447 5183 542 5244 aut
575 5183 847 5259 praesenti
877 5183 1139 5259 tempore
1169 5183 1485 5259 θητευέμεν.
1518 5185 1800 5239 ὃγτθυεισ.

308 5258 367 5325 (ll
399 5259 485 5315 Καὶ
532 5253 600 5314 τά
646 5258 738 5314 ἐπὶ
792 5253 1033 5316 τούτοις.
1065 5257 1160 5312 Sic
1210 5253 1375 5326 recte
1407 5253 1548 5310 Nov.
1583 5262 1639 5309 et
1672 5262 1862 5326 poste-

251 5325 405 5385 riores
446 5333 764 5388 Clementis
813 5330 1122 5386 editiones.
1156 5327 1271 5384 Sed
1316 5325 1384 5380 τὰ
1429 5325 1708 5382 omittunt
1737 5326 1868 5382 Flo—

252 5406 379 5456 rent.
411 5403 588 5460 SYLBU
599 5421 691 5460 ac.

300 5473 658 5549 (2)_"Opnpoc.
693 5473 864 5549 gout.
893 5470 1216 5549 _de_\_len_ere
1253 5467 1413 5549 Ιιξριέ.
1445 5469 1508 5535 Ε,
1540 5485 1692 5524 vers.
1720 5463 1862 5535 3113;

246 5539 300 5594 de
325 5539 573 5609 Plutone,
605 5565 658 5601 ν.
695 5546 843 5610 395ς
877 5544 947 5598 de
979 5541 1180 5610 Marte,
1208 5539 1419 5610 v._855.

298 5615 364 5682 (3)
391 5619 483 5672 Τὸν
536 5605 760 5674 Ἠλεῖον
816 5605 1044 5683 ΔᾹύγέιιιν.
1075 5605 1174 5664 Τὸν
1208 5608 1400 5683 Ἠλίου
1452 5605 1685 5683 Αὐγέαν,
1718 5609 1868 5667 Solis

238 5682 389 5762 ﬁlium
415 5689 849 5762 Augeathov.
877 5682 1219 5762 Utrumque
1234 5682 1465 5762 tolerari
1503 5682 1721 5753 pOtest;
1747 5689 1871 5737 erat

237 5759 366 5836 enim
387 5753 638 5836 Augeas,
663 5761 867 5836 Eleus,
891 5753 1123 5836 etJSolis'
1139 5753 1320 5836 illius.
1347 5754 1456 5836 Sed
1481 5771 1584 5809 cur
1609 5761 1866 5836 {lugeam

235 5825 360 5888 inter
387 5825 523 5893 deos
553 5825 860 5897 numeret,
881 5828 1030 5884 ratio
1057 5843 1170 5883 non
1195 5825 1745 5898 liquet.Legendum
1767 5843 1870 5898 po-

1970 4971 2184 5025 iratum
2204 4971 2397 5023 ferunt
2419 4967 2648 5038 sagittis
2661 4970 2786 5025 suis
2799 4968 2986 5024 Solem
3001 4969 3197 5039 ipsum
3220 4967 3618 5039 percussisse:

1972 5037 2747 5112 Apollodorus,Blliliothec.
2780 5040 2881 5095 lib.
2917 5058 2978 5107 ιι,
3012 5037 3138 5112 cap.
3174 5041 3240 5094 10
3273 5037 3618 5112 εᾹΘερΑμαινλόξ

1979 5108 2360 5184 μένος-δὶῗύπὸ
2392 5109 2581 5166 Ἠλίου
2628 5111 2765 5166 κατὰ
2805 5113 2905 5179 τήν
2956 5109 3206 5184 πορείαν,
3230 5108 3312 5184 ,τὸ
3342 5109 3499 5178 τόξον
3533 5109 3621 5162 ἐπὶ

1972 5181 2062 5237 τὸν
2087 5182 2204 5236 θεὸν
2239 5182 2514 5238 ἐνέτεινεν
2550 5185 2650 5243 Ubi
2676 5199 2805 5239 vero
2835 5187 2890 5238 in
2920 5181 3119 5237 itinere
3149 5181 3290 5236 Solis
3321 5184 3498 5236 radiis
3529 5198 3622 5235 cu-

1980 5256 2204 5325 leﬁeret,
2228 5274 2421 5312 arcum
2444 5258 2498 5311 in
2520 5258 2681 5311 deum
2702 5259 2882 5323 ipsum
2901 5253 3324 5325 intendit.0uod
3351 5256 3622 5320 ignorans

1978 5324 2228 5398 scriptor
2258 5328 2473 5398 aliquis
2501 5327 2556 5398 in
2582 5327 2826 5398 poeticis
2865 5324 3073 5398 fabulis
3106 5327 3304 5379 minus
3334 5331 3623 5398 versatus,

1977 5397 2068 5451 τὸν
2099 5395 2285 5465 ἡλίου,
2317 5395 2404 5471 vel
2437 5395 2650 5452 Ἢλεῖον
2687 5395 2887 5471 Αὐγέαν
2923 5397 3299 5471 substituisse
3331 5397 3578 5450 videtur.

2049 5471 2125 5541 (4)
2157 5469 2514 5542 ’Δνθρώποις.
2556 5467 2816 5542 Rectius
2865 5467 3188 5542 ἀνθρώπων.
3235 5472 3522 5542 SYL_BU_RG.
3557 5499 3626 5508 ης

1981 5538 2137 5614 Idem
2171 5538 2512 5614 deindepro
2547 5539 2926 5614 ὑπνωσόντων,
2948 5538 3137 5614 legere
3163 5538 3384 5614 mavult
3416 5538 3627 5614 ὑπνωσΤ

1980 5611 2204 5686 σάντων.
2230 5618 2359 5670 Mox
2389 5607 2705 5686 legendum
2729 5611 2944 5684 ἀγήρῳ.
2970 5607 3200 5667 Hesiod.
3247 5609 3500 5663 ἀθάνατοι
3533 5607 3625 5661 καί

1980 5685 2188 5750 ἀγήρῳ-
2458 5685 2469 5686 ί
3166 5749 3169 5750 ν
3651 5717 3653 5720 ‹

2025 5703 2413 5823 ἵῗὲ)ῳλίυκάονι.
2475 5756 2749 5824 Λυκάωνι,
2779 5754 2920 5808 Νον.
2966 5757 3112 5819 Mox,
3157 5749 3456 5824 ἐνειρερεῖτο
3513 5763 3618 5814 pro

1981 5824 2303 5903 ἐνεφορεῖτο.
2336 5828 2516 5883 Idem.
