4064 6204
293 359 369 414 121
1503 367 1912 424 ΟΟΗΟΒΤΔἸἿ

2028 367 2097 418 ω
2135 364 2444 420 GENTES.

3574 377 3677 432 122

280 480 351 536 λιν
373 483 480 549 (34ε
507 479 770 536 Θετταλοὶ
839 483 1134 557 μύρμηκας
1192 485 1536 562 ἱστοροῦνται
1570 483 1765 556 σέϐειν,
1795 485 1911 540 ἐπεὶ

2028 503 2118 541 res
2147 489 2372 554 (vereor
2400 502 2472 541 ne
2503 487 2582 542 sit
2633 489 2827 558 potius
2877 489 3190 546 dicendum
3238 494 3513 566 pejores),
3572 499 3672 570 qui

279 570 366 624 τὸν
394 570 487 624 Δία
519 573 911 642 μεμαθήκασιν
941 573 1276 644 ὁμοιωθέντα
1335 577 1610 651 μύρμηκι,
1668 581 1738 650 τῇ
1773 573 1923 646 Κλή-

283 680 435 730 τοςιος
457 661 684 733 θυγατρί
718 663 836 730 (35)
871 659 1270 738 Εὐρυμεδούσῃ
1329 671 1578 740 μιγῆναι,
1634 664 1725 720 καὶ
1783 669 1922 738 Mup-

285 747 483 822 μηδόνα
508 755 768 823 γεννῆσαι
805 749 1116 824 ;Πολὲμων
1151 749 1208 806 δὲ
1258 753 1390 814 τοὺς
1433 754 1574 833 ἀμφὶ
1605 755 1704 824 τήν
1736 752 1923 828 Τρωά-

280 836 340 892 δα
388 841 751 898 κατοικοῦτας
809 839 1020 913 ⁴ἱστορεῖ
1083 841 1209 902 τοὺς
1251 840 1592 917 ἐπιχωρίους
1648 847 1774 916 μῦς,
1833 839 1925 902 οὕς

279 928 524 998 σμίνθους
578 925 812 981 καλοῦσι
861 929 994 1000 (36),
1053 930 1392 1002 θρησκεύειν,
1451 933 1533 986 ὅτι
1582 935 1680 994 τὰς
1732 931 1921 1006 νευρὰς

274 1020 373 1069 τῶν
407 1012 706 1086 πολεμίων
743 1012 1042 1091 διὲτρωγον
1095 1023 1204 1072 τῶν
1261 1019 1454 1090 τόξων·
1515 1020 1604 1074 καὶ
1657 1019 1919 1092 Σμίνθιον

277 1102 604 1158 Ἀπόλλωνα
637 1104 746 1158 ἀπὸ
775 1109 885 1158 τῶν
923 1109 1070 1178 μυῶν
1100 1103 1319 1161 ἐκείνων
1371 1108 1736 1186 ἐπεφήμισαν.
1763 1109 1924 1183 Ἥρα-

274 1190 487 1260 κλείδης
521 1189 580 1246 δὲ
611 1192 668 1246 ἓν
698 1192 946 1248 Κτίσεσιν
1006 1195 1168 1269 ἱερῶν
1231 1198 1354 1272 περὶ
1415 1199 1514 1267 τὴν
1563 1195 1920 1272 ’Δκαρνανίαν

274 1282 448 1357 φησὶν,
503 1279 631 1334 ἔνθα
682 1282 745 1336 τὸ
784 1285 1005 1338 Ἀκτιον
1061 1282 1203 1338 ἐστὶν
1261 1286 1634 1362 ἀκρωτήριον,
1687 1285 1779 1339 καὶ
1827 1289 1922 1339 τοῦ

273 1369 630 1431 ’Λπόλλωνος
659 1374 758 1425 τοῦ
792 1372 1010 1427 Ἀκτίου
1046 1373 1108 1427 τὸ
1153 1374 1323 1448 ἱερὸν,
1380 1380 1498 1436 ταῖς
1559 1375 1745 1448 μυίαις
1795 1395 1924 1446 προ-

269 1457 486 1522 θύεσθαι
548 1459 719 1533 βοῦν.
781 1456 926 1515 Οὐδὲ
971 1462 1080 1533 μήν
1129 1461 1353 1534 Σαμίων
1414 1462 1724 1534 ἐκλήσομαι
1783 1465 1918 1536 (37)·

273 1543 580 1618 πρόϐατον,
624 1546 700 1602 ὥς
733 1569 900 1624 φησιν
948 1549 1259 1628 Εὐφορίων,
1291 1547 1506 1608 σέϐουσι
1541 1553 1764 1626 Σάμιοιο
1796 1548 1923 1606 οὐδὲ

270 1657 330 1710 γε
358 1641 467 1690 τῶν
496 1637 592 1703 τὴν
649 1637 916 1707 Φοινίκην
976 1641 1088 1710 (38)
1145 1639 1336 1712 Σύρων
1393 1639 1814 1710 κατοικούντων,
1846 1641 1919 1694 ὧν

274 1728 326 1779 οἱ
354 1726 446 1798 μὲν
477 1726 569 1787 τὰς
597 1725 942 1801 περιοτερᾶς,
975 1729 1027 1782 οἱ
1072 1725 1130 1782 δὲ
1177 1750 1309 1792 τους
1345 1729 1504 1804 ῗχθῦς
1534 1728 1679 1785 οὕτω
1705 1723 1919 1784 σέϐουσι

272 1823 560 1890 περιττῶς,
621 1819 695 1878 ὡς
751 1817 963 1874 Ἠλεῖοι
1009 1819 1101 1874 τὸν
1153 1818 1270 1876 Δία.
1325 1823 1447 1877 Εἶεν
1495 1817 1586 1889 δὴ,
1640 1818 1830 1890 ἐπειδὴ
1855 1819 1918 1875 οὐ

271 1906 400 1976 θεοῖ,
461 1906 556 1968 οὕς
615 1906 959 1981 Θρησκεύετε,
1011 1906 1162 1972 αὖθις
1217 1912 1333 1983 (39)
1381 1908 1770 1984 ἐπισκέψασθαι(
1822 1931 1914 1984 μοι

273 1994 438 2062 δοκεῖ,
497 1994 544 2050 εἰ
602 1991 775 2058 ὅντως
830 1996 930 2050 εἶεν
991 1993 1268 2070 δαίμονες,
1327 1995 1548 2074 δευτέρᾳ
1591 1998 1785 2074 ταύτῃ,
1836 1999 1910 2062 ὡς

277 2085 423 2157 ὑμεῖς
445 2105 599 2161 φατε,
636 2082 1131 2161 ἐγκαταλεγόμενοι
1187 2087 1353 2158 τάξει.
1413 2087 1479 2144 Εἰ
1529 2087 1630 2163 γὰρ
1681 2086 1770 2141 οὖν
1802 2084 1912 2142 δαί-

281 2195 431 2245 μονες
462 2172 650 2248 λίχνοι
700 2175 814 2248 (40)
845 2195 904 2228 τε
946 2174 1037 2228 καὶ
1099 2177 1312 2252 μιαροὶ,
1351 2173 1462 2231 ἔστι
1520 2176 1614 2248 μὲν
1672 2175 1912 2254 ἐφευρεῖν

281 2263 359 2315 καὶ
407 2259 710 2335 ἀναφανδὸν
760 2260 905 2317 οὓτω
963 2265 1100 2319 κατὰ
1147 2263 1342 2327 πόλεις
1401 2262 1663 2338 δαίμονας
1701 2265 1910 2340 ἐπιχω-

284 2350 459 2423 ρίους,
495 2352 667 2423 τιμὴν
752 2349 1240 2427 ἐπιδρεπομὲνους·
1296 2354 1442 2426 παρὰ
1511 2354 1758 2418 Κυθνίοις
1815 2355 1910 2428 μὲν

285 2436 516 2510 Ἕδημον
586 2441 719 2513 (41)·
781 2441 931 2516 παρᾶ
985 2443 1214 2513 Τηνίοις
1268 2440 1737 2519 Καλλιπαγὸραν·
1770 2444 1916 2516 παρὰ

345 2540 402 2603 ιιι
429 2541 488 2594 Ρ.
521 2541 591 2595 35
617 2541 730 2595 ED.
763 2540 1068 2610 POTTER,
1099 2543 1170 2597 26
1200 2545 1313 2599 ED.
1346 2543 1574 2599 PARIS.

288 2637 495 2710 adorari
528 2637 709 2693 tradit
743 2638 815 2710 ab
835 2638 930 2705 iis,
959 2640 1056 2710 qui
1079 2641 1323 2696 Troadis
1349 2641 1723 2697 Hamaxitum
1748 2643 1909 2698 inco-

295 2709 612 2784 lunt,_unde
643 2709 991 2784 Apollinem
1013 2711 1352 2784 Sminthium
1407 2711 1724 2784 appellant;
1782 2719 1910 2769 tum

297 2797 412 2856 vero
441 2782 652 2856 ξιξ-φάο
683 2782 961 2856 Sminthii
993 2783 1220 2856 cicures
1276 2784 1359 2856 ali
1405 2782 1622 2853 mures,
1683 2784 1914 2856 σμίνθος

297 2853 434 2906 enim
463 2851 578 2907 illis
609 2869 837 2908 murem
875 2853 1184 2918 signiﬁcat.
1215 2855 1394 2910 Addit
1423 2851 1632 2911 deinde
1653 2851 1910 2912 fabulam

293 2924 353 2999 de
381 2923 746 2999 muribusuab
780 2924 1039 2999 Apolline
1065 2926 1346 2999 expulsis,
1377 2931 1434 2982 et
1459 2927 1701 2999 alteram
1734 2944 1912 2999 quam

293 2993 375 3048 hic
407 2994 593 3050 innuit
621 2993 912 3052 Clemens:
946 2993 1246 3053 Cretenses
1279 2999 1350 3054 ad
1407 2997 1692 3054 coloniam
1739 2993 1913 3055 domo

292 3066 448 3142 missi
461 3071 765 3142 rogarunt,
789 3072 854 3122 ut
875 3070 1210 3142 quempiam
1241 3071 1313 3142 ad
1323 3069 1710 3126 habitandum
1727 3077 1917 3142 aptum

291 3138 470 3226 locum
483 3140 859 3226 ostenderet.
874 3138 1378 3226 ‘Piespond'etnille,
1408 3138 1814 3226 ιιδξχηγενεῖξ,
1855 3142 1912 3197 id

291 3214 374 3263 est
401 3216 534 3264 terta
562 3209 764 3281 geniti,
799 3209 1028 3265 bellum
1047 3212 1133 3267 eis
1163 3209 1466 3279 inferrent,
1492 3209 1573 3269 ibi
1602 3209 1916 3269 considen-

291 3281 440 3356 dum.
468 3281 549 3335 Ita
579 3298 678 3337 eos
702 3283 781 3356 _ad
816 3284 1191 3356 Hamaxitum
1225 3285 1538 3356 profectos,
1573 3289 1767 3356 castra
1814 3302 1915 3356 po-

287 3352 482 3407 suisse:
513 3359 638 3406 tum
698 3353 1104 3410 incredibilem
1163 3352 1420 3410 murium
1478 3352 1913 3412 multitudinem

283 3426 553 3494 erupisse,
585 3429 644 3479 et
671 3423 1009 3495 clypeorum
1043 3426 1168 3482 lora
1191 3428 1509 3494 derosisse,
1563 3433 1620 3483 et
1669 3445 1913 3484 arcuum
1946 3395 1987 3461 Ο

281 3510 480 3569 nervos
509 3495 807 3562 exedisse;
841 3510 910 3550 ex
967 3513 1082 3568 quo
1141 3500 1538 3569 conjecturam
1597 3500 1914 3565 duxerunt,

280 3565 409 3639 illos
437 3583 562 3622 esse
591 3569 950 3639 terrigenas;
984 3565 1227 3638 proinde
1247 3565 1442 3625 'bunc
1492 3570 1688 3626 locum
1747 3587 1914 3626 exco-

277 3636 468 3712 l_uisse,
493 3643 668 3712 atque
692 3636 946 3712 Apollini
969 3636 1260 3696 Sminthio
1305 3641 1592 3712 templum
1640 3643 1912 3698 exitasse.

278 3707 538 3784 Eamdem
572 3707 838 3784 fabulam
872 3716 1072 3784 narrat
1101 3713 1330 3780 Strabo,
1363 3707 1468 3778 lib,
1499 3731 1600 3769 xm
1630 3715 1704 3768 De
1733 3717 1915 3784 Eury-

277 3781 517 3856 medusa;
546 3781 859 3856 Arnobius,
893 3781 993 3837 lib.
1033 3799 1138 3856 iv_:
1193 3784 1452 3856 Nunquid
1506 3802 1539 3839 a
1591 3786 1749 3840 nobis
1806 3781 1916 3841 ali-

276 3853 484 3920 quando
513 3852 855 3920 conscriptus
888 3863 966 3908 est
992 3854 1151 3911 modo
1183 3857 1239 3909 in
1273 3852 1475 3910 aurum
1532 3872 1719 3911 versus
1749 3857 1919 3912 modo

277 3939 332 3975 in
364 3925 620 3993 Satyrum
687 3922 971 3979 ludicrum
1004 3927 1066 3980 in
1121 3928 1415 3982 draconem
1475 3926 1535 3980 in
1595 3929 1784 3982 alitem
1841 3931 1913 3994 et,

278 3995 416 4063 quod
445 3995 632 4050 omnia
664 4012 868 4064 genera
891 3997 1358 4053 contumeliarum
1393 3997 1684 4055 transiliat
1715 4001 1773 4054 in
1799 4004 1916 4067 [or-

277 4067 537 4139 mieulam
565 4068 868 4139 parvulam
895 4072 953 4122 ut
985 4068 1206 4124 Clitoris
1231 4069 1485 4125 videlicet
1533 4071 1710 4139 ﬁliam
1772 4070 1917 4139 Myr-

277 4137 503 4209 midonis
544 4138 792 4194 redderet
822 4139 970 4209 apud
1018 4140 1290 4195 Thessalos
1336 4137 1567 4196 matrem
1596 4141 1622 4196 ?
1651 4137 1913 4197 Comici".

277 4211 437 4262 Conf.
471 4208 659 4281 Ov_id.,
693 4208 1092 4281 Metamorph.,
1127 4212 1232 4268 lib.
1266 4229 1342 4279 ix,
1378 4212 1489 4267 fab.
1524 4213 1612 4266 10.

356 4278 552 4354 (35):“
584 4275 661 4354 δὲ,
696 4279 758 4332 οὐ
789 4299 848 4335 π.
882 4275 1045 4336 Hauc
1080 4275 1412 4354 lectionem
1474 4283 1740 4338 exhibuit
1796 4282 1917 4354 pri-

281 4364 438 4425 mum
467 4352 759 4425 Heinsius,
795 4358 1002 4425 etpost
1025 4369 1158 4425 cum
1188 4353 1425 4425 reliquie
1451 4354 1770 4425 Clementis
1793 4352 1916 4425 edi-

281 4421 704 4496 tionnes_.Vetus
737 4421 910 4496 lectio
930 4423 1160 4496 _erat,Tl
1192 4422 1278 4478 δαὶ
1300 4421 1462 4478 πάλιν
1483 4423 1749 4479 Θετταλοὶ
1772 4423 1912 4496 μύρ-

287 4511 454 4568 μῃκας
483 4488 1037 4568 ἱστοροῦνται-σέϐειν
1121 4513 1300 4568 quam
1340 4497 1577 4566 quidem
1639 4488 1917 4552 exhibent

291 4562 423 4638 Flor.
455 4571 509 4620 et
537 4562 805 4637 Sy'lburg.
841 4565 957 4622 Nec
987 4562 1287 4638 opus'erat
1317 4562 1408 4631 ea,
1437 4570 1616 4623 verba
1664 4575 1914 4638 mutare,

297 4635 452 4710 modo
481 4637 560 4691 sic
578 4635 1045 4710 distinguantur,
1079 4644 1144 4694 ut
1173 4641 1252 4693 sit
1273 4639 1428 4710 apud
1453 4639 1594 4694 Nov.
1621 4638 1682 4710 Τί
1707 4637 1916 4710 δαὶπά-

295 4698 376 4784 λιν
403 4705 732 4784 οίΘετταλοᾼί
768 4698 1113 4784 ἷμύρμηκας
1171 4698 1511 4784 ἱστοροῦνται
1557 4704 1754 4777 σέϐειν,
1797 4709 1912 4764 ἐπεὶ

296 4775 378 4853 τὸν
405 4777 509 4844 Δία,
541 4760 650 4836 sic.
687 4760 831 4847 Quid
857 4760 1913 4853 cumaea;Vrinamfama.
1946 4760 1990 4824 Ι)

299 4852 588 4922 referuntur
614 4853 793 4922 colere
819 4855 954 4922 quia
982 4854 1187 4910 Jovem.
1220 4858 1330 4908 etc.

360 4921 456 4998 (35)
655 4920 945 4998 Κλήτορος
1003 4923 1140 4998 θυγγ.
1203 4920 1628 4998 Εὐρυμεδουσῃ.
1693 4925 1916 4998 Chloris

304 4988 458 5065 ﬁliam
481 4988 621 5048 dixit
655 4988 965 5050 Arnobius.
1001 4988 1407 5062 At'llrrognit'q
1469 4988 1658 5065 libfx,
1720 5013 1770 5050 ο.
1824 4997 1914 5060 22,

304 5063 518 5120 refertur
542 5065 776 5137 Jupiter
805 5067 1137 5137 corrupisse
1182 5067 1616 5137 Eurymedusam
1646 5063 1916 5136 ’Achelm’,

303 5139 602 5210 νεικείῃ-τιμία
661 5138 1096 5210 formieamgea:
1126 5156 1230 5210 qua
1285 5142 1537 5194 nascitur
1587 5138 1913 5209 Myrmidon.

305 5203 494 5262 Acheloi
524 5203 703 5262 ﬁliam
730 5209 929 5263 dicunt
964 5203 1327 5264 Cleméntina.

364 5277 458 5346 (36)
489 5275 745 5346 Καλοῦσι.
783 5279 920 5334 Post
957 5278 1186 5334 καλοῦσι
1221 5286 1375 5336 recte
1404 5296 1538 5335 cum
1574 5283 1610 5336 A
1660 5279 1912 5335 inserui-

303 5345 702 5424 nius‘eéSaeogi,
737 5350 1079 5424 θρησκεύειν,
1100 5354 1188 5408 vel
1203 5352 1409 5424 simile
1431 5352 1595 5421 quid.
1619 5351 1908 5424 SYLBURG.

365 5420 457 5490 (37)
532 5419 667 5476 Οὐδὲ
733 5419 842 5491 μῆν
902 5419 1550 5492 Σαμίωνγέκλήσομαι.
1611 5423 1909 5492 ﬁliabus,

415 5484 652 5570 x'll,_cap.
801 5484 1023 5570 Τιμῶσι
1057 5491 1113 5548 Si
1143 5491 1246 5570 ἂρα
1301 5484 1500 5570 ῥελξροὶ
1544 5494 1660 5570 -μὲν
1717 5484 1910 5570 λρκον,

299 5557 558 5628 Σάμιοιδὶ
599 5557 904 5640 ῖιτρόϐαιτρνἶ
955 5557 1187 5640 ῥαραηί
1221 5557 1445 5640 Delphi:
1465 5557 1677 5640 colunt,
1737 5557 1915 5640 Samii

296 5646 423 5708 avem
441 5636 786 5693 venerantur.
805 5636 1285 5693 Deindecausam
1313 5638 1499 5705 addit,
1519 5638 1671 5708 quod
1697 5637 1910 5692 Samiis

292 5702 427 5761 furto
450 5710 751 5765 sublatum
784 5724 997 5763 aurum
1029 5709 1152 5764 ovis
1181 5709 1421 5765 invenit.
1458 5702 1592 5764 Ideo
1636 5708 1909 5763 Mandro-

288 5773 442 5835 bulus
468 5780 685 5837 Junoni
717 5795 884 5836 ovem
912 5781 1294 5852 consecravit,
1326 5785 1394 5836 ut
1421 5781 1762 5837 Aristoteles
1794 5786 1910 5836 tra-

2030 575 2328 647 Egyptios
2355 576 2617 646 quotidie
2648 577 2900 632 ludibrio
2932 578 3183 649 habetis,
3217 581 3422 652 qualos
3455 586 3672 643 estisin

2033 664 2201 719 bruta
2233 664 2498 720 animalia
2519 664 2546 719 ?
2578 669 2658 720 Ex
2694 665 2859 720 vobis
2903 667 3061 721 enim
3112 669 3376 725 Thessali
3407 671 3665 730 ciconias

2033 754 2357 820 coluerunt,
2391 754 2544 824 quod
2579 754 2634 808 id
2667 760 2825 810 esset
2857 771 3017 812 more
3040 758 3328 827 majorum
3349 765 3670 832 receptum.

2031 841 2292 897 Thebani
2324 848 2519 897 autem
2553 842 2838 898 mustelae
2864 843 3127 912 adorant,
3161 848 3314 916 quod
3345 849 3485 905 olim
3535 867 3674 906 mu-

2031 929 2179 985 stela
2208 935 2543 986 nascentem
2576 930 2882 987 Herculem
2917 932 3225 1002 adjuverit.
3261 936 3438 1000 Quid?
3471 938 3671 996 Nonne

2031 1019 2292 1074 Thessali
2325 1018 2602 1074 dicuntur
2628 1019 2890 1074 divinum
2918 1021 3142 1077 cultum
3168 1023 3427 1079 formicis
3449 1027 3671 1083 tribue-

2030 1124 2110 1177 re,
2145 1108 2297 1178 quod
2327 1124 2396 1163 ex
2428 1108 2646 1163 fabulis
2677 1108 3010 1180 didicerint,
3038 1110 3241 1166 Jovem
3276 1118 3512 1182 sumpta
3562 1115 3674 1170 for-

2031 1197 2194 1252 micae
2223 1197 2428 1263 forma,
2462 1213 2597 1252 cum
2628 1198 3052 1269 Eurymedusa,
3085 1198 3331 1256 Cletoris
3361 1200 3503 1271 ﬁlia,
3535 1219 3674 1258 con-

2027 1301 2318 1356 gressum,
2350 1287 2788 1357 Myrmedonem
2821 1286 3096 1358 genuisse
3117 1287 3145 1342 ?
3180 1288 3416 1345 Polemo
3475 1298 3671 1347 autem

2029 1375 2227 1444 refert,
2257 1391 2378 1441 eos,
2410 1376 2510 1446 qui
2541 1375 2823 1431 Troadem
2857 1375 3148 1444 habitant,
3182 1393 3381 1434 mures
3433 1380 3671 1452 indige-

2028 1480 2176 1531 nas,
2229 1460 2491 1534 σμίνθους
2540 1469 2789 1530 vocant,
2844 1466 3152 1532 venerari,
3220 1469 3378 1537 quod
3428 1486 3675 1526 arcuum

2032 1553 2328 1609 hostilium
2388 1569 2596 1608 nervos
2673 1554 3042 1622 arroserint;
3127 1557 3334 1612 exinde
3415 1557 3675 1630 Apollini

2029 1641 2293 1697 Sminthii
2321 1659 2534 1698 nomen
2567 1642 2940 1714 imposuisse.
2985 1642 3318 1702 Heraclides
3375 1645 3549 1701 etiam
3609 1646 3671 1702 in

2027 1731 2177 1786 libro
2211 1736 2287 1788 De
2334 1731 2791 1801 aediﬁcationibus
2846 1733 3177 1804 templorum
3235 1733 3295 1788 in
3354 1735 3674 1791 Acarnania

2030 1820 2259 1886 scribit,
2290 1819 2345 1874 in
2379 1821 2542 1875 Actio
2574 1820 2997 1891 promontorio,
3039 1823 3138 1876 ubi
3186 1823 3341 1878 Aetii
3385 1823 3671 1895 Apollinis

2029 1911 2224 1965 fanum
2257 1915 2367 1976 est,
2399 1914 2532 1964 ante
2564 1914 2770 1964 caetera
2799 1926 2966 1965 sacra
2997 1911 3200 1966 bovem
3224 1911 3515 1967 immolari
3539 1929 3672 1968 mu-

2021 1999 2160 2055 scis.
2191 1997 2308 2053 Nec
2341 2014 2470 2053 vero
2500 1997 2830 2053 Samiorum
2863 1997 3174 2054 obliviscar
3205 2016 3239 2055 a
3276 2001 3377 2056 I2
3427 2000 3668 2071 quibus,

2022 2092 2196 2160 prout
2224 2087 2402 2142 tradit
2434 2087 2788 2158 Euphorion,
2811 2087 2934 2142 ovis
2973 2087 3186 2143 colitur
3217 2105 3230 2144 :
3292 2093 3357 2144 ut
3412 2105 3516 2144 nec
3573 2105 3669 2144 es-

2022 2193 2174 2247 rum,
2207 2175 2308 2247 qui
2330 2175 2688 2231 Phoenicium
2707 2180 2980 2248 Syrorum
3000 2175 3064 2240 >X<
3085 2175 3374 2245 incolunt,
3409 2194 3661 2249 quorum

2021 2267 2119 2322 alii
2151 2266 2390 2338 quidem
2422 2263 2746 2332 columbas,
2782 2265 2880 2321 alii
2913 2267 3034 2322 viro
3067 2266 3256 2338 pisces
3277 2267 3436 2323 haud
3460 2267 3661 2325 minus

2024 2357 2287 2427 impense
2314 2355 2532 2421 colunt,
2564 2371 2742 2425 quam
2775 2355 2896 2411 Elei
2926 2356 3150 2411 Jovem.
3184 2361 3306 2428 Age
3336 2373 3490 2426 vero,
3527 2373 3664 2412 cum

2025 2445 2104 2502 sit
2133 2444 2275 2501 satis
2301 2449 2629 2514 ostensum,
2663 2461 2778 2500 non
2810 2460 2939 2500 esse
2968 2445 3132 2516 deos,
3164 2461 3310 2517 quos
3342 2446 3554 2516 colitis;
3588 2463 3666 2502 an

2023 2643 2128 2700 dit.
2162 2643 2346 2715 Idem,
2377 2641 2458 2696 lib
2507 2658 2587 2706 ιι,
2621 2658 2748 2713 cap.
2782 2642 2837 2715 _8:
2865 2645 2932 2697 In
2958 2643 3202 2715 Leueade
3227 2646 3670 2715 promontorium

2020 2723 2097 2770 est
2128 2714 2400 2786 excelsum
2425 2715 2475 2786 et
2503 2729 2744 2786 socrum,
2776 2713 2839 2768 in
2862 2729 2922 2769 eo
2941 2713 3401 2783 Apollinis—Aelii
3445 2719 3665 2786 fanum;

2020 2787 2180 2854 cuius
2201 2784 2401 2840 honori
2421 2783 2730 2839 dedicatum
2761 2790 2973 2856 tempus
2993 2788 3197 2856 festum
3238 2803 3362 2841 cum
3411 2783 3584 2841 instat
3606 2783 3663 2842 in

2021 2873 2124 2928 quo
2153 2856 2409 2911 saltando
2437 2857 2607 2910 etiam
2635 2860 2845 2911 certant
2877 2856 3064 2911 bovem
3118 2860 3319 2912 muscis
3375 2867 3616 2912 mactant
3646 2875 3661 2915 :

2019 2929 2177 2994 cujus
2207 2928 2330 2982 illae
2357 2928 2633 2994 sanguine
2661 2931 2936 2984 saturatas
2971 2928 3230 2982 recedunt
3249 2929 3415 2983 veluti
3438 2945 3667 2984 munere

2021 2990 2098 3054 ad
2121 2999 2178 3053 id
2203 2990 2524 3066 faciendum
2542 3014 2847 3069 persuasae.
2868 2998 3296 3069 Euphorionem
3322 3000 3462 3054 citat
3487 3001 3664 3056 etiam

2021 3071 2178 3126 idem
2209 3069 2312 3124 lib.
2345 3085 2478 3137 xvn,
2512 3069 2738 3140 cap.38,
2767 3074 2824 3124 et
2853 3070 3170 3126 Atheuaaus
3195 3069 3395 3125 multis
3417 3071 3475 3125 in
3500 3071 3666 3127 locis.

2023 3142 2099 3198 Co
2106 3158 2290 3196 aesar.

2096 3213 2205 3285 (38)
2235 3207 2375 3285 Οὐδέ
2404 3209 2733 3285 γεᾼτῶγᾼτὴν
2776 3207 2996 3285 Φοινί-κ.
3055 3215 3126 3285 P._
3181 3211 3496 3285 Victorius,
3538 3212 3662 3285 glib.

2022 3281 2124 3353 xu,
2150 3301 2279 3355 cap.
2313 3284 2400 3339 l5.
2418 3281 2698 3355 Tibullus
2719 3281 2778 3337 in
2801 3283 3054 3355 quadam
3079 3281 3265 3354 elegia
3296 3281 3667 3354 superstitio-

2028 3357 2120 3428 nis
2151 3353 2426 3428 Syrorum
2462 3353 2750 3428 meminit,
2775 3355 2875 3425 qui
2899 3353 3204 3410 columbas
3223 3353 3665 3422 consecrabant,

2027 3425 2419 3498 timebantque
2449 3425 2688 3494 violare,
2720 3427 2801 3480 ita
2831 3441 3068 3482 canens:

2025 3569 2166 3640 Quid
2193 3572 2464 3637 referam,
2482 3571 2545 3622 ut
2571 3568 2762 3640 volitet
2808 3567 3029 3623 crebras
3085 3567 3306 3624 intacta
3357 3586 3462 3638 per
3507 3571 3667 3627 urbes

2234 3642 2370 3696 Alba
2394 3639 2694 3696 Palwstino
2732 3643 2926 3695 sancta
2964 3639 3214 3696 columba
3251 3643 3394 3712 Syro
3425 3643 3452 3696 ?

2023 3783 2136 3838 Alii
2168 3783 2374 3855 legunt
2395 3797 2512 3837 suo.
2550 3781 2610 3855 Id
2645 3798 2878 3855 quoque
2911 3783 3205 3838 memoriae
3256 3784 3513 3855 prodidit
3542 3787 3668 3840 Xe-

2025 3852 2284 3926 nophon,
2316 3853 2375 3908 in
2401 3853 2615 3927 ,Exped.
2647 3852 2804 3927 Cyri;
2835 3861 3035 3927 narrat
3085 3852 3474 3927 enim—copias
3534 3856 3666 3913 illas

2022 3924 2252 3982 venisse
2285 3927 2354 3980 ad
2390 3925 2632 3979 ﬂuvium
2654 3924 2926 3990 Chalum,
2949 3926 3187 3999 plenum
3209 3924 3556 3999 magnorum
3583 3929 3666 3997 pi-

2024 4000 2210 4055 scium
2245 4015 2310 4052 ao
2344 4001 2810 4070 mansuetorum,
2843 4014 2992 4070 quos
3024 3997 3152 4070 Syri
3184 3997 3333 4054 deos
3375 4005 3666 4070 putarent,

2023 4087 2128 4126 nec
2159 4070 2419 4124 sinerent
2451 4067 2677 4134 violari;
2712 4069 2866 4138 quod
2890 4067 3417 4125 etiam—tribuebant
3442 4067 3666 4126 columé

2025 4143 2135 4196 bis.
2171 4141 2385 4208 Cicero,
2420 4156 2484 4194 ιιι
2515 4141 2587 4194 De
2615 4144 2730 4193 nat.
2763 4139 2985 4195 deorum
3023 4156 3034 4194 :
3078 4142 3279 4195 Pisrem
3323 4145 3457 4208 Syri
3506 4157 3670 4196 vene-

2025 4218 2248 4268 rantur.
2281 4211 2652 4284 Porphyrius,
2683 4209 2791 4284 lib.
2829 4228 2883 4284 ιν
2913 4210 3040 4283 Περὶ
3083 4210 3325 4284 ἀποχῆς,
3365 4209 3669 4284 Menandri

2024 4283 2296 4338 commici
2329 4280 2536 4338 versus
2560 4283 2744 4353 ponit,
2766 4280 3311 4353 quibus'exponitur
3334 4280 3668 4353 quobumi-

2026 4355 2208 4410 litatis
2239 4351 2598 4408 descendunt
2628 4353 2778 4424 Syri,
2813 4358 2878 4406 ut
2909 4351 3087 4406 deum
3117 4351 3366 4421 placent,
3418 4351 3479 4424 si,
3519 4351 3666 4424 forte

2025 4426 2342 4496 aliquando
2375 4422 2799 4496 incontinentis
2829 4423 2996 4496 ducti
3021 4424 3237 4496 piscem
3283 4422 3664 4476 comederint.

2023 4491 2288 4553 ConLiac'r.
2322 4525 2391 4537 -ο
2423 4496 2586 4551 Conf.
2620 4495 2910 4549 Diodorus
2941 4491 3080 4557 Sic.,
3114 4491 3216 4548 lib.
3248 4508 3308 4546 Il.

2097 4569 2210 4638 (39)
2242 4564 2426 4638 Αὖθις.
2459 4566 2687 4622 Omitiit
2719 4567 2855 4618 Nov.

2097 4632 2208 4710 (40')
2238 4637 2452 4711 Λίχνοι.
2485 4638 2656 4692 Recte
2695 4633 3068 4711 posteriores
3120 4632 3453 4711 Clementis
3492 4636 3662 4711 editt.

2026 4703 2214 4782 λίχνοι
2245 4703 2483 4782 habent:
2504 4706 3226 4782 quamlectionemtirmat
3247 4706 3412 4773 Nov.,
3438 4703 3666 4782 λύχνοι,

2024 4774 2198 4844 Flor.
2217 4781 2371 4852 Sylb.
2391 4774 2676 4852 Tatianus
2697 4774 2928 4852 λίχνους
2943 4776 3032 4852 καὶ
3056 4776 3301 4838 ἀσώτους
3321 4774 3664 4852 voc_at,p.48_.

2095 4854 2206 4922 (41)
2258 4845 2728 4922 ’Παρὰ-,Κυθνίοις
2765 4845 2893 4920 ’μὲν
2927 4845 3173 4920 Ἔδημον
3199 4892 3211 4905 .
3497 4845 3669 4922 Δ’παρὰ

2026 4915 2282 4985 Κυθνίοις
2315 4915 2516 4990 Μενέδη
2531 4941 2654 4992 μον.
2694 4915 2834 4976 Item
2867 4937 3021 4992 mox,
3051 4915 3154 4989 pro
3179 4920 3328 4992 παρὰ
3349 4915 3395 4972 δ’
3427 4915 3668 4980 Ἠλείοις

2031 4995 2236 5059 Ἀνίον,
2265 4989 2579 5067 legendum
2609 4991 2754 5067 παρὰ
2783 4989 3486 5067 ΔηλίοιςλνΑνιονέΑηίυφ
3519 5000 3672 5067 certe

2029 5067 2151 5121 Deli
2186 5072 2243 5120 et
2273 5082 2467 5138 regem
2504 5065 2795 5138 l‘uisse,ret
2837 5066 3220 5138 sacerdotem,
3281 5081 3348 5138 ex
3401 5065 3671 5138 Dionysio

2026 5135 2470 5192 Hnlicarnaéseo
2503 5135 2817 5207 et.Virgilio
2845 5136 3068 5191 clarum
3101 5143 3209 5205 est;
3244 5153 3312 5190 ex
3336 5135 3462 5207 ipso
3495 5135 3670 5207 etiam

2025 5209 2323 5264 Clemente
2337 5209 2509 5264 infra.
2525 5203 2960 5263 Summa—Et
2979 5203 3216 5279 quidem
3235 5203 3550 5279 Μενὲδυμον
3566 5206 3668 5279 δατ

2027 5281 2122 5334 bet
2159 5280 2326 5347 Nov.;
2358 5280 2533 5344 unde,
2568 5280 2712 5347 quin
2745 5277 3011 5334 Clemens
3035 5280 3115 5334 ita
3157 5277 3480 5350 scripserit,
3513 5277 3668 5333 haud

2025 5358 2218 5420 potest
2249 5351 2530 5406 dubitari.
2565 5351 2850 5405 Caeterum
2879 5351 2950 5405 de
2974 5350 3142 5418 Auio,
3174 5349 3494 5404 Eliensium
3540 5351 3667 5417 deo,

2024 5423 2142 5477 hinc
2174 5424 2317 5477 dicit
2349 5423 2606 5487 Vossius,
2637 5423 2710 5477 De
2735 5425 2874 5491 orig.
2907 5432 2960 5477 et
2985 5437 3253 5492 progress.
3292 5421 3448 5484 idol.,
3495 5421 3596 5476 lib.
3631 5439 3670 5493 l,

2023 5511 2150 5564 cap.
2190 5496 2273 5550 l3:
2305 5518 2331 5544 ‹‹
2367 5493 2625 5548 Elienses
2656 5494 2871 5548 Anium
2921 5510 3022 5564 pro
3079 5494 3188 5547 deo
3251 5493 3528 5556 habuere,
3589 5497 3676 5549 te-

2022 5572 2109 5619 ste
2138 5566 2460 5632 Clemente,
2495 5565 2884 5619 Admonitione
2915 5564 2985 5618 ad
3013 5568 3214 5634 gentes.
3250 5564 3358 5618 Sed
3385 5580 3517 5618 cum
3543 5581 3677 5621 con-

2020 5639 2242 5690 ditnres
2273 5637 2510 5691 urbium
2547 5635 2772 5690 soleant
2791 5637 2847 5689 in
2866 5637 3006 5690 deos
3021 5634 3511 5704 referri,suspicio
3527 5636 3677 5693 mihi

2020 5709 2246 5771 oborta,
2283 5708 2466 5762 Alium
2499 5707 2612 5778 legi
2643 5707 2874 5762 debere.
2910 5705 3054 5760 Nam
3085 5707 3369 5778 Elior_um_
3400 5707 3541 5778 urbs
3598 5710 3676 5764 ab

2020 5780 2167 5846 Elio,
2200 5779 2318 5835 sive
2357 5779 2506 5848 Alio,
2538 5773 2795 5845 condita;
2828 5779 2982 5832 unde
3007 5781 3066 5831 et
3096 5777 3207 5846 ipsi
3232 5775 3441 5828 Dorice
3465 5773 3678 5836 Plauto
