4064 6204
82 5234 103 5445 l

257 302 346 357 H5
1484 301 1873 358 οοΗοιιτΑΤ]

1988 303 2079 355 AD
2114 300 2417 365 GBNTES.

3556 310 3660 365 146

249 423 362 492 ἴλης
386 423 665 492 αἷσθητῆς
695 421 984 493 αἲσθητόψ
1008 424 1204 493 νοητὸν
1246 421 1302 478 δὲ
1346 423 1409 478 τὸ
1459 419 1686 496 ἄγαλμά
1727 421 1869 477 ἐστιν

2005 428 2107 479 aut
2137 423 2530 491 daemonibus,
2551 425 2673 492 sed,
2701 443 2769 481 ex
2799 428 3013 498 quibus
3039 433 3315 485 constant
3338 433 3659 489 simulacra

237 513 423 579 ὁΘεός,
455 512 486 565 ὁ
523 513 699 584 μόνος
735 511 914 575 ὅντως
957 513 1109 577 Θεός.
1144 513 1241 568 Καὶ
1273 510 1339 581 δὴ
1391 504 1631 585 ἔμπαλιν
1682 512 1733 567 ἐν
1787 513 1887 566 αὐ-

229 607 334 663 ταῖς
365 621 481 655 που
526 606 656 662 ταῖς
703 604 1086 679 περιστάσεσιν
1135 603 1187 657 οἱ
1244 599 1662 674 δεισιδαίμονες,
1694 602 1747 656 οἱ
1776 605 1883 655 τῶν

227 689 382 754 λίθων
410 692 834 765 προσκυνηταὶ,
882 686 1025 767 ἔργῳ
1065 690 1325 763 μαθόντες
1374 690 1696 760 ἀναίσθητον
1747 689 1884 760 ὕλην

226 781 299 853 μὴ
330 774 537 846 σὲόειν,
564 779 746 849 αὐτῆς
777 780 1090 853 ἡττώμενοι
1140 786 1241 849 τῆς
1290 778 1498 855 χρείας,
1547 775 1887 834 ἀπόλλυνται

224 868 325 924 ὑπὸ
398 866 871 941 δεισιδαιμονίας
932 872 1393 947 καταφρονοῦντες
1455 865 1502 922 δ’
1567 866 1722 941 ὅμως
1776 871 1886 921 τῶν

224 957 582 1032 ἀγαλμάτων,
618 958 900 1034 φαίνεσθαι
936 955 995 1013 δὶ
1026 959 1103 1031 μή
1151 958 1481 1034 βουλόμενοι
1526 956 1703 1012 αὐτῶν
1736 953 1884 1017 ὅλως

227 1052 706 1123 περιορονοῦντες,
737 1046 1054 1123 ἐλέγχονται
1094 1048 1183 1102 ὑπ’
1220 1048 1402 1103 αὐτῶν
1454 1050 1564 1101 τῶν
1621 1048 1779 1115 Θεῶν,
1804 1046 1882 1107 οἷς

230 1133 293 1205 δὴ
323 1138 391 1190 τὰ
419 1136 725 1210 ἀγάλματα
773 1138 1112 1214 πεφήμισται
1146 1138 1279 1211 (51).
1334 1135 1612 1197 Διονύσιος
1660 1136 1755 1208 μὶν
1782 1136 1883 1210 γὰρ

233 1226 260 1280 ὁ
286 1225 564 1300 τύραννος,
595 1226 629 1279 ά
667 1224 954 1300 νεώτερος,
1004 1224 1286 1297 θοιμάτιον
1314 1225 1379 1280 τὸ
1409 1224 1643 1300 χρύσεον
1701 1243 1884 1298 περιε-

234 1313 460 1387 λόμενος
486 1318 588 1369 τοῦ
620 1314 746 1376 Διὸς
774 1312 827 1368 ἐν
859 1312 1107 1385 Σικελίᾳ,
1157 1312 1476 1387 προσέταξεν
1521 1312 1669 1386 αὐτῷ
1701 1312 1884 1389 ἐρεοῦν

239 1406 582 1478 περιτιθέναι,
642 1404 945 1480 χαριέντως
997 1405 1192 1480 φήσας,
1247 1408 1411 1459 τοῦτο
1463 1404 1684 1473 ἄμεινον
1744 1404 1882 1458 εἶναι

240 1498 328 1547 τοῦ
380 1493 619 1568 χρυσίου
654 1538 669 1562 ,
727 1493 818 1547 καὶ
879 1494 1069 1568 θέρους
1123 1493 1478 1571 κουφότερον,
1535 1491 1627 1546 καὶ
1685 1492 1881 1568 κρύους

244 1581 629 1656 ἇλεεινότερον,
680 1581 976 1657 Ἀντίοχος
1017 1579 1074 1637 δὶ
1121 1584 1232 1655 (52)
1281 1582 1310 1636 ὁ
1357 1580 1701 1651 Κυζικηνὸς,
1746 1581 1885 1635 ἀπο-

247 1671 503 1746 ροῦμενος
541 1670 870 1747 χρημάτων,
898 1674 997 1726 τοῦ
1028 1671 1150 1733 Διὸς
1169 1671 1235 1726 τὸ
1264 1667 1486 1746 ἄγαλμα
1527 1671 1590 1726 τὸ
1618 1674 1880 1746 χρυσοῦν,

247 1757 613 1816 πεντεκαίδεκα
656 1764 863 1836 πηχῶν
911 1760 976 1816 τὸ
1027 1760 1252 1835 μέγεθος
1305 1758 1389 1828 ὃν,
1431 1759 1723 1833 προσέταξε
1763 1777 1881 1834 χω-

251 1854 445 1916 νεῦσαι,
492 1851 576 1905 καὶ
626 1856 727 1919 τῆς
762 1848 940 1915 aha;
990 1856 1091 1919 τῆς
1139 1848 1466 1924 ἀτιμοτέρας
1491 1847 1630 1919 ὕλης
1661 1845 1883 1924 ἄγαλμα

254 1939 623 2011 παραπλήσιον
672 1937 905 2011 ἐκείνῳ,
962 1936 1221 2001 πετάλοις
1263 1937 1706 2014 κεχρυσωμὲνον,
1755 1937 1886 1993 ἁνα-

254 2030 409 2083 οεῖναι
453 2027 644 2084 πάλιν.
675 2028 747 2085 Αἱ
772 2025 832 2083 δὲ
887 2025 1170 2102 χελιδόνες
1221 2030 1356 2101 (53),
1387 2027 1616 2084 καὶτῶν
1678 2026 1880 2102 ὀρνέων

254 2119 315 2171 τὰ
351 2117 596 2188 πλεῖστα,
645 2116 1053 2192 κατεξαιροῦσιν
1092 2118 1206 2190 (54)
1246 2117 1426 2172 αὐτῶν
1464 2119 1575 2172 τῶν
1630 2114 1880 2191 ἀγαλμᾶ-

253 2227 348 2262 των
395 2207 767 2280 εἰσπετόμενα,
814 2202 968 2261 οὐδὲν
1018 2205 1377 2283 φροντίσαντα
1414 2203 1539 2262 οὔτε
1567 2204 1880 2278 Ὀλυμπίου

256 2298 384 2365 Διὸς,
438 2293 561 2350 οὔτε
618 2294 971 2369 Ἐπιδαυρίου
1026 2294 1400 2367 ’Δσκληπιοῦ,
1433 2292 1560 2350 οὐδὲ
1592 2316 1699 2368 μην
1731 2296 1879 2364 Αθη-

253 2391 333 2447 νίς
380 2382 655 2447 Πολιάδος
682 2384 719 2453 ἢ
753 2382 1063 2459 Σαράπιδος
1096 2383 1421 2460 Αἰγυπτίου.
1472 2385 1602 2459 παρ’
1632 2384 1707 2438 ὧν
1756 2381 1881 2439 οὖδὶ

257 2474 425 2546 αὐτῶν)
448 2475 550 2542 τήν
579 2473 933 2545 ἀναισθησίαν
965 2477 1073 2529 τῶν
1123 2472 1456 2550 ἀγαλμάτων
1502 2471 1875 2545 ἐκμανθάνετε.

242 2562 392 2619 -Ἀλλ“
420 2563 522 2617 εἶσὶ
561 2564 658 2636 μὲν
701 2562 1003 2638 κακοῦργοί
1046 2582 1190 2624 τινες
1219 2561 1255 2631 ἢ
1303 2560 1566 2635 πολίμιοι
1622 2560 1879 2634 ἔπιθὲμε-

256 2674 348 2720 νοι,
394 2652 443 2707 οἳ
493 2651 565 2707 δι’
614 2644 1062 2727 αἰσχροκέρδειαν
1111 2649 1357 2726 ἐδῄωσαν
1403 2652 1472 2706 τὰ
1525 2650 1665 2727 ἱερὰ,
1692 2651 1782 2706 καὶ
1811 2653 1878 2706 τὰ

256 2742 555 2813 ἆνιθήματα
622 2741 894 2810 ἐσύλησαν
931 2785 945 2810 ,
1012 2744 1048 2812 ἢ
1104 2742 1194 2796 καὶ
1251 2742 1390 2796 αὐτά
1446 2740 1752 2816 ἐχώνευσαν
1809 2740 1877 2796 τὰ

253 2829 539 2905 ἀγάλματα·
588 2831 680 2886 καὶ
722 2830 768 2885 εί
809 2825 1108 2904 Καμϐύσης
1320 2851 1429 2901 τις,
1477 2831 1513 2901 ἢ
1556 2835 1806 2905 Δαρεῖος,
1836 2829 1873 2900 ἢ

249 2918 399 2981 ἄλλος
452 2920 782 2993 μαινόμενος
829 2923 1056 2974 τοιαῦτά
1108 2920 1240 2975 ἄττα
1278 2917 1654 2995 ἐπεχείρησεν,
1696 2919 1784 2975 καὶ
1827 2918 1873 2974 εί

246 3007 327 3061 τὸν
372 3007 674 3083 Αἰγύπτιόν
725 3028 810 3069 τις
856 3005 1160 3064 ἀπέκτεινεν
1221 3009 1411 3077 Ἀπιν,
1441 3006 1589 3083 γελῶ
1642 3009 1756 3080 μὶν,
1788 3008 1870 3062 ὅτι

243 3097 323 3150 τὸν
354 3099 465 3161 θεὸν
514 3095 824 3153 ἀπέκτεινεν
875 3097 1075 3169 αὐτῶν,
1122 3096 1410 3172 ἀγανακτῶ
1457 3093 1537 3166 δὲ,
1568 3095 1613 3152 εί
1643 3094 1872 3173 κέρδους

2003 518 2174 567 [ενι-ω
2205 517 2263 566 et
2289 512 2542 567 artificio
2578 516 2922 584 persolvunt
2952 518 3036 581 hi,
3068 520 3168 589 qui
3230 518 3370 575 deos
3410 522 3653 578 faciunt.

1997 603 2140 656 Nam
2170 601 2331 656 aliud
2363 607 2521 656 certe
2554 602 2703 656 nihil
2750 611 2840 658 est
2887 606 3294 672 simulacrum,
3325 626 3502 679 quam
3562 612 3656 665 in-

1996 691 2197 745 anima
2218 696 2394 759 terra,
2416 692 2511 746 cui
2541 693 2787 747 artificis
2818 710 3030 750 manus
3050 696 3300 752 formam
3324 698 3651 770 impressit.

1995 779 2166 851 Apud
2196 796 2308 837 nos
2338 786 2535 835 autem
2570 780 2728 836 haud
2780 783 3022 852 quidem
3068 800 3098 838 e
3148 786 3353 840 sensili
3401 788 3652 844 materia

1997 869 2215 925 sensile
2247 869 2655 938 simulacrum,
2687 869 2790 925 sed
2822 871 2983 943 quod
3009 873 3135 928 sola
3165 881 3363 930 mente
3396 875 3652 948 percipi-

1997 963 2113 1023 tur,
2147 962 2237 1012 est
2265 959 2440 1026 Deus,
2470 960 2571 1030 qui
2604 959 2767 1014 solus
2798 977 2932 1015 vere
2983 962 3136 1016 Deus
3192 968 3301 1019 est.
3333 966 3415 1019 Ac
3443 981 3647 1020 rursus

1996 1063 2129 1102 cum
2154 1048 2549 1119 superstitiosi
2570 1048 2657 1102 illi
2678 1050 2983 1118 mortales,
3003 1050 3105 1121 qui
3125 1050 3353 1122 lapides
3375 1052 3644 1121 adorant,

1994 1136 2301 1192 adversam
2332 1136 2630 1192 fortunam
2681 1138 2860 1210 passi,
2908 1156 2978 1194 ex
3023 1140 3153 1211 ipsa
3197 1157 3262 1195 re
3310 1140 3649 1209 didicerint,

1996 1225 2155 1295 quod
2168 1225 2418 1280 materia
2439 1242 2649 1282 sensus
2671 1244 2882 1298 expers
2901 1244 3020 1282 non
3047 1229 3124 1283 sit
3145 1229 3208 1293 is
3234 1227 3448 1283 divinis
3466 1229 3654 1283 hono-

1992 1314 2157 1369 ribus
2185 1314 2521 1381 afilcienda,
2546 1315 2675 1388 ipsa
2694 1318 3046 1373 necessitate
3067 1323 3127 1373 et
3147 1317 3474 1390 indigentia
3488 1319 3647 1386 victi,

1993 1408 2156 1457 metu
2176 1402 2339 1457 falsas
2361 1402 2665 1475 religionis
2686 1405 2967 1460 miseram
2988 1406 3078 1461 sui
3093 1406 3392 1477 jacturam
3412 1407 3654 1478 patiun-

1993 1497 2126 1559 tur;
2162 1497 2221 1547 et
2248 1509 2385 1548 cum
2415 1493 2734 1550 simulacra
2752 1500 3157 1563 contemnant,
3183 1512 3252 1551 ea
3282 1501 3482 1551 tamen
3503 1513 3650 1553 con-

1993 1586 2257 1637 temnere
2269 1581 2452 1637 videri
2471 1582 2683 1651 nolint,
2699 1584 2963 1654 ipsorum
2981 1584 3252 1651 deorum,
3272 1602 3525 1657 quorum
3544 1603 3649 1641 no-

1992 1670 2254 1726 minibus
2273 1672 2560 1743 inscripta
2578 1679 2736 1735 sunt,
2762 1673 3106 1729 infortuniis
3130 1680 3189 1729 et
3207 1674 3645 1730 calamitatibus

1990 1765 2337 1831 arguuntur.
2372 1762 2516 1816 Nam
2539 1761 2853 1832 Dionysius
2874 1767 3163 1835 tyrannus
3175 1763 3404 1834 junior,
3432 1780 3567 1819 cum
3584 1764 3646 1818 in

1994 1848 2193 1903 Sicilia
2213 1864 2454 1904 auream
2484 1854 2707 1905 vestem
2736 1850 2857 1905 Jovi
2888 1850 3265 1918 detraxisset,
3286 1852 3471 1924 jussit
3507 1869 3646 1909 eum

1992 1935 2162 1991 indui
2194 1937 2387 2003 lanea,
2404 1937 2592 1992 facete
2619 1938 2845 2006 dicens,
2861 1955 2995 1995 eam
3012 1956 3119 1995 esse
3139 1957 3309 1995 aurea
3329 1943 3605 1997 meliorem
3628 1958 3649 1996 :

1990 2032 2053 2079 ut
2071 2042 2193 2095 qua:
2209 2032 2339 2081 esset
2351 2033 2542 2081 aestate
2562 2027 2747 2093 levior,
2772 2034 2826 2081 et
2842 2028 3015 2082 hieme
3034 2029 3286 2084 calidior.
3317 2030 3646 2085 Antiochus

1991 2120 2190 2171 autem
2244 2114 2581 2186 Cyzicenus,
2610 2132 2744 2171 cum
2786 2122 2985 2188 egeret
3029 2118 3304 2189 pecunia,
3344 2119 3498 2173 Jovis
3541 2135 3649 2174 au—

1989 2218 2153 2259 ream
2203 2208 2479 2272 statuam,
2522 2220 2654 2275 quaa
2712 2205 3055 2275 quindecim
3115 2206 3452 2262 cubitorum
3497 2212 3646 2275 erat,

1988 2290 2157 2347 fundi
2179 2293 2386 2363 jussit,
2417 2298 2477 2348 et
2505 2308 2576 2347 ex
2601 2292 2718 2348 alia
2738 2293 2929 2348 viliori
2960 2295 3212 2350 materia
3251 2300 3509 2350 statuam
3558 2296 3647 2350 illi

1990 2380 2285 2448 similem,
2342 2380 2581 2436 laminis
2628 2382 2984 2444 inauratam,
3044 2382 3174 2454 ejus
3230 2384 3362 2439 loco
3413 2386 3645 2456 reponi.

1987 2469 2324 2534 Quinetiam
2354 2470 2730 2538 hirundines,
2754 2470 3006 2542 aliasque
3037 2488 3173 2527 aves
3189 2473 3645 2545 quamplurimas

1987 2557 2351 2628 advolentes,
2402 2559 2565 2615 alvos
2613 2559 2674 2614 in
2724 2560 2855 2632 ipsa
2924 2560 3243 2617 simulacra
3297 2568 3643 2631 exonerant,

1985 2647 2154 2703 nulla
2180 2646 2412 2703 ratione
2443 2647 2665 2717 habita,
2697 2655 2799 2704 aut
2845 2648 3101 2722 Olympii
3146 2651 3322 2719 Jovis,
3353 2657 3456 2709 aut
3505 2652 3646 2723 Epi-

1985 2735 2177 2791 daurii
2206 2736 2546 2808 zEsculapii,
2574 2741 2677 2792 aut
2704 2739 2973 2793 Minervas
3013 2738 3294 2807 Poliadis,
3325 2745 3428 2794 aut
3469 2740 3642 2795 Sara-

1986 2825 2140 2897 pidis
2168 2826 2458 2897 Aigyptii;
2493 2842 2527 2881 a
2560 2825 2777 2896 quibus
2829 2826 3008 2882 etiam
3039 2827 3184 2898 ipsis
3239 2844 3339 2882 vos
3385 2827 3642 2882 necdum

1983 2913 2290 2968 didecistis
2320 2914 2641 2970 simulacra
2671 2930 2800 2971 esse
2840 2931 3022 2970 sensu
3046 2915 3287 2986 penitus
3337 2916 3640 2973 destituta.

1981 3005 2419 3073 Nonnunquam
2442 3003 2619 3058 etiam
2641 3020 2676 3058 a
2697 3003 3045 3076 praedonum
3068 3004 3159 3059 vel
3177 3004 3440 3060 hostium
3461 3021 3645 3062 manu

1981 3092 2314 3163 irruptione
2344 3090 2521 3160 facta,
2555 3092 2801 3147 incensa
2833 3092 3078 3163 templa,
3109 3092 3359 3149 donaria
3388 3094 3641 3166 direpta,

242 3186 390 3262 χάριν
420 3186 802 3262 ἐπλημμὲλει.
834 3188 1009 3246 Ἐκὼν
1057 3185 1147 3243 οὖν
1199 3186 1509 3261 ἐκλήσομαι
1555 3184 1724 3257 τῆσδε
1774 3192 1873 3256 τῆς

1988 3182 2117 3253 ipsa
2131 3181 2310 3236 etiam
2327 3180 2647 3236 simulacra
2667 3181 2856 3251 turpis
2869 3180 3018 3236 lucri
3034 3181 3223 3253 gratia
3243 3181 3468 3252 liquata
3482 3187 3642 3238 sunt.

238 3276 555 3353 κακουργίας
587 3322 602 3348 ,
659 3276 981 3349 πλεονεξίας
1039 3272 1210 3352 ἔργα,
1265 3276 1398 3353 οὐχὶ
1464 3273 1523 3332 δὲ
1579 3273 1863 3352 ἂδρανείας

234 3365 599 3423 τῶνείδώλων
630 3366 865 3443 ἔλεγχον
894 3367 1159 3439 νομίζων.
1203 3364 1359 3423 Ἀλλ’
1416 3363 1600 3440 οὕτιγε
1648 3365 1712 3421 τὸ
1757 3369 1865 3438 πῦρ

234 3458 316 3511 καὶ
364 3457 414 3511 οἱ
470 3458 686 3529 σεισμοὶ
738 3453 1028 3532 κερδαλέοι
1059 3458 1195 3530 (56),
1240 3452 1366 3510 οὐδὶ
1415 3457 1523 3529 μὴν
1574 3449 1865 3533 φοϐοῦνται

235 3542 682 3619 ἤδοσωποῦνται,
715 3544 778 3601 οὗ
823 3544 952 3607 τοὺς
1001 3542 1281 3619 δαίμονας,
1329 3544 1397 3599 οὐ
1440 3544 1507 3602 τὰ
1553 3541 1863 3620 ὄγάλματα,

292 3681 353 3745 .ι.
379 3674 442 3727 Ρ.
475 3673 547 3727 ιδ
576 3673 686 3727 ED.
719 3672 1012 3727 PO'ITER.

227 3795 382 3853 luere
406 3817 423 3863 ;
448 3797 533 3852 sic
550 3794 1088 3867 hodiecm-istianis
1100 3793 1741 3867 nullumintelligibilis
1762 3795 1866 3851 Dei

225 3868 605 3923 simulacrum
623 3883 751 3922 esse
773 3866 1031 3939 scripsit,
1047 3865 1543 3939 sedintelligibile
1551 3865 1864 3939 duntaxat,

222 3955 355 3993 eum
383 3939 612 3995 scilicet
639 3939 729 4009 (ut
758 3938 1038 4010 equidem
1091 3938 1308 4010 sentio,
1353 3937 1491 3993 nam
1530 3938 1643 3993 hoc
1672 3954 1708 3993 a
1732 3937 1865 3992 Cle-

224 4016 415 4066 mente
469 4027 592 4066 non
642 4008 991 4081 explicatur)
1038 4008 1140 4079 qui
1171 4024 1373 4065 revera
1403 4010 1528 4081 ipse
1562 4010 1714 4064 Deus
1754 4014 1863 4077 est,

226 4081 430 4137 Filium
461 4083 565 4137 Dei
592 4082 988 4153 unigenitum.
1020 4081 1282 4153 COLLEC‘I‘.

429 4151 808 4229 praeﬁnierat.
844 4151 1328 4229 'Emmyﬂutc‘ga},
1363 4153 1499 4207 Nov.

303 4220 408 4294 (52)
429 4220 712 4298 Ἀντίοχος
848 4220 1185 4298 Arnobius,
1234 4222 1337 4278 lib.
1385 4239 1437 4298 v1
1478 4228 1684 4298 contra
1731 4224 1869 4298 Gen-

240 4300 347 4349 tes:
375 4295 706 4351 Antiochum
726 4296 1049 4365 Cyzicenum
1067 4297 1294 4363 fuerunt
1316 4295 1629 4364 quindecim
1654 4295 1869 4349 cubito-

238 4381 349 4437 rum
376 4368 478 4437 (sic
516 4367 674 4423 enim
706 4367 768 4422 in
799 4369 1065 4422 Romana
1094 4365 1353 4421 editione
1395 4370 1724 4421 correctum
1757 4368 1866 4435 est)

242 4435 408 4491 larem
435 4456 501 4492 ea:
529 4438 755 4493 delubro
783 4454 1012 4492 aureum
1039 4438 1335 4502 sustulisse,
1387 4444 1440 4491 et
1486 4454 1555 4490 ea:
1601 4454 1708 4491 cere
1738 4438 1867 4491 bra-

248 4509 415 4579 tteolis
440 4511 774 4564 substituisse
800 4513 1072 4578 fucatam.
1110 4508 1241 4563 Fuit
1266 4507 1363 4562 hic
1394 4508 1721 4563 Antiochus
1747 4509 1859 4579 Sy-

255 4575 342 4651 ιξίω
382 4597 494 4647 rex,
540 4581 753 4636 Sidetis
801 4575 1008 4646 illius;
1052 4579 1435 4651 regnavitque
1473 4595 1675 4651 annos
1709 4575 1857 4635 xvul.

254 4647 768 4730 {osephus,_An_tiq.
802 4651 905 4730 lib.
954 4647 1263 4730 Δχιιιηὶειρ.
1316 4647 1417 4730 1ς9ς
1467 4649 1755 4730 Eusebius
1805 4656 1864 4705 et

260 4717 886 4794 lustinusPaulo—post
934 4717 1157 4794 Arnbb.
1187 4717 1429 4794 secutus
1462 4727 1554 4778 est
1598 4721 1867 4794 Clemens

266 4794 378 4865 tem,
405 4797 497 4865 qui
525 4801 664 4850 ante
709 4792 918 4849 tribuit
936 4792 1161 4864 juniori
1196 4793 1473 4865 Dionysio
1507 4835 1521 4861 ,
1580 4793 1738 4865 quod
1770 4793 1871 4848 alii

266 4864 467 4946 seniori.
512 4865 728 4946 _Deide,
763 4871 853 4946 _u_t
897 4869 1062 4946 notat
1117 4866 1185 4946 Ρἶ
1216 4864 1527 4946 Victbrius,
1561 4864 1693 4946 _lib.
1753 4882 1870 4946 xxi,

265 4947 368 5059 (περ.
397 4940 473 5003 10,
504 4938 730 5003 Cicero,
763 4936 866 4992 lib.
902 4952 958 4990 ιιι
988 4938 1061 4991 De
1089 4942 1209 5017 nat.
1466 4936 1525 4990 id
1555 4936 1777 4991 factum
1808 4936 1871 4991 in

262 5002 325 5081 Pe
347 5023 630 5088 oponneso
661 5009 767 5088 ait:
798 5008 1073 5088 Clemens
1103 5023 1163 5061 Ill
1212 5006 1412 5088 Sicula
1442 5024 1456 5062 :
1509 5007 1619 5088 sed
1643 5023 1872 5088 vereor,

261 5072 442 5147 inquit,
470 5099 543 5136 ne
574 5081 685 5163 hoc
717 5080 790 5134 Μ.
840 5072 1028 5161 Tullio
1058 5077 1429 5162 imposuerit,
1464 5077 1624 5160 quod
1668 5072 1872 5159 legens

263 5144 353 5202 hoc
380 5151 581 5206 factum
613 5168 675 5206 in
724 5151 863 5206 fano
907 5152 1059 5206 Jovis
1110 5149 1386 5206 Olvmnu.
1419 5149 1493 5203 ob
1524 5147 1872 5206 dianitatem

263 5159 353 5202 hoc
380 5159 581 5207 factum
613 5159 675 5206 in
724 5159 863 5206 fano
907 5159 1059 5206 Jovis
1110 5159 1386 5220 Olympii,
1419 5159 1493 5203 ob
1524 5159 1886 5222 dignitatem.

261 5217 635 5302 Peloponnesii
662 5222 805 5302 fani
829 5222 1050 5302 putarit
1078 5220 1136 5274 id
1168 5220 1871 5302 in_Pe.lop_onne.s.o_com-

260 5291 490 5370 missum.
514 5294 632 5370 Sed
658 5295 719 5348 in
750 5291 951 5349 Sicilia
969 5307 1202 5370 quoque
1219 5292 1373 5347 lovis
1394 5291 1647 5370 Olympii
1669 5291 1871 5370 fanum

255 5359 408 5419 fuisse
436 5368 494 5422 T.
520 5367 712 5421 Livius
758 5371 963 5419 auctor
988 5359 1235 5428 'est,'lib.
1270 5380 1400 5418 XXIV
1426 5380 1440 5429 ;
1467 5359 1870 5419 'et‘Diodorus

256 5431 474 5493 Siculus.
521 5437 791 5505 Liberalis
846 5437 1095 5505 Dionysii
1132 5434 1307 5505 vertit
1348 5436 1636 5505 Hervetus
1692 5435 1868 5505 paulo

252 5512 362 5578 post
404 5510 581 5564 ϐιαιο.
633 5503 896 5561 Διονύσου
942 5503 1040 5560 τοῦ
1080 5503 1465 5578 Ἐλευθερέως.
1522 5503 1863 5561 Arnobius:

256 5576 336 5630 tibi
360 5581 512 5636 Liber
540 5579 890 5635 Eleutherius
918 5596 1039 5634 cum
1068 5576 1358 5632 Athenis?
1388 5578 1474 5633 Ab
1510 5578 1864 5645 Eleutheris,

250 5647 368 5705 urbe
398 5653 654 5722 Boeotia,
681 5649 853 5722 cujus
882 5650 1022 5722 civis
1062 5645 1424 5722 Ἐλευθερεύς.
1457 5650 1721 5705 ϐοιιιτοτ.

301 5722 400 5797 (53)
429 5724 498 5780 Ai
528 5720 590 5776 δὲ
618 5718 1326 5797 χελιδόνεςηΤοιειιΠΙὶἃιιζ,
1356 5722 1553 5797 ᾼροιη
1581 5737 1709 5792 cap.
1764 5723 1862 5774 l2:

301 5738 400 5796 (33)
429 5738 498 5780 Λι
528 5738 590 5776 σε
618 5738 924 5797 χεΑιοονες.
958 5738 1326 5785 'iertuiuan.,
1356 5738 1553 5847 ,έὲροιη
1581 5738 1709 5792 cap.
1764 5738 1862 5774 xz:

236 5792 399 5864 Igitur
425 5798 474 5850 si
514 5802 753 5863 statuas,
811 5799 865 5847 et
919 5794 1186 5861 imagines
1234 5795 1373 5861 frigi
1413 5808 1472 5846 as
1522 5799 1863 5847 mortuorum

1976 3270 2142 3336 Quod
2171 3270 2221 3325 si
2252 3269 2573 3341 Cambyses
2609 3269 2848 3341 aliquis,
2868 3269 2958 3324 vel
2980 3269 3212 3337 Darius,
3235 3270 3459 3325 aliusve
3480 3272 3645 3342 quis-

1976 3361 2136 3433 piam
2158 3360 2405 3416 insanus
2427 3358 2773 3431 hujusmodi
2793 3357 3027 3414 facinus
3047 3358 3291 3431 aliquod
3305 3360 3639 3427 tentaverit,

1977 3450 2079 3504 16
2110 3453 2214 3505 aut
2242 3448 2577 3527 .Egyptium
2625 3448 2780 3520 Apin
2837 3448 3345 3520 occideritzquod
3398 3448 3640 3520 quidem

1977 3539 2241 3610 ipsorum
2273 3537 2451 3593 deum
2500 3536 2803 3603 occiderit,
2838 3536 3025 3592 risum
3081 3536 3227 3592 mihi
3259 3542 3591 3593 commovet
3616 3561 3641 3619 ι

1975 3813 2197 3851 suorum
2244 3797 2569 3861 simillimas,
2638 3812 2748 3850 non
2799 3796 3112 3863 adoramus,
3178 3812 3315 3863 quas
3370 3797 3544 3863 milvi,
3585 3804 3639 3851 et

1976 3884 2173 3933 mures,
2196 3875 2261 3922 et
2301 3884 2518 3923 aranea:
2561 3868 2906 3937 intelligunt,
2959 3883 3140 3922 nonne
3189 3868 3406 3922 laudem
3460 3872 3638 3938 magis

1976 3956 2144 4009 quam
2180 3955 2401 4009 pcenam
2454 3939 2766 3993 merebatur
2812 3940 3105 4008 repudium
3152 3940 3336 4007 agniti
3387 3942 3640 3994 erroris?

1977 4010 2280 4077 Minutius,
2314 4010 2547 4066 Octavio
2574 4026 2586 4063 :
2619 4012 2837 4075 Quanto
2857 4012 3037 4065 verius
3066 4010 3133 4064 de
3163 4010 3271 4063 diis
3300 4013 3493 4064 vestris
3516 4013 3638 4065 ani-

1976 4082 2149 4136 malia
2173 4088 2329 4135 muta
2357 4082 2698 4136 naturaliter
2718 4081 2982 4150 judicent
3008 4084 3036 4136 ?
3056 4098 3256 4147 mures,
3287 4081 3632 4147 hirundines,

1977 4155 2153 4219 milvi,
2176 4169 2287 4207 non
2317 4155 2520 4209 sentire
2560 4169 2647 4208 eos
2676 4156 2876 4218 sciunt,
2927 4153 3153 4219 rodunt,
3195 4153 3499 4217 inculcant,
3547 4156 3639 4206 in-

1977 4225 2180 4292 sident,
2213 4241 2277 4279 ac
2307 4226 2416 4279 nisi
2443 4225 2704 4293 abigatis,
2739 4226 2799 4278 in
2838 4226 2956 4293 ipso
2984 4224 3074 4277 dei
3104 4226 3271 4278 vestri
3320 4240 3414 4277 ore
3442 4224 3638 4291 nidiﬁ-

1979 4302 2128 4363 cant,
2161 4300 2273 4351 etc.
2306 4295 2473 4352 Conf.
2508 4295 2827 4359 Arnobius,
2858 4293 2962 4349 lib.
2996 4312 3047 4348 γι
3082 4310 3095 4360 ;
3137 4293 3493 4363 Lactantius,
3528 4293 3632 4347 lib.

1980 4384 2040 4433 ιι,
2064 4361 2192 4438 cap.
2229 4369 2301 4433 4;
2360 4367 2746 4438 Augustinus,
2776 4368 2835 4419 in
2858 4365 3059 4438 psalm.
3106 4361 3503 4438 cxiuzsimile
3544 4369 3637 4419 est

1980 4384 2040 4433 ιι,
2064 4383 2192 4438 cap.
2229 4383 2301 4433 ιη
2360 4383 2446 4422 All
2488 4383 2746 4431 usunus,
2776 4383 2835 4419 ιη
2858 4383 3059 4436 psatm.
3106 4383 3258 4418 cxm.
3300 4383 3503 4417 annue

1980 4438 2129 4493 illud
2158 4437 2380 4494 Horatii
2412 4383 2515 4493 Ιίῗ).
2550 4455 2589 4507 ι,
2622 4443 2730 4493 sat.
2764 4439 2822 4503 8,
2853 4453 3002 4491 vers.
3036 4436 3123 4498 37,
3154 4436 3232 4488 De
3270 4436 3476 4502 Priapo
3507 4450 3526 4487 :

1898 4520 1944 4584 Β
2049 4544 2286 4598 Mentior
2333 4550 2392 4598 at
2435 4546 2482 4597 si
2520 4542 2676 4613 quid,
2728 4540 2930 4595 merdis
2976 4544 3143 4608 caput
3192 4540 3452 4608 inquiner
3495 4538 3634 4593 albis

2048 4616 2365 4669 Corvorum.

2052 4721 2163 4803 (54)
2216 4719 2681 4803 Κατεξαιροῦσινκ.
2711 4717 2877 4803 Quod
2917 4715 3182 4803 ‘saapiu‘s‘
3239 4714 3463 4803 dictum
3521 4720 3635 4780 est,

1980 4810 2035 4844 αι
2068 4787 2172 4845 ets
2197 4807 2231 4846 a
2260 4787 2518 4846 librariis
2540 4789 2823 4845 confundi
2848 4787 3143 4859 solere,id
3168 4787 3280 4843 hoc
3311 4788 3442 4843 loco
3473 4805 3637 4859 repe-

1982 4862 2227 4941 tendum
2250 4878 2427 4941 ;_nam
2458 4858 2959 4941 Clemensprocul
2983 4858 3160 4941 dubio
3184 4860 3422 4941 scripsit
3449 4858 3633 4941 κατεξ-

1980 4936 2197 5005 ερῶσιν,
2228 4932 2411 4988 alvum
2439 4930 2837 5005 exonerantin
2865 4930 3190 5005 simulacra
3219 4946 3234 4986 :
3268 4930 3354 4986 sic
3373 4932 3435 4985 in
3464 4932 3635 4986 Ranis

1980 5000 2405 5076 Aristophanes
2433 5000 2831 5076 naturai-:th
2864 5000 3182 5076 Ἑκαταίων.

2047 5078 2162 5157 (
2180 5069 2509 5157 Ἑαμόιξσης.
2535 5069 2865 5157 Herodotus
2885 5074 2989 5129 lib.
3013 5073 3305 5157 urrei‘erf,
3333 5074 3631 5157 quomodo

1979 5145 2297 5221 Cambyses
2355 5149 2508 5221 Apin
2560 5147 2891 5221 Egyptium
2931 5145 3230 5221 occiderit.
3266 5145 3419 5211 Quin
3449 5147 3629 5203 etiam

1981 5220 2123 5275 satis
2167 5217 2377 5275 notum
2407 5217 2517 5286 est,
2550 5217 2961 5291 PersaSLcum
3006 5217 3630 5291 _Grzeciamgoppugne-

1978 5291 2330 5365 bant,iobvia
2354 5308 2603 5365 quasque
2631 5290 2853 5365 templa
2871 5288 3235 5365 combusisse
3262 5288 3626 5365 :Cicero'lib.

1981 5381 2013 5417 ιι
2049 5367 2122 5418 De
2144 5361 2388 5434 legibus?
2415 5361 2525 5421 Nec
2553 5361 2769 5434 sequor,
2811 5361 3025 5431 inquit,
3075 5375 3262 5429 magos
3314 5362 3624 5434 Persarum,

1978 5436 2174 5504 quibus
2198 5431 2514 5491 auctoribus
2542 5431 2747 5489 Xerxes
2768 5435 3138 5558 inlﬂammasse
3170 5431 3377 5501 templa
3406 5433 3629 5488 Gracia.v

1978 5505 2204 5558 dicitur.
2232 5507 2381 5558 quod
2408 5507 2713 5558 narietibus
2729 5508 2818 5558 inc
2842 5504 3073 5558 uderent
3105 5503 3249 5558 deos.
3283 5505 3480 5558 auibus
3510 5520 3628 5558 om-

1977 5503 2204 5573 (licitur,
2232 5507 2381 5577 quod
2404 5507 2713 5577 parietibus
2729 5503 3073 5577 includerent
3105 5503 3249 5567 deos,
3283 5505 3480 5571 quibus
3510 5520 3628 5558 om-

1974 5580 2071 5631 nia
2100 5576 2357 5633 deberent
2387 5576 2496 5633 esse
2518 5579 2775 5649 patentia
2804 5583 2857 5649 et
2885 5576 3076 5649 libera.

2046 5650 2158 5723 (5Q)
2183 5649 2434 5723 _2_swp.oi
2482 5643 2768 5723 κερδαλὲοι
2789 5717 2799 5723 _
2822 5645 3115 5723 Lowt_hi_u_s
3156 5645 3377 5723 mavult
3406 5643 3621 5713 σεισμοὶ

1972 5712 2320 5794 σμερδαλέοι.
2340 5712 2559 5794 ’νθινιιιῑί
2590 5717 2847 5789 σεισμοὺς
2869 5712 3198 5794 κερδαλξους
3217 5716 3385 5781 dixit,
3417 5712 3622 5786 quem-

1972 5789 2290 5849 admodum
2312 5792 2488 5864 panlo
2520 5797 2654 5863 post
2680 5794 2788 5863 πῦρ
2820 5789 3154 5863 σωφρονοῦν.
