4064 6204
342 259 444 315 159

1561 250 1979 311 CLEMENTIS
2014 254 2516 311 ALEXANDRINI

3646 251 3754 305 160

341 399 587 454 quaeun
620 379 932 452 participat
959 381 1194 433 nostros
1225 378 1491 443 affectus,
1545 381 1603 432 et
1649 393 1754 447 pro
1805 376 1976 431 nobis

2104 374 2348 444 ἀνάοηςια
2404 374 2702 450 γεγόναμεν
2732 379 2811 445 τῷ
2840 378 2957 447 Θεῷ
3002 374 3134 448 ὑπὲρ
3180 374 3439 449 Χριστοῦ·
3473 374 3636 443 ἡμεῖς
3683 376 3748 424 τὸ

339 474 757 533 commovetur,
792 466 1111 539 imaginem
1145 467 1245 521 Dei
1268 465 1985 520 circumferimns.Christi

338 559 525 631 gratia
553 559 667 610 Deo
697 555 1026 610 consecrati
1060 571 1283 610 sumus.
1346 556 1461 609 Nos
1516 570 1686 622 genus
1733 554 1983 620 electum,

336 645 519 714 regale
545 643 937 711 sacerdotium,
960 660 1091 712 gens
1132 651 1347 710 sancta,
1387 641 1630 712 populus
1681 657 1843 711 quem
1875 641 1985 696 sibi

338 739 490 791 Deus
515 742 579 789 ut
611 737 906 805 proprium
936 735 1205 802 vindicat,
1236 736 1334 804 qui
1363 734 1643 803 quondam
1672 749 1784 788 non
1810 748 1987 803 popu-

343 827 444 893 lus,
475 842 623 880 nunc
673 832 859 879 autem
901 824 1144 894 populus
1192 825 1291 878 Dei
1317 838 1522 878 sumus
1544 823 1631 890 ²²;
1666 823 1790 894 qui,
1820 827 1887 878 ut
1905 823 1990 877 ait

336 918 590 971 Joannes
619 914 684 982 ⁸³,
733 930 855 968 non
911 930 1116 969 sumus
1164 930 1233 968 ex
1283 915 1516 983 inferis;
1551 912 1656 968 sed
1687 913 1759 968 ab
1791 929 1859 966 eo
1891 914 1988 985 qui

337 1021 570 1074 superne
596 1005 748 1058 venit
771 1003 1028 1072 ",omnia
1055 1002 1372 1058 didicimus
1392 1002 1472 1056 ²⁸ε
1498 1002 1599 1072 qui
1623 1002 1724 1056 Dei
1748 1001 1990 1072 dispen-

341 1094 631 1148 sationem
663 1090 961 1163 cognitam
1008 1095 1187 1161 atque
1233 1097 1605 1163 perspectam
1651 1090 1985 1157 habemus;

339 1182 462 1252 qui,
495 1180 775 1251 denique,
809 1178 882 1234 ad
913 1179 974 1234 id
1007 1197 1215 1235 sumus
1247 1181 1510 1248 exerciti,
1544 1184 1612 1234 ut
1655 1182 1713 1234 in
1743 1181 1991 1234 novitate

338 1273 465 1325 ritze
491 1268 826 1323 ambulemus
853 1270 917 1324 “.
956 1269 1121 1324 Haud
1152 1274 1353 1325 tamen
1383 1268 1593 1324 eodem
1619 1268 1821 1323 animo
1853 1268 1991 1323 sunt

344 1358 539 1414 allecti
569 1373 783 1430 magna
804 1375 943 1430 pars
964 1358 1295 1425 hominum,
1320 1358 1424 1414 sed
1444 1362 1605 1414 metu
1629 1358 1794 1413 omni
1812 1362 1989 1429 atque

342 1447 567 1520 pudore
594 1448 1109 1519 depositis,turpes
1121 1447 1463 1503 daamonum
1478 1448 1538 1501 in
1555 1449 1845 1502 Venerem
1856 1462 1993 1518 pru-

340 1538 491 1592 ritus
511 1536 673 1593 domi
692 1554 812 1592 suae
835 1535 1181 1609 depingunt.
1204 1535 1439 1599 Adeo»!
1459 1536 1620 1592 enim
1644 1535 1826 1592 dediti
1854 1541 1993 1590 sunt

340 1626 617 1693 lascivia),
632 1629 698 1680 ut
720 1625 893 1696 pictis
913 1625 1269 1697 quibusdam
1287 1624 1522 1681 tabellis
1544 1641 1575 1680 e
1593 1624 1836 1680 sublimi
1857 1640 1991 1679 sus-

340 1715 543 1786 pensis
563 1713 856 1769 thalamos
896 1729 1035 1769 suos
1066 1718 1300 1781 ornent,
1333 1718 1392 1769 et
1422 1712 1853 1785 impudicitiam
1881 1729 1988 1783 pro

338 1804 557 1876 pietate
580 1803 986 1869 habeant.Quo
1007 1803 1165 1869 fit,ut
1193 1804 1256 1858 in
1285 1803 1468 1858 cubili
1483 1804 1753 1875 jacentes
1770 1801 1990 1857 nudam

340 1895 509 1949 illam
531 1895 842 1961 Venerem,
858 1910 989 1964 quae
1010 1894 1072 1948 in
1091 1892 1382 1948 adulterio
1399 1892 1652 1948 vinculis
1673 1892 1993 1948 constricta

342 1984 581 2051 dicitur,
607 1998 747 2038 suos
763 1983 920 2037 inter
939 1983 1282 2054 complexus
1302 1980 1801 2053 respiciant.Quin
1813 1979 1992 2035 etiam

341 2071 725 2127 libidinosam
773 2070 939 2127 illam
986 2086 1153 2126 avem
1196 2069 1411 2126 Ledam
1470 2068 1992 2125 circumvolantem

343 2162 407 2216 in
430 2160 789 2216 annulorum
818 2160 971 2231 palis
999 2159 1347 2233 depingunt,
1366 2163 1736 2229 utunturque
1758 2157 1990 2230 sigillis,

347 2265 476 2320 quas
496 2249 525 2302 J
529 2249 649 2303 ovis
670 2247 1103 2319 impudicitiam
1121 2252 1550 2318 repraasentant
1565 2264 1578 2314 ;
1596 2263 1708 2302 nec
1727 2247 1903 2302 aliam
1919 2245 1992 2300 ob

350 2352 587 2392 causam
619 2336 960 2408 bujusmodi
990 2337 1252 2408 picturas
1280 2336 1595 2407 recipiunt,
1624 2352 1803 2406 quam
1834 2334 1993 2406 quod

349 2426 703 2481 effeminata:
725 2425 847 2480 sint
865 2430 1041 2497 atque
1058 2426 1471 2496 impuraa.Ha3c
1488 2430 1627 2480 sunt
1649 2424 1993 2496 voluptarius

344 2519 551 2570 vestrae
583 2531 651 2571 ac
681 2514 947 2570 delicatae
978 2514 1109 2568 vitae
1142 2513 1526 2585 exemplaria.
1561 2513 1629 2567 Hi
1659 2512 1839 2567 vestri
1870 2528 1992 2567 ser-

346 2620 575 2671 mones,
637 2603 854 2675 quibus
911 2602 1304 2674 petulantiam
1356 2601 1555 2656 divino
1589 2602 1814 2657 honore
1862 2599 1995 2656 afﬁ-

345 2693 514 2747 citis:
574 2693 685 2759 hee,
749 2691 1030 2762 denique,
1084 2691 1353 2755 deorum,
1415 2690 1517 2761 qui
1546 2706 1666 2746 una
1688 2689 1992 2745 vobiscum

347 2787 547 2853 stupro
571 2797 632 2835 se
655 2796 723 2835 ac
743 2779 977 2835 libidini
996 2779 1245 2846 dedunt,
1287 2779 1591 2835 doctrinae.
1643 2781 1789 2834 Nam
1845 2778 1995 2849 quod

344 2870 575 2941 quilibet
604 2869 743 2935 vult,
775 2870 875 2923 hoc
931 2870 1098 2923 etiam
1128 2868 1324 2935 credit,
1369 2873 1435 2923 ut
1475 2869 1559 2923 ait
1586 2873 1787 2924 orator
1813 2868 1992 2923 Athe.

343 2959 590 3013 niensis.
623 2959 912 3013 Caeterum
943 2957 1190 3028 reliqua;
1236 2962 1444 3012 vestras
1474 2956 1763 3029 imagines
1793 2956 1991 3028 cujus-

2093 462 2248 537 γένος
2305 464 2368 516 τὸ
2417 463 2693 536 ἐκλεκτὸν,
2750 466 2813 517 τὸ
2877 463 3154 539 βασίλειον
3214 463 3530 535 ἱεράτευμα,
3597 459 3753 524 ἔθνος

2097 551 2278 623 ἅγιον,
2341 548 2473 612 λαὸς
2530 552 2861 628 περιούσιοςο
2923 548 2975 606 οἳ
3028 571 3162 606 ποτε
3221 550 3283 605 ού
3337 548 3493 617 λαὸς,
3545 553 3638 603 νῦν
3692 546 3755 603 δὲ

2097 637 2229 700 λαὸς
2283 643 2381 693 τοῦ
2430 644 2589 710 Θεοῦ,
2649 642 2725 710 οἱ,
2783 641 2919 695 κατὰ
2968 641 3061 695 τὸν
3120 638 3402 710 Ἰωάννην,
3452 637 3552 693 ούκ
3598 634 3755 699 ὄντες

2095 725 2156 782 ἐκ
2206 733 2315 784 τῶν
2369 731 2518 785 κάτω
2553 773 2568 794 ,
2624 731 2771 805 παρά
2836 726 2899 785 δὲ
2948 733 3045 784 τοῦ
3104 729 3303 784 ἀνωθεν
3373 727 3632 792 ἐλθόντος
3690 726 3756 782 τὸ

2096 822 2200 872 πᾶν
2276 819 2653 891 μεμαθηκότες
2682 838 2696 852 ·
2782 819 2836 873 οἱ
2908 820 3007 889 τὴν
3084 816 3403 890 οἴκονομίαν
3462 820 3560 871 τοῦ
3617 820 3757 872 Θεοῦ

2096 911 2575 981 κατανενοηκότες,
2656 911 2708 965 οἱ
2792 907 2848 965 ἐν
2918 908 3202 979 καινότητι
3281 911 3424 977 ζωῆς
3507 927 3757 982 περιπα-

2094 1002 2207 1052 τεῖν
2270 997 2726 1071 μεμελετηκότες.
2790 996 2948 1056 Ἀλλ’
3001 999 3065 1053 οὐ
3129 1001 3299 1052 ταῦτα
3350 999 3640 1073 φρονοῦσιν
3702 997 3759 1050 οἱ

2097 1083 2305 1141 πολλοί
2339 1105 2352 1118 ⁸
2408 1086 2804 1163 ἀπορρίψαντες
2884 1084 2941 1142 δὲ
2990 1087 3090 1155 τὴν
3165 1083 3305 1141 αῖδῶ
3358 1085 3449 1141 καὶ
3501 1084 3594 1140 τὸν
3650 1083 3761 1158 φό-

2100 1169 2221 1244 ϐον,
2274 1173 2419 1231 οἷ’κοι
2468 1175 2597 1238 τοὺς
2639 1180 2747 1231 τῶν
2798 1172 3077 1248 δαιμόνων
3126 1175 3497 1251 ἐγγράφονται
3535 1192 3763 1247 πασχη-

2097 1263 2382 1337 τιασμούς.
2471 1265 2750 1327 Πινακίοις
2830 1267 2908 1337 (9)
2990 1268 3120 1339 γοῦν
3202 1284 3313 1318 τισι
3386 1261 3761 1338 καταγράφοις

2103 1353 2501 1430 μετεωρότερον
2588 1352 2986 1427 ἀνακειμένοις,
3063 1350 3510 1428 προσεσχηκότες
3592 1351 3762 1406 ἀσελ-

2098 1442 2239 1517 γείᾳ,
2289 1441 2415 1504 τοὺς
2471 1440 2757 1517 θαλάμους
2812 1444 3189 1515 κεκοσμήκασι
3223 1487 3237 1513 ,
3298 1443 3399 1510 τήν
3455 1438 3759 1496 ἀκολασίαν
3830 1430 3841 1438 ’

2100 1525 2372 1586 εὐσέϐειαν
2451 1529 2772 1604 νομίζοντες
2806 1550 2819 1564 ’
2887 1531 3019 1586 κάπὶ
3075 1535 3173 1586 τοῦ
3229 1527 3538 1602 σκίμποδος
3598 1550 3766 1584 κατα-

2098 1619 2379 1693 κείμενοι,
2437 1622 2565 1695 παρ⁹
2612 1620 2774 1682 αὐτὰς
2827 1615 2905 1675 ἔτι
2961 1620 3057 1683 τάς
3105 1616 3473 1696 περιπλοκάς,
3534 1617 3765 1696 ἀφορῶ-

2101 1729 2183 1763 σιν
2216 1707 2291 1771 εῖς
2321 1709 2421 1778 τήν
2468 1706 2797 1787 ’Δφροὸίτην
2830 1707 3064 1779 ἐκείνην,
3121 1709 3222 1777 τήν
3254 1708 3493 1782 γυμνὴν,
3523 1708 3625 1776 τὴν
3667 1705 3764 1762 ἐπὶ

2095 1803 2165 1873 τῇ
2196 1799 2494 1875 σῦμπλοκῇ
2526 1797 2840 1873 δεδεμένην·
2871 1799 2964 1855 καὶ
3005 1802 3075 1873 τῇ
3107 1796 3265 1870 Λήδᾳ
3308 1799 3760 1871 περιπετώμενον

2095 1889 2188 1943 τὸν
2221 1884 2369 1963 ὄρνιν
2413 1889 2506 1943 τὸν
2535 1888 2818 1963 ἐρωτικὸν,
2862 1895 2965 1955 τῆς
2995 1886 3308 1958 θηλύτητος
3336 1885 3735 1963 ἀποδεχόμενο

2096 1978 2197 2047 τὴν
2225 1979 2438 2055 γραφὴν
2472 1981 2607 2052 (10),
2658 1977 2995 2033 ἀποτυποῦσι
3025 1982 3146 2040 ταῖς
3196 1974 3530 2054 σφενδόναις,
3579 1996 3757 2052 σφρα-

2097 2065 2212 2143 γῖδι
2262 2068 2542 2143 χρώμενοι
2591 2066 2932 2140 καταλλήλῳ
2974 2070 3045 2141 τῇ
3080 2066 3205 2128 Διὸς
3236 2063 3523 2135 ἀκολασία,
3574 2070 3758 2121 Ταῦτα

2103 2158 2231 2230 ὑμῖν
2256 2163 2361 2226 τῆς
2391 2153 2725 2226 ἡδυπαθείας
2748 2157 2819 2211 τά
2846 2155 3149 2232 ἀρχέτυπα·
3183 2155 3338 2210 αὗται
3382 2161 3488 2225 τῆς
3535 2147 3757 2231 ὕϐρεως
3812 2214 3821 2218 _

2096 2247 2154 2300 al
2213 2243 2514 2320 θεολογίαι·
2583 2245 2738 2300 αὗται
2794 2248 2903 2300 τῶν
2937 2243 3425 2320 συμπορνευόντων
3453 2243 3582 2316 ύμῖν
3614 2245 3755 2298 θεῶν

2098 2337 2155 2391 at
2203 2333 2574 2391 διδασκαλίαι·
2608 2336 2637 2390 ὃ
2693 2336 2794 2412 γὰρ
2847 2334 3127 2411 βούλεται,
3180 2335 3330 2390 τοῦθ’
3370 2330 3598 2395 ἕκαστος
3650 2332 3750 2388 καὶ

2098 2423 2295 2495 θ’ίεται,
2350 2424 2486 2480 κατᾶ
2540 2424 2631 2480 τὸν
2690 2426 2983 2495 Ἀθηναῖον
3035 2423 3259 2500 ῥήτορα.
3310 2425 3437 2481 Οἷαι
3470 2419 3528 2478 δὲ
3558 2420 3623 2478 αὖ
3650 2420 3748 2478 καὶ

2099 2509 2266 2570 ἄλλαι
2329 2513 2482 2587 ὑμῶν
2506 2512 2748 2582 εἰκόνες;
2782 2512 3041 2568 Πανίσκοι
3077 2514 3246 2582 τινες,
3299 2513 3390 2568 καὶ
3435 2513 3636 2589 γυμναῖ
3666 2511 3765 2567 κό-

2100 2624 2213 2680 ραι,
2269 2603 2360 2658 καὶ
2419 2602 2652 2678 Σάτυροι
2714 2602 3022 2677 μεθύοντες,
3078 2602 3170 2659 καὶ
3232 2603 3436 2679 μορίων
3490 2603 3765 2674 ἐντάσεις,

2095 2698 2220 2757 ταῖς
2275 2697 2512 2769 γραφαῖς
2571 2693 3057 2768 ἀπογυμνούμεναι
3091 2735 3106 2762 ,
3173 2693 3280 2749 ἀπὸ
3336 2700 3439 2763 τῆς
3491 2692 3764 2767 ἀκρασίας

2099 2779 2490 2857 ἐλεγχόμεναι.
2539 2778 2681 2852 ’Ἠδη
2717 2778 2775 2836 δὲ
2820 2779 3125 2857 ἀναφανδὸν
3150 2788 3254 2853 τῆς
3283 2780 3580 2844 ἀκολασίας
3610 2779 3759 2854 ὅλης

2095 2870 2163 2924 τὰ
2220 2871 2482 2944 σχήματα
2539 2867 2855 2945 ἀνάγραπτα
2928 2866 3207 2943 πανδημεὶ
3278 2870 3546 2942 θεώμενοι
3580 2917 3596 2941 ,
3656 2870 3764 2927 οὐκ

2097 2957 2419 3034 αἰσχύνεσθε
2453 3004 2468 3030 ,
2521 2956 2821 3035 φυλάττετε
2877 2954 2935 3013 δὲ
2988 2956 3065 3013 ἔτι
3128 2956 3343 3032 μᾶλλον
3402 2959 3756 3033 ἀνακείμενα,

341 3049 502 3104 modi
519 3048 758 3104 tandem
772 3046 949 3103 sunt?
968 3047 1203 3103 Panisci
1224 3046 1487 3119 quidam,
1511 3053 1570 3103 et
1584 3046 1758 3103 nudaa
1778 3046 1992 3119 puellae

2104 3046 2283 3123 ὥσπερ
2312 3045 2507 3120 ἀμέλει
2529 3050 2637 3101 τῶν
2667 3050 2803 3110 θεῶν
2838 3047 2993 3119 ὑμῶν
3022 3047 3118 3109 τὰς
3147 3046 3360 3110 εἴκόνας
3384 3046 3592 3118 στήλας
3612 3048 3763 3103 ἀναι-

339 3143 396 3192 et
416 3136 563 3192 ebrii
587 3137 799 3207 Satyri,
825 3141 882 3191 et
902 3141 1101 3192 erecta
1123 3116 1562 3207 pudenda,quaa
1581 3116 1992 3207 quidem,licet

2104 3116 2364 3211 σχυντίας
2393 3136 2822 3211 καθιερώσαντες
2846 3116 3013 3206 οῖ’κοι,
3046 3135 3129 3191 ἐπ’
3168 3134 3297 3208 ’ἴσης
3354 3116 3761 3216 ἐγγραφόμενοι

338 3226 411 3282 ob
433 3225 747 3282 libidinem
768 3225 1127 3297 reprehendi
1144 3230 1714 3295 mereantur,tamen
1729 3225 1789 3278 in
1804 3224 1993 3280 tabel-

338 3315 412 3372 lis
432 3316 592 3372 nuda
613 3315 853 3387 depingi
881 3314 1256 3378 solent.Quin
1278 3314 1459 3368 etiam
1480 3313 1991 3384 universasimpu-

338 3403 554 3458 dicitim
586 3404 804 3476 figuras
834 3407 1036 3473 aperte
1067 3400 1396 3472 descriptas
1428 3400 1749 3472 publicitus
1770 3401 1990 3456 intueri

336 3490 496 3551 haud
518 3489 903 3556 erubescitis;
937 3489 1041 3546 sed
1070 3504 1391 3561 suspensas
1422 3505 1491 3544 eo
1523 3488 1867 3561 diligentius
1897 3506 1992 3544 as-

341 3579 621 3646 servatis;
656 3577 874 3649 quippe
905 3578 1007 3648 qui
1037 3578 1196 3632 velut
1247 3577 1496 3633 deorum
1525 3576 1834 3651 imagines,
1885 3578 1992 3634 has

340 3664 727 3737 impudicitia;
749 3665 1059 3721 columnas
1080 3665 1241 3720 domi
1255 3666 1644 3732 consecretis;
1668 3683 1779 3722 nec
1792 3667 1991 3722 minus

341 3754 596 3812 sollicite
627 3753 974 3808 Philaenidis
1007 3759 1224 3822 motus,
1260 3770 1438 3826 quam
1471 3754 1736 3811 Herculis
1756 3755 1993 3821 labores

342 3843 561 3898 curetis
618 3842 1043 3915 depingendos.
1105 3844 1364 3908 Quarum
1423 3860 1622 3899 rerum
1664 3861 1784 3899 non
1817 3845 1990 3900 modo

342 3951 538 4001 nsum,
569 3934 671 3990 sed
693 3933 872 3989 etiam
896 3939 1220 4005 aspectum,
1254 3938 1312 3988 et
1330 3934 1697 3989 auditionem
1718 3950 1849 3991 esse
1864 3934 1993 4006 jam

343 4024 582 4094 penitus
603 4023 1020 4091 oblitteranda,
1039 4023 1410 4078 etmemorizn
1427 4023 1741 4079 eximenda
1763 4040 1997 4079 annun-

2096 3227 2166 3281 τᾶ
2222 3222 2543 3287 Φιλαινίδος
2606 3226 2871 3301 σχήματα
2924 3227 3041 3300 (11)
3074 3269 3088 3294 ,
3147 3227 3222 3289 ὡς
3279 3227 3347 3281 τά
3418 3224 3765 3301 Ἡρακλέους

2099 3312 2415 3389 ἀθλήματα.
2476 3312 2700 3370 Τούτων
2761 3313 2824 3369 οὐ
2883 3314 3049 3387 μόνον
3086 3321 3187 3384 τῆς
3216 3316 3492 3391 χρήσεως,
3524 3316 3662 3392 πρὸς
3698 3314 3762 3373 δὶ

2097 3402 2189 3457 καὶ
2218 3408 2321 3472 τῆς
2353 3397 2533 3476 ὅψεως
2560 3402 2651 3456 καὶ
2680 3408 2778 3471 τῆς
2812 3401 2983 3472 ἀκοῆς
3031 3401 3201 3473 αὐτῆς
3245 3401 3573 3477 ἀμνηστείαν
3623 3424 3761 3459 κατ-

2100 3488 2447 3567 αγγέλλομεν
2475 3534 2490 3549 .
2545 3490 2871 3565 Ἠταίρηκεν
2937 3491 3063 3565 ὑμῖν
3115 3493 3185 3547 τά
3238 3489 3391 3566 ὦτα,
3454 3492 3761 3568 πεπορνεύ-

2099 3600 2254 3635 κασιν
2290 3581 2342 3635 οἱ
2374 3577 2674 3658 ὀφθαλμοὶ,
2706 3577 2817 3649 καί,
2847 3580 2911 3635 τὸ
2945 3580 3274 3657 καινότερον,
3333 3582 3442 3657 πρὸ
3470 3588 3568 3651 τῆς
3611 3603 3758 3656 συμ-

2099 3669 2337 3741 πλοκῆς,
2401 3671 2457 3726 al.
2487 3665 2640 3744 ὄψεις
2672 3670 2799 3744 ὑμῖν
2838 3672 3267 3747 μεμοιχεύκασιν
3295 3674 3429 3744 (12).
3460 3673 3527 3727 Ὦ
3560 3672 3762 3746 βιασά-

2104 3778 2257 3831 μενοι
2314 3759 2407 3813 τὸν
2460 3759 2770 3832 ἄνθρωπονο
2821 3757 2912 3813 καί
2966 3758 3029 3813 τὸ
3073 3756 3251 3823 ἔνθεον
3301 3757 3398 3815 τοῦ
3428 3758 3761 3834 πλάσματος

2101 3844 2344 3921 ἐλέγχει.
2407 3845 2767 3921 ’Λπάρξαντες
2800 3850 2938 3920 (13),
2969 3846 3142 3902 πάντα
3172 3848 3464 3917 ἀπιστεῖτε,
3521 3847 3612 3904 ’ἶνα
3668 3848 3760 3905 ἐκ-

2101 3933 2454 4005 παθαίνησθε,
2508 3934 2598 3990 καὶ
2656 3933 2949 4003 πιστεύητε
2992 3940 3105 4005 (14)
3157 3937 3251 4008 μὲν
3298 3941 3421 3998 τοῖς
3478 3934 3762 4009 εἰδώλοις,

2106 4027 2393 4094 ζητοῦντες
2425 4025 2535 4096 (15)
2589 4021 2767 4078 αὐτῶν
2822 4024 2923 4093 τὴν
2974 4023 3255 4099 ἀκρασίαν,
3287 4025 3563 4081 ἀπιστεῖτε
3593 4022 3650 4081 δὲ
3676 4030 3762 4098 τῷ

412 4195 476 4259 is
505 4198 567 4251 P.
603 4198 669 4251 53
699 4195 812 4253 ΕΙ).
846 4196 1138 4251 POTTER.
1182 4195 1228 4230 ³³
1257 4196 1282 4249 I
1312 4196 1467 4250 Petr.
1496 4211 1553 4263 ιι,
1585 4198 1640 4261 9,
1674 4196 1758 4251 10,
1801 4196 1846 4230 ³³
1874 4197 1992 4252 Joal

2104 4213 2189 4265 ιιι,
2223 4198 2312 4251 23.
2355 4197 2399 4240 ει
2428 4195 2576 4251 Ibid.
2607 4213 2688 4265 ιιι,
2719 4197 2807 4251 31.
2850 4195 2894 4230 ²⁸
2919 4194 3065 4251 Ibid.
3092 4212 3166 4266 ιν,
3192 4200 3279 4251 25.
3324 4197 3369 4233 ³⁸
3400 4199 3567 4254 Rom.
3599 4215 3674 4265 vx,
3702 4199 3762 4255 4.

410 4359 820 4445 (9)Ἠινακίοᾼις.
856 4369 1136 4445 Πινάκιος,
1171 4375 1308 4430 Nov.
1344 4372 1654 4445 mendose,

411 4441 526 4527 (10‘)
596 4442 1059 4527 :AnobsxépevoL
1108 4465 1160 4527 τ..
1231 4464 1282 4527 γ.
1339 4441 1826 4527 λΔποδεχόμενοι,
1895 4443 1995 4527 τὴν

2104 4372 2193 4427 καὶ
2219 4367 2621 4448 ,Ἐλεφαντίδος
2641 4375 2749 4425 τῶν
2790 4370 3044 4448 ἀῤῥήτων
3104 4370 3377 4429 ἐπινοιῶν,
3435 4374 3767 4448 Philaenidis

2106 4453 2159 4499 et
2189 4445 2573 4519 Elephantidis
2602 4445 2963 4519 infunderum
2975 4452 3449 4519 _c_ommgnt_o_rum,_
3463 4462 3595 4519 pag.
3615 4446 3650 4519 ⁸Ι
3666 4451 3761 4516 22,

341 4515 989 4599 γραφήζάποτὶυπῗΝον.
1021 4522 1105 4599 D_e_
1135 4515 1468 4599 insignibus
1489 4515 1992 4583 annulorum,etc.

2110 4518 2231 4570 123.
2253 4515 2845 4599 'Ea'qualia-fnerint,‘
2862 4515 3134 4599 explicat.
3153 4516 3361 4571 Suidas
3384 4534 3412 4599 ξ’
3434 4515 3766 4599 ’Ᾱσῐυάνεσ-

347 4587 683 4659 conf._Pazd.
717 4589 821 4659 lib.
852 4605 934 4659 ιιι,
965 4606 1015 4642 c.
1054 4592 1138 4648 il.
1171 4604 1231 4659 p.
1265 4587 1388 4641 247.

416 4656 541 4731 (11)Δ
561 4658 645 4731 Τά
673 4655 995 4731 φιλαινιδος
1027 4655 1686 4731 σχή-ιὶαταλμᾼίὶιθιιωιιε,
1729 4657 1836 4731 lib.
1881 4674 1994 4731 Ῡιιι,

348 4723 551 4803 ΡςΗβ
581 4728 809 4803 Aldinae
841 4723 1029 4803 edita:
1065 4723 1160 4782 Καὶ
1223 4723 1412 4803 βιϐλία
1440 4730 1507 4803 τά
1564 4748 1623 4803 τε
1653 4723 1995 4803 Φιλαινιδοςέ

346 4796 435 4877 καὶ
465 4797 564 4865 τήν
595 4803 691 4852 τοῦ
710 4799 1112 4877 Ἀρχεστράτου
1131 4796 1549 4877 γαστρονο-μίαν,
1582 4799 1795 4877 ὁμοίως
1830 4797 1886 4854 δὲ
1907 4800 1996 4877 καῖ

347 4869 444 4928 τάς
493 4868 1168 4955 θεραπαίναξέμπείρους
1211 4868 1452 4955 τοιῶνδε.
1497 4868 1764 4955 κινήσεών
1795 4892 1852 4955 τε
1907 4872 1999 4925 καὶ

347 4940 773 5024 σχημάτων..Ει
803 4940 978 5025 paulo
1001 4940 1171 5025 ante,
1213 4940 1623 5015 turpissimum
1655 4946 1739 5001 ait
1781 4944 1853 5000 de
1900 4961 1996 4999 re-

347 5012 457 5093 bus
473 5029 739 5093 venereis
760 5031 906 5085 opus
927 5013 1015 5093 Iul
1036 5015 1506 5093 ascriptumﬁed
1522 5016 1671 5093 falso
1703 5017 2000 5093 honestis-

350 5084 515 5138 sima)
546 5084 782 5141 feminea
800 5084 910 5157 per
930 5084 1291 5159 calumniam
1321 5086 1385 5159 id
1413 5087 1691 5144 tribuisse
1722 5088 1995 5159 Polycra-

350 5160 492 5229 tem,
519 5163 591 5229 ut
619 5162 869 5213 testatur
896 5158 1201 5221 IEscbrion
1237 5158 1487 5213 Samius.
1520 5158 1787 5213 Meminit
1834 5158 1997 5229 ejus-

351 5225 487 5281 dem
518 5227 621 5284 lib.
654 5246 711 5283 x.
746 5229 888 5284 Vide
937 5230 1003 5285 H.
1055 5229 1296 5284 Junium
1349 5229 1618 5301 proverb.
1646 5225 1999 5301 _Phila2nidis

351 5303 765 5371 commentarii.
785 5302 1050 5371 Οοιιιιατ.
1082 5299 1473 5371 Justinuqu
1515 5299 1683 5371 Apol.
1717 5304 1771 5371 2,
1803 5307 1998 5355 extre-

350 5384 449 5424 ma
481 5387 494 5424 :
524 5367 853 5442 Σωταδείοις
881 5370 970 5425 καὶ
995 5375 1115 5442 ,τοῖς
1154 5366 1583 5442 Φιλαινιδείοις,“
1598 5370 1684 5423 καὶ
1728 5368 1999 5442 ὀρχηστι-

349 5444 490 5509 κοῖς,
546 5441 635 5496 καὶ
692 5440 1112 5509 Ἐπικουρείοις,
1162 5442 1255 5496 καὶ
1283 5446 1399 5500 τοῖς
1429 5437 1628 5503 ἄλλοις
1654 5437 1773 5500 τοῖς
1801 5437 1998 5494 ’τοιού-

349 5461 490 5509 κοις,
546 5461 635 5496 και
713 5461 914 5498 rimimo
957 5461 1112 5509 ειοις,
1162 5461 1255 5496 και
1283 5461 1399 5500 τοις
1429 5461 1628 5503 αΛΛοις
1654 5461 1773 5500 τοις
1809 5461 1997 5494 τοιου-

346 5530 467 5575 τοις
494 5520 806 5588 ποιητικοῖς
864 5461 1213 5588 διὲάγμασιν·
1241 5513 1538 5588 νδοιαάίᾤ.
1570 5520 1622 5566 et
1652 5512 1997 5588 Philaenidiis

346 5591 395 5660 et
426 5584 749 5660 sqltatoriis,
783 5595 835 5642 et
864 5583 1165 5660 Epicureis,
1188 5583 1443 5660 aliisque
1459 5584 1518 5637 id
1545 5599 1715 5660 genus
1751 5586 1996 5660 poeticis

346 5601 395 5639 et
426 5601 749 5655 sauatorns,
783 5601 835 5642 et
864 5601 1165 5660 Epicureis,
1197 5601 1431 5709 ams%ue
1459 5601 1518 5637 ια
1545 5601 1715 5653 genus
1766 5601 1994 5653 poeticis

344 5658 805 5714 institutionibus.
838 5657 1106 5714 Meminit
1124 5654 1303 5709 etiam
1368 5654 1638 5711 atianus:
1674 5650 1994 5716 Φιλαινίδος

2109 4607 2195 4654 σα,
2253 4584 2478 4655 Ἑλένης
2533 4588 2633 4649 τῆς
2685 4584 2965 4640 Μενελάου
3011 4584 3328 4660 Θεράπαινα.
3377 4585 3501 4656 ἥτις
3558 4589 3760 4663 πρώτη

2105 4656 2309 4734 1i;_év
2360 4660 2428 4730 τῇ
2467 4676 2735 4734 ,συνουσιᾳ
2818 4655 3167 4734 κατακλίσεις
3195 4658 3366 4734 ἰῦρεν
3415 4658 3506 4713 καὶ
3563 4656 3767 4733 ἔγραψε

2107 4725 2231 4806 περὶ
2288 4714 2590 4806 σχημάτων
2625 4714 3147 4806 -συνουσι-αστικῶνχ
3187 4729 3249 4797 ἣν
3283 4714 3528 4806 ιὕστερον
3588 4714 3762 4806 παρε-

2110 4747 2231 4855 περι
2288 4747 2590 4802 σχημάτων
2650 4747 3129 4784 συνουσιαστικων·
3187 4747 3249 4797 ην
3310 4747 3528 4805 υστερον
3588 4751 3762 4806 παρε-

2221 4820 2371 4877 ωσαν-
2420 4797 2811 4877 Φιλαινὶςμκαὶ
2862 4800 3245 4877 Ἐλεφαν-τίνη,
3303 4802 3359 4855 αἱ
3409 4803 3477 4857 τὰ
3529 4808 3765 4877 τοιαῦτα

2107 4870 2538 4947 ἐξορχησάμεναι
2595 4870 3334 4947 ἀσελγήματαηῈιῇιιεᾴειῐι
3394 4876 3618 4930 mentio
3696 4877 3767 4931 ﬁt

2107 4943 2269 5019 apud
2322 4944 2599 5019 eumdem
2656 4963 2707 5000 v.
2741 4943 3128 5019 ’Δημοχάρης
3188 4945 3354 5000 Conf.
3414 4947 3767 5017 Anlhologia

2106 5018 2301 5085 Epigr.
2334 5015 2441 5087 lib.
2462 5034 2539 5084 ιιι,
2562 5033 2689 5087 cap.
2728 5020 2812 5073 10.

2178 5087 2291 5162 (12)
2323 5086 2389 5142 Οἱ
2423 5083 2768 5162 ὀφθαλμοὶ...
2825 5083 3283 5162 μεμοιχεύκασιν..
3330 5088 3463 5143 Ηωο
3524 5104 3555 5142 e
3611 5091 3762 5145 Nov.

2109 5155 2726 5230 exeiderunt'propter
2752 5155 2923 5230 voces
2961 5155 3436 5230 ὁμοιοτελεύτους.

2181 5231 2195 5304 (
2213 5231 2292 5297 l3)
2321 5226 2612 5304 Ἑλὲγχειῖ
2632 5226 3017 5303 Ἀπάρξαντες.
3053 5229 3389 5304 Legendum
3420 5231 3767 5304 conjuncte,

2108 5297 2326 5383 ἐλέγχει
2357 5297 2708 5375 amicissma,
2742 5297 2811 5356 eo
2830 5297 3039 5368 sensu,
3071 5297 3248 5372 quem
3272 5301 3334 5355 in
3366 5297 3635 5357 versione
3666 5297 3770 5359 ex;

2150 5388 2455 5427 reSSImus.

2107 5390 2144 5443 Ρ
2177 5440 2635 5515 (14)Πιστεύητε.
2696 5446 2763 5497 Α.
2824 5441 3121 5507 πιστεύετε,
3180 5442 3496 5499 indicativo
3552 5445 3761 5515 modo,

2106 5514 2382 5569 SYLBURG.
2415 5513 2755 5583 πιστεύηται,
2787 5518 2925 5571 Nov.

2176 5582 2636 5659 (1ἓρλΖητοῢ-ττες.
2669 5586 3000 5659 Legeneum
3041 5582 3354 5658 ζηλοῦντες,
3413 5586 3761 5659 annillantes,

2104 5656 2263 5727 quod
2292 5658 2473 5714 habet
2499 5659 2636 5713 Nov.
