3966 6192
2253 28 2330 102 Δ.
3551 4 3562 10 ‘
3625 7 3644 28 ς
3651 4 3668 16 δ
3673 4 3710 18 *γ
3729 4 3918 336 ᾐ,“Ῑ

429 370 537 424 735
1676 358 2090 417 CLEMENTIS
2128 357 2630 414 ALEXANDRINI
3677 367 3756 422 736

433 501 542 560 est,
574 495 634 548 in
666 509 845 564 quam
875 490 1032 548 beati
1093 506 1301 546 omnes
1349 487 1449 562 qui
1499 488 1817 552 intrarunt,
1859 489 1913 538 et
1969 484 2080 536 iter

2201 481 2517 553 Ἐπιστολῇ,
2566 505 2593 532 «
2627 481 2762 536 κατά
2808 481 2949 552 λέξιν
2996 483 3152 560 φησὶ,
3195 484 3288 546 τὰς
3337 481 3578 562 διαφορᾶς
3603 488 3757 544 ὲκτιθὲ-

433 601 602 639 suum
631 581 977 637 direxerunt
1008 582 1067 634 in
1100 581 1367 652 gnostica
1415 577 1746 633 sanctitate.
1780 576 1904 628 Iam
1957 573 2078 626 Cle-

2201 591 2358 642 uavoc
2387 575 2493 623 τῶν
2523 570 2658 624 κατᾶ
2687 572 2786 640 τῆν
2838 573 3165 640 Ἐκκλησίαν
3199 570 3456 645 δοκίμων’
3491 593 3514 631 υ
3561 576 3680 630 Ἢτω
3702 599 3759 639 τις

432 689 601 727 mens
633 672 693 725 in
725 671 973 741 Epistola
1003 670 1076 724 ad
1121 667 1459 734 Corinthios,
1501 667 1593 720 his
1625 664 1821 720 verbis
1865 662 2080 732 inquit,

2201 658 2404 720 πιστός·
2438 657 2556 728 ῆτω
2601 656 2826 723 δυνατός
2873 683 2958 723 τις
3009 667 3204 736 γνῶσιν
3244 661 3482 733 ἐξειπεῖν·
3509 661 3612 733 ἤτω
3639 667 3760 740 σοφὸς

433 778 738 833 exponens
765 759 1162 815 ditTerentiam
1195 774 1421 822 eorum,
1449 756 1549 826 qui
1582 760 1719 808 sunt
1758 751 1990 824 probati
2019 749 2079 803 in

2201 746 2250 802 ἐν
2279 746 2537 820 διακρίσει
2571 747 2756 824 λόγων
2787 752 2900 824 (42)
2929 747 3047 820 ﬁrm
3075 752 3274 826 γοργὸς
3306 751 3357 806 ἐν
3400 750 3567 827 ἔργοις
3618 758 3720 826 (43).
3745 780 3760 806 ο

430 850 731 906 Ecclesia:
765 872 792 900 «
827 850 910 903 Sit
939 848 1156 919 aliquis
1189 847 1406 916 fidelis,
1437 846 1514 900 sit
1537 850 1746 916 potens
1779 843 1838 896 in
1872 838 2220 911 explicanda
2245 840 2607 912 cognitione,
2642 841 2719 895 sit
2747 842 2984 912 sapiens
3017 843 3077 896 in
3109 843 3458 898 discretione
3489 861 3760 901 sermonum

435 940 512 995 sit
541 939 870 1011 stupendus
901 938 962 992 in
995 935 1294 1008 operibus.
1331 957 1358 985 »

1924 1017 2156 1071 CAPUT
2202 1018 2344 1074 VIII.

650 1118 839 1171 Artem
869 1113 1242 1185 sophisticam,
1283 1113 1528 1182 aliasque
1576 1125 1697 1180 qum
1727 1110 1784 1162 in
1814 1107 1989 1161 verbis
2021 1111 2230 1160 tantum
2257 1113 2556 1177 versentur,
2588 1125 2696 1162 non
2721 1107 2958 1179 perinde
2987 1110 3146 1164 utiles
3175 1126 3281 1164 esse
3320 1111 3593 1164 habendas.

506 1235 615 1287 Ars
649 1237 846 1286 autem
878 1229 1218 1302 sophistica,
1253 1245 1431 1300 quam
1464 1225 1668 1281 sectati
1701 1229 1840 1278 sunt
1878 1221 2082 1289 Graeci,

440 1327 723 1392 tanquam
755 1337 879 1375 rem
905 1321 1254 1392 praeclaram
1294 1324 1352 1372 et
1381 1315 1577 1387 magni
1610 1312 1963 1378 faciendam,
1997 1315 2088 1364 est

436 1416 696 1482 potestas
727 1411 1128 1479 imaginative,
1178 1407 1371 1461 verbis
1402 1405 1580 1459 falsas
1610 1403 1921 1475 opiniones
1952 1406 2080 1454 tan-

437 1516 614 1570 quam
636 1516 800 1555 veras
823 1495 1436 1571 ingenerans.Praebet
1454 1493 1615 1548 enim
1638 1492 1710 1547 ad
1724 1490 2085 1563 persuaden-

437 1589 577 1644 dum
600 1589 842 1659 quidem
865 1593 1057 1642 artem
1080 1584 1337 1644 dicendi.
1360 1583 1432 1638 ad
1455 1580 1936 1638 contendendum
1949 1594 2082 1632 vero

435 1677 703 1746 litigandi
745 1693 812 1730 ac
862 1673 1225 1729 decertandi.
1271 1675 1367 1728 Hm
1411 1677 1607 1726 autem
1641 1675 1818 1733 artes,
1853 1669 1900 1723 si
1950 1684 2084 1722 cum

435 1765 812 1835 philosophia
832 1764 1164 1834 conjuncta:
1182 1779 1302 1817 non
1331 1761 1570 1827 fuerint,
1606 1758 1849 1814 cuilibet
1879 1757 2082 1812 exitia-

2261 1226 2319 1274 'H
2380 1218 2436 1275 δὲ
2467 1224 2750 1299 σοφιστικὴ
2781 1225 2976 1298 τέχνη,
3033 1225 3094 1292 ἣν
3151 1221 3486 1295 ὶζηλώκασιν
3531 1222 3763 1294 Ἕλληνες,

2194 1304 2417 1380 δύναμίς
2448 1307 2560 1364 ἐστι
2607 1313 2961 1388 φανταστικῆ,
3012 1309 3100 1366 διὰ
3154 1311 3334 1388 λόγων
3386 1311 3542 1383 δοξῶν
3584 1312 3765 1384 ἐμποιηο

2189 1398 2317 1466 τικὴ
2379 1397 2591 1472 ψευδῶν
2638 1401 2712 1462 ὡς
2771 1400 2990 1470 ἀληθῶν
3029 1420 3040 1432 ⁸
3098 1404 3330 1479 παρέχει
3381 1402 3479 1478 γὰρ
3531 1403 3649 1477 πρὸς
3697 1403 3764 1474 μὶν

2191 1485 2364 1540 πειθὼ
2419 1488 2516 1556 τὴν
2577 1487 2900 1563 Ιόητοριιιῆν,
2957 1490 3092 1562 πρὸς
3145 1491 3208 1545 τὸ
3265 1491 3597 1567 ἀγωνιστικὸν
3625 1487 3672 1544 δὲ
3694 1493 3765 1556 τὴν

2194 1578 2492 1653 ἄριστικήν.
2547 1581 2610 1636 Αἱ
2657 1581 2838 1636 τοίνυν
2886 1583 3097 1657 τέχναι,
3150 1583 3194 1638 εἷ
3239 1585 3315 1657 μὴ
3352 1584 3478 1656 μετά
3507 1581 3766 1658 φιλοσοφίας

2190 1668 2472 1744 γένωνται.
2507 1665 2916 1746 βλαϐερώτεραι
2964 1672 3123 1727 παντί
3153 1693 3260 1727 που
3294 1675 3397 1728 εἷεν
3428 1671 3505 1730 ἃν.
3538 1675 3768 1743 ’Ἄντικρυς

2192 1758 2296 1832 γαρ
2357 1758 2446 1811 οὖν
2502 1759 2530 1813 ὁ
2591 1757 2818 1814 Πλάτων
2879 1783 2907 1812 ι(
2946 1761 3303 1836 κακοτεχνίαν
3342 1786 3362 1812 ο
3419 1757 3655 1836 ’προσεῖπε
3696 1760 3768 1826 τήν

435 1853 520 1906 les
553 1859 745 1908 erunt.
800 1854 1014 1924 Aperte
1060 1853 1258 1923 itaque
1309 1851 1473 1905 Plato
1520 1872 1547 1898 «
1583 1849 1800 1903 malam
1831 1853 2019 1902 artem
2055 1866 2082 1894 ››

2201 1849 2534 1924 σοφιστικήν
2595 1847 2624 1903 ὅ
2679 1869 2738 1904 τε
2767 1848 3153 1921 Ἀριστοτέλης
3180 1853 3294 1924 (44)
3325 1849 3576 1924 ἑπόμενος
3600 1849 3770 1904 κλεπτιο

436 1941 753 2013 appellavit
771 1941 1155 2012 50phisticam
1181 1957 1194 1994 :
1230 1945 1438 1995 eteum
1460 1954 1717 2008 sequens
1740 1935 2086 1990 Aristoteles

438 2047 568 2086 eam
592 2030 908 2102 quamdam
923 2029 1254 2101 decipiendi
1278 2034 1465 2084 artem
1486 2027 1852 2100 pronuntiat,
1873 2030 1937 2080 ut
1955 2041 2086 2096 qum

440 2127 627 2175 totum
657 2121 963 2191 sapientia)
1009 2119 1272 2174 officium
1306 2117 1692 2189 probabiliter
1721 2115 2002 2186 surripiat
2031 2117 2090 2168 et

437 2209 788 2280 profiteatur
819 2209 1194 2279 sapientiam,
1220 2208 1281 2261 in
1312 2223 1430 2277 qua
1455 2223 1573 2261 non
1597 2211 1687 2260 est
1714 2210 2088 2268 versata,nec

437 2299 499 2353 in
554 2314 623 2352 ea
667 2297 929 2353 studium
981 2297 1194 2368 posuit.
1250 2297 1321 2351 Ut
1367 2295 1570 2366 paucis
1621 2298 1820 2348 autem
1870 2292 2086 2359 dicam,

435 2385 939 2458 quemadmodum
970 2385 1113 2440 artis
1165 2384 1407 2456 quidem
1445 2381 1682 2437 dicendi
1730 2380 2087 2453 principium

436 2483 526 2531 est
556 2475 612 2530 id
663 2475 822 2546 quod
871 2473 1198 2546 probabile,
1245 2490 1394 2544 opus
1441 2489 1597 2538 vero,
1649 2475 2087 2542 argumentum,

437 2572 494 2622 et
527 2565 687 2630 finis,
719 2565 1022 2635 persuasio
1051 2581 1064 2617 :
1115 2564 1193 2618 ita
1225 2563 1368 2618 artis
1397 2561 1690 2632 litigandi,
1726 2560 2087 2631 principium

435 2660 544 2720 est,
598 2653 678 2721 id,
734 2653 891 2724 quod
939 2658 1216 2723 apparet;
1268 2667 1414 2721 Opus
1448 2666 1603 2715 vero,
1637 2649 1973 2704 contentio:
2031 2654 2090 2702 et

435 2744 592 2810 finis,
625 2743 888 2798 victoria.
934 2741 1153 2796 Eodem
1184 2741 1343 2796 enim
1374 2740 1549 2795 modo
1581 2738 1918 2810 sophistica;
1948 2755 2091 2808 quo-

435 2849 549 2903 que
581 2833 726 2888 artis
757 2831 1115 2903 principium
1138 2829 1380 2900 quidem
1405 2835 1495 2884 est
1519 2829 1600 2892 id,
1620 2828 1779 2899 quod
1801 2832 2048 2900 apparet
2071 2844 2084 2894 ;

433 2939 581 2993 opus
610 2938 746 2978 vero
768 2921 1006 2992 duplex,
1035 2936 1222 2975 unum
1246 2919 1487 2990 quidem
1511 2936 1582 2974 ex
1603 2916 2087 2988 rhetorica,quod

432 3016 720 3082 perpetua
747 3010 1014 3066 oratione
1049 3025 1174 3064 rem
1215 3007 1631 3080 persequitur;
1666 3006 1918 3062 alterum
1951 3023 2084 3062 vero

433 3118 501 3156 ex
532 3101 860 3165 dialectica,
887 3100 1292 3171 interrogans;
1314 3098 1444 3169 ejus
1461 3114 1594 3151 vero
1619 3096 1756 3151 finis
1783 3101 1871 3150 est
1895 3095 2086 3150 admi-

432 3193 602 3247 ratio.
639 3193 707 3246 Et
735 3208 866 3262 qua)
896 3207 1103 3244 rursus
1135 3190 1194 3244 in
1227 3187 1448 3244 scholis
1479 3187 1648 3259 vulgo
1664 3187 1926 3258 jactatur
1954 3185 2080 3242 dia-

433 3281 663 3345 lectica,
699 3284 787 3334 est
817 3278 1155 3351 phiIOSOphi
1189 3277 1532 3332 exercitatio
1566 3277 1626 3330 in
1659 3292 1750 3343 eo,
1805 3275 1963 3346 quod
1993 3281 2083 3330 est

433 3369 758 3440 opinabile,
808 3365 1255 3422 contradicendi
1303 3365 1601 3421 facultatis
1645 3365 1851 3436 gratia.
1893 3365 1959 3418 In
1990 3365 2082 3419 his

435 3465 632 3512 autem
686 3473 979 3526 nusquam
1028 3462 1118 3510 est
1146 3455 1381 3510 veritas.
1415 3455 1618 3508 Merito
1651 3469 1786 3523 ergo
1819 3454 2084 3525 egregius

433 3544 754 3614 Apostolus
781 3560 1251 3614 supervacaneas
1282 3543 1410 3610 has,
1439 3559 1570 3614 quae
1595 3542 1654 3596 in
1679 3539 1920 3596 vocibus
1941 3557 2086 3596 con-

437 3632 674 3698 sistunt,
705 3637 863 3685 artes
893 3631 1286 3703 vilipendens,
1319 3655 1346 3680 «
1383 3631 1439 3685 Si
1471 3631 1605 3701 quis
1635 3647 1756 3684 non
1785 3630 2034 3699 accedit,
2056 3651 2084 3679 »

434 3721 684 3790 inquit,c
703 3719 777 3774 ad
792 3737 965 3776 sanos
981 3737 1308 3787 sermones,
1321 3721 1382 3783 ιιι
1395 3719 1666 3774 doctrina
1677 3724 1872 3774 autem
1887 3718 2088 3789 aliqua

437 3825 499 3863 es
522 3808 785 3878 inﬂatus,
803 3809 954 3864 nihil
977 3809 1192 3878 sciens,
1217 3807 1320 3862 sed
1339 3808 1614 3863 laborans
1635 3809 1794 3863 circa
1805 3809 2085 3880 quaestio-

439 3913 545 3951 nes
576 3903 634 3951 et
662 3913 888 3968 pugnas
939 3898 1088 3953 I25
1143 3897 1476 3963 verborum,
1529 3914 1599 3951 ex
1648 3897 1865 3968 quibus
1898 3897 1964 3951 fit
1987 3897 2083 3965 lis,

438 3986 681 4046 invidia.
715 3985 1120 4049 maledictum,
1158 3985 1526 4056 suspiciones
1557 3986 1750 4046 malae.
1783 3993 2085 4042 concerta-

437 4076 629 4129 tiones
653 4075 963 4130 hominum
982 4079 1180 4129 mente
1199 4080 1630 4145 corruptorum,
1652 4081 1709 4129 et
1725 4075 2086 4146 privatorum

434 4165 677 4219 veritate
723 4166 824 4236 (a).
861 4189 880 4216 ι
921 4163 1096 4218 Vides
1138 4163 1434 4234 quomodo
1474 4164 1534 4217 in
1568 4180 1667 4219 eos
1699 4165 1962 4219 invectus
1989 4167 2083 4235 sit,

2112 3232 2246 3328 οέι

2191 1938 2292 2006 κήν
2345 1957 2466 1990 τινα
2511 1937 2680 2006 αύτῆν
2711 1937 3090 2016 ἀποφαίνεται,
3123 1940 3216 1994 ἅτε
3238 1938 3302 1994 τό
3351 1938 3474 1994 ὅλον
3509 1946 3597 2007 τῆς
3626 1936 3770 2013 σοιρίας

2190 2021 2349 2100 ἔργον
2409 2027 2650 2089 πιθανῶς
2711 2027 3158 2102 ὑφαιρουμὲνην,
3207 2029 3300 2083 καὶ
3350 2025 3771 2103 ἐπαγγελλομένῳ

2191 2112 2403 2190 σοφίαν,
2454 2115 2518 2183 ἣν
2575 2113 2679 2169 οὐκ
2724 2113 3066 2188 ὲμελὲτησεν.
3130 2117 3217 2172 Ἐν
3280 2118 3473 2191 βραχεῖ
3525 2112 3577 2170 δὶ
3624 2113 3772 2181 εἰπεῖν,

2188 2201 2428 2277 καθάπερ
2476 2209 2574 2272 τῆς
2626 2203 2926 2279 ῥητορικῆς
2973 2206 3122 2279 ἀρχὴ
3164 2206 3262 2278 μὲν
3293 2206 3355 2260 τὸ
3387 2205 3613 2272 πιθανὸν,
3660 2200 3774 2276 ἔργον

2192 2288 2248 2344 δὲ
2305 2291 2367 2345 τὸ
2415 2290 2753 2366 ἐπιχείρημα
2783 2296 2915 2363 (45),
2948 2293 3035 2347 καί
3065 2291 3228 2356 τέλος
3277 2296 3312 2363 ἡ
3344 2292 3524 2348 πειθώ·
3556 2291 3676 2346 οὕτω
3698 2295 3770 2356 τῆς

2191 2377 2464 2456 ἐριστικῆς
2493 2379 2641 2456 ἀρχὴ
2677 2381 2772 2452 μὲν
2803 2381 2867 2436 τὸ
2919 2379 3096 2454 δόξαν,
3130 2380 3288 2458 ἔργον
3343 2381 3398 2438 δὲ
3423 2382 3483 2437 τὸ
3527 2381 3775 2456 ἀγώνισμα,

2191 2470 2280 2523 καὶ
2335 2467 2495 2532 τέλος
2546 2472 2580 2539 ἡ
2631 2469 2776 2540 νίκη⁴
2835 2471 2941 2528 Τὸν
2991 2470 3151 2526 αὐτὸν
3200 2474 3309 2548 γὰρ
3361 2472 3550 2546 τρόπον
3590 2469 3664 2524 καὶ
3704 2473 3774 2535 τῆς

2193 2565 2509 2633 σοφιστικῆς
2538 2559 2686 2634 ἀρχή
2719 2559 2816 2632 μὲν
2846 2560 2908 2614 τὸ
2958 2561 3312 2637 φαινόμενον,
3344 2558 3496 2636 ἔργον
3545 2555 3595 2614 δὲ
3619 2555 3774 2612 διττόν

2188 2647 2251 2702 τὸ
2287 2649 2380 2721 μὲν
2433 2648 2493 2702 ἐκ
2541 2647 2860 2723 ῥητορικῆς,
2911 2645 3212 2721 διεξοδικὸν
3265 2650 3575 2727 φαινόμενον
3607 2643 3774 2716 (46),τὸ

2192 2733 2250 2791 δὶ
2304 2735 2363 2791 ἐκ
2413 2733 2784 2804 διαλεκτικῆς,
2843 2735 3196 2811 ἐρωτητικόνο
3258 2737 3420 2800 τέλος
3465 2736 3519 2793 Si
3567 2735 3705 2804 αὐτῆς
3746 2733 3773 2800 ἦ

2191 2824 2476 2897 ἔκπληξις.
2515 2828 2588 2882 Ἦ
2615 2847 2675 2881 τε
2713 2825 2778 2882 αὖ
2825 2826 3247 2903 θρυλλουμένην
3279 2828 3417 2884 κατᾶ
3438 2830 3524 2889 τὰς
3549 2817 3776 2897 διατριὸἆς

2192 2913 2506 2985 διαλεκτικὴ
2582 2915 2877 2990 γύμνασμα
2952 2913 3263 2992 φιλοσόφου
3331 2917 3452 2993 περὶ
3503 2917 3558 2972 τὸ
3608 2911 3775 2984 ἔνδοξον

2191 3001 2512 3076 δείκνυται,
2560 3005 2910 3081 ἀντιλογικῆς
2964 3002 3139 3060 ἕνεκεν
3195 3003 3511 3080 δυνάμεως.
3566 3001 3777 3073 Οὐδαμοῦ

2192 3092 2239 3148 δ’
2271 3093 2322 3148 ἐν
2345 3092 2564 3155 τούτοις
2586 3096 2621 3163 ἡ
2646 3092 2897 3165 ἀλήθεια.
2924 3093 3168 3156 Εἰκότως
3188 3096 3370 3150 τοίνυν
3397 3097 3423 3150 ὁ
3447 3099 3663 3169 γενναῖος
3678 3088 3779 3145 ἀπό·

2194 3181 2413 3250 στολος,
2448 3181 2788 3261 ἐκφαυλίζων
2815 3185 2911 3247 τας
2957 3185 3216 3260 περιττὰς
3248 3185 3443 3248 ταύτας
3487 3188 3587 3238 τῶν
3630 3181 3778 3250 λέξεων

2228 3274 2409 3348 ἑχνας,
2447 3293 2470 3322 ι
2505 3269 2576 3329 Εἴ
2597 3293 2680 3334 τις
2713 3273 2788 3345 μὴ
2821 3273 3185 3350 προσέρχεναι
3239 3274 3533 3350 ὑγιαίνουσι
3562 3269 3735 3344 λόγοις,
3761 3289 3775 3314 ι

2195 3360 2350 3439 φησὶ,
2383 3385 2412 3412 α
2447 3358 2771 3432 διδασκαλίᾳ
2801 3358 2859 3415 δέ
2882 3382 2986 3417 τινι
3033 3363 3366 3440 τετύφωται,
3403 3359 3563 3435 μηδὶν
3604 3354 3780 3414 ἐπιστά-

2199 3471 2380 3524 μενος,
2441 3447 2586 3505 ἀλλᾶ
2631 3454 2802 3504 νοσῶν
2853 3451 2978 3526 περὶ
3035 3454 3295 3523 ζητήσεις
3347 3452 3436 3506 καὶ
3467 3447 3777 3525 λογομαχίις,

2193 3539 2247 3609 ἒξ
2299 3539 2373 3591 ῶν
2428 3539 2633 3615 γίνεται
2706 3535 2837 3613 ἔρις,
2896 3539 3122 3615 φθόνος,
3186 3540 3530 3617 βλασφημία,
3585 3536 3779 3592 ὑπόνοιαι

2193 3627 2453 3702 πονηραὶ,
2488 3622 2908 3702 διαπαρατριϐαὶ
2937 3633 3048 3692 (47)
3089 3626 3498 3706 διεφθαρμένων
3540 3625 3780 3701 ἀνθρώπων

2192 3719 2284 3772 τὸν
2316 3721 2462 3785 νοῦν,
2514 3715 2605 3771 καὶ
2655 3717 3106 3792 ἀπεπερημὲνων
3151 3721 3254 3787 τῆς
3301 3717 3567 3788 ἀληθείας.
3599 3738 3620 3768 ι
3662 3714 3782 3785 Ὁρᾷς

2195 3806 2345 3868 ὅπως
2376 3805 2512 3882 πρὸς
2543 3804 2736 3867 αὐτοὺς
2765 3806 3064 3877 κεκίνηται,
3099 3830 3128 3860 «
3157 3809 3320 3862 νόσον
3354 3832 3380 3859 ››
3413 3805 3668 3880 ὀνομάζων
3706 3801 3781 3865 τήν

2197 3893 2425 3971 λογικὴν
2455 3896 2657 3970 τεχνην
2707 3897 2906 3962 αὐτῶν,
2938 3894 3018 3973 ἐφ’
3047 3895 3084 3971 ᾖ
3119 3898 3495 3970 σεμνύνονται,
3525 3897 3600 3956 οἷς
3624 3887 3780 3970 φίληῆ

2196 3983 2489 4056 στωμύλος
2520 3980 2655 4054 αὕτη
2687 3984 3038 4060 κακοτεχνία,
3078 3983 3185 4040 εἷ’τε
3232 3985 3506 4056 Ἕλληνες
3551 3984 3658 4048 εἶεν,
3703 3975 3783 4032 εἴτε

2194 4072 2283 4128 καὶ
2321 4067 2583 4147 βάρϐαροι
2616 4073 2886 4147 σοφισταί.
2930 4075 3235 4148 Παγκάλως
3267 4074 3360 4130 οὖα
3393 4077 3420 4131 ὁ
3449 4071 3679 4152 τραγικὸς
3703 4065 3784 4125 E5-

2198 4160 2423 4240 ριπίδης
2453 4161 2504 4217 ἒν
2535 4168 2657 4224 ταῖς
2687 4163 3001 4227 Φοινίσσαις
3039 4163 3208 4241 λέγει’

435 4253 689 4325 logicam
721 4271 927 4309 eorum
987 4260 1175 4309 artem
1235 4276 1263 4302 ιι
1299 4251 1574 4306 morbum
1608 4275 1635 4301 »
1693 4252 2041 4323 appellans,
2078 4261 2320 4329 propter
2376 4269 2554 4324 quam
2605 4270 2668 4308 se
2700 4256 2974 4321 efferunt,
3002 4255 3220 4325 quibus
3249 4257 3415 4312 cordi
3446 4261 3532 4311 est
3556 4255 3662 4308 hinc
3708 4259 3778 4302 ars

433 4343 672 4414 garrula
721 4350 779 4398 et
835 4343 1126 4415 improba,
1160 4343 1278 4397 sive
1311 4341 1430 4396 sint
1461 4342 1666 4411 Graaci,
1699 4342 1816 4396 sive
1867 4344 2043 4401 etiam
2074 4342 2311 4402 barbari
2361 4343 2662 4414 SOphistaa.
2720 4343 3126 4399 Pulcherrime
3185 4361 3327 4418 ergo
3386 4346 3523 4401 dicit
3577 4339 3780 4411 tragicus

435 4432 748 4504 Euripides
780 4434 840 4488 in
871 4433 1160 4488 Phaenissis
1185 4449 1197 4487 :

649 4539 854 4610 Iniqua
882 4557 1008 4596 vero
1039 4543 1238 4609 oratio,

649 4613 713 4665 In
741 4607 797 4667 se
825 4629 996 4682 aegra,
1022 4607 1342 4683 pharmbcis
1368 4617 1484 4680 eget
1515 4607 1871 4679 sapientibus.

2483 4578 2552 4629 ..ι
2573 4537 2636 4594 'o
2661 4534 2932 4627 ’δ’-ἄδικος
2959 4543 3070 4629 (ιδ)
3101 4535 3289 4629 λόγος,

2307 4613 2497 4664 Νοσῶν
2534 4608 2588 4664 ἓν
2615 4608 2784 4682 αὐτῷ,
2817 4608 3118 4688 φαρμάκων
3150 4608 3323 4667 δεῖται
3355 4615 3550 4689 σοιρῶν.

505 4735 568 4799 Ῥ
599 4738 660 4793 P.
695 4738 800 4792 340
829 4741 941 4794 EI).
975 4741 1268 4808 POTTER,
1301 4742 1404 4793 290
1433 4739 1542 4792 ED.
1581 4735 1808 4791 PARIS.
1885 4735 1963 4806 (a)
1992 4735 2015 4789 I
2044 4736 2190 4791 Tim.
2224 4754 2300 4804 νι,
2333 4739 2386 4805 3,
2417 4739 2470 4808 4,
2503 4740 2556 4795 5.

505 4866 621 4935 (41)
679 4865 768 4918 Ἐν
800 4859 1062 4932 διακρίσει
1095 4860 1300 4936 λόγων.
1359 4862 1446 4918 Ἐν
1507 4857 1692 4936 δικαίᾳ
1745 4859 1918 4936 κρίσει
1978 4856 2083 4913 λό-

2201 4861 2750 4936 οξιενθωειριριιοᾴ
2782 4861 2856 4917 ad
2895 4862 3193 4918 rhetorem
3223 4862 3520 4928 quomodo
3549 4855 3790 4932 pertineat

435 4931 548 5007 γιον
599 4931 872 4991 Clemens
901 4931 1070 4991 Rom.
1098 4931 1337 5007 _Veru_m
1386 4951 1518 5007 cum
1569 4931 1859 5007 Clemens
1886 4937 2089 5007 noster

438 5002 638 5088 Strom‘.
672 5022 909 5088 v1,.pag.
942 5008 1067 5072 647,
1095 5002 1359 5088 διακρίσει
1390 5005 1797 5088 Γςῐὶηςαηνίιις
1827 5002 2086 5088 dubitari

455 5083 654 5143 iotest,
680 5073 823 5148 quin
847 5073 914 5133 ea
936 5094 1071 5131 vera
1095 5073 1268 5132 lectio
1293 5077 1386 5130 sit.
1419 5077 1541 5140 Quo
1563 5076 1706 5130 facit
1723 5073 2086 5148 etia_m,quod

441 5144 715 5219 διακρίσεί
735 5149 889 5220 apud
921 5149 975 5202 S.
1012 5149 1258 5202 Paulum
1299 5153 1508 5220 exstet,
1540 5147 1715 5220 cujus
1745 5146 1983 5220 Epist_._I
2015 5144 2088 5199 ad

440 5216 706 5276 Corinth.
739 5216 840 5284 xii,
875 5221 926 5283 8,
961 5223 1014 5285 9,
1049 5223 1134 5284 10,
1170 5236 1288 5289 prin
1317 5218 1505 5272 oculis
1541 5216 1819 5271 habuisse
1858 5216 2090 5271 videtur

440 5294 736 5356 Clemens,
770 5291 909 5344 dum
941 5291 1066 5344 hmo
1107 5289 1411 5343 scriberet.

509 5389 621 5459 (43)
653 5388 803 5441 Ἦτω
858 5384 1062 5459 γοργὸς
1107 5381 1159 5435 ἐν
1206 5379 1404 5459 ἔργοις.
1456 5382 1609 5436 ’Ήτω
1641 5380 1798 5459 ἁγνός
1831 5378 1881 5433 ἐν
1909 5377 2089 5459 ἔργοις

440 5453 712 5518 Clemens
738 5453 903 5515 Rom.
934 5453 1050 5512 sed
1091 5453 1294 5509 noster
1323 5456 1522 5526 Strom.
1558 5469 1611 5506 v1
1638 5470 1649 5506 :
1690 5453 2086 5526 "limyrsp‘ys;

439 5532 490 5587 ἐν
526 5531 729 5606 ἔργοις,
778 5528 896 5606 ἤτω
951 5526 1136 5606 ἁγνός.
1186 5527 1323 5592 Quas
1373 5524 1567 5589 lectio,
1610 5529 1676 5578 ut
1721 5523 1974 5594 plenior,
2003 5523 2087 5580 Sic

440 5603 692 5662 fortasse
724 5603 919 5658 verior
949 5605 1055 5654 est.

511 5704 620 5776 (44)
648 5702 716 5757 Ὃ
747 5720 805 5753 τε
835 5700 1046 5773 Ἀριστ.
1081 5696 1276 5752 Malim
1309 5693 1354 5767 ᾧ
1378 5715 1434 5748 τε
1465 5693 1667 5766 Ἀριστ.
1759 5695 1762 5698 ’

513 5795 626 5867 (45)
653 5793 850 5868 Ἔργον
883 5785 941 5844 δὲ
963 5788 1027 5844 τὸ
1071 5786 1429 5864 ἐπιχείρημα.
1484 5808 1512 5836 «
1567 5787 1724 5858 Opus
1767 5799 1902 5838 vero
1960 5785 2085 5854 qui-

2197 4933 2357 4988 disce
2389 4950 2458 4988 ex
2480 4933 2660 5006 Fabio
2694 4934 2794 4988 lib.
2830 4952 2879 4995 v.
2915 4951 3040 5006 cap.
3078 4938 3162 4989 10.
3195 4937 3461 4990 Οοιικετ.

2269 5007 2378 5074 (46)
2418 5003 2780 5077 Φαινόμενον.
2834 5007 2966 5061 Hmc
2987 5003 3120 5060 _vox
3150 5024 3181 5060 e
3217 5003 3569 5077 praecedenti
3597 5004 3791 5077 senten-

2199 5071 2609 5147 tiarmembrov
2639 5076 2948 5146 irrepsisse
2982 5071 3234 5132 videtur:
3247 5080 3387 5142 Qum
3411 5095 3529 5147 seq.
3553 5091 3614 5128 ex
3641 5071 3789 5125 lTim.

2197 5164 2269 5215 γι,
2301 5143 2392 5200 διὰ
2422 5147 2644 5217 μνήμης
2678 5143 2947 5217 recitavit
2975 5155 3198 5217 auctor.

2267 5221 2376 5292 (47)
2405 5210 2853 5292 Ᾱιαπαροιτριόαρ
2901 5213 3354 5292 Παραδιατριϐαί,
3407 5221 3443 5292 I_
3475 5217 3611 5272 Tim.
3634 5229 3704 5292 ‘Vl,
3742 5210 3791 5282 ut

2199 5284 2608 5366 significentur
2631 5284 2931 5366 διατριϐαί,
2967 5284 3098 5363 qua)
3130 5284 3271 5366 παρά
3298 5284 3358 5343 τε
3391 5289 3484 5344 τὸν
3509 5286 3697 5360 καιρὸν,
3722 5296 3789 5331 κω

2196 5358 2342 5425 παρὰ
2364 5363 2426 5416 τὸ
2454 5358 2592 5416 δὲον.
2624 5358 2898 5418 δγιιιόῐιϐ.

2268 5422 2377 5503 (48)
2407 5433 2464 5486 '0
2487 5429 2630 5488 δ’ἇὶδ.
2649 5434 2936 5489 Hiversus
2958 5439 3276 5489 occurrunt
3297 5435 3358 5488 in
3381 5422 3790 5504 EuripidisPhg-

2196 5501 2326 5558 niss.
2360 5501 2412 5559 ν.
2445 5506 2548 5558 474
2582 5511 2641 5578 et
2669 5507 2858 5578 475,_e
2890 5523 3005 5576 quo
3035 5523 3143 5578 pro
3167 5503 3315 5574 αὐτῷ
3347 5501 3700 5578 scribendum
3745 5501 3789 5578 i‘ﬂ

2197 5590 2368 5646 versu
2401 5576 2726 5646 posteriore
2757 5559 3003 5644 darei}.
3036 5559 3129 5634 se.
3157 5599 3183 5626 ιι
3215 5559 3300 5631 Ita
3334 5577 3511 5632 etiam
3540 5567 3706 5646 schol.
3746 5559 3790 5645 iv

2196 5640 2584 5720 georgicum}:
2642 5643 2806 5720 ἔχων.
2861 5640 3078 5703 Eadem
3137 5650 3424 5720 correctio
3455 5640 3698 5720 facienda
3742 5640 3789 5720 ξῑι

2195 5713 2543 5773 Theodoreti
2598 5713 2792 5774 scrin.
2857 5724 2880 5773 1
2948 5723 3016 5775 De
3068 5719 3324 5774 curandis
3381 5719 3561 5775 (ἔτας.
3615 5713 3788 5781 affectu

2195 5803 2326 5859 qag.
2359 5791 2483 5844 478.
