3966 6192
445 281 552 336 ’143

1669 269 2083 326 (ΣΙ-ΒΠΒΝΤΙΒ
2118 270 2620 332 ΔιΕΧΑΝῡῐιιΝι

3697 213 3708 220 ¹
3715 213 3756 239 ὀἳ

3719 274 3811 330 Ήί

443 409 628 461 metu.
662 406 808 459 Num
842 401 1021 456 etiam
1070 399 1169 470 qui
1215 403 1500 453 vocantur
1549 395 1884 464 orthodoxi,
1936 394 2092 450 bona

2208 389 2263 447 δὶ
2291 393 2380 448 καὶ
2430 397 2483 451 οἱ
2540 397 2930 474 ὀρθοδοξασταὶ
2993 398 3324 473 καλούμενοι
3383 397 3568 473 ἔργοις
3615 397 3821 474 προσφέο

445 512 625 567 Opera
654 492 1100 566 aggrediuntur,
1128 490 1466 546 nescientes
1497 504 1628 559 quas
1658 485 1928 542 faciunt?

2203 502 2386 555 ρονται
2415 483 2628 557 καλοῖς,
2662 489 2762 544 οὐκ
2791 488 2995 554 εἰδότες
3021 489 3053 544 ’ἀ
3083 493 3326 544 ποιοῦσιν
3361 507 3376 557 ;

2129 662 2360 718 CAPUT
2399 667 2465 720 Χ.

1118 788 1382 858 Major-em
1415 786 1544 839 bene
1571 783 1834 854 faciendi,
1869 795 2036 850 quam
2073 778 2202 832 bene
2231 778 2471 849 dicendi,
2503 800 2690 840 curam
2716 803 2824 842 esse
2853 788 3178 844 habendam.

514 937 835 1004 PrOpterea
865 947 998 1003 ergo
1031 931 1318 998 Servator,
1343 947 1481 984 cum
1505 944 1718 1000 panem
1741 924 2088 996 accepisset,

442 1023 704 1094 primum
735 1021 967 1076 locutus
994 1025 1104 1087 est,
1137 1025 1196 1074 et
1226 1019 1344 1091 egit
1383 1019 1636 1091 gratias;
1669 1013 1907 1081 deinde,
1955 1029 2089 1067 cum

446 1128 665 1182 panem
679 1105 1738 1182 fregisset,apposuit,utcomedamus
1750 1120 1820 1159 ex
1838 1103 2088 1168 ratione,

447 1205 508 1254 et
535 1216 669 1254 cum
703 1199 1034 1269 Scripturas
1051 1195 1679 1268 agnoverimus,vitam
1711 1193 2092 1248 instituamus

448 1305 555 1360 per
584 1289 1008 1344 obedientiam.
1041 1286 1549 1353 Quemadmodum
1580 1291 1776 1340 autem
1801 1285 1900 1354 qui
1936 1282 2095 1338 mala

447 1384 698 1432 utuntur
727 1379 1017 1445 oratione,
1051 1377 1202 1431 nihil
1235 1377 1518 1430 dilferunt
1547 1373 1619 1428 ab
1665 1373 1738 1426 iis
1786 1372 1886 1442 qui
1935 1371 2091 1426 malo

443 1467 598 1523 facto
633 1473 881 1522 utuntur
911 1465 1235 1539 (calumnia
1261 1465 1421 1519 enim
1453 1469 1542 1518 est
1580 1461 1854 1516 ministra
1889 1458 2090 1531 gladii,

443 1561 505 1612 et
535 1558 708 1612 affert
739 1556 1008 1611 dolorem
1040 1554 1447 1620 maledictum,
1480 1570 1550 1607 ex
1581 1551 1796 1624 quibus
1837 1555 1928 1605 est
1962 1549 2092 1603 vitae

448 1647 709 1701 eversio:
743 1646 868 1698 hmo
899 1649 1098 1698 autem
1130 1643 1354 1697 fuerint
1399 1658 1577 1713 opera
1625 1640 1912 1712 improbas
1960 1654 2091 1694 ora-

447 1735 645 1802 tionis)
671 1751 683 1799 ;
719 1733 801 1787 ita
831 1733 1007 1788 etiam
1033 1733 1132 1803 qui
1156 1732 1311 1786 bona
1328 1737 1574 1786 utuntur
1595 1730 1883 1794 oratione,
1911 1743 2092 1800 pr0pe

450 1820 742 1876 accedunt
771 1821 844 1876 ad
877 1838 978 1876 eos
1009 1821 1110 1892 qui
1143 1820 1316 1876 bonis
1339 1820 1512 1874 factis
1541 1824 1809 1874 utuntur.
1848 1819 2094 1872 Recreat

447 1909 648 1980 itaque
677 1910 939 1965 animam
971 1911 1180 1978 oratio,
1214 1916 1273 1964 et
1303 1909 1572 1964 hortatur
1601 1908 1674 1963 ad
1698 1909 2092 1963 honestatem.

449 1998 662 2054 Beatus
696 2003 786 2052 est
813 2005 1033 2066 autem,
1063 1998 1162 2069 qui
1193 2003 1444 2068 utraque
1460 2014 1642 2052 manu
1663 1998 1870 2051 utitur.
1894 1998 2094 2066 Neque

447 2103 583 2160 ergo
612 2087 714 2158 qui
746 2087 897 2142 bene
929 2093 1123 2158 potest
1158 2087 1373 2149 facere,
1409 2093 1498 2142 est
1524 2087 1856 2142 maledictis
1904 2085 2094 2140 inces-

448 2176 671 2230 sendus
696 2175 768 2230 ab
803 2193 870 2230 eo
899 2177 1000 2247 qui
1033 2175 1183 2230 bene
1205 2181 1400 2247 potest
1428 2175 1646 2243 dicere,
1679 2192 1872 2246 neque
1905 2179 1996 2230 est
2013 2173 2100 2227 vi-

453 2264 820 2336 tuperandus
838 2265 937 2335 qui
956 2263 1109 2319 bene
1127 2270 1322 2335 potest
1338 2264 1636 2331 dicere,ab
1650 2281 1718 2319 eo
1737 2264 1837 2334 qui
1856 2263 2006 2318 bene
2022 2263 2100 2317 la-

447 2369 582 2408 cere
615 2358 828 2424 potest.
867 2353 995 2407 Fiat
1022 2357 1222 2408 autem
1254 2359 1502 2424 uterque
1535 2352 1592 2406 id
1612 2352 1685 2408 ad
1707 2351 1866 2423 quod
1888 2358 2100 2407 natura

452 2447 543 2497 est
571 2447 766 2513 aptus.
801 2440 966 2506 Quod
997 2447 1197 2497 autem
1228 2441 1380 2496 alter
1425 2443 1644 2496 factum
1675 2441 1954 2509 ostendit,
1987 2441 2098 2495 hoc

450 2531 602 2587 alter
617 2530 903 2602 loquitur,
923 2530 1333 2586 beneficentiae
1351 2530 1531 2586 veluti
1549 2531 1703 2586 viam
1735 2546 2098 2602 prasparans,

451 2627 510 2676 et
527 2621 828 2676 deducens
846 2619 1170 2687 auditores,
1189 2626 1254 2674 ut
1269 2620 1420 2675 bene
1451 2627 1793 2693 operentur.
1819 2622 1920 2675 Est
1939 2619 2099 2675 enim

451 2708 627 2764 etiam
660 2708 938 2764 salutaris
969 2709 1178 2775 oratio,
1213 2709 1368 2764 sicut
1403 2726 1553 2781 opus
1584 2709 1861 2765 salutare.
1909 2711 2100 2780 Atque

443 2798 680 2869 justitia
697 2797 938 2869 quidem
962 2803 1120 2852 certe
1139 2815 1259 2853 non
1277 2798 1550 2853 consistit
1569 2798 1792 2869 absque
1811 2801 2098 2854 oratione.

450 2886 963 2952 Quemadmodum
987 2893 1184 2942 autem
1206 2887 1494 2942 beneficio
1513 2888 1671 2943 afﬁci
1690 2905 1864 2943 nemo
1887 2891 2098 2960 potest,

454 2975 503 3030 si
537 2991 713 3030 nemo
745 2975 896 3030 bene
915 2975 1124 3042 faciat;
1145 2977 1227 3031 ita
1251 2976 1479 3030 tollitur
1499 2977 1837 3032 obedientia
1857 2983 1915 3032 et
1931 2977 2099 3045 fides,

454 3067 570 3122 nisi
603 3073 729 3122 tum
761 3071 1144 3137 prmceptum,
1180 3071 1302 3121 tum
1336 3067 1514 3122 etiam
1546 3067 1646 3138 qui
1673 3073 1762 3122 est
1785 3067 1982 3139 ipsum
2003 3084 2100 3122 ex-

453 3157 803 3229 plicaturus,
839 3155 1019 3212 simul
1048 3163 1448 3212 assumantur.
1483 3159 1646 3212 Nunc
1677 3163 1874 3212 autem
1915 3157 2100 3212 altero

452 3247 697 3303 alterius
727 3246 932 3319 gratia,
969 3253 1027 3301 et
1054 3247 1247 3302 verbis
1277 3253 1336 3302 et
1356 3247 1549 3312 factis,
1574 3247 1967 3303 abundamus.
1994 3250 2103 3302 Ars

455 3344 652 3423 autem
684 3337 1057 3392 contentiosa
1087 3343 1146 3392 et
1176 3338 1500 3409 sophistica
1529 3343 1620 3392 est
1649 3338 1886 3409 penitus
1924 3355 2104 3410 repu-

454 3427 692 3493 dianda,
714 3427 1197 3498 quandoquidem
1223 3428 1364 3498 ipsa:
1388 3427 1790 3498 sophistarum
1810 3427 2100 3483 dictiones

458 3532 578 3569 non
610 3515 802 3569 solum
843 3515 1166 3570 multorum
1198 3515 1402 3570 oculos
1434 3516 1878 3586 praestringunt,
1914 3521 1973 3570 et
2001 3533 2102 3572 eos

461 3603 772 3669 seducunt,
805 3603 909 3658 sed
939 3621 1374 3676 nonnunquam
1405 3606 1583 3660 etiam
1613 3605 1728 3659 vim
1764 3607 2100 3672 afferentes,

459 3691 772 3746 Cadmeam
794 3691 857 3755 ᾖ(
874 3694 1141 3748 referunt
1160 3694 1482 3748 victoriam.
1518 3696 1617 3749 Est
1639 3695 1795 3748 enim
1816 3694 1986 3766 longe
2008 3710 2106 3748 ve-

456 3781 729 3836 rissimus
749 3781 850 3836 ille
874 3782 1138 3853 psalmus
1163 3799 1175 3837 :
1203 3805 1230 3832 ‹‹
1249 3785 1447 3838 Justus
1464 3783 1614 3837 vivet
1644 3783 1704 3837 in
1729 3785 1929 3848 finem,
1955 3800 2104 3854 quo-

456 3867 617 3924 niam
649 3885 769 3923 non
790 3869 1010 3924 videbit
1033 3870 1360 3937 interitum,
1381 3870 1618 3940 quando
1637 3870 1847 3925 viderit
1868 3872 2105 3942 sapien-

453 3962 544 4013 tes
577 3957 897 4013 morientes
932 3960 1026 4028 (a).
1075 3980 1103 4007 »
1141 3960 1438 4024 Quosnam
1470 3965 1667 4014 autem
1695 3960 1840 4014 dicit
1868 3959 2101 4031 sapien-

454 4053 564 4114 tes,
593 4047 728 4103 audi
761 4065 830 4103 ex
858 4049 994 4103 Jesu
1044 4047 1380 4118 Sapientia:
1427 4071 1453 4096 «
1501 4049 1627 4102 Non
1678 4055 1769 4104 est
1812 4049 2103 4119 sapientia

453 4136 852 4208 improbitatis
875 4137 1124 4192 scientia
1147 4139 1240 4208 ib).
1275 4157 1301 4188 η
1340 4140 1482 4192 Eam
1510 4145 1710 4193 autem
1733 4138 1896 4204 dicit,
1922 4155 2099 4210 quam

455 4224 866 4297 excogitarunt
891 4230 1072 4293 artes,
1105 4241 1236 4294 qua:
1267 4225 1330 4278 in
1361 4225 1614 4280 dicendo
1666 4232 1724 4281 et
1753 4226 2099 4282 disserendo

457 4319 782 4368 versantur.
823 4335 850 4362 ‹‹
883 4315 1120 4378 Quwres
1151 4331 1285 4386 ergo
1317 4313 1473 4385 apud
1504 4314 1693 4369 malos
1726 4316 2098 4386 sapientiam,

456 4407 515 4456 et
545 4420 663 4457 non
687 4402 951 4458 invenies
970 4404 1060 4474 (ο).
1085 4425 1112 4452 ››
1136 4405 1204 4456 Et
1221 4403 1267 4457 si
1290 4420 1494 4458 rursus
1517 4420 1706 4475 roges,
1742 4422 2015 4475 quaenam
2035 4423 2104 4462 ea

455 4493 593 4548 est?
622 4517 649 4542 ‹‹
683 4493 949 4564 Osjusti,
982 4515 1009 4542 »
1042 4493 1237 4563 inquit
1268 4492 1394 4562 tibi,
1427 4516 1454 4542 ι(
1505 4492 1819 4548 distillabit
1865 4499 2105 4568 sapien-

2269 923 2366 977 Δια
2420 929 2582 980 τοῦτο
2639 925 2728 982 οὖν
2790 930 2817 984 6
2878 930 3097 1004 Σωτὴρ,
3157 928 3317 1004 ἄρτον
3370 923 3582 996 λαϐὼν,
3629 931 3810 1001 πρῶτον

2198 1009 2467 1083 ἐλάλησεν
2509 1016 2599 1070 καὶ
2659 1016 3072 1092 εὐχαρίστησεν·
3134 1019 3244 1074 εἶτα
3300 1016 3510 1078 κλάσας
3563 1021 3648 1070 τὸν
3680 1013 3810 1089 ἄρτον

2199 1103 2500 1177 προέϐηκεν
2555 1110 2684 1178 (73),
2742 1107 2832 1160 ’ἱνα
2888 1103 2954 1176 δὴ
3017 1111 3273 1184 φάγωμεν
3333 1105 3596 1181 λογικῶς,
3634 1104 3810 1166 καὶτὰς

2202 1191 2414 1262 Γραφας
2475 1191 2781 1267 ἐπιγνόντες
2819 1239 2832 1264 ,
2902 1193 3320 1270 πολιτεσώμεθα
3376 1196 3497 1250 καθ’
3555 1193 3808 1260 ὑπακοὴν.

2201 1281 2455 1356 Καθάπερ
2507 1279 2564 1336 δὲ
2614 1283 2664 1337 οἱ
2697 1281 2850 1358 λόγῳ
2909 1283 3191 1359 χρώμενοι
3251 1288 3502 1360 πονηρῷ,
3563 1279 3701 1338 οὐδὲν
3727 1287 3809 1336 τῶν

2201 1363 2340 1444 ἔργῳ
2391 1370 2698 1445 χρωμένων
2755 1379 2984 1447 πονηρῷ
3042 1371 3391 1451 διαφέρουσιν
3427 1392 3440 1405 °
3497 1374 3532 1440 ἡ
3573 1372 3668 1446 γὰρ
3715 1367 3803 1424 δια-

2201 1452 2344 1525 ϐολή
2377 1458 2562 1535 ξίφους
2591 1456 2863 1532 διάκονος,
2895 1463 2985 1516 καί
3019 1460 3198 1531 λύπην
3233 1462 3456 1535 ἐμποιεῖ
3506 1457 3806 1536 βλασφημὲαο

2201 1545 2252 1617 ἐξ
2285 1547 2358 1600 ὧν
2387 1547 2441 1600 αἱ
2471 1551 2568 1602 τοῦ
2612 1547 2734 1624 βίου
2783 1549 3099 1626 ἀνατροπαί·
3141 1545 3272 1626 ἔργα
3308 1555 3408 1606 τοῦ
3454 1553 3687 1622 πονηροῦ
3731 1544 3807 1600 λόε-

2199 1659 2298 1714 γου
2329 1638 2428 1692 εἷεν
2461 1638 2521 1692 ἃν
2543 1643 2728 1694 ταῦτα·
2763 1639 2907 1694 οὕτω
2937 1640 3028 1694 καὶ
3059 1641 3110 1696 οἱ
3143 1639 3291 1716 λόγῳ
3320 1641 3505 1716 ἀγαθῷ
3559 1637 3801 1713 κεχρημέ-

2199 1749 2283 1782 νοι
2337 1729 2703 1804 συνεγγίζουσι
2754 1735 2873 1794 τοῖς
2922 1730 2991 1785 τὰ
3017 1729 3158 1785 καλὰ
3194 1735 3304 1785 τῶν
3340 1729 3512 1806 ἔργων
3569 1725 3807 1783 ἐπιτελοῦο

2202 1838 2306 1873 σιν.
2339 1823 2664 1873 Ἀνακτᾶται
2691 1823 2819 1894 γοῦν
2851 1818 2942 1874 καὶ
2972 1819 3000 1874 6
3035 1818 3200 1893 λόγος
3233 1819 3337 1888 τὴν
3370 1819 3580 1894 ψυχήν,
3624 1816 3702 1871 καὶ
3739 1812 3804 1868 Exi

2199 1905 2595 1981 καλοκάγαθίαν
2653 1910 2966 1985 προτρέπει·
3028 1911 3294 1984 μακάριος
3355 1906 3414 1963 δὲ
3458 1910 3486 1962 6
3528 1903 3806 1981 περιδέξιος.

2201 1995 2328 2052 Οῧτ’
2344 1997 2434 2050 οὖν
2457 1995 2673 2075 βλασφη
2687 1999 2886 2069 μητέος
2906 1999 2934 2052 6
2957 1997 3304 2067 εὖττοιητικδς
3321 1998 3463 2073 πρὸς
3483 2000 3577 2052 τοῦ
3599 1995 3648 2050 εὗ
3667 1992 3807 2068 λέγειν

2201 2083 2524 2158 δυναμένου,
2550 2083 2674 2141 οὐδὲ
2699 2088 2805 2158 μὴν
2819 2087 3097 2147 κακιστέος
3122 2087 3149 2140 6
3177 2086 3294 2150 οἷός
3310 2107 3375 2141 τε
3407 2085 3464 2141 εὖ
3491 2084 3680 2159 λέγειν,
3699 2082 3806 2156 πρὸς

2199 2179 2295 2230 τοῦ
2319 2173 2376 2230 εὖ
2402 2179 2577 2230 ποιεῖν
2619 2173 2948 2246 ἐπιτηδείου·
3004 2176 3141 2251 πρὸς
3172 2172 3228 2230 δὲ
3258 2176 3303 2248 ᾧ
3341 2180 3451 2249 (74)
3484 2175 3714 2248 ἑκάτερος
3737 2168 3806 2223 11%-

2203 2285 2388 2338 φυκεν,
2448 2263 2801 2340 ἐνεργούντων
2838 2308 2851 2322 ,
2910 2267 2970 2322 Ὀ
3019 2261 3066 2318 δ’
3113 2265 3204 2319 οὗν
3259 2264 3323 2319 τὸ
3377 2261 3528 2340 ἔργον
3587 2259 3806 2325 δείκνυσι,

2197 2357 2361 2408 τοῦτο
2406 2348 2612 2428 ’ἑτεροςῖ
2643 2351 2826 2424 λαλεῖ,
2882 2353 2994 2408 οἷον
3050 2352 3343 2426 έτοιμάζον
3404 2356 3474 2427 τῇ
3515 2350 3709 2420 εὐποιία
3731 2347 3808 2414 τὴν

2202 2440 2350 2509 ὁδὸν,
2380 2441 2471 2496 καὶ
2517 2441 2604 2497 ἐπὶ
2656 2443 2755 2511 τὴν
2811 2439 3112 2519 εὐεργεσίαν
3160 2441 3305 2518 ἄγων
3367 2442 3493 2504 τοὺς
3534 2441 3805 2498 ἀκούοντας.

2202 2535 2354 2591 Ἐστι
2411 2534 2511 2610 γὰρ
2567 2534 2658 2589 καὶ
2711 2535 2982 2609 σωτήριος
3041 2532 3229 2609 λόγος,
3263 2535 3344 2596 ὡς
3393 2535 3483 2588 καὶ
3535 2527 3679 2606 ἔργον
3724 2550 3806 2583 σω·

2202 2625 2394 2698 τήριον
2429 2666 2442 2681 .
2503 2624 2562 2679 ἸΙ
2646 2619 2964 2693 δικαιοσύνη
3021 2625 3071 2699 γ’
3112 2623 3204 2679 οὖν
3265 2623 3450 2700 χωρὶς
3502 2621 3659 2697 λόγου
3708 2639 3808 2672 συν·

2208 2711 2412 2768 ίσταται
2455 2753 2469 2770 .
2550 2716 2638 2776 Ὠς
2703 2708 2760 2766 δὲ
2823 2712 2885 2766 τὸ
2969 2710 3026 2767 εὖ
3109 2713 3350 2787 πάσχειν
3438 2713 3804 2786 περιαιρεῖται,

2205 2797 2292 2854 ἐὰν
2359 2800 2422 2855 τὸ
2488 2800 2544 2855 εύ
2610 2805 2785 2855 ποιεῖν
2876 2797 3226 2876 ἁφελοῦμενσ
3289 2798 3469 2861 οὕτως
3523 2800 3557 2868 ἡ
3633 2792 3803 2858 ὑπαχοὴ

2203 2889 2292 2944 καὶ
2326 2888 2506 2952 πίστις
2538 2887 2834 2963 ἀναιρεῖται
2867 2891 3007 2961 μήτε
3047 2895 3146 2959 τῆς
3177 2886 3436 2958 ἐντολῆς,
3471 2890 3600 2960 μήτε
3626 2888 3708 2939 τοῦ
3731 2883 3806 2948 τήν

2207 2977 2433 3047 ἐντολὴν
2467 2981 2856 3056 σαφηνιοῦντος
2888 2972 3601 3053 συμπαραλαμϐανομένων.
3632 2971 3743 3031 Νυνὶ
3766 2967 3809 3023 δὲ

2207 3063 2472 3137 ἀλλήλων
2503 3063 2659 3122 ἕνεκα
2689 3065 3050 3141 εὐποροῦμεν,
3079 3065 3170 3120 καὶ
3202 3063 3395 3140 λόγων
3425 3063 3512 3118 καὶ
3543 3059 3698 3136 ἔργον.
3724 3059 3806 3122 Τὴν

2209 3155 2266 3212 δὲ
2295 3155 2572 3232 ἐριστικήν
2603 3177 2661 3212 τε
2711 3155 2807 3211 καὶ
2865 3157 3183 3232 σοφιστικήν
3239 3155 3450 3231 τέχνην
3502 3147 3809 3227 παραιτητέον

2213 3243 2514 3308 παντελῶς·
2549 3243 2660 3301 ἐπεὶ
2695 3245 2785 3300 καὶ
2819 3245 2874 3298 αἱ
2919 3243 3093 3314 λέξεις
3124 3242 3279 3298 αὐταὶ
3328 3248 3437 3299 τῶν
3485 3245 3727 3315 σοφιστῶν
3765 3238 3810 3289 0‘3

2132 3314 2175 3382 α
2218 3336 2380 3410 μόνον
2408 3335 2750 3411 γοητεύουσι,
2777 3331 3072 3390 κλέπτουσι
3128 3337 3236 3406 (75)
3281 3333 3419 3398 τοὺς
3447 3329 3690 3401 πολλοὺς,
3721 3327 3810 3402 βια-

2214 3427 2434 3500 ζόμεναι
2484 3422 2529 3480 δ’
2561 3421 2667 3479 ἔσθ’
2699 3423 2808 3496 ὅτε,
2866 3421 3136 3496 Καδμείαν
3191 3421 3354 3493 νίκην
3383 3427 3492 3494 (76)
3521 3419 3806 3492 ἀπηνέγκαν-

2207 3537 2294 3574 το.
2357 3515 2562 3576 Παντὸς
2616 3513 2716 3588 γὰρ
2781 3509 2999 3586 μᾶλλον
3057 3510 3272 3582 ἀληθής
3304 3513 3334 3566 6
3367 3509 3581 3586 ψαλμὸς
3625 3507 3807 3564 ἐκεῖνος·

2212 3630 2240 3657 ‹‹
2272 3605 2334 3662 Ὁ
2365 3601 2574 3664 δίκαιος
2606 3605 2718 3675 (77)
2755 3603 2972 3672 ζήσεται
3016 3601 3094 3662 εἷς
3151 3598 3337 3669 τέλος,
3399 3601 3480 3655 ὅτι
3521 3598 3612 3653 οὐκ
3662 3593 3809 3668 ὄψεται

2210 3692 2576 3766 καταφθορὰν,
2610 3690 2690 3745 ὅτ’
2723 3687 2783 3744 ἂν
2820 3687 2908 3764 ἴδῃ
2955 3689 3156 3764 σοφοὺς
3216 3687 3663 3760 ἀποθνήσκοντας.
3693 3705 3713 3735 ι
3741 3680 3810 3735 Τίο

2211 3803 2305 3844 νας
2336 3778 2403 3850 δὴ
2437 3778 2637 3857 σοφοὺς
2670 3777 2815 3853 λέγει
2853 3799 2868 3849 ς
2928 3778 3161 3832 ἄκουσον
3191 3775 3252 3831 ἐκ
3280 3784 3384 3846 τῆς
3438 3778 3621 3850 σοφίας
3650 3771 3807 3857 Ἰησοῦ·

2211 3895 2238 3922 ‹‹
2275 3868 2389 3927 Οὐκ
2419 3863 2529 3924 ἔστι
2562 3867 2722 3944 σοφία
2759 3866 3027 3942 πονηρίας
3087 3864 3395 3938 ἐπιστήμη.
3432 3890 3459 3917 ››
3518 3861 3708 3928 Ταύτην
3755 3853 3805 3921 δή

2211 3958 2379 4035 λέγει,
2413 3957 2479 4026 ἦν
2508 3955 2798 4026 ἐπενόησαν
2855 3955 3047 4028 τέχναι
3102 3952 3348 4010 λεκτικαί
3379 3974 3438 4008 τε
3464 3951 3548 4007 καὶ
3577 3947 3798 4004 διαλεκτι-

2208 4049 2319 4105 καί.
2383 4071 2408 4102 ι
2441 4048 2704 4117 Ζητήσεις
2762 4042 2853 4100 οὖν
2911 4041 3100 4121 σοφίαν
3161 4044 3308 4117 παρὰ
3365 4047 3566 4113 κακοῖς,
3593 4037 3671 4093 καὶ
3719 4033 3802 4104 οὐχ

2211 4141 2481 4216 εὑρήσεις.
2525 4161 2552 4188 ››
2588 4134 2690 4191 Κᾶν
2723 4135 2865 4210 πύθῃ
2894 4133 3059 4190 πάλιν
3118 4133 3279 4190 ποίαν
3339 4134 3556 4202 ταύτην,
3597 4155 3622 4181 ‹‹
3652 4125 3799 4196 Στόμα

2212 4227 2444 4296 δικαίου,
2479 4252 2498 4276 ι
2528 4227 2687 4304 φήσει
2726 4245 2833 4295 σοι,
2895 4248 2922 4277 ‹‹
2953 4222 3240 4294 ἀποσταξει
3290 4226 3402 4298 (78)
3435 4220 3630 4298 σοφίαν.
3657 4245 3680 4268 ω
3731 4232 3798 4266 σο-

2211 4319 2304 4396 φία
2344 4315 2401 4372 δὲ
2431 4303 2743 4390 ὁμωνύμως
2800 4316 2869 4388 τῇ
2929 4310 3162 4384 ἀληθείᾳ
3212 4314 3248 4382 ἡ
3299 4311 3576 4390 σοφιστική
3632 4303 3797 4380 λέγεται

2208 4390 2392 4482 τέχνη.
2430 4403 2591 4478 Ἐμοὶ
2643 4403 2701 4458 δὲ
2730 4403 2971 4466 εἰκότως.
3007 4404 3186 4475 οἶμαι,
3219 4400 3523 4477 πρόκειται,
3557 4398 3699 4482 βιοῦν
3726 4390 3798 4463 μὶν

2211 4496 2347 4552 κατᾶ
2373 4495 2464 4550 τὸν
2496 4493 2669 4569 Λόγον
2705 4534 2720 4561 ,
2759 4492 2846 4547 καὶ
2876 4497 3015 4546 νοεῖν
3046 4492 3113 4546 τὰ
3142 4490 3518 4564 σημαινὸμινα
3548 4506 3560 4519 ’
3604 4480 3800 4558 εὐγλωτ-

523 4618 586 4681 ›Χ‹
616 4619 677 4672 Ρ.
710 4620 811 4672 344
839 4618 950 4674 ED.
986 4620 1274 4687 POTTER,
1309 4620 1551 4673 292-294
1579 4619 1693 4675 ΕΙ).
1726 4621 1955 4677 PARIS.
1988 4624 2066 4697 (a)
2096 4677 2097 4680 η

2212 4625 2250 4681 l.
2282 4638 2470 4692 xmn,
2506 4622 2593 4687 10,
2619 4624 2703 4674 ll.
2737 4620 2810 4690 (ιο)
2845 4618 3024 4674 Eccli.
3082 4636 3198 4686 nx,
3248 4621 3336 4672 22.
3371 4619 3437 4689 (ο)
3468 4618 3620 4670 Prov.
3648 4625 3737 4675 xw,
3761 4607 3799 4657 6.

528 4761 642 4831 (73)
701 4758 914 4822 Κλάσας
981 4761 1082 4835 ,τὸν
1153 4758 1315 4833 ἄρτον
1375 4761 1696 4835 προέθηκεν·
1757 4785 1785 4813 “
1821 4766 2044 4822 panem
2079 4790 2105 4816 ”

457 4833 666 4908 igitur,
687 4850 818 4887 cum
848 4834 1138 4908 fregisset,
1165 4833 1462 4908 edendum
1487 4835 1812 4908 pr0posuit,
1839 4853 1958 4892 non
1983 4846 2108 4894 tan-

458 4904 584 4957 tum
619 4904 1056 4974 ejusspeciem.
1092 4906 1255 4960 Conf.
1287 4904 1672 4968 Mattlifxx'vl,
1705 4911 1792 4973 26,
1826 4915 1937 4964 ect.

530 4971 825 5052 (τιγηρὸξ
871 4971 928 5027 δὲ
1098 4978 1268 5030 Forte
1322 4979 1542 5032 rectius
1598 4977 1732 5052 πρὸς
1781 4971 1850 5033 ’δὶ
1883 4980 1934 5048 6',
1970 5005 1998 5032 (ι
2031 4981 2102 5036 ad

459 5043 619 5114 quod
647 5043 866 5099 autem.
908 5070 933 5095 υ
965 5043 1242 5102 SanunG.

530 5115 642 5184 (75)
699 5113 1024 5183 Γοητεύουσι
1059 5161 1073 5182 ,
1131 5115 1469 5171 κλέπτουσι.
1528 5117 1886 5187 Γοητεύουσαι
1935 5120 2105 5176 κλέπ·

457 5203 612 5259 του-σι
644 5195 1169 5259 commentatorem
1204 5195 1442 5244 secutus
1472 5189 1702 5259 scripsi,
1735 5193 1837 5248 sed
1863 5195 2104 5251 mallem

462 5257 973 5332 reliquissevnlg.
1022 5259 1341 5332 lectionem
1389 5257 1736 5332 γφητεύρυάι,
1785 5261 2102 5320 κλέπτουσι·

465 5328 604 5402 quia
635 5334 774 5402 post
800 5328 953 5383 infra
989 5330 1246 5384 similem
1279 5328 1505 5402 copula:
1550 5331 1807 5402 cllipsim
1839 5337 2109 5392 animad-

462 5399 629 5461 verti,
664 5418 698 5470 p
759 5401 1037 5470 133,153,
1068 5403 1195 5470 718/},
1233 5399 1365 5455 185.7
1391 5399 1662 5457 SanL'nG.

533 5466 965 5542 (76)”Καδμείαν
1024 5466 1197 5536 νίκηνμ
1259 5495 1284 5520 ‹‹
1350 5472 1664 5527 Cadmeam
1713 5475 2017 5533 victoriam
2078 5499 2105 5526 υ

463 5543 796 5624 appellant,
831 5561 960 5624 qua)
987 5542 1187 5623 victori
1219 5543 1576 5624 perinde_a_c
1607 5545 1754 5624 victo
1787 5549 2111 5616 perniciem

462 5615 711 5696 affert,_a
735 5615 936 5670 Cadmi
959 5613 1460 5696 terrigenis,_quos
1475 5613 1815 5696 fabulantur
1833 5635 1960 5673 sese
1988 5637 2113 5696 mu-

465 5692 564 5742 tuo
596 5685 670 5742 ad
701 5703 887 5744 unum
920 5685 1128 5743 omnes
1155 5685 1464 5744 occidisse.
1500 5687 1612 5741 Alii
1659 5687 1878 5745 dictam
1911 5691 2116 5746 existi-

2138 4771 2184 4834 D
2219 4771 2384 4822 mant
2411 4782 2446 4838 a
2475 4762 2737 4829 victoria,
2771 4778 2888 4838 qua
2917 4762 3200 4829 Thebani,
3221 4765 3489 4838 Cadmei
3520 4762 3714 4838 scilicet
3736 4770 3800 4809 ct-

2216 4856 2336 4898 ves.
2365 4836 2635 4898 Adrasto,
2661 4832 3005 4908 Argivorum
3028 4851 3184 4905 rege,
3203 4835 3452 4900 devicto,
3477 4832 3800 4908 haud‘mi‘n‘us

2215 4909 2326 4982 ipsi
2361 4908 2646 4982 damnum
2677 4905 2942 4982 perpessi
2989 4911 3148 4982 sunt.
3203 4908 3544 4982 Pausanias,
3600 4905 3798 4982 throno,

2213 4971 2344 5068 pag.
2510 4977 2653 5063 edit.
2678 4971 2906 5068 Har—xcv.
2945 4994 2957 5031 :
3016 4977 3224 5068 21,16
3281 4975 3494 5064 ξύμπαν
3515 4971 3802 5068 ’⁷στρὰτξᾚξα

2213 5039 2362 5118 Ῐπλῆν
2382 5046 2680 5123 ’ᾼδρρστου
2705 5049 2994 5120 φθαρῆναι.
3019 5043 3263 5123 Ἐγένετο
3287 5039 3454 5123 δὲξκαί
3472 5045 3646 5123 αὐτοῖς,
3664 5039 3716 5093 τὸ
3731 5039 3798 5123 Ep:

2213 5114 2495 5197 YpV'_9'.,J_XI
2525 5117 2647 5172 ἄνευ
2701 5114 2881 5173 κακῶν
2946 5114 3223 5194 μεγάλων⁸
3269 5119 3357 5197 καὶ
3397 5119 3502 5197 ,ἀπ’
3535 5114 3728 5197 ,ἐκείγου
3750 5114 3800 5158 τά

2216 5184 2308 5265 συν
2340 5190 2552 5263 ὀλέθρῳ
2598 5184 3140 5265 τῶν-κρατησᾶντων.
3199 5189 3470 5262 Καδμείαν
3525 5184 3799 5265 όνομᾷξουσί

2217 5261 2396 5330 νίκην.
2429 5259 2672 5335 «Totus
2717 5259 2914 5335 itaque
2969 5266 3282 5331 exercitus,
3312 5259 3430 5318 uno
3478 5259 3698 5335 fAdrasto
3719 5265 3800 5335 ρι’

2218 5322 2410 5407 cepto,
2444 5341 2533 5390 est
2561 5334 2633 5389 ad
2661 5322 3127 5392 internecionem
3150 5322 3354 5390 caesus.
3388 5332 3494 5388 Sed
3523 5347 3587 5385 ea
3617 5322 3800 5407 Thebe-

2219 5402 2316 5463 nis
2338 5407 2582 5463 victoria
2614 5422 2825 5477 magna
2855 5408 3017 5462 stetit
3056 5407 3242 5463 clade.
3277 5408 3353 5460 Ex
3385 5422 3450 5460 eo
3484 5402 3796 5477 usurpatum:

2219 5485 2286 5534 ut
2317 5481 2364 5534 si
2399 5496 2514 5551 qua
2561 5471 2808 5533 victores
2840 5480 3134 5551 pernicies
3167 5479 3477 5550 opprimat,
3509 5471 3714 5528 Cadmea
3736 5478 3798 5514 Vl-

2223 5551 2408 5606 ctoria
2439 5551 2686 5605 dicatur.
2715 5575 2735 5600 ι

2292 5625 2402 5692 (77)
2431 5623 2488 5676 Ὀ
2521 5617 2747 5692 δίκαιίοςτ
2783 5625 2828 5676 Α
2859 5622 3159 5677 Clemente
3191 5619 3471 5692 additum.

2295 5689 2406 5764 (73)
2439 5689 2772 5763 Ἀποστεὶξίί.
2806 5693 3148 5762 Ἀποστάζει.
3181 5689 3448 5749 Proverb.
