4042 6192
250 361 354 414 797

1598 361 2048 418 BTROMATUM
2085 362 2200 417 LIB
2262 362 2308 416 Ῑ.

3556 369 3668 425 798

245 482 430 554 μείνας
462 481 517 537 ἐν
549 481 709 557 αὐτῇ,
767 487 936 538 ταῦτα
995 481 1276 539 ἐνέπνευσε
1304 482 1396 537 καὶ
1445 484 1654 557 κλέψας
1710 481 1867 538 ἐδίδα·

2007 485 2152 557 quid
2168 484 2394 554 didicit,
2408 485 2472 551 ἄ(
2485 489 2617 545 etin
2635 506 2705 546 ea
2721 506 2841 545 non
2860 491 3100 557 mansit,
3122 493 3247 547 haec
3261 492 3589 565 inspiravit,
3607 499 3667 550 et

240 573 346 642 ξεν,
381 573 512 647 ούχὶ
551 579 627 645 μῆ
672 569 882 636 εἰδότος
939 578 1036 628 τοῦ
1093 572 1312 648 Κυρίου,
1367 577 1464 627 τοῦ
1521 573 1611 628 καὶ
1667 573 1735 627 τὰ
1761 572 1893 644 τέλη

233 666 347 715 τῶν
409 659 686 734 ἐσομένων
745 663 852 737 πρὸ
902 658 1220 732 καταϐολῆς
1300 666 1398 717 τοῦ
1453 659 1674 717 ἕκαστὸν
1763 662 1894 719 εἶναι

231 747 565 824 ἐγνωκότος,
600 749 748 806 ἄλλὰ
777 752 854 824 μή
891 751 1262 814 κωλύσαντος.
1297 751 1434 826 Εἶχε
1460 752 1560 827 γὰρ
1584 772 1706 806 τινα
1755 750 1897 829 ὠφέ-

235 838 393 894 λειαν
420 835 546 894 τότε
574 842 609 909 ἡ
644 839 718 902 εἷς
776 843 1092 916 ἀνθρώπους
1139 839 1415 917 ἐρχομένη
1465 837 1674 910 κλοπ-ἧ,
1709 840 1769 896 οὐ
1801 844 1896 895 τοῦ

236 929 590 1006 ὑφελομένου
668 931 730 986 τὸ
799 931 1070 1008 συμφέρον
1151 932 1568 1004 σκοπουμένου,
1636 932 1892 986 κατευθυ-

229 1021 440 1092 νούσης
473 1019 529 1076 δὲ
563 1020 639 1084 είς
671 1023 734 1077 τὸ
781 1024 1055 1100 συμφέρον
1096 1029 1198 1092 τῆς
1236 1021 1498 1097 Προνοίας
1526 1023 1626 1092 τήν
1675 1016 1890 1077 ἔκϐασιν

223 1115 328 1166 τοῦ
357 1110 748 1184 τολμήματος.
780 1110 915 1169 Οἶδα
963 1110 1211 1174 πολλοὺς
1244 1109 1615 1174 ἀδιαλείπτως
1664 1109 1893 1189 ἐπιφυο-

231 1200 439 1274 μένους
468 1203 632 1274 ἡμῖν,
657 1201 748 1256 καὶ
778 1202 839 1257 τὸ
873 1202 952 1275 μὴ
984 1200 1202 1257 κωλῦον
1233 1200 1405 1256 αἴτιον
1441 1200 1574 1256 εἶναι
1605 1200 1887 1276 Λέγοντας·

225 1291 365 1365 φασὶ
398 1291 502 1367 γὰρ
543 1289 718 1346 αἴτιον
775 1292 908 1347 εἶναι
964 1290 1183 1361 κλοπῆς
1234 1291 1326 1346 τὸν
1381 1291 1457 1364 μὴ
1491 1289 1818 1369 φυλάξαντα,
1851 1291 1886 1362 ἢ

223 1382 320 1435 τὸν
392 1382 469 1453 μὴ
527 1379 868 1436 κωλύσαντα·
930 1382 1004 1438 ὡς
1060 1385 1157 1436 τοῦ
1216 1379 1549 1455 ἐμπρησμοῦ
1583 1425 1600 1450 ,
1652 1380 1742 1435 τὸν
1808 1380 1885 1453 μὴ

222 1465 501 1526 σϐέσαντα
543 1471 608 1526 τὸ
661 1467 834 1526 δεινὸν
893 1469 1229 1546 ἀρχόμενον·
1284 1471 1374 1525 καὶ
1423 1474 1520 1525 τοῦ
1573 1468 1836 1544 ναυαγίου
1869 1515 1884 1537 ,

217 1561 318 1616 τὸν
385 1554 750 1636 κυϐερνήτην,
806 1561 883 1634 μὴ
931 1559 1218 1616 στείλαντα
1259 1561 1360 1629 τήν
1412 1559 1631 1630 ἀθὸνην.
1683 1559 1884 1615 Αὐτίκα

217 1647 558 1718 κολάζονται
591 1650 727 1724 πρὸς
755 1655 852 1705 τοῦ
879 1651 1054 1723 νόμου
1103 1650 1160 1704 οἱ
1188 1651 1395 1706 τούτων
1443 1648 1607 1704 αἶ’τιοι
1643 1693 1657 1706 .
1707 1649 1752 1721 ᾧ
1781 1651 1882 1725 γὰρ

216 1737 481 1795 κωλῦσαι
542 1741 656 1813 (10)
720 1737 946 1813 δύναμις
995 1740 1086 1810 ἦν,
1138 1738 1318 1809 τούτῳ
1373 1738 1462 1794 καὶ
1507 1741 1542 1808 ἡ
1589 1737 1732 1794 αἰτία
1785 1743 1884 1793 τοῦ

2005 575 2161 631 furto
2190 584 2461 648 surrepta
2491 578 2730 646 docuit;
2779 580 2889 635 hoc
2935 579 3180 649 faciens,
3216 598 3338 637 non
3369 583 3526 653 quod
3557 600 3661 639 ne-

2007 665 2207 719 scierit
2235 667 2541 736 Dominus,
2578 668 2678 739 qui
2712 669 2863 724 tines
2889 686 3267 742 eorum,qua>
3286 671 3484 727 futura
3501 679 3658 741 sunt,

2005 754 2165 809 novit
2190 761 2326 812 ante
2359 758 2846 814 constitutionem
2871 760 3341 831 uniuscujusque
3365 763 3659 830 essentizn,

2005 843 2109 898 sed
2140 843 2298 914 quod
2318 863 2439 900 non
2471 847 2864 917 prohibuerit.
2889 850 3049 903 Tunc
3083 849 3243 904 enim
3269 849 3530 921 aliquam
3554 850 3662 907 ha-

2003 931 2132 986 buit
2160 933 2473 990 utilitatem
2506 937 2749 1001 furtum,
2796 938 2955 1008 quod
3002 937 3235 994 redibat
3259 939 3332 994 ad
3363 939 3658 1010 homines,

2001 1036 2120 1075 non
2153 1022 2310 1091 quod
2341 1023 2411 1090 is,
2445 1024 2546 1094 qui
2579 1026 2885 1097 surripuit,
2931 1025 3077 1080 utile
3123 1025 3235 1080 sibi
3277 1033 3655 1098 proponeret.

2003 1109 2105 1164 sed
2136 1111 2510 1168 Providentia
2550 1113 2624 1168 ad
2671 1115 2816 1169 utile
2865 1114 3148 1187 dirigeret
3176 1115 3349 1170 istius
3378 1115 3657 1171 facinoris

1999 1205 2293 1254 eventum.
2329 1201 2458 1256 Scio
2491 1203 2709 1258 multos
2740 1204 2802 1259 in
2834 1221 2943 1260 nos
2974 1205 3212 1260 assidue
3244 1205 3574 1278 insurgere,
3597 1211 3656 1260 et

1997 1287 2079 1353 id,
2112 1288 2271 1360 quod
2302 1306 2421 1345 non
2449 1292 2747 1363 prohibet,
2789 1310 3025 1349 causam
3059 1311 3188 1350 esse
3233 1294 3451 1350 dicere.
3491 1295 3654 1349 Furti

1997 1379 2155 1432 enim
2187 1395 2427 1435 causam
2456 1397 2586 1436 esse
2617 1381 2823 1438 dicunt
2851 1385 3006 1439 134
3043 1401 3200 1450 eum,
3237 1385 3337 1456 qui
3378 1401 3498 1440 non
3530 1400 3658 1440 ser-

1993 1468 2164 1532 vavit,
2193 1469 2283 1524 vel
2313 1485 2470 1535 eum,
2505 1471 2605 1542 qui
2629 1488 2749 1526 non
2772 1472 3077 1543 prohibuit
3102 1491 3115 1528 :
3145 1473 3651 1545 quemadmodum

1993 1557 2274 1627 incendii,
2292 1561 2557 1631 eum,qui
2575 1561 2770 1632 ignem
2789 1578 2908 1616 non
2932 1563 3609 1635 exstinxitincipientem
3636 1569 3651 1616 ς

1992 1653 2052 1702 et
2094 1649 2408 1721 naufragii,
2448 1650 2926 1722 gubernatorem,
2959 1653 3060 1722 qui
3111 1653 3305 1708 velum
3353 1670 3475 1708 non
3506 1671 3649 1710 con-

1992 1739 2252 1792 traxerit.
2288 1740 2415 1794 1am
2447 1755 2582 1794 vero
2635 1741 2969 1812 puniuntur
3016 1758 3050 1796 a
3097 1741 3245 1814 lege,
3292 1743 3393 1812 qui
3441 1743 3653 1798 horum

218 1822 631 1901 συμϐαίνοντος
686 1830 1077 1905 προσάπτεται.
1132 1827 1318 1900 Φαμὲν
1351 1824 1418 1897 δὴ
1476 1826 1612 1902 πρὸς
1658 1827 1867 1894 αὐτοὺς,

1996 1842 2188 1882 causa;
2229 1834 2401 1883 sunt:
2449 1845 2590 1884 nam
2637 1829 2699 1883 in
2747 1830 2916 1902 cujus
2967 1836 3258 1902 potestate
3307 1836 3433 1886 erat
3474 1833 3654 1886 situm

214 1918 280 1972 16
313 1916 498 1972 αἴτιον
528 1915 581 1973 ἐν
629 1921 710 1990 τῷ
738 1921 916 1972 ποιεῖν
971 1917 1061 1972 καὶ
1115 1915 1354 1991 ἐνεργεῖν
1408 1916 1500 1970 καὶ
1556 1912 1683 1991 δρᾷν
1737 1920 1882 1971 νοεῖ-

217 2019 372 2071 σθαι·
407 2005 472 2062 τὸ
506 2004 563 2062 δὶ
619 2008 695 2081 μὴ
739 2006 980 2075 κωλῦον,
1007 2005 1144 2061 κατά
1199 2026 1262 2081 γε
1309 2009 1473 2061 τοῦτο
1530 2004 1882 2079 ἆνενέργητον

213 2096 383 2154 εἶναι.
415 2099 537 2152 Ἔτι
566 2097 628 2152 τὸ
689 2096 784 2170 μὲν
844 2095 1017 2152 αἴτιον
1075 2095 1211 2168 πρὸς
1241 2099 1310 2169 τῇ
1344 2093 1584 2171 ἐνεργείᾳ
1610 2092 1742 2149 ἐστί·
1784 2114 1883 2148 κα-

209 2187 392 2258 θάπερ
418 2187 448 2242 6
485 2187 578 2259 μὲν
609 2187 893 2262 ναυπηγὸς
925 2185 1064 2260 πρὸς
1110 2185 1172 2240 τὸ
1217 2185 1495 2261 γίγνεσθαι
1553 2184 1615 2238 τὸ
1660 2182 1881 2262 σκάφος·

211 2275 239 2330 ὁ
275 2273 340 2330 δὲ
375 2273 680 2348 οἰκοδόμος
711 2277 848 2350 πρὸς
879 2275 942 2331 τὸ
984 2273 1225 2330 ἐκτίσθαι
1265 2276 1376 2347 (11)
1433 2274 1534 2342 τὴν
1589 2271 1783 2327 οἰκίαν·
1817 2272 1881 2328 τὸ

208 2362 268 2420 δὲ
306 2366 393 2438 μὴ
427 2362 650 2420 κωλῦον
695 2362 1031 2439 κεχώρισται
1084 2367 1181 2419 τοῦ
1211 2361 1519 2440 γινομένου·
1576 2357 1665 2415 διὰ
1718 2365 1879 2416 τοῦτο

205 2459 340 2531 γοῦν
377 2451 734 2525 ἐπιτελεῖται,
765 2453 848 2508 δτι
878 2453 942 2508 τὸ
972 2450 1216 2508 κωλῦσαι
1250 2449 1547 2524 δυνάμενον
1600 2450 1702 2505 οὐκ
1731 2448 1879 2525 ἐνερ-

204 2550 316 2620 γεῖ,
378 2541 517 2598 οὐδὲ
570 2541 796 2598 κωλύει·
856 2541 909 2596 τί
958 2543 1059 2618 γὰρ
1115 2541 1322 2617 ἐνεργεῖ
1379 2542 1406 2595 6
1463 2541 1538 2613 μή
1591 2538 1874 2610 κωλύωνς

205 2632 363 2704 ’Πδη
400 2630 462 2688 δὲ
496 2632 585 2687 καὶ
639 2631 715 2694 εἷς
761 2632 1066 2710 ἀπέμφασιν
1118 2631 1305 2695 αὐτοῖς
1335 2631 1360 2686 6
1408 2627 1572 2706 λόγος
1603 2634 1797 2704 χωρεῖ,
1831 2627 1881 2683 εἷ’

203 2744 268 2799 γε
295 2730 414 2792 τῆς
442 2723 717 2794 τρώσεως,
751 2721 877 2777 οὐχὶ
917 2723 978 2776 τὸ
1015 2720 1198 2797 βέλος,
1233 2719 1378 2776 ἀλλὰ
1409 2741 1508 2789 την
1544 2717 1746 2774 ἀσπίδα
1774 2719 1873 2787 τήν

207 2814 286 2886 μὴ
323 2809 657 2868 κωλύσασαν
708 2811 770 2865 τὸ
824 2809 986 2886 βέλος
1036 2807 1292 2879 διελθεῖν,
1339 2808 1696 2864 αἰτιάσονται·
1747 2803 1875 2862 οὐδὲ

198 2903 301 2978 γὰρ
339 2901 442 2956 16v
477 2898 742 2973 κλέπτην,
790 2897 938 2955 ἀλλά
982 2901 1074 2955 τὸν
1135 2901 1211 2973 μή
1258 2899 1582 2954 κωλύσαντα
1608 2898 1709 2966 τὴν
1737 2895 1873 2952 κλο-

198 2994 314 3062 πήν
354 2989 835 3066 καταμέμψονται.
890 2991 986 3044 Καὶ
1033 2989 1128 3054 τὰς
1173 2993 1298 3052 ναῦς
1341 2987 1525 3044 τοίνυν
1574 2991 1682 3043 τῶν
1734 2984 1871 3042 Ἐλ-

199 3082 401 3153 λήνων
440 3081 518 3154 μή
551 3081 642 3135 τὸν
669 3081 907 3154 Ἕκτορα
945 3077 1223 3156 ἐμπρῆσαι
1253 3077 1526 3154 λεγόντων
1561 3079 1691 3149 (12),
1725 3073 1873 3131 ἀλλὰ

193 3171 292 3228 τὸν
340 3167 642 3245 Ἀχιλλέα·
705 3166 844 3225 διότι
895 3167 1139 3224 κωλῦσαι
1195 3167 1290 3224 τὸν
1347 3170 1584 3242 Ἕκτορα
1635 3163 1869 3238 δυνάμε-

195 3225 313 3330 νος,
356 3225 787 3314 ούῆκεκώλυκεν·
821 3255 950 3313 ἀλλ’
973 3259 1000 3312 ὁ
1029 3258 1124 3332 μὲν
1184 3254 1274 3313 διᾶ
1333 3225 1525 3330 μῆνινΙ
1557 3259 1573 3329 (
1605 3255 1690 3312 ἐπ’
1721 3225 1868 3327 αύτῷ
1901 3225 1943 3293 C

197 3349 255 3408 δί
316 3351 397 3420 ἦν
452 3352 567 3422 (13)
620 3349 712 3404 καὶ
775 3347 1012 3421 μηνίειν,
1070 3349 1160 3403 καὶ
1221 3349 1327 3422 μὴν
1389 3346 1489 3402 οὔκ
1545 3344 1762 3419 ἀπεῖρξε
1808 3344 1871 3399 τὸ

195 3445 338 3518 πῦρ,
371 3439 469 3494 καὶ
497 3436 625 3500 ἴσως
649 3437 940 3500 συναίτιος·
965 3439 993 3493 6
1017 3434 1073 3492 δὶ
1091 3432 1374 3505 διάϐολος,
1400 3433 1748 3505 αὐτεξούσιος
1773 3430 1869 3505 ὢν,

193 3532 290 3585 καὶ
331 3533 674 3603 μετανοῆσαι
733 3527 852 3589 οἷός
906 3548 966 3582 τε
1015 3527 1083 3596 ἦν
1138 3531 1249 3601 (14)
1299 3525 1391 3582 καὶ
1447 3522 1665 3598 κλέψαι·
1725 3523 1815 3578 καὶ
1847 3523 1876 3578 6

196 3618 391 3680 αἴτιος
426 3616 588 3679 αὐτὸς
621 3623 719 3685 τῆς
749 3613 988 3686 κλοπῆς,
1035 3615 1140 3691 οὐχ
1171 3615 1200 3669 6
1235 3616 1308 3688 μὴ
1341 3613 1596 3675 κωλύσας
1655 3611 1876 3685 Κύριος.

197 3707 374 3766 Ἀλλ’
431 3704 551 3760 οὐδ’
605 3699 916 3773 ἐπιϐλαϐἡς
974 3707 1010 3774 ἡ
1068 3702 1216 3767 δόσις
1261 3707 1354 3774 ἦν,
1410 3703 1498 3759 ἳνα
1556 3705 1591 3772 ἡ
1635 3699 1880 3767 κώλυσις

195 3795 489 3873 παρέλθῃ.
522 3793 586 3852 Εἰ
638 3791 696 3848 δὲ
754 3796 866 3869 χρὴ
926 3789 1410 3869 ἀκριϐολογεῖσθαι
1465 3792 1602 3870 πρὸς
1655 3790 1873 3862 αὐτοὺς,

198 3884 450 3940 ἴστωσαν
485 3884 546 3937 τὸ
582 3884 675 3956 μὶν
708 3884 783 3957 μὴ
834 3882 1141 3939 κωλυτικὸν
1177 3887 1310 3959 (15),
1371 3884 1504 3958 ὅπερ
1563 3881 1736 3955 φαμὲν
1785 3879 1874 3935 ἐπὶ

191 3979 295 4042 τῆς
331 3980 563 4042 κλοπῆς
608 3972 902 4048 γεγονέναι,
949 3972 1080 4047 μηδ’
1128 3973 1274 4035 ὅλως
1306 3972 1480 4029 αἶ’τιον
1527 3972 1686 4027 εἶναι·
1722 3970 1785 4024 τὸ
1817 3966 1875 4025 δὲ

189 4063 520 4121 κωλυτικὸν
582 4062 860 4138 ἐνέχεσθαι
916 4069 996 4136 τῷ
1052 4069 1150 4120 τοῦ
1197 4063 1372 4119 αἰτίου
1430 4061 1762 4138 ἐγκλήματι.
1813 4060 1874 4117 Ὁ

187 4155 291 4230 γὰρ
355 4151 711 4229 προασπίζων
771 4151 946 4215 α’ίτιός
1001 4153 1111 4209 ἐστι
1159 4158 1240 4226 τῷ
1287 4149 1745 4229 προασπιζομένῳ
1774 4152 1870 4203 τοῦ

194 4245 273 4317 μὴ
343 4242 767 4316 τιτρώσκεσθαι,
800 4239 1034 4297 κωλύων
1093 4243 1156 4297 τὸ
1214 4249 1493 4317 τρωθῆναι
1548 4240 1734 4295 αὐτὸν.
1769 4237 1870 4291 Καὶ

185 4335 268 4406 τῷ
297 4332 596 4406 Σωκράτει
638 4331 701 4385 τὸ
735 4327 1016 4404 δαιμόνιον
1077 4329 1248 4388 α’ίτιον
1307 4333 1398 4402 ἦν,
1433 4330 1561 4406 οὐχὶ
1625 4329 1701 4403 μὴ
1754 4348 1868 4382 κω-

260 4444 331 4507 ›χ‹
365 4435 430 4488 Ρ.
468 4434 710 4487 367-368
740 4434 852 4487 ΕΒ.
888 4434 1182 4507 POTTER,
1215 4435 1449 4489 310-311
1481 4434 1593 4488 ED.
1626 4428 1853 4486 PARIS.

1995 1915 2333 1988 prohibere,
2363 1917 2424 1972 in
2456 1935 2592 1974 eum
2616 1919 2767 1990 ejus,
2789 1919 2948 1990 quod
2967 1920 3201 1990 accidit,
3233 1920 3408 1992 culpa
3423 1920 3656 1976 confer-

1996 2010 2110 2060 tur.
2143 2005 2232 2060 Ad
2262 2005 2371 2061 hos
2397 2013 2597 2063 autem
2625 2007 2901 2076 dicimus,
2927 2008 3085 2080 quod
3110 2009 3172 2064 in
3198 2009 3492 2076 faciendo,
3515 2026 3655 2082 ope-

1997 2094 2206 2162 rando,
2241 2101 2300 2150 et
2328 2096 2576 2168 agendo,
2627 2113 2808 2152 causa
2845 2103 3275 2170 cognoscatur:
3326 2097 3386 2152 id
3431 2105 3652 2166 autem,

1996 2183 2156 2255 quod
2184 2201 2303 2240 non
2335 2186 2632 2256 prohibet,
2661 2187 2774 2242 hoc
2806 2187 2934 2258 ipso
2974 2193 3270 2243 remotum
3302 2194 3391 2243 est
3419 2188 3491 2243 ab
3514 2205 3654 2260 ope-

1991 2274 2243 2329 ratione.
2279 2275 2573 2332 Praaterea
2602 2292 2782 2332 causa
2802 2277 3044 2347 quidem
3075 2285 3342 2333 versatur
3363 2279 3424 2333 in
3441 2295 3652 2350 opera-

1993 2362 2153 2417 tione
2179 2383 2194 2430 ;
2214 2363 2715 2434 quemadmodum
2735 2365 2900 2420 navis
2917 2366 3241 2422 aediﬁcator
3261 2367 3322 2422 in
3339 2367 3646 2423 fabrican-

1995 2450 2069 2506 da
2101 2451 2357 2523 scapha;
2393 2452 2603 2508 domus
2633 2459 2832 2510 autem
2865 2454 3209 2522 aediﬁcator,
3241 2456 3302 2511 in
3335 2457 3480 2512 tedis
3511 2475 3648 2514 con-

1991 2541 2353 2597 structione:
2385 2542 2445 2598 id
2481 2549 2702 2608 autem,
2755 2544 2911 2616 quod
2953 2561 3072 2600 non
3121 2545 3416 2617 prohibet,
3449 2546 3521 2601 ab
3555 2563 3644 2614 eo,

1991 2629 2150 2700 quod
2189 2630 2273 2694 fit,
2308 2638 2648 2702 separatum
2700 2639 2807 2688 est.
2860 2635 3178 2705 Propterea
3221 2651 3357 2707 ergo
3400 2637 3645 2707 perfici-

1989 2723 2106 2787 tur,
2139 2720 2297 2790 quod
2329 2719 2408 2789 id,
2434 2721 2592 2791 quod
2624 2728 2818 2793 potest
2845 2723 3181 2794 prohibere,
3205 2741 3324 2779 non
3347 2732 3643 2796 operatur,

1988 2823 2099 2862 nec
2123 2808 2414 2878 prohibet.
2449 2809 2600 2873 Quid
2631 2811 2790 2865 enim
2823 2818 3121 2881 operatur,
3158 2812 3256 2883 qui
3290 2830 3409 2868 non
3447 2813 3644 2884 prohi-

1987 2897 2132 2953 bet?
2155 2898 2281 2952 Jam
2312 2914 2446 2953 vero
2478 2899 2551 2954 ad
2584 2900 2906 2955 absurdum
2933 2918 3168 2973 quoque
3198 2901 3353 2956 redit
3380 2903 3459 2969 id,
3485 2904 3643 2974 quod

1984 2987 2057 3042 ab
2091 2987 2176 3041 eis
2208 2987 2458 3044 dicitur:
2493 2989 2789 3060 siquidem
2820 2990 3081 3047 vulneris
3112 3008 3350 3048 causam
3392 3007 3519 3048 esse
3552 2993 3642 3048 di-

1983 3080 2139 3145 cent,
2163 3092 2284 3130 non
2315 3076 2520 3144 telum,
2557 3078 2660 3133 sed
2701 3078 2997 3150 clypeum,
3031 3081 3133 3152 qui
3163 3097 3283 3136 non
3314 3081 3641 3153 prohibuit,

1983 3165 2303 3236 quominus
2339 3165 2519 3220 telum
2568 3167 2902 3238 pevaderet.
2955 3170 3154 3239 Neque
3203 3169 3382 3242 igitur
3426 3169 3642 3238 furem,

1983 3253 2088 3310 sed
2121 3270 2279 3321 eum,
2311 3255 2412 3326 qui
2433 3255 2657 3311 furtum
2688 3273 2806 3312 non
2829 3256 3154 3329 prohibuit,
3176 3259 3638 3330 reprehendent.

1983 3343 2221 3414 Alioqui
2266 3345 2601 3400 Graecorum
2651 3363 2886 3417 quoque
2936 3364 3113 3404 naves
3161 3364 3283 3404 non
3331 3350 3643 3405 Hectorem

1984 3432 2183 3488 dicant
2224 3433 2646 3505 combussisse,
2695 3435 2798 3491 sed
2829 3436 3160 3504 Achillem;
3193 3439 3474 3510 quoniam
3508 3455 3645 3494 cum

1989 3522 2305 3594 prohibere
2336 3529 2535 3595 posset
2557 3525 2888 3592 Hectorem,
2913 3543 3032 3582 non
3056 3527 3380 3598 prohibuit.
3406 3527 3519 3583 Sed
3543 3527 3646 3584 ille

1989 3611 2229 3682 quidem
2261 3617 2503 3683 propter
2528 3613 2676 3669 iram
2705 3615 2790 3686 (in
2820 3616 2948 3687 ejus
2979 3623 3176 3672 autem
3210 3623 3498 3688 potestate
3520 3624 3650 3674 erat

1989 3701 2184 3768 irasci,
2217 3701 2308 3756 vel
2339 3718 2459 3757 non
2494 3702 2713 3773 irasci),
2747 3709 2806 3759 et
2835 3705 3029 3776 ignem
3079 3723 3198 3761 non
3231 3706 3554 3777 prohibuit,
3588 3712 3648 3762 et

1984 3790 2136 3846 forte
2167 3790 2453 3863 adiuvans
2479 3809 2659 3848 causa
2686 3793 2799 3849 fuit
2823 3811 2835 3848 :
2871 3795 3144 3850 diabolus
3170 3803 3368 3852 autem
3400 3814 3536 3853 cum
3565 3797 3643 3852 li-

1985 3879 2526 3944 berum-Xshaberet
2541 3882 2876 3952 arbitrium,
2898 3891 2954 3939 et
2974 3885 3108 3940 duci
3132 3893 3334 3957 posset
3354 3888 3648 3958 paeniten-

1984 3970 2066 4024 tia
2095 3975 2153 4024 et
2181 3969 2384 4038 furari,
2419 3971 2546 4041 ipse
2577 3988 2813 4043 quoque
2844 3973 2982 4029 furti
3023 3991 3204 4031 causa
3233 3982 3342 4044 est,
3380 3993 3500 4032 non
3531 3994 3639 4033 au—

1984 4063 2104 4113 tem
2135 4059 2441 4126 Dominus,
2475 4061 2578 4130 qui
2610 4077 2730 4116 non
2773 4063 3095 4133 prohibuit.
3123 4065 3234 4120 Sed
3261 4082 3371 4121 nec
3391 4067 3634 4122 noxium

1981 4153 2109 4203 erat
2133 4147 2377 4216 donum,
2409 4155 2474 4203 ut
2511 4150 2820 4206 accederet
2866 4153 3208 4223 prohibitio,
3259 4155 3423 4220 Quod
3459 4156 3505 4209 si
3537 4172 3637 4210 ac-

1981 4241 2180 4291 curate
2201 4235 2481 4292 adversus
2503 4254 2604 4294 eos
2624 4239 2917 4310 agendum
2941 4248 3050 4312 est,
3077 4241 3268 4297 sciant
3289 4243 3348 4297 id
3373 4243 3633 4313 quidem,

1980 4324 2136 4396 quod
2169 4343 2289 4382 non
2319 4327 2615 4397 prohibet,
2644 4328 2801 4398 quod
2831 4329 2892 4384 in
2923 4328 3078 4385 furto
3128 4330 3348 4386 factum
3382 4347 3510 4386 esse
3536 4330 3631 4385 di-

185 4537 314 4601 350,
359 4532 435 4588 de
469 4529 726 4603 quodam
762 4531 928 4604 lapso
959 4535 1170 4623 angelo
1204 4535 1329 4589 haec
1361 4534 1626 4590 continet
1659 4549 1670 4586 :
1710 4524 1856 4608 Ἐδίς
1889 4530 1937 4594 ι)
1970 4523 2072 4578 hat
2101 4523 2393 4608 Achillem
2414 4524 2700 4623 vle'l‘irasci
2731 4529 2860 4623 :‘vel
2884 4545 3001 4623 neu
3035 4528 3209 4623 iraosci
3232 4546 3244 4583 :
3271 4528 3374 4584 sed
3398 4533 3630 4586 utrum-

185 4598 310 4678 δαξε
338 4598 575 4678 169216
603 4598 926 4678 ,μ’δστῄρᾀια,
976 4598 1071 4678 κᾳῖ
1124 4603 1546 4678 ἀπεκάλυψετῴ
1577 4603 1732 4678 αἰῶνι
1789 4598 1858 4678 τὰ

185 4627 310 4677 Οαζε
509 4627 575 4656 τι
633 4627 926 4676 μ’)στηρια,
976 4627 1065 4659 καί.
1124 4627 1546 4676 απεκαΛυιετῳ
1577 4627 1732 4657 αιωνι
1789 4627 1852 4656 τα

184 4677 236 4732 ἐν
288 4672 539 4751 οὐρανῷ·
600 4672 978 4751 ἐπιτηδεύουσι
1012 4674 1068 4731 δὲ
1115 4679 1183 4732 τὰ
1212 4627 1619 4751 ἐπιτηδεύματα
1657 4674 1852 4751 ἀύτοῖὀ,

186 4746 499 4804 εἶδέναιτᾶ
549 4749 841 4818 μυστήρια,
896 4746 1178 4820 τολμῶσιν
1207 4749 1259 4803 οἱ
1313 4750 1421 4805 υἱοὶ
1478 4746 1585 4803 τῶν
1648 4746 1856 4820 ἀνθρώ-

182 4842 337 4877 πων.
375 4846 401 4870 ι(
442 4822 683 4874 Secreta
727 4820 923 4895 palam
977 4822 1136 4884 fecit,
1172 4827 1230 4895 et
1259 4822 1392 4891 ista,
1427 4839 1557 4895 quae
1605 4821 1666 4895 in
1701 4819 1864 4874 caelis

182 4895 442 4950 occlusa
475 4898 671 4972 erant,
708 4893 926 4946 smculo
959 4894 1257 4949 revelavit.
1294 4893 1545 4950 Genium
1579 4893 1707 4973 ejus
1738 4897 1860 4946 stu-

183 4967 339 5022 dent
369 4962 730 5038 assequi._et
759 4980 976 5038 arcana
1027 4983 1276 5037 quaeque
1334 4962 1692 5038 perscrutari
1738 4982 1857 5022 non

182 5045 478 5094 verentur
504 5035 611 5089 filii
643 5034 1029 5109 hominum.»
1044 5034 1394 5109 Sequuntur
1416 5039 1524 5093 hac
1558 5037 1627 5092 de
1660 5051 1722 5090 re
1739 5038 1857 5093 alia

182 5128 310 5166 non
342 5108 1124 5183 pa_uca..qua3‘perscri_bere
1148 5108 1339 5183 nimis
1386 5111 1628 5183 longum
1676 5115 1852 5183 esset.

257 5174 384 5255 (10'!
412 5180 481 5255 ᾭ
513 5174 626 5255 τάξ
646 5174 913 5255 κωλύσαι.
967 5181 1187 5255 Paulus
1215 5182 1261 5236 J.
1296 5182 1336 5236 C
1362 5225 1374 5238 .
1409 5174 1568 5255 inivl.
1603 5178 1846 5255 Nullum,

183 5256 315 5314 109,
351 5251 428 5323 de
456 5249 644 5323 regul.
679 5250 835 5323 Juris
861 5267 874 5315 ;
897 5256 954 5305 et
977 5251 1013 5305 l.
1051 5253 1349 5323 Culpa.50,
1385 5254 1613 5323 eodem.
1653 5252 1715 5306 Β.
1752 5255 1850 5308 ln-

176 5325 274 5380 fra
308 5319 879 5396 eademidisputatio
912 5319 1223 5396 repetitur,
1249 5343 1305 5396 p.
1339 5327 1462 5381 1:33.
1498 5319 1773 5379 SvLaunc.

254 5397 370 5465 (11)
401 5391 696 5454 Ἐκτίσθαι.
746 5394 804 5465 F.
864 5391 1084 5450 rectius
1135 5391 1428 5464 κτίζέσθαι,
1477 5413 1651 5465 praes.
1691 5400 1847 5452 tem-

175 5464 455 5542 pore.»ut
485 5465 545 5519 in
566 5464 830 5542 _prazced_.
866 5467 1132 5542 membro
1153 5467 1426 5542 γίγνεσθαι
1457 5464 1731 5542 Svtnuac,

253 5489 353 5527 ’re.
388 5489 455 5519 ιιι
485 5489 545 5519 ιιι
579 5489 830 5536 ρι’ἒυυυυ.
868 5489 1132 5522 11161111)Γο
1153 5489 1206 5542 γι
1245 5489 1426 5531 νεσυαι
1458 5489 1731 5524 DYLBUKG-

253 5539 373 5608 (12)
423 5534 754 5614 -.μεγόντωνλ
806 5537 1153 5607 lmperative
1198 5489 1421 5596 dictum
1463 5557 1567 5613 pro
1611 5536 1841 5614 λεγέτω·

174 5606 306 5672 σαν,
342 5606 368 5657 «ὲ
405 5606 628 5662 dicant.
667 5630 686 5655 ι
723 5606 998 5664 SvLaUac.

251 5681 372 5757 (t3)
402 5679 530 5757 fut.
566 5682 634 5734 A.
669 5695 826 5757 _cum
887 5680 1131 5737 Herveto
1191 5683 1512 5756 interprete
1572 5685 1836 5757 negative

1969 4612 2084 4667 que
2116 4596 2177 4651 in
2209 4597 2336 4668 ejus
2367 4596 2612 4652 arbitrio
2639 4604 2768 4653 erat
2795 4601 3074 4670 positum.
3107 4601 3379 4658 SYLBURG.

2039 4687 2147 4752 (14)
2180 4685 2517 4750 Μετανοῆσαι
2555 4683 2670 4746 οἷός
2701 4705 2759 4740 τε
2791 4686 2857 4754 ἦν
2912 4689 3192 4744 Eamdem
3252 4691 3628 4746 sententiam

1974 4764 2179 4834 postea
2191 4756 2526 4834 defendisse
2549 4758 2884 4830 Origenem,
2906 4761 3230 4817 Clementis
3248 4761 3628 4834 discipulum,

1975 4828 2118 4881 satis
2150 4833 2355 4882 notum
2389 4833 2495 4882 est.

2042 4901 2153 4968 (ίὸ)
2183 4897 2254 4951 Τὸ
2289 4897 2382 4968 μὲν
2420 4898 2494 4968 μὴ
2531 4895 2739 4959 κωλυτ.
2773 4902 3005 4959 Similia
3037 4902 3179 4959 dicit
3221 4904 3375 4960 infra
3424 4906 3626 4960 Strom.

1965 4985 2043 5046 1_v,
2077 4987 2133 5046 p.
2169 4971 2595 5046 508_et_Strom:
2626 4989 2814 5046 _vm_p.
2850 4977 2972 5046 184,
3003 4977 3147 5046 785:
3193 4976 3264 5030 Τὸ
3298 4977 3375 5046 μή
3413 4973 3630 5030 κωλῦον

1966 5038 2517 5119 ᾀνενέργητόνέστιν·
2567 5038 2797 5119 διὸ-,οὐκ
2850 5038 2993 5119 ἔστιν
3046 5044 3218 5101 αἶίτιον
3251 5038 3332 5119 τὸ
3366 5038 3468 5119 ⁷μή
3519 5068 3628 5102 κωο

1969 5107 2348 5195 λῦρκξᾶλλρ
2401 5113 2464 5195 1'6
2520 5111 2778 5168 κωλῦον·
2846 5117 2898 5173 ἐν
2952 5119 3056 5195 γὰρ
3113 5123 3194 5195 τῷ
3247 5107 3628 5195 ἐνεργεῖνὲκαὶ

1965 5177 2098 5264 δρᾷν
2136 5177 2196 5238 ’τι
2265 5183 2328 5239 τὸ
2385 5183 2563 5264 α’ίτιον
2636 5192 2840 5264 νοεῖται
2877 5235 2890 5248 .
2946 5177 3070 5264 ,Ἔτι
3143 5177 3206 5264 το
3283 5177 3629 5264 μῆ’κωλῦον

1957 5254 2471 5338 διιεχιῖιρισιτοιιΛειτοῦ.¹
2525 5257 2852 5338 γινομένου·
2907 5262 2968 5316 16
3027 5258 3083 5338 δέ
3144 5254 3509 5338 αἴτιόν-πρὸς
3560 5263 3629 5338 16

1956 5325 2268 5406 γινόμενδν.
2306 5327 2419 5382 Οὐκ
2447 5325 2508 5406 ᾃν
2538 5325 2755 5400 ὀῦνέῗη
2797 5330 2968 5388 α⁹ίτιον
3015 5334 3077 5388 τὸ
3113 5335 3189 5406 μή
3219 5325 3455 5390 κωλῦον.
3492 5359 3518 5385 α
3557 5336 3621 5391 Id

1955 5400 2113 5490 quod
2139 5417 2258 5456 non
2283 5401 2595 5490 prohibet,
2638 5419 2758 5458 non
2817 5400 3450 5490 o‘peraturE‘quocirca‘
3497 5423 3620 5461 non

1954 5477 2043 5556 est
2072 5489 2251 5556 causa
2281 5472 2548 5556 id,_quod
2578 5489 2698 5556 non
2732 5472 3030 5556 prohibet,
3058 5480 3161 5556 sed
3183 5472 3265 5547 id,
3296 5477 3617 5556 quodpro-

1950 5542 2114 5620 hibet
2146 5564 2160 5606 ;
2194 5562 2335 5600 nam
2371 5542 2429 5620 in
2463 5545 2693 5617 agendo
2729 5542 2803 5620 et,
2825 5542 3124 5620 operando
3157 5542 3334 5606 causa
3365 5542 3610 5620 dicitur.

1946 5615 2238 5694 Praeterea
2269 5617 2431 5688 quod
2463 5615 2583 5672 nbn
2618 5615 3281 5694 prohib_et,iseparatum
3313 5619 3504 5694 est_ab
3539 5635 3606 5674 eo

1943 5686 2100 5763 quod
2143 5688 2243 5763 ﬁt;
2287 5686 2488 5743 'causa
2537 5686 2738 5763 autem
2773 5691 2940 5763 adid
2992 5686 3182 5763 quod,
3211 5692 3277 5763 fit
3335 5690 3612 5763 refertur.

175 5747 468 5834 l_eg_it'o~5x
494 5749 587 5819 ἦν,
615 5749 726 5834 «.i‘n
756 5750 1209 5834 ejus‘potestate
1232 5747 1520 5812 nonierat.
1548 5778 1592 5834 «_
1615 5747 1746 5821 Qvua
1765 5757 1838 5812 ad
1942 5747 2067 5834 Non
2089 5759 2210 5834 erit
2230 5747 2376 5834 :ergo
2415 5760 2682 5834 causa_id
2714 5761 2879 5834 quod
2911 5747 3354 5834 noriiiprohibet.
3389 5783 3410 5811 ι
3448 5761 3616 5827 Quod

175 5821 421 5879 ditione
451 5838 577 5880 non
609 5821 736 5878 vide
766 5821 1091 5897 quid—opus
1125 5827 1241 5884 sit:
1274 5843 1454 5884 neme
1500 5828 1661 5884 enim
1694 5843 1835 5901 coge

1938 5827 2134 5885 allatis
2166 5827 2347 5886 etiam
2379 5829 2678 5902 exemplis
2709 5827 2936 5888 ibidem
2969 5827 3209 5904 probat.
