4042 6192
471 361 580 416 799

1716 366 2122 421 unum-ns
2159 358 2682 432 ALEXANDBINI}
2938 336 2945 353 “
3749 365 3829 418 800

481 488 692 555 cimus,
751 486 919 542 nullo
970 486 1147 542 modo
1195 504 1327 544 esse
1377 505 1655 557 causam;
1707 491 1770 545 in
1818 489 1878 545 id
1932 493 2130 545 autem

2246 482 2400 553 λῦον,
2423 482 2569 539 ἀλλὰ
2588 485 2897 561 προτρὲπον
2919 486 3054 558 (16),
3088 483 3135 539 εί
3164 485 3251 540 καὶ
3284 485 3360 559 μή
3384 484 3829 562 προὲτρεπεν.οῧτι

482 575 639 646 quod
678 575 973 647 prohibet,
1021 592 1259 632 causam
1311 578 1668 650 culpamque
1712 577 1987 633 conferri
2024 576 2133 642 Qui

482 665 641 721 enim
675 665 883 737 clypeo
908 666 1182 739 protegit,
1215 667 1289 736 ei,
1315 668 1413 738 qui
1438 668 1783 740 protegitur,
1815 681 1997 722 causa
2027 670 2135 733 est,

482 772 556 810 ne
593 756 912 826 saucietur,
946 756 1269 828 prohibens
1290 757 1485 829 ipsum
1518 757 1791 813 sauciari.
1825 758 1895 811 Et
1914 756 2138 812 Socrati

485 846 847 902 daemonium
887 863 1065 902 causa
1096 851 1244 913 erat,
1275 864 1393 902 non
1412 847 1755 919 prohibens,
1787 845 1889 901 sed
1919 845 2137 900 adhor-

490 941 643 1003 tans,
678 936 786 990 etsi
819 952 940 990 non
972 936 1405 991 adhortaretur.
1460 936 1570 991 Sed
1598 952 1708 991 nec
1756 933 1983 999 laudes,
2028 948 2139 986 nec

484 1026 971 1096 vituperationes,
1024 1042 1133 1081 nec
1183 1026 1460 1092 honores,
1510 1042 1621 1081 nec
1664 1023 1954 1096 supplicia
1974 1022 2140 1093 justa

491 1120 651 1182 sunt,
686 1116 733 1169 si
764 1116 965 1171 anima
1009 1132 1127 1171 non
1162 1115 1377 1171 habeat
1405 1115 1654 1171 liberam
1684 1116 2038 1186 potestatem
2082 1115 2142 1165 et

487 1204 803 1275 appetendi
834 1211 891 1261 et
920 1204 1280 1272 abstinendi,
1316 1205 1419 1261 sed
1451 1206 1528 1260 sit
1568 1205 1775 1259 vitium
1806 1201 2140 1257 involunta-

492 1293 670 1348 rium.
706 1294 870 1349 Unde
898 1295 998 1366 qui
1031 1295 1334 1367 prohibuit
1364 1293 1624 1366 quidem,
1671 1308 1849 1348 causa
1879 1294 2005 1356 est;
2038 1290 2139 1359 qui

490 1387 691 1437 autem
725 1399 845 1438 non
871 1384 1177 1454 prohibuit
1206 1388 1382 1454 atque
1417 1381 1708 1453 impediit,
1738 1380 1988 1435 liberam
2016 1378 2140 1433 ani-

488 1488 599 1526 mae
632 1471 984 1528 electionem
1008 1473 1169 1544 juste
1191 1472 1458 1543 judicat:
1510 1477 1575 1525 ut
1604 1470 1693 1525 vel
1722 1468 1979 1525 maxime
2002 1466 2137 1538 qui-

486 1560 643 1628 dem,
677 1562 830 1616 Deus
861 1560 1030 1615 nobis
1061 1577 1181 1615 non
1212 1560 1291 1614 sit
1327 1576 1505 1614 causa
1532 1558 1679 1613 vitii.
1712 1559 2001 1624 Quoniam
2031 1572 2139 1612 au-

487 1656 605 1705 tem
636 1649 826 1704 libera
854 1648 1066 1703 electio
1096 1654 1153 1703 et
1184 1648 1467 1719 appetitio
1499 1653 1741 1720 peccata
1762 1648 2019 1719 primum
2044 1647 2138 1702 in-

484 1740 679 1804 choat,
705 1737 852 1791 falsa
874 1743 1070 1792 autem
1095 1753 1529 1809 nonnunquam
1549 1738 1890 1793 dominatur
1908 1737 2132 1808 opinio,

483 1842 517 1880 a
539 1841 673 1895 qua,
699 1842 833 1880 cum
856 1826 1191 1897 ignorantia
1211 1832 1271 1882 et
1291 1828 1588 1899 imperitia
1610 1827 1707 1894 sit,
1731 1826 2008 1881 recedere
2032 1842 2133 1880 ne-
2165 1847 2213 1914 Β

481 1913 778 1987 gligimus.
801 1915 937 1987 jure
979 1915 1330 1989 inﬂiguntur
1358 1916 1669 1988 supplicia.
1704 1914 1940 1971 Febrire
1974 1916 2135 1970 enim

485 2013 575 2062 est
599 2008 1091 2074 involuntarium,
1125 2009 1229 2065 sed
1259 2026 1394 2066 cum
1424 2010 1558 2081 quis
1587 2025 1695 2080 per
1726 2025 1788 2065 se
1819 2015 1877 2063 et
1896 2013 2139 2080 pr0pter

486 2113 655 2152 suam
683 2097 1206 2169 intemperantiam
1237 2098 1524 2165 febrierit,
1565 2114 1702 2153 eum
1749 2096 2138 2167 reprehendi-

481 2202 637 2243 mus.
671 2188 882 2258 Utpote
921 2204 1056 2242 cum
1105 2187 1572 2243 involuntarium
1595 2187 1722 2258 jam
1768 2187 1845 2241 sit
1869 2185 2134 2241 malum:

482 2291 660 2330 nemo
695 2276 854 2331 enim
893 2276 1117 2331 malum
1161 2277 1345 2348 eligit,
1397 2281 1691 2347 quatenus
1739 2274 1987 2343 malum,
2034 2274 2137 2329 sed

482 2364 772 2421 abductus
802 2364 875 2420 ab
903 2381 992 2432 ea,
1034 2382 1164 2435 quaa
1196 2366 1355 2420 inest
1402 2366 1464 2419 in
1511 2364 1663 2436 ipso,
1707 2364 2027 2436 voluptate,
2076 2362 2136 2417 id

481 2454 705 2510 bonum
737 2459 916 2519 ratus,
945 2454 1389 2525 suscipiendum
1434 2454 1756 2511 existimat.
1814 2454 1953 2518 Qum
2001 2468 2135 2508 cum

484 2545 567 2599 ita
598 2561 659 2598 se
682 2542 960 2610 habeant,
985 2547 1043 2598 et
1064 2542 1301 2598 liberari
1324 2542 1397 2599 ab
1432 2542 1822 2616 ignoratione,
1847 2547 1906 2596 et
1925 2558 1959 2597 a
1982 2541 2138 2597 mala

485 2638 545 2688 et
577 2632 912 2687 delectabili
945 2628 1254 2701 electione,
1298 2637 1356 2688 et
1384 2638 1519 2688 ante
1553 2632 1755 2688 omnia
1773 2647 1892 2687 non
1920 2647 2134 2686 assen—

482 2721 580 2776 tiri
612 2721 923 2777 fallacibus
950 2721 1069 2777 illis
1101 2722 1430 2794 phantasiis
1460 2727 1519 2777 et
1546 2721 1711 2791 visis,
1745 2722 1921 2776 situm
1955 2726 2046 2776 est
2074 2721 2136 2776 in

484 2817 687 2866 nostra
715 2816 1026 2883 potestate.
1063 2834 1091 2862 ‹‹
1124 2813 1293 2867 Latro
1328 2834 1355 2860 ι»
1401 2817 1599 2867 autem
1629 2816 1689 2867 et
1732 2834 1759 2862 κ
1791 2810 1887 2866 fur
1919 2832 1947 2860 ι»
1978 2810 2133 2865 dici-

482 2905 581 2954 tur
598 2899 890 2969 diabolus,
914 2900 1014 2971 qui
1038 2900 1345 2972 prophetis
1375 2899 1922 2973 pseudoprophetas
1943 2899 2131 2955 admi-

486 2990 657 3059 scuit,
699 2995 983 3061 tanquam
1016 2990 1314 3044 frumento
1345 2989 1582 3046 zizania.
1620 3010 1644 3041 α
1681 2990 1948 3045 Omnes»
1973 3006 2133 3063 ergo,

483 3101 511 3129 ‹‹
545 3079 645 3150 qui
679 3079 922 3134 fuerunt
950 3084 1087 3135 ante
1109 3078 1449 3147 Dominum,
1471 3078 1634 3133 fures
1657 3084 1714 3133 et
1732 3078 2131 3150 latrones(a):»

475 3185 595 3223 non
640 3168 909 3225 absolute
956 3174 1155 3224 autem
1202 3184 1410 3224 omnes
1458 3168 1752 3236 homines,
1787 3167 1890 3223 sed
1920 3183 2129 3223 omnes

476 3258 1029 3332 pseudOprophetaa,
1070 3264 1130 3313 et
1170 3273 1400 3326 omnes,
1455 3260 1558 3329 qui
1606 3274 1725 3313 non
1772 3258 2009 3329 proprie
2056 3255 2128 3312 ab

473 3348 601 3420 ipso
634 3350 801 3405 missi
825 3354 983 3405 sunt.
1008 3348 1353 3405 Habuerunt
1376 3354 1575 3405 autem
1595 3347 2127 3420 pseudoprophetm

476 3454 711 3508 quoque
739 3438 988 3507 furtum,
1020 3438 1179 3510 quod
1217 3438 1519 3510 propheta)
1567 3437 1946 3493 dicerentur:
1991 3453 2127 3492 cum

473 3527 777 3597 prophetas
805 3527 1048 3598 quidem
1070 3533 1292 3595 essent,
1315 3527 1419 3582 sed
1437 3527 1588 3599 ejus,
1613 3527 1714 3598 qui
1738 3531 1828 3582 est
1851 3526 2125 3582 mendax.

478 3614 630 3668 Dicit
654 3616 811 3670 enim
846 3616 1130 3671 Dominus
1154 3632 1168 3671 :
1204 3638 1234 3667 σι
1266 3618 1379 3670 Vos
1400 3632 1466 3671 ex
1490 3621 1656 3687 patre
1677 3622 1869 3672 vestro
1890 3614 2127 3671 diabolo

477 3703 639 3770 estis,
670 3705 733 3769 ›ι‹
761 3710 821 3759 et
849 3704 1142 3761 desideria
1172 3705 1357 3777 patris
1384 3705 1561 3760 vestri
1584 3704 1760 3760 vultis
1788 3704 2000 3761 facere.
2021 3705 2127 3760 Ille

478 3792 777 3848 homicida
808 3799 935 3849 erat
963 3794 1034 3849 ab
1066 3794 1257 3862 initio,
1290 3798 1350 3849 et
1386 3794 1449 3848 in
1478 3795 1722 3851 veritate
1768 3810 1890 3849 non
1945 3794 2126 3864 stetit,

476 3881 759 3951 quoniam
790 3898 911 3937 non
943 3890 1033 3939 est
1059 3884 1124 3939 in
1148 3883 1275 3954 ipso
1295 3883 1528 3939 veritas.
1561 3884 1708 3939 Cum
1738 3882 1972 3939 locutus
2000 3883 2127 3939 fue-

477 3971 553 4025 rit
579 3970 815 4040 falsum,
851 3988 922 4026 ex
950 3973 1204 4043 propriis
1242 3971 1527 4042 loquitur,
1560 3974 1840 4043 quoniam
1873 3973 2130 4029 mendax

476 4065 587 4124 est,
621 4065 680 4114 et
705 4066 876 4132 pater
904 4061 1035 4133 ejus
1055 4062 1154 4133 (ὸ).
1190 4083 1218 4110 ι»
1240 4062 1307 4115 1n
1329 4060 1494 4116 falsis
1516 4066 1715 4116 autem
1736 4079 1873 4117 vera
1890 4078 2129 4134 quoque

475 4148 679 4221 aliqua
710 4149 986 4206 dicebant
1014 4150 1567 4223 pseudoprophetas.
1599 4153 1670 4207 Et
1688 4152 1730 4206 ii
1762 4168 1966 4209 revera
1999 4169 2131 4225 pro-

2242 573 2301 630 δὶ
2331 575 2383 628 οἱ
2413 571 2647 644 ἔπαινοι,
2676 575 2797 631 οὕτε
2820 576 2873 629 οἱ
2892 574 3077 650 ψόγοι,
3103 574 3216 631 οὗθ’
3235 577 3290 631 αἱ
3309 596 3360 630 τι
3369 576 3491 649 μαί,
3510 573 3623 630 οὗθ’
3640 577 3689 631 αἱ
3700 576 3828 632 κολά-

2244 683 2353 725 σεις
2383 660 2605 735 δίκαιαι,
2641 666 2716 739 μὴ
2748 671 2850 734 τῆς
2878 667 3065 740 ψυχῆς
3112 663 3349 741 ἐχούσης
3392 667 3489 735 τὴν
3516 664 3731 736 ἐξουσίαν
3755 675 3827 736 τῆς

2245 753 2425 828 ὁρμῆς
2454 752 2545 808 καὶ
2571 751 2850 831 ἀφορμῆς,
2882 752 3010 809 ἀλλ’
3040 753 3295 808 ἀκουσίου
3331 761 3433 823 τῆς
3460 755 3641 816 κακίας
3684 753 3826 822 οὔσης.

2243 844 2404 906 ’Όθεν
2439 844 2466 897 ὁ
2499 843 2594 916 μὶν
2651 841 2905 906 κωλόσας
2966 842 3159 907 αἴτιος·
3192 843 3222 897 ὁ
3252 840 3309 899 δὶ
3369 845 3447 915 μή
3504 841 3733 905 κωλύσας
3753 846 3827 913 τήν

2244 929 2446 1005 α’ίρεσιν
2471 938 2572 1002 τῆς
2618 936 2805 1008 ψυχῆς
2845 932 3012 1009 κρίνει
3067 929 3312 995 δικαίως·
3357 930 3431 985 ’ἶν’
3478 931 3558 987 δτι
3590 930 3827 1005 μάλισταὸ

2244 1021 2374 1082 Θεὸς
2410 1021 2505 1094 μὶν
2544 1022 2683 1095 ἡμῖν
2732 1021 2921 1084 κακίας
2971 1020 3230 1083 ἀναίσιος.
3264 1020 3419 1078 Ἐπεὶ
3468 1017 3526 1075 δὲ
3567 1025 3666 1076 τῶν
3692 1022 3828 1094 ἆμαρ·

2243 1126 2311 1180 τη
2321 1112 2507 1183 μάτων
2537 1111 2849 1188 προαίρεσις
2866 1112 2957 1167 καὶ
2977 1112 3127 1187 ὁρμὴ
3147 1112 3434 1186 κατάρχει,
3465 1108 3554 1181 διη
3563 1111 3827 1184 μαρτημὶνη

2247 1197 2305 1255 δὶ
2333 1199 2610 1274 ὑπόληψις
2638 1197 2745 1265 ἔσθ’
2768 1199 2856 1256 ὅτε
2874 1205 3083 1277 κρατεῖ,
3099 1201 3169 1269 ἧς
3190 1199 3414 1276 ἀγνοίας
3435 1199 3523 1253 καὶ
3542 1198 3746 1273 ἀμαθίας
3762 1195 3828 1254 οὔ·

2247 1309 2348 1359 σης
2374 1288 2755 1367 ὀλιγωροῦμεν
2782 1288 3109 1362 ἀποστῆναι,
3141 1289 3371 1351 εἰκότως
3401 1290 3457 1344 αἱ
3481 1286 3732 1349 κολάσεις.
3756 1287 3829 1342 Καὶ

2243 1378 2344 1454 γὰρ
2374 1378 2437 1433 τὸ
2480 1377 2757 1455 πυρέττειν
2812 1377 3089 1449 ἀκούσιον,
3119 1377 3249 1435 ἀλλ’
3309 1379 3438 1434 ὅταν
3492 1374 3563 1432 δι’
3587 1376 3748 1431 ἑαυτὸν
3770 1395 3830 1436 τις

2243 1467 2331 1522 καὶ
2366 1464 2436 1521 δι’
2467 1466 2726 1542 ἀκρασίαν
2775 1469 3038 1544 πυρὲττῃ,
3090 1466 3398 1540 αἰτιώμεθα
3441 1471 3645 1524 τοῦτον.
3695 1466 3767 1529 Ὠς
3788 1463 3829 1518 δὶ

2244 1555 2335 1611 καὶ
2379 1564 2480 1627 τῆς
2532 1558 2723 1621 κακίας
2754 1555 3012 1613 ἀκουσίου
3059 1556 3247 1628 οὕσης⁸
3303 1556 3369 1612 οὐ
3397 1556 3497 1632 γὰρ
3526 1554 3732 1631 αἱρεῖταί
3766 1553 3826 1615 τίς

2244 1645 2431 1715 κακὸν,
2462 1644 2499 1720 ᾖ
2526 1647 2713 1701 κακόν·
2768 1650 2837 1721 τῇ
2883 1643 2940 1701 δὲ
2969 1646 3094 1722 περὶ
3146 1645 3295 1717 αὐτῷ
3347 1648 3458 1718 (17)
3507 1642 3665 1714 ἡδονῆ
3704 1663 3825 1697 συνα-

2242 1734 2573 1811 παγόμενος,
2623 1735 2817 1810 ἀγαθὸν
2876 1729 3191 1799 ὑπυλάϐὼν,
3252 1732 3465 1805 ληπτὸν
3522 1732 3824 1809 ἡγεῖται.Ὠν

2244 1823 2420 1886 οὕτως
2451 1823 2714 1900 ἐχόντων,
2744 1825 2806 1879 τὸ
2838 1822 3277 1883 ἀπαλλάττεσθαι
3306 1830 3411 1893 τῆς
3435 1844 3492 1878 τε
3521 1821 3730 1900 ἀγνοίας,
3752 1822 3824 1887 τῆς

2241 1933 2300 1968 τε
2353 1911 2610 1987 αἱρέσεως
2663 1916 2765 1980 τῆς
2808 1912 3023 1991 φαύλης
3076 1913 3167 1968 καὶ
3223 1912 3583 1989 ἐπιτερποῦς,
3631 1912 3706 1966 καί
3745 1907 3825 1981 πρὸ

2237 2000 2444 2058 τούτων
2474 2003 2538 2058 τὸ
2573 2003 2648 2076 μή
2704 2001 3176 2078 συγκατατίθεσθαι
3204 2007 3348 2067 -ταῖς
3402 1999 3689 2071 ἀωτηλαῖς
3722 1996 3824 2053 ἑκεί-

2239 2113 2356 2156 ναις
2386 2093 2716 2171 φαντασίαις,
2747 2091 3032 2148 ἀπόκειται
3064 2091 3146 2168 ἐφ’
3194 2095 3359 2165 ἡμῖν.
3400 2116 3422 2144 α
3456 2091 3661 2166 Λῃστὴς
3692 2085 3738 2142 δὲ
3758 2085 3823 2141 καί

2238 2183 2480 2254 κλεπτης
2515 2208 2544 2236 ››
2576 2185 2604 2238 ὁ
2630 2178 2894 2247 διάϐολος
2945 2182 3181 2261 λίγεται,
3221 2181 3665 2260 ψευδοπροφήτας
3703 2177 3825 2253 ἐγκα-

2237 2276 2467 2349 ταμίξας
2511 2280 2630 2339 τοῖς
2675 2277 3003 2354 προφήταις,
3055 2274 3300 2352 καθάπερ
3354 2280 3436 2348 τῷ
3464 2271 3691 2350 πυρῷτᾶ
3716 2270 3823 2339 {iti-

2238 2383 2347 2419 νια·
2398 2388 2425 2417 ι(
2458 2364 2656 2427 Πάντες
2714 2362 2805 2418 οὖν
2850 2365 2901 2419 οἱ
2933 2364 3039 2439 πρὸ
3096 2364 3306 2439 Κυρίου
3364 2360 3589 2419 κλέπται
3633 2357 3709 2415 καὶ
3754 2355 3827 2430 λῃ·

2241 2452 2379 2507 σταίσ
2414 2476 2443 2504 ι)
2501 2453 2609 2528 οὐχ
2652 2453 2846 2515 ἁπλῶς
2897 2455 3094 2517 πάντες
3149 2452 3461 2529 ἅνθρωποι,
3514 2450 3687 2510 πάντες
3718 2444 3764 2500 δὲ
3785 2445 3824 2498 οἱ

2238 2538 2707 2619 ψευδοπροφῆται,
2765 2543 2857 2597 καὶ
2913 2543 3109 2605 πάντες
3159 2542 3211 2597 οἱ
3272 2544 3357 2615 μὴ
3410 2540 3600 2617 κυρίως
3653 2534 3825 2593 ὖπάὖο

2235 2635 2333 2686 τοῦ
2389 2630 2783 2694 ἀποσταλέντες
2815 2677 2830 2692 .
2891 2631 3062 2707 Εἶχον
3130 2628 3189 2687 δὶ
3235 2631 3333 2687 καὶ
3391 2632 3448 2686 οἱ
3502 2625 3822 2705 ψευδοπροφῆ-

2234 2740 2323 2775 ται
2378 2721 2442 2776 τὸ
2497 2720 2723 2795 κλέμμα
2790 2721 2854 2776 τὸ
2924 2717 3101 2795 ὄνομα
3163 2721 3227 2777 τὸ
3295 2718 3671 2800 προφητικὸν,
3717 2731 3824 2787 προ-

2238 2817 2404 2889 φῆται
2489 2806 2640 2875 ὄντες
2670 2857 2686 2882 ,
2745 2808 2891 2867 ἆλλᾶ
2940 2815 3044 2867 τοῦ
3095 2809 3337 2885 ψεύστου
3373 2854 3386 2868 .
3472 2808 3620 2884 Λέγει
3673 2804 3756 2889 γὰρ
3799 2801 3820 2854 δ

2238 2888 2455 2975 Κύριος·
2489 2923 2514 2954 ι
2543 2901 2725 2972 Ὑμεῖς
2757 2899 2818 2955 ἐκ
2843 2904 2941 2956 τοῦ
2963 2900 3166 2977 πατρὸς
3192 2901 3352 2974 ὑμῶν
3378 2904 3483 2972 (18)
3501 2901 3593 2954 τοῦ
3610 2888 3821 2951 διαϐόλου

2236 2988 2373 3061 ἐστὶ,
2432 2988 2522 3043 καὶ
2581 2990 2676 3051 τὰς
2728 2988 3020 3063 ἐπιθυμίας
3075 2994 3172 3045 τοῦ
3228 2991 3440 3066 πατρὸς
3493 2988 3633 3062 ὑμῶν
3682 2981 3822 3038 θέλετε

2236 3082 2433 3134 ποιεῖν.
2489 3078 2726 3141 Ἐκεῖνος
2784 3076 3238 3156 ἀνθρωποκτόνος
3262 3080 3302 3150 ἦ
3338 3080 3429 3135 ἀπ’
3459 3078 3642 3154 ἀρχῆς,
3689 3066 3820 3156 mihi

2241 3170 2310 3241 τῇ
2340 3165 2574 3240 ἀληθείᾳ
2612 3168 2722 3244 οὐχ
2769 3154 3016 3241 ἕστηκεν,
3075 3168 3159 3224 ὅτι
3217 3168 3324 3224 οὐκ
3380 3165 3518 3225 ἔστιν
3567 3154 3821 3235 ἀλήθειαέν

2242 3256 2412 3328 αὐτῷ.
2443 3258 2563 3315 Ὅτ’
2606 3255 2666 3312 ἂν
2712 3256 2859 3333 λάλῇ
2908 3260 2971 3314 τὸ
3018 3256 3239 3334 ψεῦδος,
3289 3257 3356 3314 ὲκ
3383 3263 3488 3313 τῶν
3520 3254 3657 3311 ἰδίων
3684 3248 3821 3306 λαλεῖ⁸

2238 3343 2320 3401 δτι
2352 3344 2588 3420 ψεύστης
2621 3345 2753 3418 δστὶ,
2792 3348 2885 3403 καὶ
2933 3350 2962 3403 ὁ
2990 3349 3170 3422 πατὴρ
3225 3347 3421 3405 αὐτοῦ.
3448 3370 3477 3401 ››
3533 3346 3614 3403 Ἐν
3666 3337 3713 3395 δί
3734 3339 3822 3395 τοῖς

2237 3432 2453 3509 ψεύδεσι
2493 3437 2581 3491 καὶ
2615 3436 2796 3507 ἀληθῆ
2833 3438 2945 3512 (19)
2975 3458 3098 3493 τινα
3128 3433 3320 3513 ἔλεγον
3347 3438 3401 3493 οἱ
3418 3429 3819 3511 ψευδοπροφῆται.

2237 3524 2337 3579 Καί
2391 3529 2472 3598 τῷ
2527 3522 2642 3581 ὄντι
2678 3526 2827 3582 οὗτοι
2885 3526 2938 3581 ἐν
2986 3551 3014 3579 ι(
3048 3524 3296 3581 ἐκστάσει
3331 3552 3361 3579 ››
3391 3513 3821 3602 προεφήτευον,ὡς

2237 3613 2298 3669 ἂν
2333 3638 2359 3666 α
2391 3614 2697 3670 ἆποστάτου
2730 3639 2759 3669 ››
2790 3613 3054 3674 διάκονοι.
3105 3615 3263 3692 Λέγει
3317 3612 3378 3673 δὶ
3404 3616 3492 3671 καὶ
3521 3600 3549 3668 δ
3579 3600 3818 3692 Ποιμήν,ῥ

2237 3701 2468 3780 ἄγγελος
2522 3710 2625 3774 τῆς
2687 3704 2971 3778 μετανοίας
3028 3709 3185 3779 (20),
3241 3709 3328 3777 τῷ
3381 3706 3553 3779 Ἑρμᾷ
3599 3695 3705 3773 περί
3748 3691 3818 3745 τοῦ

2236 3790 2694 3871 ψευδοπροφήτου
2728 3813 2741 3826 ο
2821 3819 2850 3847 (ι
2902 3794 3033 3850 Τινᾶ
3094 3796 3210 3867 (21)
3266 3795 3373 3871 γὰρ
3434 3793 3638 3869 ῥήματα
3681 3780 3818 3871 ἀληθῆ

2239 3879 2421 3938 λαλεῖ⁶
2454 3884 2482 3938 ὁ
2512 3867 2611 3958 νὰρ
2643 3879 2904 3947 διάϐολος
2941 3883 3101 3939 αὐτὸν
3130 3867 3355 3960 πληροῖ
3398 3867 3478 3955 τῷ
3507 3880 3677 3936 ἑαυτοῦ
3700 3867 3820 3927 1M5-

2241 3992 2391 4046 ματι,
2425 3971 2479 4027 εἷ’
2499 3993 2620 4028 τινα
2643 3970 2927 4043 δυνήσεται
2960 3972 3117 4048 ῥῆξαι
3173 3977 3282 4028 τῶν
3341 3970 3579 4028 δικαίων.
3611 3993 3630 4023 ι
3682 3961 3820 4020 Ili“!

2242 4065 2336 4136 μὶν
2370 4060 2461 4117 οὖν
2495 4062 2867 4137 οἰκονομεῖται
2924 4060 3126 4119 ἄνωθεν
3154 4062 3229 4125 εἷς
3260 4062 3454 4133 καλὸν,
3502 4086 3529 4112 ‹‹
3557 4058 3639 4113 ’ἶνα
3663 4070 3818 4130 γνωρι-

2240 4154 2340 4226 σθῇ
2402 4148 2492 4207 διὰ
2540 4156 2640 4228 τῇς
2686 4151 3015 4224 Ἐκκλησίας
3045 4155 3079 4222 ἠ
3116 4150 3523 4215 πολυποίκιλος
3574 4147 3712 4226 σοφία
3748 4142 3818 4197 τοῦ

542 4328 687 4396 id).
720 4328 823 4381 369
854 4326 966 4382 ΕΙ).
1007 4326 1298 4392 ΡΟΤΤΕΒ,
1332 4326 1438 4380 312
1465 4325 1577 4379 ED.
1618 4325 1848 4383 PARIS.
1922 4325 2002 4398 (a)
2031 4327 2130 4382 Joa

2238 4344 2284 4399 ι,
2313 4329 2365 4384 8.
2398 4327 2475 4400 (ὸ)
2508 4329 2675 4384 Joan.
2708 4345 2821 4400 vm,
2855 4330 2945 4385 44.

552 4500 663 4573 (16)
694 4496 837 4573 υρχὶ
878 4498 955 4573 μὴ
1006 4495 1244 4573 κωλῦον,
1278 4494 1423 4573 ᾀλλᾶ
1453 4494 1774 4573 *προτρέπον
1836 4498 2128 4573 hovvthius

481 4567 862 4645 scribendum
880 4567 1213 4645 admonuit,
1243 4567 1373 4645 οθχί
1399 4569 1475 4645 μῄ
1499 4567 1829 4645 προτρέπον,
1849 4567 1995 4645 ἀλλὰ
2016 4591 2126 4625 κω-

484 4641 632 4694 λῦοψ
665 4649 727 4714 et
756 4644 1011 4699 delenda
1040 4640 1370 4714 sequentia,
1401 4640 1472 4696 ἐἲ
1499 4640 1589 4696 καὶ
1770 4640 2122 4714 προέτρεπεν.

481 4712 691 4787 Quoad
712 4731 847 4770 vero
880 4716 989 4787 hoc
1014 4712 1404 4786 postremum,
1428 4716 1479 4771 ei
1499 4712 1777 4771 assentiri
1807 4712 1964 4771 haud
1985 4732 2124 4787 pos-

484 4774 635 4838 sum.
663 4785 883 4842 Sensus
901 4774 1060 4841 enim
1080 4792 1190 4853 est,
1208 4808 1233 4838 ι
1260 4774 1628 4841 Βωώοηὶιιω
1645 4787 1865 4842 Socrati
1885 4774 2124 4843 causam
2155 4774 2202 4840 D

481 4854 691 4929 agendi
722 4857 925 4923 fuisse,
960 4874 1080 4911 non
1106 4874 1240 4911 eum
1261 4858 1574 4923 hortando,
1599 4858 1703 4914 sed
1733 4858 2120 4929 prohibendo,

481 4928 659 4982 etiam
686 4933 830 4994 tum,
854 4945 986 4983 cum
1011 4944 1132 4982 non
1153 4929 1559 4983 hortaretur.»
1592 4928 1898 4986 Vultenim
1919 4938 2127 4987 auctor

480 4997 791 5071 ostendere
815 5015 934 5053 non
959 4999 1149 5071 solum
1176 5015 1333 5071 eum,
1357 5001 1457 5071 qui
1487 5001 1783 5067 hortatur;
1804 5000 1922 5058 'sed
1944 5003 2122 5058 etiam

481 5083 637 5134 eum,
667 5069 767 5138 qui
819 5069 1117 5140 prohibet,
1175 5069 1407 5125 etiamsi
1463 5088 1581 5127 non
1642 5074 1931 5141 hortetur,
1987 5090 2124 5130 vere

478 5154 888 5213 causamesse.
913 5142 1092 5213 Porro
1108 5141 1385 5213 Socrates
1406 5143 1566 5213 apud
1589 5144 1897 5200 Platonem
1920 5145 2121 5213 refert,

479 5210 859 5284 daemonium.
877 5211 1031 5284 quod
1051 5212 1161 5266 sibi
1185 5210 1843 5284 assistebat,prohibere
1857 5210 2121 5281 solitum,

480 5297 600 5360 non
631 5298 764 5336 vero
798 5282 1041 5360 hortari,
1069 5285 1432 5360 T_hea_g..pag.
1467 5282 1573 5360 99::
1606 5284 1759 5360 νεστι
1786 5286 1890 5360 γάρ
1921 5307 1973 5341 τι
2005 5286 2123 5360 θείᾳ

480 5350 644 5426 μοίρᾳ
690 5354 1067 5423 παοεπόμενον
1101 5349 1247 5425 ἐμοί,
1282 5349 1341 5407 ἐκ
1382 5349 1589 5415 Ἶπαιδὸς
1645 5349 1942 5428 ἀρξαμενον
2002 5349 2121 5413 δαιί-

480 5421 684 5494 μόνιον·
719 5425 872 5481 Ἔστι
918 5423 975 5480 δὲ
1015 5428 1176 5479 τοῦτο
1208 5425 1384 5494 φωνὴ,
1417 5425 1451 5494 ἢ
1486 5424 1611 5479 ὅταν
1640 5406 1879 5494 γίνηται,
1912 5426 1991 5483 ἀεί
2026 5451 2119 5494 μοι

477 5446 684 5495 μονιοΨ
719 5446 872 5481 "mm
918 5446 975 5480 οε
1015 5446 1176 5479 τουτο
1208 5446 1384 5501 φωνη,
1417 5446 1451 5494 η
1486 5446 1611 5479 οταν
1640 5446 1879 5501 γενηται,
1912 5446 1990 5483 ast
2026 5451 2119 5501 μοι

478 5494 733 5573 σημαίνει
784 5494 1130 5573 aeratam
1187 5494 1463 5573 πράττειν,
1520 5495 1749 5573 τουτου,
1778 5497 2119 5573 ἀποτροπήν

477 5566 769 5644 προτρέπει
797 5566 854 5624 δὲ
885 5566 1431 5644 οὖδὲποτεχςΑᾶθεὶ
1460 5569 1603 5644 mihi
1636 5570 1834 5644 divina
1864 5566 2122 5644 quadam

481 5640 638 5715 sorte
658 5641 1019 5701 daemonium
1034 5640 1355 5715 quoddam,
1378 5657 1412 5696 a
1431 5641 1597 5711 pueri
1609 5642 1687 5697 tia
1701 5659 1794 5699 me
1817 5640 2115 5702 secutum:

478 5712 587 5788 hoc
620 5720 819 5788 autem
851 5734 955 5773 vox
983 5712 1075 5771 est
1093 5712 1387 5786 quaedam,
1421 5728 1552 5788 quae
1591 5729 1727 5788 cum
1776 5715 1860 5779 ιιι.
1885 5732 2122 5788 semper

478 5785 607 5860 ejus
626 5786 736 5855 rei,
762 5805 940 5860 quam
960 5783 1254 5845 fracturus
1275 5800 1427 5860 sum,
1447 5783 1883 5860 dissuasionem
1900 5783 2117 5860 innuit,

476 5855 747 5916 hortatur
756 5855 892 5918 v'ero
909 5875 1237 5933 nunquam.
1250 5878 1281 5911 π
1297 5858 1435 5923 Qum
1452 5855 1607 5914 infra
1616 5860 1831 5918 recitat
1844 5855 2118 5918 Clemens

2237 4519 2294 4573 p.
2319 4502 2447 4566 334,
2464 4501 2706 4575 Similia
2730 4501 2885 4575 apud
2915 4502 3221 4559 Platonem
3250 4507 3569 4561 occurrunt
3591 4500 3643 4554 in
3668 4496 3816 4551 Socra-

2237 4576 2313 4629 tis
2343 4574 2567 4646 apolog.
2597 4591 2662 4646 p.
2688 4574 2783 4646 3οξ
3606 4640 3620 4646 -
3692 4636 3702 4646 .

2307 4640 2414 4715 (Π)
2449 4640 2777 4719 Πᾳέρὶ-αρτῷ.
2809 4646 2999 4701 Etiam
3047 4648 3379 4705 accusativo
3429 4660 3564 4703 casu
3606 4640 3703 4710 legi
3737 4648 3813 4706 P°'

2236 4714 2353 4771 teSt
2378 4714 2501 4787 περὶ
2524 4714 2684 4773 ἀύτό.
2716 4714 2990 4773 Summo.

2304 4787 2634 4858 (18)Ὑμῶν.
2671 4789 2850 4845 Abest
2878 4806 2912 4846 a
2940 4791 3106 4847 Joan.

2306 4844 2411 4934 ξω)
2447 4844 2659 4934 ’A'Moi
2692 4844 3409 4934 ,Quodvfalsimprophetzn
3439 4876 3567 4916 vera
3595 4844 3812 4934 gumdagp

2232 4924 2403 5005 falsis
2427 4924 2793 4998 miscuerint,
2820 4924 3298 4989 notarunfetidm
3322 4934 3567 5005 scriptor
3587 4924 3810 5005 ηᾳίοᾳηίί·

2233 5001 2339 5057 lib.
2374 5020 2446 5073 iv,
2479 5020 2529 5059 c.
2562 5007 2650 5071 2t,
2683 4994 2864 5071 22,’θι
2884 5004 2985 5060 lib.
3020 5022 3137 5068 vm,
3166 5022 3195 5060 c
3249 5007 3337 5073 60,
3369 4994 3811 5073 pséudo-Ambl‘o;

2234 5023 2339 5057 llD.
2374 5023 2446 5073 iv,
2479 5023 2529 5059 c.
2563 5023 2650 5071 21,
2683 5023 2771 5071 zz,
2805 5023 2864 5059 et
2887 5023 2985 5060 un.
3020 5023 3137 5068 vni,
3166 5023 3195 5060 c
3249 5023 3337 5073 ou,
3411 5023 3810 5060 seuno-muuw-

2234 5074 2507 5157 sius__ad1
2535 5076 2821 5157 Thess],
2848 5079 2939 5157 2_l,
2966 5082 3029 5157 et
3057 5023 3810 5157 pseudo-CEIysosto'mu:

2231 5147 2434 5202 Matth.
2471 5163 2566 5214 vn,
2596 5147 2685 5203 2i.
2740 5138 2936 5205 cdm.’
2965 5138 3351 5204 Maimonides
3382 5138 3458 5203 Dé
3494 5138 3810 5215 fundamentis

2235 5217 2385 5287 legis.
2419 5234 2551 5290 cap.
2588 5222 2683 5290 11).⁸
2707 5236 2767 5273 n.
2801 5222 2853 5275 3.

2303 5280 2413 5353 (20)
2440 5280 2713 5363 ”ιὶγγελός
2739 5295 2840 5356 τῆς
2886 5310 3003 5361 μετ.
3051 5292 3130 5347 De
3160 5291 3273 5347 hoc
3302 5280 3682 5363 angelo__conf.
3711 5288 3807 5363 quin

2231 5345 2538 5417 adnotavit.
2560 5345 2897 5418 Cotelerius‘
2923 5345 2999 5419 ad
3028 5345 3263 5419 Herium
3287 5345 3434 5418 Ραᾶ.
3479 5358 3575 5414 lib.
3622 5370 3676 5415 ll,
3703 5345 3743 5403 cl
3772 5345 3807 5405 l.

2230 5450 2287 5504 p.
2323 5434 2388 5486 85
2422 5433 2575 5504 edit,
2596 5434 2921 5491 Amstelod.

2305 5505 2411 5573 (21)
2441 5502 2596 5560 Τινεί.
2632 5506 2764 5561 Haec
2820 5506 3021 5562 Latine
3072 5510 3303 5561 exstant
3355 5502 3526 5575 apud
3560 5499 3805 5575 Harman!)

2229 5568 2446 5649 Pastor.
2476 5576 2577 5631 lib.
2612 5594 2675 5640 ll,
2706 5577 2887 5632 mand
2943 5582 3026 5634 10.
3060 5595 3117 5649 p.
3159 5580 3227 5632 97
3254 5594 3268 5632 :
3300 5599 3326 5627 ‹‹
3358 5568 3618 5649 Quaedam
3649 5568 3806 5649 εᾳιὲξξ

2229 5646 2407 5702 verba
2434 5664 2571 5720 vera
2598 5634 2881 5720 loquitur.
2919 5634 3200 5704 Diabhlus
3254 5634 3612 5720 impletqqu
3636 5634 3804 5720 δρίῗίίξί

2231 5694 2455 5794 ῥῇὸῖἶιι
2470 5694 3366 5794 ἆὲῖίὲῖἓζέιῐῖἀῖιεἶιῖὲιῖᾗιῖξιίέῗῖ
3376 5694 3478 5794 iiii
3494 5694 3803 5794 βίεαιίίζιξῇἀ

2231 5789 2475 5847 Herveto
2507 5785 2597 5850 est
2628 5815 2656 5842 ι(
2686 5785 2979 5865 frangere,
3010 5816 3037 5843 ι»
3070 5785 3653 5865 ιῇεέιξιιεφειριίςαξᾳτιι
3682 5785 3803 5865 QQ}:

2231 5844 2401 5917 cere-7
2417 5844 2465 5915 av
2480 5844 2594 5921 Est
2612 5844 3043 5924 enihi‘i‘éiﬁim
3070 5844 3353 5921 athletis,
3376 5844 3440 5916 ac
3470 5844 3796 5937 bellatoribus
