4042 6192
250 318 356 395 soi

1598 321 2047 384 ΒΤΒΟΜΔΤΠΜ
2081 327 2220 386 LIB.
2258 331 2306 387 Ι.
2406 368 2441 397 η

3551 333 3661 388 802
3670 377 3675 383 .

248 446 407 511 θεοῦ,
453 443 593 497 κατᾶ
642 443 948 520 πρόγνωσιν
1000 446 1112 518 (22)
1165 447 1271 502 τῶν
1321 444 1559 519 αἰώνων,
1590 444 1658 518 ἤν
1701 446 1893 518 ἐποίη-

2015 453 2332 524 phetabant
2360 453 2422 510 in
2458 476 2487 505 ‹‹
2519 451 2756 518 exstasi,
2790 474 2818 503 »
2847 456 2958 508 ut«
2991 457 3295 526 apostata,
3329 476 3358 506 »
3382 455 3531 528 ejus,
3559 458 3660 513 in-

243 554 335 589 σεν
364 532 417 587 έν
452 536 693 607 Χριστῷ·
734 557 761 584 ››
808 538 890 607 τῷ
938 539 1056 607 Θεῷ
1099 531 1158 590 δὶ
1204 534 1359 592 οὐδὲν
1409 534 1903 603 ἀντίκειται,ὀῦδὶ

245 621 589 679 ἐναντιοῦταί
615 643 668 677 τι
711 621 877 696 αὐτῷ,
942 624 1132 700 Κυρίῳ
1187 626 1275 680 καὶ
1334 626 1729 703 παντοκράτορι
1762 622 1900 683 ὄντι.

245 709 430 770 Ἀλλᾶ
458 711 551 766 καὶ
581 710 636 765 αἱ
687 716 796 766 τῶν
833 711 1327 784 ἀποστατησάντων
1355 718 1469 789 (23)
1503 715 1701 791 βουλαί
1727 736 1786 771 τε
1812 716 1903 771 καὶ

247 801 544 876 ἒνέργειαι,
605 800 821 876 μερικαὶ
880 799 1056 872 οὖσαι,
1124 805 1369 878 γίνονται
1430 805 1525 877 μὲν
1579 804 1639 859 ἐκ
1688 801 1902 880 φαύλης

246 887 566 959 διαθέσεως,
615 889 855 965 καθάπερ
906 892 994 946 καὶ
1045 893 1101 946 αἱ
1147 893 1297 948 νόσοι
1347 894 1401 949 αὶ
1450 893 1776 966 σωματικαί·
1808 914 1904 948 κυ-

248 975 556 1055 ϐερνῶνται
605 976 662 1034 δὶ
711 978 814 1034 ὑπὸ
862 982 963 1049 τῆς
1015 980 1255 1038 καθόλου
1303 982 1565 1056 προνοίας
1612 981 1699 1037 ἐπὶ
1743 978 1904 1045 τέλος

249 1069 513 1145 ὑγιεινὸν,
560 1068 658 1123 κᾶν
716 1070 1009 1133 νοσοποιὸς
1059 1070 1096 1145 ᾖ
1152 1073 1187 1141 ἡ
1248 1070 1414 1129 αἰτία.
1471 1070 1740 1146 Μέγιστον
1773 1068 1902 1146 γοῦν

242 1164 350 1228 τῆς
386 1157 532 1223 θείας
579 1157 863 1233 προνοίας,
909 1159 973 1214 τὸ
1026 1161 1103 1233 μή
1156 1159 1305 1215 ἐᾶσαι
1344 1162 1444 1231 τήν
1474 1159 1528 1232 ἐξ
1558 1160 1906 1223 ἀποστάσεως

249 1247 513 1304 ἑκουσίου
543 1253 762 1326 φυεῖσαν
802 1247 993 1303 κακίαν
1047 1246 1327 1326 ἄχρηστον
1377 1251 1470 1306 καὶ
1518 1250 1777 1328 ἀνωφελῆ
1812 1249 1905 1323 μέ-

247 1359 388 1411 νειν,
423 1334 563 1411 μηδὲ
596 1338 704 1410 μὴν
735 1336 872 1392 κατά
916 1339 1090 1394 πάντα
1143 1334 1413 1416 βλαϐερὰν
1443 1339 1610 1409 αὐτὴν
1640 1340 1904 1414 γενέσθαι·

246 1435 355 1497 τῆς
415 1427 518 1503 γὰρ
577 1426 720 1489 θείας
780 1426 990 1504 σοφίας,
1055 1427 1145 1483 καὶ
1203 1429 1423 1503 ἀρετῆς,
1478 1429 1570 1484 καὶ
1627 1425 1908 1502 δυνάμεως

250 1516 414 1592 ἔργον
442 1515 585 1571 ἐστὶν
639 1515 700 1571 οὐ
753 1516 920 1589 μόνον
965 1517 1028 1572 τὸ
1077 1517 1427 1594 ἀγαθοποιεῖν
1469 1518 1649 1597 (φύσις
1678 1517 1802 1594 γὰρ,
1835 1519 1910 1582 ὡς

250 1608 454 1675 εἰπεῖν,
488 1605 621 1676 αὕτη
652 1610 751 1661 τοῦ
808 1610 964 1675 Θεοῦ,
1024 1606 1100 1670 ὡς
1157 1612 1256 1662 τοῦ
1285 1608 1457 1682 πυρὸς
1481 1608 1544 1663 τὸ
1577 1608 1907 1683 Θερμαίνειν,

247 1698 342 1753 καὶ
377 1700 478 1751 τοῦ
509 1697 689 1771 φωτὸς
734 1697 797 1751 τὸ
841 1695 1135 1774 φωτίζειν)·
1184 1695 1332 1753 ἀλλὰ
1376 1699 1595 1753 κάκεῖνο
1652 1697 1907 1771 μάλιστα,

2010 560 2210 613 quam,
2245 545 2347 617 qui
2377 543 2694 613 defecerat,
2727 542 3007 599 ministri.
3042 544 3196 599 Dicit
3223 549 3422 600 autem
3455 551 3660 603 Pastor

2005 647 2266 704 quoque,
2318 632 2565 705 angelus
2617 632 3003 703 panitentia,
3054 632 3127 688 ad
3177 635 3534 705 Hermetem,
3586 638 3658 693 de

2008 723 2558 795 pseudopropheta:
2596 744 2623 773 ‹‹
2654 723 2933 788 Quadam
2971 723 3130 777 enim
3170 724 3346 779 verba
3376 742 3510 782 vera
3555 727 3658 782 di-

2008 809 2126 863 cit:
2183 809 2453 865 diabolus
2510 811 2669 866 enim
2721 826 2856 865 eum
2906 809 3118 881 implet
3165 828 3270 867 suo
3319 814 3549 884 spiritu,
3608 816 3657 871 si

2010 914 2186 969 quem
2220 900 2409 970 possit
2437 915 2507 954 ex
2528 899 2709 971 justis
2737 899 3029 971 frangere.
3068 922 3088 947 ·
3125 901 3339 956 Omnia
3368 920 3503 975 ergo
3531 921 3657 960 caa-

2009 986 2152 1043 litus
2183 988 2243 1042 in
2274 988 2497 1043 bonum
2543 989 2987 1060 dispensantur,
3036 1008 3058 1036 ι
3090 994 3156 1043 ut
3202 1006 3307 1061 per
3332 992 3656 1050 Ecclesiam

2011 1076 2348 1132 innotescat
2368 1077 2677 1149 multiplex
2698 1094 2766 1133 ac
2788 1079 2951 1133 varia
2972 1079 3075 1133 Dei
3106 1079 3419 1150 sapientia,
3445 1099 3658 1138 secun-

2013 1165 2155 1220 dum
2187 1165 2539 1220 saculorum
2561 1167 3020 1238 prascientiam,
3045 1184 3222 1238 quam
3248 1168 3389 1225 fecit
3408 1169 3469 1225 in
3491 1172 3660 1225 Chri-

2013 1260 2104 1310 sto
2153 1258 2251 1325 (a).
2304 1275 2333 1304 »
2385 1256 2501 1310 Deo
2553 1261 2750 1312 autem
2798 1257 2950 1311 nihil
2998 1256 3362 1326 adversatur,
3411 1277 3522 1315 nec
3572 1266 3664 1317 est

2013 1345 2339 1417 quidquam
2372 1346 2424 1401 ei
2455 1347 2839 1417 contrarium,
2883 1353 2948 1421 ut
2995 1350 3096 1420 qui
3138 1350 3214 1404 sit
3263 1351 3575 1408 Dominusw
3601 1358 3663 1409 et

2014 1435 2412 1506 omnipotens.
2473 1436 2808 1500 Quinetiam
2860 1453 3089 1506 eorum,
3135 1439 3236 1510 qui
3286 1440 3654 1511 defecerunt,

2014 1524 2267 1579 consilia
2283 1530 2341 1579 et
2353 1525 2751 1596 operationes,
2773 1543 2908 1580 cum
2922 1532 3150 1597 partem
3166 1529 3357 1584 solum
3370 1529 3657 1601 afﬁciant,

2016 1614 2167 1668 fiunt
2195 1613 2437 1684 quidem
2471 1631 2541 1669 ex
2569 1614 2728 1669 mala
2756 1616 3089 1681 affectione,
3121 1618 3274 1673 sicut
3304 1620 3494 1675 morbi
3526 1638 3658 1676 cor-

2018 1703 2217 1775 poris;
2249 1702 2321 1758 ab
2352 1703 2673 1759 universali
2705 1708 2903 1759 autem
2930 1704 3303 1775 providentia
3326 1707 3662 1780 diriguntur

250 1789 316 1842 τὸ
350 1785 443 1842 διὰ
473 1792 652 1842 κακῶν
703 1790 811 1841 τῶν
870 1786 1258 1857 ἐπινοηθέντων
1318 1787 1454 1862 πρός
1494 1809 1680 1856 τινων,
1712 1787 1905 1862 ἀγαθόν

2017 1791 2090 1846 ad
2124 1792 2304 1847 ﬁnem
2337 1792 2657 1854 salubrem,
2699 1792 2931 1848 etiamsi
2984 1810 3161 1849 causa
3205 1796 3283 1849 sit
3311 1797 3503 1851 morbi
3534 1800 3662 1854 efﬁ-

249 1898 305 1931 τι
350 1877 446 1930 καὶ
480 1875 724 1950 χρηστὸν
752 1873 913 1937 τέλος
962 1872 1270 1944 ἀποτελεῖν,
1318 1876 1410 1931 καὶ
1459 1874 1756 1949 ὠφελίμως
1794 1883 1911 1940 τοῖς

250 1965 482 2021 δοκοῦσι
540 1962 771 2041 φαύλοις
827 1966 1091 2039 χρῆσθαι,
1149 1966 1389 2040 κατάπερ
1440 1966 1531 2022 καὶ
1578 1971 1657 2038 τῷ
1705 1966 1765 2022 ἐκ
1792 1988 1912 2022 πει-

245 2058 474 2130 ρασμοῦ
509 2053 811 2128 μαρτυρίῳ.
846 2055 1028 2110 Ἔστιν
1059 2052 1150 2109 οὖν
1210 2055 1306 2109 κάν
1344 2054 1648 2133 φιλοσοφίᾳ
1675 2060 1743 2130 τῇ
1775 2054 1910 2112 κλα-

245 2144 436 2218 πείσῃ,
472 2142 713 2217 καθάπερ
774 2142 876 2197 ὑπὸ
930 2142 1293 2218 Προμηθέως,
1332 2148 1440 2219 πῦρ
1472 2142 1657 2219 ὀλίγον
1691 2143 1765 2208 εἷς
1797 2149 1914 2223 φῶς

246 2231 571 2303 ἐπιτήδειον
622 2231 918 2307 χρησίμως
971 2231 1417 2308 ζωπυροόμενον,
1459 2231 1612 2309 ἴχνος
1638 2254 1691 2288 τι
1722 2236 1909 2312 σοφίας

246 2324 343 2377 καί
372 2322 591 2392 κίνησις
632 2321 780 2397 παρᾶ
827 2325 982 2378 Θεοῦ.
1029 2326 1203 2376 Ταῦτα
1251 2326 1364 2395 (24)
1412 2319 1458 2376 δ’
1509 2321 1568 2377 ἂν
1597 2321 1699 2377 εἶεν
1732 2321 1912 2378 «κλέ-

249 2432 389 2467 πται
417 2409 511 2466 καῖ
543 2408 735 2484 λῃσταὶ
768 2433 796 2461 ››
826 2410 879 2465 οἱ
903 2411 1028 2484 παρ’
1060 2408 1303 2481 Ἕλλησι
1337 2407 1655 2488 φιλόσοφοι,
1687 2412 1774 2466 καὶ
1804 2412 1910 2487 πρὸ

246 2509 356 2571 τῆς
387 2504 492 2556 τοῦ
522 2501 731 2575 Κυρίου
758 2499 1055 2574 παρουσίας
1087 2500 1234 2574 παρὰ
1275 2503 1383 2554 τῶν
1434 2494 1739 2574 Ἐϐραῖκῶν
1769 2521 1909 2575 προ·-

246 2594 448 2665 φητιῖιν
486 2587 624 2663 μέρη
658 2595 757 2657 τῆς
788 2585 1049 2659 ἀληθείας
1074 2588 1137 2643 οὗ
1159 2589 1277 2643 κατ’
1299 2587 1589 2664 ἐπίγνωσιν
1623 2584 1907 2659 λαϐόντες,

243 2676 496 2741 ἀλλ’ὡς
546 2674 659 2732 ἴδια
715 2678 1158 2755 σφετερισάμενοι
1217 2675 1482 2753 δόγματα·
1537 2677 1628 2733 καὶ
1684 2680 1752 2733 τὰ
1811 2680 1905 2753 μὶν

240 2767 762 2842 παραχαράξαντες,
812 2767 880 2820 τὰ
928 2763 985 2821 δὲ
1034 2765 1137 2822 ὐπὸ
1185 2767 1494 2842 περιεργίας
1543 2767 1769 2841 ἀμαθως
1816 2788 1907 2824 σο-

240 2858 566 2938 φισὰμενοι,
623 2857 690 2910 τὰ
773 2853 831 2910 δὲ
914 2856 1001 2911 καὶ
1062 2855 1387 2932 ἐξευρόντες·
1468 2854 1598 2919 ἴσως
1653 2859 1758 2933 γάρ
1815 2860 1903 2914 καὶ

241 2973 269 2998 κ
305 2949 535 3019 πνεῦμα
591 2944 893 3016 αἰσθήσεως
941 2948 1054 3018 (25)
1094 2969 1121 2996 ››
1178 2945 1498 3019 ἐσχήκασιν.
1557 2946 1908 3021 ὨμοΛόγησε

240 3033 303 3092 δὲ
376 3035 473 3090 καὶ
541 3030 928 3109 Ἀριστοτέλης
981 3038 1049 3108 τῇ
1102 3038 1309 3111 Γραφῇ,
1350 3035 1652 3104 κλεπτιγήν
1711 3037 1904 3111 σοφίας

238 3127 347 3194 τήν
408 3125 730 3202 σοφιστικὴν
789 3123 978 3191 εἰπὼν,
1054 3124 1128 3186 ὡς
1189 3122 1668 3198 προεμηνύσαμεν.
1728 3125 1790 3182 Ὀ
1848 3123 1907 3181 δὲ

236 3213 607 3279 Ἀπόστολος’
646 3238 674 3265 ι(
714 3215 787 3272 "A
828 3213 919 3268 καὶ
949 3210 1250 3286 λαλοῦμεν,
1298 3212 1472 3288 λέγει,
1517 3214 1616 3269 οὐκ
1649 3213 1701 3270 ἐν
1753 3212 1904 3269 διδα-

237 3310 404 3367 κτοῖς
456 3303 806 3378 ἀνθρωπίνης
858 3302 1049 3380 σοφίας
1094 3301 1305 3378 λόγοις,
1350 3301 1479 3358 ἀλλ’
1528 3303 1580 3359 ἐν
1630 3300 1905 3367 διδακτοῖς

239 3393 583 3466 πνεύματος.
617 3416 647 3445 ιι
683 3393 807 3449 Ἐπὶ
841 3391 1073 3467 μὲνγὰρ
1101 3395 1213 3446 τῶν
1264 3396 1588 3468 προφητῶν
1624 3415 1648 3447 ι
1684 3394 1903 3462 Πάντες,

241 3485 445 3561 φησὶν,
481 3481 540 3537 ὲκ
567 3485 665 3537 τοῦ
694 3480 1073 3555 πληρώματος
1102 3481 1271 3535 αὐτοῦ
1304 3477 1597 3554 ἐλάϐομεν·
1633 3507 1661 3533 ››
1695 3480 1901 3553 δηλονο

238 3574 326 3630 ότι
386 3576 489 3626 τοῦ
545 3573 798 3645 Χριστοῦ.
856 3572 1013 3626 Ὠστε
1070 3570 1133 3626 οὐ
1190 3571 1420 3626 κλέπται
1489 3573 1541 3626 οἱ
1598 3579 1900 3647 προφῆται.

241 3689 268 3717 ιι
298 3660 412 3721 Καὶ
445 3664 481 3731 ἡ
510 3659 716 3736 διδαχή
749 3662 784 3730 ἡ
817 3659 925 3733 ἐμὴ
981 3664 1112 3733 (26),
1166 3658 1267 3715 οὐκ
1305 3656 1450 3715 ἔστιν
1481 3660 1610 3734 ἐμὴ,
1643 3663 1671 3716 ὁ
1704 3665 1900 3738 Κύριος

239 3752 425 3828 λέγει,
458 3749 607 3805 ἀλλᾶ
653 3753 751 3805 τοῦ
782 3748 1095 3823 πέμψαντός
1144 3769 1210 3822 με
1260 3748 1493 3823 Πατρός’
1530 3773 1557 3801 »
1589 3748 1674 3805 ἐπὶ
1710 3747 1768 3805 δὲ
1794 3756 1904 3807 τῶν

236 3840 617 3907 κλεπτόντων,
657 3861 679 3890 ι
712 3840 774 3897 Ὀ
806 3837 864 3894 δὲ
891 3836 988 3913 ἀφ,
1026 3838 1240 3907 ἑαυτοῦ,
1272 3839 1429 3916 φησί,
1463 3836 1648 3894 λαλῶν
1678 3841 1778 3910 τήν
1810 3837 1906 3896 δό-

237 3932 333 4003 ξαν
397 3930 499 3998 τήν
556 3926 694 3982 ἰδίαν
757 3932 929 3997 ζητεῖ.
980 3949 1009 3979 ι)
1069 3928 1327 3983 Τοιοῦτοι
1382 3923 1440 3981 δὲ
1506 3928 1558 3981 οἱ
1608 3926 1902 3998 Ἕλληνες,

239 4045 267 4073 α
301 4019 573 4098 φίλαυτοι
602 4018 691 4073 καὶ
721 4017 1001 4086 ἀλαζόνες.
1036 4038 1065 4067 ›ι
1098 4014 1310 4094 Σοφοὺς
1340 4012 1399 4070 δὲ
1437 4015 1631 4080 αὐτοὺς
1673 4015 1905 4092 λέγουσα

238 4114 274 4180 ἠ
312 4110 534 4185 Γραφή,
567 4107 629 4162 οὐ
659 4105 788 4169 τοὺς
820 4102 991 4168 ὅντως
1022 4104 1221 4184 σοφοὺς
1255 4099 1565 4176 διαϐάλλει,
1598 4104 1746 4162 ἀλλὰ
1772 4107 1903 4171 τοὺς

243 4196 475 4268 δοκήσει
499 4196 727 4272 σοφούς.

2017 1882 2200 1937 ciens.
2245 1884 2346 1937 Est
2392 1882 2593 1952 itaque
2642 1882 2964 1937 maximum
3016 1882 3227 1939 divina
3277 1885 3661 1956 providentia

2017 1987 2184 2041 opus,
2219 1970 2376 2041 quod
2402 1988 2522 2026 non
2555 1970 2729 2040 sinat,
2759 1977 2823 2025 ut
2851 1971 3078 2039 vitium,
3129 1973 3287 2043 quod
3337 1990 3407 2028 ex
3454 1976 3664 2031 volun-

2015 2060 2165 2115 taria
2194 2060 2523 2115 defectione
2553 2066 2748 2115 ortum
2797 2066 2903 2129 est,
2956 2061 3396 2118 inconducibile
3425 2071 3665 2121 maneat

2017 2155 2075 2204 et
2091 2150 2323 2217 inutile,
2348 2149 2449 2205 sed
2470 2165 2579 2204 nec
2598 2149 2675 2204 sit
2694 2149 2913 2220 ubique
2937 2155 2994 2204 et
3016 2151 3077 2205 in
3095 2152 3371 2207 omnibus
3392 2154 3657 2210 noxium.

2016 2240 2236 2296 Divina
2270 2240 2427 2294 enim
2461 2239 2789 2310 sapientia,
2825 2245 2884 2294 et
2904 2240 3153 2308 virtutis,
3185 2246 3243 2297 et
3267 2244 3548 2313 potentia
3574 2251 3665 2300 est

2015 2329 2301 2396 officium,
2334 2345 2455 2384 non
2488 2328 2679 2383 solum
2710 2328 3058 2385 benefacere
3089 2330 3239 2400 (hac
3261 2337 3351 2385 est
3380 2334 3564 2401 enim,
3596 2341 3663 2389 ut

2014 2418 2097 2473 ita
2126 2417 2341 2484 dicam,
2376 2417 2478 2472 Dei
2501 2423 2733 2485 natura,
2766 2423 2831 2472 ut
2862 2418 3013 2491 ignis
3044 2419 3388 2489 calefacere,
3414 2429 3473 2478 et
3511 2423 3661 2479 lucis

2012 2505 2396 2577 illuminare),
2430 2506 2534 2562 sed
2566 2506 2715 2562 illud
2736 2523 2971 2578 quoque
2994 2509 3270 2573 maxime,
3302 2515 3370 2565 ut
3399 2510 3477 2580 id,
3502 2514 3658 2583 quod

2012 2612 2118 2668 per
2148 2594 2337 2652 malos
2369 2595 2603 2667 aliquos
2636 2597 3028 2669 excogitatum
3061 2603 3170 2665 est,
3191 2598 3266 2654 ad
3298 2599 3520 2656 bonum
3551 2603 3662 2657 ali-

2013 2701 2190 2756 quem
2223 2685 2402 2739 ﬁnem
2435 2690 2494 2739 et
2540 2685 2748 2740 utilem
2796 2686 3068 2753 deducat,
3122 2692 3179 2742 et
3222 2690 3532 2745 commode
3564 2691 3660 2761 iis,

2012 2791 2143 2845 qua
2174 2774 2449 2829 videntur
2476 2774 2654 2840 mala,
2688 2780 2906 2841 utatur,
2941 2775 3094 2830 sicut
3124 2792 3215 2842 eo,
3243 2777 3402 2847 quod
3432 2793 3502 2832 ex
3525 2784 3654 2834 ten-

2012 2863 2231 2919 tatione
2259 2863 2568 2934 processit,
2624 2864 2987 2918 testimonio.
3040 2866 3141 2919 Est
3177 2881 3313 2937 ergo
3364 2867 3543 2922 etiam
3593 2869 3654 2923 in

2010 2951 2406 3023 philosophia,
2435 2968 2566 3022 qua
2598 2952 2754 3007 furto
2804 2958 3097 3024 surrepta,
3130 2953 3307 3009 veluti
3339 2970 3372 3009 a
3402 2957 3652 3013 Prome-

2010 3039 2166 3104 theo,
2201 3044 2485 3109 tanquam
2512 3038 2952 3109 aliquantulum
2987 3039 3160 3112 ignis,
3192 3043 3530 3112 generando
3564 3044 3658 3098 lu—

2014 3127 2184 3194 mini,
2217 3128 2265 3183 si
2297 3127 2606 3183 commode
2638 3128 2946 3194 excitetur,
3002 3134 3226 3200 aptum,
3261 3135 3319 3207 et
3347 3132 3656 3204 vestigium

2015 3216 2257 3288 aliquod
2288 3216 2615 3288 sapientia,
2654 3222 2713 3271 et
2755 3217 2936 3271 motio
2984 3233 3019 3272 a
3067 3218 3184 3273 Deo
3232 3225 3378 3274 orta.
3429 3222 3496 3276 In
3546 3222 3657 3276 hoc

2014 3312 2213 3362 autem
2257 3328 2285 3357 «
2335 3305 2598 3361 latrones
2647 3310 2706 3361 et
2753 3306 2915 3361 fures
2966 3328 2986 3355 »
3046 3307 3271 3362 fuerint
3322 3312 3658 3366 Graecorum

2015 3396 2374 3468 philosophi,
2408 3395 2566 3466 quod
2613 3412 2748 3450 cum
2791 3401 2928 3451 ante
2973 3396 3209 3452 Domini
3257 3396 3574 3455 adventum
3627 3419 3662 3456 a

1988 3472 2322 3557 prophetis
2353 3484 2504 3541 135
2540 3484 2802 3539 Hebrais
2850 3484 3139 3555 quasdam
3170 3492 3366 3558 partes
3394 3490 3658 3546 veritatis

2013 3574 2396 3646 sumpserint,
2429 3574 2488 3629 id
2520 3574 2766 3629 minime
2798 3580 3206 3647 agnoscentes,
3239 3576 3351 3632 sibi
3374 3583 3656 3649 tanquam

2011 3664 2255 3736 propria
2268 3663 2544 3733 dogmata
2561 3663 2980 3731 attribuerunt,
3007 3669 3065 3717 et
3085 3664 3204 3719 alia
3225 3665 3464 3737 quidem
3486 3668 3656 3724 adul-

2013 3757 2302 3815 terarunt,
2318 3752 2435 3807 alia
2449 3757 2669 3819 autem,
2686 3767 3124 3823 supervacanea
3138 3753 3394 3824 quadam
3407 3755 3659 3829 diligen-

2013 3842 2095 3897 tia
2124 3842 2419 3911 imperite,
2452 3857 2519 3896 ac
2569 3841 2970 3912 sophistarum
3002 3858 3165 3896 more
3197 3843 3659 3915 interpolamnt,

2013 3930 2132 3986 alia
2161 3935 2360 3986 autem
2392 3930 2569 3984 etiam
2600 3929 2991 3998 invenerunt;
3038 3947 3147 3986 nec
3180 3932 3341 3987 enim
3388 3951 3523 3990 \ero
3554 3936 3659 3991 ab-

2014 4021 2207 4077 simile
2226 4026 2336 4086 est,
2357 4037 2458 4076 eos
2475 4042 2501 4068 ‹‹
2522 4037 2732 4076 sensus
2746 4021 3018 4092 spiritum
3034 4022 3108 4093 (ὁ)
3124 4044 3149 4071 ‹‹
3166 4022 3463 4080 habuisse.
3477 4024 3658 4088 »X«As-

2014 4111 2269 4167 sentitur
2298 4115 2497 4166 autem
2528 4109 2845 4181 Scriptura
2894 4127 3130 4183 quoque
3160 4112 3527 4182 Aristoteles,
3556 4116 3656 4185 qui

2012 4200 2180 4270 dixit,
2212 4200 2599 4273 sophisticam
2623 4216 2753 4255 esse
2782 4198 2974 4255 furem
2996 4201 3323 4272 sapientia,
3349 4202 3502 4257 sicut
3520 4210 3658 4259 ante

240 4288 645 4345 ostendimus.
698 4286 1014 4359 Apostolus
1069 4290 1310 4342 autem.
1370 4303 1397 4334 α
1428 4287 1565 4351 Qua
1624 4287 1801 4344 etiam
1858 4289 2182 4362 loquimur,
2236 4289 2452 4361 inquit,
2512 4305 2632 4345 non
2687 4289 2749 4344 in
2804 4288 2993 4344 doctis
3042 4289 3317 4345 humana
3349 4291 3655 4362 sapientia

238 4378 465 4444 verbis,
500 4377 605 4433 sed
634 4377 696 4431 in
727 4375 1000 4431 doctrina
1028 4375 1270 4446 spiritus
1303 4374 1396 4447 (ο).
1434 4398 1454 4424 ι
1490 4377 1572 4431 De
1602 4379 1907 4449 prophetis
1936 4380 2136 4435 enim:
2190 4400 2219 4430 ι(
2260 4380 2497 4446 Omnes,
2550 4378 2766 4448 inquit,
2814 4377 2885 4432 de
2931 4376 3305 4448 plenitudine
3337 4379 3465 4450 ejus
3491 4396 3658 4435 acce-

236 4470 448 4540 pimus
477 4467 580 4537 (d),
621 4487 647 4515 u
678 4464 891 4520 Christi
923 4465 1168 4520 scilicet.
1201 4466 1390 4530 Quare
1421 4481 1541 4520 non
1573 4472 1715 4521 sunt
1740 4466 1901 4523 fures
1926 4469 2249 4540 propheta.
2307 4491 2334 4518 «
2367 4470 2437 4522 Et
2483 4467 2754 4521 doctrina
2795 4481 2947 4531 mea,
2980 4482 3100 4520 non
3132 4472 3223 4521 est
3251 4483 3404 4532 mea,
3438 4468 3653 4538 inquit,

237 4557 559 4619 Dominus,
591 4554 693 4610 sed
725 4555 873 4626 ejus,
907 4553 1009 4625 qui
1040 4554 1203 4608 misit
1231 4570 1346 4620 me,
1378 4555 1587 4610 Patris.
1626 4576 1653 4603 »
1712 4558 1781 4611 Et
1836 4556 1909 4611 de
1960 4558 2190 4612 furibus
2221 4574 2233 4611 :
2300 4579 2320 4604 ι
2355 4557 2463 4621 Qui
2514 4561 2712 4610 autem
2763 4570 2831 4608 ex
2876 4554 3094 4624 seipso,
3121 4555 3335 4626 inquit,
3370 4555 3654 4627 loquitur,

234 4647 496 4721 gloriam
523 4644 823 4717 propriam
856 4643 1070 4715 quarit
1099 4644 1188 4716 (e).
1222 4666 1250 4693 ››
1300 4643 1473 4698 Tales
1522 4650 1721 4699 autem
1768 4651 1907 4700 sunt
1955 4647 2159 4712 Graci,
2213 4667 2241 4696 «
2275 4645 2502 4716 seipsos
2536 4649 2824 4709 amantes,
2864 4642 3003 4697 elati
3034 4643 3123 4714 (Γ).
3154 4666 3181 4694 ››
3214 4643 3522 4715 Sapientes
3549 4662 3659 4701 au-

235 4742 367 4793 tem
400 4752 503 4790 eos
535 4734 741 4789 dicens
773 4732 1095 4805 Scriptura,
1130 4748 1250 4787 non
1276 4733 1661 4804 reprehendit
1692 4750 1791 4789 eos
1822 4735 1924 4805 qui
1955 4740 2093 4790 sunt
2122 4752 2255 4790 vere
2289 4734 2623 4805 sapientes;
2656 4731 2759 4786 sed
2791 4748 2891 4786 eos
2922 4732 3023 4801 qui
3056 4732 3166 4788 sibi
3198 4733 3489 4788 videntur.

307 4923 379 4988 ψ
408 4925 475 4979 Ρ.
509 4923 614 4977 370
644 4922 770 4995 ΕΒ.)
791 4922 1082 4995 PQT’I‘ER.
1117 4922 1217 4975 313
1248 4921 1361 4995 EDA.
1403 4919 1771 4995 Parusgva)
1828 4922 1905 4992 Ep

2015 4940 2040 4976 ι.
2097 4922 2195 4989 III,
2259 4923 2344 4988 10,
2404 4923 2488 4975 ll.
2524 4920 2604 4992 (b)
2635 4922 2813 4977 Exod.
2845 4938 3044 4991 xxvm,
3076 4924 3128 4977 3.
3171 4922 3242 4995 (ο)
3268 4924 3292 4977 Ι
3318 4923 3447 4980 Cor.
3476 4939 3537 4992 ιι,
3573 4924 3659 4978 13.

237 4998 317 5066 (d)
351 4996 524 5051 Joan.
560 5011 598 5060 ι,
633 4996 718 5048 16.
754 4992 823 5064 (e)
851 4993 1016 5049 Joan.
1048 5009 1144 5058 vu,
1181 4994 1266 5059 16,
1328 4993 1411 5046 ιιι.
1444 4993 1510 5062 (f)
1542 4993 1592 5046 ΙΙ
1622 4992 1768 5047 Tim.
1801 5009 1883 5061 ιιι,
1913 4996 1964 5046 2·

2010 5183 2346 5258 prapositio
2378 5182 2635 5258 κατά-811(
2659 5183 2872 5239 similis
2892 5203 2905 5245 :
2931 5182 3021 5258 vel
3044 5183 3359 5251 legendum
3380 5183 3656 5258 ταύτῃ.Ιο.

2081 5253 2191 5324 (25)
2223 5255 2442 5324 Πνεῦμα
2472 5253 2795 5325 αἰσθήσεως.
2845 5255 3159 5325 Respicere
3207 5257 3438 5312 videtur
3475 5253 3656 5313 Exod.

2010 5343 2205 5403 xxviii,
2238 5329 2469 5403 3._[_I§iai
2526 5324 2644 5403 τοῖς
2700 5332 2889 5403 σοφοῖς
2947 5324 3180 5403 διανοίᾳ,
3241 5326 3333 5403 οὕς
3386 5327 3659 5403 ἐνέπλησα

2010 5400 2225 5466 πνεῦμα
2253 5397 2573 5472 αίσθήσεως.
2607 5397 2788 5456 (ἶοιιίζ
2806 5417 2938 5472 qua
2971 5401 3244 5472 superius
3280 5400 3427 5456 dixit
3455 5406 3661 5456 auctor

2011 5487 2069 5542 p.
2103 5472 2201 5524 281
2240 5470 2396 5542 edit._
2418 5472 2603 5542 Paris.

2084 5543 2196 5617 (26)
2222 5538 2423 5617 :ll_8v.3,
2457 5543 2492 5610 ἡ
2526 5541 2656 5617 igni.
2692 5544 2888 5617 (Vulg._
2913 5543 3038 5598 Bib.
3087 5545 3254 5617 .loan.
3302 5560 3370 5597 vn
3400 5542 3652 5617 brevius,

2009 5613 2045 5680 ἠ
2078 5609 2185 5705 ἐμὴ
2219 5609 2444 5705 δέδαχη.
2472 5616 2564 5705 AAb
2594 5609 3007 5674 iisdemyabest
3036 5615 3215 5670 etiam
3262 5614 3655 5687 appositivum

2011 5687 2215 5759 πατρός
2244 5687 2519 5744 SYLBUBG.

239 5181 1038 5257 notissimum,apud_quos
1094 5180 1250 5257 ῥῇξαι
1310 5187 1399 5257 est
1451 5175 1903 5257 καταϐαλεζνκιιῐ

240 5275 375 5329 exp.
436 5251 787 5328 Hesychius.
857 5251 1000 5309 Inde
1058 5251 1321 5327 epitheta
1372 5251 1673 5332 ῥηξίφρων,
1729 5252 1900 5328 ῥηξή-

273 5348 381 5391 cup,
415 5334 528 5383 etc.

238 5351 381 5396 va,
415 5351 528 5383 etc.

312 5401 432 5472 (22)
459 5395 795 5472 Πρόγνωσιν.
829 5394 1355 5472 11.960366512131183.

488 5464 1039 5542 ’Ᾰτίοστατησάντων.
1099 5464 1384 5542 ’_A.—_ms._,
1453 5464 1899 5542 ἇποστησόὶντων.

239 5538 350 5599 sed
378 5538 576 5598 verior
605 5541 759 5615 vulg.
793 5540 968 5596 lectio
995 5557 1008 5607 ;
1034 5540 1122 5594 vel
1151 5539 1328 5595 etiam
1352 5539 1609 5608 brevius,
1632 5538 1904 5593 ἀποστάν-

238 5633 375 5668 των.
410 5617 690 5671 δηευιιο.

316 5689 432 5757 (24)
459 5687 668 5743 Ταῦτα.
706 5685 763 5740 Si
794 5700 931 5740 vera
987 5688 1078 5740 est
1134 5683 1448 5756 scriptura,
1491 5681 1903 5742 subaudienda
