4042 6192
434 315 542 388 803

1668 324 2077 381 CLIIIBNTIS
2112 323 2615 382 ALIXANDBINI

1907 475 2140 530 CAPUT
2176 473 2370 532 XVIII.

1067 586 1319 644 Illustrat
1351 585 1495 641 illud
1523 588 1730 642 dictum
1760 584 2015 656 Apostoli
2035 599 2054 638 :
2085 605 2113 633 «
2146 583 2381 640 Perdam
2429 584 2765 657 sapientiam
2801 587 3134 659 sapientum.
3170 605 3194 638 ι

498 710 576 764 De
594 707 686 763 his
703 711 902 763 autem
927 706 1107 762 dicit:
1131 730 1159 758 «
1186 707 1436 763 Perdam
1463 703 1819 778 sapientiam
1840 703 2070 774 sapien-

2341 698 2355 716 \
2495 700 2509 718 Ι
2621 701 2634 719 Ι
3071 707 3085 725 ἢ
3263 706 3276 727 ι
3445 709 3470 722 υ
3552 705 3566 724 ε

2261 705 2356 754 Και
2388 721 2511 774 περι
2542 723 2748 758 τουτων
2783 711 2896 779 (2³7)
2946 727 3146 784 φησιν,
3201 730 3229 757 ‹‹
3277 703 3484 764 Απολω
3510 727 3602 775 την
3633 706 3785 785 σοφίαν

427 804 575 861 tum,
609 802 668 851 et
695 796 1074 868 prudentiam
1116 797 1477 868 prudentum
1527 794 1801 850 abolebo.
1833 812 1860 842 ιι
1899 791 2070 846 Infert

2188 793 2297 844 τῶν
2331 795 2535 868 σοφῶν,
2565 791 2653 846 καὶ
2681 794 2782 861 τήν
2824 794 3031 850 σύνεσιν
3091 801 3198 851 τῶν
3235 800 3462 851 συνετῶν
3503 797 3738 866 ἀθετήσω.
3768 825 3782 850 ι

425 891 625 960 itaque
655 887 1010 959 Apostolus:
1047 908 1068 936 ι
1106 889 1211 942 Ubi
1254 889 1492 960 sapiens
1515 888 1542 942 ?
1566 887 1664 941 ubi
1700 884 1933 940 scriba?
1974 884 2077 938 ubi

427 979 748 1050 inquisitor
803 978 980 1048 hujus
1031 977 1234 1032 saaculi
1271 977 1299 1031 ‘I
1352 999 1378 1026 ››
1426 977 1710 1032 nimirum
1767 992 1800 1030 a
1843 973 2074 1041 scribis,

428 1069 607 1140 hujus
628 1066 828 1122 saeculi
854 1066 1257 1137 inquisitores,
1282 1066 1666 1138 philosophos
1691 1082 1760 1119 ex
1780 1062 2075 1136 gentibus,

431 1157 817 1229 distinguens.
857 1179 882 1206 «
937 1159 1140 1211 Nonne
1191 1156 1432 1212 stultam
1481 1156 1621 1210 fecit
1665 1155 1818 1210 Deus
1867 1151 2076 1207 mundi

430 1247 780 1319 sapientiam
805 1247 878 1317 (α)
900 1247 928 1301 ?
951 1268 978 1294 »
1003 1246 1160 1318 quod
1192 1247 1439 1318 perinde
1475 1251 1582 1313 est,
1607 1262 1673 1300 ac
1706 1243 1948 1299 stultam
1981 1260 2078 1296 os-

428 1337 640 1402 tendit,
675 1342 734 1391 et
764 1353 881 1390 non
926 1353 1142 1404 veram,
1192 1343 1258 1390 ut
1301 1335 1385 1392 illi
1433 1352 1562 1390 eam
1608 1351 1736 1390 esse
1771 1333 2074 1404 putabant.

429 1429 499 1481 Et
527 1428 574 1482 si
606 1443 776 1499 roges
806 1442 1044 1481 causam
1077 1442 1182 1480 cur
1207 1425 1318 1480 sibi
1367 1425 1707 1479 viderentur
1737 1424 2034 1494 sapientes
2061 1438 2074 1475 :

436 1541 463 1567 α
499 1523 740 1589 propter
771 1516 1092 1570 caecitatem
1115 1514 1309 1570 cordis
1331 1514 1594 1585 ipsorum
1621 1514 1712 1584 (b),
1745 1533 1771 1566 ι
1808 1513 2072 1584 inquiet:

430 1629 459 1656 «
489 1606 780 1671 Quoniam
813 1604 874 1658 in
907 1603 1198 1674 sapientia
1227 1603 1347 1669 Dei,
1387 1625 1415 1652 »
1448 1619 1517 1658 ea
1539 1619 1774 1674 nempe,
1809 1619 1939 1673 quae
1971 1617 2076 1673 per

429 1697 751 1768 prophetas
782 1699 871 1747 est
900 1692 1269 1759 annuntiata,
1305 1715 1332 1742 «
1367 1709 1485 1748 non
1517 1693 1787 1765 cognovit
1816 1691 2074 1747 mundus

424 1801 531 1855 per
563 1782 940 1853 sapientiam,
970 1802 994 1831 ο
1047 1797 1178 1852 quas
1226 1781 1455 1836 scilicet
1502 1782 1766 1854 loquitur
1804 1799 1910 1853 per
1939 1797 2073 1852 pro-

423 1873 656 1944 phetas,
687 1892 711 1922 a
748 1871 962 1942 ipsum,
990 1891 1018 1920 »
1055 1870 1280 1926 scilicet
1314 1873 1520 1938 Deum,
1546 1894 1573 1921 «
1604 1871 1714 1942 ipsi
1747 1873 1862 1926 Deo
1885 1871 2072 1924 visum

423 1967 514 2017 est
551 1977 658 2032 per
687 1959 1170 2032 praedicationem
1201 1959 1540 2028 stultitim,»
1569 1977 1700 2033 qum
1724 1960 1937 2015 Grmcis
1959 1959 2075 2014 sci-

2191 882 2468 959 Ἐπιφὲρει
2511 888 2638 959 γοῦν
2699 885 2727 939 ὁ
2779 885 3140 948 Ἀπόσ-τολος·
3201 912 3230 938 ‹‹
3292 892 3401 942 Ποῦ
3458 888 3651 966 σοφόςς
3703 896 3785 944 ποῦ

2187 971 2575 1047 γραμματεύς;
2634 978 2738 1028 ποῦ
2799 977 3109 1047 συζητητής
3153 981 3250 1032 τοῦ
3302 977 3499 1040 αίῶνος
3524 977 3735 1047 τούτους
3763 1004 3784 1029 ι

2187 1059 2323 1133 πρὸς
2355 1057 2774 1130 ἀντιδιαστολην
2833 1066 2943 1116 τῶν
2991 1063 3378 1138 γραμματέων,
3416 1063 3540 1126 τοὺς
3563 1069 3650 1120 τοῦ
3675 1067 3785 1120 a163-

2186 1169 2280 1211 νος
2318 1149 2506 1204 ςοὺτου
2551 1150 2810 1220 ζητητὰς,
2857 1151 2986 1215 τοὺς
3036 1151 3088 1223 ἐξ
3138 1153 3300 1208 ἐθνῶν
3350 1153 3687 1230 φιλοσόφους,
3711 1153 3785 1210 τά.

2187 1238 2299 1309 ξας.
2337 1262 2365 1291 ι(
2397 1239 2540 1314 Οὐχὶ
2601 1239 2876 1316 ἐμώρανεν
2937 1243 2966 1296 ὁ
3023 1243 3154 1304 Θεὸς
3208 1245 3312 1312 τήν
3361 1244 3547 1322 σοφίαν
3573 1249 3659 1298 τοῦ
3684 1245 3785 1299 κόσ-

2189 1348 2295 1400 μου
2326 1332 2470 1400 (28);
2508 1353 2536 1378 n
2568 1328 2760 1399 ἐπίσης
2789 1334 2890 1402 τῷ,
2927 1331 3112 1404 μωράν
3153 1328 3339 1403 ἔδειξε,
3371 1332 3462 1388 καί
3493 1334 3588 1387 οὐκ
3616 1333 3782 1404 ἀληθῆ,

2185 1417 2259 1480 ὦς
2287 1416 2479 1491 ᾤοντο.
2514 1416 2623 1475 Κάν
2653 1420 2792 1494 πύθῃ
2847 1421 2947 1489 τήν
2998 1421 3170 1476 αἰτίαν
3228 1429 3330 1491 τῆς
3383 1420 3680 1501 δοξοσοφίας
3707 1424 3784 1478 αὖ·

2181 1513 2312 1577 τῶν,
2351 1533 2378 1561 ιι
2409 1506 2496 1564 διά
2523 1511 2623 1578 τὴν
2673 1511 2932 1584 πώρωσιν
2977 1518 3076 1580 τῆς
3119 1510 3350 1588 καρδίας
3393 1513 3586 1580 αὐτῶν,
3628 1538 3647 1564 ι
3676 1513 3782 1588 ipsi

2184 1623 2210 1647 ισ
2247 1595 2459 1652 ἐπειδὰν
2493 1598 2543 1652 ἐν
2602 1603 2669 1673 τῇ
2724 1599 2884 1677 σοφίᾳ
2939 1605 3034 1655 τοῦ
3082 1606 3238 1671 Θεοῦ,
3273 1626 3303 1654 ››
3333 1603 3572 1658 τουτέστι
3602 1599 3678 1658 διὰ
3697 1607 3779 1658 τῶν

2181 1692 2478 1764 προφητῶν
2506 1687 2944 1764 κατηηελμὲνῃ,
2977 1713 3002 1743 ι
3025 1691 3124 1745 οὐκ
3155 1689 3291 1766 ἶγνω
3326 1692 3354 1746 ὁ
3385 1692 3584 1766 κόσμος
3606 1691 3684 1748 διὰ
3700 1700 3780 1761 τῆς

2181 1776 2431 1854 σοφίας,››
2454 1783 2555 1845 τῆς
2575 1774 2781 1832 διάτῶν
2798 1783 3093 1854 προφητῶν
3111 1777 3449 1852 λαλούσης,ι
3475 1781 3621 1836 αὐτὸν
3641 1785 3779 1854 (29).»

2181 1862 2440 1936 δηλονότι
2472 1867 2562 1921 τὸν
2596 1866 2743 1923 Θεόν.
2779 1892 2807 1919 ‹‹
2841 1865 3130 1938 εὐδόκησεν
3177 1869 3337 1932 οὗτος
3377 1875 3486 1944 (30)
3516 1872 3543 1926 ὁ
3573 1873 3686 1931 Θεὸς
3713 1869 3779 1924 διὰ

2178 1959 2273 2010 τοῦ
2302 1957 2658 2031 κηρύγματος
2687 1964 2788 2026 τῆς
2821 1959 3055 2032 μωρίας,
3081 1983 3110 2010 ι»
3130 1967 3229 2030 τῆς
3257 1957 3526 2031 δοκούσης
3554 1959 3776 2030 Ἕλλησιν

421 2051 561 2107 licet
593 2049 824 2105 videtur
851 2067 980 2106 esse
1014 2050 1284 2117 stultitia,
1319 2073 1346 2101 «
1381 2050 1570 2105 salvos
1596 2050 1788 2106 facere
1820 2049 2068 2104 creden-

2184 2046 2310 2100 εἶναι
2347 2046 2576 2119 μιυρίας,
2611 2070 2639 2099 (ι
2671 2051 2839 2102 σῶσαι
2882 2047 3011 2111 τοὺς
3057 2049 3436 2113 πιστεύονταςο
3469 2048 3641 2119 ἒπειδή
3669 2052 3776 2108 Ἰου-

423 2145 547 2195 tes:
579 2141 868 2205 Quoniam
897 2139 1102 2206 Judaei,
1137 2138 1352 2210 inquit,
1397 2139 1565 2211 signa
1595 2143 1803 2210 petunt
1834 2159 1860 2187 η
1895 2136 1969 2192 ad
2002 2137 2068 2190 ﬁ-

421 2229 580 2296 dem,
617 2251 644 2278 «
664 2229 844 2284 (ἓτωοί
864 2235 1060 2283 autem
1083 2234 1358 2300 qumrunt
1382 2227 1734 2299 sapientiam
1763 2243 1775 2280 :
1806 2248 1834 2276 »
1856 2243 2071 2296 nempe

419 2318 744 2384 orationes,
781 2335 912 2388 qua:
944 2323 1232 2372 vocantur
1263 2314 1666 2388 ἀναγκαστικαί,
1700 2316 1809 2371 hoc
1831 2321 1938 2382 est,
1963 2331 2072 2369 ne-

425 2407 686 2464 cessario
741 2405 1185 2472 concludentes,
1234 2411 1293 2462 et
1346 2406 1494 2460 alios
1555 2405 1783 2460 scilicet
1829 2403 2072 2477 syllogi-

429 2515 607 2555 smos.
642 2520 669 2547 «
706 2498 819 2552 Nos
852 2501 1050 2551 autem
1100 2495 1493 2568 przedicamus
1535 2496 1734 2550 Iesum
1773 2495 2071 2549 Christum

422 2587 794 2649 cruciﬁxum,
814 2586 1033 2642 Judaeis
1055 2586 1295 2657 quidem
1322 2585 1667 2641 scandalum
1690 2602 1703 2652 ;
1724 2585 1916 2656 nquod
1937 2601 2073 2639 cum

419 2677 612 2734 sciant
643 2677 1033 2748 prophetiam,
1067 2693 1187 2731 non
1214 2675 1462 2731 credant
1490 2675 1726 2730 eventui
1755 2690 1768 2728 :
1807 2694 1833 2726 ι
1858 2673 2074 2729 Graecis

417 2771 615 2822 autem
641 2765 1004 2820 stultitiam»
1032 2783 1044 2830 ;
1078 2765 1344 2820 fabulam
1368 2764 1529 2819 enim
1555 2781 1680 2819 esse
1710 2763 2072 2830 existimant,

421 2855 521 2924 qui
555 2854 665 2909 sibi
716 2855 992 2910 videntur
1042 2855 1364 2925 sapientes,
1415 2853 1572 2924 quod
1618 2869 1724 2924 per
1771 2852 2073 2907 hominem

425 2944 605 3000 Filius
637 2945 737 3000 Dei
770 2944 1066 3016 loquatur,
1103 2950 1159 3000 et
1184 2945 1338 2999 Deus
1381 2943 1596 2998 habeat
1638 2942 1850 3008 ﬁlium,
1885 2947 1942 2997 et
1973 2942 2074 2997 ille

425 3035 503 3089 sit
558 3049 805 3105 passus:
859 3050 976 3105 quo
1025 3034 1109 3099 lit,
1161 3038 1226 3087 ut
1275 3032 1460 3087 nimia
1510 3031 1599 3086 sui
1638 3031 2075 3086 existimatione

424 3123 843 3195 praeoccupati,
873 3122 1118 3178 credere
1165 3122 1380 3177 nolint.
1430 3120 1751 3175 Servatoris
1781 3121 1940 3175 enim
1971 3119 2076 3175 ad-

419 3219 651 3279 ventus,
703 3229 823 3268 non
856 3212 1068 3267 stultos
1107 3211 1268 3278 fecit,
1323 3217 1381 3265 et
1414 3209 1595 3265 duros
1625 3209 1822 3276 corde,
1858 3215 1918 3264 et
1946 3208 2076 3263 inti-

418 3301 618 3368 deles;
653 3302 755 3357 sed
788 3302 1134 3374 prudentes,
1166 3307 1224 3356 et
1255 3307 1422 3372 aptos
1454 3299 1671 3371 quibus
1712 3298 2076 3370 persuadea-

416 3400 533 3460 tur,
568 3397 625 3447 et
655 3398 944 3463 praeterea
974 3392 1200 3446 fideles.
1235 3392 1471 3456 Verum,
1500 3389 1600 3460 qui
1626 3403 1836 3460 parere
1861 3386 2073 3442 nolue-
2100 3428 2144 3496 C

414 3487 577 3546 runt,
610 3480 682 3535 ab
715 3497 941 3546 eorum,
978 3481 1076 3551 qui
1103 3479 1475 3547 obedierunt,
1507 3477 1841 3533 voluntaria
1872 3476 2072 3531 adhae-

419 3572 586 3627 sione
617 3569 1000 3636 discedendo,
1033 3570 1255 3624 ostensi
1278 3575 1420 3624 sunt
1449 3567 1882 3639 imprudentes,
1903 3572 1959 3620 et
1980 3567 2074 3620 in-

420 3657 648 3723 ﬁdeles,
679 3662 737 3711 et
763 3657 946 3712 stulti.
987 3678 1013 3708 ι
1053 3658 1203 3729 Ipsis
1254 3663 1451 3712 autem
1496 3659 1736 3724 vocatis,
1766 3656 1984 3713 Iudaeis
2017 3659 2076 3711 et

416 3749 652 3815 Grascis,
668 3747 935 3802 Christus
951 3749 1110 3812 est>X<
1128 3750 1223 3803 Dei
1240 3750 1511 3817 virtus,et
1527 3750 1627 3804 Dei
1643 3749 2064 3820 sapientiam.»

414 3842 563 3896 Num
599 3853 735 3910 ergo
767 3837 945 3907 (quod
977 3843 1066 3892 est
1107 3838 1284 3893 etiam
1337 3839 1571 3908 melius)
1604 3837 2070 3894 existimandum

413 3934 502 3984 est
534 3944 664 3983 esse
720 3927 1055 3998 negativum
1115 3926 1286 3995 illud,
1319 3949 1346 3976 «
1399 3925 1543 4000 Οὐχὶ
1591 3923 1866 3998 ἐμώρανεν
1919 3928 2071 3981 Deus

420 4017 775 4090 sapientiam
833 4016 1062 4084 mundi,
1123 4038 1150 4065 ›ι
1206 4016 1453 4088 perinde
1510 4035 1576 4072 ac
1627 4015 1724 4069 οὐκ
1771 4014 2068 4089 ἐμώρανεν·

415 4130 443 4158 ‹‹
478 4124 598 4162 non
632 4106 874 4162 stultam
906 4106 1066 4170 fecit,
1114 4129 1140 4156 »
1192 4123 1265 4161 ne
1314 4123 1493 4162 causa
1545 4106 1780 4161 duritiei
1814 4106 2007 4161 cordis
2040 4123 2073 4160 a

414 4200 532 4254 Deo
564 4197 650 4253 eis
688 4196 849 4252 facta
879 4196 1145 4251 videatur
1175 4219 1200 4245 α
1237 4197 1336 4267 qui
1399 4196 1641 4251 stultam
1671 4197 1811 4250 fecit
1836 4195 2072 4266 sapien-

411 4289 554 4343 tiam
577 4288 604 4342 ?
633 4309 662 4338 »
697 4286 953 4342 Omnino
987 4285 1145 4341 enim
1177 4302 1310 4340 cum
1357 4285 1654 4356 sapientes
1695 4291 1913 4350 essent,
1946 4301 2074 4339 ma-

404 4378 526 4450 jori
560 4377 750 4449 culpae
781 4376 944 4432 fuere
969 4374 1337 4445 obnoxii,qui
1371 4373 1775 4446 praedicationi
1805 4390 1925 4428 non
1951 4389 2072 4428 cre-

413 4469 729 4524 diderunt:
763 4467 1098 4523 voluntaria
1136 4465 1295 4521 enim
1345 4471 1433 4520 est
1463 4465 1673 4520 electio
1723 4470 1781 4519 et
1810 4464 2074 4520 delectus

409 4559 691 4614 veritatis.
771 4557 1107 4623 Quinetiam
1167 4556 1349 4612 illud:
1422 4577 1446 4608 α
1523 4553 1770 4610 Perdam
1843 4554 2072 4626 sapien-

413 4649 556 4703 tiam
591 4648 946 4719 sapientum.
983 4669 1011 4697 »
1058 4647 1208 4719 ejus,
1243 4664 1374 4718 qum
1407 4645 1810 4702 contemnitur
1852 4661 1920 4700 ac
1968 4645 2068 4701 de-

412 4737 682 4808 spicitur,
742 4737 1007 4792 barbara:
1057 4736 1449 4808 philosophiae
1497 4735 1870 4808 oppositione
1928 4735 2072 4790 dicit

407 4825 738 4882 illustrasse
767 4843 780 4892 ;
815 4826 968 4881 sicut
998 4825 1178 4880 etiam
1222 4826 1491 4894 lucerna,
1543 4842 1674 4898 qum
1716 4842 1750 4881 a
1779 4825 1901 4880 sole
1931 4826 2066 4881 illu-

412 4920 652 4982 stratur,
685 4912 903 4969 dicitur
933 4914 1200 4985 periisse,
1229 4931 1298 4970 eo
1331 4914 1488 4986 quod
1536 4931 1656 4971 non
1683 4916 1762 4970 sit
1789 4916 1948 4987 paris
1980 4915 2069 4971 ef-

2178 2130 2344 2200 δαῖοι,
2361 2135 2517 2212 φησὶ,
2534 2141 2734 2208 σημεῖα
2754 2135 2964 2191 αίτοῦσι
2989 2163 3016 2188 »ι
3039 2138 3176 2213 πρὸς
3199 2139 3406 2193 πίστιν·
3431 2164 3458 2192 ‹‹
3479 2139 3718 2208 Ἕλληνες
3735 2135 3777 2193 δὲ

2178 2223 2367 2300 σοφίαν
2421 2227 2663 2294 ζητοῦσι,
2721 2248 2751 2276 »
2797 2225 2927 2287 τοὺς
2975 2225 3404 2301 ἀναγκαστικοῦς
3451 2226 3775 2299 καλουμένους

2176 2311 2402 2387 λόγους,
2460 2312 2549 2367 καὶ
2605 2311 2734 2375 τοὺς
2795 2312 3000 2376 ἄλλους
3069 2313 3482 2390 συλλογισμοὺς
3538 2315 3772 2385 δηλονότι.

2183 2426 2204 2453 ι
2239 2401 2430 2475 Ἡμεῖς
2475 2399 2532 2457 δὲ
2568 2403 2910 2478 κηρύσσομεν
2964 2405 3173 2474 Ἰησοῦν
3219 2409 3330 2478 (31)
3379 2407 3596 2480 Χριστὸν
3623 2405 3773 2460 ἐσταυ-

2180 2492 2448 2566 ρωμένονο
2480 2489 2771 2554 Ἰουδαίοις
2807 2494 2901 2566 μὶν
2936 2491 3259 2566 σκάνδαλον,
3301 2520 3323 2546 ο
3381 2493 3470 2551 διά
3495 2497 3575 2566 τὸ,
3602 2493 3772 2554 είδοτας

2176 2582 2275 2650 τήν
2308 2581 2666 2656 προφητείαν,
2698 2584 2773 2654 μὴ
2823 2583 3094 2638 πιστεύειν
3141 2587 3210 2658 τῇ
3261 2580 3499 2655 ἐκϐάσει,
3529 2611 3555 2639 ι(
3581 2583 3773 2652 Ἕλλησι

2181 2668 2238 2724 δὲ
2273 2671 2502 2746 μωρίαν·
2539 2694 2564 2723 υ
2603 2669 2848 2744 μυθῶδες
2893 2673 2994 2748 γὰρ
3039 2675 3305 2747 ἡγοῦνται
3342 2675 3394 2730 οἱ
3443 2673 3769 2750 δοκησίσοφοι,

2181 2757 2269 2815 διὰ
2296 2781 2355 2816 τε
2383 2761 2669 2834 ἀνθρώπου
2718 2761 2838 2814 Υἱὸν
2886 2766 3022 2816 Θεοῦ
3080 2761 3293 2834 λαλεῖν,
3329 2766 3444 2820 υἱόν
3476 2786 3532 2819 τε
3560 2763 3684 2839 ἔχειν
3704 2763 3775 2816 τὸν

2180 2850 2332 2920 Θεὸν,
2363 2849 2454 2904 καὶ
2509 2847 2578 2918 δὴ
2635 2849 2726 2904 καὶ
2783 2853 3108 2914 πεπονθέναι
3155 2857 3376 2908 τοῦτον·
3419 2854 3533 2918 ὅθεν
3561 2853 3775 2920 αὐτοὺςῆ

2179 2937 2462 3014 πρόληψις
2515 2945 2619 3007 τῆς
2674 2938 2909 3009 οἰήσεως
2967 2940 3239 3004 ἀναπείθει
3302 2941 3558 2999 ἀπιστεῖν.
3609 2944 3661 3000 ἸΙ
3699 2942 3775 3017 γὰρ

2179 3027 2449 3105 παρουσία
2477 3032 2574 3084 τοῦ
2603 3035 2863 3100 Σωτῆρος
2909 3028 2970 3084 ού
3024 3030 3243 3105 μωροὺς
3289 3030 3511 3103 ἐποίησε
3536 3033 3615 3087 καὶ
3642 3029 3778 3100 σκλη-

2181 3115 2524 3193 ροκαρδίους,
2580 3119 2671 3174 καὶ
2719 3119 2998 3184 ἀπίστους,
3048 3117 3192 3175 ἀλλά
3245 3123 3496 3189 συνετοὺς
3526 3121 3776 3178 καίεὖπει-

2180 3211 2312 3276 Θεῖς,
2349 3209 2571 3284 προσέτι
2630 3209 2874 3270 πιστούς.
2934 3207 3294 3284 Ἐδείχθησαν
3361 3211 3437 3284 δὲ,
3490 3212 3544 3267 ἐκ
3580 3218 3666 3280 τῆς
3689 3214 3771 3264 τῶν

2185 3299 2602 3354 ὑπακουσάντων
2683 3298 2932 3353 ἑκουσίου
3007 3297 3392 3373 προσκλίσεως
3449 3302 3772 3378 χωρισθέντες,

2182 3388 2234 3443 οἱ
2269 3389 2345 3460 μή
2408 3384 2761 3457 ἐθελήσαντες
2819 3387 3095 3452 πείθεσθαι
3158 3390 3412 3446 ἀσύνετοί
3455 3413 3530 3459 τε,
3573 3391 3650 3446 καὶ
3677 3387 3770 3443 51::-

2183 3497 2321 3544 στοι,
2379 3475 2468 3530 καὶ
2530 3476 2729 3551 μωροί.
2791 3502 2818 3528 ‹‹
2851 3477 3044 3540 Λύτοῖς
3105 3475 3162 3533 δὲ
3218 3485 3341 3543 τοῖς
3394 3479 3626 3551 κλητοῖς,
3665 3481 3773 3533 Ἰουο

2182 3563 2357 3626 δαίοις
2413 3586 2472 3620 τε
2521 3565 2612 3620 καὶ
2668 3565 2929 3636 Ἕλλησι,
2987 3569 3220 3642 Χριστὸς
3266 3574 3405 3624 Θεοῦ
3436 3567 3644 3642 δύναμίς
3670 3567 3772 3633 ἐστι,

2181 3654 2271 3709 καὶ
2304 3658 2436 3708 Θεοῦ
2493 3653 2674 3731 σοφία’
2707 3676 2732 3707 ι
2802 3657 2892 3726 Μή
2955 3677 3006 3711 τι
3064 3655 3154 3710 οῦν
3214 3656 3376 3735 (ὅπερ
3426 3661 3508 3713 καὶ
3555 3655 3772 3730 ἄμεινον),

2182 3742 2520 3820 ἀποφατικὸν
2579 3745 2818 3818 ἡγητέον
2869 3745 2952 3814 τὸ,
3010 3770 3036 3795 κ
3075 3745 3215 3821 Οὓχί
3273 3745 3549 3823 ἐμώρανεν
3602 3747 3626 3800 ὁ
3675 3745 3773 3801 Θεὸς

2179 3835 2280 3901 τὴν
2337 3831 2523 3908 σοφίαν
2582 3837 2679 3887 τοῦ
2739 3833 2968 3904 κόσμου,
3004 3859 3024 3886 ι
3092 3832 3307 3904 ἐπίσης,
3369 3863 3396 3887 ‹‹
3439 3837 3550 3893 Οὐκ
3602 3832 3773 3907 ἐμώρα-

2179 3942 2289 3990 νεν,
2327 3919 2466 3975 η’ίνα
2500 3921 2574 3992 μὴ
2608 3923 2642 3990 ἡ
2678 3920 2825 3975 αἰτία
2855 3924 2955 3986 τῆς
2983 3920 3429 3998 σκληροκαρδίας
3472 3924 3638 3984 αὐτοῖς
3663 3920 3776 3994 παρὰ

2178 4017 2276 4067 τοῦ
2303 4015 2436 4068 Θεοῦ
2467 4010 2721 4088 φαίνηται
2779 4013 3066 4084 γενομένη,
3127 4037 3154 4064 σ(
3180 4018 3278 4068 τοῦ
3354 4014 3675 4090 μωράνοντος
3696 4011 3772 4076 τήν

2181 4103 2410 4180 σοφίαν;
2447 4125 2475 4152 ››
2508 4102 2593 4157 Ἐν
2637 4105 2766 4155 πᾶσι
2813 4103 2937 4177 γαρ,
2987 4103 3165 4157 καίτοι
3221 4105 3385 4182 σοφοὶ
3431 4102 3570 4166 ὄντες
3608 4103 3651 4157 ἓν
3681 4099 3772 4174 μεί-

2184 4198 2296 4262 ζονι
2326 4191 2470 4262 αἰτίᾳ
2506 4190 2780 4267 γεγόνασι,
2835 4192 2912 4264 μή
2969 4192 3354 4257 πιστεύσαντες
3383 4200 3462 4268 τῷ
3489 4194 3769 4268 κηρύγματι”

2181 4281 2425 4343 ἑκούσιος
2455 4281 2556 4356 γάρ
2587 4279 2621 4350 ἥ
2654 4301 2712 4335 τε
2741 4278 2966 4356 α’ίρεσις,
2996 4281 3030 4350 ἥ
3079 4303 3135 4337 τε
3171 4290 3271 4352 τῆς
3306 4282 3559 4355 ἀληθείας
3586 4280 3769 4355 ἐκλογή.

2183 4370 2364 4429 Ἀλλά
2408 4372 2499 4426 καὶ
2554 4373 2639 4438 τὸ,
2705 4392 2731 4425 ε
2763 4369 2984 4428 Ἀπολῶ
3041 4373 3140 4442 τὴν
3199 4376 3389 4451 σοφίαν
3421 4380 3521 4429 τῶν
3552 4373 3723 4450 σοφῶν,
3750 4390 3770 4417 ιο

2179 4467 2248 4536 τῇ
2333 4469 2432 4532 τῆς
2507 4464 2956 4538 καταφρουμὲνης
3040 4465 3468 4539 ὑπερορωμένης
3519 4469 3617 4538 (32)
3671 4463 3770 4537 βαρ·

2181 4554 2352 4628 οάρου
2403 4550 2726 4630 φιλοσοφίας
2775 4551 3184 4628 ἀντιπαραθέσει
3237 4557 3582 4629 καταλάμψαι
3624 4548 3770 4629 φησίν

2181 4642 2255 4704 ὡς
2296 4642 2386 4696 καὶ
2417 4643 2444 4695 ὁ
2477 4639 2702 4716 λύχνος,
2765 4641 2866 4695 ὑπὸ
2929 4646 3027 4696 τοῦ
3084 4641 3251 4712 ἡλίου
3303 4641 3772 4716 καταλαμπόμενος,

2180 4729 2534 4788 ἀπολωλέναι
2566 4730 2804 4806 λέγεται,
2853 4736 2933 4804 τῷ
2980 4733 3056 4805 μὴ
3107 4734 3207 4803 τήν
3260 4732 3382 4806 ἴσην
3415 4732 3632 4789 ἐκτελεῖν
3657 4727 3775 4800 ἐνέρ-

2177 4844 2351 4899 γειαν.
2413 4826 2630 4876 Πάντων
2694 4822 2868 4876 τοίνυν
2952 4822 3251 4895 ἀνθρώπων
3335 4822 3689 4898 κεκλημένων,
3731 4814 3770 4868 οἳ

2182 4912 2478 4966 ὑπακοῦσαι
2514 4904 2894 4985 βουληθέντες,
2928 4934 2956 4962 α
2985 4912 3184 4983 κλητοὶ
3207 4916 3318 4987 (33)
3344 4935 3368 4965 ι
3403 4911 3766 4985 ὠνομάσθησαν.

475 5055 625 5120 >X«P.
667 5057 760 5108 371
810 5057 920 5112 ΕΙ).
962 5057 1254 5125 POTTER,
1297 5058 1400 5112 314
1431 5059 1543 5112 ED.
1586 5059 1814 5115 PARlS.
1851 5060 2070 5136 (a)ICo

2184 5103 2197 5130 ,
2229 5060 2314 5126 l9,
2347 5058 2436 5110 20.
2469 5055 2542 5126 (b)
2573 5055 2786 5127 Ephes.
2821 5073 2896 5128 ιν,
2929 5059 3013 5112 18.
3049 5058 3120 5129 (c)
3145 5059 3169 5113 Ι
3199 5059 3328 5114 Cor.
3359 5077 3400 5126 ι,
3430 5057 3608 5114 21-24.

476 5199 582 5266 (27)
617 5195 722 5252 Καὶ
753 5195 876 5268 περὶ
907 5196 1138 5253 τούτων.
1173 5201 1342 5270 Forte
1387 5199 1474 5252 καὶ
1529 5197 1616 5254 ἐπὶ
1665 5199 1896 5270 τούτων,
1929 5224 1958 5253 ει
2000 5209 2061 5258 et

403 5269 476 5345 de
511 5270 623 5345 hi_s,
657 5291 685 5319 ιι
721 5275 785 5345 ιιι
814 5271 991 5345 paulg
1024 5287 1203 5345 supra
1233 5268 1320 5345 ἐπί
1365 5275 1468 5345 τῶν
1521 5275 1847 5345 προφητῶν,
1882 5268 1940 5327 et
1969 5271 2057 5327 ἐπὶ

400 5344 508 5394 τῶν
538 5337 905 5416 κλεπτόντων.
931 5339 1054 5396 Ἐπὶ
1080 5337 1276 5398 autem
1301 5343 1360 5416 in
1385 5344 1495 5416 hoc
1526 5337 1812 5416 loquendi
1837 5337 2056 5416 genere

402 5413 590 5486 magis
617 5413 929 5486 convenire
981 5430 1159 5486 quam
1206 5413 1354 5479 περί,
1389 5413 1579 5486 liquet
1610 5414 1788 5469 etiam
1821 5413 1888 5470 ex
1923 5415 2054 5472 aliis

402 5483 814 5556 scriptoribus,
845 5483 1546 5556 praesertimrAristotéle.
1582 5485 1854 5542 Susum.

472 5555 582 5630 (28)
632 5557 744 5630 Τοῦ
801 5555 1033 5630 κόσμου,
1098 5555 1262 5630 Vulg.
1320 5556 1446 5630 Biib.
1492 5558 1516 5611 Ι
1564 5557 1696 5612 Cor.
1749 5573 1788 5626 ι,
1837 5558 2049 5630 majori

397 5627 686 5699 emphasi,
718 5631 815 5682 τοῦ
845 5626 1056 5699 κόσμου
1085 5626 1306 5681 τούτου.
1346 5629 1622 5685 SYLBURG.

465 5698 579 5773 (29)
609 5699 802 5758 Αὐτόν.
837 5698 994 5769 Θεόν,
1025 5701 1047 5754 Ι
1077 5700 1206 5757 Cor.

2163 5487 2340 5542 deton
2375 5493 2501 5560 est;
2535 5487 2710 5560 quale
2762 5505 2942 5560 supra
2988 5487 3258 5560 notatum

2238 5196 2786 5274 05104135138“
2815 5217 2849 5257 a
2890 5202 2915 5256 Ι
2961 5201 3090 5259 Cor.
3144 5203 3272 5259 Mox
3320 5207 3420 5271 τῆς
3474 5195 3665 5274 μωρίας
3692 5191 3764 5246 τοῦ

2165 5270 2713 5346 κηρύγματοςειδὶιίτ

2239 5343 2354 5418 (3t)
2387 5343 2620 5409 Ἰησοῦν.
2655 5343 2841 5418 Abest
2863 5360 2898 5400 a
2923 5345 3077 5418 vulg.
3111 5345 3238 5402 Bid.

2234 5416 2350 5486 (32)
2412 5413 2936 5490 Καταφρονουμένης
2999 5413 3436 5491 ὑπερορωμένης,
3473 5417 3565 5471 Hic
3614 5421 3762 5478 asyn-

2243 5494 2340 5542 ton
2375 5493 2501 5543 est:
2535 5488 2710 5543 quale
2762 5505 2942 5543 supra
2988 5496 3258 5543 notatum
3290 5508 3344 5543 ο.
3385 5491 3494 5543 126.
3525 5487 3762 5539 δγωυηϐο

2231 5494 2340 5542 :ton
2375 5493 2501 5552 est;
2535 5493 2710 5558 quale
2762 5505 2942 5560 supra
2988 5496 3258 5546 notatum
3288 5508 3344 5562 p.
3385 5493 3494 5546 I26.
3525 5493 3758 5539 Srwunc-

2231 5556 2606 5644 (3S3)'KXT)TO{.
2858 5577 2895 5626 ι,
3085 5559 3288 5644 Αύτοῖς
3319 5557 3382 5644 δξ
3401 5563 3512 5644 τοῖς
3539 5551 3758 5644 ulmeis;

2161 5614 2530 5706 ’ίοῦδσίίοιςτε
2560 5628 2648 5684 καὶ
2679 5614 2948 5704 Ἕλλησι,
2979 5614 3209 5706 Χριστὸν
3258 5614 3386 5690 Θεοῦ
3432 5614 3656 5699 δύναμιν,
3684 5614 3758 5673 καῖ

2161 5704 2298 5756 Θεοῦ
2327 5698 2541 5777 σοφίαν.
