4042 6192
229 233 337 288 869

1581 230 2031 287 STROMATUM
2068 232 2202 285 LIB.
2247 233 2291 286 Ι.

3535 243 3644 297 870

229 357 476 430 νομένων
535 352 595 412 δὲ
643 353 949 430 άνδρωπίνῃ
992 352 1117 429 δόξῃ
1176 357 1335 427 θεῶν,
1385 355 1597 428 Ἑρμῆς
1623 375 1682 409 τε
1711 356 1738 409 6
1769 359 1883 423 Θη-

2024 355 2082 412 lii
2097 357 2357 426 fuerunt,
2378 360 2621 415 Hermes
2637 360 2970 429 Thebanus,
2996 367 3054 416 et
3072 364 3440 436 fEsculapius
3464 369 3649 422 Mem-

231 441 392 507 ϐαῖος
450 445 539 500 καὶ
599 444 932 514 Ἀσκληπιὸς
980 447 1008 499 6
1067 445 1381 523 Μεμφίτης⁵
1408 443 1687 519 Τειρεσίας
1716 464 1775 498 τε
1821 441 1885 497 αὖ

229 538 325 593 καὶ
349 536 549 594 Μαντὼ
579 536 632 591 ἐν
665 531 897 608 Θήϐαις,
940 537 1012 599 ὥς
1043 558 1205 613 φησιν
1241 533 1542 610 Εὐριπίδης
1590 540 1688 606 (8)·
1721 533 1886 591 Ἕλε-

231 648 326 689 νος
359 624 468 698 ἤδη
505 633 580 700 (9)
611 627 698 681 καὶ
735 626 1014 695 Λαοκόων,
1047 626 1133 680 καὶ
1155 625 1396 694 Οἰνώνη,
1428 624 1517 680 καί
1545 631 1752 699 Βρῆνος
1783 626 1888 695 (10)

234 716 286 771 ἐν
322 715 499 788 Ἰλίῳ·
535 717 747 787 Κρῆνος
777 715 882 790 γάρ
933 715 1007 777 εἷς
1055 719 1166 769 τῶν
1197 711 1570 786 Ἡρακλειδῶν
1622 712 1887 787 ἐπιφανὴς

235 805 455 882 φέρεται
491 804 694 876 μάντιςο
728 805 817 858 καὶ
866 810 1060 877 Ἴαμος
1115 801 1286 864 ἄλλος
1345 802 1395 856 ἐν
1441 800 1652 873 Ἤλιδι,
1707 801 1794 857 ἀφ’
1827 801 1888 854 οὗ

237 896 289 950 οἱ
315 891 569 965 Ὶαμίδαι’
607 891 882 957 Πολύϊδός
917 913 973 947 τε
1017 893 1067 946 ἐν
1101 894 1312 967 ”Αργει,
1367 891 1418 946 ἐν
1482 890 1773 966 Μεγάροις,
1831 890 1891 943 οὗ

239 980 906 1059 μέμνηταιὴτραγῳδία,
965 983 1030 1039 Τί
1083 1003 1176 1056 μοι
1231 979 1492 1053 Τήλεμον
1549 980 1890 1053 καταλέγειν,

235 1073 322 1137 ὃς,
386 1069 702 1126 Κυκλώπων
767 1071 956 1142 μάντις
1015 1064 1113 1138 ὤν,
1168 1069 1496 1146 Πολυφήμῳ
1544 1067 1781 1136 θεσπίζει
1828 1066 1896 1120 τὰ

233 1161 378 1216 κατά
404 1161 505 1228 τὴν
533 1157 829 1223 Ὀδυσσέως
881 1158 1120 1229 πλάνην,
1171 1155 1207 1228 ἤ
1263 1159 1354 1213 τὸν
1409 1159 1699 1232 Ἀθήνῃσιν
1744 1157 1894 1213 Ὀνο-

240 1248 531 1324 μάκριτον
560 1246 594 1316 ἢ
623 1248 716 1303 τὸν
751 1247 1112 1325 Ἀμφιάρεων,
1145 1248 1234 1303 τὸν
1285 1246 1376 1302 σὺν
1429 1251 1546 1308 τοῖς
1598 1244 1732 1300 ἑπτὰ
1780 1249 1897 1306 τοῖς

234 1337 329 1393 ἐπὶ
361 1331 545 1407 Θήϐας
579 1335 950 1409 στρατεύσασι,
1015 1341 1115 1409 μιᾷ
1167 1339 1321 1412 γενεᾷ
1367 1342 1467 1404 τῆς
1520 1332 1689 1391 Ἰλίου
1746 1330 1898 1387 ἀλώ-

237 1448 380 1488 σεως
415 1421 780 1501 πρεσϐύτερον
812 1426 1130 1502 φερόμενον·
1190 1427 1226 1496 ἢ
1285 1422 1660 1496 Θεοκλύμενον
1710 1421 1761 1476 ἐν
1791 1428 1895 1478 Κε-

236 1515 544 1594 φαλληνιᾳο
588 1515 622 1583 ἢ
653 1513 919 1587 Τελμισὸν
952 1514 1004 1570 ἐν
1038 1515 1234 1588 Καρίᾳ,
1380 1511 1584 1568 Γάλεον
1635 1510 1688 1566 ἐν
1741 1518 1900 1566 Σικε-

237 1609 338 1678 Αίᾳ
367 1630 384 1678 ;
421 1607 539 1664 Εἶεν
565 1603 612 1662 δ’
645 1605 703 1660 ἄν
731 1607 822 1662 καὶ
847 1605 1022 1678 ἕτεροι
1053 1608 1187 1679 πρὸς
1222 1606 1461 1669 τούτοις,
1505 1602 1711 1678 Ἴδμων
1746 1605 1773 1658 6
1804 1603 1896 1657 σὺν

234 1704 361 1760 τοῖς
399 1696 808 1773 Ἀργοναύταις,
842 1696 1115 1770 Φημονόη
1153 1694 1374 1772 ΛεΛφὶς,
1401 1695 1594 1769 Μόψος
1627 1695 1654 1749 ὁ
1686 1691 1897 1749 Ἀπόλ-

237 1786 422 1848 λωνος
454 1785 541 1839 καὶ
579 1787 826 1846 Μαντοῦς
856 1789 965 1856 (11)
1019 1785 1070 1838 ἐν
1126 1783 1444 1861 Παμφυλίά,
1502 1784 1589 1838 καὶ
1625 1780 1898 1859 Ἀμφίλο-

237 1896 347 1952 χος
381 1874 722 1952 ’Δμφιαράου
755 1873 804 1928 ἐν
840 1873 1087 1946 Κιλικίᾳ,
1138 1875 1424 1946 Ἀλκμέων
1458 1877 1572 1945 (12)
1621 1871 1671 1926 ἐν
1706 1873 1894 1944 Ἀκαρ-

232 1967 421 2032 νάσιν,
453 1965 636 2024 Ἀνίας
683 1963 733 2018 ἐν
786 1963 971 2036 Δήλῳ,
1033 1960 1420 2037 Ἀρίστανδρός
1472 1982 1531 2015 τε
1586 1962 1614 2015 6
1663 1959 1901 2032 Τελμισ-

234 2053 392 2116 σεὺς.
426 2054 454 2108 6
485 2052 576 2107 σὺν
611 2049 953 2126 Ἀλεξάνδρῳ
974 2053 1292 2126 γενόμενος.
1353 2047 1494 2118 ’Ἤδη
1547 2046 1604 2103 δὲ
1653 2049 1744 2102 καὶ
1776 2049 1900 2122 Ὀρ-

236 2145 347 2220 φὲα
380 2140 701 2215 Φιλόχορος
738 2146 924 2212 μάντιν
955 2141 1163 2215 ἱστορεῖ
1191 2134 1437 2214 γενέσθαι
1470 2137 1522 2192 ἐν
1570 2141 1650 2210 τῷ
1699 2139 1902 2213 πρώτῳ

237 2231 378 2306 Περὶ
435 2237 722 2303 μαντικῆς.
800 2231 1125 2301 Θεόπομπος
1207 2224 1286 2294 δὲ,
1351 2228 1438 2282 καὶ
1493 2228 1752 2304 Ἔφορος,
1811 2225 1901 2281 καὶ

235 2324 513 2394 Τίμαιος,
548 2320 880 2396 Ὀρθαγόραν
929 2321 1051 2374 τινα
1113 2320 1300 2392 μάντιν
1360 2317 1748 2392 ἀναγράφουσι·
1811 2337 1902 2372 κα-

235 2413 418 2484 θάπερ
476 2411 505 2464 ὁ
563 2411 774 2480 Σάμιος
830 2407 1083 2477 Πυθοκλῆ
1154 2408 1206 2461 ἐν
1275 2407 1519 2481 τετάρτῳ
1596 2405 1902 2474 Ἰταλικῶν,

236 2500 410 2556 Γάϊον
443 2496 676 2556 Ἰούλιον
705 2498 956 2554 Νέπωτα.
989 2496 1140 2552 Ἀλλ’
1165 2497 1216 2550 0't
1252 2496 1371 2564 μὶν,
1405 2519 1432 2547 ‹‹
1455 2493 1683 2549 κλέπται
1709 2494 1902 2557 πάντες

235 2589 335 2644 καὶ
370 2586 618 2655 ληϊσταὶ,
648 2609 676 2637 ››
707 2584 780 2648 ὣς
813 2607 976 2664 φησιν
1011 2587 1045 2654 ἡ
1090 2585 1278 2660 Γραφή
1307 2588 1434 2656 (13),
1491 2584 1558 2637 τὰ
1587 2583 1817 2638 πλεῖστα
1847 2582 1907 2638 ἐκ

235 2678 682 2753 παρατηρήσεως
712 2675 798 2730 καὶ
833 2675 881 2748 ἐξ
938 2675 1161 2729 εἰκότων
1222 2675 1614 2750 προειρηκότες
1666 2674 1904 2748 καθάπερ

239 2769 302 2823 οἱ
335 2769 915 2843 φ’.)σιο·ριωμ.ονοῦντες
973 2763 1148 2839 ἱάτροί
1206 2784 1265 2818 τε
1314 2763 1404 2817 καὶ
1468 2764 1706 2835 μάντεις⁶
1768 2764 1820 2817 οἱ
1851 2761 1908 2817 δὲ

235 2857 334 2913 καὶ
374 2857 480 2911 ὑπὸ
514 2854 790 2927 δαιμόνων
821 2855 1160 2923 κινηθέντες,
1201 2855 1235 2922 ἣ
1285 2854 1516 2920 ὑδάτων,
1575 2854 1665 2906 καὶ
1719 2855 1910 2924 θυμια-

240 2946 460 3020 μάτων,
495 2945 581 2998 καὶ
617 2943 774 3018 ἀὲρος
809 2947 969 2997 ποιοῦ
1000 2941 1433 3018 ἐκταραχθέντες·
1461 2941 1607 3016 παρὰ
1635 2936 1909 3014 Ἑϐραίοις

237 3036 308 3092 δὲ
339 3037 392 3090 οἱ
427 3034 708 3112 προφῆται
744 3030 968 3106 δυνάμει
1011 3037 1142 3088 Θεοῦ
1189 3036 1278 3086 καί
1337 3031 1610 3102 ἐπιπνοίᾳ·
1648 3032 1752 3106 πρὸ
1815 3031 1908 3103 μὶν

1998 448 2316 518 phitanus;
2351 455 2410 503 et
2439 466 2644 505 rursus
2674 451 2945 516 Tiresias,
2979 458 3038 506 et
3081 454 3274 508 Manto
3306 456 3541 520 Thebis,
3581 463 3648 512 ut

2002 537 2144 592 dicit
2199 539 2528 609 Euripides.
2585 541 2712 594 Jam
2785 540 3067 604 Helenus,
3124 548 3183 597 et
3241 545 3528 614 Laocoon,
3589 551 3648 600 et

2003 636 2261 701 (Enone,
2297 643 2354 691 et
2380 639 2605 694 Brenus
2629 640 2689 694 in
2711 639 2836 693 Ilio.
2862 640 3088 696 Crenus
3110 643 3269 698 enim
3290 660 3442 699 unus
3468 646 3644 699 Hera-

2002 726 2291 781 clidarum
2324 727 2541 782 dicitur
2571 729 2819 799 insignis
2850 735 3030 795 vates,
3065 735 3122 784 et
3149 732 3350 787 lamus
3399 733 3552 788 alius
3582 734 3643 788 in

2003 815 2189 877 Elide,
2221 833 2253 870 a
2281 833 2397 886 quo
2419 817 2662 872 Jamidaa
2688 835 2701 882 ;
2727 825 2785 872 et
2805 818 3084 888 Polyidus
3108 821 3273 892 Argis
3297 827 3355 875 et
3377 824 3646 895 Megaris,

2004 913 2174 981 cujus
2206 914 2480 968 meminit
2509 915 2810 987 tragoedia.
2843 915 2991 979 Quid
3024 933 3172 988 opus
3218 923 3308 972 est
3340 936 3648 975 recensere

2003 1000 2326 1064 Telemum,
2360 1003 2420 1064 ’Β
2451 1004 2574 1072 qui,
2598 1019 2731 1058 cum
2765 1009 2921 1058 esset
2941 1011 3102 1060 vates
3131 1006 3470 1079 Cyclopum,
3499 1026 3650 1081 praa-

2007 1089 2154 1143 dixit
2183 1090 2543 1162 Polyphemo
2571 1109 2661 1156 ea,
2695 1110 2825 1164 quas
2858 1093 2917 1148 in
2949 1109 3147 1150 errore
3181 1095 3404 1167 Ulyssis
3435 1113 3655 1153 evene-

2005 1184 2184 1244 runt;
2213 1185 2314 1234 aut
2345 1195 2500 1246 eum,
2552 1181 2654 1251 qui
2688 1188 2814 1237 erat
2863 1183 3130 1250 Athenis,
3184 1185 3649 1254 Onomacritum,

2007 1283 2109 1332 aut
2138 1278 2582 1349 Amphiaraum,
2621 1280 2721 1350 qui
2771 1297 2903 1336 cum
2952 1286 3177 1353 septem
3227 1283 3326 1355 qui
3372 1283 3654 1340 adversus

2006 1366 2232 1422 Thebas
2260 1366 2486 1422 bellum
2516 1374 2825 1439 gesserunt
2861 1369 3049 1424 fertur
3093 1372 3267 1444 Troja
3314 1378 3485 1444 capta
3532 1389 3653 1428 una

2007 1457 2388 1527 generatione
2419 1455 2602 1511 fuisse
2651 1458 2846 1528 prior;
2893 1465 2995 1512 aut
3041 1459 3541 1533 Theoclymenum
3587 1463 3650 1516 in

2007 1554 2410 1626 Cephallenia,
2447 1561 2548 1610 aut
2577 1555 2943 1609 Telmessum
2975 1556 3034 1610 in
3066 1557 3254 1626 Caria,
3277 1566 3378 1614 aut
3407 1561 3650 1617 Galeum

2009 1643 2071 1698 in
2104 1644 2349 1699 Sicilia?
2378 1646 2599 1699 Prmter
2628 1644 2736 1699 hos
2777 1650 2974 1699 autem
3025 1644 3247 1700 fuerint
3295 1649 3473 1704 etiam
3526 1651 3650 1717 alii,

1930 1737 1973 1800 Β
2004 1742 2232 1798 Idmon.
2263 1743 2363 1814 qui
2395 1742 2506 1797 fuit
2531 1760 2663 1798 cum
2706 1744 3077 1815 Argonautis,
3130 1745 3470 1802 Phemonoe
3523 1747 3654 1802 Del-

2009 1833 2204 1904 phica,
2239 1834 2471 1904 Mopsus
2503 1832 2794 1903 Apollinis
2827 1833 2985 1887 ﬁlius
3015 1839 3074 1887 et
3104 1835 3368 1890 Manteus
3399 1836 3459 1891 in
3490 1838 3658 1892 Pam-

2010 1923 2232 1994 phylia,
2251 1922 2766 1992 etAmphilochus.
2787 1923 3128 1993 Amphiarai
3146 1923 3324 1984 ﬁlius,
3342 1925 3404 1978 in
3427 1925 3656 1995 Cilicia,

2011 2019 2295 2074 Alcmeon
2313 2018 2468 2090 apud
2491 2022 2850 2088 Acarnanes,
2867 2020 3048 2074 Anias
3071 2020 3131 2074 in
3152 2020 3291 2076 Delo
3311 2021 3660 2078 Aristander

2010 2108 2457 2175 Telmessensis,
2492 2108 2594 2178 qui
2622 2107 2735 2162 fuit
2777 2125 2910 2162 cum
2954 2108 3310 2164 Alexandro.
3352 2110 3480 2166 Jam
3523 2127 3659 2166 vero

2011 2205 2423 2272 Philochorus,
2452 2206 2512 2259 in
2545 2206 2739 2276 prima
2793 2208 2868 2260 De
2915 2206 3273 2274 divinatione,
3324 2207 3506 2262 refert
3552 2210 3661 2264 Or-

2011 2294 2232 2366 pheum
2265 2293 2444 2349 fuisse
2467 2300 2676 2349 vatem.
2705 2294 3117 2366 Theopompus
3137 2302 3356 2360 autem,
3384 2302 3443 2351 et
3463 2297 3660 2368 Epho-

2012 2400 2134 2450 rus,
2158 2391 2216 2439 et
2235 2383 2489 2439 Timaeus
2512 2384 2899 2456 Orthagoram
2921 2385 3243 2455 quemdam
3262 2393 3452 2442 vatem
3476 2387 3657 2442 fuisse

2014 2472 2320 2528 scribunt:
2383 2473 2880 2544 quemadmodum
2941 2475 3256 2546 Pythocles
3311 2475 3541 2532 Samius
3600 2477 3662 2531 in

2015 2569 2224 2633 quarto
2255 2565 2453 2617 Rerum
2484 2565 2828 2631 Italicarum,
2859 2564 3064 2619 Caium
3103 2564 3323 2619 Julium
3356 2567 3660 2636 Nepotem.

2016 2659 2128 2715 Sed
2157 2660 2245 2714 illi
2276 2660 2518 2731 quidem
2550 2683 2576 2711 «
2612 2661 2772 2715 fures
2801 2677 3030 2725 omnes,
3065 2661 3425 2729 etlatrones,
3450 2663 3526 2732 (a)
3551 2684 3578 2712 »
3601 2667 3668 2716 ut

2019 2748 2164 2804 dicit
2191 2748 2513 2819 Scriptura,
2538 2749 2794 2819 plurima
2824 2765 2893 2803 ex
2915 2749 3323 2804 observatione
3349 2757 3406 2804 et
3427 2766 3496 2804 ex
3517 2750 3669 2805 veri-

2019 2836 2316 2890 similibus
2357 2836 2777 2906 praedixerunt,
2814 2836 2966 2891 sicut
3008 2836 3225 2892 medici
3270 2844 3327 2892 et
3352 2845 3530 2905 vates,
3564 2838 3667 2910 qui

2021 2935 2363 3004 coniectant
2393 2952 2462 2989 ex
2492 2934 2696 3006 regula
2737 2941 3004 3000 naturaa;
3045 2935 3146 2990 alii
3196 2942 3394 2991 autem
3426 2937 3602 2992 etiam
3637 2952 3671 2991 a

2021 3024 2393 3079 daemonibus
2423 3023 2671 3090 incitati,
2705 3024 2795 3079 vel
2826 3040 2934 3094 per
2963 3041 3171 3095 aquas,
3219 3031 3277 3078 et
3323 3025 3580 3093 sumtus,
3613 3032 3674 3081 et

469 3093 478 3109 .
554 3093 615 3112 .-
883 3093 892 3106 .
1573 3093 1583 3102 .
1691 3093 1700 3106 ,
1815 3093 1824 3103 .

236 3129 347 3181 τοῦ
380 3123 572 3194 Νόμου
623 3119 799 3194 Ἀδὰμ
856 3125 986 3194 (14),
1020 3121 1107 3176 ἐπί
1167 3142 1224 3175 τε
1261 3128 1360 3190 τῆς
1417 3120 1672 3194 γυναικὸς
1705 3119 1792 3174 ἐπί
1849 3140 1906 3174 τε

2024 3130 2216 3168 aerem
2235 3113 2436 3184 aliqua
2456 3113 2738 3184 qualitate
2756 3093 3093 3183 priediturn,
3118 3114 3445 3185 perturbati
3473 3131 3487 3182 ;
3512 3115 3669 3186 apud

235 3219 349 3281 τῆς
384 3210 541 3280 ζώων
592 3208 890 3282 ὀνομασίας
949 3208 1328 3284 προθεσπίσας·
1389 3206 1478 3262 καὶ
1537 3208 1679 3274 Νῶε,
1746 3208 1908 3280 μετά-

232 3323 393 3358 νοιαν
451 3298 691 3373 κηρύξας
751 3303 882 3371 (15)·
945 3294 1202 3373 Ἀϐραάμ.
1252 3317 1340 3364 τε,
1403 3300 1491 3351 καί
1552 3298 1757 3366 Ἰσαάκ,
1818 3296 1908 3351 καὶ

232 3395 248 3416 ,
374 3390 388 3408 ε
417 3385 446 3407 ρ
514 3386 537 3404 ν
854 3387 865 3407 ν
1023 3385 1033 3403 r
1176 3391 1198 3401 ν
1441 3385 1452 3404 ι
1728 3385 1740 3402 \
1845 3383 1868 3404 vs

257 3396 471 3461 Ιακωο,
505 3409 758 3462 αντικρυς
812 3409 912 3442 ουκ
942 3387 1104 3462 δΛιγα
1133 3408 1240 3441 των
1279 3384 1598 3458 μελλοντων
1654 3406 1743 3440 και
1798 3385 1907 3457 ἤδη

238 3503 384 3549 τειν,
473 3477 670 3534 τούτου
728 3479 1073 3554 ἀποτροπήν’
1130 3484 1428 3550 προτρέπει
1509 3473 1566 3529 δὲ
1623 3472 1911 3530 οὐδέποτε·

2023 3212 2298 3266 Hebraeos
2329 3218 2526 3266 autem
2552 3211 2653 3265 Dei
2677 3212 2888 3266 virtute
2913 3217 2971 3265 et
2992 3212 3406 3282 inspiratione,
3431 3219 3570 3268 ante
3588 3214 3676 3269 le-

2019 3319 2150 3375 gem
2183 3303 2424 3373 quidem
2457 3301 2665 3368 Adam,
2697 3303 2797 3372 qui
2829 3307 2888 3355 et
2929 3303 3000 3356 de
3033 3302 3280 3356 muliere
3323 3308 3381 3357 et
3427 3304 3499 3358 de
3548 3305 3679 3359 ani-

2022 3399 2289 3446 mantum
2321 3391 2730 3445 nominatione
2753 3390 2952 3446 futura
2983 3390 3296 3462 praedixit;
3323 3398 3382 3446 et
3409 3394 3546 3460 Noe,
3576 3393 3677 3464 qui

2023 3482 2060 3533 1
2077 3482 2171 3537 45
2194 3479 2962 3551 praadicavitpcenitentiam
2987 3497 3000 3547 ;
3024 3486 3082 3535 et
3101 3479 3424 3550 Abraham,
3441 3483 3599 3538 Issac
3622 3487 3681 3536 et

317 3606 387 3670 ,Ρ
410 3599 472 3653 Ρ.
501 3597 606 3650 ⁴1100
628 3597 738 3652 ED.
774 3596 1070 3662 POTTER,
1096 3595 1198 3648 335
1230 3595 1340 3648 ΕΙ).
1387 3592 1614 3648 PARIS.
1649 3592 1722 3665 (a)
1763 3593 1930 3649 Joan.
1963 3613 2018 3664 Χ,
2055 3597 2106 3650 8.

248 3714 482 3771 «Adest
514 3713 658 3768 mihi
692 3711 1155 3783 divinaquadam
1176 3717 1330 3783 sorte
1346 3709 1706 3764 daamonium
1727 3710 1916 3782 quod-

251 3789 420 3845 dam.
455 3801 490 3839 a
521 3784 777 3856 pueritia
811 3800 902 3838 me
926 3782 1194 3839 Secutum
1233 3800 1245 3836 :
1282 3782 1388 3856 hoc
1442 3789 1641 3856 autem
1691 3800 1794 3836 vox
1829 3788 1918 3837 est

249 3854 699 3932 quadamquaa
730 3872 864 3932 cum
890 3856 972 3919 ﬁt,
999 3871 1234 3932 semper
1260 3855 1390 3925 ejus
1413 3854 1705 3923 rei,quam
1732 3856 1916 3909 factu-

250 3927 361 3987 rus
393 3944 549 3993 sum,
582 3928 1017 3982 dissuasionem
1049 3927 1264 3992 innuit,
1297 3933 1574 3996 provocat
1604 3942 1737 3980 vero
1763 3943 1914 3981 nun-

295 4017 462 4058 nam.
495 4021 524 4047 ›)

450 4042 462 4054 ,
495 4022 524 4047 ))

249 4022 767 4138 ῳῗέἷῃκύῡιπῖδης.
805 4070 1117 4141 Respicere
1151 4068 1380 4123 videtur
1427 4068 1724 4140 Euripidis
1756 4070 1915 4124 ΡΙιεεο

245 4149 386 4202 niss.
426 4161 479 4207 v,
513 4143 638 4208 841,
672 4148 785 4197 etc.

325 4220 409 4286 (9)
439 4211 611 4286 Ἤδη,
642 4213 761 4265 Ἔτι
796 4212 1048 4286 legimus
1079 4212 1293 4286 aptius.
1329 4213 1604 4286 SgLsuaG.

324 4283 442 4359 (10)
478 4283 714 4352 υἷνώνη.
747 4284 834 4336 καὶ
864 4283 1129 4359 ῘΒρῇνοςί
1152 4284 1305 4359 Cuil.‘
1346 4285 1703 4359 ‘Cantcrush
1756 4283 1918 4359 Notis

250 4347 340 4416 ad.
366 4347 837 4429 Lycophronem,
865 4347 1004 4429 legit
1029 4347 1565 4429 OivquKs’o’pﬁvoc,
1603 4347 1917 4429 εοὶιμυυγά.

246 4450 386 4504 τηρ·
414 4421 491 4484 ⁷υι
524 4421 1057 4504 ᾸροιιοιιοιδιιεἾιῘκ
1087 4445 1165 4488 ιιι,
1197 4421 1466 4494 υἷνώνην,
1500 4427 1598 4504 τὴν
1626 4421 1919 4504 ⁵Κεϐρῆνος

244 4497 357 4560 τοῦ
394 4497 650 4569 ποταμοῦ
700 4497 979 4571 θυγατᾷρα.
1017 4501 1142 4554 Non
1166 4506 1386 4571 tamen
1418 4499 1574 4553 male
1607 4500 1801 4571 Atqui
1835 4500 1920 4554 le-

247 4573 524 4650 gendum
557 4569 787 4637 censet,
827 4569 1038 4650 Οἰνώνη
1077 4569 1180 4650 ’καὶ
1213 4575 1442 4650 ιςρῆνος’
1495 4569 1748 4650 causalis
1781 4587 1921 4625 sane

249 4642 716 4720 particula,qu_ae
740 4642 1088 4720 s_equitur,e_i
1111 4642 1354 4720 lectioni
1387 4642 1802 4720 quadamtenus
1820 4659 1918 4712 pa-

247 4713 619 4775 trocinatur.
652 4717 731 4770 De
752 4716 938 4781 Jamo,
964 4720 1021 4768 et
1043 4714 1288 4769 Jamidis
1338 4713 1590 4784 posteris
1614 4713 1766 4784 pejus.
1801 4730 1920 4768 me-

249 4789 442 4847 minit
474 4788 654 4841 etiam
688 4786 1008 4841 Pausanias
1029 4789 1117 4848 94,
1155 4789 1218 4839 10
1250 4791 1309 4840 et
1339 4783 1508 4843 179.1
1544 4801 1557 4849 ;
1591 4783 1664 4838 de
1686 4785 1920 4839 Telemo

248 4864 559 4920 Homerus
593 4859 779 4927 Odyss.
827 4859 891 4920 D,
927 4863 1211 4912 extremo.
1247 4858 1520 4910 SYLBURG.
1571 4885 1621 4896 ~~
1652 4856 1814 4910 Conf.
1851 4856 1922 4910 de

249 4937 431 4990 Jamo
467 4933 674 4985 Petrus
713 4928 1002 4983 Victorius
1041 4931 1170 4983 Var.
1198 4929 1318 4982 lcct.
1355 4927 1458 4981 lib.
1486 4943 1611 4988 xm,
1645 4943 1694 4981 c.
1729 4932 1812 4981 15.

334 5005 457 5072 (11)
516 4999 711 5073 Μόψος
756 5000 787 5073 6
853 4996 1207 5073 Ἀπόλλωνος
1265 4997 1366 5073 καὶ-
1438 4999 1704 5073 Μαντοῦς.
1766 4999 1920 5073 _Flo_r.

256 5067 656 5142 edit.,'M6dgo':
695 5071 722 5124 6
780 5067 1163 5131 Ἀπόλλωνος,
1195 5070 1283 5122 καὶ
1320 5067 1580 5130 Μαντεύςο
1615 5071 1782 5140 quasi
1851 5070 1922 5125 de

255 5146 526 5208 duobus,
554 5147 750 5216 Mopso
786 5159 996 5216 nempe
1047 5151 1104 5198 et
1134 5145 1382 5216 Manteo.
1417 5143 1687 5216 Nostram
1722 5143 1924 5216 lectio-

255 5234 431 5276 nem.
461 5213 660 5289 Μόψος
685 5216 712 5268 6
745 5213 1105 5276 Ἀπόλλωνος
1156 5214 1268 5289 .ιαὶΔ
1301 5214 1569 5289 Μαντοῦς,
1625 5230 1755 5267 cum
1808 5215 1926 5268 alia.

255 5298 536 5354 tuentur,
564 5285 692 5344 tum
721 5303 807 5349 ea,
843 5304 972 5358 quae
1025 5305 1059 5342 a
1108 5285 1308 5342 Natale
1353 5285 1575 5340 Comite
1606 5292 1926 5340 narrantur

255 5362 628 5432 Mythologia:
651 5360 753 5432 lib.
781 5376 849 5426 IV,
876 5377 929 5432 p.
967 5362 1088 5413 537.
1124 5360 1394 5432 SYLBUEG:

335 5377 753 5432 ymorogzaeuo.
781 5377 849 5426 IV,
921 5401 929 5410 .
967 5377 1088 5413 an.
1124 5377 1394 5413 annuae.

335 5436 456 5505 (12)
514 5431 831 5505 ’Λλκμέωνη
869 5377 1258 5505 scribendum
1319 5425 1656 5505 Ἀλκμαίων·
1684 5445 1821 5505 nam
1882 5447 1925 5505 _s

260 5498 690 5574 et'aqpropter
707 5503 835 5557 soni
856 5502 1309 5557 similitudinem
1339 5506 1476 5554 sunt
1504 5499 1572 5554 ad
1585 5500 1823 5574 modum
1842 5498 1927 5574 εὐ-

259 5570 602 5649 μετάεελφί.
619 5575 894 5649 Clemens
913 5576 1283 5649 Acarnauem
1307 5571 1652 5649 vocat.quod
1679 5571 1928 5649 eumulof

261 5643 416 5706 cum
445 5647 750 5711 habitarit,
784 5661 962 5716 quem
1019 5647 1118 5716 qui
1172 5651 1379 5717 postea
1415 5646 1754 5698 Acarnanes
1785 5643 1926 5699 dicti

2028 3717 2186 3786 sunt,
2228 3716 2563 3786 tenuerunt.
2617 3715 2761 3768 Nam
2815 3715 3159 3770 Acarnanes
3212 3715 3285 3770 ab
3343 3718 3675 3786 Acarnane,

2025 3784 2381 3838 Alcmaeonis
2413 3784 2557 3845 filio,
2592 3787 2882 3840 nominati
2916 3793 3074 3852 sunt,
3104 3793 3252 3841 teste
3292 3787 3586 3842 Pausania
3613 3784 3674 3842 in

2024 3856 2335 3930 Arcadias,
2360 3858 2553 3930 p.493
2585 3857 2724 3930 edit.
2760 3858 2975 3930 Hanov.
2998 3857 3152 3930 ΔἈςιιὸ
3184 3854 3242 3910 δὲ
3269 3860 3364 3930 τοῦ
3423 3858 3679 3930 Ἀκαρνᾷο

2024 3947 2114 3986 νος
2143 3926 2269 4002 τοῦς
2302 3922 2454 3997 ἐν’τῇ
2487 3926 2702 4002 ἠπείρῳ
2734 3926 2900 4001 ταύτῃ
2932 3927 3019 4002 Δτὸ
3073 3922 3249 4002 ὄνομα
3307 3929 3370 3983 τὸ
3412 3933 3504 3981 νῦν
3531 3922 3680 4002 γενε-

2027 3950 2114 3986 νος
2143 3950 2269 3985 τους
2302 3950 2352 3978 εν
2381 3950 2454 3997 τῃ
2487 3950 2702 3999 ηπειρῳ
2734 3950 2900 4001 τῖυτῃ
2957 3950 3019 3981 το
3073 3950 3166 3982 0νο
3219 3950 3249 3982 α
3307 3950 3370 3983 το
3412 3950 3504 3981 νυν
3531 3951 3679 4002 γενεπ·

2027 4009 2148 4062 σθαι
2179 3996 2403 4069 λὲγουσι
2453 3999 2520 4072 τά
2576 4003 2781 4071 προτοῦ
2830 3999 3077 4069 Κούρησι
3112 3950 3497 4072 καελουμένοιςο
3531 4023 3560 4052 ‹‹
3593 4003 3679 4056 Ab

2026 4075 2354 4145 Acarnane,
2413 4070 2767 4145 Alcmaionis
2798 4079 2857 4126 et
2885 4073 3212 4128 Callirhoes
3245 4070 3388 4139 lilio,
3420 4080 3678 4145 gentem,

2028 4161 2159 4214 quae
2175 4143 2337 4196 illam
2356 4143 2716 4197 continentis
2730 4159 2894 4198 oram
2912 4143 3545 4208 tenet,denominatam
3558 4145 3649 4198 exi
3661 4174 3678 4184 -

2027 4216 2293 4274 stimant,
2325 4230 2459 4267 cum
2490 4222 2664 4269 antea
2694 4215 2936 4270 Curetes
2957 4223 3322 4270 vocarentur.
3357 4238 3376 4262 ι
3413 4217 3492 4270 De
3524 4215 3675 4268 Anio

2028 4288 2191 4342 Delio
2225 4292 2400 4340 notus
2432 4293 2521 4340 est
2556 4287 2774 4355 Virgilii
2807 4288 3238 4341 versusdﬂneid.
3276 4286 3376 4340 lib.
3402 4303 3484 4346 ιιι,
3518 4303 3548 4338 v
3573 4287 3672 4340 80:

2100 4361 2216 4412 Rea:
2245 4359 2444 4422 Anius,
2475 4373 2577 4410 rex
2608 4357 2750 4411 idem
2771 4358 3384 4427 hominum,Phazbique
3403 4358 3672 4411 sacerdos.

2099 4432 2208 4502 (13)
2242 4429 2309 4502 ἰΙ-
2338 4428 2543 4502 Γραφή.
2577 4429 2741 4482 Conf.
2777 4445 2909 4498 quas
2959 4428 3033 4482 ad
3081 4429 3437 4499 principium
3468 4430 3672 4484 Strom.

2031 4518 2065 4554 ιι
2100 4499 2353 4556 dicenda
2382 4499 2538 4554 sunt.

2103 4575 2220 4650 (11)
2246 4567 2442 4640 Ἀδάμ.
2474 4570 2761 4650 Adamnan]
2801 4570 3159 4650 prophetam
3213 4569 3676 4650 credidit_.iu_sti-

2033 4660 2145 4698 nus
2174 4646 2241 4697 Μ.
2277 4659 2412 4698 cum
2462 4642 2629 4705 dixit,
2680 4641 2893 4712 Christi
2955 4641 3271 4712 adventum
3330 4641 3681 4712 praedictum

2031 4715 2237 4779 fuisse,
2271 4713 2451 4780 πρὶνῆ
2487 4717 2710 4788 φανῆναι
2764 4710 2923 4794 αὐτὸν
2972 4708 3158 4794 ξτεσιν.
3182 4708 3676 4794 πεντακισχιλίοις,

2035 4809 2062 4836 ‹‹
2095 4786 2442 4857 priusquam
2469 4783 2814 4857 apparuerit
2855 4784 3030 4839 annis
3062 4785 3378 4855 quinquies
3411 4783 3621 4857 mille;
3652 4805 3678 4832 ιο

2033 4855 2356 4926 Λροιοῃλ,
2389 4875 2447 4927 p.
2473 4859 2540 4910 62
2562 4856 2707 4927 edit.
2740 4857 2923 4912 Oxon.
2958 4857 3023 4909 in
3058 4858 3535 4925 Recognitionibus
3557 4855 3680 4910 Cle-

2034 4929 2251 4983 mentis
2284 4926 2490 4982 Petrus
2512 4926 2785 4987 afﬁrmat,
2821 4949 2845 4978 ει
2871 4934 3097 4982 certum
3131 4944 3258 4982 esse
3291 4928 3548 4998 primum
3574 4927 3678 4998 ho,-

2035 5000 2259 5055 minem
2284 5001 2631 5070 prOphetam
2683 4999 2867 5054 fuisse
2901 5015 2914 5052 :
2952 5023 2975 5046 υ
3000 5000 3104 5053 lib.
3139 5015 3176 5065 ι,
3205 4997 3344 5054 seCt.
3381 5002 3468 5053 47.
3511 4997 3677 5053 Conf.

2036 5072 2494 5126 Clementino'rum
2517 5071 2719 5124 homil.
2756 5073 2957 5136 3,sect.
2991 5074 3053 5123 17
3086 5077 3145 5124 et
3173 5087 3276 5140 seq
3310 5112 3323 5134 ,
3355 5072 3423 5123 42
3441 5076 3635 5140 etseq.
3663 5087 3677 5136 ;

2035 5143 2243 5197 homil.
2275 5143 2328 5207 8,
2354 5149 2494 5197 sect.
2529 5146 2681 5205 lO,et
2743 5142 3118 5196 Clemenlina
3143 5143 3393 5211 Epitome
3423 5143 3488 5196 de
3519 5142 3681 5210 gestis

2033 5217 2187 5268 Petri
2223 5220 2363 5269 sect.
2382 5215 2450 5268 40
2497 5213 2658 5268 Unde
2683 5213 2943 5268 haeretici
2971 5214 3186 5267 librum
3211 5213 3415 5267 Adami
3441 5211 3680 5267 nomine

2035 5286 2390 5355 inseriptum
2418 5285 2753 5348 ediderunt,
2791 5285 2863 5339 de
2897 5302 3012 5355 quo
3037 5286 3189 5340 conf.
3219 5285 3686 5355 Constitutionum

2035 5303 2218 5340 inseri
2271 5303 2390 5340 tum
2418 5303 2753 5348 ediderunt,
2791 5303 2863 5339 ae
2897 5303 3012 5355 quo
3037 5303 3189 5340 com.
3219 5303 3683 5339 c‘onsmunonum

2033 5303 2268 5439 apostoi).
2320 5358 2421 5412 lib.
2457 5374 2533 5424 γι,
2566 5374 2615 5412 c.
2654 5358 2740 5420 16,
2769 5363 2827 5412 et
2856 5373 2988 5426 quas
3019 5356 3099 5410 ibi
3130 5355 3430 5411 adnotavit
3458 5353 3683 5409 Cotele-

2034 5447 2162 5484 I‘lllS

2109 5502 2219 5572 (15)
2278 5499 2580 5556 Μετάνοιαν
2665 5497 2924 5572 κηρύξας.
3001 5499 3124 5554 Νῶε
3183 5491 3530 5560 δικαιοσύνης
3583 5490 3683 5559 auﬁ-

2037 5590 2192 5644 ρυκα,
2226 5574 2276 5627 ll
2305 5575 2429 5628 Pet.
2463 5590 2522 5641 ιι,
2556 5577 2608 5627 5.
