  <div class='ocr_page' id='page_1' title='image "/cluster/home/n/w/nwhite01/storage/ocr_20150623/8/hvd.32044073501298/459.png"; bbox 0 0 4050 6188; ppageno 0'>
   <div class='ocr_carea' id='block_1_1' title="bbox 403 285 509 340">
    <p class='ocr_par' dir='ltr' id='par_1_1' title="bbox 403 285 509 340">
     <span class='ocr_line' id='line_1_1' title="bbox 403 285 509 340; baseline -0.038 0"><span class='ocrx_word' id='word_1_1' title='bbox 403 285 509 340; x_wconf 74' lang='grc'>907</span> 
     </span>
    </p>
   </div>
   <div class='ocr_carea' id='block_1_2' title="bbox 1629 284 2585 344">
    <p class='ocr_par' dir='ltr' id='par_1_2' title="bbox 1629 284 2585 344">
     <span class='ocr_line' id='line_1_2' title="bbox 1629 284 2585 344; baseline 0.001 -2"><span class='ocrx_word' id='word_1_2' title='bbox 1629 286 2043 344; x_wconf 65' lang='lat' dir='ltr'>CLEHBNTIS</span> <span class='ocrx_word' id='word_1_3' title='bbox 2077 284 2585 344; x_wconf 62' lang='lat' dir='ltr'>numnam</span> 
     </span>
    </p>
   </div>
   <div class='ocr_carea' id='block_1_3' title="bbox 3705 282 3828 340">
    <p class='ocr_par' dir='ltr' id='par_1_3' title="bbox 3705 282 3828 340">
     <span class='ocr_line' id='line_1_3' title="bbox 3705 282 3828 340; baseline 0 0"><span class='ocrx_word' id='word_1_4' title='bbox 3705 282 3828 340; x_wconf 70' lang='grc' dir='ltr'>θω</span> 
     </span>
    </p>
   </div>
   <div class='ocr_carea' id='block_1_4' title="bbox 404 405 2048 484">
    <p class='ocr_par' dir='ltr' id='par_1_4' title="bbox 404 408 2042 484">
     <span class='ocr_line' id='line_1_4' title="bbox 404 408 2042 484; baseline 0 -18"><span class='ocrx_word' id='word_1_5' title='bbox 404 410 774 484; x_wconf 81' lang='lat' dir='ltr'>Argivorum,</span> <span class='ocrx_word' id='word_1_6' title='bbox 815 408 1150 466; x_wconf 82' lang='lat' dir='ltr'>Alexander</span> <span class='ocrx_word' id='word_1_7' title='bbox 1176 427 1312 466; x_wconf 89' lang='lat' dir='ltr'>vero</span> <span class='ocrx_word' id='word_1_8' title='bbox 1342 427 1447 466; x_wconf 81' lang='lat' dir='ltr'>rex</span> <span class='ocrx_word' id='word_1_9' title='bbox 1475 410 1589 465; x_wconf 84' lang='lat' dir='ltr'>{uit</span> <span class='ocrx_word' id='word_1_10' title='bbox 1636 412 2042 466; x_wconf 84' lang='lat' dir='ltr'>Macedonum.</span> 
     </span>
    </p>
   </div>
   <div class='ocr_carea' id='block_1_5' title="bbox 2157 405 3822 484">
    <p class='ocr_par' dir='ltr' id='par_1_5' title="bbox 2158 405 3822 484">
     <span class='ocr_line' id='line_1_5' title="bbox 2158 405 3822 484; baseline 0.001 -21"><span class='ocrx_word' id='word_1_11' title='bbox 2158 430 2239 482; x_wconf 82' lang='grc' dir='ltr'>τῳ</span> <span class='ocrx_word' id='word_1_12' title='bbox 2270 407 2332 463; x_wconf 78' lang='grc' dir='ltr'>οὐ</span> <span class='ocrx_word' id='word_1_13' title='bbox 2381 426 2689 483; x_wconf 79' lang='grc' dir='ltr'>προσεστιν³</span> <span class='ocrx_word' id='word_1_14' title='bbox 2743 408 2788 482; x_wconf 83' lang='grc' dir='ltr'>ᾦ</span> <span class='ocrx_word' id='word_1_15' title='bbox 2832 406 3027 483; x_wconf 68' lang='grc' dir='ltr'>Πέρσαι</span> <span class='ocrx_word' id='word_1_16' title='bbox 3082 406 3172 463; x_wconf 73' lang='grc' dir='ltr'>ἐπὶ</span> <span class='ocrx_word' id='word_1_17' title='bbox 3217 408 3319 478; x_wconf 76' lang='grc' dir='ltr'>τὴν</span> <span class='ocrx_word' id='word_1_18' title='bbox 3359 405 3602 468; x_wconf 77' lang='grc' dir='ltr'>Ἐλλάδα</span> <span class='ocrx_word' id='word_1_19' title='bbox 3653 428 3822 484; x_wconf 80' lang='grc' dir='ltr'>στρα-</span> 
     </span>
    </p>
   </div>
   <div class='ocr_carea' id='block_1_6' title="bbox 404 499 2060 572">
    <p class='ocr_par' dir='ltr' id='par_1_6' title="bbox 404 499 2060 572">
     <span class='ocr_line' id='line_1_6' title="bbox 404 499 2060 572; baseline 0.001 -16"><span class='ocrx_word' id='word_1_20' title='bbox 404 500 600 556; x_wconf 91' lang='lat' dir='ltr'>Tertia</span> <span class='ocrx_word' id='word_1_21' title='bbox 621 505 728 566; x_wconf 91' lang='lat' dir='ltr'>est,</span> <span class='ocrx_word' id='word_1_22' title='bbox 759 516 888 571; x_wconf 71' lang='lat' dir='ltr'>qum</span> <span class='ocrx_word' id='word_1_23' title='bbox 916 517 1103 555; x_wconf 91' lang='lat' dir='ltr'>unum</span> <span class='ocrx_word' id='word_1_24' title='bbox 1129 499 1322 555; x_wconf 92' lang='lat' dir='ltr'>solum</span> <span class='ocrx_word' id='word_1_25' title='bbox 1347 499 1738 572; x_wconf 85' lang='lat' dir='ltr'>concupiscit,</span> <span class='ocrx_word' id='word_1_26' title='bbox 1757 516 1972 572; x_wconf 85' lang='lat' dir='ltr'><strong>nempe</strong></span> <span class='ocrx_word' id='word_1_27' title='bbox 1994 507 2060 557; x_wconf 93' lang='lat' dir='ltr'>ut</span> 
     </span>
    </p>
   </div>
   <div class='ocr_carea' id='block_1_7' title="bbox 402 589 2059 658">
    <p class='ocr_par' dir='ltr' id='par_1_7' title="bbox 402 589 2059 658">
     <span class='ocr_line' id='line_1_7' title="bbox 402 589 2059 658; baseline 0.003 -17"><span class='ocrx_word' id='word_1_28' title='bbox 402 589 596 644; x_wconf 80' lang='lat' dir='ltr'>vincat</span> <span class='ocrx_word' id='word_1_29' title='bbox 625 595 684 643; x_wconf 90' lang='lat' dir='ltr'>et</span> <span class='ocrx_word' id='word_1_30' title='bbox 715 596 975 658; x_wconf 79' lang='lat' dir='ltr'>evertat;</span> <span class='ocrx_word' id='word_1_31' title='bbox 1013 589 1073 645; x_wconf 91' lang='lat' dir='ltr'>in</span> <span class='ocrx_word' id='word_1_32' title='bbox 1105 590 1330 644; x_wconf 90' lang='lat' dir='ltr'>malum</span> <span class='ocrx_word' id='word_1_33' title='bbox 1357 595 1556 643; x_wconf 88' lang='lat' dir='ltr'>autem</span> <span class='ocrx_word' id='word_1_34' title='bbox 1589 589 1680 644; x_wconf 90' lang='lat' dir='ltr'>vel</span> <span class='ocrx_word' id='word_1_35' title='bbox 1721 589 1944 644; x_wconf 90' lang='lat' dir='ltr'>bonum</span> <span class='ocrx_word' id='word_1_36' title='bbox 1997 591 2059 646; x_wconf 83' lang='lat' dir='ltr'>ﬁ-</span> 
     </span>
    </p>
   </div>
   <div class='ocr_carea' id='block_1_8' title="bbox 403 678 2059 750">
    <p class='ocr_par' dir='ltr' id='par_1_8' title="bbox 403 678 2059 750">
     <span class='ocr_line' id='line_1_8' title="bbox 403 678 2059 750; baseline -0.001 -15"><span class='ocrx_word' id='word_1_37' title='bbox 403 695 542 735; x_wconf 86' lang='lat' dir='ltr'><strong>nem</strong></span> <span class='ocrx_word' id='word_1_38' title='bbox 571 679 815 733; x_wconf 77' lang='lat' dir='ltr'>victoria</span> <span class='ocrx_word' id='word_1_39' title='bbox 843 679 951 744; x_wconf 86' lang='lat' dir='ltr'>uti,</span> <span class='ocrx_word' id='word_1_40' title='bbox 984 679 1036 733; x_wconf 91' lang='lat' dir='ltr'>ei</span> <span class='ocrx_word' id='word_1_41' title='bbox 1060 679 1306 733; x_wconf 89' lang='lat' dir='ltr'>minime</span> <span class='ocrx_word' id='word_1_42' title='bbox 1341 678 1496 733; x_wconf 91' lang='lat' dir='ltr'>inest</span> <span class='ocrx_word' id='word_1_43' title='bbox 1520 695 1532 733; x_wconf 89' lang='lat'><strong>:</strong></span> <span class='ocrx_word' id='word_1_44' title='bbox 1559 695 1676 749; x_wconf 89' lang='lat' dir='ltr'>qua</span> <span class='ocrx_word' id='word_1_45' title='bbox 1699 679 1938 750; x_wconf 88' lang='lat' dir='ltr'>quidem</span> <span class='ocrx_word' id='word_1_46' title='bbox 1965 678 2059 735; x_wconf 89' lang='lat' dir='ltr'>usi</span> 
     </span>
    </p>
   </div>
   <div class='ocr_carea' id='block_1_9' title="bbox 404 768 2060 840">
    <p class='ocr_par' dir='ltr' id='par_1_9' title="bbox 404 768 2060 840">
     <span class='ocr_line' id='line_1_9' title="bbox 404 768 2060 840; baseline 0.001 -17"><span class='ocrx_word' id='word_1_47' title='bbox 404 773 543 823; x_wconf 91' lang='lat' dir='ltr'>sunt</span> <span class='ocrx_word' id='word_1_48' title='bbox 572 769 789 833; x_wconf 70' lang='lat' dir='ltr'>Persae,</span> <span class='ocrx_word' id='word_1_49' title='bbox 828 785 961 823; x_wconf 91' lang='lat' dir='ltr'>cum</span> <span class='ocrx_word' id='word_1_50' title='bbox 993 768 1217 823; x_wconf 91' lang='lat' dir='ltr'>bellum</span> <span class='ocrx_word' id='word_1_51' title='bbox 1249 774 1522 840; x_wconf 81' lang='lat' dir='ltr'><strong>gererent</strong></span> <span class='ocrx_word' id='word_1_52' title='bbox 1566 768 1847 824; x_wconf 85' lang='lat' dir='ltr'>adversus</span> <span class='ocrx_word' id='word_1_53' title='bbox 1899 771 2060 824; x_wconf 71' lang='lat' dir='ltr'>Grea-</span> 
     </span>
    </p>
   </div>
   <div class='ocr_carea' id='block_1_10' title="bbox 404 857 2060 929">
    <p class='ocr_par' dir='ltr' id='par_1_10' title="bbox 404 857 2060 929">
     <span class='ocr_line' id='line_1_10' title="bbox 404 857 2060 929; baseline 0 -17"><span class='ocrx_word' id='word_1_54' title='bbox 404 858 578 912; x_wconf 89' lang='lat' dir='ltr'>ciam.</span> <span class='ocrx_word' id='word_1_55' title='bbox 615 859 757 913; x_wconf 87' lang='lat' dir='ltr'>Nam</span> <span class='ocrx_word' id='word_1_56' title='bbox 791 857 1111 913; x_wconf 90' lang='lat' dir='ltr'>irascibilis</span> <span class='ocrx_word' id='word_1_57' title='bbox 1135 858 1431 929; x_wconf 82' lang='lat' dir='ltr'>appetitus</span> <span class='ocrx_word' id='word_1_58' title='bbox 1454 857 1602 913; x_wconf 88' lang='lat' dir='ltr'>alias</span> <span class='ocrx_word' id='word_1_59' title='bbox 1625 857 1866 928; x_wconf 87' lang='lat' dir='ltr'>quidem</span> <span class='ocrx_word' id='word_1_60' title='bbox 1887 875 2060 929; x_wconf 91' lang='lat' dir='ltr'>pror-</span> 
     </span>
    </p>
   </div>
   <div class='ocr_carea' id='block_1_11' title="bbox 409 947 2059 1018">
    <p class='ocr_par' dir='ltr' id='par_1_11' title="bbox 409 947 2059 1018">
     <span class='ocr_line' id='line_1_11' title="bbox 409 947 2059 1018; baseline 0.001 -18"><span class='ocrx_word' id='word_1_61' title='bbox 409 963 507 1002; x_wconf 87' lang='lat' dir='ltr'>sus</span> <span class='ocrx_word' id='word_1_62' title='bbox 544 952 632 999; x_wconf 89' lang='lat' dir='ltr'>est</span> <span class='ocrx_word' id='word_1_63' title='bbox 661 947 1089 1014; x_wconf 88' lang='lat' dir='ltr'>contentiosus,</span> <span class='ocrx_word' id='word_1_64' title='bbox 1125 947 1223 1017; x_wconf 92' lang='lat' dir='ltr'>qui</span> <span class='ocrx_word' id='word_1_65' title='bbox 1266 947 1586 1018; x_wconf 89' lang='lat' dir='ltr'>imperium</span> <span class='ocrx_word' id='word_1_66' title='bbox 1630 948 1847 1017; x_wconf 62' lang='lat' dir='ltr'>quierit</span> <span class='ocrx_word' id='word_1_67' title='bbox 1876 947 2059 1002; x_wconf 88' lang='lat' dir='ltr'>solius</span> 
     </span>
    </p>
   </div>
   <div class='ocr_carea' id='block_1_12' title="bbox 408 1036 2058 1107">
    <p class='ocr_par' dir='ltr' id='par_1_12' title="bbox 408 1036 2058 1107">
     <span class='ocr_line' id='line_1_12' title="bbox 408 1036 2058 1107; baseline 0.001 -17"><span class='ocrx_word' id='word_1_68' title='bbox 408 1036 834 1091; x_wconf 79' lang='lat' dir='ltr'>dominationis</span> <span class='ocrx_word' id='word_1_69' title='bbox 858 1037 1063 1107; x_wconf 89' lang='lat' dir='ltr'>gratia,</span> <span class='ocrx_word' id='word_1_70' title='bbox 1089 1037 1236 1091; x_wconf 89' lang='lat' dir='ltr'>alias</span> <span class='ocrx_word' id='word_1_71' title='bbox 1259 1053 1393 1092; x_wconf 90' lang='lat' dir='ltr'>vero</span> <span class='ocrx_word' id='word_1_72' title='bbox 1419 1037 1559 1090; x_wconf 91' lang='lat' dir='ltr'>boni</span> <span class='ocrx_word' id='word_1_73' title='bbox 1586 1036 1908 1101; x_wconf 82' lang='lat' dir='ltr'>studiosus,</span> <span class='ocrx_word' id='word_1_74' title='bbox 1941 1053 2058 1107; x_wconf 93' lang='lat' dir='ltr'>quo</span> 
     </span>
    </p>
   </div>
   <div class='ocr_carea' id='block_1_13' title="bbox 412 1127 2058 1198">
    <p class='ocr_par' dir='ltr' id='par_1_13' title="bbox 412 1127 2058 1198">
     <span class='ocr_line' id='line_1_13' title="bbox 412 1127 2058 1198; baseline 0.001 -17"><span class='ocrx_word' id='word_1_75' title='bbox 412 1128 614 1182; x_wconf 86' lang='lat' dir='ltr'>anima</span> <span class='ocrx_word' id='word_1_76' title='bbox 643 1128 717 1182; x_wconf 91' lang='lat' dir='ltr'>ad</span> <span class='ocrx_word' id='word_1_77' title='bbox 749 1128 827 1191; x_wconf 91' lang='lat' dir='ltr'>id,</span> <span class='ocrx_word' id='word_1_78' title='bbox 854 1128 1010 1198; x_wconf 91' lang='lat' dir='ltr'>quod</span> <span class='ocrx_word' id='word_1_79' title='bbox 1045 1127 1269 1182; x_wconf 92' lang='lat' dir='ltr'>bonum</span> <span class='ocrx_word' id='word_1_80' title='bbox 1291 1134 1382 1184; x_wconf 88' lang='lat' dir='ltr'>est</span> <span class='ocrx_word' id='word_1_81' title='bbox 1411 1135 1469 1182; x_wconf 88' lang='lat' dir='ltr'>et</span> <span class='ocrx_word' id='word_1_82' title='bbox 1491 1129 1825 1192; x_wconf 89' lang='lat' dir='ltr'>honestum,</span> <span class='ocrx_word' id='word_1_83' title='bbox 1853 1128 2058 1182; x_wconf 85' lang='lat' dir='ltr'>utitur.</span> 
     </span>
    </p>
   </div>
   <div class='ocr_carea' id='block_1_14' title="bbox 411 1214 2058 1287">
    <p class='ocr_par' dir='ltr' id='par_1_14' title="bbox 411 1214 2058 1287">
     <span class='ocr_line' id='line_1_14' title="bbox 411 1214 2058 1287; baseline -0.001 -19"><span class='ocrx_word' id='word_1_84' title='bbox 411 1216 626 1280; x_wconf 88' lang='lat' dir='ltr'>Quarta</span> <span class='ocrx_word' id='word_1_85' title='bbox 656 1220 854 1270; x_wconf 89' lang='lat' dir='ltr'>autem</span> <span class='ocrx_word' id='word_1_86' title='bbox 886 1215 1173 1287; x_wconf 80' lang='lat' dir='ltr'>regnandi</span> <span class='ocrx_word' id='word_1_87' title='bbox 1208 1215 1437 1286; x_wconf 92' lang='lat' dir='ltr'>species</span> <span class='ocrx_word' id='word_1_88' title='bbox 1465 1221 1556 1270; x_wconf 90' lang='lat' dir='ltr'>est</span> <span class='ocrx_word' id='word_1_89' title='bbox 1573 1215 1840 1270; x_wconf 90' lang='lat' dir='ltr'>omnium</span> <span class='ocrx_word' id='word_1_90' title='bbox 1872 1214 2058 1285; x_wconf 88' lang='lat' dir='ltr'>pessi-</span> 
     </span>
    </p>
   </div>
   <div class='ocr_carea' id='block_1_15' title="bbox 410 1303 2062 1375">
    <p class='ocr_par' dir='ltr' id='par_1_15' title="bbox 410 1303 2062 1375">
     <span class='ocr_line' id='line_1_15' title="bbox 410 1303 2062 1375; baseline -0.001 -16"><span class='ocrx_word' id='word_1_91' title='bbox 410 1320 528 1372; x_wconf 84' lang='lat' dir='ltr'>ma,</span> <span class='ocrx_word' id='word_1_92' title='bbox 563 1321 692 1374; x_wconf 68' lang='lat' dir='ltr'>qum</span> <span class='ocrx_word' id='word_1_93' title='bbox 723 1310 902 1375; x_wconf 86' lang='lat' dir='ltr'>prout</span> <span class='ocrx_word' id='word_1_94' title='bbox 927 1305 1044 1360; x_wconf 90' lang='lat' dir='ltr'>fert</span> <span class='ocrx_word' id='word_1_95' title='bbox 1067 1305 1250 1360; x_wconf 86' lang='lat' dir='ltr'>libido</span> <span class='ocrx_word' id='word_1_96' title='bbox 1276 1304 1586 1360; x_wconf 86' lang='lat' dir='ltr'>ordinatur</span> <span class='ocrx_word' id='word_1_97' title='bbox 1611 1320 1624 1358; x_wconf 89' lang='lat'>:</span> <span class='ocrx_word' id='word_1_98' title='bbox 1649 1303 1822 1375; x_wconf 88' lang='lat' dir='ltr'>quale</span> <span class='ocrx_word' id='word_1_99' title='bbox 1843 1303 1956 1358; x_wconf 88' lang='lat' dir='ltr'>fuit</span> <span class='ocrx_word' id='word_1_100' title='bbox 1975 1319 2062 1357; x_wconf 85' lang='lat' dir='ltr'>re-</span> 
     </span>
    </p>
   </div>
   <div class='ocr_carea' id='block_1_16' title="bbox 410 1391 2060 1465">
    <p class='ocr_par' dir='ltr' id='par_1_16' title="bbox 410 1391 2060 1465">
     <span class='ocr_line' id='line_1_16' title="bbox 410 1391 2060 1465; baseline -0.001 -18"><span class='ocrx_word' id='word_1_101' title='bbox 410 1409 589 1465; x_wconf 89' lang='lat' dir='ltr'>gnum</span> <span class='ocrx_word' id='word_1_102' title='bbox 621 1393 1005 1465; x_wconf 89' lang='lat' dir='ltr'>Sardanapali</span> <span class='ocrx_word' id='word_1_103' title='bbox 1037 1400 1096 1448; x_wconf 92' lang='lat' dir='ltr'>et</span> <span class='ocrx_word' id='word_1_104' title='bbox 1134 1410 1360 1462; x_wconf 90' lang='lat' dir='ltr'>eorum,</span> <span class='ocrx_word' id='word_1_105' title='bbox 1394 1393 1494 1464; x_wconf 89' lang='lat' dir='ltr'>qui</span> <span class='ocrx_word' id='word_1_106' title='bbox 1540 1393 1700 1448; x_wconf 90' lang='lat' dir='ltr'>hunc</span> <span class='ocrx_word' id='word_1_107' title='bbox 1734 1394 1913 1448; x_wconf 84' lang='lat' dir='ltr'>ﬁnem</span> <span class='ocrx_word' id='word_1_108' title='bbox 1947 1391 2060 1447; x_wconf 90' lang='lat' dir='ltr'>sibi</span> 
     </span>
    </p>
   </div>
   <div class='ocr_carea' id='block_1_17' title="bbox 407 1483 2060 1556">
    <p class='ocr_par' dir='ltr' id='par_1_17' title="bbox 407 1483 2060 1556">
     <span class='ocr_line' id='line_1_17' title="bbox 407 1483 2060 1556; baseline 0.001 -19"><span class='ocrx_word' id='word_1_109' title='bbox 407 1489 770 1555; x_wconf 90' lang='lat' dir='ltr'>proponunt,</span> <span class='ocrx_word' id='word_1_110' title='bbox 802 1489 868 1540; x_wconf 87' lang='lat' dir='ltr'>ut</span> <span class='ocrx_word' id='word_1_111' title='bbox 898 1483 1406 1556; x_wconf 88' lang='lat' dir='ltr'>quamplurimum</span> <span class='ocrx_word' id='word_1_112' title='bbox 1438 1483 1784 1554; x_wconf 80' lang='lat' dir='ltr'>indulgeant</span> <span class='ocrx_word' id='word_1_113' title='bbox 1806 1484 1927 1539; x_wconf 91' lang='lat' dir='ltr'>suis</span> <span class='ocrx_word' id='word_1_114' title='bbox 1958 1500 2060 1538; x_wconf 88' lang='lat' dir='ltr'>cu-</span> 
     </span>
    </p>
   </div>
   <div class='ocr_carea' id='block_1_18' title="bbox 409 1571 2060 1644">
    <p class='ocr_par' dir='ltr' id='par_1_18' title="bbox 409 1571 2060 1644">
     <span class='ocr_line' id='line_1_18' title="bbox 409 1571 2060 1644; baseline 0.001 -19"><span class='ocrx_word' id='word_1_115' title='bbox 409 1571 780 1642; x_wconf 89' lang='lat' dir='ltr'>piditatibus.</span> <span class='ocrx_word' id='word_1_116' title='bbox 818 1573 1120 1644; x_wconf 78' lang='lat' dir='ltr'>Regnandi</span> <span class='ocrx_word' id='word_1_117' title='bbox 1169 1578 1369 1627; x_wconf 88' lang='lat' dir='ltr'>autem</span> <span class='ocrx_word' id='word_1_118' title='bbox 1431 1572 1714 1638; x_wconf 66' lang='lat' dir='ltr'>scientia),</span> <span class='ocrx_word' id='word_1_119' title='bbox 1751 1577 1869 1626; x_wconf 90' lang='lat' dir='ltr'>tam</span> <span class='ocrx_word' id='word_1_120' title='bbox 1929 1588 2060 1643; x_wconf 67' lang='lat' dir='ltr'>quae</span> 
     </span>
    </p>
   </div>
   <div class='ocr_carea' id='block_1_19' title="bbox 412 1660 2063 1732">
    <p class='ocr_par' dir='ltr' id='par_1_19' title="bbox 412 1660 2063 1732">
     <span class='ocr_line' id='line_1_19' title="bbox 412 1660 2063 1732; baseline 0.002 -21"><span class='ocrx_word' id='word_1_121' title='bbox 412 1660 475 1723; x_wconf 51' lang='grc' dir='ltr'>ᾧ</span> <span class='ocrx_word' id='word_1_122' title='bbox 504 1662 715 1714; x_wconf 86' lang='lat' dir='ltr'>virtute</span> <span class='ocrx_word' id='word_1_123' title='bbox 745 1662 942 1725; x_wconf 83' lang='lat' dir='ltr'>vincit,</span> <span class='ocrx_word' id='word_1_124' title='bbox 977 1677 1154 1730; x_wconf 90' lang='lat' dir='ltr'>quam</span> <span class='ocrx_word' id='word_1_125' title='bbox 1216 1677 1346 1732; x_wconf 67' lang='lat' dir='ltr'>quae</span> <span class='ocrx_word' id='word_1_126' title='bbox 1369 1662 1445 1727; x_wconf 88' lang='lat' dir='ltr'>vi,</span> <span class='ocrx_word' id='word_1_127' title='bbox 1477 1662 1941 1716; x_wconf 88' lang='lat' dir='ltr'>instrumentum</span> <span class='ocrx_word' id='word_1_128' title='bbox 1974 1663 2063 1715; x_wconf 88' lang='lat' dir='ltr'>est</span> 
     </span>
    </p>
   </div>
   <div class='ocr_carea' id='block_1_20' title="bbox 2161 496 3820 575">
    <p class='ocr_par' dir='ltr' id='par_1_20' title="bbox 2161 496 3820 575">
     <span class='ocr_line' id='line_1_20' title="bbox 2161 496 3820 575; baseline 0.001 -23"><span class='ocrx_word' id='word_1_129' title='bbox 2161 496 2443 560; x_wconf 78' lang='grc' dir='ltr'>τεόσαντες</span> <span class='ocrx_word' id='word_1_130' title='bbox 2474 499 2902 573; x_wconf 79' lang='grc' dir='ltr'>συνεχρήσαντο.</span> <span class='ocrx_word' id='word_1_131' title='bbox 2937 501 3050 555; x_wconf 88' lang='grc' dir='ltr'>Τοῦ</span> <span class='ocrx_word' id='word_1_132' title='bbox 3079 497 3184 572; x_wconf 76' lang='grc' dir='ltr'>γὰρ</span> <span class='ocrx_word' id='word_1_133' title='bbox 3214 499 3389 569; x_wconf 82' lang='grc' dir='ltr'>θυμοῦ</span> <span class='ocrx_word' id='word_1_134' title='bbox 3445 497 3507 553; x_wconf 88' lang='grc' dir='ltr'>τὸ</span> <span class='ocrx_word' id='word_1_135' title='bbox 3569 498 3663 570; x_wconf 76' lang='grc' dir='ltr'>μὲν</span> <span class='ocrx_word' id='word_1_136' title='bbox 3718 520 3820 575; x_wconf 67' lang='grc' dir='ltr'>φι-</span> 
     </span>
    </p>
   </div>
   <div class='ocr_carea' id='block_1_21' title="bbox 2167 585 3824 662">
    <p class='ocr_par' dir='ltr' id='par_1_21' title="bbox 2167 585 3824 662">
     <span class='ocr_line' id='line_1_21' title="bbox 2167 585 3824 662; baseline 0.002 -22"><span class='ocrx_word' id='word_1_137' title='bbox 2167 585 2414 642; x_wconf 89' lang='grc' dir='ltr'>λόνεικον</span> <span class='ocrx_word' id='word_1_138' title='bbox 2445 591 2558 662; x_wconf 87' lang='lat'>(36)</span> <span class='ocrx_word' id='word_1_139' title='bbox 2595 587 2760 661; x_wconf 87' lang='grc' dir='ltr'>μόνον</span> <span class='ocrx_word' id='word_1_140' title='bbox 2817 586 2982 658; x_wconf 78' lang='grc' dir='ltr'>ἐστὶν,</span> <span class='ocrx_word' id='word_1_141' title='bbox 3013 587 3179 642; x_wconf 78' lang='grc' dir='ltr'>αὐτοῦ</span> <span class='ocrx_word' id='word_1_142' title='bbox 3232 590 3327 642; x_wconf 85' lang='grc' dir='ltr'>τοῦ</span> <span class='ocrx_word' id='word_1_143' title='bbox 3384 592 3600 656; x_wconf 80' lang='grc' dir='ltr'>κρατεῖν</span> <span class='ocrx_word' id='word_1_144' title='bbox 3663 586 3824 643; x_wconf 77' lang='grc' dir='ltr'>ἑνεκα</span> 
     </span>
    </p>
   </div>
   <div class='ocr_carea' id='block_1_22' title="bbox 2162 663 3825 753">
    <p class='ocr_par' dir='ltr' id='par_1_22' title="bbox 2162 663 3825 753">
     <span class='ocr_line' id='line_1_22' title="bbox 2162 663 3825 753; baseline 0 -23"><span class='ocrx_word' id='word_1_145' title='bbox 2162 678 2260 747; x_wconf 76' lang='grc' dir='ltr'>τήν</span> <span class='ocrx_word' id='word_1_146' title='bbox 2294 677 2602 732; x_wconf 80' lang='grc' dir='ltr'>δυναστείαν</span> <span class='ocrx_word' id='word_1_147' title='bbox 2661 663 3056 749; x_wconf 69' lang='grc' dir='ltr'>πεποιημένον·</span> <span class='ocrx_word' id='word_1_148' title='bbox 3115 676 3177 730; x_wconf 91' lang='grc' dir='ltr'>τὸ</span> <span class='ocrx_word' id='word_1_149' title='bbox 3235 673 3293 730; x_wconf 72' lang='grc' dir='ltr'>δὲ</span> <span class='ocrx_word' id='word_1_150' title='bbox 3348 675 3677 753; x_wconf 76' lang='grc' dir='ltr'>φιλόκαλον,</span> <span class='ocrx_word' id='word_1_151' title='bbox 3743 676 3825 738; x_wconf 76' lang='grc' dir='ltr'>εἷς</span> 
     </span>
    </p>
   </div>
   <div class='ocr_carea' id='block_1_23' title="bbox 2162 764 3821 841">
    <p class='ocr_par' dir='ltr' id='par_1_23' title="bbox 2162 764 3821 841">
     <span class='ocr_line' id='line_1_23' title="bbox 2162 764 3821 841; baseline 0.001 -22"><span class='ocrx_word' id='word_1_152' title='bbox 2162 764 2337 834; x_wconf 80' lang='grc' dir='ltr'>καλήν</span> <span class='ocrx_word' id='word_1_153' title='bbox 2370 766 2805 840; x_wconf 81' lang='grc' dir='ltr'>καταχρωμὲνης</span> <span class='ocrx_word' id='word_1_154' title='bbox 2840 773 2941 834; x_wconf 79' lang='grc' dir='ltr'>τῆς</span> <span class='ocrx_word' id='word_1_155' title='bbox 2969 767 3154 841; x_wconf 73' lang='grc' dir='ltr'>ψύχῆς</span> <span class='ocrx_word' id='word_1_156' title='bbox 3207 769 3286 837; x_wconf 79' lang='grc' dir='ltr'>τῷ</span> <span class='ocrx_word' id='word_1_157' title='bbox 3335 771 3516 837; x_wconf 79' lang='grc' dir='ltr'>θυμῷ.</span> <span class='ocrx_word' id='word_1_158' title='bbox 3565 768 3821 840; x_wconf 69' lang='grc' dir='ltr'>Τετάρτῃ</span> 
     </span>
    </p>
   </div>
   <div class='ocr_carea' id='block_1_24' title="bbox 2166 851 3828 927">
    <p class='ocr_par' dir='ltr' id='par_1_24' title="bbox 2166 851 3828 927">
     <span class='ocr_line' id='line_1_24' title="bbox 2166 851 3828 927; baseline 0 -19"><span class='ocrx_word' id='word_1_159' title='bbox 2166 851 2244 925; x_wconf 75' lang='grc' dir='ltr'>δὶ,</span> <span class='ocrx_word' id='word_1_160' title='bbox 2275 857 2310 924; x_wconf 80' lang='grc' dir='ltr'>ἡ</span> <span class='ocrx_word' id='word_1_161' title='bbox 2335 860 2518 910; x_wconf 76' lang='grc' dir='ltr'>πασῶν</span> <span class='ocrx_word' id='word_1_162' title='bbox 2561 854 2810 924; x_wconf 78' lang='grc' dir='ltr'>κακίστη,</span> <span class='ocrx_word' id='word_1_163' title='bbox 2843 856 2879 926; x_wconf 72' lang='grc' dir='ltr'>ἢ</span> <span class='ocrx_word' id='word_1_164' title='bbox 2910 855 3046 910; x_wconf 74' lang='grc' dir='ltr'>κατὰ</span> <span class='ocrx_word' id='word_1_165' title='bbox 3087 856 3182 917; x_wconf 67' lang='grc' dir='ltr'>τὰς</span> <span class='ocrx_word' id='word_1_166' title='bbox 3232 854 3522 927; x_wconf 72' lang='grc' dir='ltr'>ἐπιθυμίας</span> <span class='ocrx_word' id='word_1_167' title='bbox 3562 857 3828 910; x_wconf 73' lang='grc' dir='ltr'>τάττεται</span> 
     </span>
    </p>
   </div>
   <div class='ocr_carea' id='block_1_25' title="bbox 2168 942 3829 1019">
    <p class='ocr_par' dir='ltr' id='par_1_25' title="bbox 2168 942 3829 1019">
     <span class='ocr_line' id='line_1_25' title="bbox 2168 942 3829 1019; baseline 0 -21"><span class='ocrx_word' id='word_1_168' title='bbox 2168 943 2438 1019; x_wconf 86' lang='grc' dir='ltr'>βασιλεία·</span> <span class='ocrx_word' id='word_1_169' title='bbox 2501 946 2574 1007; x_wconf 84' lang='grc' dir='ltr'>ὡς</span> <span class='ocrx_word' id='word_1_170' title='bbox 2623 947 2658 1013; x_wconf 75' lang='grc' dir='ltr'>ἡ</span> <span class='ocrx_word' id='word_1_171' title='bbox 2717 942 3170 1016; x_wconf 74' lang='grc' dir='ltr'>Σαρδαναπάλου,</span> <span class='ocrx_word' id='word_1_172' title='bbox 3228 945 3318 998; x_wconf 78' lang='grc' dir='ltr'>καὶ</span> <span class='ocrx_word' id='word_1_173' title='bbox 3375 948 3481 998; x_wconf 82' lang='grc' dir='ltr'>τῶν</span> <span class='ocrx_word' id='word_1_174' title='bbox 3540 943 3606 998; x_wconf 87' lang='grc' dir='ltr'>τὸ</span> <span class='ocrx_word' id='word_1_175' title='bbox 3654 943 3829 1006; x_wconf 76' lang='grc' dir='ltr'>τὲλος</span> 
     </span>
    </p>
   </div>
   <div class='ocr_carea' id='block_1_26' title="bbox 2164 1031 3830 1108">
    <p class='ocr_par' dir='ltr' id='par_1_26' title="bbox 2164 1031 3830 1108">
     <span class='ocr_line' id='line_1_26' title="bbox 2164 1031 3830 1108; baseline 0.001 -21"><span class='ocrx_word' id='word_1_176' title='bbox 2164 1033 2532 1106; x_wconf 70' lang='grc' dir='ltr'>ποιουμένων,</span> <span class='ocrx_word' id='word_1_177' title='bbox 2572 1040 2690 1096; x_wconf 86' lang='grc' dir='ltr'>ταῖς</span> <span class='ocrx_word' id='word_1_178' title='bbox 2738 1033 3052 1107; x_wconf 73' lang='grc' dir='ltr'>ἐπιθυμίαις</span> <span class='ocrx_word' id='word_1_179' title='bbox 3085 1034 3160 1096; x_wconf 86' lang='grc' dir='ltr'>ὡς</span> <span class='ocrx_word' id='word_1_180' title='bbox 3193 1031 3424 1088; x_wconf 81' lang='grc' dir='ltr'>πλεῖστα</span> <span class='ocrx_word' id='word_1_181' title='bbox 3473 1034 3830 1108; x_wconf 72' lang='grc' dir='ltr'>χαρίζεσθαι.</span> 
     </span>
    </p>
   </div>
   <div class='ocr_carea' id='block_1_27' title="bbox 2165 1121 3830 1198">
    <p class='ocr_par' dir='ltr' id='par_1_27' title="bbox 2165 1121 3830 1198">
     <span class='ocr_line' id='line_1_27' title="bbox 2165 1121 3830 1198; baseline -0.003 -19"><span class='ocrx_word' id='word_1_182' title='bbox 2165 1125 2280 1179; x_wconf 91' lang='grc' dir='ltr'>Τοῦ</span> <span class='ocrx_word' id='word_1_183' title='bbox 2334 1121 2392 1177; x_wconf 76' lang='grc' dir='ltr'>δὲ</span> <span class='ocrx_word' id='word_1_184' title='bbox 2447 1122 2736 1198; x_wconf 74' lang='grc' dir='ltr'>βασιλικοῦ</span> <span class='ocrx_word' id='word_1_185' title='bbox 2770 1165 2784 1190; x_wconf 91' lang='grc'>,</span> <span class='ocrx_word' id='word_1_186' title='bbox 2836 1127 2932 1178; x_wconf 88' lang='grc' dir='ltr'>τοῦ</span> <span class='ocrx_word' id='word_1_187' title='bbox 3005 1144 3064 1178; x_wconf 87' lang='grc' dir='ltr'>τε</span> <span class='ocrx_word' id='word_1_188' title='bbox 3119 1123 3235 1178; x_wconf 86' lang='grc' dir='ltr'>κατ’</span> <span class='ocrx_word' id='word_1_189' title='bbox 3293 1122 3485 1195; x_wconf 80' lang='grc' dir='ltr'>ἀρετὴν</span> <span class='ocrx_word' id='word_1_190' title='bbox 3545 1127 3830 1183; x_wconf 72' lang='grc' dir='ltr'>νικῶντος</span> 
     </span>
    </p>
   </div>
   <div class='ocr_carea' id='block_1_28' title="bbox 2162 1208 3837 1288">
    <p class='ocr_par' dir='ltr' id='par_1_28' title="bbox 2162 1208 3837 1288">
     <span class='ocr_line' id='line_1_28' title="bbox 2162 1208 3837 1288; baseline 0 -22"><span class='ocrx_word' id='word_1_191' title='bbox 2162 1218 2252 1267; x_wconf 85' lang='grc' dir='ltr'>και</span> <span class='ocrx_word' id='word_1_192' title='bbox 2281 1216 2380 1266; x_wconf 88' lang='grc' dir='ltr'>τοῦ</span> <span class='ocrx_word' id='word_1_193' title='bbox 2417 1214 2553 1268; x_wconf 81' lang='grc' dir='ltr'>κατά</span> <span class='ocrx_word' id='word_1_194' title='bbox 2608 1212 2748 1287; x_wconf 88' lang='grc' dir='ltr'>βίαν,</span> <span class='ocrx_word' id='word_1_195' title='bbox 2810 1208 3036 1288; x_wconf 78' lang='grc' dir='ltr'>ὄργανον</span> <span class='ocrx_word' id='word_1_196' title='bbox 3093 1213 3156 1266; x_wconf 91' lang='grc' dir='ltr'>τὸ</span> <span class='ocrx_word' id='word_1_197' title='bbox 3209 1211 3482 1268; x_wconf 81' lang='grc' dir='ltr'>τακτικόν.</span> <span class='ocrx_word' id='word_1_198' title='bbox 3538 1209 3737 1266; x_wconf 72' lang='grc' dir='ltr'>’Άλλο</span> <span class='ocrx_word' id='word_1_199' title='bbox 3773 1209 3837 1266; x_wconf 77' lang='grc' dir='ltr'>δὶ</span> 
     </span>
    </p>
   </div>
   <div class='ocr_carea' id='block_1_29' title="bbox 2163 1299 3843 1378">
    <p class='ocr_par' dir='ltr' id='par_1_29' title="bbox 2163 1299 3843 1378">
     <span class='ocr_line' id='line_1_29' title="bbox 2163 1299 3843 1378; baseline 0 -22"><span class='ocrx_word' id='word_1_200' title='bbox 2163 1302 2277 1356; x_wconf 86' lang='grc' dir='ltr'>κατ’</span> <span class='ocrx_word' id='word_1_201' title='bbox 2310 1299 2487 1370; x_wconf 77' lang='grc' dir='ltr'>ἄλλην</span> <span class='ocrx_word' id='word_1_202' title='bbox 2515 1301 2672 1378; x_wconf 69' lang='grc' dir='ltr'>φῦσιν</span> <span class='ocrx_word' id='word_1_203' title='bbox 2713 1322 2770 1358; x_wconf 87' lang='grc' dir='ltr'>τε</span> <span class='ocrx_word' id='word_1_204' title='bbox 2799 1301 2886 1356; x_wconf 72' lang='grc' dir='ltr'>καῗ</span> <span class='ocrx_word' id='word_1_205' title='bbox 2921 1300 3082 1372; x_wconf 80' lang='grc' dir='ltr'>ῦλην·</span> <span class='ocrx_word' id='word_1_206' title='bbox 3115 1299 3168 1355; x_wconf 76' lang='grc' dir='ltr'>ἐν</span> <span class='ocrx_word' id='word_1_207' title='bbox 3205 1301 3301 1374; x_wconf 73' lang='grc' dir='ltr'>μὲν</span> <span class='ocrx_word' id='word_1_208' title='bbox 3346 1321 3409 1376; x_wconf 87' lang='grc' dir='ltr'>γε</span> <span class='ocrx_word' id='word_1_209' title='bbox 3454 1299 3678 1366; x_wconf 82' lang='grc' dir='ltr'>ὅπλοις,</span> <span class='ocrx_word' id='word_1_210' title='bbox 3736 1300 3843 1356; x_wconf 77' lang='grc' dir='ltr'>καὶ</span> 
     </span>
    </p>
   </div>
   <div class='ocr_carea' id='block_1_30' title="bbox 2161 1387 3842 1469">
    <p class='ocr_par' dir='ltr' id='par_1_30' title="bbox 2161 1387 3842 1469">
     <span class='ocr_line' id='line_1_30' title="bbox 2161 1387 3842 1469; baseline -0.001 -25"><span class='ocrx_word' id='word_1_211' title='bbox 2161 1395 2283 1452; x_wconf 88' lang='grc' dir='ltr'>τοῖς</span> <span class='ocrx_word' id='word_1_212' title='bbox 2318 1390 2587 1465; x_wconf 80' lang='grc' dir='ltr'>μαχίμοις</span> <span class='ocrx_word' id='word_1_213' title='bbox 2621 1391 2808 1463; x_wconf 78' lang='grc' dir='ltr'>ζώοις,</span> <span class='ocrx_word' id='word_1_214' title='bbox 2871 1387 2940 1445; x_wconf 85' lang='grc' dir='ltr'>δι’</span> <span class='ocrx_word' id='word_1_215' title='bbox 3001 1388 3267 1466; x_wconf 64' lang='grc' dir='ltr'>ἐμψύχων</span> <span class='ocrx_word' id='word_1_216' title='bbox 3302 1410 3361 1444; x_wconf 86' lang='grc' dir='ltr'>τε</span> <span class='ocrx_word' id='word_1_217' title='bbox 3416 1389 3505 1445; x_wconf 83' lang='grc' dir='ltr'>καὶ</span> <span class='ocrx_word' id='word_1_218' title='bbox 3561 1388 3842 1469; x_wconf 67' lang='grc' dir='ltr'>ἀψύχων,</span> 
     </span>
    </p>
   </div>
   <div class='ocr_carea' id='block_1_31' title="bbox 2164 1476 3846 1554">
    <p class='ocr_par' dir='ltr' id='par_1_31' title="bbox 2164 1476 3846 1554">
     <span class='ocr_line' id='line_1_31' title="bbox 2164 1476 3846 1554; baseline 0 -22"><span class='ocrx_word' id='word_1_219' title='bbox 2164 1480 2317 1554; x_wconf 77' lang='grc' dir='ltr'>ψυχὴ</span> <span class='ocrx_word' id='word_1_220' title='bbox 2343 1479 2405 1533; x_wconf 92' lang='grc' dir='ltr'>τὸ</span> <span class='ocrx_word' id='word_1_221' title='bbox 2435 1480 2624 1534; x_wconf 78' lang='grc' dir='ltr'>τοίττον</span> <span class='ocrx_word' id='word_1_222' title='bbox 2674 1478 2784 1534; x_wconf 83' lang='grc' dir='ltr'>ἐστὶ</span> <span class='ocrx_word' id='word_1_223' title='bbox 2833 1479 2921 1533; x_wconf 76' lang='grc' dir='ltr'>καὶ</span> <span class='ocrx_word' id='word_1_224' title='bbox 2964 1483 3110 1540; x_wconf 86' lang='grc' dir='ltr'>νοῦς·</span> <span class='ocrx_word' id='word_1_225' title='bbox 3161 1478 3212 1534; x_wconf 79' lang='grc' dir='ltr'>ἐν</span> <span class='ocrx_word' id='word_1_226' title='bbox 3266 1476 3325 1534; x_wconf 79' lang='grc' dir='ltr'>δὶ</span> <span class='ocrx_word' id='word_1_227' title='bbox 3351 1484 3467 1542; x_wconf 86' lang='grc' dir='ltr'>τοῖς</span> <span class='ocrx_word' id='word_1_228' title='bbox 3495 1485 3596 1547; x_wconf 84' lang='grc' dir='ltr'>τῆς</span> <span class='ocrx_word' id='word_1_229' title='bbox 3631 1481 3846 1553; x_wconf 74' lang='grc' dir='ltr'>ψυχῆς</span> 
     </span>
    </p>
   </div>
   <div class='ocr_carea' id='block_1_32' title="bbox 2163 1567 3844 1644">
    <p class='ocr_par' dir='ltr' id='par_1_32' title="bbox 2163 1567 3844 1644">
     <span class='ocr_line' id='line_1_32' title="bbox 2163 1567 3844 1644; baseline 0.001 -23"><span class='ocrx_word' id='word_1_230' title='bbox 2163 1569 2408 1635; x_wconf 77' lang='grc' dir='ltr'>πάθεσιν,</span> <span class='ocrx_word' id='word_1_231' title='bbox 2455 1569 2528 1622; x_wconf 83' lang='grc' dir='ltr'>ὧν</span> <span class='ocrx_word' id='word_1_232' title='bbox 2580 1567 2980 1643; x_wconf 78' lang='grc' dir='ltr'>ἐπικρατοῦμεν</span> <span class='ocrx_word' id='word_1_233' title='bbox 3025 1573 3094 1642; x_wconf 79' lang='grc' dir='ltr'>τῇ</span> <span class='ocrx_word' id='word_1_234' title='bbox 3142 1569 3328 1643; x_wconf 79' lang='grc' dir='ltr'>ἀρετῇ,</span> <span class='ocrx_word' id='word_1_235' title='bbox 3379 1567 3650 1644; x_wconf 87' lang='grc' dir='ltr'>λογισμός</span> <span class='ocrx_word' id='word_1_236' title='bbox 3715 1569 3844 1623; x_wconf 78' lang='grc' dir='ltr'>ἐστι</span> 
     </span>
    </p>
   </div>
   <div class='ocr_carea' id='block_1_33' title="bbox 2165 1658 3844 1734">
    <p class='ocr_par' dir='ltr' id='par_1_33' title="bbox 2165 1658 3844 1734">
     <span class='ocr_line' id='line_1_33' title="bbox 2165 1658 3844 1734; baseline 0.001 -22"><span class='ocrx_word' id='word_1_237' title='bbox 2165 1658 2228 1712; x_wconf 86' lang='grc' dir='ltr'>τὸ</span> <span class='ocrx_word' id='word_1_238' title='bbox 2273 1659 2562 1728; x_wconf 80' lang='grc' dir='ltr'>τακτικὸν,</span> <span class='ocrx_word' id='word_1_239' title='bbox 2615 1658 3136 1734; x_wconf 80' lang='grc' dir='ltr'>ἐπισφραγιζόμενος</span> <span class='ocrx_word' id='word_1_240' title='bbox 3199 1658 3505 1734; x_wconf 67' lang='grc' dir='ltr'>ἐγκράτειαν</span> <span class='ocrx_word' id='word_1_241' title='bbox 3562 1658 3657 1712; x_wconf 82' lang='grc' dir='ltr'>καὶ</span> <span class='ocrx_word' id='word_1_242' title='bbox 3718 1680 3844 1713; x_wconf 84' lang='grc' dir='ltr'>σω-</span> 
     </span>
    </p>
   </div>
   <div class='ocr_carea' id='block_1_34' title="bbox 413 1747 2048 1835">
    <p class='ocr_par' dir='ltr' id='par_1_34' title="bbox 413 1748 2048 1822">
     <span class='ocr_line' id='line_1_34' title="bbox 413 1748 2048 1822; baseline 0.001 -22"><span class='ocrx_word' id='word_1_243' title='bbox 413 1748 728 1802; x_wconf 90' lang='lat' dir='ltr'>ordinandi</span> <span class='ocrx_word' id='word_1_244' title='bbox 753 1749 1018 1804; x_wconf 88' lang='lat' dir='ltr'>scientia.</span> <span class='ocrx_word' id='word_1_245' title='bbox 1055 1752 1137 1804; x_wconf 89' lang='lat' dir='ltr'>Ea</span> <span class='ocrx_word' id='word_1_246' title='bbox 1165 1766 1301 1804; x_wconf 82' lang='lat' dir='ltr'>vero</span> <span class='ocrx_word' id='word_1_247' title='bbox 1327 1767 1432 1822; x_wconf 89' lang='lat' dir='ltr'>pro</span> <span class='ocrx_word' id='word_1_248' title='bbox 1465 1750 1679 1822; x_wconf 84' lang='lat' dir='ltr'>objecti</span> <span class='ocrx_word' id='word_1_249' title='bbox 1703 1751 1792 1805; x_wconf 91' lang='lat' dir='ltr'>sui</span> <span class='ocrx_word' id='word_1_250' title='bbox 1822 1749 2048 1804; x_wconf 35' lang='lat' dir='ltr'>diversi!</span> 
     </span>
    </p>
   </div>
   <div class='ocr_carea' id='block_1_35' title="bbox 2157 1747 3842 1835">
    <p class='ocr_par' dir='ltr' id='par_1_35' title="bbox 2169 1747 3842 1835">
     <span class='ocr_line' id='line_1_35' title="bbox 2169 1747 3842 1835; baseline 0.001 -33"><span class='ocrx_word' id='word_1_251' title='bbox 2169 1747 2442 1825; x_wconf 73' lang='grc' dir='ltr'>φροσῦνην</span> <span class='ocrx_word' id='word_1_252' title='bbox 2506 1749 2620 1821; x_wconf 80' lang='grc' dir='ltr'>μεθ’</span> <span class='ocrx_word' id='word_1_253' title='bbox 2680 1749 2991 1818; x_wconf 75' lang='grc' dir='ltr'>ὁσιότητος,</span> <span class='ocrx_word' id='word_1_254' title='bbox 3039 1748 3136 1835; x_wconf 55' lang='grc' dir='ltr'>καί</span> <span class='ocrx_word' id='word_1_255' title='bbox 3176 1752 3380 1822; x_wconf 80' lang='grc' dir='ltr'>γνῶσιν</span> <span class='ocrx_word' id='word_1_256' title='bbox 3434 1747 3642 1822; x_wconf 72' lang='grc' dir='ltr'>ἀγαθὴν</span> <span class='ocrx_word' id='word_1_257' title='bbox 3704 1749 3842 1819; x_wconf 78' lang='grc' dir='ltr'>μετ’</span> 
     </span>
    </p>
   </div>
   <div class='ocr_carea' id='block_1_36' title="bbox 413 1837 2060 1915">
    <p class='ocr_par' dir='ltr' id='par_1_36' title="bbox 413 1837 2060 1915">
     <span class='ocr_line' id='line_1_36' title="bbox 413 1837 2060 1915; baseline 0.002 -27"><span class='ocrx_word' id='word_1_258' title='bbox 413 1841 528 1891; x_wconf 90' lang='lat' dir='ltr'>tate</span> <span class='ocrx_word' id='word_1_259' title='bbox 562 1837 720 1892; x_wconf 90' lang='lat' dir='ltr'>varia</span> <span class='ocrx_word' id='word_1_260' title='bbox 741 1843 848 1915; x_wconf 88' lang='lat' dir='ltr'>est.</span> <span class='ocrx_word' id='word_1_261' title='bbox 883 1839 1027 1894; x_wconf 84' lang='lat' dir='ltr'>Nam</span> <span class='ocrx_word' id='word_1_262' title='bbox 1057 1855 1223 1894; x_wconf 89' lang='lat' dir='ltr'>arma</span> <span class='ocrx_word' id='word_1_263' title='bbox 1253 1840 1494 1910; x_wconf 88' lang='lat' dir='ltr'>quidem</span> <span class='ocrx_word' id='word_1_264' title='bbox 1527 1847 1584 1895; x_wconf 90' lang='lat' dir='ltr'>et</span> <span class='ocrx_word' id='word_1_265' title='bbox 1612 1841 1906 1912; x_wconf 86' lang='lat' dir='ltr'>pugnacia</span> <span class='ocrx_word' id='word_1_266' title='bbox 1934 1840 2060 1894; x_wconf 89' lang='lat' dir='ltr'>ani-</span> 
     </span>
    </p>
   </div>
   <div class='ocr_carea' id='block_1_37' title="bbox 412 1925 2064 1998">
    <p class='ocr_par' dir='ltr' id='par_1_37' title="bbox 412 1925 2064 1998">
     <span class='ocr_line' id='line_1_37' title="bbox 412 1925 2064 1998; baseline 0.002 -19"><span class='ocrx_word' id='word_1_267' title='bbox 412 1925 610 1993; x_wconf 90' lang='lat' dir='ltr'>malia,</span> <span class='ocrx_word' id='word_1_268' title='bbox 645 1943 753 1998; x_wconf 88' lang='lat' dir='ltr'>cpe</span> <span class='ocrx_word' id='word_1_269' title='bbox 786 1944 921 1982; x_wconf 90' lang='lat' dir='ltr'>cum</span> <span class='ocrx_word' id='word_1_270' title='bbox 951 1929 1374 1996; x_wconf 89' lang='lat' dir='ltr'>animatorum,</span> <span class='ocrx_word' id='word_1_271' title='bbox 1402 1935 1524 1985; x_wconf 90' lang='lat' dir='ltr'>tum</span> <span class='ocrx_word' id='word_1_272' title='bbox 1559 1931 1732 1985; x_wconf 89' lang='lat' dir='ltr'>etiam</span> <span class='ocrx_word' id='word_1_273' title='bbox 1767 1929 2064 1984; x_wconf 90' lang='lat' dir='ltr'>inanima-</span> 
     </span>
    </p>
   </div>
   <div class='ocr_carea' id='block_1_38' title="bbox 405 2017 2061 2084">
    <p class='ocr_par' dir='ltr' id='par_1_38' title="bbox 405 2017 2061 2084">
     <span class='ocr_line' id='line_1_38' title="bbox 405 2017 2061 2084; baseline 0.002 -16"><span class='ocrx_word' id='word_1_274' title='bbox 405 2019 623 2081; x_wconf 88' lang='lat' dir='ltr'>torum,</span> <span class='ocrx_word' id='word_1_275' title='bbox 647 2017 849 2072; x_wconf 90' lang='lat' dir='ltr'>anima</span> <span class='ocrx_word' id='word_1_276' title='bbox 875 2022 934 2072; x_wconf 89' lang='lat' dir='ltr'>et</span> <span class='ocrx_word' id='word_1_277' title='bbox 954 2034 1124 2074; x_wconf 88' lang='lat' dir='ltr'>mens</span> <span class='ocrx_word' id='word_1_278' title='bbox 1156 2019 1398 2074; x_wconf 89' lang='lat' dir='ltr'>ordinat</span> <span class='ocrx_word' id='word_1_279' title='bbox 1422 2037 1435 2084; x_wconf 90' lang='lat'><strong>;</strong></span> <span class='ocrx_word' id='word_1_280' title='bbox 1459 2021 1672 2075; x_wconf 72' lang='lat' dir='ltr'>animae</span> <span class='ocrx_word' id='word_1_281' title='bbox 1704 2025 1903 2075; x_wconf 90' lang='lat' dir='ltr'>autem</span> <span class='ocrx_word' id='word_1_282' title='bbox 1921 2019 2061 2074; x_wconf 71' lang='lat' dir='ltr'><strong>affe-</strong></span> 
     </span>
    </p>
   </div>
   <div class='ocr_carea' id='block_1_39' title="bbox 405 2105 2057 2180">
    <p class='ocr_par' dir='ltr' id='par_1_39' title="bbox 405 2105 2057 2180">
     <span class='ocr_line' id='line_1_39' title="bbox 405 2105 2057 2180; baseline 0.004 -24"><span class='ocrx_word' id='word_1_283' title='bbox 405 2109 556 2171; x_wconf 90' lang='lat' dir='ltr'>ctus,</span> <span class='ocrx_word' id='word_1_284' title='bbox 593 2105 657 2159; x_wconf 90' lang='lat' dir='ltr'>in</span> <span class='ocrx_word' id='word_1_285' title='bbox 689 2123 837 2177; x_wconf 90' lang='lat' dir='ltr'>quos</span> <span class='ocrx_word' id='word_1_286' title='bbox 897 2123 1006 2178; x_wconf 90' lang='lat' dir='ltr'>ope</span> <span class='ocrx_word' id='word_1_287' title='bbox 1066 2108 1298 2163; x_wconf 87' lang='lat' dir='ltr'>virtutis</span> <span class='ocrx_word' id='word_1_288' title='bbox 1341 2109 1659 2180; x_wconf 89' lang='lat' dir='ltr'>imperium</span> <span class='ocrx_word' id='word_1_289' title='bbox 1700 2109 2057 2173; x_wconf 86' lang='lat' dir='ltr'>obtinemus,</span> 
     </span>
    </p>
   </div>
   <div class='ocr_carea' id='block_1_40' title="bbox 406 2193 2061 2268">
    <p class='ocr_par' dir='ltr' id='par_1_40' title="bbox 406 2193 2061 2268">
     <span class='ocr_line' id='line_1_40' title="bbox 406 2193 2061 2268; baseline 0.004 -22"><span class='ocrx_word' id='word_1_290' title='bbox 406 2193 641 2248; x_wconf 90' lang='lat' dir='ltr'>ordinat</span> <span class='ocrx_word' id='word_1_291' title='bbox 657 2195 825 2260; x_wconf 89' lang='lat' dir='ltr'>ratio,</span> <span class='ocrx_word' id='word_1_292' title='bbox 837 2201 902 2250; x_wconf 92' lang='lat' dir='ltr'>ut</span> <span class='ocrx_word' id='word_1_293' title='bbox 929 2215 1060 2267; x_wconf 66' lang='lat' dir='ltr'>qua}</span> <span class='ocrx_word' id='word_1_294' title='bbox 1075 2198 1505 2253; x_wconf 89' lang='lat' dir='ltr'>continentiam</span> <span class='ocrx_word' id='word_1_295' title='bbox 1526 2204 1584 2252; x_wconf 90' lang='lat' dir='ltr'>et</span> <span class='ocrx_word' id='word_1_296' title='bbox 1603 2198 2061 2268; x_wconf 87' lang='lat' dir='ltr'>temperantiam</span> 
     </span>
    </p>
   </div>
   <div class='ocr_carea' id='block_1_41' title="bbox 406 2283 2058 2355">
    <p class='ocr_par' dir='ltr' id='par_1_41' title="bbox 406 2283 2058 2355">
     <span class='ocr_line' id='line_1_41' title="bbox 406 2283 2058 2355; baseline 0.005 -21"><span class='ocrx_word' id='word_1_297' title='bbox 406 2297 541 2334; x_wconf 90' lang='lat' dir='ltr'>cum</span> <span class='ocrx_word' id='word_1_298' title='bbox 573 2283 974 2349; x_wconf 87' lang='lat' dir='ltr'>sanctitate,et</span> <span class='ocrx_word' id='word_1_299' title='bbox 991 2283 1210 2338; x_wconf 90' lang='lat' dir='ltr'>bonam</span> <span class='ocrx_word' id='word_1_300' title='bbox 1234 2285 1634 2355; x_wconf 74' lang='lat' dir='ltr'>cognitionem</span> <span class='ocrx_word' id='word_1_301' title='bbox 1657 2301 1791 2339; x_wconf 91' lang='lat' dir='ltr'>cum</span> <span class='ocrx_word' id='word_1_302' title='bbox 1817 2284 2058 2342; x_wconf 85' lang='lat' dir='ltr'>veritate</span> 
     </span>
    </p>
   </div>
   <div class='ocr_carea' id='block_1_42' title="bbox 407 2367 2060 2444">
    <p class='ocr_par' dir='ltr' id='par_1_42' title="bbox 407 2367 2060 2444">
     <span class='ocr_line' id='line_1_42' title="bbox 407 2367 2060 2444; baseline 0.005 -22"><span class='ocrx_word' id='word_1_303' title='bbox 407 2367 908 2440; x_wconf 87' lang='lat' dir='ltr'>obsignet,omnia</span> <span class='ocrx_word' id='word_1_304' title='bbox 928 2372 1167 2428; x_wconf 90' lang='lat' dir='ltr'>demum</span> <span class='ocrx_word' id='word_1_305' title='bbox 1189 2373 1263 2427; x_wconf 92' lang='lat' dir='ltr'>ad</span> <span class='ocrx_word' id='word_1_306' title='bbox 1277 2374 1557 2444; x_wconf 87' lang='lat' dir='ltr'>pietatem</span> <span class='ocrx_word' id='word_1_307' title='bbox 1576 2374 1799 2444; x_wconf 91' lang='lat' dir='ltr'>Deique</span> <span class='ocrx_word' id='word_1_308' title='bbox 1833 2373 2060 2430; x_wconf 86' lang='lat' dir='ltr'>cultum</span> 
     </span>
    </p>
   </div>
   <div class='ocr_carea' id='block_1_43' title="bbox 410 2458 2056 2533">
    <p class='ocr_par' dir='ltr' id='par_1_43' title="bbox 410 2458 2056 2533">
     <span class='ocr_line' id='line_1_43' title="bbox 410 2458 2056 2533; baseline 0.005 -22"><span class='ocrx_word' id='word_1_309' title='bbox 410 2458 698 2525; x_wconf 84' lang='lat' dir='ltr'>referens;</span> <span class='ocrx_word' id='word_1_310' title='bbox 722 2459 805 2513; x_wconf 91' lang='lat' dir='ltr'>sic</span> <span class='ocrx_word' id='word_1_311' title='bbox 837 2461 997 2515; x_wconf 91' lang='lat' dir='ltr'>enim</span> <span class='ocrx_word' id='word_1_312' title='bbox 1029 2461 1242 2517; x_wconf 91' lang='lat' dir='ltr'>virtute</span> <span class='ocrx_word' id='word_1_313' title='bbox 1275 2462 1580 2517; x_wconf 90' lang='lat' dir='ltr'>utentibus</span> <span class='ocrx_word' id='word_1_314' title='bbox 1611 2463 1929 2533; x_wconf 89' lang='lat' dir='ltr'>prudentia</span> <span class='ocrx_word' id='word_1_315' title='bbox 1946 2469 2056 2532; x_wconf 89' lang='lat' dir='ltr'>est,</span> 
     </span>
    </p>
   </div>
   <div class='ocr_carea' id='block_1_44' title="bbox 407 2549 2062 2624">
    <p class='ocr_par' dir='ltr' id='par_1_44' title="bbox 407 2549 2062 2624">
     <span class='ocr_line' id='line_1_44' title="bbox 407 2549 2062 2624; baseline 0.004 -22"><span class='ocrx_word' id='word_1_316' title='bbox 407 2565 537 2619; x_wconf 83' lang='lat' dir='ltr'>quae</span> <span class='ocrx_word' id='word_1_317' title='bbox 560 2565 656 2603; x_wconf 88' lang='lat' dir='ltr'>res</span> <span class='ocrx_word' id='word_1_318' title='bbox 687 2549 958 2619; x_wconf 89' lang='lat' dir='ltr'>ordinat;</span> <span class='ocrx_word' id='word_1_319' title='bbox 984 2567 1052 2606; x_wconf 91' lang='lat' dir='ltr'>ac</span> <span class='ocrx_word' id='word_1_320' title='bbox 1075 2551 1305 2607; x_wconf 89' lang='lat' dir='ltr'>divinas</span> <span class='ocrx_word' id='word_1_321' title='bbox 1330 2552 1595 2622; x_wconf 89' lang='lat' dir='ltr'>quidem,</span> <span class='ocrx_word' id='word_1_322' title='bbox 1612 2554 1922 2624; x_wconf 88' lang='lat' dir='ltr'>sapientia;</span> <span class='ocrx_word' id='word_1_323' title='bbox 1949 2554 2062 2609; x_wconf 86' lang='lat' dir='ltr'>hu-</span> 
     </span>
    </p>
   </div>
   <div class='ocr_carea' id='block_1_45' title="bbox 406 2640 2059 2712">
    <p class='ocr_par' dir='ltr' id='par_1_45' title="bbox 406 2640 2059 2712">
     <span class='ocr_line' id='line_1_45' title="bbox 406 2640 2059 2712; baseline 0.005 -20"><span class='ocrx_word' id='word_1_324' title='bbox 406 2654 616 2694; x_wconf 88' lang='lat' dir='ltr'>manas</span> <span class='ocrx_word' id='word_1_325' title='bbox 672 2656 829 2708; x_wconf 86' lang='lat' dir='ltr'>vero,</span> <span class='ocrx_word' id='word_1_326' title='bbox 863 2640 1108 2712; x_wconf 90' lang='lat' dir='ltr'>politica</span> <span class='ocrx_word' id='word_1_327' title='bbox 1141 2659 1153 2710; x_wconf 91' lang='lat'><strong>;</strong></span> <span class='ocrx_word' id='word_1_328' title='bbox 1187 2643 1493 2698; x_wconf 87' lang='lat' dir='ltr'>universas</span> <span class='ocrx_word' id='word_1_329' title='bbox 1545 2650 1766 2711; x_wconf 89' lang='lat' dir='ltr'>autem,</span> <span class='ocrx_word' id='word_1_330' title='bbox 1809 2643 2059 2702; x_wconf 86' lang='lat' dir='ltr'>scientia</span> 
     </span>
    </p>
   </div>
   <div class='ocr_carea' id='block_1_46' title="bbox 404 2728 2056 2804">
    <p class='ocr_par' dir='ltr' id='par_1_46' title="bbox 404 2728 2056 2804">
     <span class='ocr_line' id='line_1_46' title="bbox 404 2728 2056 2804; baseline 0.004 -23"><span class='ocrx_word' id='word_1_331' title='bbox 404 2728 713 2799; x_wconf 87' lang='lat' dir='ltr'>regnandi.</span> <span class='ocrx_word' id='word_1_332' title='bbox 752 2731 869 2784; x_wconf 80' lang='lat' dir='ltr'>Rex</span> <span class='ocrx_word' id='word_1_333' title='bbox 902 2731 1168 2801; x_wconf 90' lang='lat' dir='ltr'>itaqueis</span> <span class='ocrx_word' id='word_1_334' title='bbox 1192 2737 1300 2799; x_wconf 89' lang='lat' dir='ltr'>est,</span> <span class='ocrx_word' id='word_1_335' title='bbox 1333 2733 1433 2802; x_wconf 89' lang='lat' dir='ltr'>qui</span> <span class='ocrx_word' id='word_1_336' title='bbox 1453 2733 1707 2804; x_wconf 86' lang='lat' dir='ltr'>imperat</span> <span class='ocrx_word' id='word_1_337' title='bbox 1729 2733 2056 2790; x_wconf 87' lang='lat' dir='ltr'>secundum</span> 
     </span>
    </p>
   </div>
   <div class='ocr_carea' id='block_1_47' title="bbox 404 2815 2054 2893">
    <p class='ocr_par' dir='ltr' id='par_1_47' title="bbox 404 2815 2054 2893">
     <span class='ocr_line' id='line_1_47' title="bbox 404 2815 2054 2893; baseline 0.008 -23"><span class='ocrx_word' id='word_1_338' title='bbox 404 2815 585 2889; x_wconf 86' lang='lat' dir='ltr'>leges,</span> <span class='ocrx_word' id='word_1_339' title='bbox 602 2818 955 2889; x_wconf 73' lang='lat' dir='ltr'>etpraaditus</span> <span class='ocrx_word' id='word_1_340' title='bbox 971 2826 1060 2874; x_wconf 92' lang='lat' dir='ltr'>est</span> <span class='ocrx_word' id='word_1_341' title='bbox 1081 2821 1328 2877; x_wconf 87' lang='lat' dir='ltr'>scientia</span> <span class='ocrx_word' id='word_1_342' title='bbox 1348 2822 1679 2893; x_wconf 86' lang='lat' dir='ltr'>imperandi</span> <span class='ocrx_word' id='word_1_343' title='bbox 1700 2823 2054 2884; x_wconf 79' lang='lat' dir='ltr'>volentibus;</span> 
     </span>
    </p>
   </div>
   <div class='ocr_carea' id='block_1_48' title="bbox 405 2906 2060 2983">
    <p class='ocr_par' dir='ltr' id='par_1_48' title="bbox 405 2906 2060 2983">
     <span class='ocr_line' id='line_1_48' title="bbox 405 2906 2060 2983; baseline 0.005 -23"><span class='ocrx_word' id='word_1_344' title='bbox 405 2906 740 2978; x_wconf 89' lang='lat' dir='ltr'>cujusmodi</span> <span class='ocrx_word' id='word_1_345' title='bbox 775 2913 865 2963; x_wconf 83' lang='lat' dir='ltr'>est</span> <span class='ocrx_word' id='word_1_346' title='bbox 895 2909 1205 2976; x_wconf 85' lang='lat' dir='ltr'>Dominus,</span> <span class='ocrx_word' id='word_1_347' title='bbox 1241 2911 1342 2980; x_wconf 91' lang='lat' dir='ltr'>qui</span> <span class='ocrx_word' id='word_1_348' title='bbox 1375 2927 1498 2977; x_wconf 89' lang='lat' dir='ltr'>eos,</span> <span class='ocrx_word' id='word_1_349' title='bbox 1531 2912 1631 2983; x_wconf 91' lang='lat' dir='ltr'>qui</span> <span class='ocrx_word' id='word_1_350' title='bbox 1678 2911 1740 2967; x_wconf 92' lang='lat' dir='ltr'>in</span> <span class='ocrx_word' id='word_1_351' title='bbox 1771 2913 1965 2983; x_wconf 89' lang='lat' dir='ltr'>ipsum</span> <span class='ocrx_word' id='word_1_352' title='bbox 2001 2918 2060 2968; x_wconf 90' lang='lat' dir='ltr'>et</span> 
     </span>
    </p>
   </div>
   <div class='ocr_carea' id='block_1_49' title="bbox 406 2997 2060 3069">
    <p class='ocr_par' dir='ltr' id='par_1_49' title="bbox 406 2997 2060 3069">
     <span class='ocr_line' id='line_1_49' title="bbox 406 2997 2060 3069; baseline 0.005 -18"><span class='ocrx_word' id='word_1_353' title='bbox 406 3014 512 3068; x_wconf 90' lang='lat' dir='ltr'>per</span> <span class='ocrx_word' id='word_1_354' title='bbox 536 2997 734 3069; x_wconf 87' lang='lat' dir='ltr'>ipsum</span> <span class='ocrx_word' id='word_1_355' title='bbox 765 2999 1034 3066; x_wconf 89' lang='lat' dir='ltr'>credunt,</span> <span class='ocrx_word' id='word_1_356' title='bbox 1074 3001 1353 3056; x_wconf 87' lang='lat' dir='ltr'>admittit.</span> <span class='ocrx_word' id='word_1_357' title='bbox 1386 3003 1597 3059; x_wconf 89' lang='lat' dir='ltr'>Omnia</span> <span class='ocrx_word' id='word_1_358' title='bbox 1623 3003 1781 3058; x_wconf 90' lang='lat' dir='ltr'>enim</span> <span class='ocrx_word' id='word_1_359' title='bbox 1814 3003 2060 3060; x_wconf 87' lang='lat' dir='ltr'>tradidit</span> 
     </span>
    </p>
   </div>
   <div class='ocr_carea' id='block_1_50' title="bbox 2170 1831 3840 1914">
    <p class='ocr_par' dir='ltr' id='par_1_50' title="bbox 2170 1831 3840 1914">
     <span class='ocr_line' id='line_1_50' title="bbox 2170 1831 3840 1914; baseline 0.001 -24"><span class='ocrx_word' id='word_1_360' title='bbox 2170 1837 2468 1908; x_wconf 83' lang='grc' dir='ltr'>ἀληθείας,</span> <span class='ocrx_word' id='word_1_361' title='bbox 2527 1837 2588 1892; x_wconf 90' lang='grc' dir='ltr'>τὸ</span> <span class='ocrx_word' id='word_1_362' title='bbox 2638 1835 2797 1900; x_wconf 71' lang='grc' dir='ltr'>τέλος</span> <span class='ocrx_word' id='word_1_363' title='bbox 2851 1837 2926 1898; x_wconf 85' lang='grc' dir='ltr'>εἷς</span> <span class='ocrx_word' id='word_1_364' title='bbox 2987 1831 3252 1892; x_wconf 78' lang='grc' dir='ltr'>εὗσὲὅειαν</span> <span class='ocrx_word' id='word_1_365' title='bbox 3317 1836 3592 1914; x_wconf 71' lang='grc' dir='ltr'>ἀναφέρων</span> <span class='ocrx_word' id='word_1_366' title='bbox 3655 1843 3840 1892; x_wconf 75' lang='grc' dir='ltr'>Θεοῦ·</span> 
     </span>
    </p>
   </div>
   <div class='ocr_carea' id='block_1_51' title="bbox 2167 1925 3845 2002">
    <p class='ocr_par' dir='ltr' id='par_1_51' title="bbox 2167 1925 3845 2002">
     <span class='ocr_line' id='line_1_51' title="bbox 2167 1925 3845 2002; baseline 0.001 -22"><span class='ocrx_word' id='word_1_367' title='bbox 2167 1925 2308 1981; x_wconf 71' lang='grc' dir='ltr'>οὕτω</span> <span class='ocrx_word' id='word_1_368' title='bbox 2337 1927 2438 2002; x_wconf 69' lang='grc' dir='ltr'>γὰρ</span> <span class='ocrx_word' id='word_1_369' title='bbox 2484 1929 2553 2000; x_wconf 78' lang='grc' dir='ltr'>τῇ</span> <span class='ocrx_word' id='word_1_370' title='bbox 2585 1927 2748 2000; x_wconf 78' lang='grc' dir='ltr'>ἀρετῇ</span> <span class='ocrx_word' id='word_1_371' title='bbox 2813 1927 3128 2001; x_wconf 65' lang='grc' dir='ltr'>χρωμένοις</span> <span class='ocrx_word' id='word_1_372' title='bbox 3178 1927 3442 2000; x_wconf 74' lang='grc' dir='ltr'>φρόνησις</span> <span class='ocrx_word' id='word_1_373' title='bbox 3474 1928 3509 1995; x_wconf 74' lang='grc' dir='ltr'><strong>ἡ</strong></span> <span class='ocrx_word' id='word_1_374' title='bbox 3537 1927 3845 1982; x_wconf 72' lang='grc' dir='ltr'>τάττουσά</span> 
     </span>
    </p>
   </div>
   <div class='ocr_carea' id='block_1_52' title="bbox 2166 2012 3844 2089">
    <p class='ocr_par' dir='ltr' id='par_1_52' title="bbox 2166 2012 3844 2089">
     <span class='ocr_line' id='line_1_52' title="bbox 2166 2012 3844 2089; baseline 0.001 -19"><span class='ocrx_word' id='word_1_375' title='bbox 2166 2014 2296 2070; x_wconf 69' lang='grc' dir='ltr'>ἔστι·</span> <span class='ocrx_word' id='word_1_376' title='bbox 2349 2015 2415 2070; x_wconf 71' lang='grc' dir='ltr'>τὰ</span> <span class='ocrx_word' id='word_1_377' title='bbox 2457 2012 2515 2070; x_wconf 75' lang='grc' dir='ltr'>δὲ</span> <span class='ocrx_word' id='word_1_378' title='bbox 2565 2021 2681 2079; x_wconf 87' lang='grc' dir='ltr'>θεῖα</span> <span class='ocrx_word' id='word_1_379' title='bbox 2709 2019 2745 2084; x_wconf 78' lang='grc' dir='ltr'><strong>ἡ</strong></span> <span class='ocrx_word' id='word_1_380' title='bbox 2779 2016 2960 2089; x_wconf 72' lang='grc' dir='ltr'>σοφία·</span> <span class='ocrx_word' id='word_1_381' title='bbox 3009 2020 3078 2069; x_wconf 77' lang='grc' dir='ltr'>τὰ</span> <span class='ocrx_word' id='word_1_382' title='bbox 3125 2015 3435 2089; x_wconf 80' lang='grc' dir='ltr'>ἀνθρώπεια</span> <span class='ocrx_word' id='word_1_383' title='bbox 3486 2012 3542 2069; x_wconf 80' lang='grc' dir='ltr'>δὶ</span> <span class='ocrx_word' id='word_1_384' title='bbox 3574 2017 3611 2084; x_wconf 79' lang='grc' dir='ltr'>ἡ</span> <span class='ocrx_word' id='word_1_385' title='bbox 3645 2016 3844 2071; x_wconf 83' lang='grc' dir='ltr'>πολι-</span> 
     </span>
    </p>
   </div>
   <div class='ocr_carea' id='block_1_53' title="bbox 2163 2102 3848 2180">
    <p class='ocr_par' dir='ltr' id='par_1_53' title="bbox 2163 2102 3848 2180">
     <span class='ocr_line' id='line_1_53' title="bbox 2163 2102 3848 2180; baseline 0.001 -22"><span class='ocrx_word' id='word_1_386' title='bbox 2163 2107 2310 2174; x_wconf 76' lang='grc' dir='ltr'>τική·</span> <span class='ocrx_word' id='word_1_387' title='bbox 2336 2105 2619 2177; x_wconf 79' lang='grc' dir='ltr'>σύμπαντα</span> <span class='ocrx_word' id='word_1_388' title='bbox 2649 2102 2706 2160; x_wconf 65' lang='grc' dir='ltr'>δὲ</span> <span class='ocrx_word' id='word_1_389' title='bbox 2733 2108 2768 2174; x_wconf 83' lang='grc' dir='ltr'>ἡ</span> <span class='ocrx_word' id='word_1_390' title='bbox 2806 2103 3089 2180; x_wconf 73' lang='grc' dir='ltr'>βασιλική.</span> <span class='ocrx_word' id='word_1_391' title='bbox 3143 2102 3405 2166; x_wconf 74' lang='grc' dir='ltr'>Βασιλεὺς</span> <span class='ocrx_word' id='word_1_392' title='bbox 3458 2105 3639 2158; x_wconf 84' lang='grc' dir='ltr'>τοίνυν</span> <span class='ocrx_word' id='word_1_393' title='bbox 3675 2103 3848 2160; x_wconf 70' lang='grc' dir='ltr'>ἐστὶν</span> 
     </span>
    </p>
   </div>
   <div class='ocr_carea' id='block_1_54' title="bbox 2165 2192 3844 2269">
    <p class='ocr_par' dir='ltr' id='par_1_54' title="bbox 2165 2192 3844 2269">
     <span class='ocr_line' id='line_1_54' title="bbox 2165 2192 3844 2269; baseline 0 -21"><span class='ocrx_word' id='word_1_394' title='bbox 2165 2195 2192 2248; x_wconf 85' lang='grc' dir='ltr'>ὁ</span> <span class='ocrx_word' id='word_1_395' title='bbox 2225 2195 2410 2268; x_wconf 75' lang='grc' dir='ltr'>ἅρχων</span> <span class='ocrx_word' id='word_1_396' title='bbox 2444 2196 2581 2249; x_wconf 81' lang='grc' dir='ltr'>κατᾶ</span> <span class='ocrx_word' id='word_1_397' title='bbox 2608 2193 2833 2264; x_wconf 87' lang='grc' dir='ltr'>νόμους,</span> <span class='ocrx_word' id='word_1_398' title='bbox 2868 2195 2897 2248; x_wconf 84' lang='grc' dir='ltr'><strong>ὁ</strong></span> <span class='ocrx_word' id='word_1_399' title='bbox 2919 2196 3018 2264; x_wconf 76' lang='grc' dir='ltr'>τὴν</span> <span class='ocrx_word' id='word_1_400' title='bbox 3051 2198 3148 2248; x_wconf 91' lang='grc' dir='ltr'>τοῦ</span> <span class='ocrx_word' id='word_1_401' title='bbox 3177 2192 3365 2269; x_wconf 84' lang='grc' dir='ltr'>ἄρχειν</span> <span class='ocrx_word' id='word_1_402' title='bbox 3418 2194 3650 2248; x_wconf 66' lang='grc' dir='ltr'>ἑκόντων</span> <span class='ocrx_word' id='word_1_403' title='bbox 3691 2194 3844 2249; x_wconf 81' lang='grc' dir='ltr'>ἐπι-</span> 
     </span>
    </p>
   </div>
   <div class='ocr_carea' id='block_1_55' title="bbox 2165 2278 3844 2358">
    <p class='ocr_par' dir='ltr' id='par_1_55' title="bbox 2165 2278 3844 2358">
     <span class='ocr_line' id='line_1_55' title="bbox 2165 2278 3844 2358; baseline -0.001 -19"><span class='ocrx_word' id='word_1_404' title='bbox 2165 2285 2379 2355; x_wconf 74' lang='grc' dir='ltr'>στήμην</span> <span class='ocrx_word' id='word_1_405' title='bbox 2411 2281 2578 2358; x_wconf 79' lang='grc' dir='ltr'>ἔχων·</span> <span class='ocrx_word' id='word_1_406' title='bbox 2616 2278 2731 2346; x_wconf 78' lang='grc' dir='ltr'>οἷός</span> <span class='ocrx_word' id='word_1_407' title='bbox 2761 2282 2902 2338; x_wconf 64' lang='grc' dir='ltr'>ἔστιν</span> <span class='ocrx_word' id='word_1_408' title='bbox 2936 2287 2964 2337; x_wconf 80' lang='grc' dir='ltr'>ὁ</span> <span class='ocrx_word' id='word_1_409' title='bbox 2999 2282 3196 2356; x_wconf 80' lang='grc' dir='ltr'>Κύριος</span> <span class='ocrx_word' id='word_1_410' title='bbox 3220 2325 3235 2350; x_wconf 91' lang='grc'>,</span> <span class='ocrx_word' id='word_1_411' title='bbox 3265 2283 3390 2344; x_wconf 82' lang='grc' dir='ltr'>τοὺς</span> <span class='ocrx_word' id='word_1_412' title='bbox 3419 2281 3494 2343; x_wconf 74' lang='grc' dir='ltr'>εἰς</span> <span class='ocrx_word' id='word_1_413' title='bbox 3526 2281 3698 2337; x_wconf 81' lang='grc' dir='ltr'>αὐτόν</span> <span class='ocrx_word' id='word_1_414' title='bbox 3740 2285 3844 2338; x_wconf 69' lang='grc' dir='ltr'>καὶ</span> 
     </span>
    </p>
   </div>
   <div class='ocr_carea' id='block_1_56' title="bbox 2164 2369 3844 2446">
    <p class='ocr_par' dir='ltr' id='par_1_56' title="bbox 2164 2369 3844 2446">
     <span class='ocr_line' id='line_1_56' title="bbox 2164 2369 3844 2446; baseline 0.002 -19"><span class='ocrx_word' id='word_1_415' title='bbox 2164 2369 2234 2427; x_wconf 88' lang='grc' dir='ltr'>δι’</span> <span class='ocrx_word' id='word_1_416' title='bbox 2289 2369 2451 2427; x_wconf 76' lang='grc' dir='ltr'>ἇῦτοῦ</span> <span class='ocrx_word' id='word_1_417' title='bbox 2507 2393 2857 2434; x_wconf 61' lang='grc' dir='ltr'>πιστευοιτας</span> <span class='ocrx_word' id='word_1_418' title='bbox 2915 2372 3244 2446; x_wconf 77' lang='grc' dir='ltr'>προῖἑμενος</span> <span class='ocrx_word' id='word_1_419' title='bbox 3301 2374 3432 2445; x_wconf 83' lang='grc'>(37).</span> <span class='ocrx_word' id='word_1_420' title='bbox 3469 2375 3654 2427; x_wconf 75' lang='grc' dir='ltr'>Πάντα</span> <span class='ocrx_word' id='word_1_421' title='bbox 3709 2377 3844 2446; x_wconf 73' lang='grc'>(38)</span> 
     </span>
    </p>
   </div>
   <div class='ocr_carea' id='block_1_57' title="bbox 2161 2458 3845 2535">
    <p class='ocr_par' dir='ltr' id='par_1_57' title="bbox 2161 2458 3845 2535">
     <span class='ocr_line' id='line_1_57' title="bbox 2161 2458 3845 2535; baseline 0.002 -21"><span class='ocrx_word' id='word_1_422' title='bbox 2161 2462 2262 2535; x_wconf 81' lang='grc' dir='ltr'>γὰρ</span> <span class='ocrx_word' id='word_1_423' title='bbox 2319 2458 2626 2535; x_wconf 71' lang='grc' dir='ltr'>παρέδωκεν</span> <span class='ocrx_word' id='word_1_424' title='bbox 2657 2462 2685 2516; x_wconf 87' lang='grc' dir='ltr'>ὁ</span> <span class='ocrx_word' id='word_1_425' title='bbox 2716 2461 2865 2529; x_wconf 84' lang='grc' dir='ltr'>Θεὸς,</span> <span class='ocrx_word' id='word_1_426' title='bbox 2923 2461 3014 2515; x_wconf 81' lang='grc' dir='ltr'>καὶ</span> <span class='ocrx_word' id='word_1_427' title='bbox 3070 2461 3244 2516; x_wconf 75' lang='grc' dir='ltr'>πάντα</span> <span class='ocrx_word' id='word_1_428' title='bbox 3299 2460 3518 2530; x_wconf 76' lang='grc' dir='ltr'>ὑπέταξε</span> <span class='ocrx_word' id='word_1_429' title='bbox 3562 2463 3845 2534; x_wconf 77' lang='grc' dir='ltr'>Χριστῷ,</span> 
     </span>
    </p>
   </div>
   <div class='ocr_carea' id='block_1_58' title="bbox 2160 2547 3842 2624">
    <p class='ocr_par' dir='ltr' id='par_1_58' title="bbox 2160 2547 3842 2624">
     <span class='ocr_line' id='line_1_58' title="bbox 2160 2547 3842 2624; baseline -0.001 -20"><span class='ocrx_word' id='word_1_430' title='bbox 2160 2553 2237 2618; x_wconf 80' lang='grc' dir='ltr'>τῷ</span> <span class='ocrx_word' id='word_1_431' title='bbox 2269 2547 2485 2624; x_wconf 82' lang='grc' dir='ltr'>βασιλεῖ</span> <span class='ocrx_word' id='word_1_432' title='bbox 2532 2551 2714 2621; x_wconf 79' lang='grc' dir='ltr'>ἡμῶν·</span> <span class='ocrx_word' id='word_1_433' title='bbox 2765 2549 2915 2604; x_wconf 80' lang='grc' dir='ltr'>«ἳνα</span> <span class='ocrx_word' id='word_1_434' title='bbox 2962 2547 3012 2604; x_wconf 77' lang='grc' dir='ltr'>ἐν</span> <span class='ocrx_word' id='word_1_435' title='bbox 3061 2553 3141 2621; x_wconf 81' lang='grc' dir='ltr'>τῷ</span> <span class='ocrx_word' id='word_1_436' title='bbox 3185 2549 3411 2622; x_wconf 72' lang='grc' dir='ltr'>ὀνόματι</span> <span class='ocrx_word' id='word_1_437' title='bbox 3471 2550 3654 2618; x_wconf 79' lang='grc' dir='ltr'>Ἰησοῦ</span> <span class='ocrx_word' id='word_1_438' title='bbox 3715 2557 3842 2605; x_wconf 71' lang='grc' dir='ltr'>πᾶν</span> 
     </span>
    </p>
   </div>
   <div class='ocr_carea' id='block_1_59' title="bbox 2160 2635 3843 2714">
    <p class='ocr_par' dir='ltr' id='par_1_59' title="bbox 2160 2635 3843 2714">
     <span class='ocr_line' id='line_1_59' title="bbox 2160 2635 3843 2714; baseline 0.004 -24"><span class='ocrx_word' id='word_1_439' title='bbox 2160 2636 2289 2712; x_wconf 88' lang='grc' dir='ltr'>γόνυ</span> <span class='ocrx_word' id='word_1_440' title='bbox 2315 2639 2530 2712; x_wconf 78' lang='grc' dir='ltr'>κάμψῃ,</span> <span class='ocrx_word' id='word_1_441' title='bbox 2565 2635 2922 2710; x_wconf 80' lang='grc' dir='ltr'>ἐπουρανίων,</span> <span class='ocrx_word' id='word_1_442' title='bbox 2953 2637 3043 2691; x_wconf 75' lang='grc' dir='ltr'>καὶ</span> <span class='ocrx_word' id='word_1_443' title='bbox 3075 2636 3348 2714; x_wconf 73' lang='grc' dir='ltr'>ἆπιγείων,</span> <span class='ocrx_word' id='word_1_444' title='bbox 3396 2637 3484 2692; x_wconf 80' lang='grc' dir='ltr'>καὶ</span> <span class='ocrx_word' id='word_1_445' title='bbox 3531 2651 3843 2713; x_wconf 75' lang='grc' dir='ltr'>καταχθο-</span> 
     </span>
    </p>
   </div>
   <div class='ocr_carea' id='block_1_60' title="bbox 2161 2725 3846 2802">
    <p class='ocr_par' dir='ltr' id='par_1_60' title="bbox 2161 2725 3846 2802">
     <span class='ocr_line' id='line_1_60' title="bbox 2161 2725 3846 2802; baseline 0.003 -23"><span class='ocrx_word' id='word_1_446' title='bbox 2161 2727 2310 2782; x_wconf 87' lang='grc' dir='ltr'>νίων·</span> <span class='ocrx_word' id='word_1_447' title='bbox 2343 2729 2430 2781; x_wconf 79' lang='grc' dir='ltr'>καὶ</span> <span class='ocrx_word' id='word_1_448' title='bbox 2479 2734 2622 2782; x_wconf 84' lang='grc' dir='ltr'>πᾶσα</span> <span class='ocrx_word' id='word_1_449' title='bbox 2659 2725 2885 2800; x_wconf 82' lang='grc' dir='ltr'>γλῶσσα</span> <span class='ocrx_word' id='word_1_450' title='bbox 2939 2725 3436 2802; x_wconf 76' lang='grc' dir='ltr'>ἐξομολογήσηται,</span> <span class='ocrx_word' id='word_1_451' title='bbox 3481 2725 3563 2782; x_wconf 73' lang='grc' dir='ltr'>ὅτι</span> <span class='ocrx_word' id='word_1_452' title='bbox 3610 2728 3846 2799; x_wconf 72' lang='grc' dir='ltr'>Κύριος</span> 
     </span>
    </p>
   </div>
   <div class='ocr_carea' id='block_1_61' title="bbox 2164 2813 3846 2891">
    <p class='ocr_par' dir='ltr' id='par_1_61' title="bbox 2164 2813 3846 2891">
     <span class='ocr_line' id='line_1_61' title="bbox 2164 2813 3846 2891; baseline 0.001 -19"><span class='ocrx_word' id='word_1_453' title='bbox 2164 2817 2372 2885; x_wconf 80' lang='grc' dir='ltr'>Ἰησοῦς</span> <span class='ocrx_word' id='word_1_454' title='bbox 2405 2817 2636 2891; x_wconf 88' lang='grc' dir='ltr'>Χριστὸς</span> <span class='ocrx_word' id='word_1_455' title='bbox 2668 2816 2746 2878; x_wconf 75' lang='grc' dir='ltr'>εἶς</span> <span class='ocrx_word' id='word_1_456' title='bbox 2776 2813 2930 2889; x_wconf 80' lang='grc' dir='ltr'>δόξαν</span> <span class='ocrx_word' id='word_1_457' title='bbox 2985 2819 3118 2871; x_wconf 89' lang='grc' dir='ltr'>Θεοῦ</span> <span class='ocrx_word' id='word_1_458' title='bbox 3164 2816 3397 2890; x_wconf 86' lang='grc' dir='ltr'>Πατρός.</span> <span class='ocrx_word' id='word_1_459' title='bbox 3429 2840 3457 2866; x_wconf 71' lang='grc' dir='ltr'>υ</span> <span class='ocrx_word' id='word_1_460' title='bbox 3514 2813 3720 2877; x_wconf 56' lang='lat' dir='ltr'>nam:</span> <span class='ocrx_word' id='word_1_461' title='bbox 3777 2815 3846 2874; x_wconf 64' lang='grc' dir='ltr'>δὲ</span> 
     </span>
    </p>
   </div>
   <div class='ocr_carea' id='block_1_62' title="bbox 2165 2901 3845 2982">
    <p class='ocr_par' dir='ltr' id='par_1_62' title="bbox 2165 2901 3845 2982">
     <span class='ocr_line' id='line_1_62' title="bbox 2165 2901 3845 2982; baseline 0.001 -22"><span class='ocrx_word' id='word_1_462' title='bbox 2165 2904 2404 2980; x_wconf 77' lang='grc' dir='ltr'>ἐνέχεται</span> <span class='ocrx_word' id='word_1_463' title='bbox 2435 2906 2498 2960; x_wconf 86' lang='grc' dir='ltr'>τὸ</span> <span class='ocrx_word' id='word_1_464' title='bbox 2529 2907 2895 2980; x_wconf 71' lang='grc' dir='ltr'>στρατήγημα</span> <span class='ocrx_word' id='word_1_465' title='bbox 2939 2904 3137 2980; x_wconf 83' lang='grc' dir='ltr'>τρισὶν,</span> <span class='ocrx_word' id='word_1_466' title='bbox 3193 2903 3444 2982; x_wconf 75' lang='grc' dir='ltr'>ἀσφαλεῖ,</span> <span class='ocrx_word' id='word_1_467' title='bbox 3475 2901 3845 2981; x_wconf 73' lang='grc' dir='ltr'>παραϐόλῳ,</span> 
     </span>
    </p>
   </div>
   <div class='ocr_carea' id='block_1_63' title="bbox 2164 2991 3842 3065">
    <p class='ocr_par' dir='ltr' id='par_1_63' title="bbox 2164 2991 3842 3065">
     <span class='ocr_line' id='line_1_63' title="bbox 2164 2991 3842 3065; baseline 0.002 -17"><span class='ocrx_word' id='word_1_468' title='bbox 2164 2995 2254 3048; x_wconf 84' lang='grc' dir='ltr'>καὶ</span> <span class='ocrx_word' id='word_1_469' title='bbox 2284 2999 2363 3065; x_wconf 80' lang='grc' dir='ltr'>τῷ</span> <span class='ocrx_word' id='word_1_470' title='bbox 2395 2993 2453 3049; x_wconf 77' lang='grc' dir='ltr'>ἰκ</span> <span class='ocrx_word' id='word_1_471' title='bbox 2504 2993 2712 3049; x_wconf 72' lang='grc' dir='ltr'>τούτων</span> <span class='ocrx_word' id='word_1_472' title='bbox 2773 2995 2972 3065; x_wconf 76' lang='grc' dir='ltr'>μικτῷ·</span> <span class='ocrx_word' id='word_1_473' title='bbox 3008 2994 3304 3058; x_wconf 78' lang='grc' dir='ltr'>συντίθεται</span> <span class='ocrx_word' id='word_1_474' title='bbox 3357 2991 3414 3048; x_wconf 73' lang='grc' dir='ltr'>δὲ</span> <span class='ocrx_word' id='word_1_475' title='bbox 3440 2993 3650 3048; x_wconf 76' lang='grc' dir='ltr'>τούτων</span> <span class='ocrx_word' id='word_1_476' title='bbox 3684 2993 3842 3051; x_wconf 67' lang='grc' dir='ltr'>’ἔδεαι-</span> 
     </span>
    </p>
   </div>
   <div class='ocr_carea' id='block_1_64' title="bbox 406 3080 2048 3189">
    <p class='ocr_par' dir='ltr' id='par_1_64' title="bbox 406 3087 2048 3165">
     <span class='ocr_line' id='line_1_64' title="bbox 406 3087 2048 3165; baseline 0.004 -23"><span class='ocrx_word' id='word_1_477' title='bbox 406 3087 578 3151; x_wconf 90' lang='lat' dir='ltr'>Deus,</span> <span class='ocrx_word' id='word_1_478' title='bbox 614 3094 673 3143; x_wconf 90' lang='lat' dir='ltr'>et</span> <span class='ocrx_word' id='word_1_479' title='bbox 702 3089 902 3144; x_wconf 91' lang='lat' dir='ltr'>omnia</span> <span class='ocrx_word' id='word_1_480' title='bbox 941 3091 1170 3146; x_wconf 87' lang='lat' dir='ltr'>Christo</span> <span class='ocrx_word' id='word_1_481' title='bbox 1223 3091 1478 3162; x_wconf 85' lang='lat' dir='ltr'>subjecit</span> <span class='ocrx_word' id='word_1_482' title='bbox 1505 3093 1626 3165; x_wconf 88' lang='lat' dir='ltr'>regi</span> <span class='ocrx_word' id='word_1_483' title='bbox 1660 3098 1882 3160; x_wconf 88' lang='lat' dir='ltr'>nostro,</span> <span class='ocrx_word' id='word_1_484' title='bbox 1917 3115 1944 3141; x_wconf 87' lang='grc'><strong><em>‹‹</em></strong></span> <span class='ocrx_word' id='word_1_485' title='bbox 1988 3097 2048 3148; x_wconf 89' lang='lat' dir='ltr'>ut</span> 
     </span>
    </p>
   </div>
   <div class='ocr_carea' id='block_1_65' title="bbox 2157 3080 3844 3189">
    <p class='ocr_par' dir='ltr' id='par_1_65' title="bbox 2165 3080 3844 3189">
     <span class='ocr_line' id='line_1_65' title="bbox 2165 3080 3844 3159; baseline 0.002 -21"><span class='ocrx_word' id='word_1_486' title='bbox 2165 3103 2286 3138; x_wconf 89' lang='grc' dir='ltr'>στον</span> <span class='ocrx_word' id='word_1_487' title='bbox 2333 3083 2391 3138; x_wconf 85' lang='grc' dir='ltr'>ἐκ</span> <span class='ocrx_word' id='word_1_488' title='bbox 2433 3089 2624 3157; x_wconf 79' lang='grc' dir='ltr'>τριῶν,</span> <span class='ocrx_word' id='word_1_489' title='bbox 2656 3084 2689 3148; x_wconf 73' lang='grc' dir='ltr'><strong>ἢ</strong></span> <span class='ocrx_word' id='word_1_490' title='bbox 2725 3080 2814 3138; x_wconf 77' lang='grc' dir='ltr'>διὰ</span> <span class='ocrx_word' id='word_1_491' title='bbox 2862 3082 3051 3159; x_wconf 86' lang='grc' dir='ltr'>λόγου,</span> <span class='ocrx_word' id='word_1_492' title='bbox 3091 3081 3127 3152; x_wconf 74' lang='grc' dir='ltr'>ἢ</span> <span class='ocrx_word' id='word_1_493' title='bbox 3179 3080 3248 3136; x_wconf 87' lang='grc' dir='ltr'>δι’</span> <span class='ocrx_word' id='word_1_494' title='bbox 3297 3080 3488 3158; x_wconf 70' lang='grc' dir='ltr'>ἔργων,</span> <span class='ocrx_word' id='word_1_495' title='bbox 3528 3081 3566 3152; x_wconf 75' lang='grc' dir='ltr'>ἢ</span> <span class='ocrx_word' id='word_1_496' title='bbox 3598 3084 3698 3138; x_wconf 82' lang='grc' dir='ltr'>καὶ</span> <span class='ocrx_word' id='word_1_497' title='bbox 3760 3083 3844 3141; x_wconf 81' lang='grc' dir='ltr'>δι’</span> 
     </span>
     <span class='ocr_line' id='line_1_66' title="bbox 2176 3169 3720 3189; baseline 0 0"><span class='ocrx_word' id='word_1_498' title='bbox 2176 3172 2188 3182; x_wconf 80' lang='lat'><strong>-</strong></span> <span class='ocrx_word' id='word_1_499' title='bbox 2358 3172 2367 3189; x_wconf 82' lang='lat'>.</span> <span class='ocrx_word' id='word_1_500' title='bbox 2555 3173 2580 3189; x_wconf 70' lang='grc' dir='ltr'>ρ.</span> <span class='ocrx_word' id='word_1_501' title='bbox 2789 3175 2801 3189; x_wconf 83' lang='grc'>,</span> <span class='ocrx_word' id='word_1_502' title='bbox 3009 3177 3046 3189; x_wconf 69' lang='grc' dir='ltr'>η,</span> <span class='ocrx_word' id='word_1_503' title='bbox 3086 3176 3111 3187; x_wconf 85' lang='grc'>..</span> <span class='ocrx_word' id='word_1_504' title='bbox 3247 3169 3290 3189; x_wconf 59' lang='grc' dir='ltr'>εις</span> <span class='ocrx_word' id='word_1_505' title='bbox 3365 3171 3377 3187; x_wconf 67' lang='grc' dir='ltr'>ν</span> <span class='ocrx_word' id='word_1_506' title='bbox 3446 3173 3454 3186; x_wconf 74' lang='grc' dir='ltr'>ι</span> <span class='ocrx_word' id='word_1_507' title='bbox 3502 3172 3521 3189; x_wconf 62' lang='grc' dir='ltr'>ν</span> <span class='ocrx_word' id='word_1_508' title='bbox 3707 3175 3720 3188; x_wconf 87' lang='grc'><strong><em>.</em></strong></span> 
     </span>
    </p>
   </div>
   <div class='ocr_carea' id='block_1_66' title="bbox 405 3173 2048 3250">
    <p class='ocr_par' dir='ltr' id='par_1_66' title="bbox 405 3173 2048 3250">
     <span class='ocr_line' id='line_1_67' title="bbox 405 3173 2048 3250; baseline 0.004 -23"><span class='ocrx_word' id='word_1_509' title='bbox 405 3173 466 3227; x_wconf 92' lang='lat' dir='ltr'>in</span> <span class='ocrx_word' id='word_1_510' title='bbox 501 3176 742 3230; x_wconf 90' lang='lat' dir='ltr'>nomine</span> <span class='ocrx_word' id='word_1_511' title='bbox 771 3178 906 3232; x_wconf 85' lang='lat' dir='ltr'>Jesu</span> <span class='ocrx_word' id='word_1_512' title='bbox 938 3194 1113 3233; x_wconf 90' lang='lat' dir='ltr'>omne</span> <span class='ocrx_word' id='word_1_513' title='bbox 1157 3194 1312 3250; x_wconf 87' lang='lat' dir='ltr'>genu</span> <span class='ocrx_word' id='word_1_514' title='bbox 1355 3179 1649 3246; x_wconf 87' lang='lat' dir='ltr'>ﬂectatur,</span> <span class='ocrx_word' id='word_1_515' title='bbox 1696 3180 2048 3247; x_wconf 72' lang='lat' dir='ltr'>cmlestium,</span> 
     </span>
    </p>
   </div>
   <div class='ocr_carea' id='block_1_67' title="bbox 404 3266 2056 3341">
    <p class='ocr_par' dir='ltr' id='par_1_67' title="bbox 404 3266 2056 3341">
     <span class='ocr_line' id='line_1_68' title="bbox 404 3266 2056 3341; baseline 0.005 -26"><span class='ocrx_word' id='word_1_516' title='bbox 404 3266 796 3332; x_wconf 88' lang='lat' dir='ltr'>terrestrium,</span> <span class='ocrx_word' id='word_1_517' title='bbox 829 3272 889 3322; x_wconf 91' lang='lat' dir='ltr'>et</span> <span class='ocrx_word' id='word_1_518' title='bbox 918 3266 1285 3323; x_wconf 85' lang='lat' dir='ltr'>infernorum</span> <span class='ocrx_word' id='word_1_519' title='bbox 1310 3285 1324 3333; x_wconf 89' lang='lat'><strong>;</strong></span> <span class='ocrx_word' id='word_1_520' title='bbox 1357 3269 1626 3324; x_wconf 89' lang='lat' dir='ltr'>etomnis</span> <span class='ocrx_word' id='word_1_521' title='bbox 1644 3269 1847 3341; x_wconf 89' lang='lat' dir='ltr'>lingua</span> <span class='ocrx_word' id='word_1_522' title='bbox 1875 3268 2056 3324; x_wconf 80' lang='lat' dir='ltr'>conﬁ-</span> 
     </span>
    </p>
   </div>
   <div class='ocr_carea' id='block_1_68' title="bbox 405 3355 2056 3431">
    <p class='ocr_par' dir='ltr' id='par_1_68' title="bbox 405 3355 2056 3431">
     <span class='ocr_line' id='line_1_69' title="bbox 405 3355 2056 3431; baseline 0.005 -26"><span class='ocrx_word' id='word_1_523' title='bbox 405 3356 616 3418; x_wconf 90' lang='lat' dir='ltr'>teatur,</span> <span class='ocrx_word' id='word_1_524' title='bbox 678 3355 836 3424; x_wconf 89' lang='lat' dir='ltr'>quod</span> <span class='ocrx_word' id='word_1_525' title='bbox 909 3357 1192 3412; x_wconf 89' lang='lat' dir='ltr'>Dominus</span> <span class='ocrx_word' id='word_1_526' title='bbox 1265 3359 1434 3412; x_wconf 82' lang='lat' dir='ltr'>Jesus</span> <span class='ocrx_word' id='word_1_527' title='bbox 1493 3359 1762 3413; x_wconf 89' lang='lat' dir='ltr'>Christus</span> <span class='ocrx_word' id='word_1_528' title='bbox 1811 3360 1872 3412; x_wconf 90' lang='lat' dir='ltr'>in</span> <span class='ocrx_word' id='word_1_529' title='bbox 1929 3359 2056 3431; x_wconf 87' lang='lat' dir='ltr'>glo-</span> 
     </span>
    </p>
   </div>
   <div class='ocr_carea' id='block_1_69' title="bbox 403 3441 2053 3518">
    <p class='ocr_par' dir='ltr' id='par_1_69' title="bbox 403 3441 2053 3518">
     <span class='ocr_line' id='line_1_70' title="bbox 403 3441 2053 3518; baseline 0.005 -24"><span class='ocrx_word' id='word_1_530' title='bbox 403 3441 554 3496; x_wconf 75' lang='lat' dir='ltr'>ria‘m</span> <span class='ocrx_word' id='word_1_531' title='bbox 590 3443 688 3496; x_wconf 90' lang='lat' dir='ltr'>Dei</span> <span class='ocrx_word' id='word_1_532' title='bbox 734 3444 924 3498; x_wconf 91' lang='lat' dir='ltr'>Patris</span> <span class='ocrx_word' id='word_1_533' title='bbox 963 3447 1056 3515; x_wconf 90' lang='lat' dir='ltr'>(a).</span> <span class='ocrx_word' id='word_1_534' title='bbox 1098 3468 1124 3494; x_wconf 86' lang='lat'><strong>»</strong></span> <span class='ocrx_word' id='word_1_535' title='bbox 1162 3448 1271 3501; x_wconf 76' lang='lat' dir='ltr'>Ars</span> <span class='ocrx_word' id='word_1_536' title='bbox 1311 3464 1484 3518; x_wconf 88' lang='lat' dir='ltr'>porro</span> <span class='ocrx_word' id='word_1_537' title='bbox 1520 3447 1904 3518; x_wconf 89' lang='lat' dir='ltr'>imperatoria</span> <span class='ocrx_word' id='word_1_538' title='bbox 1950 3449 2053 3502; x_wconf 90' lang='lat' dir='ltr'>tri-</span> 
     </span>
    </p>
   </div>
   <div class='ocr_carea' id='block_1_70' title="bbox 405 3529 2054 3604">
    <p class='ocr_par' dir='ltr' id='par_1_70' title="bbox 405 3529 2054 3604">
     <span class='ocr_line' id='line_1_71' title="bbox 405 3529 2054 3604; baseline 0.005 -22"><span class='ocrx_word' id='word_1_539' title='bbox 405 3529 514 3582; x_wconf 88' lang='lat' dir='ltr'>bus</span> <span class='ocrx_word' id='word_1_540' title='bbox 532 3531 873 3587; x_wconf 87' lang='lat' dir='ltr'>continetur</span> <span class='ocrx_word' id='word_1_541' title='bbox 894 3535 1204 3604; x_wconf 89' lang='lat' dir='ltr'>speciebus</span> <span class='ocrx_word' id='word_1_542' title='bbox 1223 3553 1235 3589; x_wconf 89' lang='lat'><strong>:</strong></span> <span class='ocrx_word' id='word_1_543' title='bbox 1256 3537 1550 3599; x_wconf 91' lang='lat' dir='ltr'>cautione,</span> <span class='ocrx_word' id='word_1_544' title='bbox 1568 3536 1834 3604; x_wconf 88' lang='lat' dir='ltr'>audacia,</span> <span class='ocrx_word' id='word_1_545' title='bbox 1856 3543 1913 3590; x_wconf 92' lang='lat' dir='ltr'>et</span> <span class='ocrx_word' id='word_1_546' title='bbox 1934 3543 2054 3591; x_wconf 91' lang='lat' dir='ltr'>ter-</span> 
     </span>
    </p>
   </div>
   <div class='ocr_carea' id='block_1_71' title="bbox 406 3616 2049 3696">
    <p class='ocr_par' dir='ltr' id='par_1_71' title="bbox 406 3616 2049 3696">
     <span class='ocr_line' id='line_1_72' title="bbox 406 3616 2049 3696; baseline 0.007 -27"><span class='ocrx_word' id='word_1_547' title='bbox 406 3616 504 3683; x_wconf 90' lang='lat' dir='ltr'>tia,</span> <span class='ocrx_word' id='word_1_548' title='bbox 536 3635 665 3689; x_wconf 63' lang='lat' dir='ltr'>quae</span> <span class='ocrx_word' id='word_1_549' title='bbox 698 3636 769 3674; x_wconf 83' lang='lat' dir='ltr'>ex</span> <span class='ocrx_word' id='word_1_550' title='bbox 797 3622 1065 3693; x_wconf 90' lang='lat' dir='ltr'>utrisque</span> <span class='ocrx_word' id='word_1_551' title='bbox 1093 3624 1268 3679; x_wconf 89' lang='lat' dir='ltr'>mista</span> <span class='ocrx_word' id='word_1_552' title='bbox 1299 3631 1407 3679; x_wconf 88' lang='lat' dir='ltr'>est.</span> <span class='ocrx_word' id='word_1_553' title='bbox 1443 3627 1822 3696; x_wconf 63' lang='lat' dir='ltr'>Unaquaeque</span> <span class='ocrx_word' id='word_1_554' title='bbox 1853 3631 2049 3680; x_wconf 89' lang='lat' dir='ltr'>autem</span> 
     </span>
    </p>
   </div>
   <div class='ocr_carea' id='block_1_72' title="bbox 408 3709 2046 3786">
    <p class='ocr_par' dir='ltr' id='par_1_72' title="bbox 408 3709 2046 3786">
     <span class='ocr_line' id='line_1_73' title="bbox 408 3709 2046 3786; baseline 0.006 -27"><span class='ocrx_word' id='word_1_555' title='bbox 408 3721 610 3760; x_wconf 86' lang='lat' dir='ltr'>earum</span> <span class='ocrx_word' id='word_1_556' title='bbox 644 3709 1020 3778; x_wconf 89' lang='lat' dir='ltr'>componitur</span> <span class='ocrx_word' id='word_1_557' title='bbox 1041 3728 1107 3766; x_wconf 81' lang='lat' dir='ltr'>ex</span> <span class='ocrx_word' id='word_1_558' title='bbox 1133 3713 1344 3781; x_wconf 87' lang='lat' dir='ltr'>tribus,</span> <span class='ocrx_word' id='word_1_559' title='bbox 1379 3720 1436 3768; x_wconf 92' lang='lat' dir='ltr'>et</span> <span class='ocrx_word' id='word_1_560' title='bbox 1464 3714 1550 3770; x_wconf 91' lang='lat' dir='ltr'>vel</span> <span class='ocrx_word' id='word_1_561' title='bbox 1573 3731 1679 3786; x_wconf 91' lang='lat' dir='ltr'>per</span> <span class='ocrx_word' id='word_1_562' title='bbox 1695 3715 2046 3784; x_wconf 84' lang='lat' dir='ltr'>orationem,</span> 
     </span>
    </p>
   </div>
   <div class='ocr_carea' id='block_1_73' title="bbox 404 3795 2048 3873">
    <p class='ocr_par' dir='ltr' id='par_1_73' title="bbox 404 3795 2048 3873">
     <span class='ocr_line' id='line_1_74' title="bbox 404 3795 2048 3873; baseline 0.007 -27"><span class='ocrx_word' id='word_1_563' title='bbox 404 3795 492 3848; x_wconf 88' lang='lat' dir='ltr'>vel</span> <span class='ocrx_word' id='word_1_564' title='bbox 526 3811 630 3866; x_wconf 91' lang='lat' dir='ltr'>per</span> <span class='ocrx_word' id='word_1_565' title='bbox 662 3797 832 3865; x_wconf 81' lang='lat' dir='ltr'>facta,</span> <span class='ocrx_word' id='word_1_566' title='bbox 852 3799 942 3854; x_wconf 85' lang='lat' dir='ltr'>vel</span> <span class='ocrx_word' id='word_1_567' title='bbox 966 3817 1071 3870; x_wconf 87' lang='lat' dir='ltr'>per</span> <span class='ocrx_word' id='word_1_568' title='bbox 1089 3807 1340 3873; x_wconf 87' lang='lat' dir='ltr'>utraque</span> <span class='ocrx_word' id='word_1_569' title='bbox 1364 3804 1542 3858; x_wconf 90' lang='lat' dir='ltr'>simul</span> <span class='ocrx_word' id='word_1_570' title='bbox 1567 3810 1891 3858; x_wconf 85' lang='lat' dir='ltr'>exercetur.</span> <span class='ocrx_word' id='word_1_571' title='bbox 1915 3805 2048 3858; x_wconf 66' lang='lat' dir='ltr'>llaec</span> 
     </span>
    </p>
   </div>
   <div class='ocr_carea' id='block_1_74' title="bbox 402 3887 2046 3962">
    <p class='ocr_par' dir='ltr' id='par_1_74' title="bbox 402 3887 2046 3962">
     <span class='ocr_line' id='line_1_75' title="bbox 402 3887 2046 3962; baseline 0.006 -24"><span class='ocrx_word' id='word_1_572' title='bbox 402 3889 598 3938; x_wconf 87' lang='lat' dir='ltr'>autem</span> <span class='ocrx_word' id='word_1_573' title='bbox 631 3887 832 3941; x_wconf 88' lang='lat' dir='ltr'>omnia</span> <span class='ocrx_word' id='word_1_574' title='bbox 863 3887 1066 3944; x_wconf 78' lang='lat' dir='ltr'>licebit</span> <span class='ocrx_word' id='word_1_575' title='bbox 1097 3889 1352 3955; x_wconf 80' lang='lat' dir='ltr'>efﬁcere,</span> <span class='ocrx_word' id='word_1_576' title='bbox 1385 3893 1474 3946; x_wconf 88' lang='lat' dir='ltr'>vel</span> <span class='ocrx_word' id='word_1_577' title='bbox 1497 3893 1931 3962; x_wconf 88' lang='lat' dir='ltr'>persuadendo,</span> <span class='ocrx_word' id='word_1_578' title='bbox 1957 3892 2046 3949; x_wconf 90' lang='lat' dir='ltr'>vel</span> 
     </span>
    </p>
   </div>
   <div class='ocr_carea' id='block_1_75' title="bbox 401 3972 2047 4053">
    <p class='ocr_par' dir='ltr' id='par_1_75' title="bbox 401 3972 2047 4053">
     <span class='ocr_line' id='line_1_76' title="bbox 401 3972 2047 4053; baseline 0.008 -29"><span class='ocrx_word' id='word_1_579' title='bbox 401 3972 685 4044; x_wconf 82' lang='lat' dir='ltr'>cogendo,</span> <span class='ocrx_word' id='word_1_580' title='bbox 718 3975 806 4028; x_wconf 90' lang='lat' dir='ltr'>vel</span> <span class='ocrx_word' id='word_1_581' title='bbox 838 3977 1059 4046; x_wconf 87' lang='lat' dir='ltr'>injuria</span> <span class='ocrx_word' id='word_1_582' title='bbox 1088 3978 1425 4047; x_wconf 73' lang='lat' dir='ltr'>alliciendo,</span> <span class='ocrx_word' id='word_1_583' title='bbox 1459 3999 1608 4051; x_wconf 89' lang='lat' dir='ltr'>quos</span> <span class='ocrx_word' id='word_1_584' title='bbox 1629 3982 1833 4036; x_wconf 91' lang='lat' dir='ltr'>ulcisci</span> <span class='ocrx_word' id='word_1_585' title='bbox 1869 3998 2047 4053; x_wconf 83' lang='lat' dir='ltr'>expe-</span> 
     </span>
    </p>
   </div>
   <div class='ocr_carea' id='block_1_76' title="bbox 402 4059 2044 4141">
    <p class='ocr_par' dir='ltr' id='par_1_76' title="bbox 402 4059 2044 4141">
     <span class='ocr_line' id='line_1_77' title="bbox 402 4059 2044 4141; baseline 0.007 -28"><span class='ocrx_word' id='word_1_586' title='bbox 402 4059 485 4114; x_wconf 86' lang='lat' dir='ltr'>dit</span> <span class='ocrx_word' id='word_1_587' title='bbox 511 4078 523 4127; x_wconf 90' lang='lat'><strong>;</strong></span> <span class='ocrx_word' id='word_1_588' title='bbox 558 4067 616 4116; x_wconf 90' lang='lat' dir='ltr'>et</span> <span class='ocrx_word' id='word_1_589' title='bbox 647 4063 790 4128; x_wconf 67' lang='lat' dir='ltr'>haec,</span> <span class='ocrx_word' id='word_1_590' title='bbox 823 4064 912 4119; x_wconf 89' lang='lat' dir='ltr'>vel</span> <span class='ocrx_word' id='word_1_591' title='bbox 943 4065 1212 4121; x_wconf 86' lang='lat' dir='ltr'>faciendo</span> <span class='ocrx_word' id='word_1_592' title='bbox 1243 4067 1302 4120; x_wconf 91' lang='lat' dir='ltr'>id</span> <span class='ocrx_word' id='word_1_593' title='bbox 1330 4069 1482 4138; x_wconf 87' lang='lat' dir='ltr'>quod</span> <span class='ocrx_word' id='word_1_594' title='bbox 1507 4071 1740 4141; x_wconf 85' lang='lat' dir='ltr'>justum</span> <span class='ocrx_word' id='word_1_595' title='bbox 1785 4076 1910 4138; x_wconf 89' lang='lat' dir='ltr'>est;</span> <span class='ocrx_word' id='word_1_596' title='bbox 1955 4071 2044 4124; x_wconf 86' lang='lat' dir='ltr'>vel</span> 
     </span>
    </p>
   </div>
   <div class='ocr_carea' id='block_1_77' title="bbox 399 4151 2044 4223">
    <p class='ocr_par' dir='ltr' id='par_1_77' title="bbox 399 4151 2044 4223">
     <span class='ocr_line' id='line_1_78' title="bbox 399 4151 2044 4223; baseline 0.006 -19"><span class='ocrx_word' id='word_1_597' title='bbox 399 4151 760 4216; x_wconf 89' lang='lat' dir='ltr'>mentiendo,</span> <span class='ocrx_word' id='word_1_598' title='bbox 793 4153 883 4208; x_wconf 91' lang='lat' dir='ltr'>vel</span> <span class='ocrx_word' id='word_1_599' title='bbox 913 4171 1048 4209; x_wconf 90' lang='lat' dir='ltr'>vera</span> <span class='ocrx_word' id='word_1_600' title='bbox 1078 4154 1359 4223; x_wconf 87' lang='lat' dir='ltr'>dicendo;</span> <span class='ocrx_word' id='word_1_601' title='bbox 1387 4159 1473 4212; x_wconf 89' lang='lat' dir='ltr'>vel</span> <span class='ocrx_word' id='word_1_602' title='bbox 1506 4161 1681 4214; x_wconf 91' lang='lat' dir='ltr'>etiam</span> <span class='ocrx_word' id='word_1_603' title='bbox 1714 4160 1923 4214; x_wconf 90' lang='lat' dir='ltr'>harum</span> <span class='ocrx_word' id='word_1_604' title='bbox 1947 4176 2044 4214; x_wconf 90' lang='lat' dir='ltr'>ar-</span> 
     </span>
    </p>
   </div>
   <div class='ocr_carea' id='block_1_78' title="bbox 397 4240 2038 4316">
    <p class='ocr_par' dir='ltr' id='par_1_78' title="bbox 397 4240 2038 4316">
     <span class='ocr_line' id='line_1_79' title="bbox 397 4240 2038 4316; baseline 0.006 -22"><span class='ocrx_word' id='word_1_605' title='bbox 397 4240 540 4295; x_wconf 90' lang='lat' dir='ltr'>tium</span> <span class='ocrx_word' id='word_1_606' title='bbox 574 4241 844 4312; x_wconf 87' lang='lat' dir='ltr'>pluribus</span> <span class='ocrx_word' id='word_1_607' title='bbox 876 4243 1085 4299; x_wconf 90' lang='lat' dir='ltr'>eodem</span> <span class='ocrx_word' id='word_1_608' title='bbox 1117 4249 1380 4316; x_wconf 89' lang='lat' dir='ltr'>tempore</span> <span class='ocrx_word' id='word_1_609' title='bbox 1400 4249 1640 4303; x_wconf 91' lang='lat' dir='ltr'>utendo.</span> <span class='ocrx_word' id='word_1_610' title='bbox 1669 4250 1800 4303; x_wconf 67' lang='lat' dir='ltr'>Haac</span> <span class='ocrx_word' id='word_1_611' title='bbox 1817 4254 2038 4316; x_wconf 91' lang='lat' dir='ltr'>autem,</span> 
     </span>
    </p>
   </div>
   <div class='ocr_carea' id='block_1_79' title="bbox 395 4331 2040 4408">
    <p class='ocr_par' dir='ltr' id='par_1_79' title="bbox 395 4331 2040 4408">
     <span class='ocr_line' id='line_1_80' title="bbox 395 4331 2040 4408; baseline 0.004 -23"><span class='ocrx_word' id='word_1_612' title='bbox 395 4331 613 4397; x_wconf 90' lang='lat' dir='ltr'>omnia,</span> <span class='ocrx_word' id='word_1_613' title='bbox 630 4333 994 4402; x_wconf 91' lang='lat' dir='ltr'>etquomodo</span> <span class='ocrx_word' id='word_1_614' title='bbox 1010 4340 1320 4406; x_wconf 88' lang='lat' dir='ltr'>opporteat</span> <span class='ocrx_word' id='word_1_615' title='bbox 1338 4337 1421 4390; x_wconf 86' lang='lat' dir='ltr'>uti</span> <span class='ocrx_word' id='word_1_616' title='bbox 1438 4353 1798 4408; x_wconf 88' lang='lat' dir='ltr'>unoquoque</span> <span class='ocrx_word' id='word_1_617' title='bbox 1813 4354 2040 4407; x_wconf 89' lang='lat' dir='ltr'>eorum,</span> 
     </span>
    </p>
   </div>
   <div class='ocr_carea' id='block_1_80' title="bbox 391 4422 2039 4497">
    <p class='ocr_par' dir='ltr' id='par_1_80' title="bbox 391 4422 2039 4497">
     <span class='ocr_line' id='line_1_81' title="bbox 391 4422 2039 4497; baseline 0.005 -24"><span class='ocrx_word' id='word_1_618' title='bbox 391 4436 523 4474; x_wconf 91' lang='lat' dir='ltr'>cum</span> <span class='ocrx_word' id='word_1_619' title='bbox 564 4422 745 4476; x_wconf 64' lang='lat' dir='ltr'>Graeci</span> <span class='ocrx_word' id='word_1_620' title='bbox 778 4423 1199 4494; x_wconf 87' lang='lat' dir='ltr'>accepissenta</span> <span class='ocrx_word' id='word_1_621' title='bbox 1222 4426 1437 4496; x_wconf 88' lang='lat' dir='ltr'>Moyse,</span> <span class='ocrx_word' id='word_1_622' title='bbox 1463 4442 1584 4480; x_wconf 92' lang='lat' dir='ltr'>non</span> <span class='ocrx_word' id='word_1_623' title='bbox 1608 4443 1846 4497; x_wconf 87' lang='lat' dir='ltr'>parvam</span> <span class='ocrx_word' id='word_1_624' title='bbox 1869 4443 2039 4481; x_wconf 61' lang='lat' dir='ltr'>accec</span> 
     </span>
    </p>
   </div>
   <div class='ocr_carea' id='block_1_81' title="bbox 2166 3169 3842 3249">
    <p class='ocr_par' dir='ltr' id='par_1_81' title="bbox 2166 3169 3842 3249">
     <span class='ocr_line' id='line_1_82' title="bbox 2166 3169 3842 3249; baseline 0.003 -23"><span class='ocrx_word' id='word_1_625' title='bbox 2166 3172 2486 3249; x_wconf 72' lang='grc' dir='ltr'>ἀμφοτέρων</span> <span class='ocrx_word' id='word_1_626' title='bbox 2546 3173 2658 3245; x_wconf 83' lang='grc' dir='ltr'>ἅμα</span> <span class='ocrx_word' id='word_1_627' title='bbox 2712 3175 2950 3229; x_wconf 82' lang='grc' dir='ltr'>τούτων.</span> <span class='ocrx_word' id='word_1_628' title='bbox 3009 3176 3184 3226; x_wconf 82' lang='grc' dir='ltr'>Ταῦτα</span> <span class='ocrx_word' id='word_1_629' title='bbox 3243 3169 3300 3226; x_wconf 69' lang='grc' dir='ltr'>δὲ</span> <span class='ocrx_word' id='word_1_630' title='bbox 3356 3171 3577 3245; x_wconf 70' lang='grc' dir='ltr'>ὑπάρξει</span> <span class='ocrx_word' id='word_1_631' title='bbox 3638 3175 3842 3230; x_wconf 67' lang='grc' dir='ltr'>πάντα.</span> 
     </span>
    </p>
   </div>
   <div class='ocr_carea' id='block_1_82' title="bbox 2161 3258 3841 3335">
    <p class='ocr_par' dir='ltr' id='par_1_82' title="bbox 2161 3258 3841 3335">
     <span class='ocr_line' id='line_1_83' title="bbox 2161 3258 3841 3335; baseline 0.002 -21"><span class='ocrx_word' id='word_1_632' title='bbox 2161 3258 2453 3331; x_wconf 84' lang='grc' dir='ltr'>ἐπιτελεῖν,</span> <span class='ocrx_word' id='word_1_633' title='bbox 2485 3261 2520 3331; x_wconf 76' lang='grc' dir='ltr'><strong>ἢ</strong></span> <span class='ocrx_word' id='word_1_634' title='bbox 2561 3260 2868 3328; x_wconf 84' lang='grc' dir='ltr'>πείθοντας,</span> <span class='ocrx_word' id='word_1_635' title='bbox 2911 3260 2945 3330; x_wconf 72' lang='grc' dir='ltr'><strong>ἢ</strong></span> <span class='ocrx_word' id='word_1_636' title='bbox 2983 3261 3363 3335; x_wconf 66' lang='grc' dir='ltr'>βιαζομένους,</span> <span class='ocrx_word' id='word_1_637' title='bbox 3393 3260 3429 3328; x_wconf 69' lang='grc' dir='ltr'>ἢ</span> <span class='ocrx_word' id='word_1_638' title='bbox 3463 3259 3841 3332; x_wconf 76' lang='grc' dir='ltr'>ἀδικοῦντας,</span> 
     </span>
    </p>
   </div>
   <div class='ocr_carea' id='block_1_83' title="bbox 2160 3348 3844 3424">
    <p class='ocr_par' dir='ltr' id='par_1_83' title="bbox 2160 3348 3844 3424">
     <span class='ocr_line' id='line_1_84' title="bbox 2160 3348 3844 3424; baseline 0.003 -20"><span class='ocrx_word' id='word_1_639' title='bbox 2160 3350 2212 3404; x_wconf 78' lang='grc' dir='ltr'>ἐν</span> <span class='ocrx_word' id='word_1_640' title='bbox 2267 3355 2347 3421; x_wconf 79' lang='grc' dir='ltr'>τῷ</span> <span class='ocrx_word' id='word_1_641' title='bbox 2404 3348 2728 3422; x_wconf 69' lang='grc' dir='ltr'>ἀμύνασθαι,</span> <span class='ocrx_word' id='word_1_642' title='bbox 2786 3352 2872 3411; x_wconf 82' lang='grc' dir='ltr'>οἷς</span> <span class='ocrx_word' id='word_1_643' title='bbox 2925 3348 3356 3424; x_wconf 69' lang='grc' dir='ltr'>ἐμπεριέχεται·</span> <span class='ocrx_word' id='word_1_644' title='bbox 3418 3352 3454 3418; x_wconf 72' lang='grc' dir='ltr'><strong>ἢ</strong></span> <span class='ocrx_word' id='word_1_645' title='bbox 3508 3351 3580 3404; x_wconf 71' lang='grc' dir='ltr'>τὰ</span> <span class='ocrx_word' id='word_1_646' title='bbox 3628 3348 3844 3409; x_wconf 73' lang='grc' dir='ltr'>δίκαια</span> 
     </span>
    </p>
   </div>
   <div class='ocr_carea' id='block_1_84' title="bbox 2157 3435 3836 3512">
    <p class='ocr_par' dir='ltr' id='par_1_84' title="bbox 2157 3435 3836 3512">
     <span class='ocr_line' id='line_1_85' title="bbox 2157 3435 3836 3512; baseline 0.003 -20"><span class='ocrx_word' id='word_1_647' title='bbox 2157 3442 2467 3508; x_wconf 76' lang='grc' dir='ltr'>ποιοῦντας,</span> <span class='ocrx_word' id='word_1_648' title='bbox 2491 3437 2525 3507; x_wconf 72' lang='grc' dir='ltr'>ἢ</span> <span class='ocrx_word' id='word_1_649' title='bbox 2559 3435 2950 3512; x_wconf 70' lang='grc' dir='ltr'>ψευδομένους,</span> <span class='ocrx_word' id='word_1_650' title='bbox 2978 3439 3012 3507; x_wconf 70' lang='grc' dir='ltr'>ἦ</span> <span class='ocrx_word' id='word_1_651' title='bbox 3045 3436 3438 3509; x_wconf 62' lang='grc' dir='ltr'>ἀληθεὰοντας,</span> <span class='ocrx_word' id='word_1_652' title='bbox 3470 3438 3505 3508; x_wconf 73' lang='grc' dir='ltr'><strong>ἢ</strong></span> <span class='ocrx_word' id='word_1_653' title='bbox 3535 3440 3632 3494; x_wconf 87' lang='grc' dir='ltr'>καὶ</span> <span class='ocrx_word' id='word_1_654' title='bbox 3683 3443 3836 3497; x_wconf 67' lang='grc' dir='ltr'>τοῦ-</span> 
     </span>
    </p>
   </div>
   <div class='ocr_carea' id='block_1_85' title="bbox 2154 3526 3838 3602">
    <p class='ocr_par' dir='ltr' id='par_1_85' title="bbox 2154 3526 3838 3602">
     <span class='ocr_line' id='line_1_86' title="bbox 2154 3526 3838 3602; baseline 0.002 -21"><span class='ocrx_word' id='word_1_655' title='bbox 2154 3549 2262 3581; x_wconf 89' lang='grc' dir='ltr'>των</span> <span class='ocrx_word' id='word_1_656' title='bbox 2317 3529 2429 3600; x_wconf 81' lang='grc' dir='ltr'>ἅμα</span> <span class='ocrx_word' id='word_1_657' title='bbox 2482 3526 2591 3582; x_wconf 89' lang='grc' dir='ltr'>τισί</span> <span class='ocrx_word' id='word_1_658' title='bbox 2650 3528 2971 3602; x_wconf 74' lang='grc' dir='ltr'>χρωμένους</span> <span class='ocrx_word' id='word_1_659' title='bbox 3022 3527 3158 3582; x_wconf 76' lang='grc' dir='ltr'>κατὰ</span> <span class='ocrx_word' id='word_1_660' title='bbox 3213 3527 3305 3582; x_wconf 89' lang='grc' dir='ltr'>τὸν</span> <span class='ocrx_word' id='word_1_661' title='bbox 3365 3527 3520 3582; x_wconf 82' lang='grc' dir='ltr'>αὐτὸν</span> <span class='ocrx_word' id='word_1_662' title='bbox 3577 3531 3838 3600; x_wconf 75' lang='grc' dir='ltr'>καιρόν,</span> 
     </span>
    </p>
   </div>
   <div class='ocr_carea' id='block_1_86' title="bbox 2154 3613 3833 3690">
    <p class='ocr_par' dir='ltr' id='par_1_86' title="bbox 2154 3613 3833 3690">
     <span class='ocr_line' id='line_1_87' title="bbox 2154 3613 3833 3690; baseline 0.004 -22"><span class='ocrx_word' id='word_1_663' title='bbox 2154 3619 2326 3669; x_wconf 84' lang='grc' dir='ltr'>Ταῦτα</span> <span class='ocrx_word' id='word_1_664' title='bbox 2366 3613 2423 3669; x_wconf 72' lang='grc' dir='ltr'>δὲ</span> <span class='ocrx_word' id='word_1_665' title='bbox 2454 3614 2760 3688; x_wconf 77' lang='grc' dir='ltr'>σύμπαντα,</span> <span class='ocrx_word' id='word_1_666' title='bbox 2791 3616 2880 3670; x_wconf 77' lang='grc' dir='ltr'>καὶ</span> <span class='ocrx_word' id='word_1_667' title='bbox 2913 3615 2973 3669; x_wconf 90' lang='grc' dir='ltr'>τὸ</span> <span class='ocrx_word' id='word_1_668' title='bbox 3005 3619 3122 3676; x_wconf 81' lang='grc' dir='ltr'>πῶς</span> <span class='ocrx_word' id='word_1_669' title='bbox 3174 3613 3255 3670; x_wconf 89' lang='grc' dir='ltr'>δεῖ</span> <span class='ocrx_word' id='word_1_670' title='bbox 3305 3621 3542 3690; x_wconf 77' lang='grc' dir='ltr'>χρῆσθαι</span> <span class='ocrx_word' id='word_1_671' title='bbox 3593 3618 3833 3674; x_wconf 71' lang='grc' dir='ltr'>τοῦτων</span> 
     </span>
    </p>
   </div>
   <div class='ocr_carea' id='block_1_87' title="bbox 2155 3699 3837 3781">
    <p class='ocr_par' dir='ltr' id='par_1_87' title="bbox 2155 3699 3837 3781">
     <span class='ocr_line' id='line_1_88' title="bbox 2155 3699 3837 3781; baseline 0.002 -23"><span class='ocrx_word' id='word_1_672' title='bbox 2155 3705 2384 3777; x_wconf 69' lang='grc' dir='ltr'>ἑκάστῳ,</span> <span class='ocrx_word' id='word_1_673' title='bbox 2416 3706 2563 3777; x_wconf 84' lang='grc' dir='ltr'>παρὰ</span> <span class='ocrx_word' id='word_1_674' title='bbox 2609 3705 2880 3766; x_wconf 71' lang='grc' dir='ltr'>Μωυσέως</span> <span class='ocrx_word' id='word_1_675' title='bbox 2929 3699 3186 3766; x_wconf 75' lang='grc' dir='ltr'>λαϐόντες</span> <span class='ocrx_word' id='word_1_676' title='bbox 3217 3703 3514 3775; x_wconf 80' lang='grc' dir='ltr'>Ἓλληνες,</span> <span class='ocrx_word' id='word_1_677' title='bbox 3545 3703 3837 3781; x_wconf 67' lang='grc' dir='ltr'>ὠφέλην-</span> 
     </span>
    </p>
   </div>
   <div class='ocr_carea' id='block_1_88' title="bbox 2151 3790 3837 3868">
    <p class='ocr_par' dir='ltr' id='par_1_88' title="bbox 2151 3790 3837 3868">
     <span class='ocr_line' id='line_1_89' title="bbox 2151 3790 3837 3868; baseline 0.001 -19"><span class='ocrx_word' id='word_1_678' title='bbox 2151 3816 2259 3851; x_wconf 87' lang='grc' dir='ltr'>ται.</span> <span class='ocrx_word' id='word_1_679' title='bbox 2293 3794 2478 3849; x_wconf 81' lang='grc' dir='ltr'>Τύπου</span> <span class='ocrx_word' id='word_1_680' title='bbox 2506 3792 2562 3848; x_wconf 76' lang='grc' dir='ltr'>δὶ</span> <span class='ocrx_word' id='word_1_681' title='bbox 2592 3791 2791 3861; x_wconf 75' lang='grc' dir='ltr'>ἐνεγεν,</span> <span class='ocrx_word' id='word_1_682' title='bbox 2824 3793 2940 3856; x_wconf 76' lang='grc' dir='ltr'>ἑνὸς</span> <span class='ocrx_word' id='word_1_683' title='bbox 2971 3793 3005 3862; x_wconf 70' lang='grc' dir='ltr'>ἢ</span> <span class='ocrx_word' id='word_1_684' title='bbox 3038 3793 3127 3848; x_wconf 84' lang='grc' dir='ltr'>καὶ</span> <span class='ocrx_word' id='word_1_685' title='bbox 3159 3790 3410 3868; x_wconf 75' lang='grc' dir='ltr'>δευτέρου</span> <span class='ocrx_word' id='word_1_686' title='bbox 3459 3793 3837 3868; x_wconf 58' lang='grc' dir='ltr'>ἐπιμνησθη-</span> 
     </span>
    </p>
   </div>
   <div class='ocr_carea' id='block_1_89' title="bbox 2153 3881 3829 3960">
    <p class='ocr_par' dir='ltr' id='par_1_89' title="bbox 2153 3881 3829 3960">
     <span class='ocr_line' id='line_1_90' title="bbox 2153 3881 3829 3960; baseline 0.004 -22"><span class='ocrx_word' id='word_1_687' title='bbox 2153 3905 2321 3956; x_wconf 89' lang='grc' dir='ltr'>σομαι</span> <span class='ocrx_word' id='word_1_688' title='bbox 2351 3881 2784 3960; x_wconf 72' lang='grc' dir='ltr'>παραδείγματος</span> <span class='ocrx_word' id='word_1_689' title='bbox 2819 3887 3201 3958; x_wconf 79' lang='grc' dir='ltr'>στρατηγικοῦ.</span> <span class='ocrx_word' id='word_1_690' title='bbox 3237 3885 3481 3954; x_wconf 79' lang='grc' dir='ltr'>Μοϋσῆς,</span> <span class='ocrx_word' id='word_1_691' title='bbox 3515 3887 3612 3939; x_wconf 86' lang='grc' dir='ltr'>τὸν</span> <span class='ocrx_word' id='word_1_692' title='bbox 3669 3885 3829 3944; x_wconf 73' lang='grc' dir='ltr'>λαὸν</span> 
     </span>
    </p>
   </div>
   <div class='ocr_carea' id='block_1_90' title="bbox 2151 3969 3832 4050">
    <p class='ocr_par' dir='ltr' id='par_1_90' title="bbox 2151 3969 3832 4050">
     <span class='ocr_line' id='line_1_91' title="bbox 2151 3969 3832 4050; baseline 0.002 -22"><span class='ocrx_word' id='word_1_693' title='bbox 2151 3972 2449 4049; x_wconf 79' lang='grc' dir='ltr'>ἐξαγαγὼν,</span> <span class='ocrx_word' id='word_1_694' title='bbox 2494 3972 2830 4034; x_wconf 73' lang='grc' dir='ltr'>ὑποπτεύσας</span> <span class='ocrx_word' id='word_1_695' title='bbox 2887 3969 3192 4043; x_wconf 77' lang='grc' dir='ltr'>ἐπιδιώξειν</span> <span class='ocrx_word' id='word_1_696' title='bbox 3247 3972 3376 4035; x_wconf 71' lang='grc' dir='ltr'>τοὺς</span> <span class='ocrx_word' id='word_1_697' title='bbox 3431 3972 3832 4050; x_wconf 75' lang='grc' dir='ltr'>Αἰγυπτίους,</span> 
     </span>
    </p>
   </div>
   <div class='ocr_carea' id='block_1_91' title="bbox 2147 4060 3828 4138">
    <p class='ocr_par' dir='ltr' id='par_1_91' title="bbox 2147 4060 3828 4138">
     <span class='ocr_line' id='line_1_92' title="bbox 2147 4060 3828 4138; baseline 0.001 -20"><span class='ocrx_word' id='word_1_698' title='bbox 2147 4065 2247 4133; x_wconf 75' lang='grc' dir='ltr'>τὴν</span> <span class='ocrx_word' id='word_1_699' title='bbox 2303 4062 2496 4138; x_wconf 72' lang='grc' dir='ltr'>ὀλίγην</span> <span class='ocrx_word' id='word_1_700' title='bbox 2539 4063 2628 4117; x_wconf 80' lang='grc' dir='ltr'>καὶ</span> <span class='ocrx_word' id='word_1_701' title='bbox 2679 4063 2944 4136; x_wconf 68' lang='grc' dir='ltr'>σῦντομον</span> <span class='ocrx_word' id='word_1_702' title='bbox 2992 4063 3284 4117; x_wconf 82' lang='grc' dir='ltr'>ἀπολιπὼν</span> <span class='ocrx_word' id='word_1_703' title='bbox 3343 4060 3500 4129; x_wconf 83' lang='grc' dir='ltr'>ὁδὸν,</span> <span class='ocrx_word' id='word_1_704' title='bbox 3543 4061 3649 4117; x_wconf 74' lang='grc' dir='ltr'>’ἐπὶ</span> <span class='ocrx_word' id='word_1_705' title='bbox 3707 4069 3828 4136; x_wconf 68' lang='grc' dir='ltr'>τήν</span> 
     </span>
    </p>
   </div>
   <div class='ocr_carea' id='block_1_92' title="bbox 2148 4149 3827 4227">
    <p class='ocr_par' dir='ltr' id='par_1_92' title="bbox 2148 4149 3827 4227">
     <span class='ocr_line' id='line_1_93' title="bbox 2148 4149 3827 4227; baseline 0.001 -20"><span class='ocrx_word' id='word_1_706' title='bbox 2148 4150 2355 4226; x_wconf 76' lang='grc' dir='ltr'>ἔρημον</span> <span class='ocrx_word' id='word_1_707' title='bbox 2415 4151 2686 4226; x_wconf 73' lang='grc' dir='ltr'>ἐτρέπετο·</span> <span class='ocrx_word' id='word_1_708' title='bbox 2746 4151 2837 4206; x_wconf 70' lang='grc' dir='ltr'>καὶ</span> <span class='ocrx_word' id='word_1_709' title='bbox 2890 4151 3098 4226; x_wconf 76' lang='grc' dir='ltr'>νύκτωρ</span> <span class='ocrx_word' id='word_1_710' title='bbox 3155 4152 3222 4206; x_wconf 67' lang='grc' dir='ltr'>τὰ</span> <span class='ocrx_word' id='word_1_711' title='bbox 3271 4149 3456 4206; x_wconf 80' lang='grc' dir='ltr'>πολλὰ</span> <span class='ocrx_word' id='word_1_712' title='bbox 3502 4153 3570 4224; x_wconf 79' lang='grc' dir='ltr'>τῇ</span> <span class='ocrx_word' id='word_1_713' title='bbox 3607 4155 3827 4227; x_wconf 69' lang='grc' dir='ltr'>πορείᾳ</span> 
     </span>
    </p>
   </div>
   <div class='ocr_carea' id='block_1_93' title="bbox 2147 4239 3826 4316">
    <p class='ocr_par' dir='ltr' id='par_1_93' title="bbox 2147 4239 3826 4316">
     <span class='ocr_line' id='line_1_94' title="bbox 2147 4239 3826 4316; baseline 0.001 -19"><span class='ocrx_word' id='word_1_714' title='bbox 2147 4242 2437 4316; x_wconf 62' lang='grc' dir='ltr'>ἐκέχρητο.</span> <span class='ocrx_word' id='word_1_715' title='bbox 2497 4241 2684 4314; x_wconf 65' lang='grc' dir='ltr'>Ἑτέρα</span> <span class='ocrx_word' id='word_1_716' title='bbox 2739 4241 2839 4315; x_wconf 77' lang='grc' dir='ltr'>γάρ</span> <span class='ocrx_word' id='word_1_717' title='bbox 2891 4241 2957 4309; x_wconf 69' lang='grc' dir='ltr'>ἦν</span> <span class='ocrx_word' id='word_1_718' title='bbox 3015 4239 3325 4312; x_wconf 84' lang='grc' dir='ltr'>οἰκονομία,</span> <span class='ocrx_word' id='word_1_719' title='bbox 3367 4242 3486 4304; x_wconf 83' lang='grc' dir='ltr'>καθ’</span> <span class='ocrx_word' id='word_1_720' title='bbox 3535 4241 3607 4309; x_wconf 71' lang='grc' dir='ltr'>ἢν</span> <span class='ocrx_word' id='word_1_721' title='bbox 3643 4242 3826 4300; x_wconf 71' lang='grc' dir='ltr'>ἐπαι-</span> 
     </span>
    </p>
   </div>
   <div class='ocr_carea' id='block_1_94' title="bbox 2150 4327 3824 4406">
    <p class='ocr_par' dir='ltr' id='par_1_94' title="bbox 2150 4327 3824 4406">
     <span class='ocr_line' id='line_1_95' title="bbox 2150 4327 3824 4406; baseline 0 -20"><span class='ocrx_word' id='word_1_722' title='bbox 2150 4329 2366 4386; x_wconf 74' lang='grc' dir='ltr'>δεύοντο</span> <span class='ocrx_word' id='word_1_723' title='bbox 2422 4327 2698 4404; x_wconf 71' lang='grc' dir='ltr'>Ἑϐραῖοι,</span> <span class='ocrx_word' id='word_1_724' title='bbox 2759 4327 2829 4384; x_wconf 89' lang='grc' dir='ltr'>δι’</span> <span class='ocrx_word' id='word_1_725' title='bbox 2884 4327 3116 4404; x_wconf 79' lang='grc' dir='ltr'>ἐρημίας</span> <span class='ocrx_word' id='word_1_726' title='bbox 3161 4328 3381 4399; x_wconf 81' lang='grc' dir='ltr'>πολλῆς</span> <span class='ocrx_word' id='word_1_727' title='bbox 3438 4330 3526 4384; x_wconf 78' lang='grc' dir='ltr'>καὶ</span> <span class='ocrx_word' id='word_1_728' title='bbox 3588 4332 3824 4406; x_wconf 78' lang='grc' dir='ltr'>χρόνου</span> 
     </span>
    </p>
   </div>
   <div class='ocr_carea' id='block_1_95' title="bbox 2157 4418 3827 4492">
    <p class='ocr_par' dir='ltr' id='par_1_95' title="bbox 2157 4418 3827 4492">
     <span class='ocr_line' id='line_1_96' title="bbox 2157 4418 3827 4492; baseline -0.001 -18"><span class='ocrx_word' id='word_1_729' title='bbox 2157 4423 2385 4492; x_wconf 83' lang='grc' dir='ltr'>μακροῦ,</span> <span class='ocrx_word' id='word_1_730' title='bbox 2419 4419 2494 4482; x_wconf 85' lang='grc' dir='ltr'>εἰς</span> <span class='ocrx_word' id='word_1_731' title='bbox 2535 4418 2698 4490; x_wconf 80' lang='grc' dir='ltr'>μόνον</span> <span class='ocrx_word' id='word_1_732' title='bbox 2754 4419 2816 4472; x_wconf 91' lang='grc' dir='ltr'>τὸ</span> <span class='ocrx_word' id='word_1_733' title='bbox 2873 4418 3140 4472; x_wconf 78' lang='grc' dir='ltr'>πιστεύειν</span> <span class='ocrx_word' id='word_1_734' title='bbox 3187 4419 3279 4472; x_wconf 85' lang='grc' dir='ltr'>τὸν</span> <span class='ocrx_word' id='word_1_735' title='bbox 3342 4419 3471 4473; x_wconf 82' lang='grc' dir='ltr'>Θεὸν</span> <span class='ocrx_word' id='word_1_736' title='bbox 3532 4419 3698 4487; x_wconf 75' lang='grc' dir='ltr'>εἶναι,</span> <span class='ocrx_word' id='word_1_737' title='bbox 3741 4420 3827 4477; x_wconf 80' lang='grc' dir='ltr'>δι’</span> 
     </span>
    </p>
   </div>
   <div class='ocr_carea' id='block_1_96' title="bbox 389 4506 2048 4586">
    <p class='ocr_par' dir='ltr' id='par_1_96' title="bbox 389 4510 2032 4586">
     <span class='ocr_line' id='line_1_97' title="bbox 389 4510 2032 4586; baseline 0.004 -23"><span class='ocrx_word' id='word_1_738' title='bbox 389 4526 526 4579; x_wconf 86' lang='lat' dir='ltr'>pere</span> <span class='ocrx_word' id='word_1_739' title='bbox 557 4510 895 4567; x_wconf 86' lang='lat' dir='ltr'>utilitatem.</span> <span class='ocrx_word' id='word_1_740' title='bbox 924 4513 1096 4567; x_wconf 83' lang='lat' dir='ltr'>Verbi</span> <span class='ocrx_word' id='word_1_741' title='bbox 1115 4519 1314 4568; x_wconf 90' lang='lat' dir='ltr'>autem</span> <span class='ocrx_word' id='word_1_742' title='bbox 1336 4515 1542 4586; x_wconf 88' lang='lat' dir='ltr'>gratia,</span> <span class='ocrx_word' id='word_1_743' title='bbox 1563 4516 1742 4570; x_wconf 92' lang='lat' dir='ltr'>unius</span> <span class='ocrx_word' id='word_1_744' title='bbox 1763 4520 1863 4569; x_wconf 89' lang='lat' dir='ltr'>aut</span> <span class='ocrx_word' id='word_1_745' title='bbox 1884 4515 2032 4570; x_wconf 92' lang='lat' dir='ltr'>alte-</span> 
     </span>
    </p>
   </div>
   <div class='ocr_carea' id='block_1_97' title="bbox 2157 4506 3826 4586">
    <p class='ocr_par' dir='ltr' id='par_1_97' title="bbox 2157 4506 3826 4585">
     <span class='ocr_line' id='line_1_98' title="bbox 2157 4506 3826 4585; baseline 0.001 -22"><span class='ocrx_word' id='word_1_746' title='bbox 2157 4510 2428 4582; x_wconf 62' lang='grc' dir='ltr'>Βπομονῆς</span> <span class='ocrx_word' id='word_1_747' title='bbox 2460 4506 2762 4579; x_wconf 78' lang='grc' dir='ltr'>ἐθιζόμενοι</span> <span class='ocrx_word' id='word_1_748' title='bbox 2795 4507 3095 4582; x_wconf 79' lang='grc' dir='ltr'>σώφρονος.</span> <span class='ocrx_word' id='word_1_749' title='bbox 3128 4507 3198 4562; x_wconf 86' lang='grc' dir='ltr'>Τὸ</span> <span class='ocrx_word' id='word_1_750' title='bbox 3241 4511 3368 4582; x_wconf 84' lang='grc' dir='ltr'>γοῦν</span> <span class='ocrx_word' id='word_1_751' title='bbox 3428 4512 3826 4585; x_wconf 70' lang='grc' dir='ltr'>στρατήγημα</span> 
     </span>
    </p>
   </div>
   <div class='ocr_carea' id='block_1_98' title="bbox 385 4597 2030 4675">
    <p class='ocr_par' dir='ltr' id='par_1_98' title="bbox 385 4597 2030 4675">
     <span class='ocr_line' id='line_1_99' title="bbox 385 4597 2030 4675; baseline 0.005 -25"><span class='ocrx_word' id='word_1_752' title='bbox 385 4597 508 4652; x_wconf 90' lang='lat' dir='ltr'>rius</span> <span class='ocrx_word' id='word_1_753' title='bbox 541 4599 901 4670; x_wconf 90' lang='lat' dir='ltr'>imperatorii</span> <span class='ocrx_word' id='word_1_754' title='bbox 935 4601 1191 4673; x_wconf 86' lang='lat' dir='ltr'>exempli</span> <span class='ocrx_word' id='word_1_755' title='bbox 1224 4603 1570 4659; x_wconf 89' lang='lat' dir='ltr'>meminero.</span> <span class='ocrx_word' id='word_1_756' title='bbox 1609 4605 1855 4675; x_wconf 85' lang='lat' dir='ltr'>Moyses,</span> <span class='ocrx_word' id='word_1_757' title='bbox 1895 4620 2030 4659; x_wconf 91' lang='lat' dir='ltr'>cum</span> 
     </span>
    </p>
   </div>
   <div class='ocr_carea' id='block_1_99' title="bbox 383 4687 2032 4764">
    <p class='ocr_par' dir='ltr' id='par_1_99' title="bbox 383 4687 2032 4764">
     <span class='ocr_line' id='line_1_100' title="bbox 383 4687 2032 4764; baseline 0.004 -25"><span class='ocrx_word' id='word_1_758' title='bbox 383 4687 668 4756; x_wconf 91' lang='lat' dir='ltr'>populum</span> <span class='ocrx_word' id='word_1_759' title='bbox 688 4689 1004 4756; x_wconf 88' lang='lat' dir='ltr'>eduxisset,</span> <span class='ocrx_word' id='word_1_760' title='bbox 1027 4692 1358 4763; x_wconf 91' lang='lat' dir='ltr'>suspicatus</span> <span class='ocrx_word' id='word_1_761' title='bbox 1381 4692 1504 4747; x_wconf 87' lang='lat' dir='ltr'>fore</span> <span class='ocrx_word' id='word_1_762' title='bbox 1521 4698 1584 4748; x_wconf 90' lang='lat' dir='ltr'>ut</span> <span class='ocrx_word' id='word_1_763' title='bbox 1601 4709 2032 4764; x_wconf 84' lang='lat' dir='ltr'>persequeren-</span> 
     </span>
    </p>
   </div>
   <div class='ocr_carea' id='block_1_100' title="bbox 384 4777 2030 4851">
    <p class='ocr_par' dir='ltr' id='par_1_100' title="bbox 384 4777 2030 4851">
     <span class='ocr_line' id='line_1_101' title="bbox 384 4777 2030 4851; baseline 0.005 -24"><span class='ocrx_word' id='word_1_764' title='bbox 384 4779 480 4828; x_wconf 91' lang='lat' dir='ltr'>tur</span> <span class='ocrx_word' id='word_1_765' title='bbox 507 4777 774 4848; x_wconf 66' lang='lat' dir='ltr'>Egyptii,</span> <span class='ocrx_word' id='word_1_766' title='bbox 809 4778 965 4833; x_wconf 82' lang='lat' dir='ltr'>brevi</span> <span class='ocrx_word' id='word_1_767' title='bbox 1002 4781 1493 4851; x_wconf 89' lang='lat' dir='ltr'>etcompendiosa</span> <span class='ocrx_word' id='word_1_768' title='bbox 1517 4783 1607 4838; x_wconf 89' lang='lat' dir='ltr'>via</span> <span class='ocrx_word' id='word_1_769' title='bbox 1626 4782 1854 4849; x_wconf 87' lang='lat' dir='ltr'>relicta,</span> <span class='ocrx_word' id='word_1_770' title='bbox 1888 4799 2030 4837; x_wconf 90' lang='lat' dir='ltr'>con-</span> 
     </span>
    </p>
   </div>
   <div class='ocr_carea' id='block_1_101' title="bbox 381 4865 2028 4943">
    <p class='ocr_par' dir='ltr' id='par_1_101' title="bbox 381 4865 2028 4943">
     <span class='ocr_line' id='line_1_102' title="bbox 381 4865 2028 4943; baseline 0.006 -27"><span class='ocrx_word' id='word_1_771' title='bbox 381 4879 584 4918; x_wconf 87' lang='lat' dir='ltr'>versus</span> <span class='ocrx_word' id='word_1_772' title='bbox 616 4870 705 4918; x_wconf 92' lang='lat' dir='ltr'>est</span> <span class='ocrx_word' id='word_1_773' title='bbox 732 4865 794 4920; x_wconf 92' lang='lat' dir='ltr'>in</span> <span class='ocrx_word' id='word_1_774' title='bbox 829 4867 1232 4936; x_wconf 90' lang='lat' dir='ltr'>solitudinem,</span> <span class='ocrx_word' id='word_1_775' title='bbox 1267 4875 1325 4925; x_wconf 90' lang='lat' dir='ltr'>et</span> <span class='ocrx_word' id='word_1_776' title='bbox 1346 4872 1606 4928; x_wconf 84' lang='lat' dir='ltr'>maxima</span> <span class='ocrx_word' id='word_1_777' title='bbox 1636 4889 1706 4927; x_wconf 87' lang='lat' dir='ltr'>ex</span> <span class='ocrx_word' id='word_1_778' title='bbox 1728 4877 1892 4943; x_wconf 92' lang='lat' dir='ltr'>parte</span> <span class='ocrx_word' id='word_1_779' title='bbox 1916 4871 2028 4926; x_wconf 89' lang='lat' dir='ltr'>iter</span> 
     </span>
    </p>
   </div>
   <div class='ocr_carea' id='block_1_102' title="bbox 381 4954 2026 5034">
    <p class='ocr_par' dir='ltr' id='par_1_102' title="bbox 381 4954 2026 5034">
     <span class='ocr_line' id='line_1_103' title="bbox 381 4954 2026 5034; baseline 0.007 -29"><span class='ocrx_word' id='word_1_780' title='bbox 381 4959 562 5008; x_wconf 89' lang='lat' dir='ltr'>noctu</span> <span class='ocrx_word' id='word_1_781' title='bbox 586 4954 857 5011; x_wconf 90' lang='lat' dir='ltr'>faciebat.</span> <span class='ocrx_word' id='word_1_782' title='bbox 890 4959 1034 5012; x_wconf 88' lang='lat' dir='ltr'>Nam</span> <span class='ocrx_word' id='word_1_783' title='bbox 1067 4959 1224 5029; x_wconf 86' lang='lat' dir='ltr'>quod</span> <span class='ocrx_word' id='word_1_784' title='bbox 1258 4960 1486 5016; x_wconf 71' lang='lat' dir='ltr'>Hebraei</span> <span class='ocrx_word' id='word_1_785' title='bbox 1511 4962 1790 5018; x_wconf 91' lang='lat' dir='ltr'>diuturno</span> <span class='ocrx_word' id='word_1_786' title='bbox 1814 4961 2026 5034; x_wconf 89' lang='lat' dir='ltr'>perin-</span> 
     </span>
    </p>
   </div>
   <div class='ocr_carea' id='block_1_103' title="bbox 359 5042 2022 5110">
    <p class='ocr_par' dir='ltr' id='par_1_103' title="bbox 359 5042 2022 5110">
     <span class='ocr_line' id='line_1_104' title="bbox 359 5042 2022 5110; baseline 0.007 -14"><span class='ocrx_word' id='word_1_787' title='bbox 359 5045 616 5110; x_wconf 84' lang='lat' dir='ltr'>gentem</span> <span class='ocrx_word' id='word_1_788' title='bbox 648 5042 1029 5099; x_wconf 90' lang='lat' dir='ltr'>solitudinem</span> <span class='ocrx_word' id='word_1_789' title='bbox 1061 5048 1313 5103; x_wconf 88' lang='lat' dir='ltr'>transitu</span> <span class='ocrx_word' id='word_1_790' title='bbox 1344 5049 1416 5103; x_wconf 90' lang='lat' dir='ltr'>ad</span> <span class='ocrx_word' id='word_1_791' title='bbox 1451 5067 1636 5106; x_wconf 89' lang='lat' dir='ltr'>unum</span> <span class='ocrx_word' id='word_1_792' title='bbox 1661 5053 1845 5106; x_wconf 91' lang='lat' dir='ltr'>Deum</span> <span class='ocrx_word' id='word_1_793' title='bbox 1886 5066 2022 5105; x_wconf 90' lang='lat' dir='ltr'>cre-</span> 
     </span>
    </p>
   </div>
   <div class='ocr_carea' id='block_1_104' title="bbox 380 5126 2022 5208">
    <p class='ocr_par' dir='ltr' id='par_1_104' title="bbox 380 5126 2022 5208">
     <span class='ocr_line' id='line_1_105' title="bbox 380 5126 2022 5208; baseline 0.008 -27"><span class='ocrx_word' id='word_1_794' title='bbox 380 5126 639 5184; x_wconf 90' lang='lat' dir='ltr'>dendum</span> <span class='ocrx_word' id='word_1_795' title='bbox 661 5131 1056 5202; x_wconf 89' lang='lat' dir='ltr'>erudirentur,</span> <span class='ocrx_word' id='word_1_796' title='bbox 1085 5140 1143 5190; x_wconf 90' lang='lat' dir='ltr'>et</span> <span class='ocrx_word' id='word_1_797' title='bbox 1166 5135 1238 5190; x_wconf 88' lang='lat' dir='ltr'>ad</span> <span class='ocrx_word' id='word_1_798' title='bbox 1259 5137 1616 5208; x_wconf 90' lang='lat' dir='ltr'>prudentem</span> <span class='ocrx_word' id='word_1_799' title='bbox 1643 5140 2022 5195; x_wconf 88' lang='lat' dir='ltr'>tolerantiam</span> 
     </span>
    </p>
   </div>
   <div class='ocr_carea' id='block_1_105' title="bbox 2138 4593 3819 4676">
    <p class='ocr_par' dir='ltr' id='par_1_105' title="bbox 2138 4593 3819 4676">
     <span class='ocr_line' id='line_1_106' title="bbox 2138 4593 3819 4676; baseline 0 -22"><span class='ocrx_word' id='word_1_800' title='bbox 2138 4605 2235 4654; x_wconf 87' lang='grc' dir='ltr'>τοῦ</span> <span class='ocrx_word' id='word_1_801' title='bbox 2268 4597 2544 4660; x_wconf 70' lang='grc' dir='ltr'>Μωῦσέως</span> <span class='ocrx_word' id='word_1_802' title='bbox 2565 4593 2804 4651; x_wconf 74' lang='grc' dir='ltr'>διδάσκει</span> <span class='ocrx_word' id='word_1_803' title='bbox 2832 4596 2938 4670; x_wconf 85' lang='grc' dir='ltr'>πρὸ</span> <span class='ocrx_word' id='word_1_804' title='bbox 2966 4601 3072 4652; x_wconf 78' lang='grc' dir='ltr'>τῶν</span> <span class='ocrx_word' id='word_1_805' title='bbox 3105 4594 3373 4652; x_wconf 75' lang='grc' dir='ltr'>κινδύνων</span> <span class='ocrx_word' id='word_1_806' title='bbox 3407 4595 3515 4653; x_wconf 80' lang='grc' dir='ltr'>δεῖν</span> <span class='ocrx_word' id='word_1_807' title='bbox 3541 4601 3614 4654; x_wconf 72' lang='grc' dir='ltr'>τὰ</span> <span class='ocrx_word' id='word_1_808' title='bbox 3644 4607 3819 4676; x_wconf 64' lang='grc' dir='ltr'>χρὴ-</span> 
     </span>
    </p>
   </div>
   <div class='ocr_carea' id='block_1_106' title="bbox 2143 4681 3816 4764">
    <p class='ocr_par' dir='ltr' id='par_1_106' title="bbox 2143 4681 3816 4764">
     <span class='ocr_line' id='line_1_107' title="bbox 2143 4681 3816 4764; baseline 0.004 -22"><span class='ocrx_word' id='word_1_809' title='bbox 2143 4709 2278 4761; x_wconf 84' lang='grc' dir='ltr'>σιμα</span> <span class='ocrx_word' id='word_1_810' title='bbox 2308 4685 2562 4755; x_wconf 78' lang='grc' dir='ltr'>συνιδεῖν,</span> <span class='ocrx_word' id='word_1_811' title='bbox 2593 4685 2682 4740; x_wconf 84' lang='grc' dir='ltr'>καὶ</span> <span class='ocrx_word' id='word_1_812' title='bbox 2723 4685 2896 4746; x_wconf 73' lang='grc' dir='ltr'>οὕτως</span> <span class='ocrx_word' id='word_1_813' title='bbox 2939 4681 3244 4743; x_wconf 78' lang='grc' dir='ltr'>ἐπιϐαλεῖν.</span> <span class='ocrx_word' id='word_1_814' title='bbox 3295 4685 3522 4760; x_wconf 69' lang='grc' dir='ltr'>Ἀμέλει</span> <span class='ocrx_word' id='word_1_815' title='bbox 3563 4691 3816 4764; x_wconf 69' lang='grc' dir='ltr'>γέγονεν</span> 
     </span>
    </p>
   </div>
   <div class='ocr_carea' id='block_1_107' title="bbox 2139 4772 3814 4852">
    <p class='ocr_par' dir='ltr' id='par_1_107' title="bbox 2139 4772 3814 4852">
     <span class='ocr_line' id='line_1_108' title="bbox 2139 4772 3814 4852; baseline -0.002 -22"><span class='ocrx_word' id='word_1_816' title='bbox 2139 4777 2269 4851; x_wconf 78' lang='grc' dir='ltr'>ὅπερ</span> <span class='ocrx_word' id='word_1_817' title='bbox 2296 4775 2385 4830; x_wconf 83' lang='grc' dir='ltr'>καὶ</span> <span class='ocrx_word' id='word_1_818' title='bbox 2445 4774 2813 4830; x_wconf 67' lang='grc' dir='ltr'>ὑπώπτευσεν·</span> <span class='ocrx_word' id='word_1_819' title='bbox 2876 4772 3166 4847; x_wconf 76' lang='grc' dir='ltr'>ἐπεδίωξαν</span> <span class='ocrx_word' id='word_1_820' title='bbox 3220 4776 3322 4851; x_wconf 81' lang='grc' dir='ltr'>γὰρ</span> <span class='ocrx_word' id='word_1_821' title='bbox 3377 4779 3430 4832; x_wconf 73' lang='grc' dir='ltr'>οἱ</span> <span class='ocrx_word' id='word_1_822' title='bbox 3491 4777 3814 4852; x_wconf 74' lang='grc' dir='ltr'>Αἰγύπτιοι</span> 
     </span>
    </p>
   </div>
   <div class='ocr_carea' id='block_1_108' title="bbox 2137 4862 3817 4943">
    <p class='ocr_par' dir='ltr' id='par_1_108' title="bbox 2137 4862 3817 4943">
     <span class='ocr_line' id='line_1_109' title="bbox 2137 4862 3817 4943; baseline 0.004 -23"><span class='ocrx_word' id='word_1_823' title='bbox 2137 4865 2218 4940; x_wconf 79' lang='grc' dir='ltr'>ἐφ’</span> <span class='ocrx_word' id='word_1_824' title='bbox 2245 4867 2430 4920; x_wconf 80' lang='grc' dir='ltr'>ἳππων</span> <span class='ocrx_word' id='word_1_825' title='bbox 2462 4863 2551 4919; x_wconf 80' lang='grc' dir='ltr'>καὶ</span> <span class='ocrx_word' id='word_1_826' title='bbox 2583 4864 2909 4938; x_wconf 64' lang='grc' dir='ltr'>ὀχημάτων·</span> <span class='ocrx_word' id='word_1_827' title='bbox 2943 4862 3072 4918; x_wconf 82' lang='grc' dir='ltr'>ἀλλ’</span> <span class='ocrx_word' id='word_1_828' title='bbox 3101 4864 3394 4921; x_wconf 84' lang='grc' dir='ltr'>ἀπώλοντο</span> <span class='ocrx_word' id='word_1_829' title='bbox 3443 4869 3662 4935; x_wconf 68' lang='grc' dir='ltr'>θᾶττον,</span> <span class='ocrx_word' id='word_1_830' title='bbox 3696 4870 3817 4943; x_wconf 74' lang='grc' dir='ltr'>ῥα-</span> 
     </span>
    </p>
   </div>
   <div class='ocr_carea' id='block_1_109' title="bbox 2134 4951 3816 5032">
    <p class='ocr_par' dir='ltr' id='par_1_109' title="bbox 2134 4951 3816 5032">
     <span class='ocr_line' id='line_1_110' title="bbox 2134 4951 3816 5032; baseline 0.004 -24"><span class='ocrx_word' id='word_1_831' title='bbox 2134 4955 2325 5030; x_wconf 85' lang='grc' dir='ltr'>γείσης</span> <span class='ocrx_word' id='word_1_832' title='bbox 2356 4957 2455 5018; x_wconf 80' lang='grc' dir='ltr'>τῆς</span> <span class='ocrx_word' id='word_1_833' title='bbox 2513 4951 2810 5023; x_wconf 82' lang='grc' dir='ltr'>Θαλάσσης,</span> <span class='ocrx_word' id='word_1_834' title='bbox 2863 4952 2955 5007; x_wconf 86' lang='grc' dir='ltr'>καὶ</span> <span class='ocrx_word' id='word_1_835' title='bbox 3013 4951 3104 5007; x_wconf 77' lang='grc' dir='ltr'>σὺν</span> <span class='ocrx_word' id='word_1_836' title='bbox 3158 4954 3354 5016; x_wconf 81' lang='grc' dir='ltr'>ἳπποις</span> <span class='ocrx_word' id='word_1_837' title='bbox 3407 4957 3496 5011; x_wconf 85' lang='grc' dir='ltr'>καὶ</span> <span class='ocrx_word' id='word_1_838' title='bbox 3554 4957 3816 5032; x_wconf 75' lang='grc' dir='ltr'>ἅρμασιν</span> 
     </span>
    </p>
   </div>
   <div class='ocr_carea' id='block_1_110' title="bbox 2135 5039 3810 5116">
    <p class='ocr_par' dir='ltr' id='par_1_110' title="bbox 2135 5039 3810 5116">
     <span class='ocr_line' id='line_1_111' title="bbox 2135 5039 3810 5116; baseline 0.003 -17"><span class='ocrx_word' id='word_1_839' title='bbox 2135 5043 2329 5101; x_wconf 75' lang='grc' dir='ltr'>αὐτοὺς</span> <span class='ocrx_word' id='word_1_840' title='bbox 2356 5040 2795 5112; x_wconf 81' lang='grc' dir='ltr'>κατακλυσάσης,</span> <span class='ocrx_word' id='word_1_841' title='bbox 2829 5041 2903 5103; x_wconf 85' lang='grc' dir='ltr'>ὡς</span> <span class='ocrx_word' id='word_1_842' title='bbox 2940 5039 3080 5114; x_wconf 71' lang='grc' dir='ltr'>μηδὶ</span> <span class='ocrx_word' id='word_1_843' title='bbox 3109 5040 3369 5116; x_wconf 79' lang='grc' dir='ltr'>λείψανον</span> <span class='ocrx_word' id='word_1_844' title='bbox 3421 5043 3596 5100; x_wconf 77' lang='grc' dir='ltr'>αὐτῶν</span> <span class='ocrx_word' id='word_1_845' title='bbox 3646 5047 3810 5104; x_wconf 77' lang='grc' dir='ltr'>ἀπο-</span> 
     </span>
    </p>
   </div>
   <div class='ocr_carea' id='block_1_111' title="bbox 2133 5129 3813 5212">
    <p class='ocr_par' dir='ltr' id='par_1_111' title="bbox 2133 5129 3813 5212">
     <span class='ocr_line' id='line_1_112' title="bbox 2133 5129 3813 5212; baseline 0.001 -22"><span class='ocrx_word' id='word_1_846' title='bbox 2133 5133 2443 5212; x_wconf 73' lang='grc' dir='ltr'>λειφθῆναι.</span> <span class='ocrx_word' id='word_1_847' title='bbox 2487 5131 2638 5188; x_wconf 85' lang='grc' dir='ltr'>Μετά</span> <span class='ocrx_word' id='word_1_848' title='bbox 2697 5129 2754 5186; x_wconf 71' lang='grc' dir='ltr'>δὲ</span> <span class='ocrx_word' id='word_1_849' title='bbox 2807 5135 2976 5186; x_wconf 85' lang='grc' dir='ltr'>ταῦτα</span> <span class='ocrx_word' id='word_1_850' title='bbox 3029 5129 3229 5194; x_wconf 79' lang='grc' dir='ltr'>στύλος</span> <span class='ocrx_word' id='word_1_851' title='bbox 3285 5135 3461 5207; x_wconf 87' lang='grc' dir='ltr'>πυρὸς</span> <span class='ocrx_word' id='word_1_852' title='bbox 3519 5135 3813 5209; x_wconf 60' lang='grc' dir='ltr'>ἑπόμενος</span> 
     </span>
    </p>
   </div>
   <div class='ocr_carea' id='block_1_112' title="bbox 481 5265 2048 5343">
    <p class='ocr_par' dir='ltr' id='par_1_112' title="bbox 481 5265 2040 5343">
     <span class='ocr_line' id='line_1_113' title="bbox 481 5265 2040 5343; baseline 0.008 -29"><span class='ocrx_word' id='word_1_853' title='bbox 481 5266 538 5317; x_wconf 91' lang='lat' dir='ltr'>P.</span> <span class='ocrx_word' id='word_1_854' title='bbox 567 5266 671 5319; x_wconf 79' lang='grc'>41⁸7</span> <span class='ocrx_word' id='word_1_855' title='bbox 703 5265 812 5319; x_wconf 84' lang='grc' dir='ltr'>ΕΙ).</span> <span class='ocrx_word' id='word_1_856' title='bbox 847 5266 1139 5333; x_wconf 81' lang='lat' dir='ltr'>POTTER,</span> <span class='ocrx_word' id='word_1_857' title='bbox 1173 5269 1275 5322; x_wconf 84' lang='grc'>347</span> <span class='ocrx_word' id='word_1_858' title='bbox 1307 5271 1421 5325; x_wconf 90' lang='lat' dir='ltr'>ED.</span> <span class='ocrx_word' id='word_1_859' title='bbox 1455 5273 1681 5328; x_wconf 80' lang='lat' dir='ltr'>PARIS.</span> <span class='ocrx_word' id='word_1_860' title='bbox 1716 5275 1788 5342; x_wconf 90' lang='lat' dir='ltr'>(a)</span> <span class='ocrx_word' id='word_1_861' title='bbox 1823 5273 2040 5343; x_wconf 90' lang='lat' dir='ltr'>Philip.</span> 
     </span>
    </p>
   </div>
   <div class='ocr_carea' id='block_1_113' title="bbox 2157 5265 2371 5343">
    <p class='ocr_par' dir='ltr' id='par_1_113' title="bbox 2163 5272 2371 5337">
     <span class='ocr_line' id='line_1_114' title="bbox 2163 5272 2371 5337; baseline -0.01 -13"><span class='ocrx_word' id='word_1_862' title='bbox 2163 5272 2371 5337; x_wconf 73' lang='lat'>10,“.</span> 
     </span>
    </p>
   </div>
   <div class='ocr_carea' id='block_1_114' title="bbox 442 5413 2016 5494">
    <p class='ocr_par' dir='ltr' id='par_1_114' title="bbox 442 5413 2016 5494">
     <span class='ocr_line' id='line_1_115' title="bbox 442 5413 2016 5494; baseline 0.007 -25"><span class='ocrx_word' id='word_1_863' title='bbox 442 5415 555 5494; x_wconf 54' lang='grc' dir='ltr'>(3ο)</span> <span class='ocrx_word' id='word_1_864' title='bbox 583 5414 659 5494; x_wconf 73' lang='grc' dir='ltr'>Τὸ</span> <span class='ocrx_word' id='word_1_865' title='bbox 685 5413 776 5486; x_wconf 72' lang='grc' dir='ltr'>μὶν</span> <span class='ocrx_word' id='word_1_866' title='bbox 798 5435 859 5494; x_wconf 13' lang='grc' dir='ltr'>νφ.</span> <span class='ocrx_word' id='word_1_867' title='bbox 882 5418 1056 5494; x_wconf 55' lang='lat' dir='ltr'>lianc</span> <span class='ocrx_word' id='word_1_868' title='bbox 1087 5419 1442 5494; x_wconf 75' lang='lat' dir='ltr'>sententiam</span> <span class='ocrx_word' id='word_1_869' title='bbox 1472 5423 1701 5494; x_wconf 87' lang='lat' dir='ltr'>priores</span> <span class='ocrx_word' id='word_1_870' title='bbox 1724 5423 2016 5494; x_wconf 82' lang='lat' dir='ltr'>editiones</span> 
     </span>
    </p>
   </div>
   <div class='ocr_carea' id='block_1_115' title="bbox 369 5486 2011 5572">
    <p class='ocr_par' dir='ltr' id='par_1_115' title="bbox 369 5486 2011 5572">
     <span class='ocr_line' id='line_1_116' title="bbox 369 5486 2011 5572; baseline 0.005 -31"><span class='ocrx_word' id='word_1_871' title='bbox 369 5486 458 5572; x_wconf 57' lang='lat' dir='ltr'>sic</span> <span class='ocrx_word' id='word_1_872' title='bbox 482 5486 846 5572; x_wconf 42' lang='lat' dir='ltr'>distingunt:</span> <span class='ocrx_word' id='word_1_873' title='bbox 879 5488 950 5572; x_wconf 61' lang='grc' dir='ltr'>’ςὸ</span> <span class='ocrx_word' id='word_1_874' title='bbox 985 5489 1079 5558; x_wconf 80' lang='grc' dir='ltr'>μὲν</span> <span class='ocrx_word' id='word_1_875' title='bbox 1142 5486 1492 5564; x_wconf 72' lang='grc' dir='ltr'>φιλόνεικον’</span> <span class='ocrx_word' id='word_1_876' title='bbox 1516 5489 1679 5566; x_wconf 87' lang='grc' dir='ltr'>μόνον</span> <span class='ocrx_word' id='word_1_877' title='bbox 1741 5492 1882 5549; x_wconf 75' lang='grc' dir='ltr'>ἐστὶν</span> <span class='ocrx_word' id='word_1_878' title='bbox 1914 5493 2011 5549; x_wconf 78' lang='grc' dir='ltr'>αὖ·</span> 
     </span>
    </p>
   </div>
   <div class='ocr_carea' id='block_1_116' title="bbox 363 5555 967 5634">
    <p class='ocr_par' dir='ltr' id='par_1_116' title="bbox 363 5555 967 5634">
     <span class='ocr_line' id='line_1_117' title="bbox 363 5555 967 5634; baseline 0.002 -23"><span class='ocrx_word' id='word_1_879' title='bbox 363 5561 482 5626; x_wconf 85' lang='grc' dir='ltr'>τοῦ,</span> <span class='ocrx_word' id='word_1_880' title='bbox 516 5563 615 5612; x_wconf 84' lang='grc' dir='ltr'>τοῦ</span> <span class='ocrx_word' id='word_1_881' title='bbox 645 5555 859 5634; x_wconf 73' lang='grc' dir='ltr'>κρατεῖν</span> <span class='ocrx_word' id='word_1_882' title='bbox 890 5555 967 5613; x_wconf 82' lang='grc' dir='ltr'>ἓν.</span> 
     </span>
    </p>
   </div>
   <div class='ocr_carea' id='block_1_117' title="bbox 435 5631 2001 5711">
    <p class='ocr_par' dir='ltr' id='par_1_117' title="bbox 435 5631 2001 5711">
     <span class='ocr_line' id='line_1_118' title="bbox 435 5631 2001 5711; baseline 0.004 -26"><span class='ocrx_word' id='word_1_883' title='bbox 435 5633 547 5703; x_wconf 85' lang='grc'>(37)</span> <span class='ocrx_word' id='word_1_884' title='bbox 580 5631 932 5708; x_wconf 72' lang='grc' dir='ltr'>Προὶὲμενος.</span> <span class='ocrx_word' id='word_1_885' title='bbox 982 5631 1441 5691; x_wconf 86' lang='lat' dir='ltr'>Convenientius</span> <span class='ocrx_word' id='word_1_886' title='bbox 1497 5635 1879 5711; x_wconf 60' lang='grc' dir='ltr'>προσήμενος,</span> <span class='ocrx_word' id='word_1_887' title='bbox 1911 5639 2001 5694; x_wconf 83' lang='lat' dir='ltr'>ad.</span> 
     </span>
    </p>
   </div>
   <div class='ocr_carea' id='block_1_118' title="bbox 2124 5418 3253 5493">
    <p class='ocr_par' dir='ltr' id='par_1_118' title="bbox 2124 5418 3253 5493">
     <span class='ocr_line' id='line_1_119' title="bbox 2124 5418 3253 5493; baseline -0.003 -15"><span class='ocrx_word' id='word_1_888' title='bbox 2124 5425 2381 5493; x_wconf 81' lang='lat' dir='ltr'>mittens,_</span> <span class='ocrx_word' id='word_1_889' title='bbox 2390 5418 2675 5493; x_wconf 77' lang='lat' dir='ltr'>inquiunt</span> <span class='ocrx_word' id='word_1_890' title='bbox 2705 5418 2999 5493; x_wconf 72' lang='lat' dir='ltr'>Sylburg.,</span> <span class='ocrx_word' id='word_1_891' title='bbox 3035 5420 3253 5476; x_wconf 86' lang='lat' dir='ltr'>Lowth.</span> 
     </span>
    </p>
   </div>
   <div class='ocr_carea' id='block_1_119' title="bbox 2193 5490 3796 5566">
    <p class='ocr_par' dir='ltr' id='par_1_119' title="bbox 2193 5490 3796 5566">
     <span class='ocr_line' id='line_1_120' title="bbox 2193 5490 3796 5566; baseline 0.001 -18"><span class='ocrx_word' id='word_1_892' title='bbox 2193 5494 2318 5566; x_wconf 86' lang='lat'>(38_)_</span> <span class='ocrx_word' id='word_1_893' title='bbox 2363 5490 2549 5566; x_wconf 71' lang='grc' dir='ltr'>Πάντα</span> <span class='ocrx_word' id='word_1_894' title='bbox 2581 5533 2594 5546; x_wconf 93' lang='grc'><strong>.</strong></span> <span class='ocrx_word' id='word_1_895' title='bbox 2656 5490 2946 5566; x_wconf 54' lang='grc' dir='ltr'>Ιξθερίοἱιξ</span> <span class='ocrx_word' id='word_1_896' title='bbox 2976 5492 3111 5546; x_wconf 86' lang='lat' dir='ltr'>Luc.</span> <span class='ocrx_word' id='word_1_897' title='bbox 3162 5510 3218 5559; x_wconf 77' lang='grc' dir='ltr'>ι,</span> <span class='ocrx_word' id='word_1_898' title='bbox 3279 5494 3396 5566; x_wconf 49' lang='grc'>22]</span> <span class='ocrx_word' id='word_1_899' title='bbox 3440 5495 3631 5547; x_wconf 80' lang='grc' dir='ltr'>Πάντα</span> <span class='ocrx_word' id='word_1_900' title='bbox 3688 5516 3796 5563; x_wconf 83' lang='grc' dir='ltr'>μοι</span> 
     </span>
    </p>
   </div>
   <div class='ocr_carea' id='block_1_120' title="bbox 2115 5561 3787 5639">
    <p class='ocr_par' dir='ltr' id='par_1_120' title="bbox 2115 5561 3787 5639">
     <span class='ocr_line' id='line_1_121' title="bbox 2115 5561 3787 5639; baseline 0.001 -20"><span class='ocrx_word' id='word_1_901' title='bbox 2115 5561 2393 5639; x_wconf 77' lang='grc' dir='ltr'>παρεδόθη</span> <span class='ocrx_word' id='word_1_902' title='bbox 2457 5562 2562 5639; x_wconf 66' lang='grc' dir='ltr'>ῦπὸ</span> <span class='ocrx_word' id='word_1_903' title='bbox 2603 5563 2702 5639; x_wconf 70' lang='grc' dir='ltr'>τοῦ</span> <span class='ocrx_word' id='word_1_904' title='bbox 2751 5561 2970 5639; x_wconf 63' lang='grc' dir='ltr'>ΔΠοιτρόςς</span> <span class='ocrx_word' id='word_1_905' title='bbox 3031 5581 3159 5639; x_wconf 62' lang='grc' dir='ltr'>μου·</span> <span class='ocrx_word' id='word_1_906' title='bbox 3195 5568 3307 5639; x_wconf 60' lang='lat' dir='ltr'>et}</span> <span class='ocrx_word' id='word_1_907' title='bbox 3337 5564 3469 5639; x_wconf 16' lang='lat' dir='ltr'>Cgor.</span> <span class='ocrx_word' id='word_1_908' title='bbox 3525 5581 3628 5636; x_wconf 79' lang='lat' dir='ltr'>xv,</span> <span class='ocrx_word' id='word_1_909' title='bbox 3661 5561 3735 5621; x_wconf 72' lang='lat'>‘27</span> <span class='ocrx_word' id='word_1_910' title='bbox 3771 5587 3787 5637; x_wconf 87' lang='lat'><strong>;</strong></span> 
     </span>
    </p>
   </div>
   <div class='ocr_carea' id='block_1_121' title="bbox 2117 5631 3421 5708">
    <p class='ocr_par' dir='ltr' id='par_1_121' title="bbox 2117 5631 3421 5708">
     <span class='ocr_line' id='line_1_122' title="bbox 2117 5631 3421 5708; baseline -0.002 -16"><span class='ocrx_word' id='word_1_911' title='bbox 2117 5631 2296 5692; x_wconf 69' lang='grc' dir='ltr'>Πάντα</span> <span class='ocrx_word' id='word_1_912' title='bbox 2323 5633 2426 5708; x_wconf 78' lang='grc' dir='ltr'>γὰρ</span> <span class='ocrx_word' id='word_1_913' title='bbox 2459 5632 2712 5704; x_wconf 67' lang='grc' dir='ltr'>ὑπέταξεν</span> <span class='ocrx_word' id='word_1_914' title='bbox 2745 5632 2849 5688; x_wconf 83' lang='grc' dir='ltr'>ὑπὸ</span> <span class='ocrx_word' id='word_1_915' title='bbox 2872 5631 3002 5695; x_wconf 76' lang='grc' dir='ltr'>τοὺς</span> <span class='ocrx_word' id='word_1_916' title='bbox 3027 5631 3202 5696; x_wconf 80' lang='grc' dir='ltr'>πόδας</span> <span class='ocrx_word' id='word_1_917' title='bbox 3233 5631 3421 5690; x_wconf 79' lang='grc' dir='ltr'>αὐτοῦ.</span> 
     </span>
    </p>
   </div>
  </div>
