4050 6188
1549 312 2004 373 ΒΤΒΟΠΛἸὍΠ.
2033 316 2170 370 LIB.
2211 315 2255 370 Ι.

3508 319 3618 374 910

195 427 429 505 (ὡδήγει
484 429 585 507 γὰρ
670 428 974 509 ἔμπροσθεν
1039 433 1240 508 αὐτῶν)
1297 435 1403 510 ἦγε
1457 434 1668 511 νύκτωρ
1723 435 1851 499 τοὺς

1972 439 2380 504 assueﬁerent,
2413 437 2472 492 id
2505 437 2752 494 alterius
2782 436 3245 508 dispensationis
3269 437 3620 512 fuit.Moysis

197 513 494 594 Ἐϐραίους
528 518 597 576 δι’
628 516 854 594 ἀϐάτου,
883 521 935 578 ἐν
970 523 1159 588 πόνοις
1193 523 1283 580 καὶ
1313 521 1657 601 ὁδοιπορίαις
1691 524 1766 588 εἷς
1796 546 1856 581 τε

195 605 450 684 ἀνδρείαν
481 609 559 673 εἷς
610 632 669 666 τε
721 611 1002 688 καρτερίαν
1034 612 1324 689 γυμνάζων
1352 614 1442 671 καὶ
1501 609 1856 688 συμϐιϐαζων

196 697 421 761 αὐτούς’
447 696 540 754 ’ίνα
567 699 658 756 καὶ
691 701 907 776 χρηστᾶ
923 703 991 757 τὰ
1017 709 1118 770 τῆς
1150 704 1341 780 χώρας
1376 705 1512 777 μετὰ
1538 705 1637 773 τὴν
1661 711 1855 780 πεῖραν

193 791 308 842 τῶν
347 784 658 844 δοκούντων
685 786 875 846 δεινῶν
907 795 1070 868 φανῇ,
1103 791 1179 854 εἷς
1235 790 1302 862 ήν
1331 791 1383 868 ἐξ
1441 789 1663 857 ἀνοδίας
1691 793 1856 868 παρέ-

193 897 414 949 πεμπεν
447 877 663 940 αύτούς.
691 879 796 936 Ναὶ
832 881 939 953 μὴν
972 881 1058 936 καί
1092 879 1218 944 τοὺς
1253 879 1578 954 πολεμίους,
1600 879 1726 944 τοὺς
1757 888 1859 951 τῆς

195 965 393 1040 χώρας
451 968 975 1043 προκαθεζομένους.
1031 972 1484 1045 τροπωσάμενος,
1527 973 1858 1038 ἀπέκτεινεν,

197 1053 251 1128 ἐξ
273 1055 371 1131 ἐρή
385 1075 492 1116 μου
523 1057 610 1112 καί
639 1059 897 1133 τραχείας
925 1057 1055 1114 ὁδοῦ
1076 1060 1320 1132 κτοιαύτη
1352 1060 1453 1137 γὰρ
1485 1063 1522 1130 ἡ
1556 1061 1718 1131 ἀρετή
1763 1063 1859 1115 τοῦ

198 1150 595 1222 στρατηγικοῦ)
643 1147 960 1221 ἐπιθέμενος
1002 1150 1208 1213 αὐτοῖς.
1267 1151 1584 1227 Ἐμπειρίας
1631 1151 1736 1226 γὰρ
1767 1149 1858 1204 καὶ

198 1235 539 1310 στρατηγίας
567 1232 726 1312 ἔργον
755 1237 822 1306 ἦν
849 1238 911 1292 τὸ
939 1239 1040 1307 τήν
1083 1237 1269 1312 χώραν
1302 1243 1409 1294 τῶν
1441 1237 1724 1312 πολεμίων
1755 1236 1859 1293 λα-

197 1318 343 1382 ϐεἷν.
368 1326 547 1382 Τοῦτο
581 1323 809 1381 συνιδὼν
845 1325 1177 1399 Μιλτιάδης,
1211 1330 1357 1384 ὁτῶν
1385 1329 1684 1397 Ἀθηναίων
1699 1350 1858 1406 στρα-

192 1413 393 1490 τηγὸς,
425 1415 454 1467 6
482 1416 551 1488 τῇ
584 1412 636 1469 ὲν
668 1417 961 1489 Μαραθῶνι
997 1417 1154 1492 μάχῃ
1201 1419 1426 1488 νικήσας
1453 1417 1583 1480 τοὺς
1631 1420 1858 1492 Πέρσας,

199 1500 526 1576 ὖμιμήσατο
592 1501 746 1559 τόνδε
813 1504 906 1559 τὸν
978 1505 1206 1581 τρόπον·
1263 1505 1440 1583 ἤγαγε
1490 1507 1618 1571 τοὺς
1694 1509 1857 1581 Ἀθη-

195 1590 393 1654 ναίους
438 1593 672 1667 νύκτωρ,
728 1591 798 1648 δι’
856 1591 1076 1657 ἀνοδίας
1131 1592 1376 1666 βαδίσας,
1430 1597 1521 1651 καί
1573 1595 1857 1668 πλανήσας

194 1679 330 1742 τους
360 1685 657 1754 τηροῦντας
687 1680 849 1737 αὐτὸν
878 1687 986 1738 τῶν
1021 1679 1326 1760 βαρϐάρωνο
1379 1685 1406 1740 ὁ
1462 1685 1564 1760 γὰρ
1625 1686 1858 1758 Ἰππίας,

1968 544 2104 601 ergo
2137 528 2310 584 docet
2340 531 2716 600 stratagema,
2777 532 2902 582 tum
2952 526 3191 582 demum
3222 530 3617 602 aggredienda

1969 633 2096 674 esse
2127 615 2410 690 pericula,
2441 633 2574 672 cum
2607 632 2832 687 ea,quae
2865 617 3092 672 suntiis
3123 617 3485 688 repellendis
3501 620 3614 674 uti-

1966 707 2066 774 lia,
2100 707 2334 779 provisa
2362 706 2604 761 fuerint.
2640 707 2708 760 Et
2739 711 2896 760 certe
2919 707 3112 760 evenit
3143 707 3397 777 id,quod
3421 708 3615 780 suspi-

1964 801 2130 852 catus
2158 801 2263 852 est.
2297 798 2362 850 In
2395 796 2561 867 equis
2584 795 2742 850 enim
2776 800 2833 850 et
2863 795 3134 850 curribus
3166 799 3459 866 persecuti
3480 805 3619 852 sunt

1965 885 2212 956 Egyptii
2247 903 2260 952 ;
2295 884 2398 940 sed
2429 885 2544 940 cito
2563 883 2891 957 perierunt,
2924 901 3058 939 cum
3091 901 3252 938 mare
3277 884 3612 957 disruptum

1966 979 2140 1040 esset,
2176 980 2234 1028 et
2265 975 2422 1044 ipsos
2453 991 2587 1029 cum
2643 973 2813 1044 equis
2865 979 2924 1028 et
2980 974 3252 1028 curribus
3302 975 3616 1044 obruisset,

1963 1062 2111 1117 adeo
2143 1068 2208 1116 ut
2233 1079 2436 1117 eorum
2491 1061 2670 1116 nullm
2716 1062 3116 1118 remanserint
3145 1062 3432 1133 reliquiae.
3483 1065 3622 1118 Post

1966 1151 2092 1206 haec
2123 1157 2322 1206 autem
2353 1167 2608 1222 sequens
2630 1157 2687 1205 et
2717 1151 3009 1206 comitaris
3031 1151 3310 1207 columna
3340 1151 3619 1223 ignis(eos

1965 1239 2757 1312 enim-Xsprmcedebatﬂuxit
2787 1247 2964 1295 noctu
2997 1242 3271 1296 Hebraeos
3303 1258 3410 1312 per
3429 1242 3620 1314 regio-

1965 1346 2102 1385 nem
2130 1329 2824 1398 inaccessam,laboribus
2856 1335 2914 1384 et
2934 1330 3247 1386 itineribus
3278 1331 3350 1386 ad
3365 1331 3546 1385 robur
3563 1336 3620 1386 et

1962 1418 2375 1474 fortitudinem
2407 1435 2508 1474 eos
2567 1435 2848 1474 exercens
2877 1436 2946 1474 ac
2994 1419 3322 1475 inducens:
3358 1426 3422 1474 ut
3442 1424 3614 1490 post-

1965 1525 2145 1579 quam
2177 1525 2406 1575 eorum,
2441 1525 2571 1579 quaa
2594 1507 2945 1562 videbantur
2964 1509 3518 1580 gravia,periculum
3532 1509 3618 1564 fe-

1965 1598 2207 1665 cissent,
2225 1613 2403 1667 quam
2434 1596 2593 1652 bona
2623 1602 2782 1651 esset
2810 1602 3124 1667 appareret
3152 1597 3413 1667 regio,ad
3437 1614 3616 1667 quam

1967 1702 2067 1742 eos
2097 1703 2167 1741 ex
2222 1686 2315 1741 via
2345 1686 2502 1740 invia
2533 1684 2991 1740 transmittebat.
3027 1684 3364 1749 Quinetiam
3394 1685 3618 1752 hostes,

204 1770 245 1866 ὁ.
264 1773 378 1824 τῶν
439 1770 742 1839 Ἀθηναίων
785 1773 1044 1838 ἀποστὰς,
1083 1772 1320 1850 ἐπήγαγε
1373 1774 1504 1836 τοὺς
1551 1770 1857 1851 βαρϐάρους

1972 1775 2066 1847 qui
2095 1776 2259 1847 prius
2277 1792 2408 1831 eam
2439 1773 3188 1847 regioneminsidebant,in
3213 1773 3408 1846 fugam
3423 1791 3620 1828 versos

199 1857 281 1920 είς
328 1859 430 1927 τὴν
483 1861 760 1932 Ἀττικὴν,
815 1862 904 1918 καί
960 1864 1086 1925 τοὺς
1150 1863 1460 1940 ἐπικαίρους
1506 1870 1614 1921 τῶν
1673 1865 1857 1921 τόπων

1972 1865 2200 1932 occidit,
2235 1881 2335 1919 eos
2362 1881 2432 1919 ex
2459 1864 2780 1918 solitudine
2813 1870 2872 1918 et
2923 1863 3015 1918 via
3073 1879 3284 1934 aspera
3336 1863 3428 1934 (ea
3458 1863 3620 1916 enim

194 1943 760 2022 προκαταλαϐόμενος
793 1949 1077 2028 ἐφύλαττε,
1111 1948 1199 2007 διὰ
1225 1953 1286 2008 τὸ
1339 1960 1440 2023 τῆς
1489 1955 1681 2030 χώρας
1712 1952 1859 2030 ἔχειν

190 2037 301 2106 τὴν
337 2036 647 2110 ἐμπειρίαν.
679 2040 876 2116 Ἔργον
916 2040 1010 2114 μὶν
1043 2039 1134 2096 οὗν
1165 2043 1236 2111 ἦν
1263 2043 1356 2098 τὸν
1406 2044 1617 2101 Ἱππίαν
1653 2043 1856 2109 λαθεῖν·

197 2127 328 2191 ὅθεν
354 2126 580 2192 εἰκότως
604 2129 632 2182 6
665 2126 977 2200 Μιλτιάδης
1037 2130 1495 2206 συγχρησαμενος
1537 2129 1724 2204 ἀνοδίᾳ
1777 2155 1857 2202 τε,

195 2215 291 2270 καὶ
318 2216 474 2270 νυκτὶ
505 2214 822 2290 ἰπιθὲμενος
853 2223 972 2280 τοῖς
1020 2218 1270 2292 Πέρσαις,
1303 2219 1376 2274 ὧν
1436 2221 1594 2284 Δάτις
1647 2224 1856 2297 ἡγεῖτο,

193 2304 265 2359 τὰ
293 2305 437 2359 κατᾶ
465 2305 556 2359 τὸν
591 2306 799 2381 ἀγῶνα,
855 2308 971 2379 μετ’
1019 2306 1236 2363 ἐκείνων
1297 2309 1370 2363 ὧν
1426 2310 1591 2375 αὐτὸς
1643 2313 1857 2386 ἠγεῖτο,

193 2394 582 2468 κατώρθωσεν.
644 2393 821 2452 ’Λλλά
868 2397 956 2451 καὶ
1017 2393 1388 2473 Θρασυϐούλῳ
1417 2397 1545 2461 τοὺς
1603 2398 1855 2456 ἐκπεσόνο

191 2503 294 2546 τας
323 2483 432 2538 ἀπὸ
456 2481 646 2554 Φυλῆς
678 2486 790 2558 (39)
821 2485 1175 2562 καταγαγόντι
1233 2486 1323 2542 καὶ
1386 2487 1712 2563 βουλομένῳ
1760 2488 1859 2546 λαο

196 2573 316 2626 θεῖν
352 2569 551 2634 στύλος
597 2569 801 2648 ὁδηγὸς
849 2575 1054 2649 γίνεται
1107 2573 1196 2630 διὰ
1249 2581 1356 2632 τῶν
1407 2573 1645 2653 ἀτριϐὦν
1697 2577 1857 2634 ίόντι·

198 2665 284 2732 τῷ
306 2655 683 2736 Θρασυϐούλῳ
735 2661 973 2736 νύκτωρ,
1023 2664 1296 2736 ἀσελήνου
1324 2665 1414 2722 καὶ
1470 2664 1858 2744 δυσχειμερίου

199 2755 301 2804 τοῦ
348 2752 736 2824 κατασήματος
783 2753 1098 2828 γεγονότος,
1154 2759 1260 2828 πῦρ
1315 2757 1527 2830 ἕωρᾶτο
1577 2757 1857 2834 προηγού-

205 2860 396 2914 μενον,
453 2840 586 2916 ὅπερ
645 2841 839 2904 αὐτοὺς
901 2842 1207 2908 ἀπταίστως
1289 2845 1618 2920 προπέμψαν
1652 2890 1668 2918 ,
1723 2847 1861 2901 κατὰ

196 2931 301 2999 τὴν
345 2929 660 2987 Μουνυχίαν
694 2929 957 3002 ἐξέλιπενο
1013 2931 1138 2998 ἔνθα
1184 2932 1275 2988 νῦν
1309 2937 1337 2990 6
1393 2942 1493 3005 τῆς
1553 2936 1860 3014 Φωσφόρου

203 3016 401 3094 βωμός
464 3018 597 3076 ἐστι.
652 3023 824 3076 Ιίιστὰ
880 3020 1058 3078 τοίνυν
1103 3023 1168 3078 τὰ
1197 3024 1440 3102 ἡμέτερα
1491 3022 1588 3080 κᾶν
1621 3024 1857 3081 ἐντεῦθεν

193 3108 437 3184 γενέσθω
467 3114 586 3171 τοῖς
619 3108 908 3183 Ἕλλησιν·
944 3111 1026 3166 ὅτι
1087 3109 1188 3188 ἄρα
1247 3111 1468 3169 δυνατὸν
1511 3118 1590 3187 τῷ
1649 3135 1852 3170 παντο-

1963 1970 2058 2009 ars
2088 1952 2200 2008 fuit
2225 1953 2628 2024 imperatoria)
2653 1969 2983 2024 aggressus.
3019 1953 3135 2006 Hoc
3169 1951 3327 2006 enim
3361 1957 3485 2006 erat
3515 1967 3620 2022 pe-

1962 2043 2113 2098 ritia:
2147 2048 2204 2098 et
2224 2043 2619 2115 imperatoriae
2652 2042 2916 2096 scientiae
2949 2058 3117 2112 opus,
3151 2041 3408 2095 hostium
3433 2041 3616 2113 regio-

1962 2147 2099 2186 nem
2130 2148 2474 2202 occupasse.
2509 2129 2672 2196 Quod
2705 2147 2838 2186 cum
2861 2130 3378 2186 animadvertisset
3404 2130 3614 2185 Miltia-

1963 2220 2426 2292 des,imperator
2454 2219 2857 2288 Atheniensis,
2892 2220 2991 2291 qui
3025 2220 3390 2275 Marathonia
3420 2235 3618 2292 pugna

1964 2310 2100 2364 vicit
2127 2311 2358 2375 Persas,
2391 2310 2501 2364 hoc
2547 2309 2724 2364 modo
2757 2314 2848 2362 est
2903 2309 3168 2364 imitatus
3198 2325 3210 2364 :
3246 2315 3422 2364 noctu
3450 2309 3619 2364 duxit

1963 2398 2358 2453 Athenienses
2388 2413 2494 2469 per
2523 2396 2654 2452 loca
2685 2396 2841 2451 invia
2873 2397 2985 2451 iter
3026 2396 3272 2464 faciens,
3297 2403 3355 2452 et
3385 2415 3485 2453 eos
3517 2397 3619 2469 qui

1964 2487 2159 2559 ipsum
2205 2485 2616 2552 observabant,
2676 2485 2959 2541 barbaros
3001 2486 3325 2558 decipiens.
3382 2487 3624 2559 Hippias

1967 2577 2152 2639 enim,
2177 2575 2277 2647 qui
2297 2575 2596 2631 defecerat
2624 2573 2696 2630 ab
2730 2575 3210 2642 Atheniensibus,
3241 2574 3530 2631 barbaros
3563 2577 3625 2630 in

1968 2667 2212 2722 Atticam
2245 2665 2578 2728 induxerat,
2599 2669 2657 2719 et
2682 2666 3107 2735 opportuniora
3133 2664 3426 2732 loca,cum
3451 2665 3628 2720 istius

1965 2754 2223 2828 regionis
2255 2761 2412 2809 esset
2442 2755 2690 2826 peritus,
2723 2757 3356 2825 prmoccupaverat.Ac
3379 2752 3627 2807 difﬁcile

1965 2845 2207 2916 quidem
2239 2843 2560 2900 eratlatere
2591 2842 2862 2914 Hippiam
2890 2859 2902 2896 :
2928 2842 3086 2896 unde
3101 2843 3313 2896 merito
3335 2839 3628 2896 Miltiades

1964 2939 2024 2988 et
2051 2933 2198 2988 locis
2233 2933 2406 2987 inviis
2436 2949 2601 2999 usus,
2623 2939 2681 2986 et
2711 2937 2884 2986 nocte
2914 2948 3225 3004 aggressus
3258 2931 3626 3002 Persas,qui-

1963 3022 2074 3078 bus
2104 3028 2356 3095 praeerat
2386 3022 2568 3090 Datis,
2628 3038 2763 3076 cum
2821 3021 2944 3076 suis
3003 3020 3294 3076 militibus
3356 3020 3630 3092 superior

1967 3113 2168 3168 evasit.
2221 3111 2557 3178 Quinetiam
2613 3111 3000 3181 Thrasybulo,
3065 3127 3199 3165 cum
3255 3110 3489 3165 exsules
3560 3127 3630 3165 ex

193 3202 429 3273 κράτορι
483 3203 620 3270 Θεῷ,
679 3203 1036 3276 προηγεῖσθαι
1091 3178 1316 3274 ποιῆσαι
1385 3208 1500 3267 τοῖς
1563 3178 1852 3280 ”Εϐραίοις

1972 3201 2156 3273 Phyla
2183 3199 2498 3267 reducens,
2523 3199 2706 3255 latere
2739 3178 3157 3270 cuipiebat,dux
3186 3199 3300 3253 fuit
3326 3199 3627 3266 columna,

193 3286 416 3362 νύκτωρ
449 3287 645 3343 στυλον
677 3290 868 3364 πυρὸς,
896 3291 987 3345 τὸν
1040 3292 1127 3346 καί
1187 3293 1641 3368 καθηγησάμενον
1675 3291 1858 3358 αὐτοῖς

194 3378 301 3440 τῆς
331 3373 485 3432 ὁδοῦ.
519 3377 738 3453 Λέγεται
762 3375 818 3432 δὲ
838 3378 925 3433 καὶ
949 3379 1000 3432 ἐν
1030 3385 1274 3455 χρησμῷ
1302 3401 1428 3436 τινι*

1969 3309 2076 3364 per
2105 3291 2233 3345 loca
2260 3306 2381 3344 non
2403 3289 2540 3343 trita
2562 3288 2917 3361 ingredienti
2939 3293 3028 3354 ;et
3058 3294 3236 3343 noctu
3261 3304 3386 3344 cum
3406 3305 3515 3343 nec
3541 3289 3636 3343 lu-

1971 3386 2131 3436 ceret
2161 3379 2323 3446 luna,
2357 3377 2794 3448 hibernumque
2826 3376 3038 3432 caalum
3071 3382 3228 3432 esset
3257 3382 3316 3432 et
3350 3377 3636 3449 caligino-

194 3482 357 3531 sum,
388 3467 711 3540 apparebat
740 3469 892 3544 ignis
908 3471 1272 3542 praecedens,
1302 3472 1402 3544 qui
1431 3488 1563 3527 cum
1598 3488 1700 3528 eos
1734 3478 1890 3528 tutos
1921 3469 2286 3535 deduxisset,
2318 3483 2502 3538 prope
2533 3466 2909 3538 Munychiam
2941 3464 3180 3534 defecit,
3203 3465 3308 3520 ubi
3359 3483 3519 3520 nunc
3552 3471 3642 3520 est

195 3572 302 3610 ara
337 3555 638 3612 Lucifera.
675 3557 775 3613 Vel
807 3575 876 3613 ex
906 3559 1019 3615 hoc
1042 3577 1176 3633 ergo
1205 3561 1355 3616 ﬁant
1385 3567 1589 3617 nostra
1623 3563 1842 3618 Graecis
1872 3558 2202 3624 credibilia,
2235 3571 2450 3626 nempe
2483 3555 2642 3626 quod
2674 3554 2867 3610 facere
2899 3560 3094 3627 potest
3154 3555 3310 3610 Deus
3358 3553 3640 3625 omnipo-

193 3651 356 3712 tens,
385 3652 451 3699 ut
481 3646 760 3703 columna
789 3648 941 3721 ignis
968 3649 1244 3706 Hebraeos
1274 3656 1454 3706 noctu
1485 3650 1801 3722 praecedat,
1830 3667 1962 3724 qua)
1994 3648 2173 3705 etiam
2201 3645 2320 3701 dux
2348 3645 2425 3700 sit
2455 3659 2660 3700 eorum
2689 3644 2940 3700 itineris.
2975 3645 3157 3699 Porro
3189 3649 3396 3699 autem
3428 3643 3645 3698 dicitur

204 3733 393 3790 etiam
428 3734 488 3789 in
523 3735 782 3807 quodam
811 3754 1099 3811 responso
1134 3756 1147 3794 :

359 3839 576 3903 Στύλος
611 3836 897 3911 Θηϐαίοισι
938 3842 1244 3908 Διώνυσσος
1267 3843 1619 3920 πολυγηθὴς,

210 3945 270 4003 ἑκ
297 3951 404 4013 τῆς
434 3951 560 4022 παρ’
587 3943 862 4026 Ἑϐραίοις
891 3951 1154 4026 ἱστορίας.
1215 3951 1393 4009 Ἀλλὰ
1420 3952 1509 4008 καὶ
1570 3949 1872 4029 Εὐριπίδης

212 4037 265 4094 ἐν
292 4038 559 4114 Ἀντιόπῃ
587 4040 773 4117 φησιν’

325 4142 622 4223 ..._’_’Ev3_ov
643 4142 701 4205 δὶ
732 4144 1312 4223 θαλάμοις-,βουκόλον

397 4216 675 4290 Κομῶντα
702 4216 895 4290 κισσῷ,
927 4216 1124 4275 στύλον
1174 4220 1339 4276 Edico
1372 4220 1517 4278 θεοῦ.

218 4322 583 4398 Σημαίνειδὶ
638 4328 666 4382 6
723 4327 922 4391 στύλος
977 4329 1038 4383 τὸ
1064 4325 1428 4384 ἀνεικὸνιστον
1458 4333 1554 4383 τοῦ
1603 4332 1758 4386 Θεοῦ.
1818 4329 1875 4382 '0

219 4412 280 4470 δὶ
311 4415 735 4489 πεφωτισμένος
765 4416 986 4489 στύλος,
1019 4419 1156 4492 πρὸς
1188 4423 1270 4491 τῷ
1296 4418 1360 4473 τὸ
1384 4417 1747 4474 ἁνεικόνιστον
1778 4438 1876 4486 ση-

222 4503 470 4576 μαίνειν,
504 4500 670 4574 δῆλοι
697 4505 761 4560 τὸ
792 4507 962 4570 δστὼς
988 4509 1079 4562 καί
1115 4507 1348 4580 μόνιμον
1376 4511 1474 4562 τοῦ
1505 4510 1661 4576 Θεοῦ,
1691 4506 1779 4560 καὶ
1812 4506 1875 4561 τὸ

220 4591 498 4667 ἄτρεπτον
532 4593 697 4649 αὐτοῦ
743 4599 879 4671 φῶς,
933 4596 1023 4650 καί
1067 4595 1501 4671 ἀσχημάτιστον.
1559 4596 1690 4671 Πρὶν
1747 4598 1873 4668 γοῦν

213 4677 603 4757 ἆκριϐωθῆναι
633 4684 728 4748 τὰς
749 4690 858 4740 τῶν
889 4683 1220 4760 ἀγαλμάτων
1254 4685 1486 4760 σχέσεις,
1536 4683 1723 4748 κίονας
1763 4687 1877 4756 (40)

212 4772 473 4832 ἱστάντες
505 4771 559 4825 οἱ
587 4771 839 4844 παλαιοί,
875 4768 1059 4830 ἔσεϐον
1115 4773 1344 4836 τούτους
1397 4775 1470 4836 ὡς
1527 4770 1877 4851 ἀφιδρύματα

209 4862 311 4917 τοῦ
348 4863 488 4915 Θεοῦ
524 4862 717 4939 Γράφει
742 4867 870 4937 γοῦν
894 4863 924 4917 6
951 4864 1050 4931 τήν
1083 4862 1373 4940 Φορωνίδα
1403 4864 1658 4933 ποιήσας·

2086 3841 2425 3898 Exhilarans
2455 3840 2702 3896 Bacchus
2755 3840 3025 3895 Thebanis
3049 3856 3158 3896 esse
3186 3839 3462 3908 columna,

1981 3951 2128 4008 ’151
2171 3967 2243 4005 ex
2273 3949 2654 4003 Hebraeorum
2687 3948 2957 4004 historia.
2978 3949 3314 4014 Quinetiam
3332 3947 3643 4019 Euripides

1983 4040 2128 4096 dicit
2156 4039 2217 4093 in
2252 4039 2493 4108 Antiopa
2521 4053 2540 4092 :

2210 4145 2512 4198 Bubulcum
2544 4143 2633 4198 hic
2674 4145 2732 4198 in
2763 4144 3032 4199 cubilibus

2090 4217 2305 4271 Hedera
2334 4222 2660 4284 comantem,
2702 4215 3013 4270 columnam
3044 4217 3171 4269 Evii
3205 4216 3313 4268 dei.

1986 4323 2288 4396 Signiﬁcat
2318 4327 2516 4376 autem
2550 4320 2846 4388 columna,
2898 4336 3018 4375 non
3049 4336 3222 4390 posse
3281 4319 3478 4391 efﬁngi
3539 4317 3640 4372 Dei

1986 4412 2326 4484 imaginem.
2363 4410 2702 4465 llluminata
2732 4415 2929 4465 autem
2963 4409 3259 4473 columna,
3280 4414 3497 4478 praeter
3528 4407 3640 4460 hoc

1985 4501 2145 4574 quod
2168 4500 2609 4573 signiﬁcat,non
2626 4515 2799 4568 posse
2816 4498 3014 4569 efﬁngi
3031 4496 3482 4568 imaginem,Dei
3504 4511 3644 4565 quo-

1987 4608 2101 4663 que
2119 4589 2502 4646 stabilitatem
2531 4585 2828 4657 signiﬁcat
2857 4602 2923 4640 ac
2955 4586 3325 4652 ﬁrmitatem,
3351 4585 3639 4639 etimmu-

1985 4679 2229 4735 tabilem
2261 4677 2390 4747 ejus
2422 4675 2638 4739 lucem,
2671 4690 2921 4744 qumque
2972 4691 3092 4728 non
3143 4679 3341 4744 potest
3381 4672 3638 4744 ﬁgurari.

1986 4769 2156 4824 Prius
2183 4768 2382 4836 itaque
2416 4780 2596 4833 quam
2642 4769 2876 4834 reperta
2931 4770 3023 4818 est
3051 4780 3147 4818 ars
3174 4763 3363 4818 varias
3395 4761 3642 4816 simula-

1985 4871 2223 4913 crorum
2254 4856 2475 4907 formas
2521 4851 2869 4923 efﬁngendi,
2897 4859 3125 4907 veteres
3156 4851 3466 4906 columnas
3526 4849 3641 4904 eri-

213 4956 461 5025 gentes,
482 4966 581 5006 eas
611 4952 890 5010 colebant
919 4959 1200 5025 tanquam
1231 4955 1331 5010 Dei
1362 4960 1607 5010 statuas.
1646 4957 1832 5022 Atque
1875 4948 2095 5004 idcirco
2127 4944 2212 4999 sic
2239 4941 2450 4996 vcribit
2468 4941 2803 4995 Phoronidis
2834 4948 3038 4996 auctor
3063 4958 3075 4996 :

215 5053 516 5131 Καλλιθόη
543 5053 874 5131 κλειδοῦχος
898 5055 1270 5131 Ὀλυμπιάδος
1306 5057 1591 5131 βασιλείης

211 5132 410 5197 ’Ποης
444 5127 719 5203 ’Δργείης,
751 5127 813 5201 {‘1‘
843 5127 1115 5204 στέμμασι
1146 5132 1238 5186 καὶ
1294 5127 1571 5185 θυσάνοισι

295 5244 366 5312 ἰφ
397 5245 461 5298 Ρ.
485 5246 586 5300 448
616 5247 727 5302 ED.
761 5247 1052 5319 POTTER,
1085 5249 1187 5303 348
1208 5250 1318 5304 ΕΙ).
1349 5247 1578 5304 PARIS.

445 5349 582 5432 ’ᾼπὸ
612 5351 826 5432 φυλῆς.
851 5359 941 5432 II_.,
971 5352 1078 5432 ᾇπὸ
1110 5353 1396 5432 φυλακῆς,
1424 5377 1450 5408 ε
1471 5351 1879 5432 a_custo_dia_._»

223 5420 350 5477 Sed
369 5419 586 5499 φυλήν,
620 5419 856 5499 daemon
879 5419 1430 5499 Atticuni,agnoscit
1457 5426 1635 5499 etiam
1660 5423 1888 5499 Eschi-

223 5494 452 5568 nes_De
475 5492 624 5564 falsa
654 5498 756 5568 leg.
780 5515 914 5554 cum
944 5499 1028 5553 ait
1052 5515 1097 5568 :_
1120 5492 1279 5553 Ὄέοι
1339 5496 1514 5552 αὐτῶν
1546 5493 1634 5568 ἐπὶ
1691 5492 1884 5562 Φυλῆς

1912 5059 1959 5124 D

2205 5048 2479 5105 Callithoe
2511 5048 2714 5102 clavem
2745 5051 2950 5117 reginae
2977 5055 3154 5118 gestat
3185 5049 3424 5119 Olympi,

2204 5123 2253 5176 Α
2271 5137 2383 5190 qua
2402 5121 2636 5174 lunonis
2666 5127 2808 5174 serto
2832 5119 3183 5190 pulchraque
3211 5121 3419 5175 corolla

1993 5345 2176 5421 phani
2203 5343 2488 5421 “mimica:
2522 5343 2795 5421 Sigeum.

2066 5421 2174 5490 (40)
2203 5413 2425 5490 Κίονας.
2451 5414 2617 5490 Conf.
2652 5414 2940 5490 Eusebius
2993 5415 3422 5490 l’raeparationis
3459 5428 3654 5490 _evano

1994 5484 2184 5562 gelicce
2216 5487 2319 5542 lib.
2356 5503 2401 5562 ι,
2416 5502 2547 5558 cap.
2581 5489 2637 5554 9,
2665 5491 2725 5542 et
2766 5484 3156 5556 Archoeologiaz
3202 5490 3421 5542 nostrae
3445 5484 3652 5539 Graeca;

226 5561 742 5643 ἂπολξορκήθησαν,
785 5569 876 5624 ὅτε
931 5565 1570 5643 Λακεδαιμόνιοιξκαί-ρξ
1595 5561 1887 5643 τριάκοντα
1995 5561 2098 5619 lib.
2124 5578 2187 5629 ιι,
2219 5576 2349 5633 cap.
2382 5561 2438 5614 2.

220 5629 575 5711 προσέϐαλον
605 5629 750 5702 ’τοῖς
785 5629 1185 5695 καταΑαϐυῦσι’
1217 5641 1433 5712 Φυλήν.
1468 5629 1722 5696 νίάθόι
1758 5639 1887 5694 Sto-
