4050 6188
209 330 325 387 917

1561 327 2014 393 ΒΤΒΟΜᾸἸὍΜ
2052 334 2183 389 LIB.
2228 336 2270 390 l.

3523 340 3634 395 918

219 457 453 531 ἀγαθὸς,
489 463 618 530 μιᾶς
645 461 745 527 τῆς
771 457 994 534 ἀγέλης,
1029 484 1057 512 ι(
1085 463 1193 515 τῶν
1225 458 1394 515 αὐτοῦ
1421 459 1718 516 ὶπαϊόντων
1743 479 1865 535 προ·

1987 459 2249 533 gislator:
2283 466 2341 517 et
2361 461 2628 534 ejusdem
2662 463 2874 535 gregis,
2915 478 3132 534 nempe
3164 487 3191 514 ‹‹
3226 480 3451 534 earum,
3503 483 3632 538 quae

218 543 433 618 ϐάτων,
462 570 488 598 ε
525 549 558 603 ἀ
589 549 663 611 εἷς
703 547 983 622 κηδεμὼν,
1027 572 1058 605 ιι
1091 551 1119 605 6
1147 549 1209 606 τό
1257 549 1553 614 ἀπολωλὸς
1603 550 1873 621 ἐπιζητῶν

215 658 277 692 τε
329 661 357 688 ‹‹
389 636 478 692 καὶ
511 637 798 712 εὑρίσκων,
849 639 1004 712 νόμῳ
1055 641 1139 694 καὶ
1194 637 1369 716 λόγῳ’
1413 638 1465 696 εἷ’
1511 661 1574 715 γε
1634 641 1660 695 ὀ
1703 641 1876 714 νόμος

215 728 614 799 πνευματικὸς,
669 729 758 782 καὶ
819 726 907 782 ἐπὶ
963 729 1061 796 τήν
1095 726 1440 801 εὐδαιμονίαν
1474 730 1638 806 ἅγὼν·
1692 731 1718 784 6
1774 730 1873 804 γὰρ

218 814 498 888 Πνεῦματι
531 814 668 890 ἁγίῳ
698 815 1010 891 γενόμενος,
1036 819 1416 892 πνευματικός.
1452 817 1623 881 Οὗτος
1657 816 1712 872 δέ
1744 817 1771 872 ὁ
1796 823 1876 890 τῷ

217 902 338 961 ὄντι
369 903 696 977 νομοθέτης,
747 907 804 967 ὅς
852 904 914 960 οὗ
950 905 1113 978 μόνον
1146 905 1539 982 ἐπαγγέλλεται
1596 908 1662 962 τὰ
1706 907 1877 982 ἀγαθά

213 1015 275 1050 τε
303 995 396 1049 καὶ
430 993 593 1061 καλά,
628 993 775 1050 ἀλλὰ
813 994 903 1050 καὶ
937 995 1236 1052 ἐπίσταται.
1268 997 1479 1053 Τούτου
1509 997 1598 1052 καὶ
1629 998 1657 1051 6
1681 992 1871 1070 νόμος.

211 1083 315 1140 τοῦ
346 1086 449 1154 τήν
482 1085 792 1156 ἐπιστήμην
825 1081 1072 1161 ἔχοντος,
1123 1086 1186 1141 τὸ
1216 1088 1492 1163 σωτήριον
1523 1088 1871 1162 πρόσταγμω

1988 551 2181 622 ipsum
2199 551 2468 621 audiunt,
2488 552 2679 606 ovium
2701 555 2799 624 (a),
2824 574 2848 599 υ
2865 569 3018 607 unus
3030 559 3120 608 est
3149 560 3403 623 curator,
3419 573 3633 628 nempe

1986 639 2057 705 is,
2079 641 2178 711 qui
2213 641 2551 712 «perditam
2577 647 2634 695 et
2675 642 2889 711 quaerit
2918 642 3027 712 (b)n
3060 648 3119 696 et
3146 643 3393 710 invenit,
3418 645 3545 717 lege
3577 653 3636 700 et

1984 731 2249 785 ratione:
2299 730 2593 802 siquidem
2648 729 2739 784 lex
2784 737 2873 784 est
2921 732 3227 802 spiritalis.
3281 739 3339 787 et
3381 751 3510 804 qua:
3561 735 3631 790 ab

1984 819 2175 890 ipsam
2194 819 2357 874 ducit
2373 819 2822 874 beatitudinem.
2849 821 2986 885 Qua:
3011 823 3168 876 enim
3189 823 3408 893 Spiritu
3426 828 3630 878 sancto

1983 909 2138 963 facta
2167 914 2274 974 est,
2309 915 2398 964 est
2428 908 2729 980 spiritalis.
2767 911 2820 963 Is
2842 915 3036 964 autem
3061 916 3151 965 est
3169 928 3372 967 revera
3392 911 3627 985 legisla-

1984 1003 2098 1064 tor,
2131 998 2230 1067 qui
2263 1014 2382 1052 non
2415 998 2606 1052 solum
2639 997 2794 1053 bona
2812 1004 2868 1052 et
2898 999 3149 1054 honesta
3171 1001 3500 1070 proﬁtetur,
3527 1001 3627 1056 sed

1984 1087 2095 1142 scit
2125 1086 2322 1142 etiam.
2356 1088 2425 1141 Et
2461 1089 2556 1142 lex
2591 1093 2682 1142 est
2725 1089 2871 1159 ejus,
2919 1089 3018 1159 qui
3069 1089 3380 1144 scientiam
3428 1091 3626 1157 habet,

217 1172 441 1248 μᾶλλον
477 1172 534 1229 δὶ
563 1173 876 1248 ἐπιστήμης
903 1176 1225 1252 πρόσταγμα
1245 1177 1274 1232 ὁ
1295 1179 1485 1251 νόμος·
1523 1203 1551 1230 ιι
1583 1179 1820 1250 Δύναμις
1845 1201 1865 1228 »ι

1979 1177 2212 1249 jussum
2244 1176 2538 1244 salutare;
2569 1176 2657 1232 vel
2688 1178 2905 1249 potius,
2939 1179 3032 1232 lex
3063 1185 3152 1233 est
3172 1179 3408 1251 jussum
3436 1179 3628 1234 scien-

210 1265 319 1340 γὰρ
356 1287 384 1315 ‹‹
417 1264 506 1318 καὶ
537 1263 700 1337 σοφία
737 1288 758 1315 ε
793 1269 822 1318 6
855 1264 1029 1341 Λόγος
1058 1290 1085 1316 ‹‹
1116 1269 1212 1320 τοῦ
1239 1267 1391 1322 Θεοῦ.
1427 1291 1455 1317 ››
1486 1266 1690 1338 Νόμων
1717 1287 1778 1322 τε
1808 1270 1873 1320 αὖ

209 1351 486 1428 ἐξηγητὴς
541 1353 700 1415 οὗτος
751 1353 932 1422 αὐτὸς,
983 1353 1052 1409 δι’
1084 1353 1145 1408 οὗ
1181 1356 1208 1410 6
1237 1357 1403 1428 νόμος
1445 1353 1626 1426 ἐδόθη·
1655 1357 1689 1411 ’ὁ
1719 1359 1870 1430 πρῶ-

210 1461 307 1504 τος
338 1440 607 1515 ἐξηγητὴς
634 1447 742 1496 τῶν
778 1443 937 1497 θείων
979 1445 1437 1518 προσταγμάτων.
1473 1445 1501 1499 6
1537 1445 1629 1499 τὸν
1660 1443 1868 1500 κόλπον

213 1535 319 1585 τοῦ
351 1531 559 1606 Πατρὸς
597 1530 981 1606 ἐξηγούμενος,
1015 1533 1139 1596 Υἱὸς
1189 1535 1513 1608 μονογενής.
1545 1535 1770 1590 Ἔπειτα
1819 1534 1870 1588 οἱ

211 1621 310 1694 μὶν
342 1621 660 1693 πειθόμενοι
692 1625 770 1693 τῷ
801 1621 978 1694 νόμῳ,
1005 1626 1086 1695 τῷ
1114 1642 1173 1676 τε
1199 1627 1397 1696 γνῶσιν
1447 1619 1593 1698 ἔχειν
1620 1624 1741 1678 τινὰ
1770 1622 1867 1678 a6-

207 1714 334 1779 τοῦ,
369 1707 482 1766 οὔτ’
511 1710 778 1779 ἀπιστεῖν,
808 1707 919 1765 οὔτ⁹
948 1710 1159 1785 ἀγνοεῖν
1184 1709 1431 1767 δύνανται
1455 1715 1553 1782 τήν
1581 1711 1865 1783 ἀλήθειανο

1982 1265 2099 1320 tias.
2133 1265 2445 1320 «Potentia
2466 1287 2492 1314 »
2519 1267 2678 1321 enim
2705 1287 2732 1315 ‹‹
2756 1272 2811 1321 et
2825 1268 3114 1339 sapientia
3136 1291 3160 1316 υ
3185 1274 3273 1322 est
3295 1268 3420 1340 ipse
3446 1269 3628 1341 Logos

1983 1379 2010 1407 «
2029 1355 2129 1410 Dei
2145 1358 2238 1426 (ο).
2257 1373 2283 1406 ι
2307 1355 2481 1409 Ethic
2497 1356 2620 1428 ipse
2640 1374 2846 1412 rursus
2865 1364 2955 1412 est
2971 1357 3166 1431 legum
3184 1359 3499 1429 interpres,
3523 1374 3628 1428 per

1977 1451 2245 1515 *quem
2273 1444 2365 1499 lex
2415 1445 2548 1500 data
2594 1452 2719 1512 est;
2771 1447 2868 1518 qui
2919 1454 3008 1502 est
3059 1449 3283 1519 primus
3323 1448 3625 1519 expositor

1979 1534 2315 1589 divinorum
2347 1539 2800 1606 praceptorum.
2835 1536 2934 1606 qui
2966 1537 3162 1590 sinum
3195 1537 3383 1591 Patris
3434 1537 3626 1606 aperit

1979 1639 2046 1678 ac
2078 1624 2338 1695 exponit,
2371 1623 2551 1678 Filius
2574 1622 2932 1695 unigenitus.
2960 1625 3182 1678 Deinde
3214 1625 3312 1695 qui
3345 1625 3458 1696 legi
3490 1625 3619 1696 qui-

1978 1713 2113 1768 dem
2144 1718 2376 1784 parent,
2408 1712 2565 1783 quod
2598 1712 2856 1768 habeant
2885 1712 3143 1783 aliquam
3177 1714 3305 1784 ejus
3337 1714 3623 1784 cognitio-

210 1801 265 1886 οἱ
298 1797 360 1854 δὲ
406 1798 781 1869 ἀπιστοῦντες,
836 1795 1034 1868 ἥκιστά
1061 1821 1120 1854 τε
1150 1798 1204 1856 ἐν
1231 1806 1350 1862 τοῖς
1397 1797 1575 1876 ἔργοις
1607 1801 1738 1856 εἶναι
1775 1802 1865 1876 βε-

1979 1819 2138 1869 nem,
2165 1818 2359 1872 neque
2390 1807 2639 1873 possunt
2669 1819 2788 1857 non
2810 1801 3070 1869 credere,
3096 1819 3204 1857 nec
3231 1803 3501 1873 ignorare
3525 1819 3624 1855 ve-

213 1883 584 1961 ϐουλημὲνοι,
621 1885 768 1963 εἷὲτερ
797 1888 940 1950 τινὶς
974 1888 1161 1961 ἄλλοι,
1191 1891 1278 1944 καὶ
1316 1887 1464 1945 οὗτοι
1497 1889 1706 1965 ἀγνοεῖν
1735 1893 1871 1964 ὁμο-

213 1975 513 2052 λογοῦνται
567 1979 666 2046 τήν
726 1976 1003 2048 ἀλήθειαν.
1055 1979 1152 2042 Τίς
1195 1979 1373 2034 τοίνυν
1419 1981 1454 2049 ἡ
1487 1979 1707 2035 ἀπιστία
1762 1985 1868 2035 τῶν

206 2065 504 2136 Ἑλλήνων
537 2087 551 2136 ;
586 2068 676 2136 Μή
711 2089 787 2138 πη
847 2066 1108 2144 βούλεσθε
1143 2072 1252 2140 (60)
1301 2069 1576 2132 πείθεσθαι
1627 2073 1696 2144 τῇ
1727 2067 1870 2140 ἀλη-

213 2156 359 2229 θείᾳ,
414 2155 698 2230 φασκούσῃ
760 2157 940 2220 θεόθεν
999 2155 1088 2212 διὰ
1143 2158 1419 2222 Μωΰσὲως
1475 2155 1724 2223 δεδόσθαι
1779 2159 1868 2213 τὸν

209 2245 409 2318 νόμον,
443 2245 610 2300 ὁπότε
645 2266 706 2322 γε
733 2246 824 2300 καὶ
856 2246 1009 2300 αὐτοὶ
1055 2245 1114 2301 ἐκ
1141 2250 1250 2302 τῶν
1299 2247 1444 2317 παρά
1475 2247 1620 2324 σφίσι
1666 2253 1867 2320 τιμῶσι

213 2337 397 2404 Μωσῆ
430 2338 542 2408 (61)
568 2354 582 2402 ;
612 2333 706 2389 τόν
735 2355 792 2389 τε
823 2335 976 2392 Μίνω
1001 2335 1145 2409 παρά
1176 2335 1300 2398 Διὸς
1351 2334 1421 2390 δι’
1451 2335 1670 2392 ἐννάτου
1719 2336 1870 2400 ἔτους

211 2419 518 2497 λαμϐάνειν
549 2422 677 2485 τοὺς
709 2424 916 2496 νόμους
946 2424 1248 2499 ἱστοροῦσι,
1281 2430 1550 2502 φοιτῶντα
1582 2427 1660 2488 εἰς
1688 2427 1752 2482 τὸ
1771 2432 1869 2482 τοῦ

212 2515 339 2576 Διὸς
372 2511 584 2588 ἄντρον·
615 2513 710 2568 τόν
740 2534 798 2568 τε
826 2512 892 2568 αὖ
924 2519 1232 2591 ,λυκοῦργον
1277 2515 1344 2570 τὰ
1395 2517 1741 2589 νομοθετικά,
1794 2517 1870 2579 εἷς

212 2602 468 2680 Δελφοὺς
497 2603 634 2678 πρὸς
660 2605 752 2658 τὸν
805 2602 1142 2661 Ἀπόλλωνα
1172 2606 1394 2681 συνεχὶς
1440 2605 1690 2674 ἀπιόντα,
1741 2627 1867 2660 παι-

215 2690 468 2756 δεύεσθαι
516 2691 790 2767 γράφουσι
820 2690 1050 2748 Πλάτων
1077 2715 1154 2762 τε,
1208 2697 1297 2749 καὶ
1338 2693 1747 2770 Ἀριστοτέλης,
1779 2697 1869 2750 καὶ

210 2783 475 2854 ’Βφορος·
511 2783 840 2853 Χαμαιλέων
897 2802 956 2837 τε
1012 2783 1040 2837 6
1089 2784 1478 2858 Ἡρακλεώτης
1518 2785 1570 2840 ἐν
1598 2790 1676 2857 τῷ
1738 2786 1866 2861 Περῖ

215 2872 413 2944 μὲθης,
471 2871 560 2926 καὶ
621 2869 1016 2947 Ἀριστοτέλης
1071 2872 1122 2928 ἐν
1178 2877 1247 2947 τῇ
1309 2878 1532 2948 Λοκρῶν
1591 2873 1864 2947 πολιτείᾳ,

213 2959 484 3016 Ζάλευκον
537 2962 644 3033 (62)
674 2961 764 3015 τὸν
798 2961 1009 3034 Λοκρὸν
1040 2962 1185 3038 παρά
1214 2969 1312 3032 τῆς
1344 2965 1574 3032 Ἀθηνᾶς
1603 2964 1729 3025 τοὺς
1777 2965 1864 3018 νό-

213 3071 352 3126 μους
379 3044 678 3123 λαμϐάνειν
719 3051 1286 3124 ἀπομνημονεύουσιν.
1320 3053 1386 3110 Οἱ
1419 3050 1495 3119 δὲ,
1546 3053 1608 3108 τὸ
1657 3053 1866 3127 ἀξιόπι-

1978 1893 2235 1947 ritatem.
2269 1891 2375 1957 Qui
2409 1897 2606 1947 autem
2632 1907 2752 1946 non
2783 1891 3051 1959 credunt,
3077 1896 3134 1946 et
3159 1891 3304 1964 legis
3350 1890 3627 1962 operibus

1975 1981 2221 2036 minime
2250 1985 2478 2049 vacant,
2512 1981 2551 2034 ii
2584 1996 2842 2052 quoque,
2867 1981 2912 2035 si
2940 1980 3048 2035 ulli
3077 1981 3200 2048 alii,
3226 1997 3286 2035 se
3319 1980 3624 2036 veritatem

1974 2072 2245 2143 ignorare
2269 2069 2548 2125 fatentur.
2580 2071 2860 2135 Quasnam
2885 2075 2974 2124 est
2998 2086 3133 2142 ergo
3167 2071 3501 2125 Graecorum
3527 2070 3586 2124 in
3607 2101 3620 2111 ι

1975 2161 2295 2216 credulitas
2321 2159 2348 2214 ?
2378 2162 2467 2214 An
2495 2158 2652 2230 quod
2684 2159 2880 2214 nolint
2909 2159 3148 2214 credere
3181 2159 3432 2227 veritati,
3487 2177 3618 2231 quae

1976 2250 2120 2305 dicit
2141 2249 2328 2322 legem
2361 2265 2466 2320 per
2487 2250 2742 2320 Moysem
2777 2249 2974 2304 datam
3007 2265 3134 2303 esse
3160 2249 3460 2316 divinitus,
3484 2265 3619 2304 cum

1975 2340 2086 2410 ipsi
2118 2355 2360 2393 suorum
2392 2338 2741 2393 auctoritate
2764 2337 2987 2392 inducti
3011 2339 3267 2408 Moysem
3288 2338 3624 2393 honorent?

1974 2430 2043 2482 Et
2074 2428 2324 2483 Minoem
2348 2427 2420 2482 ad
2449 2426 2602 2482 Jovis
2624 2432 2858 2481 antrum
2882 2427 3237 2495 venientem,
3274 2445 3481 2482 novem
3513 2445 3620 2482 an-

1972 2533 2187 2573 norum
2219 2517 2408 2589 spatio
2440 2517 2601 2589 leges
2633 2533 2665 2570 a
2693 2518 2826 2572 Jove
2849 2518 3147 2589 accepisse
3173 2535 3186 2584 ;
3215 2523 3271 2571 et
3295 2519 3620 2589 Lycurgum

1973 2607 2209 2663 assidue
2241 2607 2496 2679 Delphos
2527 2613 2766 2662 euntem
2790 2607 2863 2662 ad
2892 2607 3251 2678 Apollinem,
3277 2607 3436 2678 leges
3455 2607 3525 2662 ab
3551 2625 3618 2662 eo

1972 2696 2272 2761 didicisse,
2306 2696 2576 2751 scribunt
2603 2695 2791 2762 Plato,
2827 2696 3193 2763 Aristoteles,
3229 2701 3286 2749 et
3315 2697 3614 2767 Ephorus;

1973 2791 2031 2841 et
2059 2785 2390 2841 Chamaeleo
2424 2785 2798 2840 Heracleotes
2829 2785 2888 2839 in
2921 2801 3097 2856 opere
3129 2787 3204 2838 De
3246 2785 3528 2849 ebrietate,
3561 2790 3620 2838 et

1969 2874 2318 2930 Aristoteles
2351 2875 2411 2928 in
2447 2874 2744 2945 Republica
2785 2877 3100 2942 Locrorum,
3148 2873 3458 2928 Zaleucum
3510 2874 3612 2927 Lo-

1970 2981 2137 3021 crum
2175 2963 2335 3035 leges
2361 2980 2394 3018 a
2425 2964 2680 3018 Minerva
2697 2963 3016 3034 accepisse,
3050 2962 3381 3020 litterarum
3406 2979 3612 3017 monu-

1969 3054 2187 3109 mentis
2219 3051 2595 3108 mandarunt.
2648 3053 2754 3118 Qui
2806 3057 3003 3107 autem
3054 3053 3387 3107 Graecorum
3435 3051 3613 3124 leges,

210 3163 342 3197 στον
370 3147 469 3210 τῆς
497 3141 624 3214 παρ’
651 3137 894 3210 ’Ἕλλησι
939 3141 1282 3214 νομοθεσίας,
1318 3142 1392 3206 ὡς
1420 3142 1536 3198 οἷόν
1563 3163 1620 3197 τε
1652 3143 1860 3205 αὐτοῖς.

1979 3148 2041 3198 ut
2061 3143 2272 3214 majori
2292 3141 2406 3196 fide
2430 3141 2620 3213 dignae
2642 3141 2973 3208 videantur,
3000 3158 3103 3213 pro
3133 3140 3348 3195 viribus
3372 3142 3618 3196 efferen-

211 3230 528 3305 ἐπαίροντες
578 3229 654 3292 εἲς
708 3230 771 3285 τὸ
829 3236 1007 3297 Θεῖον,
1058 3233 1174 3286 κατ’
1219 3231 1402 3286 είκόνα
1447 3234 1545 3300 τῆς
1591 3234 1726 3288 κατὰ
1770 3234 1862 3288 τὸν

213 3323 263 3378 Μ
290 3319 452 3375 ιλϋσὲα
479 3320 835 3397 προφητείας,
871 3320 1209 3395 ἀγνώμονες,
1245 3320 1342 3376 οὐκ
1378 3322 1599 3386 αὐτόθεν
1653 3322 1864 3395 ὁμολο-

204 3414 431 3487 γοῦντες
460 3411 558 3478 τήν
590 3429 648 3464 τε
677 3409 936 3478 ἀλήθειαν
985 3409 1075 3464 καὶ
1105 3411 1167 3464 τὸ
1198 3410 1506 3487 ἀρχέτυπον
1559 3417 1667 3466 τῶν
1717 3414 1864 3488 παρᾶ

203 3499 386 3579 σφίσιν
417 3497 845 3573 ἱστορουμένων.

1976 3239 2084 3296 tes,
2119 3231 2190 3288 ad
2216 3231 2355 3286 deos
2378 3231 2663 3290 referunt.
2689 3231 2957 3302 exemplo
2981 3232 3245 3286 Mosaica}
3271 3231 3614 3302 prophetiae,

1975 3323 2106 3377 ideo
2140 3327 2277 3376 sunt
2307 3321 2539 3392 ingrati,
2577 3319 2733 3390 quod
2765 3337 2882 3374 non
2907 3319 3202 3375 fateantur
3232 3321 3535 3375 veritatem
3561 3327 3618 3374 et

1973 3411 2275 3484 exemplar
2304 3411 2688 3482 archetypum
2713 3427 2940 3478 eorum,
2965 3427 3094 3481 quas
3119 3427 3151 3464 a
3183 3426 3243 3464 se
3277 3410 3610 3465 traduntur.

1673 3623 1903 3680 CAPUT
1939 3622 2160 3680 XXVII.

887 3717 1081 3785 Legem
1109 3719 1388 3774 commoda
1418 3719 1700 3776 hominum
1744 3729 2013 3792 spectare,
2047 3719 2214 3776 etiam
2243 3719 2374 3773 dum
2407 3718 2639 3785 corrigit
2670 3722 2721 3770 et
2753 3719 2943 3786 punit.

282 3831 378 3898 Μὴ
405 3828 586 3884 τοίνυν
614 3830 998 3905 κατατρεχὲτω
1025 3851 1109 3892 τις
1137 3835 1237 3887 τοῦ
1266 3832 1436 3906 νόμου
1469 3832 1558 3889 διὰ
1581 3843 1682 3904 τῆς
1701 3857 1872 3909 τιμω-

214 3921 352 3995 ρίας,
416 3919 492 3980 ὡς
542 3918 604 3973 οὐ
646 3917 822 3974 καλοῦ
868 3919 1130 3994 κάγαθοῦ·
1181 3921 1245 3976 οὐ
1288 3923 1388 3996 γὰρ
1415 3924 1442 3978 6
1479 3926 1573 3996 μὲν
1617 3926 1716 3992 τήν
1776 3930 1872 3981 σοῦ

213 4012 474 4082 σώματος
521 4010 678 4064 νόσον
737 4008 962 4085 ἀπάγων
1012 4009 1298 4085 εὐεργέτης
1349 4010 1512 4084 δόξειο
1571 4017 1761 4089 ψυχῆς
1815 4013 1874 4070 δὶ

211 4097 428 4160 ἀδικίας
461 4102 576 4172 (63)
623 4099 650 4152 6
681 4102 1025 4170 πειρώμενος
1065 4099 1434 4157 ἀπαλλάττειν
1464 4102 1526 4158 οὐ
1562 4103 1776 4176 μᾶλλον
1809 4102 1869 4158 ἂν

211 4185 296 4256 ιΥη
349 4183 633 4258 κηδεμὼν,
686 4182 901 4260 ὅσῳπερ
951 4189 1105 4262 ψυχὴ
1166 4193 1422 4261 σώματος
1475 4189 1817 4264 ἐντιμότερον
1853 4213 1866 4225 ·

214 4273 343 4330 ἀλλ’
368 4271 474 4349 ἄρα
501 4281 601 4343 τῆς
644 4274 740 4346 μὶν
767 4279 866 4329 τοῦ
895 4279 1148 4348 σώματος
1188 4277 1393 4351 ὑγιείας
1425 4275 1597 4350 ἕνεκα,
1642 4282 1730 4335 καὶ
1778 4302 1870 4336 το-

217 4365 342 4437 μάς,
397 4365 489 4418 καὶ
547 4363 788 4430 καύσεις,
846 4365 932 4418 καὶ
993 4367 1452 4438 φαρμακοποσίας
1503 4368 1866 4447 ὑφιστάμεθαο

2055 3838 2235 3892 Nemo
2267 3837 2462 3888 autem
2487 3836 2730 3903 propter
2751 3832 3040 3904 supplicia
3065 3833 3391 3887 insectetur
3409 3833 3623 3906 legem,

1982 3930 2049 3981 ut
2077 3941 2195 3980 non
2225 3923 2440 3978 bonam
2477 3928 2534 3975 et
2565 3921 2895 3976 honestam.
2942 3924 3066 3976 Non
3094 3922 3252 3976 enim
3286 3923 3387 3992 qui
3437 3923 3629 3978 aufert

1980 4014 2255 4072 morbum
2288 4010 2572 4082 corporis,
2606 4009 2896 4065 beneﬁcio
2927 4011 3166 4066 afﬁcere
3188 4012 3499 4070 videbitur.
3526 4013 3624 4083 qui

1981 4109 2176 4159 autem
2209 4102 2282 4156 ab
2315 4101 2607 4172 injustitia
2637 4101 2896 4157 animam
2930 4110 3182 4157 conatur
3210 4104 3481 4169 liberare,
3507 4120 3625 4157 nnn

1981 4197 2145 4247 tanto
2176 4191 2362 4264 magis
2393 4190 2686 4246 videbitur
2706 4208 2909 4246 curam
2941 4193 3125 4246 nostri
3152 4209 3376 4264 gerere,
3403 4199 3622 4262 quanto

1981 4287 2071 4336 est
2101 4281 2302 4336 anima
2331 4296 2575 4351 corpore
2624 4281 3033 4352 praestantior;
3086 4280 3188 4335 sed
3235 4298 3340 4352 pro
3373 4281 3622 4334 sanitate

1981 4370 2222 4442 quidem
2247 4369 2530 4442 corporis,
2563 4375 2622 4425 et
2652 4371 2858 4433 secari,
2885 4376 2942 4423 et
2963 4371 3072 4430 uri.
3106 4376 3164 4423 et
3194 4369 3626 4424 medicamenta

210 4455 297 4508 καὶ
335 4454 364 4507 6
396 4456 564 4507 ταῦτα
593 4452 883 4528 προσάγων
918 4456 1101 4527 σωτήρ
1131 4475 1189 4509 τε
1229 4457 1320 4510 καὶ
1369 4456 1550 4531 ἰατρὸς
1597 4458 1864 4514 καλεῖται·

1979 4465 2181 4532 potare
2210 4461 2594 4521 sustinemus,
2630 4465 2688 4512 et
2717 4458 2818 4529 qui
2847 4459 2972 4512 haec
3003 4458 3264 4521 adhibet,
3289 4464 3347 4512 et
3368 4463 3627 4511 servator

210 4544 275 4598 οὗ
307 4541 496 4617 φθόνῳ
524 4542 649 4610 τινὶ,
681 4539 805 4598 οὐδὲ
835 4539 1121 4614 δυσμενείᾳ
1147 4547 1216 4616 τῇ
1248 4546 1386 4619 πρὸς
1416 4547 1508 4601 τὸν
1564 4547 1865 4623 πάσχοντα,

210 4633 286 4696 ὡς
321 4630 368 4687 δ’
402 4630 463 4686 ἃν
496 4631 653 4701 ὁτῆς
702 4627 902 4707 τέχνης
955 4633 1283 4708 ὑπαγορεύοι
1334 4632 1526 4710 λόγος,
1576 4635 1666 4690 καὶ
1726 4631 1863 4709 μέρη

281 4753 346 4817 ιιι
377 4751 442 4806 Ρ.
474 4751 579 4804 422
609 4751 721 4804 ED.
754 4750 1046 4816 POTTER,
1078 4751 1184 4805 352
1219 4752 1326 4806 ΕΙ).
1361 4753 1587 4808 PARIS.
1664 4755 1742 4824 (α)
1772 4755 1865 4809 Joa

1979 4771 2023 4820 ε,
2054 4755 2136 4808 16.

207 4878 464 4958 πρόϐατα
498 4879 647 4958 Δἔχω,
679 4882 710 4936 ἃ
740 4882 840 4938 οὑκ
886 4878 1026 4958 ἔστιν
1063 4883 1121 4939 ἐκ
1149 4892 1249 4953 τῆς
1276 4883 1450 4955 αὐλῆς
1496 4887 1717 4958 ταότηςο
1765 4886 1866 4940 κά-

202 4950 361 5048 κεῖνά
396 4974 466 5050 με
495 4950 577 5008 δεῖ
607 4955 844 5050 ἀγαγεῖν,
876 4956 966 5046 καὶ
1003 4963 1104 5026 τῆς
1155 4950 1341 5050 φωνῇς
1395 4950 1500 5030 μου
1550 4950 1862 5012 ἀκοῖὂσουσι⁸

250 5049 293 5050 ,,
340 5048 394 5050 .-κ
436 5049 443 5050 κ
482 5046 617 5050 ..-μ-4.
680 5049 705 5050 ,,
748 5049 768 5050 η
826 5048 879 5050 _-
1098 5049 1123 5050 κγ
1308 5049 1313 5050 ,
1428 5049 1431 5050 ν
1538 5031 1552 5050 Ι
1665 5033 1829 5050 ΙΙκιιὶ

203 5028 297 5083 καὶ
334 5027 622 5102 γενήσεται
653 5027 770 5102 μία
817 5027 1049 5102 ποίμνη,
1082 5027 1186 5102 ,καὶ
1244 5029 1316 5090 εἷς
1374 5027 1605 5102 ποιμήν.
1665 5033 1864 5102 Matth.

201 5098 498 5177 κῖκυς-122
689 5098 1039 5177 γενηταίτινι
1065 5101 1344 5177 ἀνθρώπῳ
1375 5098 1562 5177 ἑκατὸν
1597 5098 1864 5176 πρόϐατα,

201 5121 364 5167 XVIII,
400 5121 498 5154 ιΖΖ
557 5121 658 5154 δαν
725 5121 904 5169 ενητιι
934 5121 1039 5154 τινι
1071 5121 1344 5177 ανυρωπῳ
1377 5121 1562 5156 εκατον
1597 5121 1864 5176 προοιτα,

199 5169 589 5248 καὶῄπλανῃθῇ
619 5167 673 5248 ’ἐν
789 5170 1151 5248 αὐτῶνλούχὶ
1185 5173 1336 5248 ἀφεὶς
1374 5174 1440 5248 τᾷ
1488 5175 1868 5244 ὲννενηκοντα-

204 5243 378 5320 εννέγα,
414 5237 595 5320 ἰπὶ).τᾶ
625 5237 1070 5320 ξρη’πορευθεῖς,
1096 5237 1344 5320 ’ζητεῖμτὸ
1375 5237 1758 5320 πλαλώμενον.

279 5319 397 5392 (60)
432 5312 728 5392 Βούλεσθε-,ἓ
749 5312 1136 5392 Scribeudurn
1158 5312 1486 5392 βούλεσθαι.

280 5391 397 5458 (61)
430 5392 622 5461 Μωσῆ.
685 5390 909 5461 Η.νω8.
973 5390 1235 5459 Μωϋσῆν,
1287 5391 1584 5461 usitatius,
1646 5397 1703 5447 et
1731 5409 1866 5446 mox

206 5457 455 5534 συνεχῶς
489 5457 738 5534 ἀπιόντα.
771 5460 931 5534 SYLI}.

276 5529 396 5602 (62')
449 5529 743 5587 Ζάλευκον.
810 5532 1073 5589 Valerius
1129 5534 1456 5590 Maximus:
1512 5557 1539 5584 ‹‹
1584 5535 1866 5590 Zaleucus

210 5603 323 5662 sub
349 5603 593 5660 nomine
615 5604 884 5675 Minervas
907 5604 1404 5675 prudentissimus
1426 5606 1662 5662 habitus
1694 5614 1801 5662 est.
1839 5630 1865 5656 »

283 5677 398 5747 (63)
429 5680 630 5750 Ψυχῆς
663 5674 720 5730 δί
751 5671 986 5738 ἁδικίᾱις.
1048 5678 1501 5752 Congruentius,
1533 5678 1623 5734 vel
1678 5677 1864 5754 ψυχὴν

1974 4554 2217 4606 vocatur
2243 4557 2301 4603 et
2331 4550 2596 4605 medicus
2629 4574 2642 4615 ;
2677 4549 2904 4604 etidem
2930 4565 3038 4603 nec
3060 4566 3127 4602 ex
3160 4547 3400 4613 invidia,
3425 4566 3533 4604 nec
3557 4565 3625 4603 ex

1977 4639 2112 4694 odio
2140 4640 2202 4694 in
2233 4646 2537 4711 aegrotum,
2571 4639 2675 4693 sed
2696 4638 2840 4694 artis
2863 4638 3124 4693 dictante
3154 4639 3405 4707 ratione,
3429 4645 3626 4710 partes

2215 4754 2290 4824 (ὁ)
2315 4754 2512 4809 Matth.
2547 4771 2702 4822 xvm,
2739 4757 2823 4809 12.
2901 4755 2973 4825 (c)
3003 4754 3026 4807 Ι
3057 4755 3183 4808 Cor.
3219 4772 3252 4820 ι,
3288 4757 3376 4809 24.

1979 4883 2036 4940 δὲ
2065 4882 2274 4947 ἀδικίας
2307 4887 2396 4942 vel
2443 4889 2628 4961 ψυχῆς
2657 4884 2714 4941 δὶ
2744 4885 2976 4961 ἀδικίαν,
3009 4890 3294 4944 alterutro
3327 4891 3388 4945 in
3419 4907 3626 4946 accus-

1978 4975 2414 5044 casum‘verson:
2446 4956 2562 5044 aut:
2581 4967 2737 5016 certe
2761 4956 2970 5044 d3‘txi1c
3005 4962 3502 5044 plurali__numero
3533 4980 3626 5017 ac-

1977 5030 2338 5156 iiptiendum.
2367 5031 2523 5087 Belle
2549 5033 2662 5087 huc
2680 5030 3195 5105 quadrant,inquit
3217 5035 3281 5088 H.
3309 5035 3421 5089 ista
3440 5041 3628 5106 poeta)

2020 5119 2053 5156 a
2083 5119 2165 5156 1m
2193 5119 2205 5155 :

2020 5134 2165 5156 (ιιιιιι
2193 5145 2204 5155 ο

2088 5211 2154 5264 Ut
2185 5209 2364 5284 valeat
2385 5228 2603 5282 corpus.
2633 5216 2844 5281 ferrum
2872 5216 3102 5284 patieris
3133 5219 3183 5268 et
3213 5215 3388 5283 ignes,

2152 5282 2332 5336 Arida
2361 5299 2459 5338 nec
2489 5284 2679 5340 sitiens
2709 5301 2808 5339 ora
2838 5282 3046 5355 rigabis
3072 5282 3261 5355 aqua}

2101 5353 2169 5407 Ut
2197 5355 2379 5410 valeas
2404 5357 2608 5421 animo,
2637 5353 2940 5426 quidquam
2973 5353 3207 5412 tolerare
3237 5371 3444 5410 recuses
3465 5360 3492 5410 ?

2154 5428 2228 5481 At
2249 5443 2384 5496 pars
2413 5427 2528 5482 hac
2556 5430 2800 5497 pretium
2832 5445 3060 5500 corpore
3091 5431 3273 5500 majus
3304 5428 3464 5482 habet

1979 5539 2143 5592 εγω.
2194 5535 2473 5591 Eamdem
2524 5535 2977 5590 similitudinem
3037 5535 3096 5590 in
3145 5535 3451 5601 Pazdagogo
3500 5533 3632 5587 Cle-

1981 5625 2175 5670 mens,
2223 5615 2280 5664 et
2320 5609 2379 5663 in
2432 5607 2722 5679 principio
2765 5613 3055 5678 Θεραπευτ.
3109 5607 3173 5672 α’,
3224 5603 3627 5660 Theodoretus

1983 5681 2160 5738 latius
2190 5685 2650 5754 persequuntur.
