4050 6188
488 297 596 352 919

1712 289 2122 346 ΘΒΒΠΒΝΤΙΒ
2157 288 2655 348 ALEXANDRINI

3746 287 3840 344 9‘20

485 422 714 492 aliquas
734 415 1040 482 rescindit,
1073 431 1148 470 ne
1193 430 1352 470 sanna
1383 420 1582 486 partes
1602 431 1720 468 una
1751 431 1884 469 cum
1918 415 2002 468 eis
2034 415 2127 468 in-

2256 411 2358 465 m5.
2385 411 2728 486 ἀποτέμνων,
2774 413 2852 476 ὡς
2900 414 2977 487 μή
3019 414 3087 468 τὰ
3136 411 3442 488 ὑγιαίνοντα
3487 408 3837 489 συνδιαφθείρεο

487 516 717 568 tcreant
742 527 754 575 ;
780 525 889 562 nec
913 512 1112 561 tamen
1145 505 1279 575 quis
1302 503 1513 558 medici
1537 509 1726 558 artem
1748 504 2017 559 criminis
2039 520 2136 558 ar-

485 601 677 674 guerit
702 616 714 652 :
737 599 950 652 anima:
971 602 1168 650 autem
1190 595 1398 666 gratia,
1422 611 1541 648 non
1566 593 1841 648 similiter
1863 593 2139 648 tolerabi-

488 707 620 745 mus
654 694 756 742 aut
787 685 1018 750 exsilia,
1041 691 1141 739 aut
1173 684 1447 750 mulctas,
1480 689 1581 738 aut
1609 683 1864 750 vincula,
1887 683 1934 737 si
1960 682 2136 737 modo

489 779 622 850 quis
650 795 718 833 ex
741 775 1038 846 injustitia
1061 775 1137 828 sit
1161 772 1567 828 restituendus
1590 773 1650 828 in
1669 773 1959 842 justitiam
1982 772 2008 826 ?
2024 773 2139 827 Lex

494 865 654 920 enim
681 878 909 928 eorum,
934 861 1032 932 qui
1055 860 1106 915 ei
1128 868 1359 932 parent,
1383 877 1585 916 curam
1608 877 1838 932 gerens,
1863 859 1938 915 ad
1959 859 2139 931 pieta-

490 959 610 1009 tem
636 954 697 1006 in
723 953 906 1006 Deum
929 950 1205 1009 instituit.
1223 956 1280 1003 et
1302 949 1485 1004 dictat
1501 965 1590 1014 ea,
1610 965 1742 1020 quae
1761 948 2141 1004 suntfacien-

491 1045 586 1113 da,
632 1048 691 1096 et
727 1041 1038 1112 propulsat
1067 1038 1534 1109 unumquodque
1565 1043 1894 1109 peccatum,
1935 1054 2139 1109 poenas

492 1135 810 1204 imponens
843 1130 1020 1183 etiam
1069 1129 1141 1182 iis
1194 1145 1324 1198 quas
1358 1133 1497 1182 sunt
1543 1127 1796 1182 minora.
1847 1128 1992 1182 Cum
2036 1143 2142 1182 au-

494 1229 615 1277 tem
649 1219 860 1273 viderit
885 1218 1145 1288 aliquem
1179 1217 1259 1271 ita
1289 1233 1350 1271 se
1385 1215 1622 1282 habere,
1649 1222 1713 1270 ut
1731 1216 2000 1272 videatur
2029 1217 2142 1271 im-

495 1308 890 1373 medicabilis,
944 1313 1146 1378 utpote
1192 1306 1292 1377 qui
1341 1306 1414 1360 ad
1461 1311 1785 1360 extremam
1834 1313 2142 1378 provectus

494 1401 571 1456 sit
600 1398 994 1469 injustitiam:
1048 1403 1187 1450 tunc
1231 1395 1484 1450 aliorum
1516 1396 1642 1466 jam
1675 1412 1876 1451 curam
1907 1413 2142 1468 gerens,

493 1504 570 1544 ne
622 1487 693 1542 ab
743 1487 870 1556 ipso
921 1490 1398 1554 corrumpantur,
1450 1489 1734 1553 tanquam
1781 1483 1842 1546 ἰα
1878 1483 2140 1554 aliquam

496 1580 726 1646 partem
759 1589 792 1627 a
833 1578 952 1626 toto
999 1587 1244 1641 corpore
1276 1587 1576 1634 resecans,
1619 1571 1702 1626 sic
1734 1587 1890 1639 eum,
1919 1571 2020 1642 qui
2057 1577 2145 1626 est

500 1662 866 1734 hujusmodi,
906 1661 1126 1715 salubri
1155 1660 1403 1714 consilio
1436 1661 1609 1715 morti
1637 1660 1957 1732 adjudicat.
1991 1684 2011 1709 ι
2045 1662 2146 1716 Ju—

2241 501 2361 554 σθαι
2393 500 2565 574 αὐτῷ’
2616 503 2704 556 καὶ
2738 502 2838 558 σύκ
2867 500 2926 556 ἄν
2978 523 3065 564 τις
3121 502 3381 576 πονηρίας
3429 499 3714 556 αἶτιάσαιτο
3761 507 3838 556 τοῦ

2243 587 2428 664 ἰατροῦ
2474 591 2573 660 τήν
2604 591 2828 667 τέχνηνο
2861 597 2962 661 τῆς
3004 589 3063 646 δὲ
3091 595 3275 666 ψυχῆς
3317 588 3472 645 ἕνεκα
3523 591 3628 665 οὐχ
3667 589 3838 662 ὁμοίως

2243 677 2686 752 ὑποστησόμεθα,
2734 679 2821 734 ὶάν
2855 696 2915 734 τε
2943 680 3158 755 φεύγειν
3191 680 3277 735 ἐὰν
3307 699 3365 736 τε
3391 679 3609 735 ἐκτίνειν
3659 681 3837 752 ζημίας,

2243 764 2328 821 ἰάν
2360 787 2420 822 τε
2464 765 2656 841 δεσμά,
2701 767 2752 823 εἷ
2803 768 3006 841 μὲλλοι
3052 789 3136 830 τις
3185 767 3349 842 μόνον
3398 767 3449 839 ἐξ
3489 765 3690 831 ἀδικίας
3739 769 3840 824 ποτὶ

2243 851 2591 926 δικαιοσύνην
2620 859 2885 925 κτᾶσθαις
2935 859 2997 916 Ὁ
3026 859 3128 932 γὰρ
3177 859 3369 930 νόμος,
3418 855 3710 930 κηδόμενος
3754 861 3838 911 τῶν

2245 944 2504 1015 ὑπηκόων
2539 988 2554 1013 ,
2613 946 2750 1022 πρὸς
2809 946 2904 1018 μὲν
2958 948 3058 1016 τὴν
3114 941 3419 1010 θεοσέϐειαν
3477 943 3727 1012 παιδεύει,
3771 945 3840 999 καὶ

2250 1033 2568 1109 ὑπαγορεύει
2615 1035 2684 1089 τά
2729 1036 2976 1105 ποιητέα,
3033 1032 3200 1111 ε’ίργει
3231 1056 3290 1090 τε
3324 1032 3548 1090 ἕκαστον
3575 1038 3674 1089 τῶν
3702 1035 3839 1106 ἁμαρ·

2245 1122 2530 1194 τημάτων,
2581 1120 2735 1186 δίκας
2787 1123 3047 1188 ἐπιτιθεὶς
3092 1129 3208 1187 τοῖς
3259 1123 3507 1198 μετρίοις
3537 1122 3717 1177 αὐτῶν
3745 1119 3839 1177 ὅταν

2249 1209 2308 1267 δί
2351 1233 2471 1267 τινα
2523 1212 2698 1274 οὕτως
2738 1209 2934 1287 ἔχοντα
2982 1210 3175 1287 κατίδῃ
3223 1213 3297 1274 ὡς
3329 1212 3540 1267 ἀνίατον
3573 1209 3752 1282 δοκεῖν,
3783 1211 3840 1272 εἷς

2247 1299 2476 1377 ἔσχατον
2509 1299 2722 1363 ἀδικίας
2753 1299 3074 1372 ἐλαύνοντα,
3107 1303 3231 1358 τότε
3256 1300 3366 1373 ἤδη
3415 1307 3523 1358 τῶν
3555 1300 3722 1357 ἀλλων
3765 1322 3840 1369 κη-

2250 1388 2500 1464 δόμενος,
2533 1390 2685 1452 ὅπως
2710 1389 2768 1444 ἂν
2799 1392 2875 1462 μὴ
2901 1388 3319 1467 διαφθείρωνται
3347 1393 3485 1467 πρὸς
3508 1391 3682 1457 αὐτοῦ,
3702 1391 3841 1463 ὥσπερ

2253 1481 2418 1554 μέρος
2447 1501 2499 1534 τι
2525 1484 2622 1535 τοῦ
2670 1481 2869 1541 παντὸς
2918 1481 3172 1553 σώματος
3230 1481 3547 1552 ἀποτεμὼν,
3593 1479 3719 1535 οὕτω
3764 1499 3841 1532 που

2249 1569 2498 1624 τοιοῦτον
2541 1569 2825 1644 ὑγιὲστατα
2867 1569 3237 1627 ἀποκτίννυσι.
3285 1596 3313 1621 ‹‹
3348 1569 3666 1646 Κρινόμενοι
3693 1566 3742 1622 δὲ
3766 1568 3840 1622 ὑπὸ

2248 1662 2346 1713 τοῦ
2405 1658 2632 1728 Κυρίου,
2665 1682 2692 1709 η
2740 1659 2903 1736 φησὶν
2951 1659 2979 1712 ὁ
3026 1657 3392 1728 Ἀπόστολος,
3449 1684 3478 1711 α
3508 1657 3841 1729 παιδευόμεθα,

501 1751 682 1806 dicati
709 1756 906 1804 autem
939 1765 973 1803 a
1002 1749 1274 1816 Domino,
1308 1770 1334 1798 »
1370 1748 1566 1819 inquit
1607 1750 1943 1820 Apostolus,
1988 1771 2015 1798 ‹‹
2050 1765 2145 1803 ca-

2256 1745 2338 1802 ίνα
2371 1747 2448 1819 μή
2481 1747 2574 1801 σὺν
2602 1751 2682 1819 τῷ
2719 1747 2912 1820 κόσμῳ
2957 1750 3396 1820 κατακριθῶμεν.
3432 1773 3460 1800 ››
3515 1753 3728 1822 Προεῖπε
3766 1745 3840 1818 γὰρ

505 1841 812 1911 stigamur,
868 1854 944 1892 ne
989 1855 1123 1893 cum
1178 1837 1398 1892 mundo
1448 1838 1918 1894 condemnemur
1965 1839 2066 1909 (a).
2118 1859 2145 1885 ››

2259 1835 2288 1890 6
2345 1837 2655 1914 προφήτηςο
2717 1861 2744 1888 ‹‹
2805 1834 3083 1892 Παιδεύων
3134 1835 3422 1892 ἐπαίδευσε
3479 1858 3542 1910 με
3588 1838 3614 1892 6
3667 1834 3842 1908 Κύριος,

514 1929 793 1987 Prazdixit
835 1929 994 1983 enim
1044 1929 1370 1998 propheta:
1427 1952 1448 1977 ε
1498 1928 1802 2002 Castigans
1850 1927 2153 2001 castigavit

512 2035 608 2074 me
641 2017 950 2085 Dominus,
981 2016 1156 2070 morti
1185 2022 1382 2071 autem
1415 2034 1534 2071 non
1569 2017 1811 2072 tradidit
1840 2035 1936 2074 me
1957 2019 2053 2089 (ὁ).
2080 2017 2153 2071 Ut

511 2107 671 2163 enim
705 2113 758 2159 te
796 2121 963 2159 suam
1009 2104 1250 2159 doceret
1289 2104 1608 2174 justitiam,
1659 2107 1962 2178 castigavit
2011 2113 2086 2173 te,
2123 2132 2144 2158 ι

509 2195 723 2266 inquit,
758 2216 785 2243 «
821 2199 879 2247 et
905 2194 1168 2260 tentavit,
1194 2199 1250 2247 et
1270 2193 1423 2249 fame
1451 2201 1510 2249 et
1535 2195 1629 2249 siti
1654 2201 1708 2250 te
1731 2196 1943 2250 afflixit
1963 2197 2023 2250 in
2048 2197 2150 2252 de-

509 2293 684 2341 serto.
703 2286 1283 2356 Utcognoscerentur
1294 2302 1500 2339 omnes
1506 2286 1968 2357 justiﬁcationes
1985 2295 2044 2342 et
2049 2290 2148 2359 ju-

506 2373 660 2428 dicia
673 2375 800 2445 ejus
816 2375 876 2427 in
901 2373 1075 2427 corde
1100 2378 1218 2439 tuo,
1240 2389 1609 2444 quascunque
1628 2391 1731 2446 ego
1747 2375 1848 2429 tibi
1870 2377 2149 2447 praecipio

505 2464 704 2530 hodie,
733 2469 793 2518 et
821 2463 975 2518 scias
1007 2463 1068 2516 in
1101 2461 1276 2516 corde
1299 2468 1417 2528 tuo,
1451 2463 1608 2533 quod
1636 2470 1700 2517 ut
1729 2464 1777 2519 si
1809 2465 1943 2535 quis
1973 2466 2148 2521 homo

503 2553 813 2625 castigabit
843 2552 1031 2606 filium
1065 2567 1258 2614 suum,
1295 2552 1375 2606 ita
1403 2551 1711 2623 castigabit
1761 2559 1816 2608 te
1865 2555 2150 2610 Dominus

505 2644 660 2698 Deus
690 2631 895 2697 noster
915 2643 1003 2711 (ο).
1043 2663 1070 2690 ››
1105 2641 1268 2705 Quod
1299 2646 1497 2696 autem
1529 2640 1781 2697 aliorum
1808 2659 1916 2697 nos
1947 2660 2148 2699 exem-

504 2733 669 2805 plum
714 2732 986 2803 corrigat,
1021 2730 1218 2785 statim
1251 2729 1430 2784 dicit:
1465 2753 1491 2779 «
1528 2732 1771 2786 Astutus
1802 2732 2007 2788 videns
2031 2751 2149 2790 ma-

504 2822 629 2877 lum
643 2820 864 2892 puniri.
882 2820 1006 2891 ipse
1027 2820 1410 2874 vehementer
1427 2821 1777 2892 castigatur:
1805 2843 1833 2870 η
1847 2838 1984 2877 nam
2000 2846 2025 2872 ‹‹
2050 2840 2152 2896 ge-

506 2910 734 2966 neratio
757 2907 1062 2980 sapientiae
1089 2911 1177 2962 est
1199 2908 1376 2961 timor
1396 2909 1624 2963 Domini
1652 2910 1751 2979 td).
1778 2931 1804 2959 ι»
1830 2913 1931 2965 Est
1950 2919 2149 2970 autem

507 2997 830 3051 maximum
881 3000 940 3049 et
985 2993 1480 3064 perfectissimum
1531 2995 1775 3064 bonum,
1835 2999 2072 3068 quando
2117 3017 2152 3054 a

504 3082 932 3140 malefaciendo
964 3082 1036 3136 ad
1068 3082 1341 3136 virtutem
1370 3083 1706 3154 bonamque
1738 3085 1915 3140 vitam
1964 3087 2150 3156 possit

503 3135 928 3244 ξιῖιέἐιῖἷρῖιῖεαὲ
969 3135 1338 3225 imane“;
1366 3135 2149 3243 ριιξᾶξιῖιῖιιέιῖἰὲιῖξιζέῖἑί
2175 3135 2221 3204 ο

502 3264 692 3326 Quare
715 3262 762 3316 si
788 3262 918 3331 quis
945 3261 1004 3314 in
1029 3260 1462 3316 immedicabile
1485 3261 1729 3332 aliquod
1751 3264 1974 3318 malum
1995 3266 2146 3320 ceci-

503 3349 677 3417 derit,
711 3351 1019 3421 injustitiw
1053 3356 1110 3403 et
1141 3349 1399 3404 avaritia:
1431 3351 1824 3422 mancipatus,
1857 3351 2146 3408 beneficio

504 3439 818 3505 afﬁcietur,
845 3439 890 3492 si
923 3437 1335 3492 interficiatur.
1372 3439 1481 3492 Lex
1530 3445 1620 3493 est
1651 3440 1808 3493 enim
1857 3440 2150 3512 benefica,

506 3543 636 3598 qum
678 3527 827 3580 alios
855 3527 1310 3597 quidemjustos
1341 3543 1410 3580 ex
1444 3528 1684 3598 injustis
1715 3531 1875 3596 facit,
1902 3531 1950 3584 si
1974 3532 2148 3586 modo

507 3615 697 3669 velint
725 3614 930 3668 audire
957 3632 969 3680 ;
1003 3615 1150 3670 alios
1182 3632 1314 3670 vero
1348 3616 1615 3672 liberata
1644 3619 1820 3673 malis
1850 3624 2152 3690 praasenti-

509 3703 640 3757 bus.
667 3705 778 3756 Eos
800 3703 980 3766 enim,
1007 3705 1106 3773 qui
1131 3710 1453 3774 temperate
1477 3711 1534 3758 et
1555 3707 1718 3777 juste
1740 3709 1926 3763 vivere
1960 3709 2152 3782 elege-

509 3792 650 3858 rint,
677 3791 1043 3846 immortales
1069 3793 1274 3864 satagit
1306 3793 1572 3849 reddere.
1618 3797 1798 3852 Nosse
1849 3804 2045 3853 autem
2075 3800 2157 3855 le-

510 3897 640 3953 gem
668 3886 757 3933 est
777 3880 948 3935 bonae
970 3881 1206 3935 mentis.
1236 3882 1305 3934 Et
1328 3898 1536 3937 rursus
1560 3900 1572 3938 :
1607 3906 1634 3935 «
1661 3886 1778 3940 Viri
1803 3887 1945 3942 mali
1964 3889 2151 3960 legem

511 3985 631 4024 non
664 3968 1005 4039 intelligunt
1029 3985 1042 4024 :
1067 3969 1168 4038 qui
1189 3975 1386 4023 autem
1410 3979 1684 4040 quaarunt
1712 3975 2149 4045 Dominum,in-

511 4057 783 4129 telligent
804 4057 864 4112 in
887 4058 1049 4112 omni
1063 4057 1218 4112 bono
1237 4059 1325 4126 (ο).
1347 4081 1373 4106 ››
1389 4059 1628 4129 Oportet
1646 4070 1842 4119 autem
1859 4082 2008 4135 eam,
2025 4084 2156 4137 quas

510 4145 908 4213 administrat,
954 4145 1412 4208 Providentiam.
1465 4164 1593 4202 esse
1637 4157 1696 4204 et
1743 4151 2066 4222 dominam,
2101 4162 2160 4210 et

512 4238 751 4292 bonam.
787 4236 939 4292 153
977 4237 1232 4305 Utraque
1265 4235 1421 4288 enim
1454 4236 1538 4289 vis
1568 4247 1845 4308 procurat
1866 4242 2116 4299 salutem
2144 4263 2156 4299 :

513 4326 616 4381 illa
643 4324 904 4396 quidem,
936 4323 1226 4396 supplicio
1269 4325 1582 4396 castigans,
1613 4335 1676 4382 ut
1722 4329 2002 4385 domina:
2033 4333 2159 4388 haec

511 4432 668 4479 vero,
700 4430 808 4484 per
835 4413 1293 4468 beneﬁcentiam
1337 4415 1744 4484 commodans,
1779 4424 1843 4471 ut
1869 4418 2156 4477 benefica.

2258 1929 2339 1996 τῷ
2391 1921 2448 1979 δὲ
2474 1926 2685 1997 θανάτῳ
2717 1928 2829 1998 (64)
2860 1924 2923 1980 ού
2969 1923 3253 2000 παρέδωκέ
3284 1947 3376 1999 με.
3422 1927 3610 1982 Ἕνεκα
3635 1928 3732 1997 (65)
3768 1923 3842 1996 γᾶρ

2258 2017 2355 2068 τοῦ
2401 2009 2611 2084 διδάξαι
2666 2033 2724 2068 σε
2788 2014 2886 2080 τήν
2946 2011 3294 2082 δικαιοσύνην
3355 2015 3524 2070 αὑτοῦ
3555 2059 3568 2084 ,
3623 2009 3845 2069 ἔπαίδευσί

2259 2122 2338 2172 σε,
2373 2126 2400 2152 ››
2431 2101 2585 2178 φησὶ,
2636 2127 2665 2154 ‹‹
2695 2102 2785 2156 καὶ
2812 2101 3060 2178 ἐπείρασὲ
3104 2124 3184 2172 σε,
3217 2104 3309 2159 καὶ
3366 2103 3745 2179 ὶλιμαγχόνησὲ
3788 2119 3843 2167 σε,

2259 2191 2350 2246 καὶ
2407 2188 2631 2265 ἐδίψησί
2686 2211 2743 2246 σε
2795 2190 2845 2246 ἐν
2907 2195 2980 2266 γῇ
3039 2191 3271 2267 ἐρήμῳ·
3315 2191 3412 2248 ’ίνα
3465 2195 3670 2269 γνωσθῇ
3714 2189 3843 2244 πάντα

2259 2280 2325 2335 νά
2372 2278 2714 2354 δικαιώματα
2760 2281 2849 2335 καὶ
2905 2283 2974 2336 τὰ
3014 2283 3257 2354 κρίματα
3290 2283 3461 2339 αὐτοῦ
3503 2284 3551 2338 ὲν
3595 2285 3658 2354 τῇ
3698 2275 3844 2350 καρδῦε

2261 2391 2379 2438 σου,
2438 2370 2536 2425 ὅσα
2585 2370 2695 2445 ἐγὼ
2726 2369 3056 2446 ἐντέλλομαί
3087 2393 3171 2427 σοι
3202 2375 3473 2450 σήμερον*
3517 2373 3601 2428 καῖ
3642 2371 3788 2448 γνώσῃ
3811 2366 3847 2422 ἐν

2258 2462 2327 2532 τῇ
2358 2457 2557 2534 καρδίᾳ
2585 2481 2703 2516 σου.
2736 2459 2820 2516 ὅτι
2871 2461 2946 2522 ὡς
2983 2458 3029 2516 ε’ί
3057 2483 3142 2524 τις
3172 2460 3452 2518 παιδεύσει
3487 2461 3738 2537 ἅνθρωπος
3780 2460 3844 2512 τὸν

2260 2550 2376 2604 υἱὸν
2407 2549 2593 2620 αὐτοῦ,
2645 2548 2788 2604 οὕτω
2820 2547 3098 2605 παιδεύσει
3133 2572 3189 2606 σε
3225 2552 3425 2626 Κύριος
3450 2554 3478 2608 6
3507 2552 3629 2613 Θεὸς
3655 2553 3801 2622 ἡμῶν.
3824 2568 3842 2600 I

2257 2641 2380 2696 Ὅτι
2452 2635 2510 2693 δὶ
2578 2639 2640 2694 τὸ
2720 2635 3022 2713 ὑπόδειγμα
3091 2644 3448 2716 σωφρονίζει,
3514 2641 3689 2698 αὐτίκα
3731 2637 3842 2716 φησί·

2261 2751 2290 2779 ‹‹
2325 2730 2633 2802 ΙΙανοῦργος
2697 2723 2824 2781 ἰδών
2855 2727 3273 2803 τιμωρούμενον
3334 2732 3592 2805 πονηρὸν,
3634 2729 3844 2803 κραταιιῖκ

2257 2815 2418 2878 αὑτὸς
2473 2812 2804 2871 παιδεύεται·
2841 2841 2866 2868 ι)
2918 2815 3034 2872 ἐπεὶ
3088 2840 3112 2871 ε
3144 2819 3303 2893 γενεά
3331 2819 3523 2898 σοφίας
3573 2813 3719 2897 φόϐος
3764 2821 3843 2871 Κυ-

2260 2905 2398 2981 ρίου.
2462 2931 2483 2958 ε
2548 2903 2815 2978 Μέγιστον
2875 2902 2931 2960 δὶ
2987 2904 3076 2960 καὶ
3126 2904 3469 2963 τελεώτατον
3515 2907 3712 2984 ἀγαθὸν,
3749 2903 3839 2958 ὅταν

2257 2994 2377 3050 τινὰ
2424 2991 2483 3049 ἐκ
2532 2997 2630 3048 τοῦ
2675 2997 2858 3056 κακῶς
2906 2996 3159 3069 πράττειν
3206 2995 3283 3058 είς
3335 2998 3529 3074 ἀρετήν
3581 3017 3633 3052 τε
3672 2995 3744 3050 καὶ
3782 2991 3842 3047 εὖ·

2258 3081 2486 3157 πραγίαν
2541 3084 2795 3158 μετάγειν
2852 3081 3077 3154 δύνηταί
3113 3105 3220 3148 τις·
3271 3088 3410 3162 ὅπερ
3469 3088 3679 3159 ὁνόμος
3726 3082 3841 3156 ἐργά-

2261 3179 2429 3244 ζεταιο
2481 3173 2618 3228 ὥστε
2664 3174 2753 3226 καῖ
2807 3171 2932 3228 ὅταν
2978 3173 3259 3248 ἀνηκέστῳ
3289 3177 3400 3231 τινὶ
3448 3180 3591 3246 κακῴ
3639 3173 3840 3247 περιπέτῃ

2251 3283 2335 3324 τις
2407 3260 2509 3316 ὑπό
2566 3281 2625 3315 τε
2701 3258 2913 3325 ἀδικίας
2967 3263 3055 3316 καὶ
3132 3261 3448 3336 πλεονεξίας
3516 3257 3838 3336 καταληφθεὶς,

2255 3350 2578 3425 εὐεργετοῖτ’
2649 3349 2708 3405 ἃν
2782 3353 2810 3406 6
2869 3350 3374 3427 ἀποκτιννύμενος·
3453 3353 3711 3429 εὑεργὲτης
3763 3346 3835 3422 γάρ

2256 3441 2284 3495 6
2339 3436 2532 3513 νόμος.
2581 3439 2708 3504 τοὺς
2769 3440 2862 3513 μὲν
2918 3437 3164 3506 δικαίους
3191 3441 3242 3512 ἒξ
3275 3441 3480 3498 ἀδίκων
3511 3446 3669 3497 ποιεῖν
3718 3435 3836 3492 δυνά·

2261 3549 2439 3604 μενος,
2502 3531 2562 3600 ἢν
2625 3529 2787 3603 μόνον
2839 3527 3042 3584 ἐπαΐειν
3075 3529 3410 3602 ἐθελήσωσιν
3464 3532 3634 3588 αὐτοῦ’
3677 3525 3776 3586 τοὺς
3795 3520 3833 3578 δῖ

2257 3617 2614 3675 ἐπαλλάττων
2661 3623 2770 3674 τῶν
2823 3620 3107 3694 παρόντων
3162 3626 3348 3678 κακῶν
3381 3641 3395 3655 ⁸
3462 3621 3583 3686 τοὺς
3631 3619 3715 3692 γὰρ
3760 3635 3834 3668 w-

2257 3709 2474 3785 φρόνως
2545 3709 2635 3764 καὶ
2687 3705 2914 3772 δικαίως
2989 3710 3142 3784 βιοῦν
3211 3709 3512 3785 ἕλομίνους
3570 3703 3836 3773 ἀθανατίζειν

2259 3797 2512 3873 ἰπάγεται
2564 3801 2717 3869 (66).
2769 3799 2838 3852 T6
2891 3794 2948 3852 δε
2989 3803 3188 3874 γνῶναι
3247 3800 3423 3873 νόμον
3477 3797 3691 3857 διανοίας
3732 3791 3836 3848 ἐστὶν

2260 3886 2486 3960 ἀγαθῆς.
2551 3885 2644 3939 Καὶ
2697 3883 2885 3940 πάλιν
2921 3912 2947 3938 α
2982 3884 3207 3960 ’Ἄνδρες
3245 3893 3357 3962 ι67)
3413 3888 3565 3943 κακοὶ
3591 3884 3650 3940 οὐ
3696 3883 3836 3936 νοοῦσι

2259 3975 2452 4048 νόμον·
2507 3975 2558 4030 oi.
2616 3971 2673 4030 δὲ
2732 3979 3015 4044 ζητοῦντες
3069 3978 3159 4032 τὸν
3214 3977 3418 4052 Κύριον
3479 3979 3755 4047 συνήσουσιν
3798 3966 3834 4020 tv

2259 4067 2416 4120 παντῖ
2445 4063 2652 4140 ἀγαοῷ.
2698 4089 2724 4116 »
2771 4070 2861 4120 Δεῖ
2892 4063 2957 4135 δὴ
2992 4070 3102 4140 (68)
3157 4069 3256 4136 τὴν
3287 4066 3589 4124 διοικοῦσαν
3630 4061 3833 4138 Πρόνοιαν

2260 4155 2446 4230 κυρίαν
2475 4176 2532 4210 τε
2576 4155 2706 4209 εἶναι
2754 4154 2842 4210 καὶ
2895 4155 3126 4229 ἀγαθήν·
3185 4155 3392 4234 ἀμφοῖν
3439 4159 3536 4234 γὰρ
3589 4158 3620 4224 ἡ
3666 4150 3834 4219 δύναμις

2263 4243 2544 4317 οῖ’κονομεῖ
2602 4244 2896 4317 σωτηρίαν·
2943 4246 2978 4315 ὴ
3033 4245 3146 4317 μὶν,
3197 4243 3426 4302 κυλάσει
3482 4241 3833 4320 σωφρονίζουσα,

2263 4331 2338 4393 ὡς
2393 4332 2572 4402 κυρία·
2628 4334 2661 4401 ἡ
2721 4329 2825 4403 δὲ,
2882 4329 2952 4386 δι’
3009 4332 3254 4396 εὐποιίας
3306 4333 3738 4410 χρηστευομὲνη,
3781 4325 3832 4382 ὡς

2265 4421 2551 4496 εὐεργέτις.
2611 4421 2821 4492 Ἔξεστι
2853 4418 2909 4477 δὶ
2943 4422 3018 4492 μή
3053 4422 3182 4476 εἶναι
3239 4422 3514 4488 ἀπειθείας
3567 4421 3686 4484 υίὸν,
3729 4411 3832 4470 ἄλλά

515 4504 576 4560 Id
608 4520 741 4558 vero
775 4503 1030 4574 expedit,
1064 4509 1130 4557 ut
1176 4503 1518 4576 desinentes
1567 4504 1673 4559 filii
1723 4506 2150 4566 incredulitatis

2267 4505 2608 4583 μεταϐαίνειν
2641 4508 2702 4566 ἐκ
2727 4515 2824 4566 τοῦ
2856 4511 3082 4573 σκότους
3122 4511 3200 4574 εἷς
3253 4515 3423 4585 ζωήν⁹
3469 4512 3552 4568 καὶ
3597 4507 3832 4584 παραθέντι

517 4609 666 4662 esse,
703 4599 1072 4648 transeamus
1099 4610 1133 4647 a
1165 4592 1424 4648 tenebris
1447 4593 1520 4649 ad
1555 4594 1752 4662 vitam,
1783 4602 1841 4652 et
1869 4613 2043 4654 aures
2064 4616 2153 4654 sa-

2263 4603 2334 4675 τῇ
2363 4600 2525 4676 σοφίᾳ
2553 4599 2650 4667 τήν
2685 4598 2875 4670 ἀκοὴν,
2909 4601 3145 4674 νόμιμον
3196 4601 3332 4656 εἶναι
3377 4607 3508 4659 Θεοῦ
3552 4599 3720 4656 δοῦλον
3765 4591 3830 4665 μὶν

594 4709 656 4772 ›ι‹
685 4709 757 4791 ξ)...
781 4709 882 4791 433
915 4711 1024 4764 ED.
1055 4710 1345 4791 roman,
1379 4711 1622 4791 ss3hEn.
1653 4714 1874 4770 PARlS.
1903 4787 1931 4791 _
1957 4716 2030 4786 (a)
2060 4717 2084 4770 I
2111 4717 2150 4771 c

2271 4735 2349 4786 ιι,
2381 4720 2468 4774 32.
2542 4717 2627 4788 (ὁ)
2659 4717 2811 4774 Psal.
2863 4733 3034 4785 cxvu,
3070 4720 3156 4773 18.
3233 4721 3302 4791 (c)
3335 4722 3502 4778 Deut.
3525 4737 3632 4787 VIII,
3659 4721 3702 4782 2,
3729 4715 3769 4780 3,
3792 4712 3830 4770 5.

519 4781 604 4835 11.
680 4781 761 4848 ((1)
795 4782 958 4834 Prov.
993 4797 1132 4845 xxu,
1163 4782 1215 4846 4,
1249 4784 1299 4835 4.
1381 4785 1447 4853 (e)
1479 4785 1644 4838 Prov.
1679 4803 1871 4853 xxvm,
1900 4787 1954 4841 5.

849 4892 905 4946 δὲ
935 4892 1163 4971 θανάτῳ.
1199 4894 1298 4948 Καὶ
1330 4896 1408 4966 τῷ
1443 4898 1674 4971 θανάτῳ,
1707 4903 1860 4958 Psal.

589 4969 696 5042 (65A)
727 4967 944 5042 Ἕνεκαἒ
980 4967 1110 5021 Haec
1138 4973 1347 5042 auctor
1378 4967 1812 5042 composuitex
1843 4975 2156 5029 Deuteron.

515 5040 716 5124 Vltt'.”2,
751 5041 818 5090 3:
847 5035 947 5124 (K1?
984 5038 1270 5124 μνησθήσς,
1316 5045 1484 5124 πᾶσαν
1517 5035 1628 5109 ’τὴν
1680 5040 1828 5109 ὁδὸν,
1877 5045 1936 5112 ἢν
1988 5043 2162 5119 ἤγαγὲ

516 5124 574 5158 σε
605 5104 807 5184 Κύριος
841 5108 868 5159 6
899 5104 1027 5184 Θεός
1060 5128 1158 5160 σου
1189 5104 1358 5184 ἐν’·τῇΔ
1393 5104 1604 5183 ἐρήμῳξ
1633 5114 1782 5174 ὅπως
1817 5104 1910 5166 ἀν’
1943 5104 2162 5184 κάκ’ώᾶῃ

515 5195 593 5243 σε,
653 5175 741 5258 καὶ
784 5179 1035 5258 πειράσῃ.
1072 5199 1151 5258 σε,
1200 5175 1647 5258 καὶςδιαγνωσθῇ
1680 5186 1753 5258 Δτὰ
1784 5183 1835 5258 ξν
1867 5189 1934 5258 τῇ
1966 5175 2163 5258 καρδίᾷ

515 5241 707 5324 σουηεῖ
734 5241 943 5324 φυλάξῃ
965 5241 1074 5324 fa;
1134 5250 1358 5324 ἐντολὰς
1412 5241 1695 5322 α’ύτοῦ,
1757 5253 1840 5310 οὕ.
1901 5241 2006 5311 Καὶ
2037 5241 2158 5316 ἶ»ιάἴ

513 5316 659 5406 κωσέ
713 5316 789 5412 σε,
835 5316 1370 5412 καῖῃέὶξιμαγχόνησέ
1427 5344 1516 5412 σεε,
1560 5316 1648 5378 κάξ
1685 5316 1956 5412 ’ἐφώμισέ
2004 5349 2061 5385 σε
2100 5329 2162 5384 τὸ

522 5389 714 5466 μάννα,
745 5393 804 5445 ν.
840 5396 888 5446 ὅ.
925 5389 1234 5466 ΚαὶΔ
1262 5397 1329 5466 τῇ
1360 5392 1556 5466 καρδίᾳ
1588 5415 1706 5466 σου,
1744 5389 1929 5458 δτίὼς
1987 5397 2037 5451 εἶ’
2081 5421 2163 5461 τις

520 5461 800 5542 ἄνθρωπος
848 5461 1112 5542 παιδεύσῃ
1170 5461 1262 5518 τὸν
1283 5461 1441 5542 ςυὶὸν
1491 5461 1701 5524 αὑτοῦ(
1731 5468 1874 5522 οὕτω
1908 5468 2101 5542 Κύριος
2134 5473 2162 5526 ὁ

519 5532 1122 5615 Θεόζςσου-παιιδεύσει-
1143 5555 1220 5615 σε.
1381 5541 1463 5592 11.
1519 5538 1762 5615 Πρόσεχε
1803 5532 2029 5615 σεαυτῷ,
2085 5544 2159 5615 μή

519 5603 753 5677 ἔπιλάοη
789 5607 984 5683 Κυρίου
1030 5611 1127 5662 τοῦ
1170 5610 1304 5662 Θεοῦ
1334 5627 1451 5679 σου,
1491 5603 1586 5664 τοῦ
1645 5603 1734 5683 μὴ’
1783 5603 2027 5690 φυλάξοί(
2066 5603 2160 5677 τὰς

2271 4899 2727 4976 ἐντολὰς-αὐτοῦ,
2760 4901 2887 4976 ’καῖ’
2915 4903 2987 4976 τὰ
3032 4903 3292 4976 κρίματα,
3341 4905 3430 4960 καὶ
3475 4907 3537 4960 τά
3564 4902 3833 4970 δικαιώματα

2269 4974 2456 5036 αὐτοῦ.
2490 4973 2588 5056 ὅσα
2619 4973 2725 5048 ἐγὼ
2756 4972 3088 5056 ξντὲλλομαί
3118 4972 3205 5030 σοι
3238 4979 3498 5052 σήμερον.
3745 5037 3754 5056 ν

2341 5050 2430 5117 (66
2438 5057 2457 5121 )_
2471 5115 2485 5121 Α
2509 5044 2685 5121 "As-.9
2696 5047 2890 5115 κτίζειν
2968 5044 3242 5121 ἐπάγεται.
3262 5119 3273 5121 _
3291 5044 3301 5048 '
3319 5044 3510 5106 malim
3572 5044 3830 5121 ἀθανατίζειν

2270 5115 2682 5193 ἐπαγγέλλεται,
2717 5143 2744 5168 ‹‹
2779 5115 3145 5193 immortales
3175 5119 3420 5193 reddere
3450 5117 3721 5193 promittit.
3747 5134 3768 5160 ιι

2343 5177 2455 5258 (ὀί)
2503 5177 2750 5264 Ἀνδρες.
2783 5186 3002 5264 Ἄνδρες
3037 5190 3191 5246 κακοὶ
3224 5191 3286 5246 ού
3317 5177 3595 5264 συνήδουσι
3617 5191 3772 5264 κρῖμαο
3788 5177 3829 5264 ρὶ

2271 5251 2651 5387 δὲ’ζηῒοξντεέ
2673 5251 2763 5316 τδν
2799 5251 2999 5336 Κύρὶον
3029 5265 3340 5333 συνήσουσιν
3372 5251 3825 5326 ἐν’παντί,ί⁵ι“όινει”ῒνο

2271 5350 2461 5387 xxvm-
2530 5375 2542 5387 .

2269 5350 2462 5401 xxvm,
2491 5350 2542 5388 ο.
2633 5401 2649 5407 _
2687 5405 2693 5407 _
2797 5405 2838 5407 η
3666 5404 3693 5407 _
3729 5396 3738 5407 ,
3785 5388 3820 5404 ...

2343 5407 2451 5473 (68)
2513 5409 2600 5458 Δεῖ
2631 5401 2722 5476 δήο
2782 5405 3056 5476 Clemens
3111 5407 3264 5463 infra
3317 5409 3612 5476 Strom.n_:
3664 5401 3741 5454 Καὶ
3781 5401 3826 5476 ςδη

2269 5475 2525 5550 πάρεστιν
2585 5475 2665 5528 ἀεὶ
2718 5477 2787 5548 τῇ
2844 5497 2900 5530 τε
2955 5475 3224 5552 ἑποπτικῇ
3256 5524 3269 5545 ,
3327 5480 3392 5551 τῇ
3447 5496 3502 5532 τε
3553 5474 3827 5596 εὖεργεταῇι

2269 5548 2336 5596 τῆ
2387 5567 2446 5596 τε
2496 5543 2817 5596 παιδευτικῆ
2871 5548 3152 5596 ἀπτοιιενη
3211 5551 3367 5596 ’λαῶν
3417 5544 3620 5596 δυνάμει
3687 5538 3827 5596 ﬁtﬁt“;

2387 5567 2446 5624 τε
2496 5538 2818 5624 παιδευτικῇ
2871 5548 3152 5624 ἀπτομενῃ
3200 5538 3827 5624 δυνάμει’δύνσμις

2269 5620 2365 5671 τοῦ
2396 5622 2549 5674 Θεοῦ.
