4050 6188
411 268 521 324 πε

1644 274 2051 331 CLEMENTIB
2087 276 2588 333 Αιωιιοιιιιηι

3720 273 3821 330 92A

414 411 553 454 nam
576 397 916 469 pertinent;
947 399 1182 454 tertiam
1217 403 1413 455 autem
1447 416 1596 466 eam,
1637 416 1767 471 quae
1810 398 2053 471 pertinet

2181 395 2312 453 i'Bta'
2345 400 2406 455 τὸ
2432 401 2614 471 τρίτον
2655 399 2733 470 δὲ,
2793 400 2870 464 εἷς
2920 401 2980 456 τὸ
3030 400 3403 477 ίερουργικὸν,
3466 400 3495 453 ὅ
3538 397 3677 455 ἔστιν
3723 396 3822 470 ἤδη

420 487 493 544 ad
518 488 831 554 sacriﬁcia,
867 505 998 559 qum
1055 489 1129 543 ad
1161 490 1469 561 physicam
1502 490 2064 560 contemplationem

417 584 765 649 spectat;et
796 585 1091 650 postremo
1121 585 1393 649 quartam
1455 579 1734 650 speciem,
1781 579 2071 651 theologi-

411 685 561 730 cam.
596 686 728 740 quae
756 666 1016 722 ἐποπτεία
1047 686 1150 724 seu
1183 687 1483 724 sacrorum
1528 687 1880 725 arcanorum
1916 693 1940 718 «
1975 671 2067 724 in-

411 759 637 828 spectio
672 781 700 807 »
734 765 825 813 est
859 775 871 812 :
906 776 1083 830 quam
1116 760 1278 814 Plato
1311 760 1454 814 dicit
1484 777 1612 815 esse
1645 760 2066 831 mysteriorum

410 864 615 904 revera
627 865 973 920 magnorum
988 850 1554 920 contemplationem
1576 849 1942 916 ;Aristoteles
1963 866 2065 904 au-

413 942 533 992 tem
568 938 721 993 hanc
753 939 1010 1010 speciem
1059 945 1226 994 vocat
1253 940 1694 1009 Metaphysicam.
1722 941 1791 993 Et
1819 956 1949 1008 qua,
1977 945 2067 993 est

416 1027 656 1097 quidem
681 1043 750 1082 ex
784 1028 1042 1083 Platonis
1074 1029 1370 1083 sententia
1398 1028 1800 1093 dialectica,ut
1830 1027 1973 1081 dicit
2002 1028 2062 1082 in

412 1117 662 1180 Politico,
689 1123 778 1170 est
807 1117 1077 1186 quaedam
1101 1117 1367 1183 scientia,
1403 1134 1533 1188 quae
1557 1117 1784 1170 entium
1807 1116 2064 1187 explica-

412 1205 635 1260 tionem
669 1206 910 1260 invenit.
941 1209 985 1260 A
1028 1207 1149 1261 viro
1203 1213 1400 1262 autem
1460 1206 1614 1260 bono
1673 1211 1732 1260 et
1773 1205 2062 1276 prudente

411 1301 503 1350 est
548 1295 932 1366 acquirenda,
1017 1313 1137 1350 non
1187 1302 1253 1351 ut
1334 1295 1562 1365 aliquid
1617 1294 1773 1348 dicat
1831 1295 1919 1349 vel
1973 1295 2061 1349 fa-

410 1382 606 1446 ciat>X<
628 1399 854 1449 eorum,
889 1401 1021 1454 qua)
1053 1384 1334 1439 dicuntur
1362 1391 1465 1438 aut
1498 1384 1649 1438 fiunt
1677 1383 1833 1453 apud
1871 1383 2063 1437 homi—

410 1489 517 1528 nes
547 1475 633 1541 (ut
688 1473 912 1528 faciunt
943 1475 1042 1544 qui
1092 1491 1252 1528 nunc
1285 1480 1423 1528 sunt
1451 1472 1767 1537 dialectici,
1801 1473 1900 1542 qui
1935 1489 2060 1526 ver-

412 1568 621 1617 santur
650 1563 710 1616 in
741 1561 919 1616 rebus
951 1561 1444 1632 SOphisticis),sed
1471 1568 1536 1616 ut
1565 1561 1796 1632 possint
1820 1561 2060 1631 quidem

410 1652 608 1706 dicere
627 1659 686 1706 et
713 1653 907 1707 facere
938 1668 1006 1706 ea
1036 1668 1167 1721 qum
1197 1652 1314 1706 Deo
1343 1657 1508 1722 grata
1538 1656 1695 1715 sunt,
1729 1650 1906 1720 idque
1934 1650 2062 1703 uni-

2170 492 2272 553 τῆς
2322 496 2554 566 φυτικῆς
2611 490 2860 564 θεωρίας·
2936 490 3025 546 καὶ
3091 490 3354 565 τέταρτον
3422 487 3516 543 ἐπὶ
3604 493 3729 542 πᾶσι
3771 492 3826 544 τὸ

2173 575 2492 652 θεολογικὸν
2527 577 2689 646 εἶδος,
2717 583 2751 649 ἡ
2787 605 2814 630 ‹‹
2849 579 3126 634 ἐποπτεία’
3164 604 3190 629 ››
3230 580 3305 647 ἢν
3341 599 3518 655 φησιν
3554 578 3582 632 ὁ
3616 578 3823 634 Πλάτων

2168 671 2276 720 τῶν
2311 667 2558 742 μεγάλων
2603 665 2775 728 ὅντως
2836 669 2971 723 εἶναι
3024 667 3345 744 μυστηρίων
3395 671 3537 739 (⁸78)·
3597 670 3828 742 Ἀριστο-

2169 753 2334 826 τέλης
2368 754 2426 811 δὲ
2445 758 2506 811 τὸ
2539 756 2679 819 εἶδος
2707 764 2870 813 τοῦτο
2904 758 3054 816 Μετὰ
3109 758 3175 812 τά
3230 759 3449 835 φυσικὰ
3506 762 3688 813 καλεῖ.
3741 759 3823 812 Καὶ

2169 845 2203 915 ἧ
2234 868 2295 919 γε
2323 848 2459 903 κατὰ
2493 846 2755 904 Πλάτωνα
2777 847 3094 916 διαλεκτικὴ
3121 852 3244 920 (79),
3306 847 3388 910 ὦς
3443 869 3613 924 φησιν
3658 848 3707 902 ἐν
3757 854 3826 921 τῷ

2171 936 2470 1009 Πολιτικῷ,
2524 946 2625 1008 τῆς
2672 944 2780 994 τῶν
2840 935 3009 993 ὅντων
3069 936 3378 1005 δηλώσεως
3442 939 3699 1010 εὑρετική
3752 939 3824 1002 τίς

2169 1025 2308 1081 ἐστιν
2343 1026 2644 1098 ἐπιστήμη.
2697 1029 2883 1098 Κτητὴ
2946 1025 3003 1082 δὶ
3059 1027 3194 1096 αὕτη
3248 1031 3339 1098 τῷ
3403 1028 3678 1100 σώφρονι,
3733 1029 3825 1086 οὐχ

2165 1112 2320 1170 ἓνεκα
2374 1121 2470 1170 τοῦ
2528 1115 2703 1190 λέγειν
2762 1137 2836 1182 τι,
2894 1117 3148 1191 πράττειν
3202 1139 3254 1172 τι
3321 1122 3448 1190 (80)
3506 1119 3619 1170 τῶν
3701 1119 3824 1192 πρὸς

2163 1203 2293 1269 τοὺς
2323 1205 2662 1281 ἀνθρώπους⁸
2695 1206 2898 1281 (ὥσπερ
2949 1209 3001 1261 οἱ
3060 1211 3151 1261 νῦν
3184 1204 3564 1273 διαλεκτικοὶ,
3596 1207 3718 1281 περὶ
3766 1209 3824 1262 τὰ

2166 1295 2452 1370 σοφιστικά
2482 1293 2916 1369 ἀσχολούμενοι,
2947 1299 3244 1368 ποιοῦσιν)
3273 1296 3436 1352 ἀλλὰ
3494 1300 3576 1366 τῷ
3607 1301 3719 1367 Θεῷ
3745 1316 3822 1352 κεο

2167 1380 2476 1457 χαρισμένα
2511 1384 2603 1454 μὶν
2637 1381 2815 1457 λέγειν
2850 1381 3129 1451 δύνασθαι,
3162 1385 3554 1458 κεχαρισμένα
3577 1382 3635 1438 δὲ
3663 1388 3821 1459 πράτ-

2163 1491 2298 1538 τειν,
2323 1472 2386 1526 τὸ
2416 1478 2519 1526 πᾶν
2549 1471 2627 1536 εἰς
2684 1471 2933 1546 δύναμιν.
2993 1476 3174 1542 Μικτή
3230 1472 3289 1528 δὲ
3353 1472 3661 1550 φιλοσοφία
3705 1473 3823 1529 οὖσα

2160 1564 2231 1634 τῇ
2265 1560 2494 1632 ἀληθείᾳ
2522 1564 2632 1630 (81)
2667 1564 2701 1631 ἠ
2761 1561 2976 1632 ἀληθὴς
3034 1560 3389 1631 διαλεκτικὴ.
3463 1563 3818 1618 ἐπισκοποῦσα

2163 1650 2229 1703 τά
2258 1649 2572 1724 πράγματα,
2603 1650 2809 1712 καὶτὰς
2847 1647 3099 1724 δυνάμεις
3152 1651 3242 1705 καὶ
3271 1653 3376 1713 τὰς
3439 1650 3684 1721 ἐξουσίας
3737 1650 3817 1706 δο-

407 1758 643 1797 versum
666 1759 772 1812 pro
794 1741 1034 1796 viribus.
1067 1741 1211 1795 Cum
1243 1741 1320 1795 sit
1342 1745 1540 1794 autem
1563 1755 1697 1793 vera
1726 1738 2053 1803 dialectica,

2163 1741 2490 1810 κιμάζουσα,
2547 1735 2951 1812 ὑπεξαναϐαίνει
3005 1741 3128 1816 περί
3205 1742 3310 1809 τήν
3378 1740 3604 1796 πάντων
3654 1743 3815 1814 κρατίο

408 1830 788 1904 philosophia
817 1830 1102 1900 permista
1129 1830 1391 1885 veritate.
1417 1844 1511 1882 res
1541 1827 2055 1888 considerans.fa-

407 1921 774 1990 cultatesque
790 1926 848 1974 et
863 1925 1182 1990 potestates
1213 1919 1579 1982 examinans,
1605 1917 2056 1972 transcenditad

406 2007 960 2080 pi'aastantissimam
1037 2008 1307 2062 omnium
1367 2007 1716 2072 essentiam,
1771 2013 1829 2060 et
1879 2007 2058 2062 audet

405 2101 580 2156 etiam
609 2099 764 2153 ultra
793 2098 1064 2170 progredi
1095 2099 1169 2153 ad
1229 2101 1411 2154 Deum
1467 2099 1899 2154 universorum.
1934 2113 2055 2152 non

405 2206 605 2248 rerum
634 2187 978 2242 mortalium
1037 2187 1329 2258 peritiam,
1363 2187 1467 2242 sed
1510 2189 1840 2242 divinarum
1883 2187 2056 2242 coale-

407 2279 706 2348 stiumque
739 2277 1047 2332 scientiam
1097 2277 1419 2348 pPOflt81182
1464 2293 1641 2348 quam
1673 2277 2061 2346 consequitur

406 2369 583 2425 etiam
614 2368 675 2422 in
706 2367 883 2422 rebus
915 2367 1213 2431 humanis,
1249 2367 1429 2438 idque
1477 2384 1615 2422 cum
1663 2368 1723 2422 in
1783 2365 2056 2432 dicendo,

402 2463 528 2514 tum
553 2458 613 2512 in
635 2457 1164 2530 agendo,proprius
1185 2473 1347 2512 usus.
1365 2457 1568 2511 Merito
1599 2473 1736 2528 ergo
1759 2456 2058 2524 Scriptura

405 2563 641 2618 quoque
667 2546 814 2602 tales
873 2563 982 2600 nos
1013 2562 1145 2601 esse
1176 2545 1378 2600 volens
1400 2545 1762 2610 dialecticos,
1814 2545 1896 2599 sic
1921 2543 2053 2598 hor-

405 2642 564 2692 tatur
596 2653 609 2689 :
649 2659 670 2684 ε
702 2635 1057 2690 Efﬁciamini
1092 2641 1292 2690 autem
1323 2634 1493 2706 probi
1537 2634 1855 2705 trapezitae,
1879 2655 1906 2681 »
1941 2632 2059 2687 alia

405 2726 646 2798 quidem
677 2724 1248 2796 reprobantes,quod
1269 2731 1468 2778 autem
1488 2722 1711 2778 bonum
1739 2728 1830 2776 est
1849 2726 2056 2776 tenen-

405 2822 514 2871 tes.
551 2817 683 2870 Haac
709 2815 868 2868 enim
922 2829 1127 2868 revera
1173 2813 1485 2868 dialectica
1514 2818 1605 2866 est
1639 2812 1889 2868 scientia
1910 2810 2058 2865 divi-

406 2905 585 2960 dendi
616 2921 684 2960 ea
713 2921 844 2974 quas
875 2903 1182 2958 intellectu
1227 2903 1653 2974 percipiuntur,
1687 2907 1745 2956 et
1801 2900 2058 2973 singulo-

404 3012 536 3052 rum
571 2996 794 3050 entium
824 2993 1157 3065 subjectum
1215 3009 1360 3064 pure
1407 3009 1475 3047 ac
1518 2992 1827 3063 perspicue
1859 2995 2056 3045 osten-

403 3085 582 3141 dendi
619 3102 631 3139 :
659 3085 777 3139 sive
807 3083 1059 3139 facultas
1089 3099 1182 3138 res
1215 3083 1273 3136 in
1321 3099 1426 3137 sua
1469 3097 1687 3154 genera
1725 3078 2048 3136 dividendi.

405 3173 776 3230 descendens
807 3189 994 3244 usque
1017 3173 1090 3228 ad
1122 3189 1192 3227 ea
1222 3188 1352 3242 quas
1387 3177 1525 3225 sunt
1553 3170 1810 3224 maxime
1833 3168 2050 3240 specia-

404 3264 504 3331 lia,
532 3270 591 3318 et
623 3262 1091 3333 unumquodque
1139 3278 1245 3316 ens
1303 3277 1536 3331 purum.
1573 3275 1638 3313 ac
1697 3263 1873 3329 prout
1902 3258 1962 3311 in
1994 3275 2056 3312 se

406 3360 515 3421 est,
550 3353 903 3408 intuendum
933 3351 1239 3406 exhibens.
1277 3350 1563 3415 Quocirca
1593 3365 1662 3404 ea
1721 3347 1847 3403 sola
1875 3347 2056 3401 veluti

403 3461 586 3500 manu
613 3442 776 3496 ducit
805 3441 880 3497 ad
910 3457 1104 3496 veram
1136 3440 1511 3510 sapientiam,
1544 3455 1675 3509 quae
1705 3436 1946 3508 quidem
1969 3442 2060 3490 est

405 3532 607 3587 divina
630 3531 902 3596 facultas,
936 3547 1068 3601 quia
1103 3530 1282 3595 entia,
1334 3536 1628 3600 quatenus
1678 3532 1816 3580 sunt
1872 3525 2052 3591 entia,

397 3621 720 3695 cognoscit,
769 3620 850 3687 id,
911 3620 1068 3692 quod
1126 3625 1216 3674 est
1301 3618 1652 3690 perfectum,
1711 3620 2052 3680 consecuta,

462 3739 524 3803 ›ι‹
554 3741 615 3796 P.
642 3739 742 3792 425
768 3739 880 3792 ED.
915 3738 1206 3800 POTTER,
1236 3738 1339 3791 355
1369 3737 1478 3791 ED.
1510 3735 1739 3790 PARIS.

467 3857 577 3927 (78)
613 3853 872 3927 Μεγάλων
907 3850 1146 3927 ὅντως..)
1183 3874 1240 3923 μ.
1265 3926 1271 3927 γ
1299 3875 1324 3903 α
1360 3856 1504 3908 Vere
1540 3869 1886 3927 magnorum
1920 3868 2044 3922 my-

394 3923 713 3986 steriorum
748 3944 764 3980 :
798 3952 817 3978 ι
847 3944 962 3997 quo
994 3925 1304 3998 distinguit
1353 3931 1559 3998 auctor
1588 3923 1883 3998 Evangelii
1915 3940 2043 3998 my-

395 4002 574 4057 steria
605 4000 676 4054 ab
702 3995 1038 4056 Eleusiniis.
1075 3995 1326 4066 aliisque
1379 3996 1640 4065 profanis
1670 4012 1683 4049 :
1719 4013 1849 4064 quas
1912 3995 2049 4047 licet

395 4071 748 4142 aplerisque
781 4069 981 4124 habita
1011 4069 1250 4134 fuerint,
1304 4074 1501 4122 tamen
1535 4084 1654 4122 non
1688 4072 1859 4122 erant
1889 4081 2045 4130 vere,

393 4160 626 4217 magna.

463 4207 577 4287 (‘79)
631 4210 1216 4287 Διαλεκτική-Οιιᾶῐη
1273 4209 1621 4287 Aristoteles
1685 4207 2045 4287 m‘etaplivsi-

393 4280 544 4354 cam,
576 4288 743 4342 Plato
777 4284 1148 4340 dialecticam
1186 4281 1424 4336 vocavit.
1473 4280 1635 4334 Conf.
1698 4281 2044 4354 ejus__Ph<2—

392 4351 541 4419 drus,
569 4378 624 4426 p.
656 4359 792 4413 1234
823 4379 836 4423 ς
886 4357 1126 4426 Sophist.
1170 4371 1225 4424 p.
1273 4357 1370 4406 177
1407 4370 1420 4417 ;
1456 4354 1529 4406 De
1571 4353 1764 4422 repub.
1815 4351 1918 4405 lib.
1951 4367 2042 4416 vn,

438 4475 448 4485 .
483 4436 606 4487 704.

392 4449 817 4574 Λὲγειν
862 4519 938 4562 τι,
998 4496 1254 4574 πράττειν
1336 4515 1410 4574 τι.
1469 4503 1536 4550 Α.

393 4575 428 4642 ἦ
463 4566 731 4645 πράττειν’
767 4593 840 4626 τι.
879 4574 993 4645 Ego
1028 4566 1178 4642 vulg.
1216 4568 1557 4645 _lectione_m
1606 4566 1854 4645 retineo,
1908 4581 2043 4645 cum

396 4638 573 4718 supra
605 4663 840 4716 quoque
875 4638 1015 4698 talia
1038 4638 1293 4698 not'arim
1325 4639 1628 4712 asyndeta,
1663 4638 1736 4694 ad
1760 4654 1889 4710 pag.
1919 4639 2038 4691 126.

397 4720 668 4774 SvLauno.

459 4791 570 4860 (81)
630 4787 810 4854 Μικτή
864 4783 956 4860 Δ,δῖε
1003 4780 1340 4860 ’φιλοσοφία
1419 4780 1593 4860 οὗῌσαή
1632 4777 1702 4851 τῇ
1750 4775 2040 4860 *ἀληθείφ

393 4849 625 4915 Mallem
663 4849 826 4930 μικτῆ
861 4854 918 4912 δὲ
939 4849 1401 4931 φιλοσοφίᾳοῦ-σα
1430 4857 1499 4925 τῇ
1541 4849 1779 4925 ἀληθινῇ
1802 4853 2038 4931 Αίέονιντῃ.

463 4934 576 4998 (82)
619 4925 849 4994 Γίνεσθε.
902 4925 1265 5000 Νὶορρὶιοἰ“ιιε
1325 4925 1434 5000 lib.
1487 4944 1562 5000 x._
1618 4943 1741 4995 cap.
1797 4925 1888 5000 26,
1949 4925 2044 4978 Hi.-

391 4997 580 5074 storia?
600 5019 648 5054 .’‹‹
675 4997 1608 5074 Spectatoresnummularios(in
1641 4997 1904 5067 margine
1921 5001 2048 5050 erat

393 5070 660 5144 λογίμους
687 5070 1030 5144 τραπεζίτας,
1053 5078 1371 5144 utrumque
1398 5075 1758 5144 suspectum)
1786 5085 1894 5122 nos
1916 5084 2044 5144 esse

394 5139 659 5198 divinum
683 5139 988 5200 oraculum
1011 5141 1270 5212 jubet.et
1289 5147 1354 5194 ut
1374 5139 1838 5210 pulcherrimum
1859 5139 2046 5210 quod-

393 5231 508 5286 que
542 5231 612 5269 ex
638 5217 814 5270 rebus
849 5214 1124 5286 omnibus
1157 5212 1674 5286 deligentes,quod
1701 5212 1926 5286 malum
1961 5216 2050 5266 est

393 5282 763 5353 abjiciamus.
798 5286 956 5358 quod
987 5282 1478 5358 bonum_at_1tern_
1521 5282 1944 5358 disquiramus,
1992 5287 2050 5336 et

393 5352 698 5414 inventum
732 5352 1116 5413 retineamus.
1159 5378 1182 5400 »
1214 5355 1268 5408 S.
1305 5353 1558 5407 Basilius
1591 5352 1649 5406 in
1689 5352 2048 5422 principium

391 5430 665 5486 Proverb.
705 5447 718 5485 :
753 5429 850 5484 Καὶ
884 5428 956 5487 ὡς
1005 5423 1232 5495 δόκιμος
1291 5422 1641 5495 τραπεζίτης,
1673 5421 1735 5475 τὸ
1770 5421 2044 5495 μὲνςδόκι-

392 5522 492 5573 μον
521 5502 747 5574 καθέξει,
781 5499 888 5554 ἀπὸ
941 5495 998 5552 δὲ
1028 5492 1225 5574 παντὸς
1257 5493 1444 5574 εἴδους.
1502 5497 1744 5574 πονηαοῦ
1773 5492 2044 5574 ἀφέξεται.

391 5566 556 5631 idem
616 5566 740 5631 ini
798 5590 923 5644 cap.
986 5569 1211 5644 Isaiae;
1269 5567 1448 5624 Pauci
1509 5566 1677 5644 probi
1730 5566 2042 5644 trapezita.

390 5646 527 5704 Rari
547 5640 1058 5713 admodum—sunt,
1088 5640 1189 5715 qui
1220 5646 1432 5699 cuncta
1462 5643 1682 5712 queant
1715 5640 2040 5714 explorare,

2165 1850 2293 1898 στην
2327 1829 2750 1903 οὖσίαν,τοΛμᾷ
2803 1851 2861 1885 τε
2913 1830 3162 1885 ἐπέκεινα
3217 1831 3309 1886 ἐπὶ
3369 1832 3468 1886 τὸν
3524 1835 3634 1886 τῶν
3681 1829 3812 1886 ὃλων

2161 1919 2313 1985 Θεὸν,
2370 1917 2468 1972 οὐκ
2525 1918 2805 1991 ἐμπειρίαν
2862 1923 2970 1973 τῶν
3022 1924 3263 1989 θνητῶν,
3320 1918 3459 1974 ἀλλ’
3519 1919 3811 1992 ἐπιστήμην

2161 2011 2268 2060 τῶν
2301 2008 2458 2062 θείων
2490 2006 2579 2062 καὶ
2639 2007 2907 2076 οὐρανίων
2960 2007 3450 2082 ὲπαγγελλομὲνη·
3484 2008 3522 2082 ᾖ
3554 2009 3813 2064 συνᾶπεται

2161 2096 2247 2150 καὶ
2282 2099 2316 2165 ἡ
2339 2096 2593 2170 περὶτῶν
2625 2095 2999 2171 ἀνθρωπείων,
3031 2097 3156 2169 περί
3204 2118 3263 2152 τε
3323 2099 3468 2158 τοὺς
3525 2095 3718 2172 λόγους
3737 2098 3811 2151 καὶ

2158 2186 2255 2245 τὰς
2287 2187 2523 2259 πράξεις,
2559 2183 2734 2240 οῖ’κεία
2764 2192 2984 2260 χρῆσις.
3013 2185 3258 2248 Εἰκότως
3311 2191 3421 2262 ἀρα
3453 2186 3547 2241 καὶ
3578 2189 3612 2254 ἡ
3645 2187 3812 2260 Γραφή

2157 2275 2443 2336 τοιούτους
2502 2275 2646 2336 τινάς
2703 2277 2851 2346 ἡμᾶς
2913 2271 3295 2337 διαλεκτικοὺς
3359 2275 3544 2331 οὕτως
3578 2274 3814 2339 ἐθέλουσα

2160 2362 2428 2438 γενέσθαι,
2461 2369 2734 2437 παραινεῖ·
2771 2389 2798 2413 ‹‹
2852 2363 3065 2418 Γίνεσθε
3096 2368 3208 2436 (82)
3267 2362 3330 2420 δὲ
3363 2361 3593 2436 δόκιμοι
3642 2384 3814 2434 τραπε-

2164 2458 2327 2522 ζῖται.
2362 2477 2389 2503 ››
2419 2454 2486 2506 τὰ
2519 2453 2614 2523 μὲν
2643 2450 3168 2524 ἀποδοκιμάζοντες,
3198 2456 3259 2508 τὸ
3292 2452 3356 2509 δὶ
3387 2453 3560 2509 καλὸν
3596 2457 3702 2523 (83)
3727 2474 3811 2507 κα·

2159 2541 2598 2616 τέχοντες.Αὕτη
2653 2542 2760 2617 γὰρ
2805 2547 2886 2614 τῷ
2941 2537 3057 2597 ὄντι
3108 2546 3143 2612 ἡ
3203 2541 3537 2612 διαλεκτική
3571 2543 3809 2618 φρόνησίς

2161 2630 2272 2686 ἐστι
2302 2630 2428 2704 περῖ
2473 2631 2541 2685 τὰ
2598 2631 2768 2698 νοητὰ
2825 2629 3153 2707 διαιρετικὴ,
3211 2633 3451 2688 ἑκάστου
3500 2637 3609 2688 τῶν
3657 2629 3806 2686 ὄντων

2160 2718 2406 2791 ἀμίκτως
2438 2741 2495 2774 τε
2513 2717 2606 2774 καί
2645 2719 2956 2790 εἰλικρινῶς
3028 2725 3125 2776 τοῦ
3159 2721 3535 2795 ὑποκειμένου
3562 2718 3802 2789 δεικτική.

2161 2811 2196 2880 ἢ
2229 2807 2458 2882 δῦναμις
2490 2807 2712 2884 περὶτὰ
2750 2813 2856 2863 τῶν
2917 2811 3252 2886 πραγμάτων
3313 2813 3454 2886 γὲνη
3499 2808 3804 2885 διαιρετικὴ,

2166 2897 2335 2971 μέχρι
2389 2901 2496 2951 τῶν
2557 2895 2892 2952 ίδικωτάτων
2980 2893 3407 2972 καταϐαίνουσα,
3468 2899 3797 2974 παρεχομένη

2161 2983 2386 3040 ἕκαστον
2433 2990 2540 3040 τῶν
2600 2981 2771 3040 ὄντων
2828 2988 3095 3060 καθαρὸν,
3146 2987 3262 3043 οἶόν
3320 2988 3462 3056 ἐστι,
3525 2987 3798 3065 φαίνεσθαι.

2167 3075 2258 3130 Διὸ
2282 3074 2373 3130 καῖ
2407 3074 2542 3147 μόνη
2571 3075 2706 3146 αὕτη
2742 3075 2829 3130 ἐπὶ
2860 3078 2958 3147 τὴν
2993 3075 3176 3147 ἀληθῆ
3234 3079 3432 3156 σοφίαν
3467 3081 3795 3154 χειραγωγεῖ,

2163 3164 2287 3233 ἥτις
2320 3163 2428 3218 ἐστὶ
2463 3161 2686 3237 δύναμις
2717 3165 2832 3220 Θεία
2859 3170 2967 3220 τῶν
2998 3162 3164 3220 ὄντων
3197 3167 3270 3222 ὡς
3305 3165 3483 3222 ὄντων
3527 3165 3796 3242 γνωστικὴ,

2164 3256 2227 3309 τὸ
2245 3253 2455 3309 τέλειον
2485 3251 2707 3323 ἔχουσα,
2749 3255 2949 3319 παντὸς
2998 3257 3203 3320 πάθους
3260 3256 3686 3330 ἀπηλλαγμένη·
3715 3252 3797 3308 οὐκ

2168 3342 2290 3398 ἄνευ
2321 3348 2416 3398 τοῦ
2449 3349 2732 3416 Σωτῆρος,
2763 3347 2860 3398 τοῦ
2914 3345 3321 3422 καταγαγόντος
3351 3350 3516 3420 ἡμῶν
3559 3349 3636 3415 τῷ
3689 3343 3797 3414 θείῳ

2166 3434 2332 3509 Λόγῳ
2373 3437 2470 3488 τοῦ
2528 3433 2784 3508 ὁρατικοῦ
2815 3441 2915 3502 τῆς
2971 3437 3159 3511 ψυχῆς
3195 3437 3295 3504 τὴν
3355 3436 3702 3512 ἐπιχυθεῖσαν
3747 3430 3795 3486 ἐκ

2165 3521 2381 3598 φαύλης
2412 3523 2754 3601 ἀναστροφῆς
2786 3527 2902 3594 (84)
2955 3529 3172 3599 ἀγνοιαν
3231 3524 3535 3601 ἀχλυώδη,
3589 3523 3675 3578 καὶ
3742 3521 3793 3575 τὸ

2169 3611 2448 3688 βέλτιστον
2502 3610 2938 3684 ἀποδεδωκότος,
2997 3609 3118 3692 ὄφρ’
3174 3613 3232 3670 εὖ
3274 3618 3640 3692 γινώσκοιμεν
3673 3610 3790 3683 ἡμὶν

2160 3855 2219 3904 et
2249 3850 2401 3904 bona
2433 3850 2673 3922 quidem
2705 3867 2888 3922 penes
2942 3869 3003 3907 se
3061 3853 3334 3908 noverint
3383 3853 3656 3917 retinere,
3723 3849 3781 3904 ab

2159 3923 2319 3996 omni
2350 3930 2546 3976 autem
2579 3924 2774 3996 specie
2804 3924 2959 3978 mala
2991 3923 3101 3978 sibi
3136 3932 3494 3996 temperare.
3530 3947 3556 3972 »
3585 3924 3634 3977 S.
3666 3925 3780 3976 Am-

2159 3993 2392 4048 brosius
2425 3995 2705 4065 prooemio
2738 3996 3016 4066 explanat
3073 3996 3134 4050 in
3177 3993 3396 4052 Lucam
3433 4014 3446 4051 :
3482 4019 3509 4047 «
3544 3997 3671 4049 Erat
3695 4009 3781 4046 au-

2159 4072 2276 4120 tem
2310 4066 2509 4136 populi
2541 4067 2728 4138 gratia
2758 4067 3095 4139 discernere
3129 4069 3469 4139 spiritus,ut
3497 4079 3781 4138 cognosce—

2157 4144 2425 4208 ret.quos
2441 4139 2658 4194 referre
2692 4138 3006 4193 deberetin
3023 4138 3338 4194 numerum
3366 4140 3778 4211 prophetarum,

2158 4226 2304 4282 quos
2336 4212 2729 4282 autemquasi
2763 4211 2952 4265 bonus
2986 4209 3774 4282 nummularius.improbare.

2157 4280 2217 4333 in
2253 4298 2288 4355 q
2341 4280 2470 4355 ibus
2500 4282 2761 4355 materia
2783 4282 2968 4355 magis
2999 4289 3276 4355 corrupta
3308 4280 3593 4346 sorderet,
3625 4292 3773 4355 quam

2154 4351 2274 4404 veri
2307 4351 2590 4421 splendor
2619 4353 2864 4408 luminis
2898 4351 3257 4409 resultaret.
3295 4375 3320 4405 ι
3358 4357 3381 4409 I
3439 4351 3776 4408 Thessaloni-

2154 4439 2314 4508 cens.
2351 4440 2400 4490 v,
2425 4427 2486 4508 ill
2519 4441 2530 4476 :
2560 4446 2586 4472 ‹‹
2646 4425 2855 4508 ania
2903 4425 3167 4508 probate,
3193 4427 3411 4508 _qu.od_
3440 4426 3647 4480 bonum
3696 4422 3772 4508 gs!

1625 4499 1682 4548 et
1705 4566 1712 4568 _
1737 4497 1802 4548 Η.
1866 4488 2040 4564 λέγειν
2076 4489 2120 4553 D
2153 4488 2477 4568 tenetez'ab
2507 4496 2666 4568 omni
2700 4488 2920 4568 specie'
2947 4497 3102 4568 mala
3156 4488 3454 4568 abstinete
3485 4514 3661 4568 vos.)
3694 4493 3770 4544 Gr-

2153 4566 2335 4643 llivtz
2357 4563 2768 4643 δοκιμάζοντες,
2801 4567 2864 4620 τὸ
2895 4565 3061 4643 καλὸν
3094 4564 3373 4643 κατέχετε.
3413 4566 3771 4643 Tertulliann§

2152 4641 2230 4693 De
2267 4630 2828 4709 praescriptionibus:
2885 4663 2911 4688 ‹‹
2975 4641 3186 4696 Omnia
3228 4630 3584 4700 Examinate.
3637 4630 3768 4706 quod

2152 4709 2376 4765 bonum
2407 4717 2496 4766 est
2525 4716 2743 4765 tenete.
2776 4731 2803 4760 ι
2839 4712 3102 4766 COLLECT.
3129 4743 3192 4753 —-
3211 4715 3331 4770 Hoc
3351 4710 3768 4770 dictumiterum

2154 4783 2398 4854 respicit
2421 4781 2695 4837 Clemens
2719 4784 2920 4839 Strom.
2947 4799 3069 4854 n.p.
3106 4785 3205 4839 365
3229 4802 3242 4850 ;
3273 4787 3552 4842 Strom.vx.
3571 4799 3620 4852 p.
3641 4779 3760 4854 οὔῆ-ί

2153 4851 2355 4927 Βενόιῃ.
2391 4870 2484 4927 vn.
2501 4872 2555 4927 p.
2575 4856 2696 4927 754.
2721 4857 2837 4910 Hoc
2859 4851 3100 4927 effatum
3121 4855 3318 4927 plures
3345 4858 3445 4912 alii
3464 4851 3766 4927 exantiquls

2156 4923 2801 4998 Patribus,Christo.vel
2821 4926 3106 4998 apostolis
3122 4923 3418 4992 tribuunt;
3441 4923 3636 4998 quossi
3655 4923 3764 4998 qui?

2157 4985 2476 5071 consulere
2503 4997 2720 5071 cupiat,
2763 4998 2812 5052 is
2840 4985 3252 5071 adeatUsserii
3281 4985 3681 5071 Prolegomena
3703 4985 3761 5041 ad

2155 5068 2366 5149 lgnatii
2389 5067 2670 5149 epistolas
2691 5086 2817 5149 cap.
2854 5072 3131 5149 8,_sect_.7;
3159 5069 3378 5149 Yalessi
3405 5066 3595 5149 notati
3610 5066 3764 5149 Ense:

2156 5136 2238 5194 bii
2269 5140 2366 5193 lib.
2403 5136 2513 5194 vni.
2549 5157 2578 5193 c
2631 5144 2660 5192 7
2693 5136 2923 5203 ;Huetii
2957 5147 3062 5194 not
3116 5140 3188 5195 ad
3224 5136 3762 5206 CommenLOrigems

2157 5228 2213 5283 p.
2257 5213 2389 5288 l14,_
2405 5217 2465 5288 et
2491 5211 2787 5288 prmcipue
2809 5211 3093 5288 gotelerii
3115 5218 3237 5268 not.
3255 5214 3327 5268 ad
3348 5210 3760 5288 Constitutiongfgl

2157 5275 2335 5353 ἱιροςι.
2363 5275 2570 5344 libfn,
2606 5275 2779 5341 c.-36.
2808 5283 3317 5340 Clementinorum
3351 5284 3544 5341 homil.
3573 5275 3758 5344 2,c.529

2160 5356 2584 5437 ultioni-linem.
2621 5355 2877 5437 Ecclesiz
2899 5356 3258 5437 Graeczpag.
3293 5361 3394 5437 759

2228 5427 2340 5496 (83)
2375 5421 2571 5482 Καλόν.
2606 5426 2830 5482 Allusio
2872 5432 2961 5482 est
2990 5427 3061 5482 ad
3093 5420 3318 5484 dictvum
3351 5427 3508 5484 Pauli
3537 5425 3558 5478 l
3585 5420 3752 5476 Thess.

2155 5514 2206 5551 ν.
2238 5507 2300 5549 Α.
2340 5499 2610 5554 SYLBURG.
2692 5564 2700 5566 _
3689 5556 3709 5566 -

2227 5569 2371 5642 (84),
2411 5570 2504 5624 Ἐκ
2562 5564 2793 5642 ,φαύλης
2876 5568 3257 5642 ἀναστροφῆς.
3325 5571 3406 5627 Η.
3467 5564 3748 5642 ἀνατροφῆεν

2156 5656 2227 5695 ex
2256 5641 2415 5696 mala
2447 5664 2472 5691 ‹‹
2507 5640 2854 5698 educatione
2884 5659 2894 5695 :
2925 5648 3023 5697 »ιιι
3042 5640 3206 5698 infra
3236 5659 3363 5716 pag.
3397 5640 3747 5700 200.5YLBURG-
