  <div class='ocr_page' id='page_1' title='image "/cluster/home/n/w/nwhite01/storage/ocr_20150623/8/hvd.32044073501298/472.png"; bbox 0 0 4050 6188; ppageno 0'>
   <div class='ocr_carea' id='block_1_1' title="bbox 1613 261 2350 319">
    <p class='ocr_par' dir='ltr' id='par_1_1' title="bbox 1613 261 2350 319">
     <span class='ocr_line' id='line_1_1' title="bbox 1613 261 2350 319; baseline -0.004 0"><span class='ocrx_word' id='word_1_1' title='bbox 1613 261 2059 319; x_wconf 70' lang='grc' dir='ltr'>ΒΤΕΟΜΔΤῸΠ</span> <span class='ocrx_word' id='word_1_2' title='bbox 2102 263 2236 317; x_wconf 77' lang='lat' dir='ltr'>LIB.</span> <span class='ocrx_word' id='word_1_3' title='bbox 2279 262 2350 318; x_wconf 87' lang='lat' dir='ltr'>II.</span> 
     </span>
    </p>
   </div>
   <div class='ocr_carea' id='block_1_2' title="bbox 3582 266 3692 325">
    <p class='ocr_par' dir='ltr' id='par_1_2' title="bbox 3582 266 3692 325">
     <span class='ocr_line' id='line_1_2' title="bbox 3582 266 3692 325; baseline 0.055 -6"><span class='ocrx_word' id='word_1_4' title='bbox 3582 266 3692 325; x_wconf 56' lang='lat'>93‘</span> 
     </span>
    </p>
   </div>
   <div class='ocr_carea' id='block_1_3' title="bbox 268 383 1950 464">
    <p class='ocr_par' dir='ltr' id='par_1_3' title="bbox 268 383 1924 464">
     <span class='ocr_line' id='line_1_3' title="bbox 268 383 1924 464; baseline -0.005 -17"><span class='ocrx_word' id='word_1_5' title='bbox 268 386 460 447; x_wconf 82' lang='grc' dir='ltr'>ταῖσδε</span> <span class='ocrx_word' id='word_1_6' title='bbox 487 390 540 444; x_wconf 74' lang='grc' dir='ltr'>οἱ</span> <span class='ocrx_word' id='word_1_7' title='bbox 572 388 782 446; x_wconf 78' lang='grc' dir='ltr'>Πανέλ)</span> <span class='ocrx_word' id='word_1_8' title='bbox 797 407 940 460; x_wconf 85' lang='grc' dir='ltr'>ηνες,</span> <span class='ocrx_word' id='word_1_9' title='bbox 972 387 1050 450; x_wconf 82' lang='grc' dir='ltr'>ὡς</span> <span class='ocrx_word' id='word_1_10' title='bbox 1103 386 1382 464; x_wconf 80' lang='grc' dir='ltr'>μεγίσταις</span> <span class='ocrx_word' id='word_1_11' title='bbox 1427 385 1778 457; x_wconf 73' lang='grc' dir='ltr'>ἐπιστήμαις.</span> <span class='ocrx_word' id='word_1_12' title='bbox 1825 383 1924 444; x_wconf 86' lang='grc' dir='ltr'>Ὃς</span> 
     </span>
    </p>
   </div>
   <div class='ocr_carea' id='block_1_4' title="bbox 2047 383 3689 464">
    <p class='ocr_par' dir='ltr' id='par_1_4' title="bbox 2047 386 3689 462">
     <span class='ocr_line' id='line_1_4' title="bbox 2047 386 3689 462; baseline 0.005 -22"><span class='ocrx_word' id='word_1_13' title='bbox 2047 386 2421 456; x_wconf 77' lang='lat' dir='ltr'>Consequens</span> <span class='ocrx_word' id='word_1_14' title='bbox 2438 391 2638 442; x_wconf 86' lang='lat' dir='ltr'>autem</span> <span class='ocrx_word' id='word_1_15' title='bbox 2661 392 2770 455; x_wconf 87' lang='lat' dir='ltr'>est,</span> <span class='ocrx_word' id='word_1_16' title='bbox 2803 392 2869 443; x_wconf 93' lang='lat' dir='ltr'>ut</span> <span class='ocrx_word' id='word_1_17' title='bbox 2896 387 3370 461; x_wconf 83' lang='lat' dir='ltr'>disciplinarum,</span> <span class='ocrx_word' id='word_1_18' title='bbox 3395 391 3497 462; x_wconf 88' lang='lat' dir='ltr'>qui</span> <span class='ocrx_word' id='word_1_19' title='bbox 3514 408 3689 448; x_wconf 85' lang='lat' dir='ltr'>voca-</span> 
     </span>
    </p>
   </div>
   <div class='ocr_carea' id='block_1_5' title="bbox 267 471 1918 554">
    <p class='ocr_par' dir='ltr' id='par_1_5' title="bbox 267 471 1918 554">
     <span class='ocr_line' id='line_1_5' title="bbox 267 471 1918 554; baseline -0.007 -19"><span class='ocrx_word' id='word_1_20' title='bbox 267 478 316 534; x_wconf 86' lang='grc' dir='ltr'>δ’</span> <span class='ocrx_word' id='word_1_21' title='bbox 374 477 600 554; x_wconf 74' lang='grc' dir='ltr'>ἐλέγχει</span> <span class='ocrx_word' id='word_1_22' title='bbox 661 479 797 552; x_wconf 88' lang='grc' dir='ltr'>μετά</span> <span class='ocrx_word' id='word_1_23' title='bbox 852 476 1202 553; x_wconf 73' lang='grc' dir='ltr'>παρῥησίας,</span> <span class='ocrx_word' id='word_1_24' title='bbox 1261 471 1618 550; x_wconf 79' lang='grc' dir='ltr'>εἰρηνοπόιεῖ.</span> <span class='ocrx_word' id='word_1_25' title='bbox 1676 474 1918 549; x_wconf 78' lang='grc' dir='ltr'>Ἒφαμεν</span> 
     </span>
    </p>
   </div>
   <div class='ocr_carea' id='block_1_6' title="bbox 267 561 1921 640">
    <p class='ocr_par' dir='ltr' id='par_1_6' title="bbox 267 561 1921 640">
     <span class='ocr_line' id='line_1_6' title="bbox 267 561 1921 640; baseline -0.007 -16"><span class='ocrx_word' id='word_1_26' title='bbox 267 566 328 625; x_wconf 78' lang='grc' dir='ltr'>δὲ</span> <span class='ocrx_word' id='word_1_27' title='bbox 385 568 659 630; x_wconf 78' lang='grc' dir='ltr'>πολλάκις</span> <span class='ocrx_word' id='word_1_28' title='bbox 710 566 822 638; x_wconf 74' lang='grc' dir='ltr'>ἤδη</span> <span class='ocrx_word' id='word_1_29' title='bbox 885 569 1023 640; x_wconf 78' lang='grc' dir='ltr'>μήτε</span> <span class='ocrx_word' id='word_1_30' title='bbox 1083 564 1551 640; x_wconf 71' lang='grc' dir='ltr'>μεμελετηκέναι.</span> <span class='ocrx_word' id='word_1_31' title='bbox 1615 564 1753 636; x_wconf 72' lang='grc' dir='ltr'>μήτε</span> <span class='ocrx_word' id='word_1_32' title='bbox 1813 561 1921 634; x_wconf 79' lang='grc' dir='ltr'>μην</span> 
     </span>
    </p>
   </div>
   <div class='ocr_carea' id='block_1_7' title="bbox 267 650 1924 730">
    <p class='ocr_par' dir='ltr' id='par_1_7' title="bbox 267 650 1924 730">
     <span class='ocr_line' id='line_1_7' title="bbox 267 650 1924 730; baseline -0.007 -16"><span class='ocrx_word' id='word_1_33' title='bbox 267 655 611 728; x_wconf 66' lang='grc' dir='ltr'>ὀπιτηδεύειν</span> <span class='ocrx_word' id='word_1_34' title='bbox 671 657 1000 727; x_wconf 69' lang='grc' dir='ltr'>ἑλληνίζειν·</span> <span class='ocrx_word' id='word_1_35' title='bbox 1061 656 1242 710; x_wconf 74' lang='grc' dir='ltr'>ἱκανὸν</span> <span class='ocrx_word' id='word_1_36' title='bbox 1292 654 1392 730; x_wconf 77' lang='grc' dir='ltr'>γάρ</span> <span class='ocrx_word' id='word_1_37' title='bbox 1452 651 1519 723; x_wconf 78' lang='grc' dir='ltr'>δη</span> <span class='ocrx_word' id='word_1_38' title='bbox 1573 655 1734 708; x_wconf 78' lang='grc' dir='ltr'>τοῦτο</span> <span class='ocrx_word' id='word_1_39' title='bbox 1783 650 1924 703; x_wconf 87' lang='grc' dir='ltr'>ἀπο-</span> 
     </span>
    </p>
   </div>
   <div class='ocr_carea' id='block_1_8' title="bbox 271 736 1928 823">
    <p class='ocr_par' dir='ltr' id='par_1_8' title="bbox 271 736 1928 823">
     <span class='ocr_line' id='line_1_8' title="bbox 271 736 1928 823; baseline -0.007 -21"><span class='ocrx_word' id='word_1_40' title='bbox 271 745 630 823; x_wconf 84' lang='grc' dir='ltr'>δημαγωγεῖν</span> <span class='ocrx_word' id='word_1_41' title='bbox 678 753 780 815; x_wconf 77' lang='grc' dir='ltr'>τῆς</span> <span class='ocrx_word' id='word_1_42' title='bbox 832 745 1089 815; x_wconf 75' lang='grc' dir='ltr'>ἀληθείας</span> <span class='ocrx_word' id='word_1_43' title='bbox 1135 743 1261 805; x_wconf 76' lang='grc' dir='ltr'>τοὺς</span> <span class='ocrx_word' id='word_1_44' title='bbox 1317 742 1597 803; x_wconf 76' lang='grc' dir='ltr'>πολλοὺς’</span> <span class='ocrx_word' id='word_1_45' title='bbox 1649 741 1714 794; x_wconf 86' lang='grc' dir='ltr'>τὸ</span> <span class='ocrx_word' id='word_1_46' title='bbox 1761 736 1819 792; x_wconf 64' lang='grc' dir='ltr'>δι</span> <span class='ocrx_word' id='word_1_47' title='bbox 1846 740 1928 808; x_wconf 78' lang='grc' dir='ltr'>τῷ</span> 
     </span>
    </p>
   </div>
   <div class='ocr_carea' id='block_1_9' title="bbox 272 827 1926 913">
    <p class='ocr_par' dir='ltr' id='par_1_9' title="bbox 272 827 1926 913">
     <span class='ocr_line' id='line_1_9' title="bbox 272 827 1926 913; baseline -0.008 -19"><span class='ocrx_word' id='word_1_48' title='bbox 272 834 394 894; x_wconf 72' lang='grc' dir='ltr'>ὄντι</span> <span class='ocrx_word' id='word_1_49' title='bbox 429 835 814 913; x_wconf 74' lang='grc' dir='ltr'>φιλοσόφημα,</span> <span class='ocrx_word' id='word_1_50' title='bbox 847 834 943 890; x_wconf 82' lang='grc' dir='ltr'>οὐκ</span> <span class='ocrx_word' id='word_1_51' title='bbox 974 833 1049 896; x_wconf 77' lang='grc' dir='ltr'>εἰς</span> <span class='ocrx_word' id='word_1_52' title='bbox 1098 837 1197 902; x_wconf 72' lang='grc' dir='ltr'>τὴν</span> <span class='ocrx_word' id='word_1_53' title='bbox 1237 837 1512 906; x_wconf 75' lang='grc' dir='ltr'>γλῶσσαν,</span> <span class='ocrx_word' id='word_1_54' title='bbox 1543 828 1669 886; x_wconf 82' lang='grc' dir='ltr'>ἀλλ’</span> <span class='ocrx_word' id='word_1_55' title='bbox 1703 828 1778 890; x_wconf 70' lang='grc' dir='ltr'>εἷς</span> <span class='ocrx_word' id='word_1_56' title='bbox 1825 827 1926 894; x_wconf 79' lang='grc' dir='ltr'>τὴν</span> 
     </span>
    </p>
   </div>
   <div class='ocr_carea' id='block_1_10' title="bbox 271 916 1926 1003">
    <p class='ocr_par' dir='ltr' id='par_1_10' title="bbox 271 916 1926 1003">
     <span class='ocr_line' id='line_1_10' title="bbox 271 916 1926 1003; baseline -0.008 -22"><span class='ocrx_word' id='word_1_57' title='bbox 271 926 508 1003; x_wconf 80' lang='grc' dir='ltr'>γνώμην</span> <span class='ocrx_word' id='word_1_58' title='bbox 558 925 741 995; x_wconf 75' lang='grc' dir='ltr'>ὀνήσει</span> <span class='ocrx_word' id='word_1_59' title='bbox 786 924 918 986; x_wconf 74' lang='grc' dir='ltr'>τοὺς</span> <span class='ocrx_word' id='word_1_60' title='bbox 969 922 1280 984; x_wconf 78' lang='grc' dir='ltr'>ἐπαΐοντας.</span> <span class='ocrx_word' id='word_1_61' title='bbox 1346 927 1435 976; x_wconf 86' lang='grc' dir='ltr'>Δεῖ</span> <span class='ocrx_word' id='word_1_62' title='bbox 1483 919 1552 985; x_wconf 82' lang='grc' dir='ltr'>δ’,</span> <span class='ocrx_word' id='word_1_63' title='bbox 1603 919 1781 992; x_wconf 77' lang='grc' dir='ltr'>οἶμαι,</span> <span class='ocrx_word' id='word_1_64' title='bbox 1833 916 1926 970; x_wconf 87' lang='grc' dir='ltr'>τὸν</span> 
     </span>
    </p>
   </div>
   <div class='ocr_carea' id='block_1_11' title="bbox 269 1003 1931 1087">
    <p class='ocr_par' dir='ltr' id='par_1_11' title="bbox 269 1003 1931 1087">
     <span class='ocr_line' id='line_1_11' title="bbox 269 1003 1931 1087; baseline -0.007 -17"><span class='ocrx_word' id='word_1_65' title='bbox 269 1015 536 1086; x_wconf 85' lang='grc' dir='ltr'>ἀληθείας</span> <span class='ocrx_word' id='word_1_66' title='bbox 568 1011 876 1087; x_wconf 85' lang='grc' dir='ltr'>κηδόμενον</span> <span class='ocrx_word' id='word_1_67' title='bbox 909 1013 1009 1068; x_wconf 77' lang='grc' dir='ltr'>οὐκ</span> <span class='ocrx_word' id='word_1_68' title='bbox 1052 1013 1104 1083; x_wconf 78' lang='grc' dir='ltr'><strong>ἐξ</strong></span> <span class='ocrx_word' id='word_1_69' title='bbox 1155 1006 1455 1079; x_wconf 72' lang='grc' dir='ltr'>ἐπιϐουλῆς</span> <span class='ocrx_word' id='word_1_70' title='bbox 1505 1009 1592 1066; x_wconf 79' lang='grc' dir='ltr'>καὶ</span> <span class='ocrx_word' id='word_1_71' title='bbox 1641 1003 1931 1085; x_wconf 78' lang='grc' dir='ltr'>φροντίδος</span> 
     </span>
    </p>
   </div>
   <div class='ocr_carea' id='block_1_12' title="bbox 269 1098 1925 1181">
    <p class='ocr_par' dir='ltr' id='par_1_12' title="bbox 269 1098 1925 1181">
     <span class='ocr_line' id='line_1_12' title="bbox 269 1098 1925 1181; baseline -0.005 -21"><span class='ocrx_word' id='word_1_72' title='bbox 269 1106 375 1174; x_wconf 77' lang='grc' dir='ltr'>τήν</span> <span class='ocrx_word' id='word_1_73' title='bbox 405 1105 599 1181; x_wconf 81' lang='grc' dir='ltr'>φράσιν</span> <span class='ocrx_word' id='word_1_74' title='bbox 661 1106 945 1159; x_wconf 71' lang='grc' dir='ltr'>συνθεῖναιο</span> <span class='ocrx_word' id='word_1_75' title='bbox 1008 1107 1292 1175; x_wconf 80' lang='grc' dir='ltr'>πειρᾶσθαι</span> <span class='ocrx_word' id='word_1_76' title='bbox 1327 1099 1384 1157; x_wconf 76' lang='grc' dir='ltr'>δὲ</span> <span class='ocrx_word' id='word_1_77' title='bbox 1414 1099 1702 1173; x_wconf 78' lang='grc' dir='ltr'>ὀνομάζειν</span> <span class='ocrx_word' id='word_1_78' title='bbox 1766 1098 1925 1170; x_wconf 85' lang='grc' dir='ltr'>μόνον</span> 
     </span>
    </p>
   </div>
   <div class='ocr_carea' id='block_1_13' title="bbox 273 1187 1930 1267">
    <p class='ocr_par' dir='ltr' id='par_1_13' title="bbox 273 1187 1930 1267">
     <span class='ocr_line' id='line_1_13' title="bbox 273 1187 1930 1267; baseline -0.004 -19"><span class='ocrx_word' id='word_1_79' title='bbox 273 1195 352 1258; x_wconf 86' lang='grc' dir='ltr'>ὡς</span> <span class='ocrx_word' id='word_1_80' title='bbox 387 1191 632 1260; x_wconf 83' lang='grc' dir='ltr'>δύναται,</span> <span class='ocrx_word' id='word_1_81' title='bbox 666 1194 695 1248; x_wconf 85' lang='grc' dir='ltr'>’ὁ</span> <span class='ocrx_word' id='word_1_82' title='bbox 730 1189 1002 1267; x_wconf 86' lang='grc' dir='ltr'>βούλεταί·</span> <span class='ocrx_word' id='word_1_83' title='bbox 1057 1191 1184 1253; x_wconf 78' lang='grc' dir='ltr'>τοὺς</span> <span class='ocrx_word' id='word_1_84' title='bbox 1243 1195 1344 1265; x_wconf 72' lang='grc' dir='ltr'>γάρ</span> <span class='ocrx_word' id='word_1_85' title='bbox 1397 1194 1508 1245; x_wconf 79' lang='grc' dir='ltr'>τῶν</span> <span class='ocrx_word' id='word_1_86' title='bbox 1570 1189 1766 1259; x_wconf 84' lang='grc' dir='ltr'>λέξεων</span> <span class='ocrx_word' id='word_1_87' title='bbox 1796 1187 1930 1262; x_wconf 86' lang='grc' dir='ltr'>ἐχο-</span> 
     </span>
    </p>
   </div>
   <div class='ocr_carea' id='block_1_14' title="bbox 278 1277 1929 1358">
    <p class='ocr_par' dir='ltr' id='par_1_14' title="bbox 278 1277 1929 1358">
     <span class='ocr_line' id='line_1_14' title="bbox 278 1277 1929 1358; baseline -0.004 -18"><span class='ocrx_word' id='word_1_88' title='bbox 278 1296 483 1358; x_wconf 75' lang='grc' dir='ltr'>μένους</span> <span class='ocrx_word' id='word_1_89' title='bbox 511 1284 603 1339; x_wconf 82' lang='grc' dir='ltr'>καὶ</span> <span class='ocrx_word' id='word_1_90' title='bbox 634 1283 758 1355; x_wconf 78' lang='grc' dir='ltr'>περί</span> <span class='ocrx_word' id='word_1_91' title='bbox 805 1285 1002 1348; x_wconf 88' lang='grc' dir='ltr'>ταύτας</span> <span class='ocrx_word' id='word_1_92' title='bbox 1048 1281 1504 1358; x_wconf 66' lang='grc' dir='ltr'>ἀσχολουμένους</span> <span class='ocrx_word' id='word_1_93' title='bbox 1561 1277 1929 1353; x_wconf 75' lang='grc' dir='ltr'>διαδιδράσκει</span> 
     </span>
    </p>
   </div>
   <div class='ocr_carea' id='block_1_15' title="bbox 271 1370 1930 1451">
    <p class='ocr_par' dir='ltr' id='par_1_15' title="bbox 271 1370 1930 1451">
     <span class='ocr_line' id='line_1_15' title="bbox 271 1370 1930 1451; baseline -0.004 -19"><span class='ocrx_word' id='word_1_94' title='bbox 271 1376 344 1432; x_wconf 71' lang='grc' dir='ltr'>τά</span> <span class='ocrx_word' id='word_1_95' title='bbox 372 1377 692 1451; x_wconf 83' lang='grc' dir='ltr'>πράγματα.</span> <span class='ocrx_word' id='word_1_96' title='bbox 729 1379 980 1448; x_wconf 83' lang='grc' dir='ltr'>Γεωργοῦ</span> <span class='ocrx_word' id='word_1_97' title='bbox 1015 1375 1109 1446; x_wconf 74' lang='grc' dir='ltr'>μὲν</span> <span class='ocrx_word' id='word_1_98' title='bbox 1139 1372 1232 1428; x_wconf 77' lang='grc' dir='ltr'>οὖν</span> <span class='ocrx_word' id='word_1_99' title='bbox 1284 1370 1422 1428; x_wconf 80' lang='grc' dir='ltr'>ἴδιον</span> <span class='ocrx_word' id='word_1_100' title='bbox 1453 1373 1516 1427; x_wconf 89' lang='grc' dir='ltr'>τὸ</span> <span class='ocrx_word' id='word_1_101' title='bbox 1571 1372 1623 1427; x_wconf 77' lang='grc' dir='ltr'>ἰν</span> <span class='ocrx_word' id='word_1_102' title='bbox 1676 1372 1930 1436; x_wconf 74' lang='grc' dir='ltr'>ἀκάνθαις</span> 
     </span>
    </p>
   </div>
   <div class='ocr_carea' id='block_1_16' title="bbox 276 1457 1932 1541">
    <p class='ocr_par' dir='ltr' id='par_1_16' title="bbox 276 1457 1932 1541">
     <span class='ocr_line' id='line_1_16' title="bbox 276 1457 1932 1541; baseline -0.003 -23"><span class='ocrx_word' id='word_1_103' title='bbox 276 1463 554 1541; x_wconf 77' lang='grc' dir='ltr'>φυόμενον</span> <span class='ocrx_word' id='word_1_104' title='bbox 600 1460 760 1538; x_wconf 83' lang='grc' dir='ltr'>ῥόδον</span> <span class='ocrx_word' id='word_1_105' title='bbox 804 1458 1065 1524; x_wconf 73' lang='grc' dir='ltr'>ἀϐλαϐῶς</span> <span class='ocrx_word' id='word_1_106' title='bbox 1118 1457 1327 1518; x_wconf 75' lang='grc' dir='ltr'>λαϐεῖν·</span> <span class='ocrx_word' id='word_1_107' title='bbox 1387 1463 1478 1516; x_wconf 84' lang='grc' dir='ltr'>καὶ</span> <span class='ocrx_word' id='word_1_108' title='bbox 1533 1459 1812 1534; x_wconf 74' lang='grc' dir='ltr'>τεχνίτου,</span> <span class='ocrx_word' id='word_1_109' title='bbox 1841 1460 1932 1514; x_wconf 80' lang='grc' dir='ltr'>τὸν</span> 
     </span>
    </p>
   </div>
   <div class='ocr_carea' id='block_1_17' title="bbox 277 1549 1930 1627">
    <p class='ocr_par' dir='ltr' id='par_1_17' title="bbox 277 1549 1930 1627">
     <span class='ocr_line' id='line_1_17' title="bbox 277 1549 1930 1627; baseline -0.002 -18"><span class='ocrx_word' id='word_1_110' title='bbox 277 1554 332 1609; x_wconf 73' lang='grc' dir='ltr'>έν</span> <span class='ocrx_word' id='word_1_111' title='bbox 366 1553 601 1627; x_wconf 82' lang='grc' dir='ltr'>ὀστρείῳ</span> <span class='ocrx_word' id='word_1_112' title='bbox 650 1553 806 1626; x_wconf 85' lang='grc' dir='ltr'>σαρκὶ</span> <span class='ocrx_word' id='word_1_113' title='bbox 1031 1552 1522 1627; x_wconf 64' lang='grc' dir='ltr'>κατορωρυγμένον</span> <span class='ocrx_word' id='word_1_114' title='bbox 1586 1549 1930 1625; x_wconf 80' lang='grc' dir='ltr'>μαργαρίτην</span> 
     </span>
    </p>
   </div>
   <div class='ocr_carea' id='block_1_18' title="bbox 276 1635 1928 1716">
    <p class='ocr_par' dir='ltr' id='par_1_18' title="bbox 276 1635 1928 1716">
     <span class='ocr_line' id='line_1_18' title="bbox 276 1635 1928 1716; baseline -0.004 -18"><span class='ocrx_word' id='word_1_115' title='bbox 276 1642 534 1716; x_wconf 77' lang='grc' dir='ltr'>ἐξευρεῖν.</span> <span class='ocrx_word' id='word_1_116' title='bbox 570 1643 712 1698; x_wconf 84' lang='grc' dir='ltr'>Φασὶ</span> <span class='ocrx_word' id='word_1_117' title='bbox 741 1640 800 1696; x_wconf 75' lang='grc' dir='ltr'>δὲ</span> <span class='ocrx_word' id='word_1_118' title='bbox 846 1641 937 1696; x_wconf 88' lang='grc' dir='ltr'>καὶ</span> <span class='ocrx_word' id='word_1_119' title='bbox 979 1642 1075 1703; x_wconf 83' lang='grc' dir='ltr'>τάς</span> <span class='ocrx_word' id='word_1_120' title='bbox 1105 1637 1321 1715; x_wconf 75' lang='grc' dir='ltr'>ὄρνιθας</span> <span class='ocrx_word' id='word_1_121' title='bbox 1351 1637 1582 1710; x_wconf 80' lang='grc' dir='ltr'>ἡδίστην</span> <span class='ocrx_word' id='word_1_122' title='bbox 1631 1635 1780 1715; x_wconf 81' lang='grc' dir='ltr'>ἔχειν</span> <span class='ocrx_word' id='word_1_123' title='bbox 1829 1639 1928 1707; x_wconf 72' lang='grc' dir='ltr'>τήν</span> 
     </span>
    </p>
   </div>
   <div class='ocr_carea' id='block_1_19' title="bbox 275 1731 1931 1807">
    <p class='ocr_par' dir='ltr' id='par_1_19' title="bbox 275 1731 1931 1807">
     <span class='ocr_line' id='line_1_19' title="bbox 275 1731 1931 1807; baseline -0.002 -20"><span class='ocrx_word' id='word_1_124' title='bbox 275 1733 478 1806; x_wconf 87' lang='grc' dir='ltr'>σαρκὸς</span> <span class='ocrx_word' id='word_1_125' title='bbox 518 1731 809 1802; x_wconf 88' lang='grc' dir='ltr'>ποιότητα,</span> <span class='ocrx_word' id='word_1_126' title='bbox 860 1731 969 1796; x_wconf 76' lang='grc' dir='ltr'>ὅτε,</span> <span class='ocrx_word' id='word_1_127' title='bbox 1021 1731 1120 1784; x_wconf 68' lang='grc' dir='ltr'>οὐκ</span> <span class='ocrx_word' id='word_1_128' title='bbox 1166 1731 1410 1807; x_wconf 82' lang='grc' dir='ltr'>ἀφθόνου</span> <span class='ocrx_word' id='word_1_129' title='bbox 1445 1733 1655 1805; x_wconf 81' lang='grc' dir='ltr'>τροφῆς</span> <span class='ocrx_word' id='word_1_130' title='bbox 1700 1748 1931 1799; x_wconf 84' lang='grc' dir='ltr'>παρατε-</span> 
     </span>
    </p>
   </div>
   <div class='ocr_carea' id='block_1_20' title="bbox 275 1815 1933 1892">
    <p class='ocr_par' dir='ltr' id='par_1_20' title="bbox 275 1815 1933 1892">
     <span class='ocr_line' id='line_1_20' title="bbox 275 1815 1933 1892; baseline -0.004 -15"><span class='ocrx_word' id='word_1_131' title='bbox 275 1823 462 1892; x_wconf 86' lang='grc' dir='ltr'>θείσης</span> <span class='ocrx_word' id='word_1_132' title='bbox 519 1822 732 1891; x_wconf 83' lang='grc' dir='ltr'>αύταῖς,</span> <span class='ocrx_word' id='word_1_133' title='bbox 785 1817 904 1874; x_wconf 81' lang='grc' dir='ltr'>αἳδε</span> <span class='ocrx_word' id='word_1_134' title='bbox 960 1819 1317 1875; x_wconf 85' lang='grc' dir='ltr'>σκαλεύουσαι</span> <span class='ocrx_word' id='word_1_135' title='bbox 1376 1825 1492 1882; x_wconf 89' lang='grc' dir='ltr'>τοῖς</span> <span class='ocrx_word' id='word_1_136' title='bbox 1548 1818 1732 1882; x_wconf 83' lang='grc' dir='ltr'>ποσὶν,</span> <span class='ocrx_word' id='word_1_137' title='bbox 1782 1815 1933 1872; x_wconf 78' lang='grc' dir='ltr'>ἐκλέ-</span> 
     </span>
    </p>
   </div>
   <div class='ocr_carea' id='block_1_21' title="bbox 274 1907 1932 1986">
    <p class='ocr_par' dir='ltr' id='par_1_21' title="bbox 274 1907 1932 1986">
     <span class='ocr_line' id='line_1_21' title="bbox 274 1907 1932 1986; baseline -0.004 -20"><span class='ocrx_word' id='word_1_138' title='bbox 274 1933 468 1986; x_wconf 84' lang='grc' dir='ltr'>γονται</span> <span class='ocrx_word' id='word_1_139' title='bbox 505 1912 638 1983; x_wconf 75' lang='grc' dir='ltr'>μετά</span> <span class='ocrx_word' id='word_1_140' title='bbox 667 1911 838 1965; x_wconf 88' lang='grc' dir='ltr'>πόνου</span> <span class='ocrx_word' id='word_1_141' title='bbox 866 1909 961 1970; x_wconf 79' lang='grc' dir='ltr'>τάς</span> <span class='ocrx_word' id='word_1_142' title='bbox 988 1910 1215 1986; x_wconf 85' lang='grc' dir='ltr'>τροφάς.</span> <span class='ocrx_word' id='word_1_143' title='bbox 1255 1908 1322 1966; x_wconf 61' lang='lat' dir='ltr'>E’i</span> <span class='ocrx_word' id='word_1_144' title='bbox 1343 1931 1428 1972; x_wconf 86' lang='grc' dir='ltr'>τις</span> <span class='ocrx_word' id='word_1_145' title='bbox 1457 1907 1546 1962; x_wconf 81' lang='grc' dir='ltr'>οὗν</span> <span class='ocrx_word' id='word_1_146' title='bbox 1585 1911 1682 1962; x_wconf 76' lang='grc' dir='ltr'>τοῦ</span> <span class='ocrx_word' id='word_1_147' title='bbox 1731 1907 1932 1980; x_wconf 86' lang='grc' dir='ltr'>ὁμοίου</span> 
     </span>
    </p>
   </div>
   <div class='ocr_carea' id='block_1_22' title="bbox 274 1997 1932 2075">
    <p class='ocr_par' dir='ltr' id='par_1_22' title="bbox 274 1997 1932 2075">
     <span class='ocr_line' id='line_1_22' title="bbox 274 1997 1932 2075; baseline -0.004 -19"><span class='ocrx_word' id='word_1_148' title='bbox 274 2002 612 2075; x_wconf 77' lang='grc' dir='ltr'>θεωρητικὸς</span> <span class='ocrx_word' id='word_1_149' title='bbox 651 1999 702 2053; x_wconf 79' lang='grc' dir='ltr'>έν</span> <span class='ocrx_word' id='word_1_150' title='bbox 750 1998 986 2060; x_wconf 76' lang='grc' dir='ltr'>πολλοῖς</span> <span class='ocrx_word' id='word_1_151' title='bbox 1038 2005 1155 2060; x_wconf 88' lang='grc' dir='ltr'>τοῖς</span> <span class='ocrx_word' id='word_1_152' title='bbox 1196 2000 1441 2062; x_wconf 85' lang='grc' dir='ltr'>πιθανοῖς</span> <span class='ocrx_word' id='word_1_153' title='bbox 1466 2018 1525 2053; x_wconf 90' lang='grc' dir='ltr'>τε</span> <span class='ocrx_word' id='word_1_154' title='bbox 1554 1997 1642 2052; x_wconf 78' lang='grc' dir='ltr'>καὶ</span> <span class='ocrx_word' id='word_1_155' title='bbox 1673 1999 1932 2066; x_wconf 74' lang='grc' dir='ltr'>Ἐλληνι-</span> 
     </span>
    </p>
   </div>
   <div class='ocr_carea' id='block_1_23' title="bbox 273 2086 1931 2159">
    <p class='ocr_par' dir='ltr' id='par_1_23' title="bbox 273 2086 1931 2159">
     <span class='ocr_line' id='line_1_23' title="bbox 273 2086 1931 2159; baseline -0.004 -14"><span class='ocrx_word' id='word_1_156' title='bbox 273 2095 397 2152; x_wconf 83' lang='grc' dir='ltr'>κοῖς</span> <span class='ocrx_word' id='word_1_157' title='bbox 428 2089 492 2144; x_wconf 83' lang='grc' dir='ltr'>τὸ</span> <span class='ocrx_word' id='word_1_158' title='bbox 522 2089 724 2159; x_wconf 74' lang='grc' dir='ltr'>ἀληθὲς</span> <span class='ocrx_word' id='word_1_159' title='bbox 755 2086 1138 2157; x_wconf 70' lang='grc' dir='ltr'>διαλεληθέναι</span> <span class='ocrx_word' id='word_1_160' title='bbox 1189 2092 1301 2159; x_wconf 86' lang='grc'>(16)</span> <span class='ocrx_word' id='word_1_161' title='bbox 1331 2089 1508 2152; x_wconf 84' lang='grc' dir='ltr'>ποθεῖ,</span> <span class='ocrx_word' id='word_1_162' title='bbox 1538 2087 1777 2158; x_wconf 78' lang='grc' dir='ltr'>καθάπερ</span> <span class='ocrx_word' id='word_1_163' title='bbox 1827 2086 1931 2140; x_wconf 83' lang='grc' dir='ltr'>ὑπὸ</span> 
     </span>
    </p>
   </div>
   <div class='ocr_carea' id='block_1_24' title="bbox 277 2175 1928 2252">
    <p class='ocr_par' dir='ltr' id='par_1_24' title="bbox 277 2175 1928 2252">
     <span class='ocr_line' id='line_1_24' title="bbox 277 2175 1928 2252; baseline -0.002 -20"><span class='ocrx_word' id='word_1_164' title='bbox 277 2184 404 2240; x_wconf 87' lang='grc' dir='ltr'>τοῖς</span> <span class='ocrx_word' id='word_1_165' title='bbox 438 2175 836 2252; x_wconf 84' lang='grc' dir='ltr'>μορμολκείοις</span> <span class='ocrx_word' id='word_1_166' title='bbox 875 2178 938 2231; x_wconf 88' lang='grc' dir='ltr'>τὸ</span> <span class='ocrx_word' id='word_1_167' title='bbox 985 2176 1276 2248; x_wconf 81' lang='grc' dir='ltr'>πρόσωπον</span> <span class='ocrx_word' id='word_1_168' title='bbox 1327 2177 1390 2231; x_wconf 83' lang='grc' dir='ltr'>τὸ</span> <span class='ocrx_word' id='word_1_169' title='bbox 1437 2175 1722 2245; x_wconf 87' lang='grc' dir='ltr'>ἀληθινὸν,</span> <span class='ocrx_word' id='word_1_170' title='bbox 1755 2175 1928 2231; x_wconf 86' lang='grc' dir='ltr'>πολυ-</span> 
     </span>
    </p>
   </div>
   <div class='ocr_carea' id='block_1_25' title="bbox 270 2264 1929 2342">
    <p class='ocr_par' dir='ltr' id='par_1_25' title="bbox 270 2264 1929 2342">
     <span class='ocr_line' id='line_1_25' title="bbox 270 2264 1929 2342; baseline -0.002 -20"><span class='ocrx_word' id='word_1_171' title='bbox 270 2270 692 2342; x_wconf 80' lang='grc' dir='ltr'>πραγμονήσας,</span> <span class='ocrx_word' id='word_1_172' title='bbox 727 2267 1040 2340; x_wconf 82' lang='grc' dir='ltr'>θηράσεται.</span> <span class='ocrx_word' id='word_1_173' title='bbox 1071 2265 1211 2331; x_wconf 82' lang='grc' dir='ltr'>Φησὶ</span> <span class='ocrx_word' id='word_1_174' title='bbox 1239 2266 1354 2342; x_wconf 78' lang='grc' dir='ltr'>γάρ</span> <span class='ocrx_word' id='word_1_175' title='bbox 1376 2264 1427 2320; x_wconf 75' lang='grc' dir='ltr'>έν</span> <span class='ocrx_word' id='word_1_176' title='bbox 1461 2269 1544 2336; x_wconf 79' lang='grc' dir='ltr'>κῷ</span> <span class='ocrx_word' id='word_1_177' title='bbox 1575 2266 1809 2338; x_wconf 84' lang='grc' dir='ltr'>ὁράματι</span> <span class='ocrx_word' id='word_1_178' title='bbox 1849 2269 1929 2335; x_wconf 83' lang='grc' dir='ltr'>τῷ</span> 
     </span>
    </p>
   </div>
   <div class='ocr_carea' id='block_1_26' title="bbox 270 2351 1929 2433">
    <p class='ocr_par' dir='ltr' id='par_1_26' title="bbox 270 2351 1929 2433">
     <span class='ocr_line' id='line_1_26' title="bbox 270 2351 1929 2433; baseline -0.003 -20"><span class='ocrx_word' id='word_1_179' title='bbox 270 2356 456 2433; x_wconf 79' lang='grc' dir='ltr'>Ἑρμᾷ</span> <span class='ocrx_word' id='word_1_180' title='bbox 507 2359 544 2426; x_wconf 75' lang='grc' dir='ltr'>ἡ</span> <span class='ocrx_word' id='word_1_181' title='bbox 585 2355 822 2428; x_wconf 89' lang='grc' dir='ltr'>Δύναμις</span> <span class='ocrx_word' id='word_1_182' title='bbox 852 2357 888 2424; x_wconf 73' lang='grc' dir='ltr'><strong>ἡ</strong></span> <span class='ocrx_word' id='word_1_183' title='bbox 922 2359 1164 2432; x_wconf 83' lang='grc' dir='ltr'>φανεῖσα’</span> <span class='ocrx_word' id='word_1_184' title='bbox 1219 2358 1285 2408; x_wconf 80' lang='grc' dir='ltr'>’Ὁ</span> <span class='ocrx_word' id='word_1_185' title='bbox 1343 2354 1430 2409; x_wconf 79' lang='grc' dir='ltr'>ἐάν</span> <span class='ocrx_word' id='word_1_186' title='bbox 1478 2351 1756 2429; x_wconf 78' lang='grc' dir='ltr'>ἐνδέχεται</span> <span class='ocrx_word' id='word_1_187' title='bbox 1812 2356 1929 2428; x_wconf 81' lang='grc' dir='ltr'>(Π)</span> 
     </span>
    </p>
   </div>
   <div class='ocr_carea' id='block_1_27' title="bbox 273 2445 1448 2523">
    <p class='ocr_par' dir='ltr' id='par_1_27' title="bbox 273 2445 1448 2523">
     <span class='ocr_line' id='line_1_27' title="bbox 273 2445 1448 2523; baseline -0.001 -21"><span class='ocrx_word' id='word_1_188' title='bbox 273 2469 360 2503; x_wconf 88' lang='grc' dir='ltr'>σοι</span> <span class='ocrx_word' id='word_1_189' title='bbox 391 2446 879 2523; x_wconf 62' lang='grc' dir='ltr'>ἀποκαλυφθῆναι,</span> <span class='ocrx_word' id='word_1_190' title='bbox 908 2445 1448 2523; x_wconf 79' lang='grc' dir='ltr'>ἀποκαλυφθήσεται.</span> 
     </span>
    </p>
   </div>
   <div class='ocr_carea' id='block_1_28' title="bbox 2040 476 3686 549">
    <p class='ocr_par' dir='ltr' id='par_1_28' title="bbox 2040 476 3686 549">
     <span class='ocr_line' id='line_1_28' title="bbox 2040 476 3686 549; baseline 0.004 -20"><span class='ocrx_word' id='word_1_191' title='bbox 2040 482 2133 530; x_wconf 88' lang='lat' dir='ltr'>tur</span> <span class='ocrx_word' id='word_1_192' title='bbox 2190 476 2350 531; x_wconf 85' lang='lat' dir='ltr'>orbis</span> <span class='ocrx_word' id='word_1_193' title='bbox 2409 477 2797 533; x_wconf 82' lang='lat' dir='ltr'>ostendamus</span> <span class='ocrx_word' id='word_1_194' title='bbox 2853 495 3030 549; x_wconf 92' lang='lat' dir='ltr'>quam</span> <span class='ocrx_word' id='word_1_195' title='bbox 3062 479 3139 533; x_wconf 90' lang='lat' dir='ltr'>sit</span> <span class='ocrx_word' id='word_1_196' title='bbox 3187 480 3459 535; x_wconf 74' lang='lat' dir='ltr'>inutilis:</span> <span class='ocrx_word' id='word_1_197' title='bbox 3505 487 3564 536; x_wconf 91' lang='lat' dir='ltr'>et</span> <span class='ocrx_word' id='word_1_198' title='bbox 3613 482 3686 536; x_wconf 92' lang='lat' dir='ltr'>de</span> 
     </span>
    </p>
   </div>
   <div class='ocr_carea' id='block_1_29' title="bbox 2037 564 3686 643">
    <p class='ocr_par' dir='ltr' id='par_1_29' title="bbox 2037 564 3686 643">
     <span class='ocr_line' id='line_1_29' title="bbox 2037 564 3686 643; baseline 0.004 -23"><span class='ocrx_word' id='word_1_199' title='bbox 2037 564 2372 637; x_wconf 81' lang='lat' dir='ltr'>astrologia.</span> <span class='ocrx_word' id='word_1_200' title='bbox 2396 566 2839 634; x_wconf 80' lang='lat' dir='ltr'>mathematica,</span> <span class='ocrx_word' id='word_1_201' title='bbox 2868 573 2926 622; x_wconf 91' lang='lat' dir='ltr'>et</span> <span class='ocrx_word' id='word_1_202' title='bbox 2955 569 3204 641; x_wconf 83' lang='lat' dir='ltr'>magica,</span> <span class='ocrx_word' id='word_1_203' title='bbox 3244 575 3302 624; x_wconf 90' lang='lat' dir='ltr'>et</span> <span class='ocrx_word' id='word_1_204' title='bbox 3349 571 3686 643; x_wconf 70' lang='lat' dir='ltr'>praistigiis,</span> 
     </span>
    </p>
   </div>
   <div class='ocr_carea' id='block_1_30' title="bbox 2038 655 3690 727">
    <p class='ocr_par' dir='ltr' id='par_1_30' title="bbox 2038 655 3690 727">
     <span class='ocr_line' id='line_1_30' title="bbox 2038 655 3690 727; baseline 0.004 -19"><span class='ocrx_word' id='word_1_205' title='bbox 2038 655 2256 710; x_wconf 85' lang='lat' dir='ltr'>cursim</span> <span class='ocrx_word' id='word_1_206' title='bbox 2289 660 2380 709; x_wconf 90' lang='lat' dir='ltr'>est</span> <span class='ocrx_word' id='word_1_207' title='bbox 2403 671 2437 709; x_wconf 89' lang='lat' dir='ltr'>a</span> <span class='ocrx_word' id='word_1_208' title='bbox 2467 655 2638 710; x_wconf 90' lang='lat' dir='ltr'>nobis</span> <span class='ocrx_word' id='word_1_209' title='bbox 2683 657 3075 712; x_wconf 88' lang='lat' dir='ltr'>tractandum.</span> <span class='ocrx_word' id='word_1_210' title='bbox 3109 659 3188 713; x_wconf 88' lang='lat' dir='ltr'>De</span> <span class='ocrx_word' id='word_1_211' title='bbox 3221 657 3293 712; x_wconf 90' lang='lat' dir='ltr'>iis</span> <span class='ocrx_word' id='word_1_212' title='bbox 3323 659 3504 727; x_wconf 91' lang='lat' dir='ltr'>enim,</span> <span class='ocrx_word' id='word_1_213' title='bbox 3559 667 3690 715; x_wconf 89' lang='lat' dir='ltr'>tan-</span> 
     </span>
    </p>
   </div>
   <div class='ocr_carea' id='block_1_31' title="bbox 2039 745 3686 820">
    <p class='ocr_par' dir='ltr' id='par_1_31' title="bbox 2039 745 3686 820">
     <span class='ocr_line' id='line_1_31' title="bbox 2039 745 3686 820; baseline 0.004 -22"><span class='ocrx_word' id='word_1_214' title='bbox 2039 761 2218 814; x_wconf 87' lang='lat' dir='ltr'>quam</span> <span class='ocrx_word' id='word_1_215' title='bbox 2252 745 2524 800; x_wconf 82' lang='lat' dir='ltr'>maximis</span> <span class='ocrx_word' id='word_1_216' title='bbox 2572 746 2858 809; x_wconf 85' lang='lat' dir='ltr'>scientiis,</span> <span class='ocrx_word' id='word_1_217' title='bbox 2893 763 3102 802; x_wconf 90' lang='lat' dir='ltr'>omnes</span> <span class='ocrx_word' id='word_1_218' title='bbox 3133 748 3315 802; x_wconf 68' lang='lat' dir='ltr'>Graeci</span> <span class='ocrx_word' id='word_1_219' title='bbox 3350 764 3411 803; x_wconf 91' lang='lat' dir='ltr'>se</span> <span class='ocrx_word' id='word_1_220' title='bbox 3434 749 3686 820; x_wconf 89' lang='lat' dir='ltr'>jactant.</span> 
     </span>
    </p>
   </div>
   <div class='ocr_carea' id='block_1_32' title="bbox 2041 833 3690 912">
    <p class='ocr_par' dir='ltr' id='par_1_32' title="bbox 2041 833 3690 912">
     <span class='ocr_line' id='line_1_32' title="bbox 2041 833 3690 912; baseline 0.005 -25"><span class='ocrx_word' id='word_1_221' title='bbox 2041 833 2148 898; x_wconf 81' lang='lat' dir='ltr'>Qui</span> <span class='ocrx_word' id='word_1_222' title='bbox 2185 841 2364 889; x_wconf 90' lang='lat' dir='ltr'>autem</span> <span class='ocrx_word' id='word_1_223' title='bbox 2395 835 2559 890; x_wconf 82' lang='lat' dir='ltr'>libere</span> <span class='ocrx_word' id='word_1_224' title='bbox 2579 836 2948 906; x_wconf 66' lang='lat' dir='ltr'>reprehendit,</span> <span class='ocrx_word' id='word_1_225' title='bbox 2984 844 3060 892; x_wconf 90' lang='lat' dir='ltr'>est</span> <span class='ocrx_word' id='word_1_226' title='bbox 3085 840 3350 907; x_wconf 82' lang='lat' dir='ltr'>paciﬁcus</span> <span class='ocrx_word' id='word_1_227' title='bbox 3379 839 3472 908; x_wconf 69' lang='lat' dir='ltr'>(an.</span> <span class='ocrx_word' id='word_1_228' title='bbox 3524 840 3690 912; x_wconf 63' lang='lat' dir='ltr'>Smpe</span> 
     </span>
    </p>
   </div>
   <div class='ocr_carea' id='block_1_33' title="bbox 2041 923 3692 998">
    <p class='ocr_par' dir='ltr' id='par_1_33' title="bbox 2041 923 3692 998">
     <span class='ocr_line' id='line_1_33' title="bbox 2041 923 3692 998; baseline 0.004 -21"><span class='ocrx_word' id='word_1_229' title='bbox 2041 929 2238 978; x_wconf 87' lang='lat' dir='ltr'>autem</span> <span class='ocrx_word' id='word_1_230' title='bbox 2295 923 2571 989; x_wconf 79' lang='lat' dir='ltr'>diximus,</span> <span class='ocrx_word' id='word_1_231' title='bbox 2632 943 2826 996; x_wconf 91' lang='lat' dir='ltr'>neque</span> <span class='ocrx_word' id='word_1_232' title='bbox 2882 942 2991 980; x_wconf 85' lang='lat' dir='ltr'>n0s</span> <span class='ocrx_word' id='word_1_233' title='bbox 3030 933 3096 980; x_wconf 91' lang='lat' dir='ltr'>ut</span> <span class='ocrx_word' id='word_1_234' title='bbox 3124 928 3319 982; x_wconf 61' lang='lat' dir='ltr'>Greece</span> <span class='ocrx_word' id='word_1_235' title='bbox 3374 927 3692 998; x_wconf 85' lang='lat' dir='ltr'>loquamur</span> 
     </span>
    </p>
   </div>
   <div class='ocr_carea' id='block_1_34' title="bbox 2042 1014 3688 1088">
    <p class='ocr_par' dir='ltr' id='par_1_34' title="bbox 2042 1014 3688 1088">
     <span class='ocr_line' id='line_1_34' title="bbox 2042 1014 3688 1088; baseline 0.004 -22"><span class='ocrx_word' id='word_1_236' title='bbox 2042 1019 2277 1067; x_wconf 88' lang='lat' dir='ltr'>nosmet</span> <span class='ocrx_word' id='word_1_237' title='bbox 2325 1014 2678 1080; x_wconf 84' lang='lat' dir='ltr'>exercuisse,</span> <span class='ocrx_word' id='word_1_238' title='bbox 2731 1032 2924 1086; x_wconf 90' lang='lat' dir='ltr'>neque</span> <span class='ocrx_word' id='word_1_239' title='bbox 2966 1016 3026 1069; x_wconf 91' lang='lat' dir='ltr'>in</span> <span class='ocrx_word' id='word_1_240' title='bbox 3055 1032 3122 1070; x_wconf 91' lang='lat' dir='ltr'>eo</span> <span class='ocrx_word' id='word_1_241' title='bbox 3150 1015 3413 1070; x_wconf 87' lang='lat' dir='ltr'>studium</span> <span class='ocrx_word' id='word_1_242' title='bbox 3446 1033 3688 1088; x_wconf 91' lang='lat' dir='ltr'>ponere.</span> 
     </span>
    </p>
   </div>
   <div class='ocr_carea' id='block_1_35' title="bbox 2044 1103 3692 1178">
    <p class='ocr_par' dir='ltr' id='par_1_35' title="bbox 2044 1103 3692 1178">
     <span class='ocr_line' id='line_1_35' title="bbox 2044 1103 3692 1178; baseline 0.004 -23"><span class='ocrx_word' id='word_1_243' title='bbox 2044 1104 2163 1156; x_wconf 84' lang='lat' dir='ltr'>Hoc</span> <span class='ocrx_word' id='word_1_244' title='bbox 2193 1103 2353 1156; x_wconf 91' lang='lat' dir='ltr'>enim</span> <span class='ocrx_word' id='word_1_245' title='bbox 2383 1103 2505 1156; x_wconf 90' lang='lat' dir='ltr'>illis</span> <span class='ocrx_word' id='word_1_246' title='bbox 2534 1103 2900 1175; x_wconf 87' lang='lat' dir='ltr'>prodest,qui</span> <span class='ocrx_word' id='word_1_247' title='bbox 2933 1104 3143 1178; x_wconf 87' lang='lat' dir='ltr'>vulgus</span> <span class='ocrx_word' id='word_1_248' title='bbox 3174 1121 3208 1160; x_wconf 88' lang='lat' dir='ltr'>a</span> <span class='ocrx_word' id='word_1_249' title='bbox 3233 1107 3475 1160; x_wconf 82' lang='lat' dir='ltr'>veritate</span> <span class='ocrx_word' id='word_1_250' title='bbox 3505 1105 3692 1162; x_wconf 90' lang='lat' dir='ltr'>abdu-</span> 
     </span>
    </p>
   </div>
   <div class='ocr_carea' id='block_1_36' title="bbox 2042 1192 3694 1268">
    <p class='ocr_par' dir='ltr' id='par_1_36' title="bbox 2042 1192 3694 1268">
     <span class='ocr_line' id='line_1_36' title="bbox 2042 1192 3694 1268; baseline 0.004 -22"><span class='ocrx_word' id='word_1_251' title='bbox 2042 1196 2204 1246; x_wconf 89' lang='lat' dir='ltr'>cunt.</span> <span class='ocrx_word' id='word_1_252' title='bbox 2265 1192 2414 1246; x_wconf 89' lang='lat' dir='ltr'>Vera</span> <span class='ocrx_word' id='word_1_253' title='bbox 2459 1197 2656 1246; x_wconf 85' lang='lat' dir='ltr'>autem</span> <span class='ocrx_word' id='word_1_254' title='bbox 2706 1194 3102 1265; x_wconf 86' lang='lat' dir='ltr'>philosophia,</span> <span class='ocrx_word' id='word_1_255' title='bbox 3135 1211 3255 1250; x_wconf 91' lang='lat' dir='ltr'>non</span> <span class='ocrx_word' id='word_1_256' title='bbox 3312 1201 3429 1251; x_wconf 88' lang='lat' dir='ltr'>tam</span> <span class='ocrx_word' id='word_1_257' title='bbox 3461 1195 3694 1268; x_wconf 81' lang='lat' dir='ltr'>linguas</span> 
     </span>
    </p>
   </div>
   <div class='ocr_carea' id='block_1_37' title="bbox 2043 1280 3697 1357">
    <p class='ocr_par' dir='ltr' id='par_1_37' title="bbox 2043 1280 3697 1357">
     <span class='ocr_line' id='line_1_37' title="bbox 2043 1280 3697 1357; baseline 0.002 -21"><span class='ocrx_word' id='word_1_258' title='bbox 2043 1280 2434 1349; x_wconf 87' lang='lat' dir='ltr'>audientium,</span> <span class='ocrx_word' id='word_1_259' title='bbox 2459 1298 2638 1352; x_wconf 90' lang='lat' dir='ltr'>quam</span> <span class='ocrx_word' id='word_1_260' title='bbox 2659 1289 2890 1339; x_wconf 88' lang='lat' dir='ltr'>mentes</span> <span class='ocrx_word' id='word_1_261' title='bbox 2903 1284 3088 1355; x_wconf 84' lang='lat' dir='ltr'>juvat.</span> <span class='ocrx_word' id='word_1_262' title='bbox 3119 1286 3363 1357; x_wconf 85' lang='lat' dir='ltr'>Oportet</span> <span class='ocrx_word' id='word_1_263' title='bbox 3380 1291 3600 1352; x_wconf 89' lang='lat' dir='ltr'>autem,</span> <span class='ocrx_word' id='word_1_264' title='bbox 3630 1291 3697 1341; x_wconf 93' lang='lat' dir='ltr'>ut</span> 
     </span>
    </p>
   </div>
   <div class='ocr_carea' id='block_1_38' title="bbox 2045 1370 3691 1446">
    <p class='ocr_par' dir='ltr' id='par_1_38' title="bbox 2045 1370 3691 1446">
     <span class='ocr_line' id='line_1_38' title="bbox 2045 1370 3691 1446; baseline 0.003 -21"><span class='ocrx_word' id='word_1_265' title='bbox 2045 1370 2277 1441; x_wconf 87' lang='lat' dir='ltr'>opinor,</span> <span class='ocrx_word' id='word_1_266' title='bbox 2303 1387 2462 1437; x_wconf 92' lang='lat' dir='ltr'>eum,</span> <span class='ocrx_word' id='word_1_267' title='bbox 2487 1371 2587 1442; x_wconf 89' lang='lat' dir='ltr'>qui</span> <span class='ocrx_word' id='word_1_268' title='bbox 2621 1389 2826 1427; x_wconf 91' lang='lat' dir='ltr'>curam</span> <span class='ocrx_word' id='word_1_269' title='bbox 2845 1374 3278 1446; x_wconf 86' lang='lat' dir='ltr'>geritveritatis</span> <span class='ocrx_word' id='word_1_270' title='bbox 3298 1377 3381 1441; x_wconf 52' lang='grc' dir='ltr'>ᾧ,</span> <span class='ocrx_word' id='word_1_271' title='bbox 3407 1393 3526 1431; x_wconf 90' lang='lat' dir='ltr'>non</span> <span class='ocrx_word' id='word_1_272' title='bbox 3549 1375 3691 1431; x_wconf 89' lang='lat' dir='ltr'>arti-</span> 
     </span>
    </p>
   </div>
   <div class='ocr_carea' id='block_1_39' title="bbox 2047 1460 3690 1535">
    <p class='ocr_par' dir='ltr' id='par_1_39' title="bbox 2047 1460 3690 1535">
     <span class='ocr_line' id='line_1_39' title="bbox 2047 1460 3690 1535; baseline 0.002 -19"><span class='ocrx_word' id='word_1_273' title='bbox 2047 1460 2248 1516; x_wconf 86' lang='lat' dir='ltr'>ﬁciose</span> <span class='ocrx_word' id='word_1_274' title='bbox 2307 1466 2365 1516; x_wconf 91' lang='lat' dir='ltr'>et</span> <span class='ocrx_word' id='word_1_275' title='bbox 2420 1461 2594 1534; x_wconf 89' lang='lat' dir='ltr'>longo</span> <span class='ocrx_word' id='word_1_276' title='bbox 2643 1462 2838 1517; x_wconf 89' lang='lat' dir='ltr'>studio</span> <span class='ocrx_word' id='word_1_277' title='bbox 2887 1464 3214 1535; x_wconf 88' lang='lat' dir='ltr'>composita</span> <span class='ocrx_word' id='word_1_278' title='bbox 3243 1466 3510 1520; x_wconf 86' lang='lat' dir='ltr'>oratione</span> <span class='ocrx_word' id='word_1_279' title='bbox 3564 1465 3690 1532; x_wconf 88' lang='lat' dir='ltr'>uti;</span> 
     </span>
    </p>
   </div>
   <div class='ocr_carea' id='block_1_40' title="bbox 2047 1549 3690 1626">
    <p class='ocr_par' dir='ltr' id='par_1_40' title="bbox 2047 1549 3690 1626">
     <span class='ocr_line' id='line_1_40' title="bbox 2047 1549 3690 1626; baseline 0.004 -22"><span class='ocrx_word' id='word_1_280' title='bbox 2047 1549 2151 1604; x_wconf 90' lang='lat' dir='ltr'>sed</span> <span class='ocrx_word' id='word_1_281' title='bbox 2177 1549 2377 1604; x_wconf 87' lang='lat' dir='ltr'>conari</span> <span class='ocrx_word' id='word_1_282' title='bbox 2407 1555 2636 1605; x_wconf 89' lang='lat' dir='ltr'>tantum</span> <span class='ocrx_word' id='word_1_283' title='bbox 2669 1551 2748 1618; x_wconf 89' lang='lat' dir='ltr'>id,</span> <span class='ocrx_word' id='word_1_284' title='bbox 2783 1551 2942 1621; x_wconf 93' lang='lat' dir='ltr'>quod</span> <span class='ocrx_word' id='word_1_285' title='bbox 2975 1552 3113 1622; x_wconf 89' lang='lat' dir='ltr'>vult,</span> <span class='ocrx_word' id='word_1_286' title='bbox 3149 1553 3550 1625; x_wconf 88' lang='lat' dir='ltr'>qualicunque</span> <span class='ocrx_word' id='word_1_287' title='bbox 3581 1571 3690 1626; x_wconf 92' lang='lat' dir='ltr'>po-</span> 
     </span>
    </p>
   </div>
   <div class='ocr_carea' id='block_1_41' title="bbox 2048 1639 3696 1713">
    <p class='ocr_par' dir='ltr' id='par_1_41' title="bbox 2048 1639 3696 1713">
     <span class='ocr_line' id='line_1_41' title="bbox 2048 1639 3696 1713; baseline 0.004 -20"><span class='ocrx_word' id='word_1_288' title='bbox 2048 1644 2163 1694; x_wconf 86' lang='lat' dir='ltr'>test</span> <span class='ocrx_word' id='word_1_289' title='bbox 2193 1639 2367 1695; x_wconf 90' lang='lat' dir='ltr'>modo</span> <span class='ocrx_word' id='word_1_290' title='bbox 2400 1656 2714 1712; x_wconf 81' lang='lat' dir='ltr'>exponere.</span> <span class='ocrx_word' id='word_1_291' title='bbox 2748 1643 2858 1696; x_wconf 91' lang='lat' dir='ltr'>Eos</span> <span class='ocrx_word' id='word_1_292' title='bbox 2889 1641 3070 1709; x_wconf 91' lang='lat' dir='ltr'>enim,</span> <span class='ocrx_word' id='word_1_293' title='bbox 3104 1644 3203 1713; x_wconf 91' lang='lat' dir='ltr'>qui</span> <span class='ocrx_word' id='word_1_294' title='bbox 3239 1644 3465 1698; x_wconf 77' lang='lat' dir='ltr'>haerent</span> <span class='ocrx_word' id='word_1_295' title='bbox 3493 1645 3696 1700; x_wconf 86' lang='lat' dir='ltr'>dictio-</span> 
     </span>
    </p>
   </div>
   <div class='ocr_carea' id='block_1_42' title="bbox 2047 1730 3693 1805">
    <p class='ocr_par' dir='ltr' id='par_1_42' title="bbox 2047 1730 3693 1805">
     <span class='ocr_line' id='line_1_42' title="bbox 2047 1730 3693 1805; baseline 0.004 -21"><span class='ocrx_word' id='word_1_296' title='bbox 2047 1730 2242 1798; x_wconf 89' lang='lat' dir='ltr'>nibus,</span> <span class='ocrx_word' id='word_1_297' title='bbox 2278 1736 2336 1784; x_wconf 91' lang='lat' dir='ltr'>et</span> <span class='ocrx_word' id='word_1_298' title='bbox 2365 1730 2426 1784; x_wconf 93' lang='lat' dir='ltr'>in</span> <span class='ocrx_word' id='word_1_299' title='bbox 2459 1730 2546 1786; x_wconf 87' lang='lat' dir='ltr'>eis</span> <span class='ocrx_word' id='word_1_300' title='bbox 2576 1737 2716 1786; x_wconf 90' lang='lat' dir='ltr'>sunt</span> <span class='ocrx_word' id='word_1_301' title='bbox 2743 1732 3033 1802; x_wconf 87' lang='lat' dir='ltr'>occupati,</span> <span class='ocrx_word' id='word_1_302' title='bbox 3067 1749 3161 1786; x_wconf 89' lang='lat' dir='ltr'>res</span> <span class='ocrx_word' id='word_1_303' title='bbox 3213 1732 3356 1803; x_wconf 83' lang='lat' dir='ltr'>ipsae</span> <span class='ocrx_word' id='word_1_304' title='bbox 3383 1734 3693 1805; x_wconf 83' lang='lat' dir='ltr'>effugiunt.</span> 
     </span>
    </p>
   </div>
   <div class='ocr_carea' id='block_1_43' title="bbox 2045 1819 3694 1893">
    <p class='ocr_par' dir='ltr' id='par_1_43' title="bbox 2045 1819 3694 1893">
     <span class='ocr_line' id='line_1_43' title="bbox 2045 1819 3694 1893; baseline 0.004 -21"><span class='ocrx_word' id='word_1_305' title='bbox 2045 1822 2236 1890; x_wconf 83' lang='lat' dir='ltr'>Atque</span> <span class='ocrx_word' id='word_1_306' title='bbox 2266 1820 2540 1891; x_wconf 63' lang='lat' dir='ltr'>agricola:</span> <span class='ocrx_word' id='word_1_307' title='bbox 2571 1819 2812 1890; x_wconf 89' lang='lat' dir='ltr'>quidem</span> <span class='ocrx_word' id='word_1_308' title='bbox 2845 1828 2934 1875; x_wconf 87' lang='lat' dir='ltr'>est</span> <span class='ocrx_word' id='word_1_309' title='bbox 2962 1822 3290 1893; x_wconf 89' lang='lat' dir='ltr'>proprium,</span> <span class='ocrx_word' id='word_1_310' title='bbox 3318 1839 3536 1887; x_wconf 88' lang='lat' dir='ltr'>rosam,</span> <span class='ocrx_word' id='word_1_311' title='bbox 3561 1840 3694 1893; x_wconf 70' lang='lat' dir='ltr'>quia</span> 
     </span>
    </p>
   </div>
   <div class='ocr_carea' id='block_1_44' title="bbox 2045 1909 3692 1982">
    <p class='ocr_par' dir='ltr' id='par_1_44' title="bbox 2045 1909 3692 1982">
     <span class='ocr_line' id='line_1_44' title="bbox 2045 1909 3692 1982; baseline 0 -18"><span class='ocrx_word' id='word_1_312' title='bbox 2045 1910 2108 1964; x_wconf 91' lang='lat' dir='ltr'>in</span> <span class='ocrx_word' id='word_1_313' title='bbox 2166 1909 2356 1980; x_wconf 90' lang='lat' dir='ltr'>spinis</span> <span class='ocrx_word' id='word_1_314' title='bbox 2412 1910 2696 1976; x_wconf 88' lang='lat' dir='ltr'>nascitur,</span> <span class='ocrx_word' id='word_1_315' title='bbox 2756 1910 2903 1965; x_wconf 88' lang='lat' dir='ltr'>citra</span> <span class='ocrx_word' id='word_1_316' title='bbox 2950 1927 3166 1965; x_wconf 83' lang='lat' dir='ltr'>noxam</span> <span class='ocrx_word' id='word_1_317' title='bbox 3212 1928 3493 1982; x_wconf 82' lang='lat' dir='ltr'>carpere;</span> <span class='ocrx_word' id='word_1_318' title='bbox 3528 1911 3692 1967; x_wconf 88' lang='lat' dir='ltr'>simi-</span> 
     </span>
    </p>
   </div>
   <div class='ocr_carea' id='block_1_45' title="bbox 2045 1999 3694 2070">
    <p class='ocr_par' dir='ltr' id='par_1_45' title="bbox 2045 1999 3694 2070">
     <span class='ocr_line' id='line_1_45' title="bbox 2045 1999 3694 2070; baseline 0.002 -18"><span class='ocrx_word' id='word_1_319' title='bbox 2045 1999 2179 2053; x_wconf 83' lang='lat' dir='ltr'>liter</span> <span class='ocrx_word' id='word_1_320' title='bbox 2209 2005 2268 2053; x_wconf 89' lang='lat' dir='ltr'>et</span> <span class='ocrx_word' id='word_1_321' title='bbox 2295 1999 2563 2066; x_wconf 83' lang='lat' dir='ltr'>artiﬁcis,</span> <span class='ocrx_word' id='word_1_322' title='bbox 2607 2015 2759 2067; x_wconf 89' lang='lat' dir='ltr'>eam,</span> <span class='ocrx_word' id='word_1_323' title='bbox 2793 2016 2924 2070; x_wconf 76' lang='lat' dir='ltr'>quae</span> <span class='ocrx_word' id='word_1_324' title='bbox 2953 1999 3013 2054; x_wconf 90' lang='lat' dir='ltr'>in</span> <span class='ocrx_word' id='word_1_325' title='bbox 3046 2002 3226 2055; x_wconf 87' lang='lat' dir='ltr'>ostrei</span> <span class='ocrx_word' id='word_1_326' title='bbox 3259 2017 3436 2056; x_wconf 87' lang='lat' dir='ltr'>carne</span> <span class='ocrx_word' id='word_1_327' title='bbox 3469 2001 3694 2056; x_wconf 86' lang='lat' dir='ltr'>infossa</span> 
     </span>
    </p>
   </div>
   <div class='ocr_carea' id='block_1_46' title="bbox 2046 2089 3693 2162">
    <p class='ocr_par' dir='ltr' id='par_1_46' title="bbox 2046 2089 3693 2162">
     <span class='ocr_line' id='line_1_46' title="bbox 2046 2089 3693 2162; baseline 0.001 -19"><span class='ocrx_word' id='word_1_328' title='bbox 2046 2095 2152 2154; x_wconf 91' lang='lat' dir='ltr'>est,</span> <span class='ocrx_word' id='word_1_329' title='bbox 2179 2089 2555 2161; x_wconf 83' lang='lat' dir='ltr'>margaritam</span> <span class='ocrx_word' id='word_1_330' title='bbox 2581 2089 2849 2144; x_wconf 89' lang='lat' dir='ltr'>invenire</span> <span class='ocrx_word' id='word_1_331' title='bbox 2896 2090 3232 2154; x_wconf 89' lang='lat' dir='ltr'>Quinetiam</span> <span class='ocrx_word' id='word_1_332' title='bbox 3260 2091 3693 2162; x_wconf 88' lang='lat' dir='ltr'>aiuntgallinas</span> 
     </span>
    </p>
   </div>
   <div class='ocr_carea' id='block_1_47' title="bbox 2045 2177 3696 2250">
    <p class='ocr_par' dir='ltr' id='par_1_47' title="bbox 2045 2177 3696 2250">
     <span class='ocr_line' id='line_1_47' title="bbox 2045 2177 3696 2250; baseline 0.001 -19"><span class='ocrx_word' id='word_1_333' title='bbox 2045 2193 2280 2248; x_wconf 91' lang='lat' dir='ltr'>quoque</span> <span class='ocrx_word' id='word_1_334' title='bbox 2329 2193 2568 2232; x_wconf 88' lang='lat' dir='ltr'>carnem</span> <span class='ocrx_word' id='word_1_335' title='bbox 2599 2177 2818 2233; x_wconf 88' lang='lat' dir='ltr'>habere</span> <span class='ocrx_word' id='word_1_336' title='bbox 2869 2178 3304 2243; x_wconf 86' lang='lat' dir='ltr'>suavissimam,</span> <span class='ocrx_word' id='word_1_337' title='bbox 3340 2180 3577 2250; x_wconf 90' lang='lat' dir='ltr'>quando</span> <span class='ocrx_word' id='word_1_338' title='bbox 3608 2179 3696 2234; x_wconf 88' lang='lat' dir='ltr'>eis</span> 
     </span>
    </p>
   </div>
   <div class='ocr_carea' id='block_1_48' title="bbox 2044 2267 3693 2340">
    <p class='ocr_par' dir='ltr' id='par_1_48' title="bbox 2044 2267 3693 2340">
     <span class='ocr_line' id='line_1_48' title="bbox 2044 2267 3693 2340; baseline 0.002 -20"><span class='ocrx_word' id='word_1_339' title='bbox 2044 2283 2163 2320; x_wconf 91' lang='lat' dir='ltr'>non</span> <span class='ocrx_word' id='word_1_340' title='bbox 2192 2267 2467 2337; x_wconf 89' lang='lat' dir='ltr'>copiosus</span> <span class='ocrx_word' id='word_1_341' title='bbox 2497 2267 2802 2338; x_wconf 89' lang='lat' dir='ltr'>appositus</span> <span class='ocrx_word' id='word_1_342' title='bbox 2851 2267 3033 2322; x_wconf 84' lang='lat' dir='ltr'>fuerit</span> <span class='ocrx_word' id='word_1_343' title='bbox 3060 2269 3247 2335; x_wconf 88' lang='lat' dir='ltr'>cibus,</span> <span class='ocrx_word' id='word_1_344' title='bbox 3284 2269 3386 2323; x_wconf 91' lang='lat' dir='ltr'>sed</span> <span class='ocrx_word' id='word_1_345' title='bbox 3418 2268 3561 2340; x_wconf 74' lang='lat' dir='ltr'>ipsae</span> <span class='ocrx_word' id='word_1_346' title='bbox 3592 2284 3693 2340; x_wconf 86' lang='lat' dir='ltr'>pe-</span> 
     </span>
    </p>
   </div>
   <div class='ocr_carea' id='block_1_49' title="bbox 2043 2355 3694 2431">
    <p class='ocr_par' dir='ltr' id='par_1_49' title="bbox 2043 2355 3694 2431">
     <span class='ocr_line' id='line_1_49' title="bbox 2043 2355 3694 2431; baseline 0.002 -21"><span class='ocrx_word' id='word_1_347' title='bbox 2043 2355 2216 2411; x_wconf 88' lang='lat' dir='ltr'>dibus</span> <span class='ocrx_word' id='word_1_348' title='bbox 2243 2356 2556 2420; x_wconf 87' lang='lat' dir='ltr'>fodientes,</span> <span class='ocrx_word' id='word_1_349' title='bbox 2590 2373 2726 2412; x_wconf 91' lang='lat' dir='ltr'>cum</span> <span class='ocrx_word' id='word_1_350' title='bbox 2758 2357 2959 2412; x_wconf 89' lang='lat' dir='ltr'>labore</span> <span class='ocrx_word' id='word_1_351' title='bbox 2991 2357 3345 2414; x_wconf 86' lang='lat' dir='ltr'>alimentum</span> <span class='ocrx_word' id='word_1_352' title='bbox 3386 2358 3694 2431; x_wconf 84' lang='lat' dir='ltr'>colligunt.</span> 
     </span>
    </p>
   </div>
   <div class='ocr_carea' id='block_1_50' title="bbox 2046 2445 3700 2522">
    <p class='ocr_par' dir='ltr' id='par_1_50' title="bbox 2046 2445 3700 2522">
     <span class='ocr_line' id='line_1_50' title="bbox 2046 2445 3700 2522; baseline 0.002 -22"><span class='ocrx_word' id='word_1_353' title='bbox 2046 2445 2101 2500; x_wconf 90' lang='lat' dir='ltr'>Si</span> <span class='ocrx_word' id='word_1_354' title='bbox 2135 2446 2268 2516; x_wconf 91' lang='lat' dir='ltr'>quis</span> <span class='ocrx_word' id='word_1_355' title='bbox 2300 2463 2437 2519; x_wconf 89' lang='lat' dir='ltr'>ergo</span> <span class='ocrx_word' id='word_1_356' title='bbox 2467 2446 2884 2502; x_wconf 87' lang='lat' dir='ltr'>verisimilium</span> <span class='ocrx_word' id='word_1_357' title='bbox 2916 2448 3407 2520; x_wconf 87' lang='lat' dir='ltr'>contemplationi</span> <span class='ocrx_word' id='word_1_358' title='bbox 3443 2448 3700 2522; x_wconf 52' lang='lat' dir='ltr'>deditus.</span> 
     </span>
    </p>
   </div>
   <div class='ocr_carea' id='block_1_51' title="bbox 273 2533 3700 2609">
    <p class='ocr_par' dir='ltr' id='par_1_51' title="bbox 273 2533 3700 2609">
     <span class='ocr_line' id='line_1_51' title="bbox 273 2533 3700 2609; baseline -0.001 -16"><span class='ocrx_word' id='word_1_359' title='bbox 273 2539 439 2609; x_wconf 89' lang='lat' dir='ltr'>cupit</span> <span class='ocrx_word' id='word_1_360' title='bbox 465 2538 528 2592; x_wconf 91' lang='lat' dir='ltr'>in</span> <span class='ocrx_word' id='word_1_361' title='bbox 561 2538 766 2594; x_wconf 87' lang='lat' dir='ltr'>multis</span> <span class='ocrx_word' id='word_1_362' title='bbox 797 2535 1225 2608; x_wconf 88' lang='lat' dir='ltr'>probabilibus,</span> <span class='ocrx_word' id='word_1_363' title='bbox 1253 2537 1445 2608; x_wconf 89' lang='lat' dir='ltr'>iisque</span> <span class='ocrx_word' id='word_1_364' title='bbox 1477 2536 1714 2602; x_wconf 74' lang='lat' dir='ltr'>Graecis,</span> <span class='ocrx_word' id='word_1_365' title='bbox 1747 2535 1829 2598; x_wconf 85' lang='lat' dir='ltr'>id.</span> <span class='ocrx_word' id='word_1_366' title='bbox 1860 2533 2018 2606; x_wconf 87' lang='lat' dir='ltr'>quod</span> <span class='ocrx_word' id='word_1_367' title='bbox 2067 2551 2270 2590; x_wconf 88' lang='lat' dir='ltr'>verum</span> <span class='ocrx_word' id='word_1_368' title='bbox 2315 2541 2423 2602; x_wconf 89' lang='lat' dir='ltr'>est,</span> <span class='ocrx_word' id='word_1_369' title='bbox 2458 2536 2758 2608; x_wconf 85' lang='lat' dir='ltr'>persequi,</span> <span class='ocrx_word' id='word_1_370' title='bbox 2790 2536 2948 2592; x_wconf 89' lang='lat' dir='ltr'>haud</span> <span class='ocrx_word' id='word_1_371' title='bbox 2981 2537 3293 2593; x_wconf 88' lang='lat' dir='ltr'>dissimilis</span> <span class='ocrx_word' id='word_1_372' title='bbox 3345 2537 3460 2592; x_wconf 87' lang='lat' dir='ltr'>erit</span> <span class='ocrx_word' id='word_1_373' title='bbox 3490 2537 3565 2603; x_wconf 89' lang='lat' dir='ltr'>ei,</span> <span class='ocrx_word' id='word_1_374' title='bbox 3600 2537 3700 2608; x_wconf 89' lang='lat' dir='ltr'>qui</span> 
     </span>
    </p>
   </div>
   <div class='ocr_carea' id='block_1_52' title="bbox 273 2625 3700 2698">
    <p class='ocr_par' dir='ltr' id='par_1_52' title="bbox 273 2625 3700 2698">
     <span class='ocr_line' id='line_1_52' title="bbox 273 2625 3700 2698; baseline 0 -18"><span class='ocrx_word' id='word_1_375' title='bbox 273 2643 482 2684; x_wconf 86' lang='lat' dir='ltr'>verum</span> <span class='ocrx_word' id='word_1_376' title='bbox 510 2627 740 2686; x_wconf 84' lang='lat' dir='ltr'>vultum</span> <span class='ocrx_word' id='word_1_377' title='bbox 768 2625 946 2692; x_wconf 83' lang='lat' dir='ltr'>larvis</span> <span class='ocrx_word' id='word_1_378' title='bbox 971 2625 1275 2686; x_wconf 88' lang='lat' dir='ltr'>obtectum</span> <span class='ocrx_word' id='word_1_379' title='bbox 1305 2626 1643 2697; x_wconf 71' lang='lat' dir='ltr'>discernere</span> <span class='ocrx_word' id='word_1_380' title='bbox 1669 2625 1902 2698; x_wconf 84' lang='lat' dir='ltr'>satagit.</span> <span class='ocrx_word' id='word_1_381' title='bbox 1934 2625 2088 2680; x_wconf 89' lang='lat' dir='ltr'>Dicit</span> <span class='ocrx_word' id='word_1_382' title='bbox 2116 2625 2301 2693; x_wconf 90' lang='lat' dir='ltr'>enim,</span> <span class='ocrx_word' id='word_1_383' title='bbox 2327 2642 2457 2697; x_wconf 81' lang='lat' dir='ltr'>quae</span> <span class='ocrx_word' id='word_1_384' title='bbox 2489 2626 2721 2681; x_wconf 66' lang='lat' dir='ltr'>Hermae</span> <span class='ocrx_word' id='word_1_385' title='bbox 2754 2625 2815 2680; x_wconf 92' lang='lat' dir='ltr'>in</span> <span class='ocrx_word' id='word_1_386' title='bbox 2843 2626 3065 2682; x_wconf 89' lang='lat' dir='ltr'>visione</span> <span class='ocrx_word' id='word_1_387' title='bbox 3083 2626 3357 2698; x_wconf 86' lang='lat' dir='ltr'>apparuit</span> <span class='ocrx_word' id='word_1_388' title='bbox 3389 2629 3654 2681; x_wconf 83' lang='lat' dir='ltr'>Potestas</span> <span class='ocrx_word' id='word_1_389' title='bbox 3685 2640 3700 2679; x_wconf 87' lang='lat'><strong>:</strong></span> 
     </span>
    </p>
   </div>
   <div class='ocr_carea' id='block_1_53' title="bbox 277 2716 1555 2787">
    <p class='ocr_par' dir='ltr' id='par_1_53' title="bbox 277 2716 1555 2787">
     <span class='ocr_line' id='line_1_53' title="bbox 277 2716 1555 2787; baseline -0.001 -14"><span class='ocrx_word' id='word_1_390' title='bbox 277 2718 440 2783; x_wconf 84' lang='lat' dir='ltr'>Quod</span> <span class='ocrx_word' id='word_1_391' title='bbox 471 2719 575 2773; x_wconf 91' lang='lat' dir='ltr'>tibi</span> <span class='ocrx_word' id='word_1_392' title='bbox 604 2719 882 2787; x_wconf 87' lang='lat' dir='ltr'>contingit</span> <span class='ocrx_word' id='word_1_393' title='bbox 912 2716 1165 2785; x_wconf 80' lang='lat' dir='ltr'>revelari,</span> <span class='ocrx_word' id='word_1_394' title='bbox 1201 2718 1555 2773; x_wconf 80' lang='lat' dir='ltr'>revelabitur.</span> 
     </span>
    </p>
   </div>
   <div class='ocr_carea' id='block_1_54' title="bbox 1831 2843 2169 2899">
    <p class='ocr_par' dir='ltr' id='par_1_54' title="bbox 1831 2843 2169 2899">
     <span class='ocr_line' id='line_1_54' title="bbox 1831 2843 2169 2899; baseline -0.009 0"><span class='ocrx_word' id='word_1_395' title='bbox 1831 2843 2060 2899; x_wconf 88' lang='lat' dir='ltr'><strong>CAPUT</strong></span> <span class='ocrx_word' id='word_1_396' title='bbox 2097 2843 2169 2897; x_wconf 90' lang='lat' dir='ltr'>II.</span> 
     </span>
    </p>
   </div>
   <div class='ocr_carea' id='block_1_55' title="bbox 1184 2950 2807 3023">
    <p class='ocr_par' dir='ltr' id='par_1_55' title="bbox 1184 2950 2807 3023">
     <span class='ocr_line' id='line_1_55' title="bbox 1184 2950 2807 3023; baseline -0.002 -14"><span class='ocrx_word' id='word_1_397' title='bbox 1184 2954 1288 3010; x_wconf 88' lang='lat' dir='ltr'>Per</span> <span class='ocrx_word' id='word_1_398' title='bbox 1315 2954 1476 3023; x_wconf 81' lang='lat' dir='ltr'>ﬁdem</span> <span class='ocrx_word' id='word_1_399' title='bbox 1505 2952 1676 3008; x_wconf 90' lang='lat' dir='ltr'>solam</span> <span class='ocrx_word' id='word_1_400' title='bbox 1697 2951 1770 3006; x_wconf 87' lang='lat' dir='ltr'>ad</span> <span class='ocrx_word' id='word_1_401' title='bbox 1798 2953 1897 3005; x_wconf 85' lang='lat' dir='ltr'>Dei</span> <span class='ocrx_word' id='word_1_402' title='bbox 1931 2951 2300 3020; x_wconf 78' lang='lat' dir='ltr'>cognitionem</span> <span class='ocrx_word' id='word_1_403' title='bbox 2317 2950 2604 3019; x_wconf 77' lang='lat' dir='ltr'>perveniri</span> <span class='ocrx_word' id='word_1_404' title='bbox 2625 2965 2807 3019; x_wconf 86' lang='lat' dir='ltr'>posse.</span> 
     </span>
    </p>
   </div>
   <div class='ocr_carea' id='block_1_56' title="bbox 346 3073 1930 3154">
    <p class='ocr_par' dir='ltr' id='par_1_56' title="bbox 346 3073 1930 3154">
     <span class='ocr_line' id='line_1_56' title="bbox 346 3073 1930 3154; baseline -0.003 -23"><span class='ocrx_word' id='word_1_405' title='bbox 346 3078 471 3131; x_wconf 79' lang='grc' dir='ltr'>Ἐπὶ</span> <span class='ocrx_word' id='word_1_406' title='bbox 525 3073 584 3131; x_wconf 69' lang='grc' dir='ltr'>δὲ</span> <span class='ocrx_word' id='word_1_407' title='bbox 665 3080 735 3149; x_wconf 79' lang='grc' dir='ltr'>σῇ</span> <span class='ocrx_word' id='word_1_408' title='bbox 811 3076 973 3154; x_wconf 84' lang='grc' dir='ltr'>σοφίᾳ</span> <span class='ocrx_word' id='word_1_409' title='bbox 1043 3077 1117 3148; x_wconf 85' lang='grc' dir='ltr'>μὴ</span> <span class='ocrx_word' id='word_1_410' title='bbox 1198 3077 1446 3145; x_wconf 80' lang='grc' dir='ltr'>έπαίρου,</span> <span class='ocrx_word' id='word_1_411' title='bbox 1507 3077 1563 3129; x_wconf 71' lang='grc' dir='ltr'>αἱ</span> <span class='ocrx_word' id='word_1_412' title='bbox 1630 3073 1930 3146; x_wconf 75' lang='grc' dir='ltr'>Παροιμίαι</span> 
     </span>
    </p>
   </div>
   <div class='ocr_carea' id='block_1_57' title="bbox 271 3162 1927 3240">
    <p class='ocr_par' dir='ltr' id='par_1_57' title="bbox 271 3162 1927 3240">
     <span class='ocr_line' id='line_1_57' title="bbox 271 3162 1927 3240; baseline -0.003 -19"><span class='ocrx_word' id='word_1_413' title='bbox 271 3164 526 3240; x_wconf 70' lang='grc' dir='ltr'>λέγουσιν</span> <span class='ocrx_word' id='word_1_414' title='bbox 562 3185 575 3198; x_wconf 92' lang='grc'><strong>·</strong></span> <span class='ocrx_word' id='word_1_415' title='bbox 637 3164 689 3220; x_wconf 77' lang='grc' dir='ltr'>ἐν</span> <span class='ocrx_word' id='word_1_416' title='bbox 738 3167 934 3227; x_wconf 85' lang='grc' dir='ltr'>πάσαις</span> <span class='ocrx_word' id='word_1_417' title='bbox 979 3164 1037 3220; x_wconf 73' lang='grc' dir='ltr'>δὲ</span> <span class='ocrx_word' id='word_1_418' title='bbox 1083 3164 1232 3227; x_wconf 82' lang='grc' dir='ltr'>ὁδοῖς</span> <span class='ocrx_word' id='word_1_419' title='bbox 1282 3165 1516 3240; x_wconf 80' lang='grc' dir='ltr'>γνώριζε</span> <span class='ocrx_word' id='word_1_420' title='bbox 1571 3167 1679 3236; x_wconf 87' lang='grc'>(18)</span> <span class='ocrx_word' id='word_1_421' title='bbox 1737 3162 1927 3231; x_wconf 76' lang='grc' dir='ltr'>αύτήν,</span> 
     </span>
    </p>
   </div>
   <div class='ocr_carea' id='block_1_58' title="bbox 268 3249 1928 3328">
    <p class='ocr_par' dir='ltr' id='par_1_58' title="bbox 268 3249 1928 3328">
     <span class='ocr_line' id='line_1_58' title="bbox 268 3249 1928 3328; baseline -0.002 -20"><span class='ocrx_word' id='word_1_422' title='bbox 268 3252 363 3309; x_wconf 74' lang='grc' dir='ltr'>’ίνα</span> <span class='ocrx_word' id='word_1_423' title='bbox 420 3254 706 3328; x_wconf 82' lang='grc' dir='ltr'>ὀρθοτομῇ</span> <span class='ocrx_word' id='word_1_424' title='bbox 757 3255 852 3316; x_wconf 71' lang='grc' dir='ltr'>τὰς</span> <span class='ocrx_word' id='word_1_425' title='bbox 909 3252 1068 3316; x_wconf 83' lang='grc' dir='ltr'>ὁδούς</span> <span class='ocrx_word' id='word_1_426' title='bbox 1125 3276 1260 3322; x_wconf 87' lang='grc' dir='ltr'>σου,</span> <span class='ocrx_word' id='word_1_427' title='bbox 1325 3255 1352 3308; x_wconf 88' lang='grc' dir='ltr'>ὁ</span> <span class='ocrx_word' id='word_1_428' title='bbox 1408 3250 1465 3308; x_wconf 78' lang='grc' dir='ltr'>δὶ</span> <span class='ocrx_word' id='word_1_429' title='bbox 1521 3257 1657 3316; x_wconf 73' lang='grc' dir='ltr'>ποῦς</span> <span class='ocrx_word' id='word_1_430' title='bbox 1714 3272 1809 3306; x_wconf 88' lang='grc' dir='ltr'>σου</span> <span class='ocrx_word' id='word_1_431' title='bbox 1866 3249 1928 3305; x_wconf 80' lang='grc' dir='ltr'>οὐ</span> 
     </span>
    </p>
   </div>
   <div class='ocr_carea' id='block_1_59' title="bbox 277 3337 1928 3418">
    <p class='ocr_par' dir='ltr' id='par_1_59' title="bbox 277 3337 1928 3418">
     <span class='ocr_line' id='line_1_59' title="bbox 277 3337 1928 3418; baseline -0.004 -19"><span class='ocrx_word' id='word_1_432' title='bbox 277 3361 355 3416; x_wconf 83' lang='grc' dir='ltr'>μη</span> <span class='ocrx_word' id='word_1_433' title='bbox 385 3344 725 3418; x_wconf 81' lang='grc' dir='ltr'>προσκόπτῃ.</span> <span class='ocrx_word' id='word_1_434' title='bbox 781 3343 1038 3399; x_wconf 87' lang='grc' dir='ltr'>Βούλεται</span> <span class='ocrx_word' id='word_1_435' title='bbox 1083 3344 1179 3416; x_wconf 74' lang='grc' dir='ltr'>μὲν</span> <span class='ocrx_word' id='word_1_436' title='bbox 1217 3344 1316 3418; x_wconf 66' lang='grc' dir='ltr'>γάρ</span> <span class='ocrx_word' id='word_1_437' title='bbox 1349 3340 1440 3397; x_wconf 76' lang='grc' dir='ltr'>διά</span> <span class='ocrx_word' id='word_1_438' title='bbox 1466 3341 1674 3397; x_wconf 86' lang='grc' dir='ltr'>τούτων</span> <span class='ocrx_word' id='word_1_439' title='bbox 1738 3337 1928 3410; x_wconf 77' lang='grc' dir='ltr'>δεῖξαι,</span> 
     </span>
    </p>
   </div>
   <div class='ocr_carea' id='block_1_60' title="bbox 276 3425 1930 3507">
    <p class='ocr_par' dir='ltr' id='par_1_60' title="bbox 276 3425 1930 3507">
     <span class='ocr_line' id='line_1_60' title="bbox 276 3425 1930 3507; baseline -0.004 -20"><span class='ocrx_word' id='word_1_440' title='bbox 276 3431 555 3487; x_wconf 78' lang='grc' dir='ltr'>ἀκόλουθα</span> <span class='ocrx_word' id='word_1_441' title='bbox 606 3429 716 3486; x_wconf 83' lang='grc' dir='ltr'>δεῖν</span> <span class='ocrx_word' id='word_1_442' title='bbox 773 3433 1014 3507; x_wconf 83' lang='grc' dir='ltr'>γενέσθαι</span> <span class='ocrx_word' id='word_1_443' title='bbox 1058 3436 1138 3503; x_wconf 79' lang='grc' dir='ltr'>τῷ</span> <span class='ocrx_word' id='word_1_444' title='bbox 1176 3430 1332 3506; x_wconf 81' lang='grc' dir='ltr'>λόγῳ</span> <span class='ocrx_word' id='word_1_445' title='bbox 1383 3431 1448 3485; x_wconf 73' lang='grc' dir='ltr'>τὰ</span> <span class='ocrx_word' id='word_1_446' title='bbox 1492 3427 1646 3505; x_wconf 65' lang='grc' dir='ltr'>ἔργα·</span> <span class='ocrx_word' id='word_1_447' title='bbox 1699 3427 1809 3498; x_wconf 74' lang='grc' dir='ltr'>ἤδη</span> <span class='ocrx_word' id='word_1_448' title='bbox 1873 3425 1930 3482; x_wconf 65' lang='grc' dir='ltr'>δὲ</span> 
     </span>
    </p>
   </div>
   <div class='ocr_carea' id='block_1_61' title="bbox 2110 3073 3692 3144">
    <p class='ocr_par' dir='ltr' id='par_1_61' title="bbox 2110 3073 3692 3144">
     <span class='ocr_line' id='line_1_61' title="bbox 2110 3073 3692 3144; baseline 0 -17"><span class='ocrx_word' id='word_1_449' title='bbox 2110 3075 2341 3143; x_wconf 84' lang='lat' dir='ltr'>Propter</span> <span class='ocrx_word' id='word_1_450' title='bbox 2399 3079 2548 3127; x_wconf 88' lang='lat' dir='ltr'>tuam</span> <span class='ocrx_word' id='word_1_451' title='bbox 2578 3081 2762 3128; x_wconf 87' lang='lat' dir='ltr'>autem</span> <span class='ocrx_word' id='word_1_452' title='bbox 2805 3091 2874 3128; x_wconf 88' lang='lat' dir='ltr'>ne</span> <span class='ocrx_word' id='word_1_453' title='bbox 2904 3074 3153 3144; x_wconf 71' lang='lat' dir='ltr'>eﬁ&#39;eraris</span> <span class='ocrx_word' id='word_1_454' title='bbox 3188 3075 3540 3143; x_wconf 80' lang='lat' dir='ltr'>sapientiam,</span> <span class='ocrx_word' id='word_1_455' title='bbox 3599 3073 3692 3128; x_wconf 89' lang='lat' dir='ltr'>di-</span> 
     </span>
    </p>
   </div>
   <div class='ocr_carea' id='block_1_62' title="bbox 2041 3161 3695 3234">
    <p class='ocr_par' dir='ltr' id='par_1_62' title="bbox 2041 3161 3695 3234">
     <span class='ocr_line' id='line_1_62' title="bbox 2041 3161 3695 3234; baseline 0.001 -17"><span class='ocrx_word' id='word_1_456' title='bbox 2041 3168 2184 3218; x_wconf 91' lang='lat' dir='ltr'>cunt</span> <span class='ocrx_word' id='word_1_457' title='bbox 2240 3161 2600 3216; x_wconf 86' lang='lat' dir='ltr'>Proverbia:</span> <span class='ocrx_word' id='word_1_458' title='bbox 2663 3165 2721 3216; x_wconf 89' lang='lat' dir='ltr'>in</span> <span class='ocrx_word' id='word_1_459' title='bbox 2779 3163 3028 3218; x_wconf 87' lang='lat' dir='ltr'>omnibus</span> <span class='ocrx_word' id='word_1_460' title='bbox 3077 3169 3257 3218; x_wconf 85' lang='lat' dir='ltr'>autem</span> <span class='ocrx_word' id='word_1_461' title='bbox 3313 3165 3415 3218; x_wconf 88' lang='lat' dir='ltr'>viis</span> <span class='ocrx_word' id='word_1_462' title='bbox 3462 3179 3695 3234; x_wconf 87' lang='lat' dir='ltr'>agnosce</span> 
     </span>
    </p>
   </div>
   <div class='ocr_carea' id='block_1_63' title="bbox 2039 3251 3696 3323">
    <p class='ocr_par' dir='ltr' id='par_1_63' title="bbox 2039 3251 3696 3323">
     <span class='ocr_line' id='line_1_63' title="bbox 2039 3251 3696 3323; baseline 0.001 -18"><span class='ocrx_word' id='word_1_463' title='bbox 2039 3253 2218 3322; x_wconf 87' lang='lat' dir='ltr'>ipsam</span> <span class='ocrx_word' id='word_1_464' title='bbox 2246 3258 2306 3306; x_wconf 90' lang='lat' dir='ltr'>ut</span> <span class='ocrx_word' id='word_1_465' title='bbox 2353 3258 2502 3307; x_wconf 88' lang='lat' dir='ltr'>recto</span> <span class='ocrx_word' id='word_1_466' title='bbox 2549 3254 2768 3307; x_wconf 81' lang='lat' dir='ltr'>tramite</span> <span class='ocrx_word' id='word_1_467' title='bbox 2815 3252 3023 3321; x_wconf 83' lang='lat' dir='ltr'>dirigat</span> <span class='ocrx_word' id='word_1_468' title='bbox 3051 3251 3168 3308; x_wconf 84' lang='lat' dir='ltr'>vias</span> <span class='ocrx_word' id='word_1_469' title='bbox 3217 3257 3357 3318; x_wconf 90' lang='lat' dir='ltr'>tuas,</span> <span class='ocrx_word' id='word_1_470' title='bbox 3385 3269 3482 3323; x_wconf 88' lang='lat' dir='ltr'>pes</span> <span class='ocrx_word' id='word_1_471' title='bbox 3512 3258 3696 3307; x_wconf 88' lang='lat' dir='ltr'>autem</span> 
     </span>
    </p>
   </div>
   <div class='ocr_carea' id='block_1_64' title="bbox 2041 3341 3697 3413">
    <p class='ocr_par' dir='ltr' id='par_1_64' title="bbox 2041 3341 3697 3413">
     <span class='ocr_line' id='line_1_64' title="bbox 2041 3341 3697 3413; baseline 0 -18"><span class='ocrx_word' id='word_1_472' title='bbox 2041 3347 2163 3397; x_wconf 89' lang='lat' dir='ltr'>tuus</span> <span class='ocrx_word' id='word_1_473' title='bbox 2218 3358 2287 3396; x_wconf 91' lang='lat' dir='ltr'>ne</span> <span class='ocrx_word' id='word_1_474' title='bbox 2344 3342 2612 3412; x_wconf 79' lang='lat' dir='ltr'>offendat.</span> <span class='ocrx_word' id='word_1_475' title='bbox 2677 3341 2812 3396; x_wconf 91' lang='lat' dir='ltr'>Vult</span> <span class='ocrx_word' id='word_1_476' title='bbox 2843 3342 3002 3396; x_wconf 90' lang='lat' dir='ltr'>enim</span> <span class='ocrx_word' id='word_1_477' title='bbox 3034 3359 3140 3413; x_wconf 91' lang='lat' dir='ltr'>per</span> <span class='ocrx_word' id='word_1_478' title='bbox 3198 3342 3325 3397; x_wconf 75' lang='lat' dir='ltr'>haec</span> <span class='ocrx_word' id='word_1_479' title='bbox 3357 3341 3697 3408; x_wconf 88' lang='lat' dir='ltr'>ostendere,</span> 
     </span>
    </p>
   </div>
   <div class='ocr_carea' id='block_1_65' title="bbox 2040 3431 3698 3502">
    <p class='ocr_par' dir='ltr' id='par_1_65' title="bbox 2040 3431 3698 3502">
     <span class='ocr_line' id='line_1_65' title="bbox 2040 3431 3698 3502; baseline 0.001 -18"><span class='ocrx_word' id='word_1_480' title='bbox 2040 3436 2313 3501; x_wconf 90' lang='lat' dir='ltr'>oportere</span> <span class='ocrx_word' id='word_1_481' title='bbox 2337 3447 2517 3502; x_wconf 89' lang='lat' dir='ltr'>opera</span> <span class='ocrx_word' id='word_1_482' title='bbox 2563 3446 2692 3485; x_wconf 91' lang='lat' dir='ltr'>esse</span> <span class='ocrx_word' id='word_1_483' title='bbox 2724 3431 2937 3486; x_wconf 86' lang='lat' dir='ltr'>rationi</span> <span class='ocrx_word' id='word_1_484' title='bbox 2969 3431 3421 3497; x_wconf 83' lang='lat' dir='ltr'>convenientia;</span> <span class='ocrx_word' id='word_1_485' title='bbox 3455 3437 3515 3486; x_wconf 88' lang='lat' dir='ltr'>et</span> <span class='ocrx_word' id='word_1_486' title='bbox 3542 3448 3698 3502; x_wconf 71' lang='lat' dir='ltr'>praa-</span> 
     </span>
    </p>
   </div>
   <div class='ocr_carea' id='block_1_66' title="bbox 273 3517 1950 3597">
    <p class='ocr_par' dir='ltr' id='par_1_66' title="bbox 273 3517 1929 3597">
     <span class='ocr_line' id='line_1_66' title="bbox 273 3517 1929 3597; baseline -0.001 -23"><span class='ocrx_word' id='word_1_487' title='bbox 273 3520 547 3597; x_wconf 72' lang='grc' dir='ltr'>ἐμφαίνει,</span> <span class='ocrx_word' id='word_1_488' title='bbox 604 3527 809 3596; x_wconf 85' lang='grc' dir='ltr'>χρῆναι</span> <span class='ocrx_word' id='word_1_489' title='bbox 861 3521 924 3575; x_wconf 86' lang='grc' dir='ltr'>τὸ</span> <span class='ocrx_word' id='word_1_490' title='bbox 981 3520 1031 3593; x_wconf 75' lang='grc' dir='ltr'>ἐξ</span> <span class='ocrx_word' id='word_1_491' title='bbox 1083 3520 1294 3590; x_wconf 82' lang='grc' dir='ltr'>ἀπάσης</span> <span class='ocrx_word' id='word_1_492' title='bbox 1344 3517 1592 3581; x_wconf 80' lang='grc' dir='ltr'>παιδείας</span> <span class='ocrx_word' id='word_1_493' title='bbox 1645 3519 1929 3593; x_wconf 73' lang='grc' dir='ltr'>χρήσιμον</span> 
     </span>
    </p>
   </div>
   <div class='ocr_carea' id='block_1_67' title="bbox 2047 3517 3700 3597">
    <p class='ocr_par' dir='ltr' id='par_1_67' title="bbox 2047 3519 3700 3594">
     <span class='ocr_line' id='line_1_67' title="bbox 2047 3519 3700 3594; baseline 0.001 -21"><span class='ocrx_word' id='word_1_494' title='bbox 2047 3526 2205 3575; x_wconf 85' lang='lat' dir='ltr'>terea</span> <span class='ocrx_word' id='word_1_495' title='bbox 2249 3536 2356 3573; x_wconf 88' lang='lat' dir='ltr'>nos</span> <span class='ocrx_word' id='word_1_496' title='bbox 2415 3526 2687 3590; x_wconf 89' lang='lat' dir='ltr'>oportere</span> <span class='ocrx_word' id='word_1_497' title='bbox 2741 3537 2811 3575; x_wconf 85' lang='lat' dir='ltr'>ex</span> <span class='ocrx_word' id='word_1_498' title='bbox 2862 3522 3024 3575; x_wconf 90' lang='lat' dir='ltr'>omni</span> <span class='ocrx_word' id='word_1_499' title='bbox 3072 3521 3343 3576; x_wconf 87' lang='lat' dir='ltr'>doctrina</span> <span class='ocrx_word' id='word_1_500' title='bbox 3390 3520 3607 3594; x_wconf 87' lang='lat' dir='ltr'>eligere</span> <span class='ocrx_word' id='word_1_501' title='bbox 3639 3519 3700 3574; x_wconf 89' lang='lat' dir='ltr'>id</span> 
     </span>
    </p>
   </div>
   <div class='ocr_carea' id='block_1_68' title="bbox 277 3604 1935 3686">
    <p class='ocr_par' dir='ltr' id='par_1_68' title="bbox 277 3604 1935 3686">
     <span class='ocr_line' id='line_1_68' title="bbox 277 3604 1935 3686; baseline -0.002 -23"><span class='ocrx_word' id='word_1_502' title='bbox 277 3608 672 3686; x_wconf 73' lang='grc' dir='ltr'>ἐκλεγομένους</span> <span class='ocrx_word' id='word_1_503' title='bbox 705 3611 856 3682; x_wconf 73' lang='grc' dir='ltr'>ἡμᾶς</span> <span class='ocrx_word' id='word_1_504' title='bbox 886 3604 1052 3685; x_wconf 67' lang='grc' dir='ltr'>ἔχειν·</span> <span class='ocrx_word' id='word_1_505' title='bbox 1089 3611 1144 3664; x_wconf 71' lang='grc' dir='ltr'>αἱ</span> <span class='ocrx_word' id='word_1_506' title='bbox 1177 3607 1243 3678; x_wconf 74' lang='grc' dir='ltr'>δή</span> <span class='ocrx_word' id='word_1_507' title='bbox 1273 3607 1392 3664; x_wconf 87' lang='grc' dir='ltr'>ὁδοὶ</span> <span class='ocrx_word' id='word_1_508' title='bbox 1445 3609 1632 3686; x_wconf 81' lang='grc' dir='ltr'>σοφίας</span> <span class='ocrx_word' id='word_1_509' title='bbox 1663 3605 1935 3676; x_wconf 83' lang='grc' dir='ltr'>ποικίλαι,</span> 
     </span>
    </p>
   </div>
   <div class='ocr_carea' id='block_1_69' title="bbox 285 3695 1936 3774">
    <p class='ocr_par' dir='ltr' id='par_1_69' title="bbox 285 3695 1936 3774">
     <span class='ocr_line' id='line_1_69' title="bbox 285 3695 1936 3774; baseline -0.001 -21"><span class='ocrx_word' id='word_1_510' title='bbox 285 3698 614 3774; x_wconf 80' lang='grc' dir='ltr'>ὀρθοτομεῖν</span> <span class='ocrx_word' id='word_1_511' title='bbox 668 3697 756 3762; x_wconf 71' lang='grc' dir='ltr'>ἐπὶ</span> <span class='ocrx_word' id='word_1_512' title='bbox 811 3700 910 3767; x_wconf 77' lang='grc' dir='ltr'>την</span> <span class='ocrx_word' id='word_1_513' title='bbox 963 3697 1086 3754; x_wconf 84' lang='grc' dir='ltr'>ὁδὸν</span> <span class='ocrx_word' id='word_1_514' title='bbox 1131 3706 1232 3768; x_wconf 77' lang='grc' dir='ltr'>τῆς</span> <span class='ocrx_word' id='word_1_515' title='bbox 1292 3698 1574 3769; x_wconf 81' lang='grc' dir='ltr'>ἀληθείας·</span> <span class='ocrx_word' id='word_1_516' title='bbox 1625 3696 1750 3759; x_wconf 86' lang='grc' dir='ltr'>ὁδὸς</span> <span class='ocrx_word' id='word_1_517' title='bbox 1792 3695 1848 3752; x_wconf 78' lang='grc' dir='ltr'>δὶ</span> <span class='ocrx_word' id='word_1_518' title='bbox 1901 3699 1936 3766; x_wconf 81' lang='grc' dir='ltr'>ἡ</span> 
     </span>
    </p>
   </div>
   <div class='ocr_carea' id='block_1_70' title="bbox 280 3785 1939 3860">
    <p class='ocr_par' dir='ltr' id='par_1_70' title="bbox 280 3785 1939 3860">
     <span class='ocr_line' id='line_1_70' title="bbox 280 3785 1939 3860; baseline -0.003 -16"><span class='ocrx_word' id='word_1_519' title='bbox 280 3790 467 3852; x_wconf 81' lang='grc' dir='ltr'>πίστις</span> <span class='ocrx_word' id='word_1_520' title='bbox 500 3831 515 3844; x_wconf 95' lang='grc'><strong>.</strong></span> <span class='ocrx_word' id='word_1_521' title='bbox 575 3789 638 3844; x_wconf 77' lang='grc' dir='ltr'>Ὁ</span> <span class='ocrx_word' id='word_1_522' title='bbox 695 3787 753 3843; x_wconf 82' lang='grc' dir='ltr'>δὶ</span> <span class='ocrx_word' id='word_1_523' title='bbox 809 3793 944 3850; x_wconf 77' lang='grc' dir='ltr'>ποῦς</span> <span class='ocrx_word' id='word_1_524' title='bbox 1002 3809 1098 3842; x_wconf 91' lang='grc' dir='ltr'>σου</span> <span class='ocrx_word' id='word_1_525' title='bbox 1159 3790 1235 3860; x_wconf 82' lang='grc' dir='ltr'>μή</span> <span class='ocrx_word' id='word_1_526' title='bbox 1295 3787 1730 3860; x_wconf 84' lang='grc' dir='ltr'>προσκοπτέτω,</span> <span class='ocrx_word' id='word_1_527' title='bbox 1791 3785 1939 3860; x_wconf 85' lang='grc' dir='ltr'>λέγει</span> 
     </span>
    </p>
   </div>
   <div class='ocr_carea' id='block_1_71' title="bbox 281 3875 1941 3952">
    <p class='ocr_par' dir='ltr' id='par_1_71' title="bbox 281 3875 1941 3952">
     <span class='ocr_line' id='line_1_71' title="bbox 281 3875 1941 3952; baseline -0.004 -18"><span class='ocrx_word' id='word_1_528' title='bbox 281 3877 598 3952; x_wconf 75' lang='grc' dir='ltr'>περίτινων</span> <span class='ocrx_word' id='word_1_529' title='bbox 653 3875 1022 3941; x_wconf 74' lang='grc' dir='ltr'>ἐναντιοῦσθαι</span> <span class='ocrx_word' id='word_1_530' title='bbox 1081 3875 1385 3932; x_wconf 76' lang='grc' dir='ltr'>δοκούντων</span> <span class='ocrx_word' id='word_1_531' title='bbox 1445 3880 1514 3950; x_wconf 79' lang='grc' dir='ltr'>τῇ</span> <span class='ocrx_word' id='word_1_532' title='bbox 1550 3881 1648 3950; x_wconf 81' lang='grc' dir='ltr'>μιᾷ</span> <span class='ocrx_word' id='word_1_533' title='bbox 1683 3875 1775 3930; x_wconf 79' lang='grc' dir='ltr'>καὶ</span> <span class='ocrx_word' id='word_1_534' title='bbox 1824 3875 1941 3946; x_wconf 78' lang='grc' dir='ltr'>θείᾳ</span> 
     </span>
    </p>
   </div>
   <div class='ocr_carea' id='block_1_72' title="bbox 278 3963 1938 4043">
    <p class='ocr_par' dir='ltr' id='par_1_72' title="bbox 278 3963 1938 4043">
     <span class='ocr_line' id='line_1_72' title="bbox 278 3963 1938 4043; baseline -0.003 -21"><span class='ocrx_word' id='word_1_535' title='bbox 278 3971 349 4041; x_wconf 75' lang='grc' dir='ltr'>τῇ</span> <span class='ocrx_word' id='word_1_536' title='bbox 409 3966 751 4043; x_wconf 72' lang='grc' dir='ltr'>προνοητικῇ</span> <span class='ocrx_word' id='word_1_537' title='bbox 808 3963 1098 4038; x_wconf 80' lang='grc' dir='ltr'>διοικήσει,</span> <span class='ocrx_word' id='word_1_538' title='bbox 1158 3968 1316 4030; x_wconf 87' lang='grc' dir='ltr'>’Όθεν</span> <span class='ocrx_word' id='word_1_539' title='bbox 1379 3965 1617 4041; x_wconf 79' lang='grc' dir='ltr'>ἐπάγει·</span> <span class='ocrx_word' id='word_1_540' title='bbox 1683 3967 1770 4035; x_wconf 58' lang='lat' dir='ltr'>Mi;</span> <span class='ocrx_word' id='word_1_541' title='bbox 1831 3963 1938 4018; x_wconf 72' lang='grc' dir='ltr'>ἴσθι</span> 
     </span>
    </p>
   </div>
   <div class='ocr_carea' id='block_1_73' title="bbox 282 4055 1939 4135">
    <p class='ocr_par' dir='ltr' id='par_1_73' title="bbox 282 4055 1939 4135">
     <span class='ocr_line' id='line_1_73' title="bbox 282 4055 1939 4135; baseline -0.002 -23"><span class='ocrx_word' id='word_1_542' title='bbox 282 4058 551 4135; x_wconf 83' lang='grc' dir='ltr'>φρόνιμος</span> <span class='ocrx_word' id='word_1_543' title='bbox 622 4057 768 4130; x_wconf 83' lang='grc' dir='ltr'>παρά</span> <span class='ocrx_word' id='word_1_544' title='bbox 842 4061 1071 4128; x_wconf 82' lang='grc' dir='ltr'>σεαυτῷ,</span> <span class='ocrx_word' id='word_1_545' title='bbox 1149 4058 1284 4112; x_wconf 83' lang='grc' dir='ltr'>κατά</span> <span class='ocrx_word' id='word_1_546' title='bbox 1349 4056 1478 4120; x_wconf 81' lang='grc' dir='ltr'>τοὺς</span> <span class='ocrx_word' id='word_1_547' title='bbox 1531 4055 1722 4120; x_wconf 87' lang='grc' dir='ltr'>ἀθέους</span> <span class='ocrx_word' id='word_1_548' title='bbox 1780 4055 1939 4129; x_wconf 90' lang='grc' dir='ltr'>λογι-</span> 
     </span>
    </p>
   </div>
   <div class='ocr_carea' id='block_1_74' title="bbox 284 4143 1934 4220">
    <p class='ocr_par' dir='ltr' id='par_1_74' title="bbox 284 4143 1934 4220">
     <span class='ocr_line' id='line_1_74' title="bbox 284 4143 1934 4220; baseline -0.001 -21"><span class='ocrx_word' id='word_1_549' title='bbox 284 4144 460 4217; x_wconf 70' lang='grc' dir='ltr'>σμοὺς</span> <span class='ocrx_word' id='word_1_550' title='bbox 489 4145 621 4206; x_wconf 65' lang='grc' dir='ltr'>τοὺς</span> <span class='ocrx_word' id='word_1_551' title='bbox 663 4143 1100 4207; x_wconf 80' lang='grc' dir='ltr'>ἀντιστασιώδεις</span> <span class='ocrx_word' id='word_1_552' title='bbox 1157 4145 1226 4220; x_wconf 70' lang='grc' dir='ltr'>τῇ</span> <span class='ocrx_word' id='word_1_553' title='bbox 1282 4145 1572 4217; x_wconf 71' lang='grc' dir='ltr'>οἷ’κονομία</span> <span class='ocrx_word' id='word_1_554' title='bbox 1627 4150 1723 4200; x_wconf 73' lang='grc' dir='ltr'>τοῦ</span> <span class='ocrx_word' id='word_1_555' title='bbox 1781 4149 1934 4200; x_wconf 81' lang='grc' dir='ltr'>Θεοῦ’</span> 
     </span>
    </p>
   </div>
   <div class='ocr_carea' id='block_1_75' title="bbox 285 4228 1940 4307">
    <p class='ocr_par' dir='ltr' id='par_1_75' title="bbox 285 4228 1940 4307">
     <span class='ocr_line' id='line_1_75' title="bbox 285 4228 1940 4307; baseline -0.001 -18"><span class='ocrx_word' id='word_1_556' title='bbox 285 4228 476 4289; x_wconf 74' lang='grc' dir='ltr'>Φοῦοὖ</span> <span class='ocrx_word' id='word_1_557' title='bbox 527 4232 585 4288; x_wconf 74' lang='grc' dir='ltr'>δὲ</span> <span class='ocrx_word' id='word_1_558' title='bbox 635 4235 726 4288; x_wconf 86' lang='grc' dir='ltr'>τὸν</span> <span class='ocrx_word' id='word_1_559' title='bbox 782 4234 947 4306; x_wconf 82' lang='grc' dir='ltr'>μόνον</span> <span class='ocrx_word' id='word_1_560' title='bbox 980 4232 1202 4290; x_wconf 87' lang='grc' dir='ltr'>δυνατὸν</span> <span class='ocrx_word' id='word_1_561' title='bbox 1253 4235 1398 4290; x_wconf 80' lang='grc' dir='ltr'>Θεόν·</span> <span class='ocrx_word' id='word_1_562' title='bbox 1433 4235 1478 4307; x_wconf 83' lang='grc' dir='ltr'>ᾧ</span> <span class='ocrx_word' id='word_1_563' title='bbox 1529 4232 1736 4299; x_wconf 77' lang='grc' dir='ltr'>ἕπεται,</span> <span class='ocrx_word' id='word_1_564' title='bbox 1772 4231 1940 4307; x_wconf 72' lang='grc' dir='ltr'>μηδὲν</span> 
     </span>
    </p>
   </div>
   <div class='ocr_carea' id='block_1_76' title="bbox 285 4320 1938 4398">
    <p class='ocr_par' dir='ltr' id='par_1_76' title="bbox 285 4320 1938 4398">
     <span class='ocr_line' id='line_1_76' title="bbox 285 4320 1938 4398; baseline -0.001 -20"><span class='ocrx_word' id='word_1_565' title='bbox 285 4323 620 4378; x_wconf 82' lang='grc' dir='ltr'>ἀντικεῖσθαι</span> <span class='ocrx_word' id='word_1_566' title='bbox 655 4328 738 4396; x_wconf 80' lang='grc' dir='ltr'>τῷ</span> <span class='ocrx_word' id='word_1_567' title='bbox 768 4329 903 4395; x_wconf 84' lang='grc' dir='ltr'>Θεῷ.</span> <span class='ocrx_word' id='word_1_568' title='bbox 964 4324 1186 4386; x_wconf 81' lang='grc' dir='ltr'>’ΛλΛως</span> <span class='ocrx_word' id='word_1_569' title='bbox 1217 4346 1275 4378; x_wconf 88' lang='grc' dir='ltr'>τε</span> <span class='ocrx_word' id='word_1_570' title='bbox 1303 4323 1394 4378; x_wconf 86' lang='grc' dir='ltr'>καὶ</span> <span class='ocrx_word' id='word_1_571' title='bbox 1425 4326 1460 4392; x_wconf 77' lang='grc' dir='ltr'>ἡ</span> <span class='ocrx_word' id='word_1_572' title='bbox 1491 4322 1747 4398; x_wconf 72' lang='grc' dir='ltr'>ἐπαγωγὴ</span> <span class='ocrx_word' id='word_1_573' title='bbox 1787 4320 1938 4377; x_wconf 76' lang='grc' dir='ltr'>διδάο</span> 
     </span>
    </p>
   </div>
   <div class='ocr_carea' id='block_1_77' title="bbox 283 4406 1936 4487">
    <p class='ocr_par' dir='ltr' id='par_1_77' title="bbox 283 4406 1936 4487">
     <span class='ocr_line' id='line_1_77' title="bbox 283 4406 1936 4487; baseline 0.001 -23"><span class='ocrx_word' id='word_1_574' title='bbox 283 4431 402 4466; x_wconf 82' lang='grc' dir='ltr'>σκει</span> <span class='ocrx_word' id='word_1_575' title='bbox 465 4415 671 4487; x_wconf 82' lang='grc' dir='ltr'>σαφῶς,</span> <span class='ocrx_word' id='word_1_576' title='bbox 721 4411 803 4466; x_wconf 78' lang='grc' dir='ltr'>ὅτι</span> <span class='ocrx_word' id='word_1_577' title='bbox 837 4413 864 4465; x_wconf 88' lang='grc' dir='ltr'>ὁ</span> <span class='ocrx_word' id='word_1_578' title='bbox 917 4413 1060 4474; x_wconf 87' lang='grc' dir='ltr'>θεῖος</span> <span class='ocrx_word' id='word_1_579' title='bbox 1112 4406 1279 4483; x_wconf 75' lang='grc' dir='ltr'>φόϐος</span> <span class='ocrx_word' id='word_1_580' title='bbox 1313 4408 1554 4472; x_wconf 79' lang='grc' dir='ltr'>ἒκκλισίς</span> <span class='ocrx_word' id='word_1_581' title='bbox 1587 4413 1699 4464; x_wconf 81' lang='grc' dir='ltr'>ἑστι</span> <span class='ocrx_word' id='word_1_582' title='bbox 1746 4415 1936 4466; x_wconf 82' lang='grc' dir='ltr'>κακοῦ.</span> 
     </span>
    </p>
   </div>
   <div class='ocr_carea' id='block_1_78' title="bbox 284 4497 1934 4574">
    <p class='ocr_par' dir='ltr' id='par_1_78' title="bbox 284 4497 1934 4574">
     <span class='ocr_line' id='line_1_78' title="bbox 284 4497 1934 4574; baseline 0.001 -21"><span class='ocrx_word' id='word_1_583' title='bbox 284 4501 434 4570; x_wconf 81' lang='grc' dir='ltr'>Φησὶ</span> <span class='ocrx_word' id='word_1_584' title='bbox 484 4499 608 4574; x_wconf 86' lang='grc' dir='ltr'>γάρ·</span> <span class='ocrx_word' id='word_1_585' title='bbox 662 4501 763 4556; x_wconf 84' lang='grc' dir='ltr'>Καὶ</span> <span class='ocrx_word' id='word_1_586' title='bbox 819 4497 1071 4555; x_wconf 72' lang='grc' dir='ltr'>ἓκκλινον</span> <span class='ocrx_word' id='word_1_587' title='bbox 1123 4500 1229 4554; x_wconf 85' lang='grc' dir='ltr'>ἀπὸ</span> <span class='ocrx_word' id='word_1_588' title='bbox 1286 4501 1484 4560; x_wconf 83' lang='grc' dir='ltr'>παντὸς</span> <span class='ocrx_word' id='word_1_589' title='bbox 1529 4503 1726 4554; x_wconf 79' lang='grc' dir='ltr'>κακοῦ.</span> <span class='ocrx_word' id='word_1_590' title='bbox 1787 4499 1934 4569; x_wconf 75' lang='grc' dir='ltr'>Αὕτη</span> 
     </span>
    </p>
   </div>
   <div class='ocr_carea' id='block_1_79' title="bbox 282 4586 1936 4667">
    <p class='ocr_par' dir='ltr' id='par_1_79' title="bbox 282 4586 1936 4667">
     <span class='ocr_line' id='line_1_79' title="bbox 282 4586 1936 4667; baseline -0.001 -23"><span class='ocrx_word' id='word_1_591' title='bbox 282 4586 505 4644; x_wconf 85' lang='grc' dir='ltr'>παιδεία</span> <span class='ocrx_word' id='word_1_592' title='bbox 559 4593 752 4667; x_wconf 81' lang='grc' dir='ltr'>σοφίας</span> <span class='ocrx_word' id='word_1_593' title='bbox 787 4634 800 4648; x_wconf 95' lang='grc'><strong>.</strong></span> <span class='ocrx_word' id='word_1_594' title='bbox 849 4591 946 4647; x_wconf 82' lang='grc' dir='ltr'>Ὃν</span> <span class='ocrx_word' id='word_1_595' title='bbox 998 4590 1101 4664; x_wconf 71' lang='grc' dir='ltr'>γὰρ</span> <span class='ocrx_word' id='word_1_596' title='bbox 1159 4589 1342 4665; x_wconf 79' lang='grc' dir='ltr'>ἀγαπᾷ</span> <span class='ocrx_word' id='word_1_597' title='bbox 1391 4589 1608 4662; x_wconf 86' lang='grc' dir='ltr'>Κύριος,</span> <span class='ocrx_word' id='word_1_598' title='bbox 1669 4586 1936 4643; x_wconf 84' lang='grc' dir='ltr'>παιδεύει·</span> 
     </span>
    </p>
   </div>
   <div class='ocr_carea' id='block_1_80' title="bbox 280 4675 1938 4752">
    <p class='ocr_par' dir='ltr' id='par_1_80' title="bbox 280 4675 1938 4752">
     <span class='ocr_line' id='line_1_80' title="bbox 280 4675 1938 4752; baseline -0.001 -19"><span class='ocrx_word' id='word_1_599' title='bbox 280 4676 472 4752; x_wconf 84' lang='grc' dir='ltr'>ἀλγεῖν</span> <span class='ocrx_word' id='word_1_600' title='bbox 523 4679 619 4750; x_wconf 73' lang='grc' dir='ltr'>μὲν</span> <span class='ocrx_word' id='word_1_601' title='bbox 693 4683 865 4733; x_wconf 83' lang='grc' dir='ltr'>ποιῶν</span> <span class='ocrx_word' id='word_1_602' title='bbox 927 4678 1002 4740; x_wconf 80' lang='grc' dir='ltr'>εἰς</span> <span class='ocrx_word' id='word_1_603' title='bbox 1057 4677 1264 4732; x_wconf 84' lang='grc' dir='ltr'>σύνεσιν</span> <span class='ocrx_word' id='word_1_604' title='bbox 1317 4678 1682 4741; x_wconf 82' lang='grc' dir='ltr'>ἀποκαθιατάς</span> <span class='ocrx_word' id='word_1_605' title='bbox 1747 4675 1803 4732; x_wconf 72' lang='grc' dir='ltr'>δὲ</span> <span class='ocrx_word' id='word_1_606' title='bbox 1861 4677 1938 4738; x_wconf 86' lang='grc' dir='ltr'>εἰς</span> 
     </span>
    </p>
   </div>
   <div class='ocr_carea' id='block_1_81' title="bbox 281 4762 1941 4844">
    <p class='ocr_par' dir='ltr' id='par_1_81' title="bbox 281 4762 1941 4844">
     <span class='ocr_line' id='line_1_81' title="bbox 281 4762 1941 4844; baseline 0 -24"><span class='ocrx_word' id='word_1_607' title='bbox 281 4765 508 4840; x_wconf 78' lang='grc' dir='ltr'>εἰρήνην</span> <span class='ocrx_word' id='word_1_608' title='bbox 559 4767 648 4820; x_wconf 80' lang='grc' dir='ltr'>καὶ</span> <span class='ocrx_word' id='word_1_609' title='bbox 684 4767 1002 4844; x_wconf 81' lang='grc' dir='ltr'>ἀφθαρσίαν.</span> <span class='ocrx_word' id='word_1_610' title='bbox 1063 4768 1123 4822; x_wconf 84' lang='grc' dir='ltr'><strong>Ἠ</strong></span> <span class='ocrx_word' id='word_1_611' title='bbox 1179 4767 1275 4839; x_wconf 75' lang='grc' dir='ltr'>μὲν</span> <span class='ocrx_word' id='word_1_612' title='bbox 1332 4767 1423 4820; x_wconf 80' lang='grc' dir='ltr'>οὗν</span> <span class='ocrx_word' id='word_1_613' title='bbox 1476 4762 1750 4841; x_wconf 68' lang='grc' dir='ltr'>βάρϐαρος</span> <span class='ocrx_word' id='word_1_614' title='bbox 1777 4766 1941 4844; x_wconf 89' lang='grc' dir='ltr'>φιλο-</span> 
     </span>
    </p>
   </div>
   <div class='ocr_carea' id='block_1_82' title="bbox 2049 3608 3703 3682">
    <p class='ocr_par' dir='ltr' id='par_1_82' title="bbox 2049 3608 3703 3682">
     <span class='ocr_line' id='line_1_82' title="bbox 2049 3608 3703 3682; baseline 0 -18"><span class='ocrx_word' id='word_1_615' title='bbox 2049 3608 2210 3681; x_wconf 88' lang='lat' dir='ltr'>quod</span> <span class='ocrx_word' id='word_1_616' title='bbox 2258 3614 2346 3663; x_wconf 90' lang='lat' dir='ltr'>est</span> <span class='ocrx_word' id='word_1_617' title='bbox 2375 3609 2540 3664; x_wconf 90' lang='lat' dir='ltr'>utile.</span> <span class='ocrx_word' id='word_1_618' title='bbox 2594 3610 2741 3665; x_wconf 89' lang='lat' dir='ltr'>Sunt</span> <span class='ocrx_word' id='word_1_619' title='bbox 2769 3614 2968 3665; x_wconf 90' lang='lat' dir='ltr'>autem</span> <span class='ocrx_word' id='word_1_620' title='bbox 3015 3611 3120 3665; x_wconf 67' lang='lat' dir='ltr'>viae</span> <span class='ocrx_word' id='word_1_621' title='bbox 3163 3610 3472 3682; x_wconf 60' lang='lat' dir='ltr'>sapientiai</span> <span class='ocrx_word' id='word_1_622' title='bbox 3503 3610 3703 3678; x_wconf 55' lang='lat' dir='ltr'>variae,</span> 
     </span>
    </p>
   </div>
   <div class='ocr_carea' id='block_1_83' title="bbox 2047 3700 3704 3756">
    <p class='ocr_par' dir='ltr' id='par_1_83' title="bbox 2047 3700 3704 3756">
     <span class='ocr_line' id='line_1_83' title="bbox 2047 3700 3704 3756; baseline 0.001 -3"><span class='ocrx_word' id='word_1_623' title='bbox 2047 3705 2116 3753; x_wconf 88' lang='lat' dir='ltr'>ut</span> <span class='ocrx_word' id='word_1_624' title='bbox 2139 3703 2300 3754; x_wconf 88' lang='lat' dir='ltr'>recto</span> <span class='ocrx_word' id='word_1_625' title='bbox 2334 3700 2570 3755; x_wconf 89' lang='lat' dir='ltr'>tramite</span> <span class='ocrx_word' id='word_1_626' title='bbox 2600 3701 2946 3756; x_wconf 90' lang='lat' dir='ltr'>incedamus</span> <span class='ocrx_word' id='word_1_627' title='bbox 2976 3700 3052 3756; x_wconf 92' lang='lat' dir='ltr'>ad</span> <span class='ocrx_word' id='word_1_628' title='bbox 3082 3701 3235 3755; x_wconf 91' lang='lat' dir='ltr'>viam</span> <span class='ocrx_word' id='word_1_629' title='bbox 3265 3701 3549 3756; x_wconf 84' lang='lat' dir='ltr'>veritatis.</span> <span class='ocrx_word' id='word_1_630' title='bbox 3598 3701 3704 3754; x_wconf 87' lang='lat' dir='ltr'>Via</span> 
     </span>
    </p>
   </div>
   <div class='ocr_carea' id='block_1_84' title="bbox 2047 3789 3704 3859">
    <p class='ocr_par' dir='ltr' id='par_1_84' title="bbox 2047 3789 3704 3859">
     <span class='ocr_line' id='line_1_84' title="bbox 2047 3789 3704 3859; baseline -0.001 -14"><span class='ocrx_word' id='word_1_631' title='bbox 2047 3795 2246 3845; x_wconf 88' lang='lat' dir='ltr'>autem</span> <span class='ocrx_word' id='word_1_632' title='bbox 2301 3796 2391 3845; x_wconf 89' lang='lat' dir='ltr'>est</span> <span class='ocrx_word' id='word_1_633' title='bbox 2438 3789 2603 3844; x_wconf 81' lang='lat' dir='ltr'>fides.</span> <span class='ocrx_word' id='word_1_634' title='bbox 2657 3792 2756 3844; x_wconf 88' lang='lat' dir='ltr'>Pes</span> <span class='ocrx_word' id='word_1_635' title='bbox 2803 3797 2987 3845; x_wconf 88' lang='lat' dir='ltr'>autem</span> <span class='ocrx_word' id='word_1_636' title='bbox 3033 3797 3155 3844; x_wconf 86' lang='lat' dir='ltr'>tuus</span> <span class='ocrx_word' id='word_1_637' title='bbox 3183 3806 3294 3844; x_wconf 89' lang='lat' dir='ltr'>non</span> <span class='ocrx_word' id='word_1_638' title='bbox 3324 3791 3587 3859; x_wconf 77' lang='lat' dir='ltr'>offendat,</span> <span class='ocrx_word' id='word_1_639' title='bbox 3622 3790 3704 3844; x_wconf 89' lang='lat' dir='ltr'>ait</span> 
     </span>
    </p>
   </div>
   <div class='ocr_carea' id='block_1_85' title="bbox 2048 3879 3704 3950">
    <p class='ocr_par' dir='ltr' id='par_1_85' title="bbox 2048 3879 3704 3950">
     <span class='ocr_line' id='line_1_85' title="bbox 2048 3879 3704 3950; baseline -0.002 -15"><span class='ocrx_word' id='word_1_640' title='bbox 2048 3880 2120 3935; x_wconf 91' lang='lat' dir='ltr'>de</span> <span class='ocrx_word' id='word_1_641' title='bbox 2151 3880 2475 3950; x_wconf 90' lang='lat' dir='ltr'>aliquibus,</span> <span class='ocrx_word' id='word_1_642' title='bbox 2508 3880 2610 3950; x_wconf 89' lang='lat' dir='ltr'>qui</span> <span class='ocrx_word' id='word_1_643' title='bbox 2638 3879 2992 3935; x_wconf 87' lang='lat' dir='ltr'>videbantur</span> <span class='ocrx_word' id='word_1_644' title='bbox 3022 3880 3318 3935; x_wconf 89' lang='lat' dir='ltr'>adversari</span> <span class='ocrx_word' id='word_1_645' title='bbox 3355 3881 3530 3935; x_wconf 90' lang='lat' dir='ltr'>unius</span> <span class='ocrx_word' id='word_1_646' title='bbox 3562 3879 3704 3934; x_wconf 86' lang='lat' dir='ltr'>divi-</span> 
     </span>
    </p>
   </div>
   <div class='ocr_carea' id='block_1_86' title="bbox 2048 3968 3699 4041">
    <p class='ocr_par' dir='ltr' id='par_1_86' title="bbox 2048 3968 3699 4041">
     <span class='ocr_line' id='line_1_86' title="bbox 2048 3968 3699 4041; baseline -0.001 -18"><span class='ocrx_word' id='word_1_647' title='bbox 2048 3985 2139 4023; x_wconf 68' lang='lat' dir='ltr'>nm</span> <span class='ocrx_word' id='word_1_648' title='bbox 2173 3969 2558 4040; x_wconf 62' lang='lat' dir='ltr'>providentia:</span> <span class='ocrx_word' id='word_1_649' title='bbox 2599 3968 3123 4025; x_wconf 86' lang='lat' dir='ltr'>administrationi.</span> <span class='ocrx_word' id='word_1_650' title='bbox 3161 3969 3324 4025; x_wconf 85' lang='lat' dir='ltr'>Unde</span> <span class='ocrx_word' id='word_1_651' title='bbox 3356 3969 3699 4041; x_wconf 84' lang='lat' dir='ltr'>subjungit:</span> 
     </span>
    </p>
   </div>
   <div class='ocr_carea' id='block_1_87' title="bbox 2045 4062 3705 4135">
    <p class='ocr_par' dir='ltr' id='par_1_87' title="bbox 2045 4062 3705 4135">
     <span class='ocr_line' id='line_1_87' title="bbox 2045 4062 3705 4135; baseline -0.002 -17"><span class='ocrx_word' id='word_1_652' title='bbox 2045 4065 2125 4118; x_wconf 90' lang='lat' dir='ltr'>Ne</span> <span class='ocrx_word' id='word_1_653' title='bbox 2173 4065 2246 4118; x_wconf 87' lang='lat' dir='ltr'>sis</span> <span class='ocrx_word' id='word_1_654' title='bbox 2299 4064 2517 4133; x_wconf 83' lang='lat' dir='ltr'>sapiens</span> <span class='ocrx_word' id='word_1_655' title='bbox 2573 4063 2727 4132; x_wconf 87' lang='lat' dir='ltr'>apud</span> <span class='ocrx_word' id='word_1_656' title='bbox 2779 4065 3031 4133; x_wconf 87' lang='lat' dir='ltr'>teipsum,</span> <span class='ocrx_word' id='word_1_657' title='bbox 3083 4080 3189 4134; x_wconf 91' lang='lat' dir='ltr'>per</span> <span class='ocrx_word' id='word_1_658' title='bbox 3232 4063 3446 4135; x_wconf 88' lang='lat' dir='ltr'>impias</span> <span class='ocrx_word' id='word_1_659' title='bbox 3477 4062 3705 4117; x_wconf 88' lang='lat' dir='ltr'>scilicet</span> 
     </span>
    </p>
   </div>
   <div class='ocr_carea' id='block_1_88' title="bbox 2048 4151 3700 4223">
    <p class='ocr_par' dir='ltr' id='par_1_88' title="bbox 2048 4151 3700 4223">
     <span class='ocr_line' id='line_1_88' title="bbox 2048 4151 3700 4223; baseline -0.002 -17"><span class='ocrx_word' id='word_1_660' title='bbox 2048 4153 2329 4214; x_wconf 87' lang='lat' dir='ltr'>rationes.</span> <span class='ocrx_word' id='word_1_661' title='bbox 2365 4169 2498 4222; x_wconf 73' lang='lat' dir='ltr'>quae</span> <span class='ocrx_word' id='word_1_662' title='bbox 2529 4152 2809 4207; x_wconf 89' lang='lat' dir='ltr'>adversus</span> <span class='ocrx_word' id='word_1_663' title='bbox 2859 4154 2961 4207; x_wconf 92' lang='lat' dir='ltr'>Dei</span> <span class='ocrx_word' id='word_1_664' title='bbox 2992 4151 3422 4223; x_wconf 86' lang='lat' dir='ltr'>providentiam</span> <span class='ocrx_word' id='word_1_665' title='bbox 3457 4158 3700 4206; x_wconf 88' lang='lat' dir='ltr'>conten-</span> 
     </span>
    </p>
   </div>
   <div class='ocr_carea' id='block_1_89' title="bbox 2047 4241 3700 4312">
    <p class='ocr_par' dir='ltr' id='par_1_89' title="bbox 2047 4241 3700 4312">
     <span class='ocr_line' id='line_1_89' title="bbox 2047 4241 3700 4312; baseline -0.002 -17"><span class='ocrx_word' id='word_1_666' title='bbox 2047 4242 2216 4298; x_wconf 88' lang='lat' dir='ltr'>dunt.</span> <span class='ocrx_word' id='word_1_667' title='bbox 2281 4243 2428 4296; x_wconf 83' lang='lat' dir='ltr'>Time</span> <span class='ocrx_word' id='word_1_668' title='bbox 2453 4247 2633 4296; x_wconf 85' lang='lat' dir='ltr'>autem</span> <span class='ocrx_word' id='word_1_669' title='bbox 2669 4243 2854 4308; x_wconf 86' lang='lat' dir='ltr'>Deum,</span> <span class='ocrx_word' id='word_1_670' title='bbox 2919 4241 3016 4312; x_wconf 93' lang='lat' dir='ltr'>qui</span> <span class='ocrx_word' id='word_1_671' title='bbox 3078 4241 3240 4294; x_wconf 86' lang='lat' dir='ltr'>solus</span> <span class='ocrx_word' id='word_1_672' title='bbox 3303 4247 3392 4294; x_wconf 90' lang='lat' dir='ltr'>est</span> <span class='ocrx_word' id='word_1_673' title='bbox 3446 4245 3700 4309; x_wconf 89' lang='lat' dir='ltr'>potens:</span> 
     </span>
    </p>
   </div>
   <div class='ocr_carea' id='block_1_90' title="bbox 2048 4326 3702 4401">
    <p class='ocr_par' dir='ltr' id='par_1_90' title="bbox 2048 4326 3702 4401">
     <span class='ocr_line' id='line_1_90' title="bbox 2048 4326 3702 4401; baseline -0.001 -21"><span class='ocrx_word' id='word_1_674' title='bbox 2048 4329 2142 4381; x_wconf 90' lang='lat' dir='ltr'>cui</span> <span class='ocrx_word' id='word_1_675' title='bbox 2202 4336 2292 4384; x_wconf 90' lang='lat' dir='ltr'>est</span> <span class='ocrx_word' id='word_1_676' title='bbox 2346 4347 2718 4401; x_wconf 89' lang='lat' dir='ltr'>consequens</span> <span class='ocrx_word' id='word_1_677' title='bbox 2755 4372 2768 4397; x_wconf 93' lang='lat'>,</span> <span class='ocrx_word' id='word_1_678' title='bbox 2827 4331 2945 4384; x_wconf 93' lang='lat' dir='ltr'>Deo</span> <span class='ocrx_word' id='word_1_679' title='bbox 3005 4345 3311 4398; x_wconf 89' lang='lat' dir='ltr'>nunquam</span> <span class='ocrx_word' id='word_1_680' title='bbox 3365 4326 3702 4382; x_wconf 85' lang='lat' dir='ltr'>adversari.</span> 
     </span>
    </p>
   </div>
   <div class='ocr_carea' id='block_1_91' title="bbox 2047 4415 3700 4489">
    <p class='ocr_par' dir='ltr' id='par_1_91' title="bbox 2047 4415 3700 4489">
     <span class='ocr_line' id='line_1_91' title="bbox 2047 4415 3700 4489; baseline -0.001 -19"><span class='ocrx_word' id='word_1_681' title='bbox 2047 4417 2382 4480; x_wconf 89' lang='lat' dir='ltr'>Quinetiam</span> <span class='ocrx_word' id='word_1_682' title='bbox 2432 4419 2590 4489; x_wconf 90' lang='lat' dir='ltr'>quod</span> <span class='ocrx_word' id='word_1_683' title='bbox 2648 4419 2938 4488; x_wconf 90' lang='lat' dir='ltr'>sequitur,</span> <span class='ocrx_word' id='word_1_684' title='bbox 2969 4423 3169 4488; x_wconf 87' lang='lat' dir='ltr'>aperte</span> <span class='ocrx_word' id='word_1_685' title='bbox 3220 4432 3458 4486; x_wconf 89' lang='lat' dir='ltr'>quoque</span> <span class='ocrx_word' id='word_1_686' title='bbox 3508 4415 3700 4480; x_wconf 90' lang='lat' dir='ltr'>docet,</span> 
     </span>
    </p>
   </div>
   <div class='ocr_carea' id='block_1_92' title="bbox 2049 4503 3700 4576">
    <p class='ocr_par' dir='ltr' id='par_1_92' title="bbox 2049 4503 3700 4576">
     <span class='ocr_line' id='line_1_92' title="bbox 2049 4503 3700 4576; baseline -0.003 -15"><span class='ocrx_word' id='word_1_687' title='bbox 2049 4507 2206 4576; x_wconf 91' lang='lat' dir='ltr'>quod</span> <span class='ocrx_word' id='word_1_688' title='bbox 2264 4510 2364 4561; x_wconf 86' lang='lat' dir='ltr'>Dei</span> <span class='ocrx_word' id='word_1_689' title='bbox 2417 4511 2602 4573; x_wconf 82' lang='lat' dir='ltr'>timor,</span> <span class='ocrx_word' id='word_1_690' title='bbox 2654 4514 2731 4561; x_wconf 88' lang='lat' dir='ltr'>est</span> <span class='ocrx_word' id='word_1_691' title='bbox 2763 4507 2896 4560; x_wconf 86' lang='lat' dir='ltr'>mali</span> <span class='ocrx_word' id='word_1_692' title='bbox 2925 4506 3242 4560; x_wconf 85' lang='lat' dir='ltr'>declinatio.</span> <span class='ocrx_word' id='word_1_693' title='bbox 3303 4504 3454 4558; x_wconf 92' lang='lat' dir='ltr'>Dicit</span> <span class='ocrx_word' id='word_1_694' title='bbox 3499 4503 3700 4558; x_wconf 89' lang='lat' dir='ltr'>enim:</span> 
     </span>
    </p>
   </div>
   <div class='ocr_carea' id='block_1_93' title="bbox 2047 4592 3707 4664">
    <p class='ocr_par' dir='ltr' id='par_1_93' title="bbox 2047 4592 3707 4664">
     <span class='ocr_line' id='line_1_93' title="bbox 2047 4592 3707 4664; baseline -0.001 -16"><span class='ocrx_word' id='word_1_695' title='bbox 2047 4597 2115 4648; x_wconf 87' lang='lat' dir='ltr'>Et</span> <span class='ocrx_word' id='word_1_696' title='bbox 2166 4596 2382 4650; x_wconf 89' lang='lat' dir='ltr'>declina</span> <span class='ocrx_word' id='word_1_697' title='bbox 2430 4597 2497 4649; x_wconf 84' lang='lat' dir='ltr'>ab</span> <span class='ocrx_word' id='word_1_698' title='bbox 2543 4595 2695 4649; x_wconf 86' lang='lat' dir='ltr'>omni</span> <span class='ocrx_word' id='word_1_699' title='bbox 2737 4595 2902 4649; x_wconf 90' lang='lat' dir='ltr'>malo.</span> <span class='ocrx_word' id='word_1_700' title='bbox 2939 4595 3072 4648; x_wconf 65' lang='lat' dir='ltr'>Haec</span> <span class='ocrx_word' id='word_1_701' title='bbox 3120 4599 3209 4648; x_wconf 90' lang='lat' dir='ltr'>est</span> <span class='ocrx_word' id='word_1_702' title='bbox 3241 4592 3559 4664; x_wconf 87' lang='lat' dir='ltr'>disciplina</span> <span class='ocrx_word' id='word_1_703' title='bbox 3616 4608 3707 4647; x_wconf 87' lang='lat' dir='ltr'>sa-</span> 
     </span>
    </p>
   </div>
   <div class='ocr_carea' id='block_1_94' title="bbox 2047 4681 3704 4753">
    <p class='ocr_par' dir='ltr' id='par_1_94' title="bbox 2047 4681 3704 4753">
     <span class='ocr_line' id='line_1_94' title="bbox 2047 4681 3704 4753; baseline -0.001 -17"><span class='ocrx_word' id='word_1_704' title='bbox 2047 4683 2307 4753; x_wconf 61' lang='lat' dir='ltr'>pientiai.</span> <span class='ocrx_word' id='word_1_705' title='bbox 2369 4686 2536 4748; x_wconf 88' lang='lat' dir='ltr'>Quem</span> <span class='ocrx_word' id='word_1_706' title='bbox 2584 4684 2727 4737; x_wconf 83' lang='lat' dir='ltr'>enim</span> <span class='ocrx_word' id='word_1_707' title='bbox 2775 4683 2966 4752; x_wconf 84' lang='lat' dir='ltr'>diligit</span> <span class='ocrx_word' id='word_1_708' title='bbox 2996 4684 3282 4749; x_wconf 85' lang='lat' dir='ltr'>Dominus,</span> <span class='ocrx_word' id='word_1_709' title='bbox 3311 4681 3549 4751; x_wconf 80' lang='lat' dir='ltr'>castigat</span> <span class='ocrx_word' id='word_1_710' title='bbox 3575 4682 3651 4752; x_wconf 85' lang='lat' dir='ltr'>(b)</span> <span class='ocrx_word' id='word_1_711' title='bbox 3682 4699 3704 4746; x_wconf 86' lang='lat'>;</span> 
     </span>
    </p>
   </div>
   <div class='ocr_carea' id='block_1_95' title="bbox 2048 4770 3706 4843">
    <p class='ocr_par' dir='ltr' id='par_1_95' title="bbox 2048 4770 3706 4843">
     <span class='ocr_line' id='line_1_95' title="bbox 2048 4770 3706 4843; baseline -0.001 -17"><span class='ocrx_word' id='word_1_712' title='bbox 2048 4771 2316 4826; x_wconf 81' lang='lat' dir='ltr'>afﬁciens</span> <span class='ocrx_word' id='word_1_713' title='bbox 2375 4771 2617 4842; x_wconf 89' lang='lat' dir='ltr'>quidem</span> <span class='ocrx_word' id='word_1_714' title='bbox 2677 4771 2880 4826; x_wconf 88' lang='lat' dir='ltr'>dolore</span> <span class='ocrx_word' id='word_1_715' title='bbox 2912 4779 2976 4826; x_wconf 91' lang='lat' dir='ltr'>ut</span> <span class='ocrx_word' id='word_1_716' title='bbox 3005 4771 3322 4843; x_wconf 86' lang='lat' dir='ltr'>intelligat,</span> <span class='ocrx_word' id='word_1_717' title='bbox 3384 4770 3706 4825; x_wconf 87' lang='lat' dir='ltr'>restituens</span> 
     </span>
    </p>
   </div>
   <div class='ocr_carea' id='block_1_96' title="bbox 279 4850 1950 4952">
    <p class='ocr_par' dir='ltr' id='par_1_96' title="bbox 279 4850 1938 4928">
     <span class='ocr_line' id='line_1_96' title="bbox 279 4850 1938 4928; baseline 0 -19"><span class='ocrx_word' id='word_1_718' title='bbox 279 4855 464 4928; x_wconf 85' lang='grc' dir='ltr'>σοφία,</span> <span class='ocrx_word' id='word_1_719' title='bbox 547 4858 609 4924; x_wconf 77' lang='grc' dir='ltr'>ἣν</span> <span class='ocrx_word' id='word_1_720' title='bbox 683 4859 988 4928; x_wconf 84' lang='grc' dir='ltr'>μεθέπομεν</span> <span class='ocrx_word' id='word_1_721' title='bbox 1037 4858 1226 4928; x_wconf 78' lang='grc' dir='ltr'>ἡμεῖς,</span> <span class='ocrx_word' id='word_1_722' title='bbox 1282 4854 1468 4910; x_wconf 86' lang='grc' dir='ltr'>τελεία</span> <span class='ocrx_word' id='word_1_723' title='bbox 1539 4860 1620 4927; x_wconf 78' lang='grc' dir='ltr'>τῷ</span> <span class='ocrx_word' id='word_1_724' title='bbox 1675 4850 1788 4911; x_wconf 76' lang='grc' dir='ltr'>ὄντι</span> <span class='ocrx_word' id='word_1_725' title='bbox 1848 4854 1938 4910; x_wconf 84' lang='grc' dir='ltr'>καὶ</span> 
     </span>
    </p>
   </div>
   <div class='ocr_carea' id='block_1_97' title="bbox 2047 4850 3708 4952">
    <p class='ocr_par' dir='ltr' id='par_1_97' title="bbox 2050 4859 3708 4931">
     <span class='ocr_line' id='line_1_97' title="bbox 2050 4859 3708 4931; baseline -0.001 -16"><span class='ocrx_word' id='word_1_726' title='bbox 2050 4865 2249 4915; x_wconf 87' lang='lat' dir='ltr'>autem</span> <span class='ocrx_word' id='word_1_727' title='bbox 2276 4859 2350 4914; x_wconf 89' lang='lat' dir='ltr'>ad</span> <span class='ocrx_word' id='word_1_728' title='bbox 2382 4875 2589 4930; x_wconf 91' lang='lat' dir='ltr'>pacem</span> <span class='ocrx_word' id='word_1_729' title='bbox 2632 4866 2690 4913; x_wconf 91' lang='lat' dir='ltr'>et</span> <span class='ocrx_word' id='word_1_730' title='bbox 2737 4861 3270 4931; x_wconf 88' lang='lat' dir='ltr'>incorruptionem.</span> <span class='ocrx_word' id='word_1_731' title='bbox 3307 4859 3562 4915; x_wconf 85' lang='lat' dir='ltr'>Barbara</span> <span class='ocrx_word' id='word_1_732' title='bbox 3592 4859 3708 4914; x_wconf 89' lang='lat' dir='ltr'>ita-</span> 
     </span>
    </p>
   </div>
   <div class='ocr_carea' id='block_1_98' title="bbox 280 4942 1941 5022">
    <p class='ocr_par' dir='ltr' id='par_1_98' title="bbox 280 4942 1941 5022">
     <span class='ocr_line' id='line_1_98' title="bbox 280 4942 1941 5022; baseline 0 -24"><span class='ocrx_word' id='word_1_733' title='bbox 280 4942 518 5014; x_wconf 76' lang='grc' dir='ltr'>ἀληθής.</span> <span class='ocrx_word' id='word_1_734' title='bbox 579 4944 725 5016; x_wconf 79' lang='grc' dir='ltr'>Φησὶ</span> <span class='ocrx_word' id='word_1_735' title='bbox 775 4949 903 5020; x_wconf 79' lang='grc' dir='ltr'>γοῦν</span> <span class='ocrx_word' id='word_1_736' title='bbox 964 4944 1016 4999; x_wconf 79' lang='grc' dir='ltr'>ἐν</span> <span class='ocrx_word' id='word_1_737' title='bbox 1072 4948 1142 5016; x_wconf 77' lang='grc' dir='ltr'>τῇ</span> <span class='ocrx_word' id='word_1_738' title='bbox 1205 4943 1399 5022; x_wconf 75' lang='grc' dir='ltr'>Σοφίᾳο</span> <span class='ocrx_word' id='word_1_739' title='bbox 1462 4944 1636 5006; x_wconf 78' lang='grc' dir='ltr'>Αὐτὸς</span> <span class='ocrx_word' id='word_1_740' title='bbox 1687 4946 1789 5020; x_wconf 85' lang='grc' dir='ltr'>γάρ</span> <span class='ocrx_word' id='word_1_741' title='bbox 1846 4965 1941 5018; x_wconf 90' lang='grc' dir='ltr'>μοι</span> 
     </span>
    </p>
   </div>
   <div class='ocr_carea' id='block_1_99' title="bbox 352 5091 1649 5164">
    <p class='ocr_par' dir='ltr' id='par_1_99' title="bbox 352 5091 1649 5164">
     <span class='ocr_line' id='line_1_99' title="bbox 352 5091 1649 5164; baseline 0 -18"><span class='ocrx_word' id='word_1_742' title='bbox 352 5098 418 5164; x_wconf 78' lang='grc' dir='ltr'>›χ‹</span> <span class='ocrx_word' id='word_1_743' title='bbox 447 5091 510 5146; x_wconf 85' lang='grc' dir='ltr'>Ρ.</span> <span class='ocrx_word' id='word_1_744' title='bbox 541 5091 646 5146; x_wconf 75' lang='grc'>340</span> <span class='ocrx_word' id='word_1_745' title='bbox 673 5091 786 5146; x_wconf 90' lang='lat' dir='ltr'>ED.</span> <span class='ocrx_word' id='word_1_746' title='bbox 823 5091 1106 5159; x_wconf 83' lang='lat' dir='ltr'>POTTER,</span> <span class='ocrx_word' id='word_1_747' title='bbox 1140 5092 1243 5145; x_wconf 87' lang='lat'>360</span> <span class='ocrx_word' id='word_1_748' title='bbox 1275 5092 1386 5149; x_wconf 85' lang='grc' dir='ltr'>ΕΙ).</span> <span class='ocrx_word' id='word_1_749' title='bbox 1420 5091 1649 5147; x_wconf 81' lang='lat' dir='ltr'>PARIS.</span> 
     </span>
    </p>
   </div>
   <div class='ocr_carea' id='block_1_100' title="bbox 357 5231 1934 5307">
    <p class='ocr_par' dir='ltr' id='par_1_100' title="bbox 357 5231 1934 5307">
     <span class='ocr_line' id='line_1_100' title="bbox 357 5231 1934 5307; baseline 0 -19"><span class='ocrx_word' id='word_1_750' title='bbox 357 5235 476 5307; x_wconf 76' lang='lat' dir='ltr'>(l5)</span> <span class='ocrx_word' id='word_1_751' title='bbox 509 5234 596 5288; x_wconf 89' lang='grc' dir='ltr'>Ἐν</span> <span class='ocrx_word' id='word_1_752' title='bbox 631 5232 864 5307; x_wconf 7' lang='grc' dir='ltr'>ὀστρείῳ,</span> <span class='ocrx_word' id='word_1_753' title='bbox 891 5253 940 5289; x_wconf 92' lang='grc' dir='ltr'>σ.</span> <span class='ocrx_word' id='word_1_754' title='bbox 995 5233 1128 5307; x_wconf 67' lang='lat' dir='ltr'>Legi</span> <span class='ocrx_word' id='word_1_755' title='bbox 1157 5235 1334 5307; x_wconf 81' lang='lat' dir='ltr'>etiam</span> <span class='ocrx_word' id='word_1_756' title='bbox 1376 5239 1571 5307; x_wconf 87' lang='lat' dir='ltr'>potest</span> <span class='ocrx_word' id='word_1_757' title='bbox 1602 5231 1652 5287; x_wconf 76' lang='grc' dir='ltr'>έν</span> <span class='ocrx_word' id='word_1_758' title='bbox 1690 5231 1934 5307; x_wconf 86' lang='grc' dir='ltr'>ὀστρείου</span> 
     </span>
    </p>
   </div>
   <div class='ocr_carea' id='block_1_101' title="bbox 285 5302 1616 5376">
    <p class='ocr_par' dir='ltr' id='par_1_101' title="bbox 285 5302 1616 5376">
     <span class='ocr_line' id='line_1_101' title="bbox 285 5302 1616 5376; baseline 0.002 -17"><span class='ocrx_word' id='word_1_759' title='bbox 285 5302 470 5376; x_wconf 78' lang='grc' dir='ltr'>σαρκί·</span> <span class='ocrx_word' id='word_1_760' title='bbox 503 5312 561 5361; x_wconf 91' lang='lat' dir='ltr'>et</span> <span class='ocrx_word' id='word_1_761' title='bbox 591 5302 740 5376; x_wconf 51' lang='lat' dir='ltr'>mox&#39;</span> <span class='ocrx_word' id='word_1_762' title='bbox 760 5302 942 5360; x_wconf 81' lang='lat' dir='ltr'>divise</span> <span class='ocrx_word' id='word_1_763' title='bbox 971 5305 1025 5358; x_wconf 79' lang='grc' dir='ltr'>αἱ</span> <span class='ocrx_word' id='word_1_764' title='bbox 1057 5302 1115 5358; x_wconf 66' lang='grc' dir='ltr'>ὂὶ</span> <span class='ocrx_word' id='word_1_765' title='bbox 1146 5303 1301 5359; x_wconf 87' lang='grc' dir='ltr'>σκαλ.</span> <span class='ocrx_word' id='word_1_766' title='bbox 1343 5302 1616 5376; x_wconf 63' lang='lat' dir='ltr'>SvLeunG.</span> 
     </span>
    </p>
   </div>
   <div class='ocr_carea' id='block_1_102' title="bbox 356 5374 1932 5450">
    <p class='ocr_par' dir='ltr' id='par_1_102' title="bbox 356 5374 1932 5450">
     <span class='ocr_line' id='line_1_102' title="bbox 356 5374 1932 5450; baseline -0.002 -18"><span class='ocrx_word' id='word_1_767' title='bbox 356 5374 497 5450; x_wconf 13' lang='lat'>(16)!</span> <span class='ocrx_word' id='word_1_768' title='bbox 530 5374 921 5446; x_wconf 85' lang='grc' dir='ltr'>Διαλεληθέναι</span> <span class='ocrx_word' id='word_1_769' title='bbox 952 5418 965 5432; x_wconf 91' lang='grc'><strong>.</strong></span> <span class='ocrx_word' id='word_1_770' title='bbox 1021 5380 1229 5450; x_wconf 83' lang='lat' dir='ltr'>Aptius</span> <span class='ocrx_word' id='word_1_771' title='bbox 1285 5379 1438 5434; x_wconf 80' lang='lat' dir='ltr'>forte</span> <span class='ocrx_word' id='word_1_772' title='bbox 1500 5375 1881 5447; x_wconf 80' lang='grc' dir='ltr'>διεληλυθέναι</span> <span class='ocrx_word' id='word_1_773' title='bbox 1918 5419 1932 5445; x_wconf 88' lang='grc'>,</span> 
     </span>
    </p>
   </div>
   <div class='ocr_carea' id='block_1_103' title="bbox 280 5448 720 5520">
    <p class='ocr_par' dir='ltr' id='par_1_103' title="bbox 280 5448 720 5520">
     <span class='ocr_line' id='line_1_103' title="bbox 280 5448 720 5520; baseline 0.002 -16"><span class='ocrx_word' id='word_1_774' title='bbox 280 5448 608 5520; x_wconf 81' lang='lat' dir='ltr'>pervadere.</span> <span class='ocrx_word' id='word_1_775' title='bbox 635 5450 720 5520; x_wconf 78' lang='lat' dir='ltr'>In.</span> 
     </span>
    </p>
   </div>
   <div class='ocr_carea' id='block_1_104' title="bbox 317 5515 1934 5594">
    <p class='ocr_par' dir='ltr' id='par_1_104' title="bbox 317 5515 1934 5594">
     <span class='ocr_line' id='line_1_104' title="bbox 317 5515 1934 5594; baseline -0.001 -20"><span class='ocrx_word' id='word_1_776' title='bbox 317 5523 325 5532; x_wconf 72' lang='grc'><strong>”</strong></span> <span class='ocrx_word' id='word_1_777' title='bbox 356 5522 468 5594; x_wconf 81' lang='grc'>(17)</span> <span class='ocrx_word' id='word_1_778' title='bbox 495 5521 565 5577; x_wconf 82' lang='grc' dir='ltr'><strong>Ὅ</strong></span> <span class='ocrx_word' id='word_1_779' title='bbox 595 5519 682 5574; x_wconf 73' lang='grc' dir='ltr'>ἐάν</span> <span class='ocrx_word' id='word_1_780' title='bbox 743 5515 1042 5594; x_wconf 77' lang='grc' dir='ltr'>ἐνδέχεται.</span> <span class='ocrx_word' id='word_1_781' title='bbox 1097 5521 1381 5594; x_wconf 77' lang='lat' dir='ltr'>Usitatius</span> <span class='ocrx_word' id='word_1_782' title='bbox 1417 5517 1462 5573; x_wconf 61' lang='grc' dir='ltr'>ὅ</span> <span class='ocrx_word' id='word_1_783' title='bbox 1493 5518 1580 5574; x_wconf 75' lang='grc' dir='ltr'>ἐάν</span> <span class='ocrx_word' id='word_1_784' title='bbox 1624 5517 1934 5594; x_wconf 78' lang='grc' dir='ltr'>ἐνδέχηται,</span> 
     </span>
    </p>
   </div>
   <div class='ocr_carea' id='block_1_105' title="bbox 286 5590 1938 5666">
    <p class='ocr_par' dir='ltr' id='par_1_105' title="bbox 286 5590 1938 5666">
     <span class='ocr_line' id='line_1_105' title="bbox 286 5590 1938 5666; baseline 0 -18"><span class='ocrx_word' id='word_1_785' title='bbox 286 5590 662 5666; x_wconf 86' lang='lat' dir='ltr'>subjunctivo</span> <span class='ocrx_word' id='word_1_786' title='bbox 691 5590 904 5647; x_wconf 49' lang='lat' dir='ltr'>modo.</span> <span class='ocrx_word' id='word_1_787' title='bbox 938 5596 1213 5648; x_wconf 66' lang='lat' dir='ltr'>Summe.</span> <span class='ocrx_word' id='word_1_788' title='bbox 1244 5623 1312 5633; x_wconf 90' lang='lat'>—</span> <span class='ocrx_word' id='word_1_789' title='bbox 1343 5593 1476 5648; x_wconf 74' lang='lat' dir='ltr'>Haec</span> <span class='ocrx_word' id='word_1_790' title='bbox 1497 5610 1670 5664; x_wconf 88' lang='lat' dir='ltr'>porro</span> <span class='ocrx_word' id='word_1_791' title='bbox 1703 5590 1938 5650; x_wconf 76' lang='lat' dir='ltr'>exstant</span> 
     </span>
    </p>
   </div>
   <div class='ocr_carea' id='block_1_106' title="bbox 2051 4949 3708 5022">
    <p class='ocr_par' dir='ltr' id='par_1_106' title="bbox 2051 4949 3708 5022">
     <span class='ocr_line' id='line_1_106' title="bbox 2051 4949 3708 5022; baseline -0.001 -19"><span class='ocrx_word' id='word_1_792' title='bbox 2051 4965 2187 5020; x_wconf 91' lang='lat' dir='ltr'>que,</span> <span class='ocrx_word' id='word_1_793' title='bbox 2221 4965 2400 5020; x_wconf 89' lang='lat' dir='ltr'>quam</span> <span class='ocrx_word' id='word_1_794' title='bbox 2433 4965 2540 5003; x_wconf 89' lang='lat' dir='ltr'>nos</span> <span class='ocrx_word' id='word_1_795' title='bbox 2595 4955 2912 5017; x_wconf 89' lang='lat' dir='ltr'>sectamur,</span> <span class='ocrx_word' id='word_1_796' title='bbox 2945 4949 3345 5022; x_wconf 89' lang='lat' dir='ltr'>philosophia,</span> <span class='ocrx_word' id='word_1_797' title='bbox 3404 4965 3542 5004; x_wconf 86' lang='lat' dir='ltr'>vera</span> <span class='ocrx_word' id='word_1_798' title='bbox 3599 4953 3708 5017; x_wconf 88' lang='lat' dir='ltr'>est,</span> 
     </span>
    </p>
   </div>
   <div class='ocr_carea' id='block_1_107' title="bbox 1724 5090 1950 5163">
    <p class='ocr_par' dir='ltr' id='par_1_107' title="bbox 1724 5091 1947 5162">
     <span class='ocr_line' id='line_1_107' title="bbox 1724 5091 1947 5162; baseline -0.004 -15"><span class='ocrx_word' id='word_1_799' title='bbox 1724 5091 1802 5162; x_wconf 89' lang='lat' dir='ltr'>(a)</span> <span class='ocrx_word' id='word_1_800' title='bbox 1836 5093 1947 5146; x_wconf 87' lang='lat' dir='ltr'>Pro</span> 
     </span>
    </p>
   </div>
   <div class='ocr_carea' id='block_1_108' title="bbox 2047 5090 3632 5163">
    <p class='ocr_par' dir='ltr' id='par_1_108' title="bbox 2047 5090 3632 5163">
     <span class='ocr_line' id='line_1_108' title="bbox 2047 5090 3632 5163; baseline 0 -16"><span class='ocrx_word' id='word_1_801' title='bbox 2047 5092 2110 5147; x_wconf 73' lang='lat' dir='ltr'>&#39;b.</span> <span class='ocrx_word' id='word_1_802' title='bbox 2144 5110 2200 5159; x_wconf 86' lang='lat' dir='ltr'>x,</span> <span class='ocrx_word' id='word_1_803' title='bbox 2237 5091 2302 5144; x_wconf 88' lang='grc'>10</span> <span class='ocrx_word' id='word_1_804' title='bbox 2334 5107 2450 5147; x_wconf 88' lang='lat' dir='ltr'>sec.</span> <span class='ocrx_word' id='word_1_805' title='bbox 2489 5090 2649 5148; x_wconf 84' lang='lat' dir='ltr'>LXX.</span> <span class='ocrx_word' id='word_1_806' title='bbox 2731 5090 2804 5163; x_wconf 88' lang='lat' dir='ltr'>(b)</span> <span class='ocrx_word' id='word_1_807' title='bbox 2837 5093 3005 5147; x_wconf 86' lang='lat' dir='ltr'>Prov.</span> <span class='ocrx_word' id='word_1_808' title='bbox 3040 5109 3125 5160; x_wconf 80' lang='lat' dir='ltr'><strong>III,</strong></span> <span class='ocrx_word' id='word_1_809' title='bbox 3158 5094 3210 5160; x_wconf 82' lang='grc'>5,</span> <span class='ocrx_word' id='word_1_810' title='bbox 3245 5094 3299 5159; x_wconf 87' lang='grc'>6,</span> <span class='ocrx_word' id='word_1_811' title='bbox 3331 5095 3383 5159; x_wconf 86' lang='lat'>7,</span> <span class='ocrx_word' id='word_1_812' title='bbox 3423 5094 3508 5158; x_wconf 83' lang='grc'>12,</span> <span class='ocrx_word' id='word_1_813' title='bbox 3540 5091 3632 5148; x_wconf 87' lang='lat'>23.</span> 
     </span>
    </p>
   </div>
   <div class='ocr_carea' id='block_1_109' title="bbox 2045 5233 3702 5307">
    <p class='ocr_par' dir='ltr' id='par_1_109' title="bbox 2045 5233 3702 5307">
     <span class='ocr_line' id='line_1_109' title="bbox 2045 5233 3702 5307; baseline 0 -17"><span class='ocrx_word' id='word_1_814' title='bbox 2045 5235 2202 5307; x_wconf 89' lang='lat' dir='ltr'>apud</span> <span class='ocrx_word' id='word_1_815' title='bbox 2255 5235 2557 5307; x_wconf 74' lang='lat' dir='ltr'>Hermum,</span> <span class='ocrx_word' id='word_1_816' title='bbox 2591 5237 2807 5290; x_wconf 86' lang='lat' dir='ltr'>Pastor.</span> <span class='ocrx_word' id='word_1_817' title='bbox 2844 5236 2947 5290; x_wconf 92' lang='lat' dir='ltr'>lib.</span> <span class='ocrx_word' id='word_1_818' title='bbox 2983 5253 3020 5301; x_wconf 84' lang='grc' dir='ltr'>ι,</span> <span class='ocrx_word' id='word_1_819' title='bbox 3054 5235 3159 5290; x_wconf 89' lang='lat' dir='ltr'>vis.</span> <span class='ocrx_word' id='word_1_820' title='bbox 3195 5237 3248 5299; x_wconf 87' lang='lat'>3,</span> <span class='ocrx_word' id='word_1_821' title='bbox 3298 5252 3429 5307; x_wconf 79' lang='lat' dir='ltr'>pag.</span> <span class='ocrx_word' id='word_1_822' title='bbox 3460 5239 3526 5288; x_wconf 87' lang='lat'>&#39;79</span> <span class='ocrx_word' id='word_1_823' title='bbox 3561 5233 3702 5290; x_wconf 91' lang='lat' dir='ltr'>edit.</span> 
     </span>
    </p>
   </div>
   <div class='ocr_carea' id='block_1_110' title="bbox 2043 5306 3705 5377">
    <p class='ocr_par' dir='ltr' id='par_1_110' title="bbox 2043 5306 3705 5377">
     <span class='ocr_line' id='line_1_110' title="bbox 2043 5306 3705 5377; baseline -0.002 -15"><span class='ocrx_word' id='word_1_824' title='bbox 2043 5306 2370 5362; x_wconf 26' lang='lat' dir='ltr'>A’mstelod.</span> <span class='ocrx_word' id='word_1_825' title='bbox 2399 5308 2496 5361; x_wconf 81' lang='lat' dir='ltr'>Ait</span> <span class='ocrx_word' id='word_1_826' title='bbox 2527 5307 2664 5360; x_wconf 82' lang='lat' dir='ltr'>mihi</span> <span class='ocrx_word' id='word_1_827' title='bbox 2690 5324 2702 5360; x_wconf 90' lang='lat'>:</span> <span class='ocrx_word' id='word_1_828' title='bbox 2737 5309 3111 5377; x_wconf 84' lang='lat' dir='ltr'>Quodcunque</span> <span class='ocrx_word' id='word_1_829' title='bbox 3140 5306 3449 5377; x_wconf 86' lang='lat' dir='ltr'>oportuerit</span> <span class='ocrx_word' id='word_1_830' title='bbox 3485 5307 3588 5360; x_wconf 88' lang='lat' dir='ltr'>tibi</span> <span class='ocrx_word' id='word_1_831' title='bbox 3616 5322 3705 5359; x_wconf 85' lang='lat' dir='ltr'>re-</span> 
     </span>
    </p>
   </div>
   <div class='ocr_carea' id='block_1_111' title="bbox 2042 5377 2626 5446">
    <p class='ocr_par' dir='ltr' id='par_1_111' title="bbox 2042 5377 2626 5446">
     <span class='ocr_line' id='line_1_111' title="bbox 2042 5377 2626 5446; baseline -0.007 -11"><span class='ocrx_word' id='word_1_832' title='bbox 2042 5380 2239 5446; x_wconf 85' lang='lat' dir='ltr'>velari,</span> <span class='ocrx_word' id='word_1_833' title='bbox 2270 5377 2626 5433; x_wconf 83' lang='lat' dir='ltr'>revelabitur.</span> 
     </span>
    </p>
   </div>
   <div class='ocr_carea' id='block_1_112' title="bbox 2113 5443 3702 5524">
    <p class='ocr_par' dir='ltr' id='par_1_112' title="bbox 2113 5443 3702 5524">
     <span class='ocr_line' id='line_1_112' title="bbox 2113 5443 3702 5524; baseline -0.013 -6"><span class='ocrx_word' id='word_1_834' title='bbox 2113 5443 2396 5524; x_wconf 24' lang='lat' dir='ltr'>(mliEt</span> <span class='ocrx_word' id='word_1_835' title='bbox 2433 5448 2631 5509; x_wconf 71' lang='grc' dir='ltr'>πάσαις</span> <span class='ocrx_word' id='word_1_836' title='bbox 2692 5446 2749 5503; x_wconf 70' lang='grc' dir='ltr'>δὲ</span> <span class='ocrx_word' id='word_1_837' title='bbox 2809 5447 2958 5512; x_wconf 78' lang='grc' dir='ltr'>ὁδοῖς</span> <span class='ocrx_word' id='word_1_838' title='bbox 2992 5449 3293 5524; x_wconf 38' lang='grc' dir='ltr'>γηΠάσαις</span> <span class='ocrx_word' id='word_1_839' title='bbox 3328 5443 3476 5524; x_wconf 80' lang='grc' dir='ltr'>ὁδοῖς</span> <span class='ocrx_word' id='word_1_840' title='bbox 3525 5465 3619 5498; x_wconf 86' lang='grc' dir='ltr'>σου</span> <span class='ocrx_word' id='word_1_841' title='bbox 3650 5466 3702 5516; x_wconf 93' lang='grc' dir='ltr'>γ.</span> 
     </span>
    </p>
   </div>
   <div class='ocr_carea' id='block_1_113' title="bbox 2044 5517 3705 5592">
    <p class='ocr_par' dir='ltr' id='par_1_113' title="bbox 2044 5517 3705 5592">
     <span class='ocr_line' id='line_1_113' title="bbox 2044 5517 3705 5592; baseline -0.004 -15"><span class='ocrx_word' id='word_1_842' title='bbox 2044 5517 2217 5577; x_wconf 47' lang='lat' dir='ltr'>Prov;</span> <span class='ocrx_word' id='word_1_843' title='bbox 2245 5523 2309 5576; x_wconf 91' lang='lat' dir='ltr'>In</span> <span class='ocrx_word' id='word_1_844' title='bbox 2361 5521 2433 5576; x_wconf 91' lang='lat' dir='ltr'>iis</span> <span class='ocrx_word' id='word_1_845' title='bbox 2487 5539 2619 5592; x_wconf 69' lang='lat' dir='ltr'>qua)</span> <span class='ocrx_word' id='word_1_846' title='bbox 2654 5517 3016 5592; x_wconf 57' lang='lat' dir='ltr'>sequuntur;</span> <span class='ocrx_word' id='word_1_847' title='bbox 3045 5522 3274 5576; x_wconf 89' lang='lat' dir='ltr'>diversa</span> <span class='ocrx_word' id='word_1_848' title='bbox 3305 5517 3573 5588; x_wconf 83' lang='lat' dir='ltr'>ejusdem</span> <span class='ocrx_word' id='word_1_849' title='bbox 3605 5531 3705 5571; x_wconf 89' lang='lat' dir='ltr'>ca-</span> 
     </span>
    </p>
   </div>
   <div class='ocr_carea' id='block_1_114' title="bbox 2045 5592 3416 5666">
    <p class='ocr_par' dir='ltr' id='par_1_114' title="bbox 2045 5592 3416 5666">
     <span class='ocr_line' id='line_1_114' title="bbox 2045 5592 3416 5666; baseline -0.003 -18"><span class='ocrx_word' id='word_1_850' title='bbox 2045 5594 2182 5666; x_wconf 88' lang='lat' dir='ltr'>pitis</span> <span class='ocrx_word' id='word_1_851' title='bbox 2212 5592 2669 5649; x_wconf 88' lang='lat' dir='ltr'>Proverbiorum</span> <span class='ocrx_word' id='word_1_852' title='bbox 2700 5600 3000 5652; x_wconf 89' lang='lat' dir='ltr'>commata</span> <span class='ocrx_word' id='word_1_853' title='bbox 3019 5592 3416 5648; x_wconf 87' lang='lat' dir='ltr'>commiscuit.</span> 
     </span>
    </p>
   </div>
  </div>
