4050 6188
212 334 319 391 937

1559 334 2005 392 STROMA'I‘UM
2042 337 2175 394 LIB.
2215 336 2287 394 II.

3514 351 3621 407 938

210 460 243 527 ἠ
280 457 440 532 φωνὴ
471 461 572 513 τοῦ
599 461 754 523 Θεοῦ,
815 455 1079 522 εἰσελθεῖν
1132 457 1397 533 βιάζεται,
1452 457 1754 530 τουτέστιν,
1787 455 1854 519 εει

1982 465 2131 518 state
2163 479 2401 535 semper
2428 462 2601 519 nobis
2631 464 2821 532 adest.
2853 471 2911 523 et
2939 468 3118 541 plane
3150 471 3336 545 tangit
3374 490 3485 530 nos
3517 475 3619 531 Dei

208 548 306 610 τας
335 545 570 610 ἀδύτους
609 547 699 603 καὶ
729 545 927 603 ἆειδεῖς
984 546 1106 623 περῖ
1163 550 1260 601 τοῦ
1320 543 1472 609 ὄντος
1528 547 1755 611 ἑννοίας.
1787 547 1868 605 Οὔ

205 636 312 711 γὰρ
344 635 398 692 ἐν
430 636 619 715 γνόφῳ
660 637 695 706 ἢ
727 634 883 709 τόπῳ
907 637 936 690 ὁ
965 635 1122 704 Θεὸς,
1163 633 1290 692 ἀλλ’
1320 634 1568 706 ὑπεράνω
1625 634 1715 691 καὶ
1772 636 1867 691 τό·

202 745 338 793 που,
368 723 463 780 καὶ
494 726 723 801 χρόνου,
777 726 887 803 καὶκ
924 731 1028 795 τῆς
1083 728 1193 780 τῶν
1224 725 1535 801 γεγονότων
1568 722 1863 795 ἰδιότητοςο

206 811 297 869 διὸ
324 810 446 871 οὐδ’
479 813 530 869 ἐν
574 813 724 890 μέρει
781 811 1124 888 καταγίνεταί
1178 833 1333 884 ποτε,
1391 809 1515 868 οὔτε
1569 812 1865 888 περιέχων,

206 899 333 958 οὔτε
363 904 790 977 περιεχόμενος,
821 903 858 974 ἢ
879 903 1017 958 κατὰ
1046 901 1273 977 ὁρισμόν
1303 922 1444 971 τινα,
1474 901 1511 971 ἢ
1554 901 1692 957 κατὰ
1729 899 1868 956 ἀπο-

200 992 406 1063 τομήν.
470 991 640 1048 Ποῖον
687 992 793 1067 γὰρ
849 990 997 1047 οἶκον
1049 988 1448 1064 οἰκοδομήσετὲ
1508 1008 1655 1063 μοις
1714 988 1863 1064 λέγει

204 1078 430 1155 Κύριος·
465 1078 594 1136 ἀλλ’
623 1077 753 1135 οὐδὲ
780 1080 955 1153 ἑαυτῷ
979 1076 1361 1153 ᾠκοδόμησεν,
1405 1078 1696 1154 ἀχώρητος
1753 1073 1856 1132 ὤν·

204 1165 305 1223 κᾶν
337 1169 368 1223 ὁ
400 1168 628 1244 οὐρανὸς
659 1169 851 1245 θρόνος
895 1167 1059 1223 αὐτοῦ
1103 1166 1355 1243 λέγηται,
1415 1164 1529 1221 οὐδ’
1577 1166 1720 1221 οὕτω
1767 1186 1864 1222 πε-

215 1256 485 1333 ριέχεται,
517 1256 911 1314 ἰπαναπαόεται
943 1254 999 1313 δὶ
1025 1257 1361 1331 τερπόμενος
1504 1252 1859 1332 δημιουργίᾳ.

204 1343 392 1415 Δῆλον
423 1347 516 1401 οὗν
544 1348 682 1419 ἡμῖν
716 1346 825 1402 ἔστι
872 1347 1166 1424 κεκρύφθαι
1220 1347 1318 1416 τήν
1367 1342 1649 1416 ἀλήθειαν⁸
1697 1343 1862 1400 εἶκαὶ

202 1434 256 1507 ἐξ
287 1436 411 1498 ἰνὸς
440 1434 885 1511 παραδείγματος
916 1433 1025 1506 ἤδη
1057 1432 1345 1506 δέδεικται,
1383 1434 1577 1508 μικρὸν
1627 1430 1673 1488 δ’
1704 1432 1863 1488 ὕστε-

199 1545 295 1599 ρον
358 1525 449 1580 καὶ
511 1525 602 1580 διὰ
642 1524 931 1581 ’πλειόνων
990 1527 1429 1601 παραστήσομεν.
1481 1528 1605 1587 Πῶς
1640 1520 1698 1578 δὶ
1731 1523 1861 1599 οὖχὶ

198 1611 495 1690 ἀποδοχῆς
526 1614 667 1685 ἄξιοι
697 1612 751 1670 οἵ
780 1634 840 1670 τε
872 1618 1060 1688 μαθεῖν
1109 1613 1405 1683 ἰθὲλοντες,
1462 1610 1514 1668 ο’ί
1542 1632 1601 1667 τε
1631 1610 1860 1686 δυνάμε-

198 1704 479 1772 νοι,κατᾶι
505 1703 600 1758 τὸν
651 1703 1012 1776 Σολομῶντα,
1070 1705 1274 1780 γνῶναι
1333 1702 1526 1779 σοφίαν
1582 1702 1672 1756 καὶ
1730 1722 1859 1755 παι-

1977 555 2260 622 potestas.
2297 552 2462 608 Unde
2502 554 2749 626 Moyses,
2795 572 2928 611 cum
2979 573 3328 630 persuasum
3377 562 3624 619 haberet

1977 639 2160 695 Deum
2192 657 2501 712 nunquam
2533 640 2798 700 humana
2829 647 3129 718 cognitum
3172 648 3245 704 iri
3307 651 3618 723 sapientia,

1975 728 2205 783 Ostende
2226 736 2275 784 te
2293 730 2434 784 mihi
2456 731 2557 800 (α),
2591 731 2783 803 inquit
2806 748 2819 786 :
2839 734 2977 789 etin
3012 735 3344 808 caliginem,
3368 738 3471 794 ubi
3494 745 3622 796 erat

1975 816 2077 871 Dei
2104 833 2234 886 vox,
2267 817 2496 890 ingredi
2527 820 2857 885 contendit.
2903 821 3015 877 hoc
3037 829 3148 892 est,
3180 825 3254 880 ad
3284 841 3530 883 arcanas
3561 832 3620 883 et

1972 902 2256 959 informes
2283 905 2354 960 de
2386 922 2455 961 eo
2478 907 2634 977 quod
2658 914 2749 963 est
2768 909 3064 966 notiones.
3097 913 3226 967 Non
3252 920 3343 968 est
3369 915 3528 970 enim
3551 916 3614 971 in

1970 991 2219 1064 caligine
2242 992 2413 1057 Deus,
2440 1000 2543 1050 aut
2562 995 2622 1050 in
2642 996 2793 1068 loco,
2821 998 2924 1054 sed
2946 1016 3126 1071 supra
3141 1001 3361 1070 locum,
3384 1008 3444 1058 et
3462 1008 3610 1059 tem-

1967 1096 2101 1151 pus,
2135 1085 2193 1135 et
2220 1083 2643 1153 proprietatem
2671 1101 2876 1141 eorum
2905 1104 3036 1159 quae
3058 1088 3211 1145 facta
3234 1096 3403 1146 sunt:
3428 1107 3610 1163 quare

1971 1184 2300 1241 numquam
2357 1177 2449 1226 est
2491 1172 2554 1227 in
2585 1179 2772 1245 parte,
2806 1192 2916 1231 nec
2945 1182 3012 1232 ut
3038 1179 3376 1247 continens,
3408 1197 3518 1237 nec
3546 1187 3613 1236 ut

1968 1263 2305 1327 contentus,
2336 1266 2437 1315 aut
2465 1277 2572 1333 per
2600 1261 3233 1337 circumscriptionem,
3266 1273 3368 1323 aut
3389 1286 3494 1341 per
3514 1285 3609 1324 se-

1968 1347 2248 1402 ctionem.
2283 1350 2455 1413 Quam
2485 1352 2630 1404 enim
2659 1352 2880 1407 domum
2921 1354 3262 1423 wdiﬁcabitis
3290 1358 3427 1412 mihi
3449 1361 3478 1412 Σ)
3524 1361 3611 1413 in-

1967 1440 2089 1509 quit
2108 1440 2370 1494 Dominus
2396 1440 2497 1511 (b).
2532 1441 2642 1496 Sed
2674 1458 2784 1497 nec
2815 1443 2926 1498 sibi
2959 1446 3287 1515 aediﬁcavit,
3319 1465 3453 1504 cum
3482 1450 3610 1522 capi

1966 1543 2087 1582 non
2119 1528 2323 1599 possit.
2357 1530 2426 1583 Et
2453 1530 2724 1599 quamvis
2755 1532 2943 1587 caelum
2984 1533 3214 1590 dicatur
3263 1537 3395 1608 ejus
3439 1539 3610 1606 sedes,

1965 1632 2043 1670 ne
2069 1617 2153 1672 sic
2181 1617 2420 1688 quidem
2439 1619 2799 1686 continetur,
2823 1621 2926 1676 sed
2946 1623 3267 1692 requiescit
3285 1625 3611 1682 delectatus

1967 1704 2225 1775 Opiﬂcio.
2258 1705 2495 1761 Clarum
2536 1712 2625 1763 est
2655 1723 2813 1779 ergo,
2858 1710 3212 1766 occultatam
3260 1712 3432 1767 nobis
3480 1729 3610 1769 esse

196 1788 372 1860 δείαν,
425 1796 620 1857 νοῆσαι
668 1812 729 1847 τε
806 1790 1003 1866 λόγους
1079 1792 1420 1870 φρονήσεως,
1501 1787 1743 1860 δέξασθαι
1797 1808 1854 1844 τε

1966 1792 2271 1848 veritatem
2294 1809 2308 1847 :
2342 1800 2401 1847 et
2430 1795 2479 1849 si
2502 1794 2562 1849 id
2580 1796 2708 1866 jam
2732 1812 2852 1851 uno
2875 1799 3147 1870 exemplo
3169 1806 3474 1856 ostensum
3497 1806 3609 1867 est,

198 1880 437 1958 στροφὰς
496 1879 676 1956 λόγων
729 1882 864 1953 (24),
916 1880 1110 1949 νοῆσαί
1162 1901 1223 1935 τε
1307 1876 1653 1946 δικαιοσύνην
1712 1876 1849 1948 ἄλη-

199 1975 266 2037 θῆ
302 1990 318 2038 ς
349 1970 427 2031 ὡς
449 1966 616 2040 οὔσης
641 1970 729 2024 καὶ
765 1969 947 2039 ἑτέρας
987 1971 1086 2037 τῆς
1138 1970 1213 2041 μή
1272 1968 1410 2023 κατᾶ
1458 1968 1562 2036 τήν
1593 1965 1852 2037 ἀλήθειαν

198 2054 595 2130 διδασκομένης
626 2057 764 2133 πρὸς
793 2061 902 2113 τῶν
956 2057 1143 2130 νόμων
1170 2059 1278 2111 τῶν
1333 2054 1703 2125 Ἑλληνικῶν,
1758 2054 1848 2110 καὶ

195 2150 305 2200 τῶν
368 2143 557 2201 ἄλλων
620 2149 731 2201 τῶν
785 2144 1124 2224 φιλοσόφων.
1186 2145 1285 2200 Καὶ
1340 2142 1603 2218 κρίματα,
1662 2144 1849 2214 φησὶν,

195 2234 437 2307 εὖθῦναι,
469 2234 531 2290 οὗ
559 2237 628 2291 τὰ
682 2234 984 2307 δικαπικᾶ,
1042 2233 1190 2290 ἀλλᾶ
1243 2233 1304 2288 τὸ
1362 2235 1644 2309 κριτήριον
1702 2232 1766 2288 τὸ
1795 2232 1850 2287 ἐν

192 2326 354 2397 ἡμῖν,
384 2323 534 2399 ὑγιὲς
560 2325 650 2379 καὶ
682 2323 920 2386 ἆπλανὶς
952 2320 1099 2399 ἔχειν
1153 2319 1264 2378 δεῖν
1318 2321 1535 2395 μηνύει⁸
1594 2324 1711 2377 Ἵνα
1770 2318 1849 2393 δῷ

195 2415 426 2476 ἀκάκοις
470 2414 824 2490 πανουργίαν,
870 2410 1023 2470 παιδὲ
1083 2411 1141 2469 δὶ
1194 2415 1303 2487 νὲῳ
1343 2412 1597 2484 αἳσθησίν
1643 2432 1703 2468 τε
1756 2410 1846 2468 καὶ

191 2500 409 2557 εὔνοιαν
467 2505 597 2575 (25).
655 2499 845 2560 Τῶνδε
897 2502 1001 2577 γὰρ
1055 2501 1291 2563 ἀκοῦσας
1376 2500 1542 2578 σοφὸς
1599 2501 1630 2556 δ
1706 2496 1846 2557 ὑπα-

187 2589 373 2647 κοόειν
429 2596 550 2654 ταῖς
605 2591 856 2653 ἔντολαῖς
912 2589 1296 2658 πεπεισμένος,
1354 2590 1668 2665 σοφώτερος
1698 2586 1844 2644 ἔσται

186 2680 330 2734 κατὰ
362 2680 466 2748 τήν
519 2684 745 2754 γνῶσιν⁹
806 2681 834 2734 ὁ
894 2676 951 2734 δὲ
1007 2681 1233 2752 νοήμων
1286 2673 1610 2753 κυϐέρνησιν
1648 2681 1848 2749 κτήσε-

191 2785 309 2822 ται·
369 2770 559 2839 νοήσει
606 2789 666 2824 τε
724 2765 1050 2841 παραϐολὴν
1130 2767 1220 2823 καὶ
1300 2768 1569 2823 σκοτεινὸν
1659 2767 1845 2840 λόγον,

195 2858 386 2932 ῥήσεις
439 2878 499 2912 τε
554 2861 734 2934 σοφῶν
791 2857 878 2911 καὶ
942 2855 1267 2932 αἰνίγματα.
1324 2856 1402 2913 Οὐ
1486 2856 1591 2931 γὰρ
1646 2849 1845 2926 κιϐδή-

193 2943 328 3006 λους
361 2945 415 2999 οἱ
470 2942 685 3001 ἔπιπνοι
734 2943 793 3000 ἐκ
850 2948 984 3000 Θεοῦ
1040 2942 1239 3021 λόγους
1287 2941 1676 3020 προφέρουσιν,
1723 2939 1845 2998 οὐδ’

194 3034 248 3087 οἱ
307 3036 453 3109 παρᾶ
501 3034 713 3089 τούτων
769 3033 1234 3110 ἔμπορευόμενοι’
1301 3030 1428 3088 οὐδὲ
1483 3033 1591 3106 μὴν
1646 3033 1842 3109 πάγας,

190 3126 278 3186 αἷς
311 3125 364 3178 οἱ
394 3121 602 3179 πολλοί
637 3127 747 3178 τῶν
806 3123 1075 3200 σοφιστῶν
1103 3121 1231 3186 τοὺς
1274 3120 1427 3185 νέους
1482 3120 1839 3195 ἑμπλὲκουσι,

190 3212 335 3286 πρὸς
368 3209 523 3267 οὖδὶν
556 3209 756 3283 ἀληθὲς
785 3210 1176 3287 σχολάζοντεςο
1210 3208 1340 3266 ἀλλ’
1371 3211 1423 3265 οἱ
1476 3211 1571 3284 μὶν
1602 3212 1665 3265 τὸ
1694 3212 1845 3287 ἅγιον

190 3301 416 3375 Πνεῦμα
466 3304 583 3375 (26)
639 3321 802 3371 κεκτη
817 3299 992 3370 αἰνοι,
1066 3299 1321 3375 ἰρευνιῖισι
1398 3300 1466 3355 τὰ
1554 3299 1693 3376 βάθη
1750 3296 1848 3354 τοῦ

189 3393 349 3459 Θεοῦ,
407 3387 684 3460 τουτέστι,
735 3396 834 3460 τῆς
889 3388 1014 3463 περὶ
1077 3390 1171 3451 τὰς
1227 3389 1568 3464 προφητείας
1624 3388 1844 3464 ἐπικρύ-

189 3482 337 3552 ψεως
366 3473 638 3548 ἐπήϐολοι
667 3478 970 3555 γινόμενοι.
1002 3479 1124 3534 Τῶν
1158 3474 1215 3532 δὲ
1270 3476 1441 3553 ἁγίων
1497 3474 1844 3549 μεταδιδόναι

188 3573 309 3631 τοῖς
335 3567 493 3624 κυσὶν
525 3566 942 3643 ἀπαγορεύεται,
977 3561 1085 3623 ἔστ’
1114 3566 1174 3621 ἂν
1235 3567 1368 3641 μένῃ
1400 3566 1584 3641 θηρία⁸
1617 3566 1683 3622 οὐ
1741 3566 1845 3641 γάρ

193 3678 328 3714 ποτε
386 3655 695 3732 ἐγκιρνάναι
743 3666 1008 3732 προσήκει
1040 3661 1323 3735 φθονεροῖς
1377 3655 1469 3710 καὶ
1510 3655 1847 3731 τεταραγμὲο

195 3767 336 3816 νοις,
368 3745 615 3809 ἀπίστοις
640 3766 699 3801 τε
728 3740 805 3800 ἔτι
827 3744 1034 3815 ἤθεσιν,
1066 3744 1142 3807 εῗς
1165 3745 1374 3814 ὑλακὴν
1399 3747 1679 3816 ζητήσεως
1697 3744 1847 3799 ἀναι-

200 3833 337 3904 δέσι,
370 3838 468 3889 τοῦ
492 3833 641 3888 θείου
670 3838 781 3907 ('27)
813 3833 901 3890 καὶ
951 3837 1190 3910 καθαροῦ
1246 3834 1486 3908 νάματος
1513 3831 1612 3888 τοῦ
1647 3837 1848 3903 ζῶντος

200 3920 416 3985 ὕδατος.
472 3923 562 3993 Μὴ
624 3918 690 3993 δὴ
756 3921 1162 3999 ὑπερεκχείσθω
1221 3924 1330 3996 (28)
1387 3943 1472 3978 σοι
1527 3921 1691 3977 ὕδατα
1748 3917 1850 3992 ἔξω

201 4019 393 4087 πηγῆς
453 4028 584 4067 σου⁶
643 4011 720 4075 εἷς
777 4008 835 4066 δὶ
893 4011 987 4073 σὰς
1040 4008 1299 4073 πλατείας
1360 4009 1757 4086 διαπορενέσθω
1788 4009 1855 4064 σὰ

204 4098 397 4157 ὕδατα.
459 4100 538 4157 Οὐ
611 4100 713 4176 γᾶρ
795 4098 1078 4177 φρονέουσι
1131 4103 1355 4155 τοιαῦτα
1438 4099 1667 4171 πολλοὶ,
1727 4097 1853 4153 ὁκό-

204 4211 287 4245 σοι
373 4192 481 4262 (29)
566 4187 999 4263 ἰγκυρσεόουσινο
1080 4186 1206 4244 οὐδὲ
1282 4188 1543 4262 μαθόντες
1577 4232 1591 4258 ,
1691 4188 1858 4264 γινώ-

204 4299 453 4334 σκουσιν·
512 4277 751 4334 ἒαυτοῖσι
810 4274 867 4332 δὶ
918 4274 1186 4347 δοκέουσι,
1257 4277 1394 4334 κατᾶ
1441 4277 1534 4332 τὸν
1607 4282 1853 4352 γενναῖον

201 4365 584 4442 Ἡράκλειτον.
617 4366 740 4441 Ἆρ’
796 4365 858 4421 οὐ
916 4362 1074 4421 δοκεῖ
1129 4386 1214 4421 σοι
1251 4365 1340 4421 καὶ
1390 4366 1548 4428 οὗτος
1593 4364 1720 4428 τοὺς
1779 4365 1855 4439 μὴ

1962 1880 2020 1935 id
2045 1897 2277 1952 quoque
2299 1882 2476 1954 paulo
2501 1889 2635 1954 post
2657 1886 3085 1941 monstrabitur
3104 1887 3393 1958 pluribus.
3419 1890 3609 1954 Quare

1961 1976 2156 2024 autem
2191 1986 2311 2025 non
2335 1977 2476 2025 sunt
2490 1972 2702 2027 merito
2721 1972 2786 2036 ›ι‹
2803 1974 3149 2045 recipiendi,
3179 1977 3357 2047 quiet
3379 1977 3606 2033 discere

1960 2057 2183 2123 volunt,
2226 2064 2286 2114 et
2313 2076 2382 2114 ex
2404 2060 2702 2115 sententia
2721 2062 3057 2118 Salomonis
3077 2070 3329 2134 possunt
3345 2081 3498 2120 nosse
3516 2081 3606 2120 sa-

1954 2147 2235 2217 pientiam.
2256 2154 2309 2202 et
2336 2147 2713 2219 disciplinam.
2747 2156 2799 2205 et
2828 2149 3137 2222 intelligere
3177 2155 3419 2209 rationes
3449 2155 3604 2211 156

1952 2237 2290 2306 prudentia,
2324 2244 2377 2291 et
2419 2240 2691 2307 suscipere
2736 2240 2992 2310 strophas
3041 2244 3374 2309 orationum,
3425 2248 3477 2297 et
3520 2260 3607 2297 ve-

1958 2341 2079 2378 ram
2109 2325 2417 2395 intelligere
2447 2327 2779 2397 justitiam?
2805 2344 2940 2383 cum
2983 2333 3044 2383 et
3091 2329 3210 2386 alia
3250 2331 3459 2402 utique
3507 2333 3605 2395 sit.

1962 2429 2093 2484 quas
2124 2429 2242 2468 non
2275 2430 2346 2468 ex
2375 2414 2621 2470 veritate
2651 2413 2935 2471 doceatur
2962 2432 2998 2472 a
3022 2418 3237 2474 Grmcis
3267 2418 3517 2492 legibus,
3549 2426 3610 2476 et

1959 2501 2094 2557 aliis
2124 2501 2517 2573 philosophis.
2550 2504 2620 2557 Et
2638 2504 2881 2574 judicia,
2915 2504 3130 2576 inquit,
3162 2506 3441 2575 dirigere:
3484 2524 3605 2564 non

1954 2590 2241 2657 forensia,
2275 2589 2375 2645 sed
2408 2590 2566 2661 quod
2597 2596 2687 2647 est
2715 2592 2776 2646 in
2800 2592 2975 2647 nobis
2989 2593 3281 2663 judicium
3317 2612 3524 2652 sanum
3549 2605 3612 2654 et

1959 2679 2032 2734 ab
2062 2695 2264 2733 errore
2291 2678 2552 2734 alienum
2577 2685 2850 2750 oportere
2872 2697 2983 2735 nos
3014 2682 3255 2749 habere,
3276 2683 3603 2756 significat:

1964 2769 2030 2823 Ut
2059 2768 2150 2822 det
2176 2768 2514 2837 simplicibus
2543 2769 2821 2836 astutiam,
2846 2785 3023 2838 puero
3067 2777 3249 2825 autem
3295 2788 3473 2842 nuper
3500 2791 3604 2828 na-

1959 2863 2014 2911 to
2040 2872 2253 2911 sensum
2282 2862 2334 2909 et
2357 2856 2800 2911 benevolentiam.
2830 2859 2958 2913 Haec
3000 2861 3146 2913 enim
3187 2876 3309 2914 cum
3360 2861 3601 2917 audierit

1955 2946 2193 3015 sapiens,
2226 2944 2319 2998 cui
2358 2959 2707 3015 persuasum
2740 2951 2831 2999 est
2858 2946 3101 3001 obedire
3131 2951 3462 3021 prmceptis,
3494 2955 3602 3007 erit

1956 3049 2064 3104 per
2091 3032 2488 3105 cognitionem
2511 3035 2819 3104 sapientior
2839 3051 2858 3088 :
2886 3038 2986 3104 qui
3025 3043 3104 3092 est
3153 3044 3338 3092 autem
3384 3038 3598 3096 intelli-

1955 3139 2108 3193 gens,
2143 3123 2391 3192 acquiret
2433 3122 2904 3190 gubernationem,
2954 3130 3009 3178 et
3050 3124 3325 3195 intelliget
3362 3128 3604 3197 parabo-

1960 3213 2067 3267 lam
2106 3217 2159 3264 et
2206 3210 2489 3265 obscurum
2532 3225 2853 3273 sermonem.
2904 3217 2955 3265 et
2994 3214 3301 3282 sapientum
3351 3213 3501 3270 dicta
3548 3223 3603 3270 et

1955 3302 2259 3370 aenigmata
2278 3297 2350 3367 (c)
2393 3299 2518 3353 Non
2533 3298 2691 3353 enim
2709 3298 3075 3355 adulterinas
3094 3301 3403 3373 proferunt
3421 3304 3605 3359 ratio-

1956 3405 2084 3455 nes,
2118 3388 2219 3459 qui
2254 3392 2393 3441 sunt
2423 3403 2457 3441 a
2487 3388 2601 3441 Deo
2635 3388 2932 3459 inspirati,
2973 3405 3083 3444 nec
3130 3390 3193 3455 ii,
3244 3390 3343 3461 qui
3394 3392 3466 3447 ab
3516 3393 3604 3448 eis

1956 3480 2336 3532 mercantur:
2371 3474 2474 3530 sed
2505 3492 2616 3531 nec
2645 3475 2911 3547 laqueos,
2959 3477 3174 3548 quibus
3203 3478 3475 3551 plerique
3506 3496 3605 3536 so-

1956 3565 2166 3638 phistae
2198 3564 2604 3620 adolescentes
2629 3565 2957 3635 implicant,
2985 3565 3214 3621 veritati
3238 3566 3484 3623 mir'nine
3505 3585 3605 3624 va-

1957 3661 2181 3710 cantes.
2215 3653 2328 3708 Sed
2359 3654 2461 3725 qui
2492 3654 2761 3723 Spiritum
2794 3661 3065 3711 sanctum
3109 3656 3440 3726 possident,
3467 3675 3606 3728 pro-

1956 3744 2132 3815 funda
2166 3745 2262 3798 Dei
2297 3749 2619 3798 scrutantur
2643 3743 2720 3814 (ά)
2745 3760 2764 3803 .·
2794 3744 2905 3799 hoc
2936 3749 3044 3811 est,
3088 3759 3157 3799 ea
3180 3752 3603 3816 assequuntur,

1961 3849 2090 3904 quis
2119 3833 2305 3887 latent
2332 3832 2392 3885 in
2423 3832 2747 3903 prophetis.
2780 3833 2983 3887 Sancta
3011 3836 3209 3888 autem
3241 3835 3469 3889 canibus
3496 3838 3604 3890 im-

1952 3923 2134 3994 petire
2162 3922 2232 3990 (e)
2255 3925 2504 3987 vetatur,
2539 3919 2768 3975 scilicet
2796 3920 3056 3991 quandiu
3087 3924 3420 3978 manserint
3437 3924 3598 3992 ferte,

1962 4012 2086 4065 Non
2117 4013 2352 4080 oportet
2381 4008 2541 4063 enim
2568 4007 2707 4067 illis.
2743 4010 2844 4079 qui
2866 4009 3141 4066 invidiosi
3174 4017 3233 4066 et
3260 4013 3610 4083 perturbati.

1964 4105 2023 4154 et
2049 4098 2241 4154 adhuc
2262 4096 2540 4152 infideles
2564 4096 2854 4175 moribus,
2906 4105 2965 4153 et
2993 4099 3065 4153 ad
3115 4100 3496 4171 impudenter
3526 4101 3611 4157 la-

1962 4185 2240 4242 trandum
2278 4184 2562 4241 adversus
2606 4185 2870 4241 veritatis
2920 4186 3372 4257 inquisitionem
3421 4189 3614 4258 parati

1964 4280 2125 4342 sunt,
2159 4274 2499 4330 immiscere
2526 4273 2789 4329 divinum
2814 4278 2873 4329 et
2892 4290 3108 4345 purum
3127 4274 3420 4329 ﬂuentum
3440 4291 3611 4345 aqum

1964 4364 2143 4420 vivas:
2179 4366 2254 4420 Ne
2296 4363 2678 4434 effundantur,
2731 4362 2945 4433 inquit,
2996 4377 3154 4431 aqua:
3201 4364 3361 4417 extra
3405 4365 3615 4431 fontem

274 4486 341 4551 νῐ<
375 4488 436 4542 Ρ.
474 4488 602 4542 432.
636 4486 748 4541 ΕΙ).
784 4485 1079 4556 ΡΟΤἸἙΒ,
1110 4484 1216 4542 362
1256 4486 1369 4540 ED.
1403 4484 1629 4541 PARIS.
1666 4484 1741 4556 (α)
1772 4484 1850 4538 Ex

1980 4496 2183 4549 xum,
2221 4480 2304 4535 13.
2334 4480 2411 4552 (b)
2442 4480 2552 4535 Isa.
2584 4495 2732 4545 var,
2762 4482 2810 4533 1.
2846 4478 3107 4549 (c).Prov.
3142 4480 3302 4544 1,2-6.
3333 4478 3457 4549 (d)I
3485 4478 3618 4535 Cor.

199 4577 263 4627 ιι,
300 4562 388 4614 10.
424 4560 491 4629 (e)
519 4559 719 4613 Matth.
750 4574 846 4624 vn,
870 4559 922 4613 6.

275 4675 395 4747 (2b)
428 4671 675 4750 Στροφᾶς
707 4683 761 4727 Α.
797 4672 962 4746 Vulg.
1020 4671 1207 4728 Biblia
1263 4672 1537 4728 Proverb.
1600 4687 1641 4741 ι,
1698 4687 1854 4784 στρο-

275 4766 311 4784 νρ
345 4742 529 4784 linum.
583 4744 671 4784 νηῗ
730 4741 915 4784 λάσιοι-
948 4743 1305 4784 ηίυινιιᾶιι-ιηυη
1367 4751 1420 4784 at
1479 4759 1612 4784 mnv
1684 4761 1751 4784 an.
1784 4760 1854 4784 ua

1968 4665 2072 4723 Καὶ
2103 4660 2266 4735 ἔδειξὲ
2301 4683 2394 4736 μοι
2436 4663 2669 4734 καθαρὸν
2718 4662 2968 4734 ποταμὸν
3020 4658 3219 4729 ὕδατος
3273 4668 3442 4733 ζωῆς,
3501 4660 3620 4737 λαμ

1966 4737 2100 4784 ποὸν
2133 4737 2207 4784 ὡς
2252 4732 2618 4784 κονῖισταλλον-
2670 4732 3099 4784 ἐκπορευόμενον
3152 4734 3212 4784 ἐκ
3265 4739 3362 4784 τοῦ
3420 4734 3617 4784 θοόνου

204 4732 311 4823 ea}
345 4732 553 4823 λόγων,
583 4732 673 4823 καί
730 4732 1317 4823 λύσειςυαίνιγμάτωνγ
1367 4751 1434 4823 et_
1479 4732 1640 4823 mox,
1684 4732 1859 4823 κρίμα
1889 4732 1926 4737 ”
1965 4732 2619 4823 πρδνΑώΞ-κρῦσταλλον,
2670 4732 3099 4810 ὶκπορεῦόμενον
3152 4734 3213 4790 ἐκ
3265 4732 3383 4790 τοῦθ
3420 4732 3617 4809 θρόνου

202 4814 572 4880 κατευθύνειν,
605 4816 1041 4889 εἰηεηῐιιιῐῐιθτο
1069 4814 1085 4870 Ξ
1108 4814 1246 4889 qum
1301 4815 1477 4889 lectio
1508 4814 1573 4889 si
1605 4815 1859 4889 recipia-

204 4896 327 4957 tur,
352 4906 498 4960 rmox
525 4881 1119 4960 θὶίαω”εἰιιειιιαῐ·ἱιθιν
1134 4881 1461 4960 legendum
1494 4885 1683 4941 eritcb
1713 4881 1860 4940 δικα-

203 4959 416 5014 στικόν.
440 4960 716 5015 SYLBURG.

282 5035 398 5103 (25)
467 5026 713 5086 Εὔνοιαν.
771 5028 1158 5103 Scribeudurn
1229 5023 1437 5103 ἓννοιαν
1480 5046 1659 5103 Δ(διιῐιι
1718 5029 1861 5085 LXX

207 5099 661 5173 interpretibus,
698 5101 857 5172 quod
888 5099 1195 5173 Sylburgio
1226 5101 1405 5156 etiam
1436 5101 1680 5173 placuit.

279 5171 398 5246 (26)
431 5176 667 5245 Πνεῦμα.
702 5171 766 5228 D.
813 5171 1033 5246 Paulus
1089 5171 1126 5225 1'
1168 5171 1299 5227 Cor.
1354 5171 1515 5239 11,10
1548 5189 1566 5246 εί
1618 5174 1862 5246 Spiritus

210 5250 361 5302 enim
382 5245 570 5301 Omnia
594 5250 894 5306 scrutatur,
912 5245 1080 5298 etiam
1100 5246 1387 5313 profunda
1411 5246 1526 5299 Dei.
1558 5245 1646 5300 Ita
1662 5245 1861 5299 locum

212 5317 377 5373 hunc
398 5318 470 5373 de
511 5317 732 5389 Spiritu
759 5322 962 5389 sancto
986 5315 1578 5389 exposuitLDidymus
1607 5314 1860 5389 Alexan-

212 5389 428 5444 drinus
459 5387 567 5444 lib.“
595 5404 613 5443 ι
643 5390 721 5443 De
749 5387 966 5457 Spiritu
984 5391 1173 5441 sancto
1204 5403 1222 5439 :
1252 5387 1342 5457 Sic
1371 5394 1422 5441 et
1451 5404 1573 5457 qua:
1594 5388 1693 5442 Dei
1714 5391 1860 5451 sunt,

210 5476 374 5516 nemo
402 5461 677 5530 cognovit,
708 5459 818 5513 nisi
840 5456 903 5509 τὸ
930 5458 1173 5530 Πνεῦμα,
1205 5456 1265 5511 id
1320 5462 1429 5525 est,
1452 5456 1698 5529 Spiritus
1725 5457 1862 5512 Dei:

210 5531 289 5586 Τὸ
312 5530 417 5604 γὰρ
470 5528 710 5604 Πνεῦμα,
768 5529 886 5604 h_oc_
938 5532 1046 5604 est.
1104 5528 1344 5597 Spiritus
1394 5530 1538 5585 enim
1584 5534 1866 5585 scrutatur

209 5598 421 5669 omnia,
444 5598 626 5657 etiam
640 5601 758 5656 alta
787 5601 904 5654 Dei.
933 5598 1197 5654 Couscr.

282 5675 403 5747 (27)
424 5674 532 5729 Τοῦ
562 5669 730 5737 θείου.
762 5670 1076 5742 Respicere
1104 5669 1335 5727 videtur
1352 5670 1597 5743 Apocal.
1628 5688 1765 5739 nn,
1798 5673 1819 5725 l
1849 5687 1862 5725 :

495 5789 764 5851 Panos.
808 5785 924 5849 Gs.
967 5780 1136 5848 VIII.

1966 4811 2062 4865 τοῦ
2092 4811 2244 4864 Θεοῦ.

2043 4882 2156 4953 (28)
2190 4874 2518 4953 Misi-iuba.
2543 4879 2679 4953 Duae
2739 4879 2866 4953 ista)
2906 4878 3236 4953 particulas,
3280 4878 3356 4953 μή
3390 4872 3483 4953 δή,
3515 4878 3622 4953 ειδτ

1971 4949 2111 5039 Ξριιι
2140 4969 2177 5039 θἶ
2204 4952 2366 5039 Vulg.
2397 4949 2546 5038 ljibl.
2580 4950 2849 5039 Pfovei'b.
2882 4949 2933 5011 vi.
2968 4950 3065 5005 ubi
3099 4949 3275 5037 etiam
3311 4950 3527 5039 legitur
3553 4950 3624 5004 τὰ

1971 5022 2139 5079 ὕδατα
2158 5021 2219 5077 ἐκ
2244 5018 2344 5089 τῆξ
2368 5026 2468 5087 σῆς
2497 5026 2699 5092 πηγῆς
2734 5021 2997 5092 itemque
3029 5038 3187 5087 mox,
3215 5020 3284 5074 τὰ
3339 5018 3405 5073 ei
3433 5018 3623 5079 ὕδατα.

1971 5098 2334 5154 Clementem
2364 5091 2978 5164 tamendeinduslria
3008 5092 3424 5163 prohibitivam
3442 5092 3631 5164 parti-

1973 5169 2167 5225 culam
2198 5180 2518 5236 usurpasse
2550 5163 2859 5236 declarant
2887 5168 3011 5217 tum
3044 5163 3479 5231 antecedentia,
3499 5171 3626 5221 tum

1974 5236 2284 5309 sequentia
2318 5234 2443 5309 {ut
2461 5240 2635 5309 vetet,
2670 5235 2731 5309 in
2752 5234 2884 5289 loca
2914 5251 3280 5304 supervacua
3310 5242 3368 5309 et
3386 5236 3629 5308 rigatio-

1972 5305 2076 5365 nis
2100 5324 2220 5363 non
2246 5307 2488 5378 capacia
2518 5305 2823 5378 eﬂ’undere
2854 5321 3050 5378 aquas
3072 5322 3228 5369 suas,
3264 5307 3369 5378 sed
3396 5305 3626 5362 tantum

1973 5382 2033 5436 in
2066 5395 2181 5450 sua
2204 5376 2354 5450 loca.
2388 5378 2604 5449 quibus
2633 5394 2769 5433 cum
2798 5377 2992 5432 fructu
3038 5376 3406 5449 impenditur
3426 5393 3625 5450 opera,

1973 5452 2126 5507 rivos
2157 5448 2377 5504 diduci.
2408 5448 2665 5505 Svnuuao

2046 5524 2158 5592 (29)
2187 5517 2430 5576 Ὁκόσοι.
2492 5518 2827 5593 Ιίρςθιιιιιιῐη
2877 5518 3201 5593 Δίιιίίειὶιῐιεεη
3259 5517 3503 5593 ὁκόσοι-ς,
3533 5518 3628 5572 in-

1975 5589 2106 5666 quit
2126 5592 2477 5650 Gatakerus.
2511 5589 2839 5647 comment.
2872 5589 2933 5645 in
2952 5590 3124 5646 Marci
3148 5589 3428 5646 Antonini
3442 5589 3628 5656 libav,

1975 5685 2032 5739 p.
2069 5666 2191 5721 168.

3275 5773 3358 5835 30
