4050 6188
454 277 562 334 943

1693 276 2101 332 CLEMENTIB
2134 274 2635 330 ALBXANDBINI

3765 273 3870 330 944

453 406 794 464 sentaneus,
828 414 938 453 nec
958 396 1198 454 beatum
1226 397 1620 470 signaculum,
1645 415 1756 454 nec
1778 398 2075 463 FlllUSJlet

2211 393 2468 466 θεμέλιον
2519 403 2620 466 τῆς
2679 394 2975 471 σωτηρίας,
3027 396 3126 464 τήν
3189 393 3435 452 ἑκούσιον
3494 395 3705 466 πίστιν,
3770 395 3870 451 οὐκ

449 492 640 552 Pater,
676 487 778 542 sed
807 493 897 541 est
926 487 1010 541 eis
1044 488 1218 553 Deus,
1252 492 1318 542 ut
1347 486 1577 542 videtur
1629 485 1817 558 impia
1863 491 2098 540 natura-

2212 478 2435 559 ἔχουσα.

446 593 579 632 rum
613 575 972 644 distributio,
1003 592 1133 646 quae
1166 575 1346 631 ﬁdem
1374 575 1779 631 voluntarium
1808 589 1930 629 non
1953 572 2134 628 habet
2160 571 2616 631 fundamentum
2643 576 2874 632 salutis.

1973 735 2200 790 CAPUT
2236 736 2329 790 IV.

1032 848 1235 901 Iterum
1260 845 1327 900 de
1350 845 1593 900 utilitate
1623 843 1899 911 credendi,
1927 841 2196 911 ﬁdemque
2220 858 2329 896 esse
2356 845 2529 898 omnis
2556 844 2795 898 scientiae
2817 842 3262 912 fundamentum.

519 995 633 1046 Nos
663 998 883 1054 autem,
907 992 1007 1061 qui
1022 990 1269 1046 liberam
1285 995 1639 1062 potestatem
1663 991 1700 1044 I
1717 990 1815 1044 ιο
1838 984 2094 1058 eligendi

447 1089 503 1136 et
528 1083 742 1136 vitandi
769 1099 801 1136 a
825 1081 1072 1135 Domino
1098 1080 1296 1136 datam
1323 1097 1452 1135 esse
1480 1079 1842 1144 hominibus,
1876 1093 1910 1131 a
1940 1075 2096 1131 Scri-

450 1172 635 1243 pturis
666 1170 1023 1240 accepimus,
1067 1168 1296 1240 judicio
1329 1169 1500 1224 ﬁrmo
1532 1185 1599 1224 ac
1631 1166 1921 1222 immobili
1957 1157 2095 1219 fidei

448 1261 917 1328 acquiescamus,
958 1257 1216 1313 alacrem
1249 1264 1307 1312 et
1338 1263 1680 1329 promptum
1712 1255 2094 1311 ostendentes

449 1348 741 1418 spiritum,
773 1348 1055 1418 quoniam
1087 1347 1266 1402 vitam
1298 1347 1607 1419 elegimus,
1642 1352 1699 1401 et
1730 1347 1848 1400 Deo
1880 1361 1984 1416 per
2003 1361 2096 1398 vo-

446 1450 571 1488 cem
607 1435 766 1488 illius
792 1435 1193 1491 credidimus:
1228 1439 1286 1487 et
1315 1435 1416 1504 qui
1449 1434 1600 1505 Logo
1632 1433 1903 1496 credidit,
1935 1430 2096 1486 novit

443 1539 568 1577 rem
597 1541 723 1578 esse
748 1540 943 1578 veram
968 1540 980 1575 :
1015 1523 1196 1594 Logos
1228 1523 1387 1576 enim
1410 1528 1500 1576 est
1529 1521 1876 1585 veritas.Qui
1895 1525 2093 1574 autem

445 1629 564 1666 non
593 1611 845 1666 credidit.
874 1613 1116 1678 dicenti,
1150 1612 1265 1666 Deo
1299 1628 1420 1666 non
1454 1609 1864 1666 credidit.Fide
1893 1608 2093 1662 intellio

442 1703 619 1771 gimus
648 1707 839 1770 aptata
869 1716 978 1755 esse
1002 1701 1204 1756 saecula
1230 1701 1392 1754 verbo
1425 1701 1697 1766 Dei,ute.1:
1727 1695 2093 1752 inuisibilibus

441 1790 679 1844 visibitia
698 1794 915 1860 ﬁerent,
948 1789 1144 1859 inquit
1177 1788 1516 1860 Apostolus.
1549 1789 1682 1842 Fide
1707 1788 1972 1856 majorem
1993 1785 2093 1839 ho-

441 1881 608 1936 stiam
635 1882 792 1946 Abel,
817 1897 983 1950 quam
1014 1879 1403 1947 Cain,obtulit.
1411 1895 1518 1949 per
1537 1895 1703 1948 quam
1725 1879 2094 1933 testimonium

442 1977 517 2025 est
547 1976 878 2037 consecutus,
920 1969 1070 2039 quod
1117 1975 1249 2024 esset
1267 1970 1474 2039 justus,
1507 1970 1874 2023 testimonium
1897 1965 2096 2036 perhi-

445 2058 596 2112 bente
619 2059 930 2111 muneribus
949 2057 1066 2125 ejus
1079 2059 1207 2125 Deo,
1232 2063 1283 2111 et
1299 2057 1578 2127 peritiam
1598 2056 1888 2125 defunctus
1908 2053 2092 2107 adhuc

441 2145 709 2214 loquitur,
738 2152 939 2215 etquaa
957 2145 1238 2216 deinceps
1261 2151 1615 2216 sequuntur,
1631 2160 1819 2214 usque
1833 2143 1907 2198 ad
1922 2141 2090 2206 illud,

438 2234 503 2296 >X<
548 2251 713 2303 quam
761 2235 1080 2303 temporalis
1129 2237 1346 2303 peccati
1395 2234 1595 2289 habere
1636 2233 2086 2303 jucunditatem.

441 2323 555 2376 Hos
587 2340 721 2394 ergo
749 2339 884 2378 cum
913 2322 1092 2378 etiam
1123 2328 1259 2377 ante
1295 2323 1502 2394 Legem
1536 2322 1683 2377 ﬁdes
1700 2321 2092 2393 justiﬁcasset

438 2412 746 2466 constituit
775 2411 1042 2467 haeredes
1075 2411 1284 2466 divinas
1315 2411 1752 2482 promissionis.
1777 2409 1928 2476 Quid
1949 2425 2087 2480 ergo

437 2500 628 2554 adhuc
675 2501 812 2554 ﬁdei
861 2517 932 2554 ex
976 2505 1181 2555 nostra
1227 2500 1476 2555 historia
1508 2516 1828 2556 recensens
1858 2497 2086 2554 adduco

437 2589 776 2644 testimonia
800 2589 827 2644 ?
873 2591 1094 2658 Deﬁciet
1125 2591 1268 2644 enim
1297 2606 1381 2644 me
1411 2595 1619 2660 tempus
1644 2595 1993 2644 enarrantem
2021 2587 2088 2641 de

435 2679 664 2746 Gedeon,
699 2681 896 2746 Barac,
926 2679 1217 2748 Sampson,
1247 2679 1462 2748 Jephte,
1495 2679 1692 2746 David,
1745 2677 1986 2746 Samuel,
2032 2684 2086 2732 et

423 2768 708 2836 prophetis
737 2767 833 2837 (a),
889 2773 948 2821 et
995 2783 1126 2838 quae
1159 2772 1508 2837 sequuntur.
1544 2768 1687 2822 Cum
1717 2773 1918 2822 autem
1963 2767 2086 2821 sint

430 2854 772 2923 quatuor,in
805 2853 1022 2923 quibus
1053 2870 1256 2909 verum
1276 2854 1571 2919 consistit,
1601 2871 1835 2922 sensus,
1859 2853 2084 2910 intelli-

429 2944 646 3014 gentia,
679 2943 948 3009 scientia,
981 2943 1218 3014 opinio;
1253 2949 1468 2998 natura
1498 2943 1739 3015 quidem
1771 2944 1964 3016 prima
1993 2948 2083 2998 est

429 3032 822 3105 intelligentia
847 3075 860 3099 ,
896 3031 1068 3087 nobis
1098 3037 1298 3087 autem
1331 3039 1391 3088 et
1418 3039 1692 3106 respectu
1721 3033 1906 3088 nostri
1941 3049 2078 3088 sen-

2275 985 2470 1057 Ἡμεῖς
2498 981 2576 1056 δὲ,
2606 985 2657 1040 οἱ
2695 987 2794 1054 τὴν
2841 986 3044 1059 αἳρεσιν
3097 987 3186 1041 καὶ
3218 989 3393 1064 φυγὴν
3428 984 3684 1042 δεδόσθαι
3747 993 3871 1050 τοῖς

2203 1072 2517 1147 ἀνθρώποις
2567 1072 3030 1146 αὐτοκρατορικὴν
3067 1075 3214 1149 παρᾶ
3241 1079 3338 1130 τοῦ
3369 1074 3566 1150 Κυρίου
3597 1072 3700 1130 διὰ
3757 1081 3864 1132 τῶν

2203 1165 2432 1239 Γραφῶν
2489 1160 2914 1240 παρειληφότες,
2973 1164 3270 1238 ἂμεταπτῳ
3312 1166 3588 1239 κριτηρίῳ
3644 1170 3718 1239 τῇ
3778 1166 3871 1220 πί-

2206 1269 2316 1303 στει
2373 1250 2865 1324 ἐπαναπαυώμεθα,
2919 1252 2981 1307 τὸ
3039 1258 3255 1326 πνεῦμα
3283 1255 3564 1328 πρόθυμον
3625 1253 3868 1328 ἐνδειξὰ-

2209 1357 2384 1410 μενοι,
2415 1339 2498 1394 ὅτι
2543 1338 2807 1412 εἱλόμεθα
2836 1341 2938 1409 τήν
2971 1343 3140 1412 ζωὴν,
3192 1343 3280 1396 καὶ
3309 1347 3390 1415 τῷ
3433 1344 3550 1415 Θεῷ
3600 1341 3695 1398 διὰ
3726 1343 3866 1400 ἐκεί.

2200 1447 2294 1481 νου
2350 1429 2463 1503 (47)
2523 1435 2706 1502 φωνῆς
2763 1431 3216 1503 πεπιστεύκαμενο
3269 1433 3359 1486 καὶ
3411 1433 3440 1486 ὁ
3469 1437 3548 1504 τῷ
3582 1433 3748 1507 Λόγῳ
3779 1455 3864 1488 πι-

2203 1516 2423 1578 στεύσας
2455 1514 2565 1572 οἶδε
2613 1518 2676 1572 τὸ
2706 1525 2929 1596 πρᾶγμα
2959 1519 3185 1591 ἀληθὲςο
3237 1520 3468 1591 ἀλήθεια
3493 1543 3600 1596 γαρ
3661 1524 3694 1578 ὁ
3756 1523 3866 1579 Λό-

2201 1627 2317 1680 γος.
2362 1606 2422 1663 Ὀ
2472 1603 2529 1662 δὲ
2569 1607 2871 1678 ἀπιστήσας
2899 1606 2979 1680 τῷ
3032 1608 3248 1685 λέγοντι
3278 1610 3551 1681 ⁴ἡπίστησε
3581 1615 3663 1683 τῷ
3723 1616 3862 1684 Θεῷ.

2205 1693 2385 1750 Πίστει
2462 1699 2695 1768 νοοῦμεν
2765 1696 3124 1770 κατηρτίσθαι
3196 1696 3325 1760 τοὺς
3383 1697 3584 1761 αἶῶνας
3653 1697 3862 1773 ῥήματι

2204 1787 2359 1856 Θεοῦ,
2419 1783 2498 1846 εἷς
2549 1785 2612 1840 τὸ
2670 1786 2745 1858 μὴ
2805 1783 2865 1840 ἐκ
2901 1787 3243 1860 φαινομένων
3273 1787 3335 1842 τὸ
3370 1785 3722 1860 βλεπόμενον
3754 1790 3864 1859 (48)

2201 1874 2498 1946 γεγονέναι,
2574 1874 2736 1952 φησὶν
2811 1874 2839 1929 ὁ
2931 1873 3287 1937 Ἀπόστολος·
3365 1875 3543 1932 πίστει
3631 1874 3864 1932 πλείονα

2202 1961 2383 2016 θυσίαν
2471 1957 2642 2017 Ἅϐελ
2727 1962 2873 2038 παρὰ
2956 1965 3090 2020 Καϊν
3176 1967 3554 2039 προσήνεγκε,
3636 1963 3712 2020 δι’
3794 1967 3862 2034 ἧς

2202 2047 2549 2125 ἐμαρτυρηθη
2663 2051 2795 2106 εἶναι
2907 2048 3140 2120 δίκαιος,
3253 2058 3664 2130 μαρτυροῦντος
3769 2053 3861 2110 ἐπὶ

2199 2145 2321 2200 τοῖς
2374 2138 2572 2214 δώροις
2629 2141 2776 2212 αύτῷ
2823 2137 2920 2196 τοῦ
2979 2145 3135 2196 Θεοῦ’
3194 2141 3286 2196 καὶ
3344 2139 3415 2197 δι’
3470 2141 3669 2212 αὐτῆς,
3721 2144 3860 2199 ἀπο·

2201 2228 2398 2299 θανὼν,
2485 2223 2562 2282 ἔτι
2637 2227 2819 2296 λαλεῖ,
2891 2228 2981 2283 καὶ
3058 2229 3124 2284 τὰ
3199 2230 3345 2302 ἑξῆς,
3422 2227 3526 2294 ἓως
3599 2235 3740 2305 (49),

2198 2316 2530 2393 πρόσκαιρον
2616 2312 2733 2392 ἔχει
2817 2315 3088 2392 ἁμαρτίας
3168 2316 3468 2374 ἀπόλαυσιν
3505 2363 3519 2377 .
3609 2321 3858 2385 Τούτους

2201 2406 2296 2479 μὲν
2351 2407 2442 2462 οὗν
2469 2407 2559 2461 καὶ
2589 2407 2694 2481 πρὸ
2726 2407 2918 2480 Νόμου
2948 2409 2982 2477 ἡ
3011 2407 3192 2469 πίστις
3233 2405 3589 2476 δικαιώσασα,
3639 2409 3859 2486 κληροο

2195 2493 2396 2567 νόμους
2445 2496 2738 2566 κατέστησε
2784 2502 2883 2565 τῆς
2932 2495 3075 2558 θείας
3119 2495 3470 2571 ἐπαγγελίας,
3518 2497 3583 2552 Τί
3636 2499 3736 2554 οὗν
3778 2497 3858 2555 ἔτι

2194 2583 2262 2638 τὰ
2287 2591 2386 2653 τῆς
2429 2585 2665 2647 πίστεως
2716 2584 2775 2640 ἐκ
2799 2591 2898 2653 τῆς
2927 2586 3054 2659 παρ’
3101 2588 3238 2658 ἡμῖν
3288 2586 3532 2660 ἱστορίας
3583 2586 3858 2662 ἀναλεγό-

2200 2693 2384 2747 μενος,
2440 2673 2805 2748 παρατίθεμαι
2840 2673 3110 2750 μαρτύρια
3166 2680 3331 2746 (50);
3393 2675 3703 2750 Ἐπιλείψει
3751 2680 3856 2754 γαρ

2197 2783 2264 2834 με
2313 2759 2672 2836 διηγούμενον
2707 2764 2734 2818 ὁ
2767 2762 3042 2838 χρόμενος
3071 2763 3195 2837 περὶ
3230 2760 3457 2834 Γεδεὼν,
3489 2767 3679 2839 Βαρᾶκ
3711 2769 3854 2838 (51),

2193 2851 2436 2924 Σαμψὼν
2473 2894 2487 2921 ,
2545 2852 2754 2927 Ἰεφθάε
2789 2899 2801 2918 ,
2875 2849 3042 2906 Δαοίδ
3099 2873 3157 2906 τε
3222 2852 3314 2907 καὶ
3368 2853 3639 2926 Σαμουὴλ
3680 2897 3694 2922 ,
3756 2856 3854 2910 καὶ

2189 2942 2295 2994 τῶν
2347 2943 2670 3015 προφητῶν,
2727 2941 2820 2994 καὶ
2865 2941 2932 2996 τὰ
2959 2940 3176 3003 τούτοις
3230 2940 3488 3015 ἑπόμενα.
3548 2945 3850 3018 Τεσσάρων

2191 3026 2248 3084 δὲ
2299 3023 2494 3093 ὄντων,
2527 3026 2578 3083 ἰν
2613 3031 2696 3090 οἷς
2723 3028 2785 3084 τὸ
2816 3027 3041 3099 ἀληθὲς,
3101 3029 3429 3102 αἰσθήσεως,
3461 3035 3581 3099 νοῦ,
3612 3031 3850 3104 ἐπιστή-

431 3140 565 3178 sus:
601 3141 668 3178 ex
691 3140 872 3178 sensu
885 3128 1084 3177 autem
1102 3127 1162 3177 et
1177 3122 1571 3194 intelligentia
1593 3123 1865 3178 consistit
1883 3123 2075 3177 scien-

2195 3138 2325 3190 μης,
2359 3116 2713 3192 ὑπολήψεως·
2774 3117 2928 3196 φύσει
2979 3119 3075 3192 μὲν
3106 3124 3321 3193 πρῶτος
3356 3123 3384 3176 ὁ
3431 3125 3580 3189 νοῦς,
3615 3125 3759 3196 ἡμῖν
3794 3121 3853 3180 δὲ

432 3213 525 3266 tiae
549 3212 822 3268 essentia.
841 3211 1252 3284 Intelligentise
1275 3217 1474 3267 autem
1502 3216 1560 3266 et
1579 3228 1789 3267 sensus
1810 3228 2075 3268 commu-

2193 3206 2441 3282 καὶπρὸς
2467 3208 2615 3278 ἡμᾶς
2661 3209 2696 3276 ἡ
2730 3205 2999 3277 αἴσθησις·
3034 3207 3093 3262 ἐκ
3123 3205 3181 3263 δὲ
3238 3210 3538 3281 αἲσθήσεως
3600 3213 3692 3267 καὶ
3750 3217 3849 3269 τοῦ

429 3301 525 3356 nis
548 3307 637 3356 est
657 3301 966 3356 evidentia.
1004 3300 1114 3355 Sed
1137 3317 1347 3356 sensus
1370 3301 1613 3372 quidem
1643 3305 1732 3356 est
1757 3301 1972 3373 gradus
2002 3302 2076 3357 ad

429 3394 760 3448 scientiam.
791 3392 960 3448 Fides
989 3396 1188 3448 autem
1218 3408 1530 3464 progressa
1558 3409 1665 3464 per
1694 3393 1956 3463 sensilia,
1980 3410 2075 3449 re-

426 3479 644 3549 linquit
689 3480 1032 3552 opinionem
1065 3497 1076 3532 :
1130 3480 1441 3535 contendit
1486 3486 1684 3535 autem
1716 3480 1790 3535 ad
1821 3497 1911 3547 ea,
1945 3498 2076 3551 quas

427 3568 738 3622 mendacio
764 3575 988 3632 carent,
1023 3574 1082 3621 et
1110 3574 1420 3639 permanet
1449 3569 1510 3622 in
1543 3569 1807 3624 veritate.
1843 3569 1899 3623 Si
1943 3570 2075 3641 quis

427 3660 624 3710 autem
648 3657 808 3711 dicat
836 3656 1145 3712 scientiam
1165 3673 1292 3713 esse
1324 3657 1850 3714 demonstrativam
1883 3675 1950 3712 ex
1980 3675 2073 3713 ra-

427 3745 619 3812 tione;
667 3746 718 3800 is
765 3745 1112 3816 perpendat,
1145 3746 1304 3815 quod
1336 3747 1600 3802 scientim
1632 3747 1924 3819 principia
1970 3747 2073 3802 de-

426 3834 746 3888 monstrari
769 3840 1069 3904 nequeant
1093 3851 1106 3888 :
1139 3851 1330 3905 neque
1354 3836 1514 3890 enim
1541 3853 1612 3891 ea
1639 3836 1913 3908 cognosci
1937 3854 2072 3908 pos-

431 3929 569 3976 sunt
599 3939 668 3977 ex
697 3929 843 3988 arte,
877 3922 966 3977 vel
996 3923 1330 3993 prudentia.
1365 3925 1498 3979 Hmc
1529 3925 1689 3979 enim
1719 3932 1986 3980 versatur
2009 3926 2070 3981 in

426 4011 520 4077 iis,
556 4028 686 4080 quas
713 4011 1001 4083 contingit
1032 4029 1094 4066 se
1123 4011 1297 4066 aliter
1325 4012 1542 4066 habere
1569 4030 1582 4066 :
1619 4013 1723 4068 illa
1751 4019 1949 4068 autem
1982 4020 2072 4069 est

425 4100 690 4156 efﬁciens
721 4106 779 4154 et
817 4099 1249 4172 propemodum
1293 4101 1729 4172 contemplans.
1763 4102 1900 4158 Fide
1931 4119 2068 4174 ergo

422 4191 547 4245 sola
577 4191 919 4246 existimant
948 4206 1010 4245 se
1054 4189 1338 4260 consequi
1371 4189 1732 4260 principium
1763 4192 2070 4247 universo-

2185 3299 2280 3350 νοῦ
2311 3297 2344 3364 ἡ
2372 3301 2473 3364 τῆς
2525 3295 2835 3369 ἐπιστήμης
2866 3296 3173 3352 συνίσταται
3205 3297 3378 3354 οὐσία·
3427 3301 3609 3355 κοινὸν
3664 3300 3724 3357 δὲ
3753 3307 3848 3359 νοῦ

2183 3405 2243 3440 τε
2293 3383 2381 3439 καὶ
2439 3384 2738 3455 αἰσθήσεως
2791 3386 2852 3440 τὸ
2907 3385 3152 3461 ἐναργὲς.
3208 3387 3426 3459 ἈΑλ’ἡ
3463 3391 3559 3463 μὲν
3590 3391 3848 3461 αἴσθησις

2185 3469 2450 3547 ἐπιϐάθρα
2477 3480 2576 3542 τῆς
2614 3472 2948 3545 ἐπιστήμης·
2981 3477 3015 3543 ἡ
3044 3475 3226 3538 πίστις
3259 3474 3337 3545 δὲ,
3371 3475 3460 3534 διὰ
3485 3483 3595 3534 τῶν
3648 3481 3848 3552 αἰσθη-

2183 3566 2291 3617 τῶν
2319 3566 2432 3635 (52)
2482 3560 2770 3630 ὁδεύσασα,
2817 3562 3110 3619 ἀπολείπει
3143 3566 3244 3633 τήν
3277 3565 3578 3640 ὑπόληψιν
3612 3571 3756 3645 πρὸς
3791 3568 3847 3626 δὲ

2181 3651 2248 3705 τὰ
2276 3648 2480 3724 ἀψευδῆ
2513 3649 2751 3722 σπεύδει,
2804 3653 2893 3706 καί
2934 3652 3010 3714 είς
3059 3655 3156 3723 τήν
3204 3653 3464 3726 ἀλήθειαν
3519 3662 3845 3731 καταμένει.

2183 3739 2243 3797 Ei
2289 3736 2346 3795 δέ
2401 3761 2484 3804 τις
2541 3736 2694 3815 λέγοι
2741 3741 2839 3808 τήν
2890 3740 3202 3814 ἐπιστήμην
3252 3741 3646 3816 ἀποδεικτικῆν
3708 3748 3844 3803 εἶναι

2185 3829 2319 3901 μετὰ
2376 3827 2564 3905 λόγου,
2626 3829 2928 3899 ἂκουσάτω,
2962 3830 3044 3886 ὅτι
3095 3831 3185 3886 καὶ
3243 3833 3298 3887 αἱ
3344 3832 3514 3908 ἀρχαὶ
3547 3835 3844 3893 ἀναπόδει-

2178 3937 2319 3972 κτοι·
2384 3916 2506 3974 οὔτε
2549 3918 2648 3995 γὰρ
2677 3918 2871 3994 τέχνῃ,
2929 3917 3052 3975 οὔτε
3113 3922 3220 3994 μὴν
3279 3925 3543 4000 φρονήσει
3573 3925 3840 4002 γνωσταί.

2178 4007 2240 4062 Ἡ
2270 4008 2365 4080 μὲν
2417 4007 2518 4083 γὰρ
2567 4007 2691 4083 περὶ
2738 4008 2804 4062 τὰ
2851 4005 3186 4084 ἕνδεχόμενά
3225 4009 3364 4066 ἐστιν
3413 4010 3604 4076 ἅλΑως
3660 4011 3839 4092 ἔχειν·

2178 4098 2212 4165 ἡ
2247 4093 2305 4151 δὲ
2351 4097 2615 4165 ποιητική
2676 4099 2810 4170 (53),
2869 4098 3170 4173 μονονουχὶ
3229 4097 3287 4154 δὲ
3343 4100 3432 4155 καὶ
3491 4109 3836 4180 θεωρητική.

2181 4185 2360 4241 Πίστει
2437 4185 2530 4240 οὗν
2592 4184 2864 4263 ἐφιγὲσθαι
2934 4188 3072 4260 μόνῃ
3129 4185 3332 4244 οἴονται
3383 4197 3485 4260 τῆς
3511 4197 3620 4247 τῶν
3681 4194 3834 4250 ὅλων

417 4296 568 4333 rum.
591 4279 816 4344 Quaavis
839 4279 999 4333 enim
1026 4277 1275 4333 scientia
1296 4277 1494 4332 doceri
1517 4283 1743 4348 potest;
1782 4280 1938 4350 quod
1962 4296 2064 4336 au-

2193 4275 2378 4351 ὶρχῆς.
2415 4281 2562 4332 [Ιᾶσα
2589 4277 2692 4352 γὰρ
2724 4276 3002 4350 ἐπιστήμη
3043 4275 3269 4349 διδακτή
3303 4279 3436 4334 ἐστι·
3493 4283 3558 4336 τὸ
3616 4281 3677 4339 δὲ
3743 4283 3837 4341 δι-

417 4375 534 4425 tem
565 4369 762 4424 doceri
793 4373 1006 4440 potest,
1049 4367 1296 4422 docetur
1321 4383 1392 4422 ex
1421 4383 1513 4433 eo,
1547 4368 1704 4439 quod
1734 4369 1898 4440 prius
1929 4387 2066 4443 cog-

2193 4365 2368 4421 ῑακτόν
2413 4364 2474 4420 ἐκ
2521 4367 3056 4441 προγινωσκομὲνου.
3106 4367 3183 4425 Οὐ
3213 4371 3652 4446 προεγινώσκετο
3682 4370 3740 4430 δὶ
3795 4378 3833 4447 ἠ

414 4459 678 4513 noscitur
702 4475 714 4514 :
744 4475 864 4513 non
892 4457 1054 4528 prius
1084 4461 1282 4512 autem
1309 4457 1822 4529 cognoscebatura
1848 4459 2060 4514 Graecis

2193 4460 2276 4510 ζῶν
2333 4456 2478 4509 ὅλων
2535 4453 2682 4529 ἀρχὴ
2715 4459 2831 4516 τοῖς
2883 4453 3177 4527 Ἕλλησιν·
3213 4453 3325 4512 οὔτ’
3356 4458 3448 4512 οὗν
3497 4458 3654 4535 Θαλῇ
3689 4465 3830 4536 (54),

412 4547 770 4619 principium
783 4546 1216 4602 universorum.
1243 4547 1441 4616 Neque
1459 4546 1664 4602 enima
1685 4547 2052 4619 Thalete,qui

2193 4543 2310 4619 amp
2338 4543 2681 4616 ἐπισταμένῳ
2711 4545 2810 4612 τὴν
2842 4545 3066 4618 πρώτην
3099 4545 3299 4616 αἴτίαν,
3357 4543 3482 4604 οὔτε
3539 4555 3664 4612 τοῖς
3723 4551 3834 4608 ἅλ-

477 4693 539 4757 ›ι‹
569 4692 629 4745 Ρ.
664 4691 766 4744 435
799 4691 910 4744 ED.
945 4690 1236 4756 porrsn,
1266 4690 1366 4743 365
1400 4689 1512 4743 ED.
1546 4690 1774 4744 rarus.
1855 4693 1927 4758 (a)
1959 4689 2133 4746 Hebr.
2162 4707 2240 4756 ιι,
2272 4691 2326 4757 3,
2355 4692 2411 4755 4,
2441 4692 2531 4758 25,
2566 4691 2654 4743 32.

2163 4832 2344 4959 “(in
2403 4829 2601 4905 Βαράκ.
2665 4829 2846 4905 Βαράκ
2891 4851 2950 4886 τε
3004 4833 3094 4888 καὶ
3148 4834 3418 4908 Σαμψὼν,
3467 4835 3559 4890 καὶ
3593 4836 3829 4915 Ἰεφθάε,

2215 4921 2244 4958 e
2292 4921 2341 4958 r.

2215 4921 2341 4958 eor.

2229 4997 2338 5070 (52)
2371 4989 2467 5070 ᾼιὰ
2495 4994 2605 5070 τῶν
2630 4989 2929 5070 αἰσθητῶν.
2963 4996 3109 5050 Nam
3133 4994 3278 5051 fides
3304 5014 3410 5067 per
3439 5000 3700 5056 auditum
3733 5001 3823 5070 ﬁt,

2159 5071 2224 5119 ut
2255 5065 2336 5119 ait
2365 5063 2683 5134 Apostolus
2713 5065 2881 5119 Rom.
2916 5083 2972 5132 ι,
3008 5070 3096 5121 17.

2227 5161 2340 5232 (53)
2369 5159 2431 5214 Ἦ
2465 5155 2521 5213 δὲ
2572 5180 2632 5239 πζ
2696 5162 2965 5239 Petavius
3023 5162 3352 5239 Proleggm.
3413 5166 3487 5222 ad
3553 5170 3816 5239 Theolog.

2155 5236 2440 5319 dgg‘rnaf‘tz,
2497 5249 2548 5318 c‘.
2592 5235 2655 5319 ³,
2706 5233 2821 5287 ait:
2881 5257 2906 5319 ς
2946 5231 3284 5319 Βεεθ,.ᾑ’δὲ
3315 5239 3582 5319 ποιητικὴ
3620 5231 3818 5312 μόνοῖ,

2155 5299 2301 5380 odii,
2341 5299 2398 5356 δὲ
2428 5299 2535 5380 καὶ
2591 5303 2921 5374 θεωρητική.
2982 5299 3267 5380 Siquidem
3307 5299 3632 5380 prudentia.
3666 5299 3818 5367 cii-ed

2153 5377 2534 5444 coatingentia
2568 5383 2858 5454 persatur,
2890 5391 3042 5454 _quae
3097 5378 3262 5432 aliter
3308 5377 3509 5437 habere
3533 5390 3818 5454 possunt:

2152 5466 2240 5525 ars
2287 5447 2776 5525 autem__e_ffect_rix
2815 5447 2993 5525 solum
3023 5455 3119 5519 est,
3146 5466 3260 5504 non
3291 5447 3746 5525 contemplatrim.
3785 5479 3816 5506 ιι

2148 5520 2312 5574 Idem
2344 5517 2600 5573 Lowthio
2632 5517 2874 5588 placuit.

2219 5611 2538 5697 (ἔξω-Θαλῇ.
2569 5615 2736 5672 Conf.
2767 5618 3048 5689 Protrept.
3079 5636 3139 5691 p.
3171 5622 3262 5692 42,
3292 5621 3498 5678 Strom.
3542 5640 3580 5692 1,
3614 5641 3674 5697 p.
3706 5627 3814 5682 296

2149 5686 2292 5744 edit.
2315 5686 2511 5744 Paris.

476 4836 584 4901 (t7)
641 4829 899 4887 ’Exeivou.
934 4832 1170 4887 Scilicet
1218 4835 1387 4900 ζωῆς,
1418 4835 1546 4888 vitae
1573 4849 1591 4886 .·
1646 4834 1740 4889 cui
1769 4833 2047 4888 masculi-

403 4921 539 4978 nam
572 4921 773 4978 vocem
803 4904 1091 4978 adjungit,
1123 4901 1380 4978 quiaadv
1407 4903 1582 4978 Λόγον
1614 4905 1912 4976 intelligit,
1948 4905 2050 4976 qui

404 4981 491 5028 est
514 4976 548 5040 ἡ
582 4971 813 5040 ἀλήθεια
840 4971 928 5026 καὶ
963 4971 1237 5041 η’ζωήῖυι
1261 4975 1386 5041 ipse
1420 4992 1481 5030 se
1499 4971 1673 5031 "vocat
1700 4971 2049 5041 Joaii.xrv,6.

475 5047 583 5118 (48)
615 5045 684 5096 Τὸ
716 5044 1079 5118 βλεπόμενον.
1127 5044 1204 5118 Τὰ
1236 5043 1552 5118 βλεπόμενα
1584 5047 1755 5102 Hebr.
1789 5066 1869 5103 x1.
1899 5051 2045 5104 Mox.

400 5114 740 5187 προσήνεγκε
770 5117 848 5187 τῷ
880 5119 1016 5187 Θεῷ.
1051 5117 1215 5187 Dein,
1236 5114 1330 5170 ’ἔτι
1359 5114 1631 5171 λαλεῖται.
1665 5118 1814 5174 Ibid.

476 5187 585 5254 (49)
644 5183 736 5236 Καὶ
792 5184 858 5236 τὰ
914 5183 1056 5254 ἑξῆς,
1115 5183 1239 5246 ἕως.
1304 5189 1435 5242 Hmc
1491 5189 1668 5244 verba
1724 5191 2046 5245 Clementis

404 5255 889 5328 sunt.7C_ontrahit
909 5257 1067 5310 enim
1090 5257 1202 5312 loci
1236 5259 1573 5328 prolixioris
1594 5261 1955 5328 citationem,
1989 5268 2048 5316 et

403 5326 662 5380 transilit
704 5341 737 5379 a
795 5343 962 5380 versu
1014 5329 1142 5396 ejus
1191 5326 1401 5397 capitis
1431 5331 1464 5381 4
1501 5346 1688 5398 usque
1721 5330 1793 5384 ad
1822 5335 1910 5395 25,
1946 5326 2042 5388 ab

401 5398 582 5452 Abele
632 5414 843 5467 nempe
894 5413 1081 5466 usque
1125 5399 1197 5452 ad
1247 5401 1523 5468 Moysem.
1554 5400 1780 5468 Ibidem
1811 5418 1945 5457 mox
1973 5420 2043 5458 ex

401 5471 617 5546 eodem
641 5465 831 5546 capite
853 5468 1207 5546 legendum,
1240 5467 1276 5536 ἢ
1307 5465 1643 5542 πρόσκαιρον
1676 5465 1845 5546 ἔχειν,
1877 5491 2042 5543 quam

399 5549 561 5609 temp.
598 5542 794 5596 habere
849 5541 1010 5595 SYLB.

466 5608 670 5688 (50);:
689 5609 864 5688 9st...
883 5608 1363 5688 ,μαρτρριααμηρερ
1390 5612 1834 5688 Ρειιῖειριπδειίρθ
1858 5631 2037 5688 expo-

393 5679 545 5742 nunt
560 5679 664 5742 illa
683 5679 926 5744 D.Pauli
946 5679 1126 5743 verba
1151 5701 1164 5743 :
1188 5682 1290 5743 Καὶ
1311 5683 1363 5740 τί
1385 5679 1463 5740 ἔτι
1484 5679 1625 5758 λέγω
1643 5703 1659 5755 ς
1678 5679 2035 5755 Ηεθτ.ιιξ32.
