4050 6188
319 257 423 313 953

1659 264 2104 324 ΒΤΒΟΜΔἸἫΜ
2141 269 2274 323 LIB.
2319 266 2392 324 ιι.

3624 262 3732 319 954

316 379 579 457 ἕννὲωρος
610 383 725 456 (84)
788 381 1065 458 βασιλεὺς,
1124 383 1383 459 ὀαριστής
1438 379 1589 447 Διός·
1652 385 1967 454 ἀκηκοότων

2089 391 2365 464 regnavit,
2415 398 2473 447 et
2516 391 2893 448 familiariter
2936 406 3073 447 cum
3118 389 3257 445 Jove
3304 392 3397 444 est
3435 392 3723 454 versatus,

316 468 496 525 αὐτῶν
524 471 677 534 ’ὁπως
708 473 840 527 ποτὶ
900 473 1036 546 μενὰ
1093 474 1376 536 Μωυσέως
1434 469 1707 551 διελέγετο
1740 474 1768 529 6
1826 473 1977 550 Θεὸς,

318 558 394 621 ὡς
425 555 483 614 εἷ’
504 581 589 622 τις
619 558 861 631 λαλήσαι
918 561 1054 635 πρὸς
1108 560 1199 615 τὸν
1233 562 1424 616 ἑαυτοῦ
1464 561 1647 639 φίλον.
1675 564 1775 618 Ἦν
1810 559 1857 616 δ’
1887 561 1978 617 οὖν

316 648 347 703 ὁ
377 648 476 722 μὶν
500 652 737 719 Μωυσῆς
794 651 985 728 σοφὸς,
1048 649 1326 727 βασιλεὺς,
1357 651 1682 724 νομοθέτης·
1716 652 1744 706 δ
1777 653 1975 726 Σωτῆρ

316 734 375 792 δὲ
405 739 571 808 ἡμῶν
629 731 961 814 ὑπερϐάλλει
1019 743 1191 793 πᾶσαν
1243 738 1590 815 ἀνθρωπίνην
1641 739 1816 818 φύσιν·
1876 761 1975 795 κα-

313 824 414 888 λὸς
445 828 541 898 μὲν
575 827 650 891 ὡς
678 828 981 902 ἀγαπᾶσθαι
1016 828 1181 900 μόνος
1203 829 1337 899 πρὸς
1368 830 1551 900 ἡμῶν,
1600 831 1663 883 τὸ
1715 828 1882 884 καλὸν
1913 829 1977 884 τὸ

315 913 585 984 ἀληθινὸν
614 915 1041 971 ἐπιποθούντων
1093 916 1158 986 ἦν
1208 917 1308 993 γὰρ
1366 918 1429 972 τὸ
1488 922 1602 979 φῶς
1662 919 1723 974 τὸ
1776 918 1973 988 ἀληθι-

315 1006 430 1062 νόν.
466 1005 728 1071 Βασιλεὺς
757 1009 866 1080 (85)
916 1005 974 1062 δὲ.
1031 1009 1122 1062 καὶ
1164 1008 1268 1063 ὑπὸ
1318 1005 1527 1062 παίδων
1579 1008 1818 1084 ἀπείρων
1870 1007 1976 1080 ἔτι,

316 1096 408 1151 καὶ
438 1095 543 1150 ὕπὸ
573 1093 854 1153 Ἰουδαίων
885 1095 1257 1152 ἀπιστούντων
1301 1096 1390 1151 καὶ
1448 1095 1789 1172 ἀγνοούντων
1841 1098 1975 1152 ἁνα-

316 1185 711 1261 γορευόμενος,
759 1185 847 1240 καὶ
904 1186 1039 1259 πρὸς
1088 1185 1268 1241 αὐτῶν
1325 1190 1622 1263 προφητῶν
1668 1187 1977 1262 ἀνακηρυτ-

312 1273 545 1347 τόμενος
598 1272 889 1332 δείκνυται.
958 1273 1229 1337 Πλούσιος
1288 1271 1346 1329 δὲ
1404 1274 1484 1337 είς
1561 1279 1846 1345 τοσοῦτον,
1896 1276 1974 1339 ὡς

318 1366 491 1417 πᾶσαν
524 1363 623 1431 τὴν
647 1369 775 1438 γῆν,
807 1364 894 1418 καὶ
918 1364 980 1418 τὸ
1013 1363 1142 1439 ὑπὲρ
1166 1370 1269 1439 γῆς
1292 1364 1382 1419 καὶ
1410 1364 1500 1419 ὑπ’
1521 1363 1690 1433 αὐτὴν
1721 1364 1973 1441 χρυσίον,

320 1451 734 1529 ὑπερηφάνησεν
794 1452 885 1506 σὺν
945 1454 1033 1507 καὶ
1095 1450 1226 1527 δόξῃ
1280 1453 1423 1527 πάσῃ
1508 1450 1768 1527 διδόμενα
1825 1454 1973 1526 αὖτῷ

318 1540 458 1616 πρὸς
487 1544 584 1596 τοῦ
613 1539 1016 1614 Ἀντικειμένου
1060 1545 1196 1614 (86).
1256 1542 1320 1597 Τί
1369 1539 1452 1598 δεῖ
1508 1540 1707 1617 λέγειν,
1740 1544 1816 1605 ὡς
1869 1543 1973 1616 μό-

318 1629 814 1707 νοςδάρχιερεὺς,
869 1632 898 1685 6
959 1630 1125 1705 μόνος
1182 1630 1501 1703 ἐπιστήμων
1556 1634 1667 1706 (87)
1721 1638 1821 1701 τῆς
1873 1634 1970 1687 τοῦ

319 1723 454 1775 θεοῦ
526 1718 811 1795 θεραπείας
865 1739 879 1790 ;

317 1809 345 1865 6
375 1806 593 1863 πάντων
636 1808 966 1871 ἱκανώτατος
1020 1809 1337 1886 ἀφηγεῖσθαι
1394 1806 1491 1863 τοῦ
1520 1813 1627 1864 τῶν
1669 1809 1968 1885 ἀνθρώπων

316 1898 528 1973 γίνους·
562 1898 866 1970 νομοθέτης
916 1894 994 1969 δὲ,
1052 1897 1127 1959 ὡς
1157 1895 1217 1952 ἄν
1252 1894 1437 1959 διδοὺς
1465 1897 1558 1953 τὸν
1609 1898 1782 1970 νόμου
1814 1898 1865 1953 tv
1894 1902 1973 1971 τῷ

317 1987 551 2058 στόματι
583 1990 689 2041 τῶν
713 1990 1032 2063 προφητῶν,
1063 1987 1131 2041 τά
1185 2005 1244 2040 τε
1292 1984 1529 2060 πρακτὲα
1575 1985 1664 2041 καὶ
1717 1987 1817 2059 μή,
1879 2007 1974 2041 σα-

307 2075 546 2153 φέστατα
596 2073 986 2149 ἰντελλόμενός
1038 2096 1098 2130 τε
1152 2075 1241 2129 καὶ
1296 2073 1617 2132 διδάσκωνε
1673 2076 1773 2137 Τίς
1805 2072 1853 2130 δ’
1910 2075 1971 2130 ἂν

305 2165 511 2219 τούτου
542 2164 937 2239 εὖγενὲστερος,
986 2164 1049 2218 οὗ
1100 2163 1263 2238 μόνος
1317 2166 1497 2235 πατὴρ
1530 2165 1557 2219 6
1626 2165 1795 2227 Θεόςζ
1832 2159 1973 2240 Φέρε

306 2251 488 2322 δήκαὶ
526 2252 793 2308 Πλάτωνα
847 2258 962 2314 τοῖς
1016 2252 1201 2315 αὐτοῖς
1261 2247 1639 2308 ἐπιϐάλλοντα
1686 2273 1969 2327 παραστη-

306 2343 534 2415 σώμεθα
564 2339 852 2418 δόγμασιν·
888 2340 1154 2397 πλούσιον
1179 2344 1272 2414 μὲν
1304 2344 1397 2398 τὸν
1432 2342 1604 2419 σοφὸν
1650 2339 1865 2415 εἴρηκεν
1915 2341 1969 2397 ὲν

306 2433 388 2503 τῷ
415 2426 642 2503 Φαίδρῳ
670 2432 804 2502 (88),
837 2434 902 2485 Ὦ
932 2430 1057 2507 φίλε
1087 2434 1200 2504 (89)
1253 2432 1388 2498 Πᾶν,
1445 2428 1648 2507 λέγων.
1703 2430 1793 2486 καὶ
1847 2432 1969 2486 ὅσοι

312 2515 481 2573 ἄλλοι
538 2515 671 2591 τῇδε
725 2520 881 2588 θεοὶ,
943 2515 1128 2589 δοίητὲ
1190 2539 1282 2592 μοι
1340 2517 1497 2589 καλῷ
1554 2520 1794 2593 γενέσθαι
1844 2520 1970 2575 τᾶν-

309 2604 486 2662 δοθεν·
550 2605 742 2678 ἔξωθεν
801 2604 859 2662 δὲ
914 2606 1014 2662 ὅσα
1072 2606 1188 2664 ἔχω
1225 2653 1241 2677 ,
1299 2613 1417 2671 τοῖς
1468 2607 1621 2671 ἐντὸς
1679 2608 1815 2665 εἶναί
1876 2630 1970 2682 μοι

316 2696 474 2776 φίλα*
552 2694 817 2751 πλούσιον
868 2692 924 2752 δὶ
1004 2696 1293 2770 νομίζοιμι
1345 2698 1436 2753 τὸν
1500 2696 1664 2776 σοφόν
1720 2699 1734 2754 ί
1792 2703 1971 2754 Κατα-

319 2784 673 2864 μεμφόμενος
705 2782 762 2841 δὲ
792 2786 820 2841 6
851 2785 1144 2855 Ἀθηναῖος
1178 2787 1322 2857 ξένος
1349 2790 1455 2842 τῶν
1490 2787 1761 2861 οῗομὲνων
1791 2785 1970 2843 πλου-

318 2875 468 2937 σίους
502 2876 634 2930 εἶναι
676 2873 804 2935 τοὺς
859 2873 1047 2930 πολλὰ
1098 2870 1466 2949 κεκτημένους
1527 2879 1811 2951 χρήματα,
1866 2872 1973 2931 ὧδε

320 2961 490 3038 λέγει’
549 2961 856 3026 Πλουσίους
907 2967 1021 3037 (90)
1093 2960 1140 3018 δ’
1196 2963 1263 3019 αὖ
1339 2960 1546 3042 σφόδρα
1614 2964 1746 3020 εἶναι
1801 2963 1971 3040 κάγα-

319 3052 449 3118 θοὺς
487 3055 603 3126 (91)
661 3049 937 3121 ἀδύνατον,
993 3051 1086 3115 οὕς
1143 3074 1206 3128 γε
1262 3050 1328 3123 δὴ
1388 3052 1685 3116 πλουσίους
1732 3053 1784 3108 οἱ
1831 3055 1970 3108 πολ-

320 3139 412 3197 λοὶ
488 3140 874 3217 καταλέγουσι·
955 3140 1179 3216 λέγουσι
1262 3140 1321 3197 δὶ
1391 3141 1517 3205 τοὺς
1601 3143 1969 3216 κεκτημένους

319 3229 376 3286 ἂν
424 3231 636 3307 ὀλίγοις
691 3236 798 3285 τῶν
852 3230 1155 3305 ἀνθρώπων
1214 3230 1473 3286 πλείστου
1530 3233 1641 3303 (92)
1696 3231 1970 3305 νομίσμα-

319 3341 414 3383 τος
442 3316 561 3389 ἃξια
590 3321 862 3392 κτήματαο
916 3317 949 3374 ἄ
1003 3319 1093 3375 καὶ
1148 3319 1313 3382 κακός
1369 3341 1451 3383 τις
1509 3317 1763 3392 κέκτηται
1831 3322 1968 3395 (93).

319 3411 434 3467 Τοῦ
484 3412 674 3463 πιστοῦ
713 3411 824 3480 (94)
852 3408 984 3472 ὅλος
1040 3409 1068 3464 6
1124 3408 1331 3482 κόσμος
1388 3414 1495 3464 τῶν
1553 3410 1882 3485 χρημάτων,
1943 3408 1971 3463 6

324 3498 597 3572 Σολομὼν
651 3497 824 3572 λέγει·
875 3504 972 3554 τοῦ
1029 3497 1086 3555 δί
1136 3500 1365 3556 ἀπίστου
1422 3498 1548 3556 οὐδὶ
1602 3496 1824 3563 ὀϐολός.
1875 3507 1975 3556 [Ii-

326 3590 478 3643 στίον
510 3586 603 3643 οὖν
632 3586 834 3660 πολλῷ
867 3586 1080 3661 μᾶλλον
1112 3593 1181 3663 τῇ
1214 3591 1426 3666 Γραφῇ,
1470 3587 1730 3666 λεγούσῃ,
1782 3591 1970 3650 Θᾰττον

325 3676 581 3749 κάμηλον
664 3674 754 3731 διὰ
824 3680 1181 3753 τρυπήματος
1261 3677 1494 3754 βελόνης
1571 3675 1970 3747 διελεύσεσθαι,

326 3767 363 3835 ἢ
399 3764 661 3820 πλούσιον
706 3763 1050 3843 φιλοσοφεῖν·
1113 3768 1394 3842 μακαρίζει
1452 3765 1498 3821 δ’
1555 3764 1790 3839 ἔμπαλιν
1848 3765 1975 3831 τοὺς

326 3855 588 3926 πένητας,
646 3855 721 3916 ὡς
782 3862 979 3923 συνῆκε
1199 3854 1464 3925 Πλάτων,
1518 3851 1711 3930 λέγων·
1782 3855 1972 3910 Πενίαν

333 3943 392 4001 δὲ
460 3945 696 4023 ἡγητέον
779 3945 842 4000 οὐ
921 3947 985 4000 τὸ
1061 3948 1160 4015 τήν
1237 3946 1418 4001 οὐσίαν
1498 3946 1707 4003 ἐλάττω
1774 3952 1971 4019 ποιεῖν,

327 4032 473 4092 ἀλλὰ
541 4036 605 4090 τὸ
686 4036 784 4103 τὴν
862 4034 1167 4107 ἀπληστίαν
1255 4035 1450 4092 πλείω·
1539 4037 1601 4091 οὗ
1685 4038 1787 4111 γὰρ
1872 4057 1971 4091 πε-

951 1719 1217 1781 Βασιλεὺς
1293 1720 1540 1818 εἰρήνης,
1601 1717 1965 1795 Μελχισεδὲκ,
1999 1756 2048 1821 Β

2088 497 2221 535 cum
2252 480 2633 549 audivissent,
2668 480 2824 553 quod
2856 483 3011 536 Deus
3040 495 3174 534 cum
3207 478 3399 550 Moyse
3443 475 3728 547 loqueba-

2088 575 2203 636 tur,
2235 578 2296 624 ut
2324 573 2372 625 si
2392 572 2513 641 quis
2542 588 2663 626 cum
2692 587 2788 625 suo
2809 572 2985 625 amico
3009 569 3320 638 loqueretur
3339 565 3438 637 (a).
3463 568 3602 621 Erat
3620 581 3728 621 au-

2087 663 2205 713 tem
2238 659 2463 731 Moyses
2496 659 2739 730 quidem
2773 658 3030 730 sapiens,
3064 674 3187 722 rex,
3234 654 3556 728 legislator.
3593 654 3726 710 Ser—

2084 752 2251 801 vator
2269 754 2467 802 autem
2501 755 2703 803 noster
2725 748 3045 802 humanam
3069 760 3307 800 omnem
3330 749 3601 798 naturam
3624 759 3729 798 su-

2086 844 2253 909 perat
2276 854 2289 904 ;
2309 837 2456 892 adeo
2480 837 2719 908 quidem
2736 837 3010 909 pulcher,
3030 839 3095 889 ut
3118 851 3153 890 a
3182 832 3353 889 nobis
3381 833 3541 888 solus
3571 846 3728 887 ame-

2085 932 2200 991 tur,
2233 928 2332 996 qui
2365 943 2560 982 veram
2590 927 2998 983 desideramus
3030 922 3538 997 pulchritudinem
3567 939 3580 977 :
3605 927 3725 976 erat

2085 1015 2245 1069 enim
2279 1016 2375 1070 Iud:
2403 1032 2532 1070 vera
2562 1016 2657 1087 (b).
2678 1018 2797 1072 Rex
2816 1022 3014 1071 autem
3047 1019 3105 1068 et
3134 1012 3385 1085 apueris
3407 1010 3722 1082 imperitis,

2085 1109 2143 1160 et
2171 1121 2206 1160 a
2236 1121 2355 1160 non
2382 1105 2760 1160 credentibus
2788 1104 3005 1160 Judaais
3035 1110 3094 1159 et
3122 1099 3534 1175 ignorantibus
3554 1115 3725 1154 voca-

2082 1199 2198 1261 tus,
2231 1199 2290 1249 et
2317 1194 2390 1249 ab
2421 1194 2566 1266 ipsis
2609 1195 2914 1266 prophetis
2965 1192 3321 1266 praedicatus
3369 1187 3723 1245 ostenditur.

2082 1281 2242 1338 Adeo
2273 1288 2471 1339 autem
2503 1283 2683 1347 dives,
2717 1289 2781 1338 ut
2809 1298 3047 1338 omnem
3081 1288 3322 1346 terram,
3348 1285 3407 1335 et
3436 1277 3596 1350 quod
3627 1292 3724 1331 su-

2082 1388 2188 1443 per
2219 1377 2461 1439 terram,
2495 1378 2554 1426 et
2584 1371 2692 1427 sub
2717 1377 2872 1428 terra
2900 1377 2989 1427 est
3025 1387 3257 1435 aurum,
3310 1383 3441 1439 quas
3488 1367 3539 1421 ei
3589 1380 3726 1421 cum

2080 1459 2244 1515 omni
2274 1459 2462 1531 gloria
2488 1459 2561 1515 ab
2610 1460 2958 1517 Adversario
3001 1458 3314 1525 dabantur,
3365 1453 3721 1526 despexerit.

2079 1548 2228 1613 Quid
2259 1549 2471 1604 attinet
2499 1549 2719 1616 dicere,
2763 1548 2921 1620 quod
2950 1548 3027 1603 sit
3075 1548 3239 1603 solus
3286 1545 3570 1617 pontifex,
3620 1543 3721 1614 qui

2081 1636 2243 1692 solus
2274 1637 2374 1691 Dei
2403 1638 2597 1693 cultus
2638 1642 2803 1693 tenet
2831 1636 3140 1691 scientiam
3159 1634 3187 1689 ?
3234 1637 3349 1689 Rem
3371 1636 3545 1704 pacis,
3586 1632 3722 1688 Mel-

2080 1726 2358 1781 chisedech
2375 1728 2467 1797 (c),
2487 1727 2588 1798 qui
2607 1726 2770 1781 solus
2788 1724 3256 1781 estvelomnium
3278 1721 3643 1800 aptissimus,
3658 1725 3725 1775 ut

2080 1815 2283 1886 praesit
2304 1815 2562 1870 humano
2593 1815 2815 1889 generi.
2841 1813 3161 1886 Legislator
3179 1817 3400 1876 autem,
3418 1814 3483 1864 ut
3502 1808 3604 1879 qui
3627 1806 3728 1863 dat

2078 1903 2267 1977 legem
2300 1904 2361 1958 in
2390 1920 2489 1959 ore
2520 1905 2967 1976 prophetarum,
3020 1919 3152 1974 quas
3201 1903 3342 1955 sunt
3370 1897 3618 1971 agenda,
3669 1901 3730 1951 et

2078 2009 2210 2064 qum
2242 2009 2385 2058 non,
2414 1993 2785 2064 apertissime
2817 1990 3172 2064 prmcipiens
3203 1994 3261 2045 et
3289 1987 3531 2043 docens.
3583 1985 3725 2051 Quis

2078 2089 2277 2138 autem
2300 2098 2369 2137 eo
2393 2080 2670 2145 nobilior,
2697 2081 2868 2152 cujus
2890 2079 3051 2135 solus
3083 2083 3251 2150 pater
3270 2082 3361 2132 est
3385 2077 3539 2131 Deus
3559 2074 3588 2129 Ἰ
3607 2076 3725 2142 Age

2076 2187 2233 2235 vero,
2254 2170 2638 2225 ostendamus
2659 2168 2967 2224 Platonem
2992 2184 3228 2238 quoque
3251 2165 3477 2221 eisdem
3511 2163 3726 2218 suifra-

2077 2260 2199 2332 gari
2214 2258 2604 2331 dogmatibus.
2635 2258 2971 2329 Sapientem
2987 2257 3049 2311 in
3066 2256 3297 2311 Phaedro
3315 2252 3556 2325 quidem
3577 2251 3729 2307 dixit

2079 2363 2207 2403 esse
2239 2347 2502 2414 divitem,
2535 2347 2777 2402 dicens:
2812 2347 2856 2403 0
2883 2347 3079 2401 dilecte
3126 2346 3265 2410 Pan,
3315 2348 3366 2398 et
3411 2343 3725 2413 quicunque

2077 2437 2180 2491 alii
2208 2438 2290 2491 dii
2321 2437 2409 2492 hic
2436 2437 2658 2502 adestis,
2684 2436 2815 2491 date
2837 2435 2997 2503 mihi,
3028 2440 3092 2489 ut
3131 2432 3369 2503 pulcher
3406 2433 3553 2486 intus
3600 2430 3726 2499 effi-

2078 2529 2234 2589 ciar;
2293 2532 2345 2580 et
2394 2541 2733 2595 quaecunque
2775 2526 3114 2578 extrinsecus
3171 2521 3361 2587 habeo,
3413 2517 3728 2573 intrinsecis

2076 2618 2187 2671 sint
2212 2617 2430 2677 amica;
2476 2616 2701 2670 divitem
2744 2619 2926 2668 autem
2971 2614 3273 2681 sapientem
3318 2609 3495 2663 solum
3542 2606 3728 2661 existi-

2076 2720 2213 2759 mem
2236 2705 2258 2760 l
2276 2704 2497 2775 Hospes
2513 2706 2712 2758 autem
2735 2700 3115 2757 Atheniensis
3138 2714 3237 2754 eos
3254 2694 3722 2768 reprehendens,

2077 2792 2179 2861 qui
2203 2789 2621 2846 existimabant
2640 2790 2777 2845 illos
2805 2804 2933 2844 esse
2954 2788 3187 2848 divites,
3211 2785 3312 2857 qui
3345 2783 3561 2838 multas
3583 2798 3719 2853 pos-

2079 2878 2275 2934 sident
2304 2879 2610 2950 pecunias,
2642 2879 2726 2934 sic
2756 2877 2937 2933 dicit:
2984 2878 3050 2933 Ut
3076 2882 3258 2930 autem
3288 2872 3447 2929 valde
3473 2874 3584 2928 sint
3630 2872 3721 2925 di-

2077 2970 2212 3022 vites
2238 2968 2405 3023 simul
2432 2974 2485 3022 et
2510 2968 2696 3038 probi,
2726 2969 2917 3036 nequit
2945 2968 3068 3034 ﬁeri
3088 2981 3107 3019 :
3136 2965 3267 3020 dico
3293 2968 3479 3018 autem
3502 2961 3720 3026 divites,

2081 3062 2144 3112 ut
2173 3058 2367 3127 vulgus
2398 3055 2701 3121 existimat,
2741 3070 2980 3110 asserens
3023 3069 3107 3109 eos
3133 3068 3241 3109 esse
3270 3053 3484 3116 divites,
3536 3052 3634 3119 qui
3660 3049 3724 3113 ἰ(

2074 3148 2250 3216 pauci
2278 3163 2305 3202 e
2333 3147 2521 3201 multis
2562 3146 2793 3199 maccimi
2816 3145 2991 3215 pretii
3010 3143 3372 3213 possessiones
3414 3139 3722 3209 possident,

2082 3252 2219 3306 quas
2247 3238 2414 3290 etiam
2454 3236 2627 3304 possit
2673 3233 2851 3289 malus
2897 3232 3131 3303 quilibet
3167 3229 3469 3301 possidere.
3520 3225 3724 3283 Fidelis

2082 3332 2160 3381 est
2190 3331 2334 3379 totus
2363 3324 2598 3378 mundus
2619 3324 3007 3394 pecuniarum,
3038 3320 3118 3376 ait
3148 3318 3450 3383 Salomon,
3488 3316 3726 3385 infidelis

2082 3421 2264 3471 autem
2293 3430 2360 3467 ne
2408 3413 2594 3467 obolus
2640 3412 2877 3482 quidem.
2930 3409 3109 3464 Multo
3159 3423 3294 3480 ergo
3337 3406 3525 3478 magis
3567 3406 3724 3461 Scri-

2082 3510 2269 3577 pturaa
2300 3501 2661 3557 credendum
2692 3506 2802 3567 est,
2824 3516 2956 3570 quas
2977 3498 3123 3553 dicit
3146 3500 3268 3566 fore
3296 3502 3357 3551 ut
3384 3495 3611 3550 celerius
3638 3511 3725 3549 ca-

2082 3594 2251 3650 melus
2282 3610 2387 3664 per
2413 3595 2664 3661 foramen
2689 3607 2818 3646 acus
2848 3594 3110 3651 transeat,
3158 3604 3324 3658 quam
3353 3593 3416 3642 ut
3463 3587 3610 3641 dives
3646 3585 3730 3651 (d)

2082 3682 2554 3756 philosophetur.
2571 3681 2789 3736 Contra
2803 3685 3000 3734 autem
3012 3691 3286 3749 pauperes
3301 3676 3482 3730 beatos
3496 3675 3572 3744 (e)
3595 3690 3730 3729 cen-

2084 3777 2193 3835 set,
2212 3769 2717 3842 quemadmodum
2735 3768 2900 3823 Plato
2923 3766 3234 3831 intellexit,
3251 3763 3455 3819 dicens
3481 3780 3494 3817 :
3510 3765 3729 3834 Pauper

2082 3868 2265 3917 autem
2292 3862 2413 3929 ﬁeri
2443 3866 2521 3913 est
2542 3857 2959 3923 eristimandus,
2984 3856 3135 3912 159
3169 3871 3276 3909 non
3302 3855 3457 3925 cujus
3480 3854 3728 3924 pecunia:

2080 3950 2374 4018 facultates
2402 3946 2753 4012 minuuntur,
2776 3946 2871 4001 sed
2924 3961 3080 4015 cujus
3127 3946 3415 3999 insatietas
3468 3948 3725 4012 augetur.

2084 4040 2203 4094 Non
2233 4044 2311 4092 est
2340 4040 2483 4092 enim
2506 4042 2830 4108 paupertas,
2854 4036 3108 4106 pecuniae
3133 4036 3405 4107 paucitas,
3440 4032 3534 4087 sed
3580 4034 3729 4086 insa-

391 4180 454 4243 ιι(
480 4182 544 4236 Ρ.
578 4181 682 4237 440
712 4181 824 4236 ED.
866 4181 1160 4247 POTTER,
1199 4182 1303 4237 369
1325 4183 1437 4239 ΕΙ).
1480 4183 1709 4240 PARIS.
1744 4183 1818 4252 (a)
1848 4183 1965 4237 Exo

2089 4198 2260 4249 :xxm,
2294 4181 2379 4236 11.
2427 4182 2501 4252 (b)
2530 4181 2695 4236 Joan.
2733 4197 2769 4247 ι,
2800 4180 2855 4234 9.
2888 4180 2957 4251 (c)
2988 4177 3164 4233 Hebr.
3204 4194 3302 4247 vn,
3335 4178 3389 4230 2.
3420 4176 3504 4247 (ά)
3522 4174 3726 4229 Matth.

318 4269 435 4319 xIx,
468 4255 555 4307 24.
591 4255 662 4326 (e)
693 4253 893 4308 Matth.
918 4270 971 4319 ν,
1003 4253 1056 4307 3.

389 4396 496 4467 (84)
545 4392 864 4467 Έννὲωρος.
927 4397 1215 4451 Homerus
1267 4396 1455 4466 Odyss.
1514 4397 1576 4464 Τ,
1646 4412 1797 4451 vers.
1850 4395 1969 4463 178,

319 4466 764 4534 Cretaaincolas
802 4467 1166 4534 describens,
1200 4469 1282 4522 ait
1314 4484 1327 4521 :

318 4538 475 4613 Ῑοῖαι
508 4532 554 4590 δ’
584 4536 661 4613 ἐνί
683 4539 954 4613 Κνιυσσὸς,
992 4532 1201 4613 μεγάλη
1220 4535 1412 4613 πόλις·
1439 4533 1560 4599 ἔνθα
1576 4555 1646 4613 ’τε
1676 4536 1857 4598 Μίνως

314 4606 611 4683 Ἐννὲωρος
637 4608 911 4683 βασίλευε,
936 4606 1339 4683 Δι’ὸς’μεγάΛου
1362 4608 1642 4683 ὀαριστής.

318 4682 466 4736 Inter
495 4682 595 4735 hoc
625 4689 701 4735 est
734 4682 983 4741 Cnossus.
1016 4698 1218 4751 magna
1249 4682 1375 4735 urbs
1406 4698 1424 4735 :
1454 4682 1548 4735 ubi
1579 4683 1750 4736 Minos

319 4754 423 4807 Per
442 4768 634 4806 novem
665 4769 837 4807 annos
864 4757 1137 4822 regnavit,
1163 4755 1312 4807 lovis
1340 4756 1526 4820 magni
1556 4751 1960 4820 confabulator.

389 4825 504 4894 (85)
564 4822 852 4883 Βασιλεύς.
928 4825 1188 4895 Respicit
1267 4824 1465 4879 Matth.
1541 4840 1662 4888 xxx,
1738 4826 1791 4889 9,
1853 4826 1960 4889 1ος

318 4895 491 4950 Marc.
524 4911 601 4960 χι,
636 4898 689 4961 9,
724 4898 811 4958 10,
841 4896 930 4950 vel
966 4897 1099 4950 Luc.
1131 4912 1247 4962 xix,
1271 4897 1359 4950 38.

2151 4398 2264 4467 (88)
2292 4392 2536 4467 Φαίδρῳ.
2588 4397 2722 4451 Ηωο
2753 4394 2861 4450 sub
2894 4394 3077 4449 finem
3106 4389 3333 4449 Phaedri
3359 4387 3584 4461 profert
3612 4387 3723 4442 So-

2000 4502 2044 4568 D
2080 4475 2293 4535 crates,
2317 4485 2375 4539 p.
2412 4468 2569 4522 1243.

2149 4556 2258 4626 (89)
2288 4556 2355 4609 Ὦ
2384 4576 2440 4626 φ.
2475 4556 2542 4607 Ὤ
2572 4552 2697 4619 φίλε
2756 4557 2973 4626 Πᾶνυτε,
3002 4551 3093 4605 καὶ
3124 4547 3322 4626 ἄλλοι..
3346 4546 3463 4603 ὅσοι
3488 4542 3646 4626 τῇδε⁵
3671 4556 3721 4609 0.

2295 4615 2442 4685 Mox.
2464 4614 2698 4696 τᾶξωθεν
2731 4641 2837 4696 pro
2870 4614 3083 4691 ἔξωθεν,
3129 4628 3187 4677 et
3243 4617 3377 4694 φίλα
3405 4636 3510 4692 pro
3536 4614 3544 4620 ’
3567 4614 3718 4693 φίλα.

2140 4717 2156 4753 ι
2211 4743 2216 4749 .

2140 4717 2216 4753 ια.

2143 4769 2254 4839 (90)
2283 4765 2606 4827 Πλουσίους.
2638 4768 2768 4822 Haec
2800 4771 3121 4822 occurrunt
3175 4763 3283 4819 sub
3341 4763 3521 4818 tinem
3553 4758 3656 4815 lib.
3692 4777 3723 4813 ν

2072 4830 2155 4896 De
2179 4830 2408 4910 leQibus,
2439 4854 2571 4912 pag.
2609 4839 2732 4893 849.

2145 4909 2252 4990 (91)
2305 4909 2541 4995 Σφόδρα*
2583 4916 2716 4971 εἶναι
2782 4915 3077 4990 κᾶγαθοός.
3141 4909 3363 4993 Σφόδρα
3410 4909 3501 4966 καὶ
3560 4909 3717 4983 cit-(a0.

535 4964 961 5047 ξρντικειμςνου.
1041 4968 1162 5047 Hoc
1198 4973 1306 5047 Est
1354 4967 1583 5047 Stanz:
1640 4982 1779 5047 na_m
1836 4975 1964 5047 per

2089 4964 2261 5047 ριὲὶόἶ

317 5032 406 5093 est
435 5032 735 5099 ἀντίδικος.
768 5032 1131 5095 adversarius.
1198 5036 1495 5093 Barnabas
1545 5053 1670 5108 cap.
1705 5040 1738 5091 2
1768 5054 1780 5090 :
1832 5037 1964 5090 Cum

314 5111 423 5165 sint
453 5125 583 5178 ergo
613 5109 730 5164 dies
759 5108 1098 5179 nequissimi,
1131 5115 1184 5164 et
1216 5108 1539 5164 Contrarias
1570 5109 1767 5163 habeat
1798 5108 1964 5176 hujus

312 5181 864 5306 megligpoitgstatem.
901 5181 1161 5253 Respicit
1208 5189 1404 5235 autem
1436 5180 1709 5235 Clemens
1760 5179 1961 5233 Matth.

315 5267 388 5306 Iv.
463 5294 477 5306 .
540 5295 554 5306 .
665 5294 677 5305 .

315 5267 388 5307 Iv.
420 5256 477 5319 8,
501 5256 554 5315 9,
592 5256 677 5306 10.

388 5323 501 5392 (87)
532 5322 594 5392 ’ρ
627 5319 793 5392 μόνος
821 5320 996 5379 ὲπιστ.
1031 5324 1163 5378 Hmc
1194 5322 1522 5378 Stoicorum
1552 5321 1727 5377 verba
1780 5324 1921 5392 sunt
1950 5335 1963 5373 :

315 5387 731 5466 qu‘iebeéﬁsiav,
768 5399 913 5449 teste
946 5395 1173 5449 Laertio
1205 5394 1312 5466 lib.
1351 5411 1445 5448 vn.
1482 5411 1581 5463 seg
1639 5397 1759 5460 119,
1782 5464 1792 5466 ᾼ
1818 5391 1964 5466 (1βῆ-

314 5462 562 5537 niebant
588 5464 897 5534 ἐπιστήμην
931 5468 1061 5528 θεῶν
1096 5464 1389 5537 θεραπείας.
1424 5462 1705 5520 Eamdem
1762 5462 1969 5537 delini-

317 5535 542 5591 tionem
574 5543 910 5591 memorant
956 5534 1394 5592 etiam‘Sextus
1434 5537 1766 5608 Empiricus
1822 5534 1963 5591 Adv.

319 5608 739 5679 Mathematicos
770 5626 821 5679 p_.
854 5609 975 5673 330,
1010 5608 1275 5664 Stobaeus
1305 5609 1366 5663 in
1418 5608 1638 5679 Eclogis
1668 5608 1877 5677 ethicis,
1910 5610 1969 5661 et

321 5626 739 5663 mathematicos
814 5651 821 5659 .
854 5626 930 5663 est

321 5677 532 5735 Suidas
562 5697 616 5738 ν.
642 5626 930 5737 Εὐσάῐὲεια.

2144 5070 2253 5152 (ρξὶ)
2306 5065 2589 5152 tilitatem
2650 5070 2781 5123 Haec
2839 5085 2968 5152 vox
3008 5084 3044 5124 a
3099 5065 3407 5123 nonnullis
3459 5063 3725 5121 Platonis

2075 5139 2437 5198 editionibus
2468 5156 2779 5213 perperam
2807 5139 2993 5195 abest.

2143 5230 2257 5301 (93)
2316 5229 2606 5297 Κέκτηται.
2665 5229 2862 5285 Malim
2918 5225 3132 5297 κὲκτητ⁹
3189 5223 3277 5295 ἄν,
3347 5225 3507 5299 quod
3549 5224 3729 5282 habet

2074 5302 2260 5444 P1232).
2286 5374 2399 5428 Τοῦ
2428 5391 2488 5427 π.
2515 5373 2677 5444 Hanc
2705 5372 3067 5428 sententiam
3115 5370 3390 5444 Clemens
3447 5386 3517 5424 ex
3574 5384 3719 5438 apo-

2075 5441 2297 5517 crypho
2328 5444 2586 5517 quodam
2619 5442 2771 5499 libro
2803 5445 3131 5516 sumpsisse
3163 5441 3415 5497 videtur.

2147 5535 2255 5605 (95)
2312 5532 2400 5594 Ὦς
2448 5537 2663 5600 συνῆκε.
2715 5533 2864 5605 Legi,
2909 5536 3103 5605 potest
3156 5530 3377 5605 et_iam,_
3414 5526 3719 5605 bufmvﬁxf,

2074 5597 2721 5733 qeuod'intellercit.Mox,
2771 5597 2928 5693 ’vul‘g:
2987 5602 3250 5658 Platonis
3309 5598 3402 5655 ed.
3448 5597 3551 5655 lib.
3584 5614 3617 5652 v
3644 5599 3720 5653 De

2127 5677 2239 5733 mb.
2276 5677 2352 5733 μή
2377 5695 2439 5731 το
2461 5677 2560 5733 τήν
2592 5692 2698 5733 pro
2729 5694 2792 5729 ου
2820 5695 2883 5730 το
2911 5693 2964 5733 τ.
2998 5675 3270 5730 δηδυιιο.

2126 5677 2239 5747 yib.
2276 5677 2352 5749 μή
2377 5675 2439 5731 τὸ
2461 5677 2560 5746 τήν
2591 5692 2698 5749 pro
2729 5675 2792 5729 οὗ
2820 5675 2964 5733 τὸ’τ.
2998 5675 3270 5730 δηδυιιο.
