4050 6188
309 298 407 355 961

1660 299 2106 355 ΒΤΒΟΜΔἸἪΠ
2143 293 2278 355 LIB.
2323 299 2394 354 ΙΙ.

3623 319 3730 374 962

311 421 650 500 προφητείας
721 425 859 494 (19),
920 419 1043 478 οὔτε
1094 430 1196 492 τῆς
1251 428 1360 478 τῶν
1419 423 1727 478 ἀκουόντων
1778 421 1964 476 εὐπει-

2082 425 2178 494 qui
2212 440 2340 479 eam
2363 425 2634 482 audiunt.
2683 429 3021 494 Quinetiam
3068 434 3248 491 aridae
3295 436 3559 508 festucaa,
3592 458 3725 512 quae

309 510 453 573 θείας
521 513 598 584 μὴ
673 513 974 586 παροόσης.
1036 514 1140 568 Καὶ
1181 514 1282 589 γάρ
1335 513 1402 567 τὰ
1456 515 1635 591 κάρφη
1695 515 1762 567 τὰ
1812 513 1970 586 ξηρὰ,

308 597 506 672 ἕτοιμα
538 596 667 655 ὄντα
713 597 1110 676 καταδέχεσθαι
1159 603 1260 672 τὴν
1321 599 1545 674 δύναμιν
1599 603 1695 671 τὴν
1753 621 1970 656 καυστι-

305 691 434 758 κὴν,
467 688 601 766 ῥᾷον
633 689 936 759 ἰξάπτεται·
965 691 1055 744 καὶ
1089 693 1124 759 ἡ
1160 687 1314 754 λίθος
1345 693 1457 763 (‘20)
1489 694 1522 760 ἡ
1556 689 1969 766 θρυλλουμένη,

303 773 455 832 ’ἕλκει
489 779 583 832 τὸν
615 776 844 855 σίδηρον
879 777 968 833 διὰ
1014 780 1346 854 συγγένειαν.
1400 779 1583 854 ὥσπερ
1631 781 1719 834 καὶ
1751 780 1814 834 τὸ
1881 776 1972 833 δά·

301 887 469 940 κρυον
521 868 582 923 τὸ
615 866 845 942 σοόχιον
905 866 1196 923 ἐπισπᾶται
1225 868 1293 923 τὰ
1343 869 1550 946 κάρφη,
1579 870 1672 924 καὶ
1712 869 1774 922 τὸ
1804 865 1972 936 ἤλεκο

303 975 434 1030 τρον
518 957 615 1018 τάς
675 957 956 1032 ἀχυρμιάς
1018 957 1308 1014 ἀνακινεῖ.
1367 957 1612 1021 Πείθεται
1673 954 1730 1012 δὶ
1786 956 1972 1018 αὐτοῖς

305 1045 378 1098 τὰ
419 1042 716 1118 ἑλκόμενα,
770 1044 996 1121 ἀρρήτῳ
1053 1045 1326 1119 ἑλκόμενα
1382 1046 1675 1119 πνεύματι,
1736 1045 1849 1120 οὐχ
1898 1045 1972 1107 ὡς

307 1132 482 1203 αἴτια,
518 1133 646 1189 ἀλλ’
704 1135 777 1197 ὡς
841 1135 1102 1193 συναίτια.
1164 1135 1376 1191 Διπλοῦ
1426 1136 1608 1190 τοίνυν
1677 1136 1831 1196 ὄντος
1879 1139 1976 1189 106

307 1229 410 1291 τῆς
485 1223 676 1287 κακίας
751 1221 948 1285 εἷ’δους·
1030 1228 1128 1279 106
1204 1224 1332 1298 μὲν,
1417 1225 1552 1297 μετὰ
1618 1223 1828 1292 ἀπάτης
1884 1224 1974 1278 καὶ

305 1316 406 1366 106
450 1311 758 1380 λανθάνειν,
815 1317 913 1367 τοῦ
973 1310 1032 1368 δὲ
1091 1315 1227 1385 μετά
1288 1314 1410 1389 βίας
1469 1310 1701 1388 ἄγοντος
1759 1313 1848 1368 καὶ
1881 1314 1974 1386 cpi-

313 1419 527 1476 ροντος·
585 1402 613 1454 ὁ
659 1402 800 1463 Θεῖος
851 1400 1024 1475 Λόγος
1075 1402 1328 1478 κὲκραγε,
1387 1403 1588 1464 πάντας
1650 1396 1972 1472 συλλήϐδην

308 1489 533 1545 καλῶν
596 1487 754 1550 εἰδὼς
813 1491 907 1562 μὲν
967 1491 1053 1544 καὶ
1125 1493 1362 1563 μάλιστα
1415 1491 1543 1553 τοὺς
1607 1493 1683 1563 μή
1745 1511 1973 1558 πεισθη-

311 1578 606 1651 σομένους,
665 1580 820 1651 ὅμως
882 1577 930 1634 δ’
981 1578 1115 1647 οὗν,“
1155 1581 1238 1634 ὅτι
1297 1579 1378 1656 ἐφ’
1433 1582 1562 1652 ἡμῖν
1609 1580 1671 1634 τὸ
1701 1579 1972 1643 πείθεσθαί

308 1687 370 1722 τε
421 1668 509 1721 καὶ
574 1667 652 1740 μή
689 1709 704 1735 ,
762 1667 836 1729 ὡς
904 1668 982 1740 μὴ
1047 1665 1195 1742 ἔχειν
1255 1666 1474 1741 ἃγνοιαν
1541 1667 1972 1746 προφασίσασθαί

2081 522 2220 570 sunt
2244 524 2462 587 paratas
2493 520 2566 574 ad
2599 522 3038 593 suscipiendam
3064 527 3216 598 ignis
3240 529 3351 584 vim
3374 531 3605 587 facilius
3628 550 3726 590 ac-

2078 605 2450 674 cenduntur;
2484 613 2544 662 et
2571 609 2722 680 lapis
2751 612 2920 685 vulgo
2953 614 3284 672 celebratus
3333 619 3557 676 ferrum
3607 627 3723 679 tra-

2077 694 2163 748 hit
2209 702 2271 766 ιι‹
2319 703 2560 768 propter
2605 705 2830 755 natura;
2875 705 3312 775 cognationem,
3360 716 3420 762 et
3464 709 3727 782 lacryma

2079 784 2304 837 succini
2344 787 2590 840 attrahit
2634 788 2914 857 festucas,
2965 797 3024 846 et
3066 793 3351 852 electrum
3396 807 3728 856 commovet

2078 873 2300 943 paleas.
2336 876 2431 931 Eis
2461 884 2662 933 autem
2696 889 2926 950 parent,
2959 899 3091 953 qum
3124 887 3458 955 trahuntur,
3491 891 3723 947 occulto

2078 963 2334 1031 quodam
2367 965 2578 1035 spiritu
2606 973 2811 1036 tracta,
2844 987 2964 1025 non
3004 978 3070 1026 ut
3098 973 3458 1046 principales
3507 995 3722 1036 causai.

2079 1051 2182 1105 sed
2212 1058 2277 1106 ut
2305 1053 2676 1124 adjuvantes.
2710 1058 2854 1113 Cum
2896 1061 2972 1115 sit
3001 1078 3139 1134 ergo
3178 1063 3396 1135 duplex
3444 1067 3568 1120 vitii
3623 1085 3724 1140 ge-

2079 1156 2231 1194 nus:
2265 1157 2450 1196 unum
2482 1145 2743 1214 quidem.
2769 1149 2926 1218 quod
2949 1149 3085 1205 dolo
3116 1168 3224 1207 nos
3257 1159 3314 1207 et
3343 1153 3721 1224 clanculum;

2077 1228 2329 1284 alterum
2353 1238 2573 1299 autem,
2605 1236 2762 1305 quod
2793 1244 2997 1308 aperta
3024 1240 3074 1293 vi
3097 1242 3434 1313 aggreditur
3459 1246 3681 1316 etrapit
3708 1264 3723 1312 ;

2077 1319 2310 1374 divinus
2334 1319 2515 1391 Logos
2539 1324 2835 1389 clamavit,
2857 1343 3064 1384 omnes
3096 1330 3276 1385 simul
3304 1348 3558 1399 vocans;
3583 1341 3641 1388 et
3661 1333 3730 1388 li-

2077 1413 2171 1462 cet
2199 1425 2299 1463 eos
2330 1410 2659 1467 certissime
2690 1416 2936 1483 noverit,
2969 1419 3068 1486 qui
3113 1435 3234 1473 non
3278 1427 3416 1474 sunt
3447 1422 3721 1492 parituri,

2079 1505 2298 1562 tamen,
2342 1501 2623 1570 quoniam
2655 1505 2810 1560 160
2842 1506 2902 1560 in
2951 1514 3153 1563 nostra
3201 1517 3491 1580 potestate
3543 1514 3722 1566 situm

2077 1593 2186 1653 est,
2220 1594 2418 1643 utrum
2443 1606 2777 1660 pareamus,
2797 1609 3006 1654 necne.
3032 1612 3106 1649 ne
3129 1598 3262 1667 quis
3284 1601 3471 1668 possit
3491 1600 3725 1656 causari

2079 1682 2428 1745 praatextum
2460 1677 2830 1748 ignorantia),
2870 1682 3088 1750 justam
3145 1684 3285 1738 fecit
3331 1688 3722 1755 vocationem,

308 1777 461 1820 τινας
496 1799 509 1824 ,
579 1753 790 1810 δικαίαν
849 1758 949 1825 τήν
1031 1755 1230 1825 κλῆσιν
1308 1756 1654 1826 πεποίηται,
1713 1757 1775 1811 τὸ
1833 1757 1968 1812 κατὰ

2082 1771 2136 1819 et
2185 1767 2344 1836 quod
2399 1775 2680 1838 prmstare
2731 1777 2979 1841 possunt
3026 1773 3498 1846 uniuscujusque
3546 1777 3724 1846 vires,

308 1839 543 1916 δύναμιν
607 1840 664 1898 δὲ
725 1843 953 1898 ἑκάστου
1010 1843 1228 1899 άπαιτεῖ
1307 1847 1438 1916 (21).
1518 1846 1648 1906 Τοῖς
1707 1847 1800 1918 μὲν
1860 1845 1965 1920 γάρ

311 1934 454 2005 ὁμοῦ
529 1936 608 2002 τῷ
665 1931 840 1996 θέλειν
911 1933 1004 1987 καὶ
1088 1933 1149 1987 τὸ
1243 1930 1496 1996 δύνασθαι
1570 1945 1848 2008 πάρεστιν,
1910 1933 1969 1988 ἐκ

311 2023 700 2092 συνασκήσεως
754 2021 1026 2091 ηὐζηκόσι
1077 2026 1240 2076 τοῦτο
1294 2024 1454 2094 (22),
1533 2022 1622 2076 καὶ
1702 2033 1966 2091 κεκαθαρ-

315 2107 526 2182 μένοις·
590 2110 641 2164 οἱ
698 2107 778 2176 δὲ,
828 2110 874 2164 εἰ
928 2111 1018 2165 καὶ
1081 2112 1250 2182 μήπω
1315 2106 1596 2178 δύνανται,
1656 2110 1718 2165 τὸ
1772 2111 1969 2185 βούλε-

309 2199 434 2252 σθαι
488 2195 597 2269 ἤδη
658 2195 911 2274 ἔχουσιν.
969 2201 1165 2275 Ἔργον
1226 2196 1285 2252 δὶ
1360 2200 1422 2253 τὸ
1501 2200 1595 2271 μὲν
1676 2197 1965 2274 βούλεσθαι

307 2289 522 2362 ψυχῆς,
585 2286 650 2341 τὸ
702 2289 954 2362 πράττειν
1007 2284 1094 2358 δὲ,
1149 2286 1248 2342 οὐκ
1314 2287 1436 2341 ἄνευ
1491 2287 1766 2360 σώματος.
1827 2285 1968 2344 Οὖδὶ

315 2376 422 2447 μὴν
481 2379 561 2448 τῷ
617 2374 762 2431 τέλει
822 2382 1252 2451 παραμετρεῖται
1313 2376 1464 2449 μόνῳ
1529 2378 1595 2430 τὰ
1649 2379 1964 2452 πράγματα,

310 2463 459 2519 ἀλλά
534 2465 622 2520 καὶ
710 2468 780 2539 τῇ
882 2465 1107 2520 ἑκάστου
1183 2465 1419 2541 κρίνεται
1505 2466 1851 2541 προαιρέσει,
1918 2465 1965 2521 εἰ

314 2550 518 2629 ῥᾳδίως
579 2551 778 2622 εἵλετο,
857 2553 902 2610 εἰ
984 2553 1066 2630 ἐφ’
1146 2555 1225 2616 οἷς
1298 2554 1541 2630 ἥμαρτεν
1622 2550 1966 2628 μετενόησεν,

314 2642 360 2697 εἶ
419 2642 631 2698 σύνεσιν
685 2637 877 2699 ἔλαϐεν
949 2642 1029 2719 ἐφ’
1100 2645 1180 2707 οἷς
1265 2640 1507 2698 ἔπταισεν
1541 2688 1556 2714 ,
1639 2645 1729 2699 καὶ
1813 2643 1959 2718 μετί-

1563 2731 1789 2809 βραδεῖα
1862 2735 1965 2808 γάρ

939 2826 1140 2898 γνῶσις
1225 2820 1282 2876 δὲ
1354 2824 1389 2888 ἡ
1440 2823 1632 2896 πρώτη
1719 2823 1968 2897 ἀναμαρ-

583 2910 822 2973 Πίστεως
909 2909 999 2966 οὖν
1072 2910 1161 2965 καὶ
1246 2913 1281 2981 ἡ
1371 2913 1626 2984 μετάνοια
1689 2911 1969 2985 κατόρθω-

319 3019 439 3072 μα·
502 2998 591 3054 ἐὰν
642 3000 743 3077 γὰρ
831 3001 908 3073 μὴ
986 2999 1244 3074 πιστεύσῃ
1328 3000 1628 3074 ἁμάρτημα
1706 3001 1834 3055 εἶναι
1919 3001 1965 3071 ᾧ

310 3088 710 3164 προκατείχετο
745 3134 761 3159 ,
822 3086 947 3143 οὐδὲ
1031 3091 1410 3163 μεταθήσεται⁵
1495 3087 1590 3143 κᾶν
1707 3089 1784 3161 μή
1868 3109 1960 3142 πι-

304 3177 529 3252 στεύσῃ,
615 3176 842 3233 κόλασιν
911 3178 1005 3250 μὲν
1059 3177 1362 3248 ἐπητῆσθαι
1419 3176 1498 3250 τῷ
1555 3175 1960 3250 πλημμελοῦνο

301 3288 374 3335 τι,
434 3267 707 3341 σωτηρίαν
775 3264 831 3322 δὶ
912 3270 994 3340 τῷ
1077 3270 1213 3322 κατὰ
1265 3267 1361 3329 τάς
1443 3266 1667 3329 ἐντολὰς
1730 3268 1960 3341 βιοῦντι,

309 3353 422 3410 οὐδ’
481 3355 627 3411 οὕτω
684 3349 1095 3429 μεταϐαλεῖται.
1149 3352 1288 3425 Ἤδη
1369 3353 1426 3410 δὲ
1508 3355 1598 3410 καὶ
1683 3358 1718 3424 ἡ
1801 3353 1961 3418 ἐλπὶς

306 3443 365 3499 ἐκ
420 3444 657 3506 πίστεως
714 3447 1052 3514 συνέστηκεν.
1139 3444 1445 3517 Ὀρίζονται
1528 3449 1656 3518 γοῦν
1722 3445 1773 3498 οἱ
1858 3445 1965 3499 ἀπὸ

303 3531 662 3596 Βασιλείδους
714 3535 811 3602 τὴν
870 3533 1072 3601 πίστιν,
1130 3536 1316 3608 ψυχῆς
1371 3534 1756 3607 συγκατάθεσιν
1827 3531 1962 3608 πρός

303 3645 359 3678 τι
415 3627 523 3678 τῶν
587 3625 663 3696 μὴ
721 3621 1018 3678 κινούντων
1074 3621 1322 3692 αἴσθησιν
1359 3665 1373 3690 ,
1434 3620 1523 3677 διὰ
1576 3622 1638 3676 τὸ
1720 3625 1794 3694 μή
1854 3643 1962 3676 πα-

302 3718 506 3787 ρεῖναι.
577 3711 771 3776 Ἐλπὶς
851 3709 908 3766 δὲ
1011 3709 1311 3786 προσδοκία
1391 3713 1636 3782 κτήσεως
1743 3711 1962 3787 ἀγαθοῦ.

301 3803 509 3870 Πιστὴν
572 3797 628 3856 δὲ
686 3799 897 3875 ἀνάγκη
948 3801 1048 3868 τήν
1132 3797 1464 3872 προσδοκίαν
1523 3801 1680 3857 εἶναι.
1770 3800 1967 3861 Ιῐιστὸς

302 3887 367 3944 δὶ
427 3891 455 3944 ὁ
513 3884 878 3965 ἀπαραϐάτως
955 3889 1257 3964 τηρητικὸς
1331 3893 1440 3943 τῶν
1503 3887 1968 3964 ἔγχειρισοὲντωνο

325 3979 726 4054 ἐγχειρίζονται
782 3976 840 4034 δὲ
885 3980 1021 4051 ’ίμῖν
1077 3979 1129 4033 οἱ
1187 3977 1310 4054 περὶ
1369 3983 1502 4034 Θεοῦ
1560 3976 1742 4054 λόγοι,
1773 3980 1862 4034 καὶ
1915 3979 1971 4033 οἳ

327 4074 463 4131 θεῖοι
516 4067 699 4144 λόγοι,
758 4070 814 4122 αἱ
872 4066 1087 4122 ἐντολαὶ
1142 4071 1287 4140 (23),
1346 4067 1438 4122 σὺν
1522 4072 1590 4142 τῇ
1647 4067 1970 4143 καταπράξει

323 4162 430 4212 τῶν
516 4157 1006 4234 παραγγελμάτων.
1097 4156 1270 4220 Οὗτός
1355 4155 1496 4212 ἔστιν
1553 4158 1581 4211 ὁ
1662 4153 1857 4220 δοῦλος
1943 4159 1972 4212 ὀ

323 4247 548 4317 πιστὸς,
606 4248 634 4302 ὁ
691 4247 828 4323 πρὸς
887 4251 984 4302 τοῦ
1044 4246 1248 4321 Κυρίου
1333 4244 1742 4318 ἐπαινούμενος.
1805 4247 1970 4304 Ἐπάν

309 2755 448 2807 γνω,
499 2734 633 2806 ὅπερ
684 2731 818 2802 ἐστὶ,
871 2734 1007 2806 μετά
1084 2738 1251 2788 ταῦτα
1321 2731 1478 2808 ἓγνω’

312 2826 512 2896 γνῶσις
574 2825 852 2894 μετάνοια·

313 2910 496 2981 τησία.

2079 1854 2275 1925 exigit.
2308 1856 2622 1912 Nonnullis
2647 1859 2806 1912 enim
2824 1858 3251 1916 simuladestet
3271 1862 3417 1917 velle
3435 1868 3494 1917 et
3514 1880 3686 1934 posse
3709 1881 3722 1931 ;

2077 1947 2143 1995 ut
2172 1942 2264 2009 iis,
2298 1943 2397 2012 qui
2435 1960 2540 2014 per
2570 1946 3055 2001 exercitationem
3106 1965 3172 2002 eo
3221 1951 3620 2020 pervenerint,
3669 1958 3727 2006 et

2077 2030 2306 2102 purgati
2331 2031 2453 2085 sint
2497 2032 2610 2086 Alii
2633 2040 2852 2097 autem,
2878 2035 2987 2090 etsi
3013 2037 3277 2092 nondum
3304 2039 3719 2110 possunt,jam

2079 2124 2279 2173 tamen
2311 2120 2532 2175 habent
2561 2122 2723 2177 velle.
2762 2124 2861 2177 Est
2892 2131 3087 2178 autem
3120 2127 3268 2181 velle
3296 2127 3539 2198 quidem
3587 2145 3723 2182 mu-

2079 2224 2191 2262 nus
2223 2209 2474 2273 animaa;
2508 2227 2680 2282 agere
2711 2218 2906 2266 autem
2938 2229 3057 2267 non
3113 2213 3240 2269 sine
3285 2231 3554 2286 corpore.
3605 2218 3722 2270 Ne-

2077 2313 2191 2366 que
2225 2313 2360 2352 vero
2393 2297 2555 2352 solus
2588 2299 2722 2354 ﬁnis
2755 2317 2848 2355 res
2889 2301 3214 2370 dimetitur,
3262 2301 3366 2357 sed
3413 2320 3494 2358 ea:
3547 2304 3726 2359 etiam

2077 2385 2546 2457 uniuscujusque
2567 2389 2854 2444 electione
2880 2391 2957 2460 diJ'
2969 2391 3284 2446 udicantur
3308 2408 3320 2446 :
3342 2392 3391 2446 si
3410 2393 3580 2448 facile
3603 2394 3725 2448 ele-

2077 2475 2179 2547 git,
2215 2474 2262 2529 si
2296 2481 2672 2546 peccatorum
2706 2495 2947 2533 suorum
2974 2479 3187 2536 ductus
3236 2487 3325 2535 est
3355 2482 3725 2553 poenitentia,

2079 2564 2128 2617 si
2161 2571 2403 2634 propter
2444 2581 2534 2628 ea,
2575 2566 2635 2620 in
2662 2567 2880 2636 quibus
2913 2569 3114 2640 lapsus
3165 2576 3272 2636 est,
3316 2587 3448 2626 eum
3500 2588 3726 2626 remor.

2079 2647 2177 2701 det
2207 2647 2594 2715 conscientia,
2629 2655 2687 2703 et
2729 2666 2986 2704 errorem
3030 2652 3384 2723 recognovit.
3429 2654 3586 2724 quod
3617 2661 3726 2722 est,

2071 2741 2265 2804 postea
2309 2739 2603 2804 cognovit:
2655 2741 2746 2792 est
2793 2738 2952 2791 enim
3004 2740 3170 2793 tarda
3217 2740 3473 2810 cognitio
3534 2741 3722 2811 paeni-

2081 2824 2302 2878 tentia:
2362 2825 2620 2895 cognitio
2678 2831 2875 2880 autem
2932 2833 3022 2880 est
3076 2827 3419 2883 innocentia
3473 2829 3544 2882 ab
3591 2829 3721 2899 ipso

2078 2912 2391 2982 principio.
2418 2913 2578 2966 Fidei
2599 2929 2734 2985 ergo
2753 2931 2898 2984 opus
2918 2919 3007 2968 est
3023 2915 3390 2986 paenitentia.
3413 2917 3532 2972 Nisi
3556 2917 3720 2972 enim

2077 3000 2399 3055 crediderit
2429 3018 2556 3056 esse
2587 3009 2914 3073 peccatum,
2949 3021 3064 3074 quo
3096 3005 3262 3074 prius
3295 3005 3624 3071 tenebatur,
3649 3007 3723 3062 ab

2079 3108 2146 3146 eo
2176 3108 2295 3146 non
2328 3091 2723 3147 dimovebitur
2747 3110 2760 3147 :
2786 3099 2843 3148 et
2864 3094 2978 3150 nisi
3000 3095 3339 3161 crediderit,
3373 3097 3425 3151 ci
3459 3097 3726 3168 quidem,

2077 3179 2176 3250 qui
2209 3179 2528 3251 delinquit,
2553 3181 2876 3252 inpendere
2901 3183 3260 3255 supplicium
3287 3202 3300 3238 ε
3334 3192 3598 3256 paratam
3620 3203 3727 3241 au-

2077 3275 2193 3324 tem
2228 3286 2358 3324 esse
2393 3271 2644 3325 salutem
2677 3276 2753 3336 ei,
2787 3272 2886 3342 qui
2921 3289 2991 3326 ex
3023 3274 3334 3344 przeceptis
3365 3274 3520 3342 vivit,
3546 3291 3620 3330 ne
3641 3275 3726 3330 sic

2077 3358 2317 3428 quidem
2351 3358 2694 3414 mutabitur.
2727 3361 2852 3414 Jam
2883 3368 3080 3416 autem
3113 3378 3248 3432 spes
3295 3379 3530 3433 quoque
3579 3381 3726 3419 con-

2079 3448 2236 3502 sistit
2255 3465 2324 3503 ex
2353 3449 2486 3504 fide.
2516 3449 2821 3504 Deflniunt
2851 3451 3048 3522 itaque
3076 3451 3254 3506 ﬁnem
3281 3457 3598 3508 sectatores
3618 3454 3728 3508 Ba-

2080 3536 2292 3602 silidis,
2352 3537 2566 3592 anima:
2628 3538 3036 3594 assensionem
3095 3539 3273 3594 alicui
3331 3558 3536 3596 eorum
3594 3559 3725 3612 qua)

2081 3642 2323 3680 sensum
2355 3643 2474 3680 non
2508 3633 2761 3693 movent,
2797 3633 3110 3698 propterea
3139 3627 3300 3698 quod
3337 3645 3456 3682 non
3487 3630 3724 3688 adsunt.

2080 3714 2221 3784 Spes
2247 3719 2444 3768 autem
2477 3721 2566 3768 est
2594 3714 2764 3769 bona:
2797 3716 3191 3786 possessionis
3224 3719 3608 3788 exspectatio.
3644 3719 3732 3774 Fi-

2079 3803 2274 3857 delem
2288 3809 2486 3858 autem
2506 3820 2747 3858 necesse
2765 3811 2855 3858 est
2872 3821 2998 3859 esse
3018 3807 3542 3876 exspectationem.
3561 3808 3728 3862 Fide-

2083 3893 2155 3947 lis
2185 3899 2524 3960 autemest,
2549 3894 2648 3965 qui
2681 3895 2828 3949 citra
2850 3897 3384 3968 transgressionem
3415 3913 3484 3953 ea
3517 3904 3725 3966 servat,

2081 4000 2212 4053 quas
2245 3989 2382 4037 sunt
2399 3983 2450 4036 ei
2471 3983 2706 4039 tradita.
2726 3983 2904 4038 Nobis
2922 3990 3121 4039 autem
3142 3985 3479 4050 traduntur,
3506 4004 3636 4058 quae
3653 3987 3727 4043 de

2081 4073 2199 4126 Deo
2214 4072 2508 4137 dicuntur,
2533 4078 2590 4126 et
2606 4072 2781 4127 verba
2796 4073 3014 4140 divina,
3037 4090 3252 4145 nempe
3271 4075 3568 4142 mandata,
3592 4093 3726 4130 cum

2083 4161 2459 4216 exsecutione
2492 4167 2944 4232 praeceptorum.
2977 4163 3080 4217 Hic
3112 4170 3201 4218 est
3227 4180 3411 4219 servus
3431 4164 3725 4232 ﬁdelism),

2082 4251 2182 4320 qui
2214 4250 2490 4306 laudatur
2514 4261 2547 4305 a‘
2577 4251 2850 4305 Domino.
2874 4251 3017 4306 Cum
3041 4257 3239 4306 autem
3267 4251 3500 4318 dixerit,
3525 4251 3728 4307 Fidelis

393 4401 542 4465 ιιαΡ.
584 4401 688 4456 443
727 4402 839 4458 EI).
880 4400 1172 4466 POTTER,
1215 4399 1580 4453 370371121).
1622 4400 1851 4454 PARIS.
1908 4400 1969 4471 (ας

2082 4401 2214 4456 λῑῑιλ.
2248 4418 2396 4469 xxiv,
2430 4404 2496 4455 45
2531 4419 2544 4469 ;
2578 4418 2709 4469 xxv,
2742 4401 2829 4456 2t.

395 4554 504 4624 (l9)
535 4548 841 4639 Οβτενμὴν
898 4569 994 4624 πρ.
1055 4552 1226 4638 [forte
1285 4549 1626 4639 legendum,
1666 4545 1818 4639 ⁹οὔτε¹
1865 4551 1969 4622 μὴν

2091 4554 2310 4639 tentias,
2337 4569 2484 4639 quas
2506 4551 2723 4607 referre
2754 4551 2932 4639 piget,
2970 4551 3230 4633 indigna)
3253 4557 3413 4639 sunt,
3431 4567 3563 4639 quae
3591 4551 3723 4609 refu

321 4621 658 4700 προφητείας
687 4621 1003 4700 ὄνησίς-τις,
1026 4628 1126 4690 τῆς
1149 4625 1257 4700 τῷν
1292 4621 1424 4700 ἀκμ-
1457 4621 1679 4700 alioqui
1732 4623 1822 4700 vel
1879 4641 1975 4678 ex-

324 4691 708 4780 pungendum
724 4691 900 4780 ’ξειυά
927 4691 1070 4763 οὔτε,
1109 4693 1199 4748 vel
1245 4693 1539 4766 genitivus
1596 4691 1812 4764 aliquis
1844 4700 1978 4766 post

323 4767 477 4824 illud
503 4769 687 4823 deest.
723 4767 995 4821 Snsuac.

397 4843 508 4908 (20)
530 4839 590 4893 Ἣ
623 4837 794 4897 λίθος.
829 4839 977 4903 Quid
1010 4840 1120 4899 est,
1151 4852 1257 4890 cur
1298 4834 1600 4908 Heraclius
1649 4835 1800 4907 lapis
1849 4835 1972 4890 fer-

322 4906 454 4966 rum
479 4912 552 4966 ad
585 4928 646 4966 se
679 4911 892 4982 trahat,
925 4910 1133 4982 ingens
1168 4908 1325 4982 i_n_ter
1344 4906 1842 4982 physicos‘pugna
1864 4913 1972 4982 est.

322 4983 580 5054 Galenus
633 4981 768 5054 lissi
827 4975 1140 5054 στοιχείων,
1329 4975 1540 5054 φυσική
1575 4975 1676 5054 γάρ
1725 4975 1808 5054 τίς
1863 4977 1973 5032 ἐστι

322 5051 550 5125 δύναμις
630 5045 855 5120 ἑλκτική
911 5045 1020 5106 τίῧν
1077 5045 1294 5125 οῗκέίων
1347 5048 1556 5119 ἑκάστῳ
1588 5045 1720 5125 ’.τῶν
1780 5045 1970 5125 ὄντων,

323 5116 505 5199 ὥσπερ
539 5122 591 5199 ἐν
631 5127 700 5196 τῇ
731 5116 874 5199 λίθω
898 5126 991 5199 *τῇ
1049 5119 1339 5199 Ἡρακλείᾳ
1390 5125 1487 5173 106
1510 5116 1796 5199 έσιδήρου..
1847 5116 1974 5176 Cle-

322 5189 494 5253 mens
526 5189 869 5260 Alexandra,
897 5189 1074 5248 ἓλκειν
1103 5189 1193 5266 ¹ἐμὸν
1229 5191 1451 5266 σίδηρον
1645 5189 1969 5266 συγγένειανε

323 5269 658 5342 Gregorius,
692 5266 914 5342 ἀρρήτῳ
942 5273 1042 5342 τῇς
1072 5263 1280 5342 φύσεως
1317 5264 1450 5342 βίᾳ·⁸
1471 5264 1598 5342 alii,
1673 5263 1976 5341 ἀποφοραῖς

321 5335 934 5410 πνευματώδεσι’,’ῐθειθ
966 5335 1278 5410 Plutarcho
1307 5335 1326 5390 ε’
1352 5335 1595 5408 quidam
1641 5335 1973 5410 magnetem

320 5407 548 5466 ferrum
580 5417 860 5483 appetere
887 5417 1168 5483 tanquam
1202 5407 1425 5483 cibum,
1457 5425 1574 5483 quo
1634 5407 1809 5462 vitam
1837 5426 1973 5483 sus-

323 5483 548 5550 tendet,
575 5479 764 5553 eaque
786 5479 1025 5553 lapides
1042 5497 1250 5553 omnes
1293 5481 1399 5553 via
1455 5479 1668 5553 vivere,
1709 5480 1974 5553 probare

323 5571 446 5610 non
477 5548 715 5610 cessant
743 5571 756 5607 :
785 5548 907 5627 non
937 5555 1005 5624 τῇ
1029 5549 1252 5627 ἀρῥή-τῳ
1293 5548 1642 5627 ἱδιότηγιηὶά
1697 5548 1822 5627 fieri
1856 5567 1974 5623 pu-

323 5633 539 5682 tamus.
573 5624 885 5682 Nonnullaa
911 5621 1086 5696 porro
1102 5621 1437 5696 pluresque
1466 5621 1805 5692 hujusmodi
1837 5621 1976 5678 s'en-

2091 4629 2310 4689 tentur,
2346 4622 2561 4694 praeter
2582 4639 2758 4678 unam
2785 4622 3010 4694 Galeni,
3044 4624 3136 4676 cui
3156 4623 3707 4694 ﬁsuccinittllemens

2087 4692 2368 4766 quaaideo
2399 4695 2545 4766 mihi
2573 4710 2692 4748 non
2725 4692 2966 4760 arridet,
3010 4693 3170 4766 quod
3219 4693 3513 4766 permulta
3545 4695 3734 4750 varias

2088 4764 2180 4820 res
2211 4765 2284 4820 ad
2309 4782 2369 4819 se
2401 4765 2687 4831 derivent,
2716 4781 2848 4819 cum
2901 4764 3134 4836 quibus,
3172 4765 3338 4819 nulla
3369 4770 3458 4819 est
3488 4783 3732 4836 prorsus

2083 4837 2365 4908 συγγένεια
2392 4852 2552 4918 .quaa
2603 4837 2761 4918 enim
2793 4835 3140 4918 rhabarbari
3172 4835 3505 4918 cumnflav‘a
3588 4836 3735 4905 bile,

2083 4906 2459 4989 quaragarici
2493 4924 2626 4989 cum
2649 4908 2870 4988 pituita
2900 4906 3232 4989 οἷ’κειότηςξῖ
3263 4908 3380 4964 alia
3406 4908 3734 4989 sileog:qum

2084 4979 2307 5034 succini
2343 4996 2475 5033 cum
2509 4979 2713 5050 paleis,
2748 4997 2880 5049 quas
2912 4981 3246 5036 adamantis
3278 4997 3411 5034 cum
3465 4980 3733 5046 festucis,

2083 5068 2214 5125 quae
2239 5051 2454 5125 planta)
2480 5051 2791 5125 cujusdam
2823 5069 2957 5107 cum
2993 5053 3278 5125 sanguine
3304 5057 3532 5125 eum.ut
3557 5051 3739 5125 tradit

2084 5124 2210 5194 ipse
2237 5122 2824 5186 Galenus,elicientis
2855 5122 3491 5193 afﬁnitasWBrodaaus,
3525 5123 3731 5178 Miscel.

2084 5194 2187 5248 lib.
2223 5210 2300 5256 ιιι,
2325 5211 2451 5264 cap.
2490 5197 2589 5264 29._
2611 5195 2877 5250 Conuacr.

2155 5261 2540 5336 (2t)_T6xa1&
2571 5261 2620 5318 δ.
2667 5306 2679 5319 .
2726 5309 2738 5321 .
2786 5309 2796 5320 .
2832 5265 3067 5319 ἀπαιτεῖ.
3105 5266 3318 5321 Lowth.
3377 5265 3600 5321 mavult
3653 5267 3733 5334 τῷ

2082 5333 2219 5389 κατὰ
2253 5333 2300 5390 δ.
2350 5379 2360 5390 .
2409 5379 2420 5390 .
2474 5380 2485 5393 .
2526 5336 2792 5392 ἀπαιτεῖν.

2152 5410 2263 5479 (2'2)
2293 5409 2490 5479 Τοῦτο.
2526 5410 2696 5464 Forte
2725 5405 2808 5479 εἷς
2837 5411 3020 5462 τοῦτο.

2155 5473 2394 5554 ζὲὂίηὶαὶ
2429 5479 2479 5554 οἳ
2535 5485 2683 5554 θεῖοι
2725 5476 2882 5554 λόγοι
2929 5480 2984 5533 αἱ
3044 5475 3224 5535 ἑντολ.
3285 5481 3350 5534 Η.
3409 5495 3517 5534 ms.
3571 5473 3730 5551 λόγοι

2083 5551 2171 5604 καὶ
2204 5551 2259 5605 αἱ
2290 5551 2425 5604 θεῖαι
2450 5549 2628 5608 ἐντολ.
2662 5549 2935 5608 SYLBhRG.
