4050 6188
386 255 497 316 963

1639 240 2051 304 CLEMENTIB
2086 238 2589 304 ALBIANDBINI

3674 236 3780 314 οδι

397 393 565 451 Deus,
595 401 754 453 eum,
786 382 879 439 cui
906 377 1132 451 aliquid
1157 350 1479 434 declaranti
1511 391 1619 448 par
1646 375 1723 430 sit
1769 372 2035 437 credere,

2155 364 2210 423 δὶ
2257 366 2402 445 εἷ’πῃ,
2472 372 2671 436 Πιστὸς
2733 373 2761 429 δ
2849 374 3002 445 Θεὸς,
3084 377 3130 450 ᾧ
3211 365 3633 457 ἆποφαινόμένῳ
3702 405 3785 439 πι-

407 476 737 550 signiﬁcat:
770 471 1030 533 declarat
1058 474 1254 524 autem
1292 468 1476 540 Logos
1521 467 1672 537 ejus,
1722 463 1823 534 qui
1873 461 2050 516 etiam

396 548 585 626 fuerit
606 568 742 622 Deus
773 563 874 618 ille
897 560 1072 630 ﬁdelis
1093 559 1171 629 (a)
1198 555 1505 623 Quomodo
1539 571 1703 627 ergo,
1738 553 1785 608 si
1809 548 2051 606 credere

400 662 494 713 est
526 653 885 717 existimare,
921 664 1054 720 qua)
1083 646 1155 703 ab
1187 645 1332 718 ipsis
1385 644 1671 699 dicuntur
1712 638 2049 713 philosophi

403 748 577 803 ﬁrma
606 759 732 798 esse
762 737 1020 812 putant?
1047 738 1173 792 Non
1204 742 1293 790 est
1325 734 1484 789 enim
1517 730 1894 794 existimatio,
1946 746 2046 785 vo-

401 833 664 891 luntaria
695 825 1222 884 demonstrationis
1252 820 1643 895 praecedentis
1667 828 1730 891 »χι
1759 817 2046 884 assensio,

380 922 505 980 sed
529 918 703 975 alicui
736 916 930 972 valido
962 933 1030 972 ac
1061 913 1289 987 potenti
1316 911 1609 967 assensio.
1660 909 1799 975 Quis
1850 911 2047 963 autem

375 1014 517 1067 'Deo
550 1007 728 1062 fuerit
756 1004 1102 1078 potentior?
1134 1001 1465 1057 ‘Inﬁdelitas
1496 1003 1693 1055 autem
1725 1002 1815 1051 est
1862 1011 2049 1067 oppo-

400 1098 496 1153 siti
531 1095 831 1151 imbecilla
851 1110 919 1150 ac
940 1092 1208 1167 negativa
1237 1088 1593 1146 existimatio
1618 1104 1631 1141 :
1668 1084 2048 1157 quemadmo-

400 1184 541 1240 dum
570 1184 850 1241 credendi
900 1181 1223 1238 dil‘ﬁcultas
1270 1184 1360 1234 est
1408 1177 1664 1243 habitus,
1716 1173 1816 1247 qui
1868 1172 2045 1228 ﬁdem

400 1273 729 1332 difﬁciliter
756 1271 1037 1329 admittit.
1062 1271 1133 1323 Et
1152 1267 1300 1324 ﬁdes
1324 1266 1564 1338 quidem
1596 1270 1685 1319 est
1712 1260 2046 1318 voluntaria

395 1364 778 1431 existimatio,
811 1366 871 1417 et
899 1358 1243 1431 anticipatio
1291 1354 1602 1429 prudentis
1652 1365 2045 1425 praecompre-

398 1453 726 1511 bensionis.
761 1448 1133 1522 Exspectatio
1163 1452 1361 1502 autem
1393 1450 1483 1499 est
1511 1442 1711 1515 opinio
1741 1440 1943 1496 futuri.
1977 1440 2048 1494 Et

396 1545 626 1596 caeteris
657 1536 901 1610 quidem
953 1533 1390 1606 expectationes
1439 1535 1579 1586 sunt
1608 1529 1921 1601 opiniones
1969 1525 2043 1581 de

396 1629 641 1685 incertis
669 1645 683 1682 :
717 1626 934 1682 ﬁducia
956 1632 1155 1680 autem
1187 1628 1277 1677 est
1298 1622 1470 1677 ﬁrma
1498 1621 1571 1675 de
1602 1619 1802 1689 aliquo
1834 1632 2041 1688 appre-

396 1719 627 1774 hensio.
659 1717 850 1783 Quare
882 1714 937 1771 ei
964 1712 1284 1779 credimus,
1316 1711 1377 1765 in
1401 1726 1517 1781 quo
1549 1708 1829 1764 ﬁduciam
1858 1704 2039 1760 habe-
2070 1724 2120 1792 B

398 1824 553 1872 mus,
587 1823 695 1862 nos
743 1805 992 1878 gloriam
1035 1801 1293 1857 divinam
1343 1806 1401 1854 et
1447 1798 1699 1854 salutem
1753 1811 2037 1851 consecu-

396 1902 579 1952 turos.
603 1897 670 1950 In
693 1895 817 1950 solo
839 1898 1035 1948 autem
1060 1891 1177 1945 Deo
1220 1888 1495 1945 ﬁduciam
1525 1886 1837 1948 habemus,
1862 1890 2039 1955 quem

393 1987 619 2044 scimus
648 2002 770 2040 non
800 1990 1310 2055 transgressurum
1334 1995 1422 2044 ea,
1457 1994 1587 2048 qua:
1621 1980 1761 2031 sunt
1790 1973 2039 2045 pulchre

396 2076 570 2132 nobis
585 2073 898 2147 promissa,
920 2088 1050 2143 qua;
1073 2086 1206 2125 cum
1230 2069 1291 2122 in
1318 2067 1476 2121 hunc
1499 2066 1679 2121 ﬁnem
1698 2068 1892 2118 creata
1920 2062 2041 2117 fue-

397 2166 539 2231 rint,
572 2163 644 2220 ab
675 2164 802 2235 ipso
833 2159 1116 2217 benevole
1146 2157 1318 2214 nobis
1348 2156 1486 2212 data
1517 2160 1677 2210 sunt.
1711 2155 1812 2207 Est
1840 2157 2039 2208 autem

394 2252 827 2317 benevolentia,
857 2250 1011 2304 bene
1042 2247 1190 2302 velle
1221 2246 1391 2301 alteri
1433 2244 1594 2298 illius
1621 2242 1809 2313 ipsius
1829 2240 2037 2312 gratia.

396 2344 503 2400 Ille
531 2342 692 2399 enim
714 2338 940 2395 nullius
971 2336 1232 2410 indiget:
1261 2336 1322 2389 in
1345 2350 1452 2389 nos
1470 2337 1667 2388 autem
1698 2328 1917 2385 desinit
1936 2328 2040 2383 be-

401 2431 744 2492 neﬁcentia.
776 2433 835 2482 et
863 2444 994 2498 qua)
1025 2430 1115 2480 est
1143 2441 1178 2480 a
1206 2423 1457 2479 Domino
1504 2419 1861 2492 benignitas,
1905 2432 2042 2471 cum

404 2521 482 2577 sit
500 2520 676 2593 plane
699 2517 894 2573 divina
909 2512 1340 2579 benevolentia,
1364 2526 1616 2582 qumque
1638 2509 1698 2563 in
1714 2508 1827 2562 hoc
1848 2504 2042 2561 solum

402 2609 614 2677 tendit,
643 2612 712 2662 ut
740 2604 892 2660 bene
913 2603 1114 2659 faciat.
1146 2601 1204 2657 Si
1230 2605 1428 2656 autem
1460 2598 1714 2661 Abrahae,
1740 2597 1837 2667 qui
1865 2594 2046 2650 credi-

401 2699 505 2763 dit,
538 2702 856 2767 reputatum
887 2699 965 2747 est
1009 2691 1084 2745 ad
1118 2690 1399 2763 justitiam
1430 2687 1549 2759 (b);
1594 2700 1798 2741 semen
1847 2690 2044 2739 autem

402 2786 651 2843 Abrahae
684 2800 890 2839 sumus
905 2797 1017 2836 nos
1041 2798 1054 2847 ;
1075 2797 1179 2852 per
1200 2777 1469 2835 auditum
1490 2790 1729 2847 quoque
1761 2773 1934 2828 nobis
1956 2776 2048 2827 est

403 2873 787 2932 credendum.
821 2869 1103 2925 Israelita:
1137 2868 1295 2923 enim
1346 2881 1553 2922 sumus
1597 2881 1727 2930 nos,
1775 2862 1874 2934 qui
1926 2875 2046 2915 non

403 2982 509 3037 per
539 2964 727 3037 signa,
758 2960 860 3017 sed
892 2976 997 3033 per
1026 2957 1291 3014 auditum
1335 2954 1654 3011 credimus.
1704 2954 2044 3022 Propterea,

403 3057 637 3120 Laetare,
668 3050 887 3117 sterilis,
920 3064 1043 3119 quae
1084 3062 1197 3101 non
1236 3047 1430 3116 paris:
1478 3058 1701 3112 erumpe
1747 3046 1797 3096 et
1840 3039 2036 3105 clama,

400 3144 620 3216 inquit,
652 3158 773 3213 qua:
802 3155 913 3195 non
939 3139 1192 3210 parturis
1211 3153 1232 3200 ;
1262 3135 1522 3206 quoniam
1562 3133 1724 3186 multi
1766 3135 1893 3186 sunt
1935 3128 2042 3198 ﬁlii

398 3234 621 3291 desertae
679 3232 857 3301 magis
910 3244 1075 3299 quam
1130 3227 1270 3296 ejus,
1326 3241 1448 3295 qua:
1497 3221 1657 3277 habet
1716 3223 1895 3276 virum
1945 3218 2038 3290 (c).

405 3323 612 3378 Vixisti
657 3324 717 3375 in
773 3319 1011 3374 circuitu
1047 3314 1269 3386 populi,
1320 3312 1589 3367 benedicti
1633 3316 1759 3365 sunt
1805 3306 1915 3379 ﬁlii
1961 3310 2045 3362 tui

399 3414 457 3467 in
501 3407 868 3466 tabernaculis
910 3410 1140 3476 patrum
1184 3410 1424 3458 tuorum.
1478 3400 1534 3455 Si
1575 3404 1774 3455 autem
1822 3397 2043 3453 caedem

403 3499 747 3556 mansiones
770 3513 805 3552 a
833 3494 1144 3567 prophetia
1171 3499 1230 3547 et
1258 3490 1431 3546 nobis
1462 3505 1666 3544 rursus
1699 3494 1757 3543 et
1789 3487 2041 3542 Patriar-

404 3588 532 3644 chis
565 3583 1034 3642 annuntiantur:
1082 3572 1414 3636 ostenditur
1455 3593 1641 3633 unum
1691 3591 1819 3631 esse
1861 3576 2044 3630 Deum

409 3675 719 3745 utriusque
734 3671 1092 3729 testamenti.
1109 3668 1632 3741 Subjungititaque
1647 3664 2041 3720 manifestius:

404 3764 760 3819 Haereditasti
809 3766 1211 3825 testamentum,
1261 3756 1483 3819 Israel;
1529 3755 1839 3825 alloquens
1890 3769 2042 3819 eam,

402 3870 534 3927 quae
561 3858 650 3907 est
680 3868 750 3906 ex
800 3847 1095 3922 gentibus,
1143 3845 1535 3911 vocationem,
1582 3860 1709 3914 quae
1762 3847 1887 3898 erat
1934 3841 2047 3897 ali-

405 3940 642 4015 quando
690 3938 911 3993 ster-lis
969 3937 1149 4007 hujus
1194 3933 1324 4000 viri,
1373 3932 1472 4004 qui
1528 3939 1617 3987 est
1658 3933 1862 3999 Logos,
1915 3947 2045 4002 qua)

401 4031 568 4103 prius
600 4029 795 4085 fuerat
819 4026 1053 4081 deserta
1081 4041 1115 4079 a
1153 4039 1390 4095 sponso.
1424 4023 1608 4076 Justus
1637 4028 1817 4075 autem
1848 4037 1915 4074 ex
1942 4018 2047 4088 ﬁde

402 4120 549 4177 vivet
565 4120 663 4191 (d),
687 4135 756 4173 ea
781 4115 1029 4181 scilicet,
1047 4129 1178 4184 qum
1202 4110 1528 4167 secundum
1552 4114 1971 4165 testamentum
1991 4112 2049 4163 et

402 4213 765 4284 prasceptum
798 4208 888 4261 est
911 4222 924 4271 ;
950 4218 1233 4275 quoniam
1256 4201 1380 4255 haec
1411 4199 1526 4254 duo
1554 4197 1794 4253 nomine
1819 4202 1878 4252 et
1898 4203 2048 4252 tem-

401 4316 567 4373 pore,
603 4295 930 4354 secundum
962 4299 1194 4349 aetatem
1227 4296 1282 4346 et
1313 4288 1641 4361 profectum
1673 4286 2049 4358 providenter

405 4390 561 4457 data,
594 4404 729 4444 cum
762 4388 1051 4458 potestate
1078 4379 1320 4453 quidem
1350 4394 1538 4432 unum
1571 4377 1709 4441 sint,
1735 4374 1883 4429 illud
1913 4375 2044 4446 qui-

2158 458 2362 549 στεύειν
2414 459 2582 531 ἄξιον,
2675 462 2888 536 μηνύειο
2966 460 3321 543 ἅποφαίνεται
3397 466 3457 524 δὲ
3530 469 3558 525 ὁ
3633 472 3785 549 Λόγος

2153 545 2340 619 αὐτοῦ,
2399 548 2490 603 καὶ
2549 550 2708 614 αὐτὸς
2777 549 2836 607 ἄν
2920 552 3004 624 εῗη
3083 556 3274 619 πιστὸς
3346 558 3374 613 ὁ
3458 559 3589 622 Θεός

2124 639 2280 727 ’ρῶς
2336 638 2455 708 οὗ),
2515 638 2561 694 εἰ
2642 642 2704 696 τὸ
2758 643 3030 698 πιστεύειν
3088 641 3501 720 ὑπολαμϐάνειν
3555 647 3783 727 ἐστί,βί-

2153 719 2283 781 ϐαια
2314 726 2384 781 τὰ
2436 728 2563 804 παρ’
2602 728 2779 785 αὐτῶν
2841 733 2892 786 οἱ
2951 731 3247 812 φιλόσοφοι
3302 736 3621 810 νομίζουσιν
3655 719 3676 807 ςί
3706 719 3786 797 ’οὐ

2151 816 2254 891 γάρ
2286 815 2429 871 ἐστιν
2489 817 2769 893 ὑπόληψις
2822 823 2857 891 ἡ
2916 820 3164 885 ἑκούσιος
3213 823 3651 900 προαποδείξεως
3690 831 3786 903 (25)

2157 906 2561 980 συγκατάθεσις,
2650 905 2797 964 ἀλλὰ
2905 913 3290 986 συγκατάθεσις
3370 914 3592 990 ίσχυρῷ
3669 939 3781 976 τινι.

2150 991 2243 1055 Τίς
2296 990 2344 1048 δ’
2401 990 2461 1049 ἄν
2518 995 2602 1066 εἴη
2657 993 3028 1076 δυνατώτερος
3088 1006 3222 1056 Θεοῦ
3279 1021 3294 1070 ;
3350 1004 3417 1061 ἹῙ
3476 1001 3537 1059 δὲ
3590 1005 3787 1063 ἀπιστία

2154 1080 2432 1169 ὑπόληψις
2513 1088 2608 1138 τοῦ
2707 1085 3081 1161 ἀντικειμένου
3163 1090 3391 1160 ἀσθενὴς
3468 1091 3781 1169 ἆποφατική.

2149 1168 2385 1246 καθάπερ
2442 1172 2477 1242 ἡ
2548 1169 2833 1230 δυσπιστία
2905 1174 3015 1248 ἕξις
3064 1176 3503 1253 δυσπαράδεκτος
3556 1161 3786 1248 πίστεως.

2151 1259 2316 1349 Καὶή
2352 1260 2446 1333 μὲν
2504 1261 2685 1325 πίστις
2737 1264 3015 1340 ὑπόληψις
3073 1267 3323 1332 ἑκούσιος
3383 1270 3478 1326 καὶ
3530 1273 3788 1349 πρόληψις

2151 1347 2498 1438 εὐγνώμονος
2573 1352 3079 1429 προκαταλήψεως’
3163 1357 3474 1431 προσδοκία
3558 1347 3615 1417 δὲ
3680 1347 3791 1438 δόξα

2152 1435 2477 1525 μέλλοντος·
2538 1441 2572 1510 ἡ
2634 1438 2693 1496 δὲ
2719 1446 2831 1498 τῶν
2913 1442 3103 1501 ἄλλων
3143 1445 3452 1520 προσδοκία
3512 1447 3636 1522 δόξα
3663 1435 3787 1525 ἀδή-

2150 1522 2279 1616 λου’
2343 1526 2670 1600 πεποίθησις
2728 1528 3111 1609 δῖδιάληῲις
3170 1531 3365 1609 βεϐαία
3448 1538 3575 1616 περί
3635 1522 3787 1606 τινος.

2151 1614 2245 1670 Διὸ
2300 1619 2648 1692 πιστεύομεν,
2697 1620 2743 1693 ᾦ
2802 1619 2861 1677 ἄν
2921 1626 3242 1688 πεποιθότες
3304 1627 3463 1700 ὦμεν
3653 1626 3785 1703 δόξαν

2152 1705 2298 1794 θείαν
2328 1707 2419 1761 καὶ
2469 1708 2764 1783 σωτηρίαψ
2822 1713 3162 1787 πεποίθαμεν
3209 1713 3267 1770 δὲ
3320 1721 3408 1789 τῷ
3460 1716 3612 1793 μόνῳ
3663 1725 3787 1794 Θεᾷ,

2148 1791 2209 1883 δν
2238 1797 2599 1870 γινώσκομεν,
2658 1797 2741 1853 ὅτι
2798 1799 2866 1854 οὐ
2894 1796 3265 1875 παραϐήσεται
3324 1805 3396 1861 τὰ
3440 1791 3623 1870 nhil;
3665 1791 3782 1883 ἡμῖν

2146 1881 2565 1972 έπηγγελμένα,
2616 1887 2706 1942 καὶ
2767 1885 2856 1944 διὰ
2905 1895 3074 1946 ταῦτα
3136 1890 3661 1972 δεδημιουργημένα
3707 1881 3784 1953 καὶ

2146 1970 2506 2061 δεδωρημένα
2533 1976 2621 2031 ὑπ’
2679 1978 2847 2034 αὐτοῦ
2904 1982 3039 2053 ἡμῖν
3098 1970 3644 2046 εὐνοῖκῶςξΕὗνοια
3690 1991 3785 2061 {26)

2150 2060 2207 2118 δέ
2237 2062 2348 2119 ἑστι
2397 2066 2663 2140 βούλησις
2721 2068 2938 2144 ἀγαθῶν
2995 2070 3162 2148 ἑτέρῳ
3212 2070 3394 2129 ’ἕνεκεν
3452 2076 3615 2132 αὐτοῦ
3658 2076 3782 2133 ἐκεί-

2147 2173 2263 2208 νου·
2300 2154 2327 2208 ὀ
2363 2154 2458 2228 μὲν
2489 2156 2591 2231 γάρ
2616 2157 2755 2212 ἐστιν
2810 2157 3085 2232 ἆνενδεήςο
3139 2161 3219 2225 εἷς
3258 2165 3411 2236 ἡμᾶς
3442 2162 3501 2220 δὲ
3564 2168 3597 2236 ἡ
3654 2165 3782 2242 εὐερ-

2146 2242 2319 2330 γεσία,
2366 2244 2458 2297 καὶ
2510 2246 2545 2314 ἡ
2577 2246 2726 2322 παρὰ
2774 2250 2871 2301 τοῦ
2924 2248 3123 2324 Κυρίου
3176 2251 3430 2324 εὐμένεια
3477 2251 3778 2330 καταλήγει,

2149 2328 2332 2386 εὔνοια
2411 2332 2525 2387 θεία
2576 2332 2733 2406 οὐσα,
2808 2336 2898 2391 καὶ
2969 2335 3151 2394 εὔνοια
3236 2341 3374 2416 πρὸς
3430 2342 3497 2397 τὸ
3568 2328 3778 2398 εὐποιεῖν

2150 2418 2302 2508 οὐσα,
2389 2420 2452 2476 El
2539 2418 2597 2478 δὲ
2675 2428 2756 2496 τῷ
2830 2420 3081 2502 Ἀϐραὰμ
3136 2429 3493 2487 πιστεύσαντι
3544 2431 3779 2508 ἐλογίσθη

2150 2508 2227 2571 είς
2283 2506 2659 2581 δικαιοσύνην,
2746 2515 2963 2589 σπέρμα
3027 2512 3085 2572 δὶ
3141 2511 3397 2594 Ἀϐραὰμ
3486 2506 3668 2594 ἡμεῖς,
3721 2518 3780 2576 δι’

2152 2596 2320 2667 ἀκοῆς
2378 2600 2466 2654 καὶ
2523 2601 2658 2687 ἡμῖν
2718 2602 3047 2662 πιστευτέον.
3100 2605 3446 2679 Ἰσραηλῖται
3506 2612 3616 2683 (27)
3694 2609 3782 2687 γὰρ

2150 2687 2338 2759 ἡμεῖς,
2371 2688 2423 2742 οἳ
2484 2691 2560 2762 μή
2611 2686 2699 2745 διὰ
2730 2691 2996 2764 σημείων,
3057 2690 3129 2749 δι’
3187 2696 3354 2765 ἀκοῆς
3389 2693 3449 2753 δὲ
3507 2686 3781 2763 εὐπειθεῖς.

2153 2775 2254 2831 Διᾶ
2283 2779 2463 2849 τοῦτο,
2525 2776 2867 2856 Εὐφράνθητι
2925 2782 3039 2857 (28)
3101 2783 3302 2856 στείρα,
3358 2787 3395 2856 ἦ
3459 2785 3523 2842 οὐ
3582 2787 3778 2842 τίκτου-

2155 2887 2239 2921 σαι
2301 2865 2460 2944 ῥῆξον
2521 2867 2608 2922 καὶ
2663 2868 2886 2944 βόησον,
2972 2872 3159 2941 φησῖν,
3239 2875 3274 2943 ἡ
3354 2874 3458 2930 οὐκ
3519 2873 3783 2931 ὠδίνουσα·

2153 2955 2236 3009 ὅτι
2292 2953 2480 3010 πο).λᾶ
2534 2956 2599 3010 τὰ
2654 2957 2812 3013 τέκνα
2865 2964 2967 3027 τῆς
3015 2959 3232 3036 ἐρήμου
3319 2960 3539 3035 μᾶλλον
3594 2962 3629 3034 ἤ
3697 2970 3783 3034 τῆς

2156 3043 2394 3120 ἐχούσης
2415 3044 2506 3100 τὸν
2540 3042 2727 3120 ἄνδρα.
2763 3041 3029 3110 Ἐϐίωσας
3086 3049 3166 3112 εἷς
3221 3050 3284 3106 τὸ
3329 3052 3678 3131 περίφραγμα
3700 3057 3781 3108 τοῦ

2156 3131 2314 3203 λαοῦ,
2358 3131 2794 3210 ἰνευλογήθησαν
2853 3136 2919 3191 τὰ
2976 3139 3133 3193 τέκνα
3181 3161 3277 3194 σου
3327 3139 3408 3203 εἷς
3456 3142 3552 3203 τὰς
3606 3141 3783 3211 σκηνὴ

2142 3225 2249 3276 τῶν
2279 3220 2523 3298 πατέρων
2559 3226 2692 3297 (29).
2725 3223 2787 3279 Εἰ
2822 3221 2879 3280 δὲ
2910 3225 2963 3280 αἱ
2993 3225 3147 3281 αὐταὶ
3183 3229 3339 3301 μοναὶ
3406 3230 3511 3285 ὑπὸ
3541 3235 3637 3300 τῆς
3661 3249 3781 3304 προ-

2146 3310 2367 3388 φητείας
2421 3314 2556 3385 ἡμῖν
2614 3332 2673 3366 τε
2722 3310 2786 3367 αὖ
2843 3315 2932 3369 καὶ
2992 3321 3111 3378 τοῖς
3179 3316 3562 3394 Ηατριάρχαις
3609 3339 3782 3393 καταγ·

2146 3396 2469 3474 γέλλονται,
2525 3401 2602 3463 εἷς
2662 3401 2868 3480 ἀμφοῖν
2924 3408 3044 3466 ταῖς
3094 3401 3385 3477 διαθήκαιν
3452 3405 3707 3463 δείκνυται
3756 3406 3780 3462 ό

2148 3488 2299 3549 Θεός.
2356 3488 2633 3567 Ἐπιφέρει
2717 3489 2849 3565 γοῦν
2932 3491 3290 3571 σοὶιρέστερον⁵
3380 3493 3781 3573 Ἐκληρονόμη-

2148 3597 2242 3639 σας
2297 3580 2406 3651 (30)
2454 3579 2554 3646 τὴν
2617 3576 2881 3650 διαθήκην
2941 3584 3041 3636 τοῦ
3097 3582 3346 3657 Ἰσραὴλ,
3402 3588 3474 3659 τῇ
3543 3583 3592 3656 ἐξ
3634 3582 3778 3640 ἐθνῶν

2148 3664 2364 3736 κλήσει,
2399 3665 2597 3741 λέγων,
2648 3670 2717 3741 τῇ
2776 3668 2957 3744 στείρᾳ
3012 3671 3145 3727 ποτὶ
3201 3672 3406 3728 τούτου
3458 3677 3557 3730 τοῦ
3585 3670 3774 3747 ἀνδρὸς.

2149 3756 2207 3817 δς
2256 3754 2397 3811 ἔστιν
2430 3756 2459 3810 ὁ
2516 3757 2718 3832 Λόγος,
2777 3760 2844 3832 τῇ
2898 3758 3092 3835 ἐρήμῳ
3153 3762 3420 3839 πρότερον
3482 3768 3578 3819 τοῦ
3659 3781 3778 3835 νυμ-

2149 3844 2297 3920 φίου.
2381 3846 2442 3903 Ὀ
2527 3842 2585 3900 δὲ
2645 3844 2857 3910 δίκαιος
2943 3847 3004 3904 ἐκ
3057 3849 3290 3913 πίστεως
3379 3854 3619 3924 ζήσεται,
3694 3856 3779 3918 τῆς

2146 3933 2283 3988 κατᾶ
2338 3934 2439 4001 τήν
2494 3930 2760 4006 διαθήκην
2818 3937 2908 3992 καὶ
2966 3938 3063 4002 τὰς
3138 3937 3384 4005 ἐντολάςο
3465 3938 3648 4010 ἐπειδή
3697 3934 3779 3994 δύο

2148 4022 2303 4077 αὗται
2352 4021 2578 4096 ὀνόματι
2631 4024 2721 4079 καὶ
2786 4027 3006 4105 χρόνῳ,
3065 4030 3185 4094 καθ’
3240 4028 3468 4100 ἠλικίαν
3526 4030 3613 4086 καὶ
3666 4046 3781 4100 προ-

2148 4111 2324 4179 κοπὴν
2383 4110 2745 4184 οἰκονομικῶς
2804 4113 3116 4190 δεδομέναι,
3167 4114 3393 4194 δυνάμει
3450 4122 3550 4194 μία
3628 4116 3779 4186 οὖσαι,

2149 4200 2185 4268 ἠ
2250 4199 2341 4270 μὲν
2402 4197 2630 4268 παλαιὰ,
2699 4204 2733 4272 ἡ
2787 4200 2844 4259 δὲ
2901 4206 3087 4277 καινή,
3150 4203 3239 4261 διὰ
3307 4208 3437 4263 Υἱοῦ
3510 4208 3633 4283 παρ’
3683 4204 3781 4266 ἑνὸς

2150 4292 2285 4344 Θεοῦ
2314 4294 2704 4365 χορηγοῦνται·
2748 4291 2787 4366 ᾖ
2843 4292 2935 4348 καὶ
2994 4295 3022 4350 ὁ
3073 4295 3415 4360 Ἀπόστολος
3455 4296 3509 4354 ἄν
3548 4300 3614 4371 τῇ
3662 4294 3780 4367 πρὸς

2149 4376 2455 4451 Ῥωμαίους
2507 4380 2805 4457 Ἐπιστολῇ
2887 4382 3060 4459 λέγει’
3131 4386 3458 4458 Δικαιοσύνη
3518 4387 3617 4461 γὰρ
3668 4385 3780 4438 Θεοῦ

384 4479 541 4536 πάθω
572 4455 811 4538 novum.
842 4474 956 4529 hoc
986 4486 1122 4528 vero
1166 4474 1353 4537 vetus,
1397 4483 1505 4539 per
1542 4465 1757 4521 Filium
1807 4464 1878 4521 ab
1926 4481 2045 4521 uno

2155 4466 2206 4522 έν
2252 4466 2401 4539 αὐτῷ
2459 4468 2902 4527 ἀποκαλύπτεται
2958 4472 3019 4528 ἐκ
3075 4472 3310 4537 πίστεως
3355 4473 3433 4539 εἲς
3477 4455 3651 4531 πίστιν
3694 4470 3778 4538 τὴν

404 4569 523 4624 Deo
551 4564 1024 4639 suppeditantur.
1048 4562 1173 4627 Qua
1184 4558 1416 4615 ratione
1436 4556 1581 4610 dicit
1600 4554 1780 4609 etiam
1800 4556 2049 4626 Aposto-

404 4656 499 4712 lus
526 4656 586 4710 in
618 4651 879 4727 Epistola
908 4650 982 4707 ad
1012 4651 1309 4706 Romanos
1335 4664 1349 4702 :
1395 4647 1621 4702 Iustitia
1667 4644 1812 4699 enim
1860 4645 1960 4699 Dei
1986 4645 2045 4699 in

2159 4553 2306 4628 μίαν,
2337 4555 2437 4623 τήν
2470 4554 2529 4610 ἐκ
2557 4558 2899 4635 προφητείας
2929 4559 3007 4625 εἷς
3057 4560 3396 4639 Εὐαγγέλιον
3443 4558 3781 4633 τετελειωμέ-

2154 4665 2277 4714 νην,
2310 4641 2380 4699 δι’
2411 4642 2529 4708 ἐνὸς
2560 4647 2647 4701 καὶ
2680 4650 2777 4701 τοῦ
2807 4647 2975 4705 αὐτοῦ
2998 4651 3198 4727 Κυρίου
3214 4649 3484 4708 διδάσκων
3514 4669 3780 4725 σωτηριαν.

474 4775 537 4842 ιιι
593 4771 657 4825 P.
690 4770 794 4824 444
842 4766 1293 4842 Ερζροττειι,
1338 4765 1578 4817 371.372
1624 4762 1733 4817 ΕΙ).
1786 4760 2011 4816 PARIS.

2198 4764 2222 4817 Ι
2277 4763 2407 4818 Cor.
2434 4779 2474 4832 ι,
2505 4767 2539 4819 9
2571 4781 2586 4832 ;
2620 4782 2675 4835 x,
2710 4766 2797 4820 13.
2833 4766 2911 4839 (b)
2940 4769 3105 4824 Rom.
3143 4786 3215 4840 ιν,
3248 4772 3301 4827 3.
3336 4773 3532 4842 (c)Isa.
3567 4786 3665 4835 ειν,
3714 4767 3736 4822 1
3768 4780 3780 4831 ἰ

408 4837 691 4908 Galat.1v,
722 4843 811 4895 27.
842 4839 922 4909 (ά)
952 4839 1120 4893 Rom.
1152 4854 1192 4903 1,
1228 4837 1314 4890 17.

479 4968 595 5035 (24)
624 4968 685 5021 '0
738 4960 891 5024 Θεός.
950 4963 1085 5035 Haec
1131 4959 1384 5035 Lowthio
1435 4955 1691 5035 delenda
1730 4957 2049 5035 videntur:

406 5038 512 5094 sed
533 5029 649 5106 quo
681 5051 860 5090 sensu
891 5032 1235 5105 accipienda
1262 5031 1401 5100 siut,
1434 5029 1497 5085 in
1527 5029 1731 5085 Latina
1786 5029 2053 5085 versione

407 5106 852 5165 declaravimus.

477 5181 592 5242 (25)
623 5171 1093 5245 Προαποδείξεως.
1152 5173 1264 5245 Sic_
1304 5171 1622 5245 conjuncte
1652 5171 1823 5245 legit
1870 5171 2052 5225 inter-

407 5267 563 5323 pres,
597 5243 735 5303 dum
770 5243 1301 5323 v_erti§._rolur_ztaria
1322 5243 1683 5323 praecedentis
1714 5244 2051 5323 demonstra:

409 5310 575 5378 tionis
603 5320 855 5375 assensio.
916 5317 973 5370 Si
1034 5315 1167 5385 quis
1216 5310 1413 5385 tamen
1473 5311 1655 5385 divise
1688 5312 1891 5385 malit.
1947 5310 2052 5384 π,εὸ

406 5389 754 5462 ἀποδείξεῳς,
796 5405 916 5445 non
977 5381 1646 5462 multum_refra_gabor.
1681 5383 1952 5438 SYLBURG.
1988 5381 2055 5425 ὲ-

407 5466 526 5542 Πρρ
548 5454 874 5542 ᾂέτίοδείξεως
900 5457 1156 5542 [τοῖνῖμὶο
1190 5456 1367 5542 etiam
1385 5454 1608 5542 placet.

480 5538 592 5604 (26)
627 5524 842 5591 Εὕνόια.
902 5529 1168 5604 Similem
1201 5524 1585 5604 benevolentiae
1640 5524 2054 5604 deﬁnitionem

409 5598 653 5668 tradidit
681 5608 956 5664 Clemens
985 5602 1207 5672 Padag.
1258 5598 1362 5655 lib.
1408 5615 1446 5669 ι,
1480 5613 1607 5670 cap.
1671 5600 1731 5652 11
1768 5602 2050 5658 extremo.

2233 4957 2346 5099 E27)
2379 4956 2743 5045 Ἰσραηλῖται.
2778 4964 3040 5035 Respicit
3066 4965 3191 5021 Gal.
3227 4983 3298 5034 Iv,
3332 4970 3421 5022 27.

2257 5031 2344 5099 28)
2378 5029 2737 5099 Ευφράνθητι.
2789 5035 2953 5090 Conf.
3014 5037 3283 5094 Justinus
3339 5041 3416 5097 Μ.

2257 5031 2737 5108 28λΕὐιρράνθητι.
2789 5031 2953 5090 Corif.
3014 5031 3292 5094 Justinus
3339 5041 3416 5097 Μ.
3476 5036 3637 5108 Apol.
3660 5034 3707 5103 l,
3733 5047 3778 5102 ρ.

2164 5102 2260 5155 101
2289 5100 2381 5159 ed.
2407 5100 2591 5158 Oion.

2379 5166 2691 5255 'Elesac:
2728 5215 2741 5228 .
2778 5218 2788 5230 .
2823 5176 3093 5255 πατέρων.
3129 5182 3288 5255 Hanc
3347 5179 3693 5237 sententiam
3732 5172 3780 5228 in

2164 5243 2284 5331 SS.“
2294 5244 2755 5331 lni‘bris‘reperire
2786 5243 3053 5331 nondum
3076 5254 3264 5323 potui.

2235 5318 2345 5380 (30)
2378 5311 2888 5405 ’ξκληρρνόμησαςε
2933 5311 3122 5405 Isaias
3146 5341 3255 5392 LW,
3288 5327 3318 5379 3
3355 5311 3779 5405 :uKalfc‘igﬁfg'

2167 5405 2240 5457 μα
2270 5406 2369 5475 σου
2400 5384 2524 5475 ἔθνη
2554 5384 2991 5475 κληρονομήσει.
3024 5395 3205 5475 Πεξίῐιζ
3243 5384 3309 5475 ξε
3365 5399 3428 5475 ιο
3460 5394 3561 5450 εἨ
3612 5384 3780 5467 διαθὶξο

2164 5476 2230 5540 ῗίη
2263 5464 2363 5540 Ti"
2396 5456 2621 5540 εἰρήνης
2654 5456 2750 5515 έου
2772 5456 2845 5540 ,οὗ
2873 5456 2950 5537 μὴ
2973 5468 3228 5540 μεταστῇ.
3265 5467 3471 5540 verba,
3501 5480 3625 5538 quae
3650 5456 3781 5517 reci-

2164 5533 2309 5586 tavit
2329 5538 2560 5603 auctor,
2592 5535 2855 5606 reperire
2874 5533 3157 5595 nondum
3184 5533 3375 5611 potui.
