4050 6188
168 339 400 401 ,965

1198 54 1789 141 κς

1641 332 2083 392 8ΤΒΟΜΔἹἪΜ
2129 335 2262 388 LIB.
2307 332 2376 390 II.

2598 29 2723 105 τί
2746 29 2844 133 ιν

3606 343 3739 399 966.

296 464 518 535 Ταύτην
572 463 706 537 (31),
766 438 866 540 ἔφη
903 508 918 533 ,
969 458 1339 538 παρατίθεμαί
1396 481 1479 514 σοι
1536 460 1636 530 τήν
1694 468 1965 534 παραγγε-

2076 461 2190 532 ipso
2220 462 2497 518 reveletur
2515 479 2584 517 ea:
2605 439 2713 533 ﬁde
2744 465 2801 519 in
2828 440 2990 534 ﬁdem
3013 463 3088 538 (α)
3107 480 3310 532 unam,
3333 460 3464 539 quas
3485 483 3553 524 ex
3572 485 3709 542 pro-

295 553 446 624 λίαν,
508 554 699 608 τέκνον
757 550 1014 625 Τιμόθεε,
1072 550 1209 605 κατά
1250 549 1349 612 τὰς
1406 547 1747 624 προαγούσας
1785 547 1874 601 ἐπὶ
1903 547 1962 601 σε

296 641 664 721 προφητείας,
746 638 840 696 ’ίνα
923 639 1220 716 στρατεύσῃ
1294 637 1345 693 ἐν
1424 637 1612 699 αὐταῖς
1681 637 1781 705 τήν
1860 655 1962 690 κα-

299 732 407 801 λὴν
481 729 785 800 στρατείαν,
863 723 1010 804 ἔχων
1092 728 1271 782 πίστιν
1347 727 1440 782 καὶ
1508 726 1709 801 ἀγαθὴν
1787 722 1958 779 συνεί-

299 818 484 893 δησιν,
558 820 621 889 ἣν
706 838 850 881 τινες
935 816 1310 889 ἀπωσάμενοι,
1400 815 1524 891 περὶ
1598 815 1698 883 τὴν
1779 813 1958 868 πίστιν

295 908 660 984 ἐναυάγησαν·
729 906 813 963 ὅτι
889 907 989 976 τὴν
1069 906 1251 970 θεόθεν
1329 904 1567 975 ἥκουσαν
1655 900 1959 973 συνείδησιν

296 1000 530 1071 ἀπιστίᾳ
604 995 951 1070 κατεμίαναν.
1029 993 1237 1050 Οὐκοῦν
1308 990 1383 1049 ἔτ’
1444 992 1673 1054 εἰκότως
1725 992 1961 1068 πρόχει-

300 1108 399 1164 ρον
425 1088 528 1156 τήν
562 1085 740 1142 πίστιν
774 1074 1128 1154 διαϐλητέον,
1180 1082 1256 1144 ὡς
1315 1078 1541 1137 εὔκολόν
1597 1100 1658 1136 τι
1686 1081 1773 1135 καὶ
1825 1077 1963 1134 πάν-

300 1174 508 1250 δημον,
541 1176 628 1231 καὶ
662 1175 800 1251 πρὸς
845 1169 923 1228 ἔτι
979 1176 1089 1228 τῶν
1145 1170 1453 1246 τυχόντων.
1499 1168 1565 1226 Εἰ
1603 1170 1708 1244 γὰρ
1759 1169 1965 1244 ἀνθρώ-

297 1288 460 1323 πινον
515 1264 584 1335 ἦν
615 1265 679 1321 τὸ
709 1260 1068 1335 ἐπιτήδευμα,
1098 1259 1177 1323 ὡς
1234 1257 1508 1329 ’Έλληνες
1537 1251 1832 1330 ὐπέλαϐον,
1863 1254 1960 1312 κ’ἀν

298 1349 537 1425 ἀπέσϐη·
573 1354 620 1408 εἷ
651 1350 711 1408 δὶ
740 1348 906 1423 αὔξει,
940 1349 1039 1406 οὐκ
1067 1346 1209 1405 ἔστιν
1233 1349 1346 1423 (32)
1368 1346 1492 1403 ἔνθα
1513 1345 1613 1402 οὐκ
1630 1342 1890 1416 ἕστιν.Φη
1901 1346 1963 1419 μὶ

299 1444 484 1500 τοίνυν
516 1443 618 1513 τὴν
640 1440 844 1508 πίστιν,
878 1437 985 1495 εἴτε
1008 1439 1112 1494 ὑπὸ
1144 1438 1357 1514 ἀγάπης
1386 1434 1701 1511 θεμελιωθῇ
1733 1434 1839 1491 εἴτε
1870 1434 1962 1490 καὶ

298 1532 409 1589 ὐπὸ
454 1526 653 1602 φόϐου,
713 1529 749 1604 ᾗ
797 1550 954 1607 φασιν
1005 1528 1062 1582 o't
1106 1528 1428 1602 κατήγοροι,
1488 1524 1633 1590 θεῖόν
1686 1546 1739 1581 τι
1799 1525 1957 1580 εἶναι’

305 1623 448 1696 μήτε
480 1621 584 1676 ὑπὸ
617 1616 797 1690 ἄλλης
828 1616 1014 1696 φιλίας
1062 1622 1336 1688 κοσμικῆς
1379 1612 1789 1687 διασπωμένην,
1826 1615 1963 1686 μήτε

305 1711 413 1766 ὑπὸ
438 1704 614 1788 φόϐου
665 1707 935 1781 παρόντος
969 1703 1364 1778 διαλυομένην.
1424 1703 1493 1761 Ἠ
1553 1704 1647 1777 μὲν
1694 1704 1796 1780 γὰρ
1827 1704 1963 1779 ἀγάο

2067 550 2269 621 phetia
2297 552 2603 624 perﬁcitur
2634 554 2694 608 in
2726 554 3059 627 Evangelio,
3092 571 3198 629 per
3228 573 3413 613 unum
3446 562 3504 612 et
3541 575 3711 616 eum-

2066 639 2200 695 dem
2234 642 2552 697 Dominum
2579 642 2802 699 docens
2834 644 3107 699 salutem.
3141 646 3274 713 Hoc,
3324 644 3535 718 inquit,
3559 664 3713 718 proe-

2065 722 2282 799 ceptum
2337 733 2651 787 commendo
2709 734 2831 799 tibi,
2899 733 2983 802 ﬁli
3060 735 3356 803 Timothee,
3413 737 3710 794 secundum

2057 820 2430 889 praecedentes
2458 824 2517 875 in
2559 828 2608 876 te
2631 824 2977 893 prophetias,
3000 830 3065 877 ut
3089 826 3366 892 >x<mﬂites
3384 828 3442 880 in
3471 826 3586 882 illis
3615 826 3712 882 bo-

2065 922 2195 963 nam
2224 909 2505 974 militiam,
2537 911 2738 968 habens
2765 912 2926 981 ﬁdem
2966 918 3017 966 et
3067 910 3264 967 bonam
3301 916 3704 985 conscientiam,

2066 1012 2234 1067 quam
2279 999 2507 1067 quidam
2556 1000 2900 1071 repellentes,
2951 1002 3099 1055 circa
3141 1002 3303 1069 ﬁdem
3348 1006 3708 1073 naufragium

2065 1088 2315 1154 fecerunt
2347 1088 2418 1160 (b)
2439 1107 2461 1153 ;
2491 1090 2772 1161 quoniam
2794 1091 3241 1159 conscientiam,
3267 1108 3398 1163 qum
3420 1108 3454 1146 a
3474 1094 3591 1148 Deo
3613 1110 3711 1149 ve-

2067 1174 2157 1230 nit
2178 1176 2905 1247 pollueruntinﬁdelitate.
2935 1182 3062 1236 Non
3085 1186 3175 1236 est
3199 1197 3336 1253 ergo
3364 1181 3621 1253 amplius
3648 1183 3710 1237 ﬁ-

2068 1265 2173 1321 des
2202 1267 2411 1323 merito
2443 1272 2664 1324 temere
2694 1269 3206 1341 reprehendenda,
3234 1275 3299 1324 ut
3346 1277 3405 1325 et
3433 1270 3623 1327 facilis
3653 1275 3711 1326 et

2067 1354 2344 1428 vulgaris,
2404 1361 2463 1413 et
2510 1375 2640 1430 quea
2690 1360 2757 1414 fit
2805 1358 3226 1431 quorumlibet.
3276 1359 3335 1414 Si
3378 1361 3709 1417 humanum

2069 1444 2231 1500 enim
2250 1450 2407 1501 esset
2425 1446 2751 1515 inventum,
2774 1454 2841 1504 ut
2864 1448 3282 1505 existimabant
3302 1449 3508 1517 Graeci,
3531 1449 3711 1505 etiam

2069 1535 2425 1592 exstinctum
2451 1543 2625 1593 esset.
2657 1538 2759 1593 Sin
2786 1542 2983 1593 autem
3014 1544 3282 1609 augetur,
3322 1556 3442 1595 non
3492 1544 3584 1595 est
3612 1537 3712 1594 ubi

2068 1638 2186 1677 non
2219 1627 2327 1678 est.
2362 1624 2501 1679 Dico
2535 1640 2670 1697 ergo
2702 1624 2903 1691 ﬁdem,
2938 1624 3057 1679 sive
3089 1625 3337 1680 fundata
3366 1625 3442 1681 sit
3488 1642 3523 1681 a
3570 1626 3715 1681 cha-

2068 1710 2264 1779 ritate,
2297 1712 2416 1767 sive
2444 1713 2621 1768 etiam
2651 1729 2685 1767 a
2716 1712 2949 1777 timore,
2976 1717 3043 1768 ut
3070 1711 3277 1768 dicunt
3318 1720 3711 1781 accusatores,

302 1821 382 1871 πη
436 1803 507 1873 τῇ
563 1797 703 1873 πρὸς
755 1799 856 1865 τήν
898 1794 1078 1850 πίστιν
1140 1792 1298 1872 φιλίᾳ
1345 1792 1473 1855 τοὺς
1505 1792 1731 1855 πιστοὺς
1788 1798 1957 1847 ποιεῖ·

2076 1816 2197 1855 esse
2230 1800 2495 1856 divinum
2526 1801 2791 1872 aliquid;
2825 1806 2890 1855 ut
2918 1817 3049 1871 quas
3080 1817 3276 1872 neque
3297 1801 3368 1855 ab
3399 1801 3516 1856 alia
3536 1817 3714 1857 mun-

302 1892 340 1962 ἡ
420 1887 481 1947 δὶ
553 1909 735 1950 πιστις
806 1883 1056 1962 ’έδρασμα
1127 1883 1366 1960 ἀγάπης,
1435 1885 1806 1958 ἀντεπάγουσα
1862 1885 1960 1951 τὴν

302 1978 574 2036 εὐποιίαν
607 1976 698 2033 ὅτε
744 1977 836 2033 καὶ
890 1980 989 2031 τοῦ
1046 1975 1223 2048 νόμου
1272 1970 1621 2049 παιδαγωγὸς
1650 1969 1840 2051 φόϐος,
1872 1972 1963 2047 ἀφ’

300 2068 376 2126 ὧν
437 2068 770 2136 πιστεύεται,
826 2066 916 2122 καὶ
976 2059 1146 2144 φόϐος
1204 2064 1335 2119 εἶναι
1392 2063 1726 2120 πιστεύεται.
1766 2061 1830 2119 Ei
1858 2063 1961 2138 γὰρ

300 2159 356 2216 ἰν
413 2162 497 2232 τῷ
552 2156 790 2232 ἐνεργεῖν
848 2159 927 2227 τῷ
984 2154 1117 2210 εἶναι
1168 2150 1436 2209 δείκνυται
1498 2154 1631 2225 (33),
1682 2152 1711 2207 ὁ
1744 2148 1802 2207 δὲ
1836 2149 1962 2225 μὲλ-

300 2249 418 2306 λων
466 2247 556 2304 καὶ
605 2244 874 2317 ἀπειλῶν,
932 2243 1060 2319 ούχῖ
1088 2244 1146 2298 δὲ
1198 2241 1433 2317 ἐνεργῶν
1463 2241 1555 2297 καὶ
1603 2240 1819 2311 παρὼν,
1870 2261 1961 2295 πι-

301 2336 545 2393 στεύεται
579 2353 594 2367 ⁶
671 2333 762 2389 καὶ
838 2332 903 2389 τὸ
961 2332 1097 2388 εἶναι
1154 2329 1587 2403 πιστευόμενος,
1647 2329 1747 2385 οὐκ
1803 2329 1965 2394 αὐτὸς

301 2434 405 2499 τῆς
467 2426 703 2487 πίστεως
758 2423 1098 2499 γεννητικός,
1157 2420 1187 2476 b'
1235 2442 1296 2498 γε
1351 2421 1489 2495 πρὸς
1549 2420 1719 2489 αὐτῆς
1748 2419 1963 2492 ἀξιόπι-

303 2537 431 2580 στος
489 2517 628 2571 εἶναι
692 2511 1059 2587 δοκιμασθείς.
1119 2510 1245 2567 Θεία
1294 2510 1470 2567 τοίνυν
1529 2510 1832 2581 ἡτοσαύτη
1864 2531 1964 2585 με-

302 2599 543 2675 τκϐολή,
599 2602 651 2674 ἐξ
710 2603 963 2665 ἀπιστίας
1011 2601 1204 2656 πιστόν
1259 2621 1312 2655 τι
1368 2599 1687 2676 γενόμενον,
1744 2599 1836 2655 καὶ
1891 2603 1962 2674 τῇ

302 2691 491 2750 ἑλπίδι
552 2692 643 2748 καὶ
699 2695 780 2765 τῷ
839 2685 995 2769 φόϐῳ
1048 2693 1351 2745 πιστεῦσαι.
1412 2689 1516 2745 Καὶ
1578 2685 1645 2757 δὴ
1687 2689 1723 2757 ἡ
1768 2689 1961 2761 πρώτη

305 2782 445 2857 πρὸς
503 2779 777 2856 σωτηρίαν
833 2782 1013 2842 νεῦσις
1070 2781 1105 2849 ἡ
1159 2778 1339 2840 πίστις
1397 2779 1536 2851 ἡμῖν
1593 2776 1963 2855 ἀναφαίνεται,

312 2874 431 2945 μεθ’
488 2870 549 2940 ἣν
608 2864 778 2948 φόϐος
834 2888 893 2924 τε
936 2868 1028 2923 καὶ
1077 2866 1236 2928 ἐλπὶς
1282 2865 1372 2922 καὶ
1425 2866 1700 2940 μετάνοια.
1758 2865 1849 2921 σύν
1906 2886 1966 2921 τε

311 2957 599 3036 ἱγκρατείᾳ
680 2956 771 3014 καὶ
851 2956 1107 3032 ὑπομονῇ
1194 2956 1600 3032 προκόπτουσαι
1636 3000 1649 3025 ,
1734 2952 1962 3031 ἄγουσιν

308 3051 458 3122 ἡμᾶς
507 3047 594 3103 ἇπί
637 3068 695 3102 τε
740 3046 958 3121 ἀγάπην
1015 3046 1102 3102 ἐπί
1134 3066 1192 3101 τε
1237 3050 1459 3122 γνῶσιν.
1518 3044 1762 3107 Εἶκότως
1813 3045 1902 3099 οὗν
1936 3046 1965 3099 ὁ

308 3136 617 3199 ἀπόστολος
656 3130 964 3212 Βαρνάϐας,
995 3137 1121 3211 Ἀφ’
1153 3134 1214 3190 οὗ
1246 3138 1376 3209 (34),
1406 3133 1595 3209 φησὶν,
1629 3132 1830 3210 ἔλαβον
1866 3133 1966 3207 μὲ-

312 3246 439 3301 ρους
472 3270 489 3297 ,
563 3221 869 3281 ἐσπούδασα
925 3225 1061 3279 κατὰ
1121 3224 1314 3299 μικρὸν
1379 3223 1506 3296 ὑμῖν
1561 3220 1771 3297 πέμψαι
1804 3241 1819 3255 ·
1873 3221 1967 3279 ’ίνα

315 3317 451 3393 μετά
524 3321 626 3387 τῆς
693 3314 927 3376 πίστεως
995 3313 1147 3386 ὑμῶν
1214 3310 1426 3368 τελείαν
1489 3309 1658 3388 ἔχητε
1711 3313 1799 3368 καὶ
1866 3314 1965 3383 τήν

313 3408 562 3479 γνῶσιν.
618 3407 734 3469 Τῆς
809 3403 901 3477 μὲν
979 3404 1094 3476 (35)
1163 3402 1257 3456 οὗν
1322 3400 1557 3464 πίστεως
1613 3402 1773 3474 ἡμῶν
1835 3402 1969 3458 εἶσιν

315 3495 367 3548 οἱ
453 3490 837 3568 συλλήπτορες
922 3485 1093 3567 φόϐος
1176 3490 1265 3546 καὶ
1346 3491 1600 3564 ὑπομονή
1639 3509 1653 3524 ·
1761 3492 1830 3546 τά
1913 3489 1971 3547 δὲ

314 3586 719 3658 συμμαχοῦντα
801 3583 939 3655 ἡμῖν
1027 3579 1377 3655 μακροθυμία
1459 3579 1550 3635 καὶ
1636 3578 1921 3656 ἐγκράτεια
1953 3625 1967 3639 .

316 3671 536 3728 Τούτων
603 3668 718 3742 οὖν,
796 3671 954 3748 φησί,
1028 3670 1096 3725 τά
1178 3670 1315 3746 πρὸς
1385 3669 1480 3724 τὸν
1553 3668 1753 3744 Κύριον
1834 3674 1969 3743 (36),

320 3761 592 3835 μενόντων
672 3759 878 3833 ἁγνῶς,
964 3758 1442 3835 συνευφραίνονται
1525 3758 1710 3822 αὐτοῖς
1788 3760 1967 3837 σοφία,

316 3850 567 3919 σύνεσις,
627 3847 908 3918 ἐπιστήμη
945 3889 965 3916 ,
1019 3852 1258 3925 γνῶσις.
1318 3847 1625 3923 Στοιχείων
1685 3852 1816 3923 γοῦν
1872 3855 1973 3918 τῆς

312 3939 566 4015 γνώσεως
624 3941 731 3992 τῶν
806 3938 1225 4012 προειρημένων
1300 3936 1503 4012 ἀρετῶν
1541 3981 1555 4006 ,
1613 3935 1970 4013 στοιχειωδεο

314 4028 505 4102 στέραν
568 4027 705 4082 εἶναι
778 4020 1093 4099 συμϐέϐηκε
1150 4026 1249 4095 τὴν
1305 4024 1484 4081 πίστιν
1513 4069 1527 4091 ,
1586 4025 1762 4088 οὕτως
1814 4026 1972 4103 ἀναγ-

317 4117 478 4174 καίαν
526 4120 607 4188 τῷ
660 4119 948 4191 γνωστικῷ
1004 4114 1383 4191 ὑπάρχουσαν,
1441 4114 1517 4179 ὡς
1570 4119 1652 4187 τῷ
1696 4117 1833 4171 κατά
1878 4117 1968 4173 τὸν

313 4205 535 4278 κόσμον
591 4200 745 4259 τόνδε
779 4204 983 4279 βιοῦντι
1012 4203 1149 4279 πρὸς
1178 4204 1241 4258 τὸ
1277 4206 1373 4276 ζῇν
1398 4204 1461 4258 τὸ
1501 4203 1773 4261 ἀναπνεῖν.
1807 4206 1896 4271 Ὡς
1924 4191 1972 4262 δ’

387 4309 451 4375 ’χι
478 4305 538 4359 Ρ.
574 4306 677 4357 445
707 4304 821 4358 ED.
856 4304 1148 4367 POTTER,
1179 4306 1423 4358 372.372
1451 4303 1564 4357 ΕΙ).
1598 4304 1828 4361 PARIS.

385 4402 501 4476 (31)
550 4399 790 4476 Ταύτην.
818 4398 1201 4476 -Ταύτην-τὴν
1255 4396 1618 4476 παραγγελίαν
1678 4400 1971 4476 παρατίθε-

312 4471 415 4545 μαι
474 4491 563 4564 σοι
607 4472 793 4564 apludj
814 4474 880 4529 D.
941 4472 1193 4529 Paulum
1227 4516 1242 4530 .
1292 4471 1461 4542 Dein,
1523 4471 1807 4547 πρατεύῄ,
1864 4494 1970 4548 pro

314 4542 900 4688 “iiiiuﬁi’aibiiéa,
957 4609 1460 4688 obx__€n._Malim
1510 4615 1686 4688 hanc“
1723 4622 1972 4688 senten-

316 4679 581 4756 tia‘mu'sic
612 4679 868 4744 scribere
886 4679 908 4742 ἐ
941 4685 1006 4743 Et
1052 4682 1111 4739 δὲ
1157 4685 1327 4756 αὑξει,
1373 4686 1463 4740 καὶ
1512 4686 1615 4741 οὐκ
1658 4679 1799 4742 ἔστιν
1846 4685 1974 4753 ἔνθα

314 4756 418 4832 οὐκ
461 4752 623 4814 ἔστιν.
677 4758 833 4829 Φημί
863 4756 1045 4811 τοίνυν
1078 4757 1178 4825 τήν
1225 4752 1283 4811 π.
1332 4760 1552 4832 Sensus
1592 4765 1720 4815 est:
1752 4762 1814 4816 Si
1840 4752 1972 4832 fides

311 4831 549 4886 humani
602 4833 817 4901 ingenii
869 4836 1228 4887 commentum
1256 4833 1449 4901 fuisset
1468 4831 1808 4901 jampridem
1838 4831 1971 4889 esset

312 4904 629 4957 exstincta:
691 4904 778 4957 sin
828 4919 952 4957 vero
1010 4908 1230 4957 tantum
1285 4905 1487 4972 ceperit
1541 4905 1967 4971 incrementum,

311 4980 378 5028 ut
436 4974 624 5029 nullus
677 4973 753 5029 sit
810 4977 868 5028 in
922 4980 1032 5028 toto
1080 4974 1208 5029 orbe
1234 4972 1402 5035 locus.
1443 4989 1549 5043 quo
1573 4990 1681 5029 non
1703 4978 1967 5044 pervasit,

313 5045 471 5099 haud
497 5046 862 5099 dubitava
891 5048 1199 5113 afﬁrmare,
1234 5063 1371 5112 eam,
1405 5061 1497 5100 seu
1528 5048 1587 5099 in
1618 5063 1800 5100 amore
1835 5050 1967 5115 fun-

314 5116 451 5189 data
503 5118 593 5183 sit,
649 5132 743 5171 seu
793 5118 1002 5186 potius,
1061 5124 1125 5170 ut
1172 5117 1365 5171 dicunt
1422 5118 1865 5189 calumniatores,
1910 5121 1969 5174 in

313 5187 513 5243 timore
540 5203 653 5241 rem
683 5203 792 5242 esse
820 5188 1086 5242 divinam.

388 5260 499 5333 (33)
532 5255 727 5333 Εἰ-γᾶρ
760 5254 811 5310 ἐν
853 5261 934 5333 τῷ
984 5256 1215 5333 ἐνεργεῖν
1270 5259 1503 5333 τεῷ-εἴν.
1563 5254 1614 5314 δ.
1672 5261 1969 5333 Interpres

313 5327 860 5403 nominativo'casu
881 5327 1268 5403 legitrb'eivaz
1301 5327 1567 5385 δείκνυται
1597 5333 1655 5385 in
1689 5327 1967 5403 cperando

315 5402 465 5472 quod
492 5404 539 5457 is
565 5405 639 5458 sit
669 5401 996 5457 ostenditur.
1028 5404 1178 5470 Mox,
1202 5403 1359 5459 haud
1393 5404 1514 5459 scio
1544 5420 1620 5459 an
1649 5401 1968 5471 verius,xat

312 5471 415 5546 «tot
451 5474 591 5527 εἶναι
620 5471 1035 5544 πιστευόμενος,
1094 5491 1413 5546 quanquam
1453 5492 1559 5531 esse
1588 5475 1849 5542 creditur,
1876 5475 1968 5530 in-

316 5544 449 5617 quit
479 5546 734 5617 srmone

320 5612 355 5699 ί
392 5617 507 5689 (³4)
539 5616 664 5746 ’ᾼῖ
703 5612 785 5698 οὗ.
846 5617 980 5672 Haac
1003 5688 1013 5699 ⁸
1036 5616 1224 5699 αριιά⁸
1250 5617 1305 5673 S.
1362 5616 1691 5675 Barnabam
1749 5634 1878 5703 cap.
1913 5619 1963 5685 1,

320 5704 381 5745 In
405 5694 591 5745 vetam
665 5693 829 5744 atina
862 5704 1134 5745 versxone
1177 5705 1263 5746 51c
1294 5706 1356 5745 se
1386 5688 1647 5746 habent:
1705 5691 1963 5746 Comtans

317 5688 381 5745 in
405 5688 591 5745 vetari
621 5688 829 5746 Latina
862 5688 1134 5745 versione
1177 5688 1263 5746 sic
1294 5706 1356 5745 se
1386 5688 1647 5746 habent:
1705 5688 1966 5761 Cogitans

2071 1888 2227 1944 dana
2241 1890 2503 1945 amicitia
2520 1891 2905 1958 distrahatur,
2924 1906 3117 1961 neque
3136 1906 3170 1945 a
3194 1890 3407 1945 timore
3423 1896 3713 1963 praesente

2070 1978 2443 2035 dissolvatur.
2471 1979 2738 2035 Charitas
2769 1980 2929 2035 enim
2957 1996 3064 2050 per
3093 1996 3245 2046 eam,
3289 1996 3421 2050 quas
3446 1978 3535 2034 illi
3579 1994 3715 2036 cum

2070 2068 2186 2124 fide
2212 2069 2544 2137 intercedit,
2576 2069 2899 2125 amicitiam
2928 2068 3069 2124 facit
3110 2069 3339 2124 fideles.
3392 2069 3562 2125 Fides
3611 2085 3715 2125 au-

2070 2161 2190 2213 tem
2222 2163 2311 2213 est
2340 2157 2809 2213 stabilimentum
2858 2158 3187 2218 charitatis.
3231 2157 3491 2213 vicissim
3540 2157 3716 2214 indu-

2070 2262 2209 2302 cens
2240 2247 2696 2302 beneficentiam
2723 2264 2737 2312 ;
2774 2246 3258 2318 quandoquidem
3288 2247 3466 2301 etiam
3511 2247 3710 2316 timor,

2069 2336 2168 2408 qui
2200 2335 2348 2407 legis
2378 2336 2729 2408 paedagogus
2752 2341 2859 2399 est,
2893 2352 2927 2391 a
2958 2335 3173 2406 quibus
3204 2335 3502 2400 credatur,
3534 2335 3713 2391 timor

2071 2441 2200 2480 esse
2229 2424 2513 2480 creditur.
2548 2426 2602 2478 Si
2636 2424 2792 2479 enim
2821 2425 2882 2479 in
2932 2424 3257 2496 Operando,
3307 2424 3468 2495 quod
3515 2425 3565 2480 is
3614 2424 3710 2491 sit,

2069 2512 2440 2569 ostenditur:
2473 2512 2570 2568 hic
2600 2518 2799 2568 autem
2815 2529 2952 2569 cum
2972 2512 3205 2569 futurus
3229 2518 3319 2569 est
3341 2519 3400 2569 et
3425 2515 3709 2582 minatur,

2068 2619 2189 2659 non
2242 2609 2441 2659 autem
2487 2620 2741 2676 operans
2790 2609 2849 2659 et
2895 2621 3180 2676 prasens,
3230 2603 3530 2671 creditur;
3581 2602 3716 2659 ideo

2070 2692 2230 2766 quod
2288 2709 2417 2749 esse
2476 2693 2758 2760 creditur,
2817 2710 2939 2749 non
2998 2694 3124 2766 ipse
3184 2693 3361 2749 ﬁdem
3420 2697 3717 2765 procreat,

2070 2782 2171 2855 qui
2203 2799 2331 2838 esse
2374 2782 2489 2838 ﬁde
2537 2782 2750 2855 dignus
2799 2788 2890 2838 est
2935 2782 3008 2839 ab
3053 2782 3181 2854 ipsa
3228 2782 3532 2854 probatus,
3583 2781 3719 2836 Haac

2069 2886 2208 2944 ergo
2269 2877 2432 2926 tanta
2488 2872 2735 2926 mutatio
2780 2887 2815 2927 a
2863 2873 2980 2926 Deo
3029 2870 3315 2942 procedit,
3360 2885 3480 2941 qua
3522 2870 3589 2925 fit
3650 2874 3716 2925 ut

2070 2960 2170 3032 qui
2225 2976 2296 3015 ex
2358 2959 2708 3016 inﬁdelitate
2782 2960 2932 3014 101
3011 2958 3205 3014 fidelis
3260 2958 3451 3014 factus
3513 2959 3715 3024 fuerit,

2072 3065 2236 3121 spem
2261 3065 2496 3121 quoque
2525 3055 2584 3104 et
2612 3049 2911 3113 timorem,
2935 3054 3002 3104 ut
3025 3065 3120 3103 res
3152 3047 3266 3103 fide
3308 3046 3541 3120 dignas,
3590 3064 3718 3103 εω-

2078 3137 2371 3211 plectatur
2418 3141 2490 3192 At
2518 3137 2710 3210 prima
2740 3137 2981 3209 quidem
3006 3137 3081 3192 ad
3111 3136 3363 3192 salutem
3394 3152 3524 3192 esse
3547 3136 3719 3191 incli-

2078 3229 2240 3283 natio
2273 3227 2444 3283 nobis
2471 3226 2617 3282 ﬁdes
2647 3232 2911 3298 apparet,
2944 3232 3077 3298 post
3105 3242 3285 3298 quam
3313 3226 3487 3281 timor
3512 3230 3723 3298 etspes

2080 3323 2139 3373 et
2167 3318 2534 3390 pmnitentia,
2568 3333 2702 3373 cum
2731 3317 3097 3372 continentia
3127 3321 3186 3372 et
3222 3315 3541 3372 tolerantia
3585 3330 3725 3388 pro-

2080 3406 2370 3473 ﬁcientes,
2402 3423 2512 3462 nos
2533 3405 2759 3461 ducunt
2778 3405 2851 3461 ad
2874 3405 3224 3460 charitatem
3245 3409 3303 3460 et
3327 3403 3403 3460 ad
3432 3403 3724 3477 cognitio-

2080 3512 2238 3551 nem.
2274 3494 2476 3551 Merito
2499 3511 2634 3568 ergo
2659 3495 2957 3550 Barnabas
2977 3493 3282 3566 apostolus
3309 3510 3322 3548 :
3347 3495 3430 3548 Ex
3454 3509 3536 3560 ea,
3557 3509 3724 3563 quam

2080 3589 2288 3654 accepi,
2341 3584 2554 3655 inquit,
2596 3589 2763 3654 parte
2807 3583 2995 3638 studui
3034 3582 3315 3653 paulatim
3363 3582 3437 3637 ad
3481 3597 3574 3637 vos
3602 3582 3733 3636 mit-

2082 3681 2216 3741 tere,
2266 3679 2328 3727 ut
2367 3690 2490 3728 cum
2534 3674 2641 3741 fide
2684 3679 2867 3727 vestra
2908 3675 3214 3743 perfectam
3265 3673 3434 3726 etiam
3483 3670 3730 3725 habeatis

2081 3765 2462 3833 cognitionem.
2488 3762 2643 3817 Fidei
2662 3778 2791 3832 ergo
2815 3769 3018 3817 nostra
3039 3762 3390 3831 coadjutores
3408 3766 3537 3815 sunt
3565 3762 3731 3815 timor

2081 3860 2131 3908 et
2171 3852 2506 3908 tolerantia:
2553 3868 2674 3921 quae
2721 3859 2903 3906 autem
2949 3851 3102 3906 nobis
3145 3866 3301 3921 opem
3346 3853 3553 3919 ferunt,
3602 3853 3731 3905 sunt

2081 3943 2472 4012 longanimitas
2501 3946 2551 3994 et
2581 3942 2941 3996 continentia.
2976 3940 3077 3996 His
3116 3955 3267 4011 ergo,
3302 3939 3516 4010 inquit,
3548 3941 3608 3993 in
3636 3939 3726 4005 iis,

2080 4047 2209 4104 qua:
2235 4031 2309 4087 ad
2338 4033 2627 4087 Dominum
2669 4034 2975 4102 pertinent,
3019 4038 3161 4086 caste
3202 4030 3564 4097 manentibus,
3620 4046 3731 4085 una

2080 4140 2203 4179 cum
2254 4123 2329 4177 eis
2382 4122 2647 4176 lxtantnr
2687 4123 2983 4193 sapientia,
3034 4120 3423 4191 intelligentia,
3475 4118 3729 4183 scientia,

2080 4210 2340 4279 cognitio.
2373 4209 2518 4263 Cum
2544 4207 2744 4280 itaque
2776 4208 2941 4280 prius
2966 4198 3138 4263 dictas
3169 4207 3414 4262 virtutes
3455 4206 3574 4260 sint
3610 4204 3731 4261 ele—

1908 4306 1985 4380 (a)
2019 4311 2187 4364 Rom.
2221 4325 2259 4370 ι,
2294 4309 2379 4364 17.
2456 4306 2534 4377 (b)
2567 4306 2587 4361 Ι
2620 4306 2767 4362 Tim.
2800 4323 2837 4373 ι,
2872 4307 2957 4371 18,
2994 4308 3080 4361 19.

2082 4422 2209 4476 ergo
2258 4405 2380 4472 hoc,
2423 4406 2584 4474 quasi
2630 4421 2774 4460 curae
2821 4403 2954 4459 mihi
2979 4404 3172 4471 fuerit,
3205 4408 3266 4457 ut
3284 4401 3563 4476 qvobiscum
3584 4416 3727 4476 par-

2081 4470 2193 4533 tiar
2234 4494 2305 4532 επ
2351 4470 2450 4542 eo:
2480 4476 2628 4546 quod
2669 4478 2875 4546 accepi,
2922 4470 3174 4546 futurum
3213 4474 3352 4546 mihi
3382 4470 3583 4526 talibus
3609 4473 3727 4546 spi-

2080 4551 2220 4604 ritus
2248 4543 2536 4603 servientes
2568 4547 2629 4611 (f.
2660 4543 2863 4617 spiritu
2892 4544 3169 4614 servienti)
3218 4544 3317 4599 hoc
3356 4546 3415 4617 in
3457 4543 3721 4610 mercede,

2083 4620 2414 4690 appropian
2466 4634 2647 4690 pauca
2682 4615 2849 4672 vobis
2903 4617 3141 4690 mittere.
3194 4620 3254 4670 ut
3298 4615 3457 4687 ﬁdem
3487 4621 3725 4669 vestram

2081 4688 2507 4746 consummatam
2533 4689 2798 4752 habeatis,
2832 4694 2885 4741 et
2912 4688 3214 4742 scientiam.
3342 4742 3345 4743 ν

2150 4761 2264 4831 (35)
2293 4761 2412 4831 ΤῆςΔ
2441 4757 2558 4829 μὲν.
2602 4760 2734 4813 Haec
2765 4758 2939 4830 paulo
2970 4763 3103 4831 post
3134 4757 3353 4812 ibidem
3384 4760 3723 4831 occurrunt,

2081 4828 2207 4903 cap.
2242 4833 2313 4903 2;
2346 4828 2504 4885 Fidei
2540 4846 2668 4899 ergo
2715 4828 2920 4903 nostra?
2972 4828 3201 4901 adjutor
3246 4835 3322 4884 est
3366 4829 3531 4882 timor
3555 4834 3606 4903 et
3631 4843 3727 4903 su-

2077 4900 2345 4960 stinentia
2402 4917 2525 4971 qua:
2567 4907 2745 4973 autem
2802 4900 3078 4956 nobiscum
3121 4904 3395 4973 pugnant,
3424 4900 3725 4973 patientia

2079 4982 2177 5042 est,
2221 4980 2273 5029 et
2322 4972 2682 5028 continentia.
2725 4974 2856 5029 Haec
2908 4990 3029 5044 cum
3076 4973 3229 5044 apud
3274 4972 3728 5044 Dominum‘per-

2078 5051 2299 5101 manent
2352 5050 2521 5112 casta,
2571 5044 2936 5100 conlaatantur
2991 5041 3126 5099 illis
3157 5041 3435 5113 sapientia
3463 5049 3516 5096 et
3558 5041 3725 5098 intel-

2079 5118 2269 5173 lectus.

2150 5189 2262 5258 (36)
2293 5185 2373 5241 Τὰ
2431 5184 2567 5258 πρὸς
2615 5185 2707 5239 τὸν
2767 5181 3191 5258 Κύριλονκϐιιω
3250 5186 3362 5240 hoc
3411 5184 3725 5241 commatio

2078 5256 2485 5316 subaudienda
2534 5260 2689 5317 κατά.
2721 5257 2813 5313 vel
2851 5256 3078 5312 'similis
3109 5258 3467 5329 praepositio.
3510 5258 3728 5329 Sensus

2079 5336 2185 5399 est,
2241 5330 2390 5402 quod
2436 5331 2509 5385 ad
2560 5332 2857 5402 Dominum
2898 5326 3133 5402 attinet}
3187 5326 3312 5395 seu,
3357 5332 3416 5385 in
3462 5329 3623 5402 rebus
3653 5326 3728 5402 ad

2077 5394 2368 5458 Dominum
2389 5403 2796 5473 pertinentibus
2846 5401 3042 5473 inquit
3080 5394 3353 5473 Svmunc.
3400 5431 3465 5473 -ξ
3498 5396 3607 5453 Sed
3660 5394 3727 5448 τά

2077 5473 2327 5532 articulo
2358 5471 2772 5534 omisso.vetus
2795 5471 3075 5529 Barnabas
3102 5471 3397 5544 interpres
3426 5471 3536 5544 hoc
3565 5481 3725 5521 com-

2076 5547 2302 5603 mation
2326 5546 2676 5618 prOpinquis
2707 5562 2780 5618 ex
2808 5552 3056 5616 utraque
3085 5543 3475 5614 parte’verbis
3502 5550 3726 5618 conne-

2077 5619 2213 5674 ctit:
2266 5610 2394 5688 Haec
2437 5610 2579 5673 .cum'
2626 5616 2783 5688 apud
2838 5610 3132 5688 Dominum
3188 5616 3509 5688 permanent
3532 5610 3721 5664 casta:

2074 5687 2293 5747 Τούτων
2326 5684 2420 5743 οὖν
2446 5689 2583 5763 πρὸς
2610 5682 2909 5762 τδνΚύριον
2941 5682 3209 5760 μενόντων
3242 5682 3440 5756 ἁγνῶς.
