4050 6188
295 433 367 488 73

256 558 329 615 Ὀ
384 557 473 612 καὶ
536 554 774 632 προϊδὼν
809 553 1009 620 ἄνωθεν
1044 555 1072 609 ὁ
1118 551 1393 609 παιδεύων
1428 552 1626 630 Λόγος,
1676 554 1916 627 ἑκατέρῳ

2044 560 2271 632 Moysen
2299 559 2473 614 datus
2503 564 2592 615 est
2612 560 2708 624 iis,
2731 559 2831 630 qui
2850 575 2971 614 non
2993 558 3301 626 obediunt,
3325 564 3385 615 et
3407 560 3508 631 qui
3543 565 3682 616 sunt

257 648 370 699 τῶν
447 643 665 719 τρόπων
745 642 1129 717 ἐκκαθαίρων,
1201 640 1413 705 οἱκείως
1475 641 1551 704 εἷς
1610 637 1913 719 θεοσέϐειαν

262 718 509 810 ἥρμοσεν
576 729 829 809 ὄργανον,
888 733 1041 789 Ἔστι
1105 732 1198 803 μὲν
1259 732 1355 785 οὖν
1415 733 1449 801 ἡ
1512 731 1607 803 μὲν
1657 718 1918 801 ἔκπληξις

263 818 437 902 φόϐος
491 822 553 877 ὲκ
600 820 895 895 φαντασίας
938 821 1264 892 ἀσυνήθους,
1295 821 1331 890 ἢ
1380 818 1466 875 ἐπ’
1511 817 1917 895 ἀπροσδοκήτῳ

262 912 544 991 φαντασῖᾳ,
596 911 689 966 ἅτε
717 910 808 966 καὶ
838 909 1113 985 ἀγγελίαςο
1165 904 1334 984 φόϐος
1395 906 1474 979 δὲ,
1539 909 1613 971 ὡς
1651 908 1916 985 γεγονότι,

261 1000 298 1070 ἢ
349 998 495 1063 ὄντις
525 1002 592 1071 ἣν
627 1002 737 1075 (55)
768 1000 1140 1071 θαυμασιότης
1172 992 1602 1072 ὑπερϐάλλουσι.
1652 997 1732 1053 Οὐ
1761 1016 1921 1050 συνο-

267 1095 404 1165 ρῶσι
462 1089 641 1144 τοίνυν
702 1088 918 1163 ἐμπαθῆ
977 1089 1303 1158 ποιήσαντες
1345 1084 1416 1141 δι’
1462 1085 1795 1156 ἐκπλήξεως,
1822 1084 1916 1139 τὸν

269 1179 524 1254 μεγιστον
582 1177 673 1233 καὶ
730 1176 866 1248 πρὸς
926 1176 1099 1231 αὐτῶν
1157 1174 1567 1249 ἀνυμνούμενον
1617 1174 1770 1243 Θεὸν,
1827 1173 1915 1228 καὶ

263 1269 372 1340 πρό
429 1288 494 1343 γε
550 1270 652 1332 τῆς
702 1265 1017 1337 ἐκπλήξεως
1071 1264 1124 1320 ἐν
1158 1263 1351 1341 ἀγνοίᾳ
1405 1263 1722 1339 γενόμενον.
1758 1262 1818 1318 Ei
1849 1259 1916 1332 δὴ

264 1354 456 1433 ἄγνοια
487 1358 828 1431 προκατῆρξε
882 1361 983 1425 τῆς
1037 1351 1377 1424 ἐκπλήξεως,
1431 1352 1477 1408 εἰ
1538 1350 1584 1407 δ’
1633 1353 1667 1422 ἡ
1710 1350 1917 1419 ἔκπλη-

264 1448 343 1520 ξις
371 1447 462 1501 καὶ
495 1447 522 1501 ὁ
555 1440 723 1523 φόϐος
776 1445 925 1520 ἀρχὴ
983 1442 1174 1522 σοφίας
1231 1439 1401 1521 φόϐος
1430 1447 1526 1497 τοῦ
1577 1446 1711 1497 Θεοῦ
1758 1440 1919 1517 γεγὲ-

264 1557 448 1606 νηται,
496 1532 792 1590 κινδυνεύει
848 1540 948 1603 τῆς
1001 1554 1060 1589 τε
1105 1532 1294 1610 σοφίας
1348 1536 1445 1587 τοῦ
1494 1537 1629 1587 Θεοῦ
1679 1531 1769 1585 καὶ
1818 1537 1917 1600 τῆς

262 1623 631 1698 κοσμοποιίας
680 1624 913 1695 ἁπάσης,
973 1622 1119 1678 ἆ).Λᾶ
1172 1622 1262 1677 καὶ
1301 1628 1401 1691 τῆς
1435 1620 1919 1681 ἀποκαταστάσεως

265 1713 437 1783 αύτῆς
498 1720 600 1783 τῆς
655 1711 898 1787 ἐκλογῆς
957 1713 1072 1785 (56)
1126 1708 1316 1787 ἄγνοια
1371 1711 1778 1786 προκατάρχειν
1835 1710 1917 1763 αἱ·

264 1801 494 1875 τιώδης.
547 1802 780 1877 Πότερον
826 1802 917 1856 οὗν
946 1805 1055 1856 τῶν
1078 1798 1263 1855 καλῶν
1292 1798 1327 1870 ἢ
1360 1798 1583 1878 φαύλων
1616 1802 1651 1868 ἡ
1685 1798 1874 1876 ἄγνοια
1903 1816 1916 1867 ;

1599 432 2051 491 ΒἹἮΟΜΔΤῸΜ
2087 436 2223 491 LIB.
2264 437 2337 489 Π.

1142 104 1151 113 ⁵
1304 118 1315 121 -
1360 90 1425 133 ,κ’
1464 116 1507 129 λ-ι·
1538 106 1631 129 ιδ’*-
1742 112 1749 121 ¹

3566 432 3676 489 974

2028 648 2159 703 duri
2183 648 2382 704 corde.
2408 650 2565 714 Quos
2587 649 2748 703 enim
2772 666 2889 703 non
2906 654 3203 721 expugnat
3215 650 3386 716 ratio,
3402 664 3501 704 eos
3520 664 3681 704 man-

2031 738 2278 793 suefacit
2300 744 2515 794 metus.
2537 739 2701 803 Quod
2716 738 2956 810 quidem
2970 754 3105 793 cum
3119 755 3154 795 a
3169 739 3462 811 principio
3484 739 3683 809 praavi-

2028 826 2215 882 disset
2229 828 2539 900 Logos,qui
2553 828 2769 895 erudit,
2784 833 3036 899 utroque
3049 828 3224 883 modo
3238 845 3340 884 eos
3351 844 3680 899 expurgans

2029 915 2103 970 ad
2123 916 2407 986 pietatem
2445 918 2868 973 convenienter
2903 917 3281 973 concinnavit
3319 918 3679 973 instrumen-

2029 1006 2471 1077 tum.Estigitur
2487 1007 2917 1080 obstupefactio
2929 1007 3129 1073 ,timor
3140 1022 3210 1061 ex
3224 1007 3457 1061 insueto
3472 1023 3681 1078 reprm-

2030 1094 2367 1149 sentatione
2377 1095 2467 1149 vel
2482 1102 2723 1168 propter
2735 1096 3202 1167 inexspectatam
3215 1096 3683 1167 repraesentatio-

2029 1188 2260 1247 nem,ut
2274 1183 2433 1237 verbi
2454 1185 2914 1255 causa,alicujus
2932 1184 3356 1239 nuntii.Timor
3374 1190 3573 1239 autem
3596 1191 3685 1238 est

2029 1271 2279 1344 insignis
2293 1272 2924 1345 admiratio,tanquam
2955 1273 3030 1329 ob
3057 1273 3304 1343 id.quod
3328 1272 3415 1327 vel
3440 1272 3683 1340 exstitit,

2028 1361 2116 1415 vel
2142 1363 2381 1417 est.Non
2404 1362 2882 1417 animadvertunt
2899 1361 3175 1433 *itaque
3188 1378 3250 1417 se
3275 1361 3686 1417 atTectionibus

2029 1465 2096 1504 ac
2119 1450 2665 1520 perturbationibus
2686 1450 2896 1506 fecisse
2916 1450 3260 1513 obnoxium,
3283 1450 3608 1506 maximum
3629 1455 3689 1505 et

2030 1539 2131 1609 qui
2145 1539 2217 1593 ab
2237 1538 3014 1611 eiscelebratur.Deum,per
3027 1539 3687 1611 obstupefactionem,et

2030 1635 2166 1684 ante
2188 1629 2758 1701 obstupefactionem
2773 1636 3067 1685 versatum
3087 1646 3214 1685 esse
3228 1630 3291 1684 in
3313 1630 3683 1698 ignoratione

2031 1718 2078 1773 si
2111 1718 2353 1790 quidem
2386 1719 2675 1792 ignoratio
2706 1718 2818 1773 fuit
2849 1724 2988 1773 ante
3019 1717 3681 1789 obstupefactionemSi

2029 1814 2229 1863 autem
2273 1807 2727 1880 obstupefactio,
2780 1813 2838 1862 et
2887 1808 3082 1874 timor,
3117 1807 3425 1878 sapientiae
3458 1808 3683 1877 princi-

266 1892 429 1951 Ἀλλ’
459 1891 509 1948 εἲ
541 1893 636 1966 μὶν
665 1896 773 1947 τῶν
824 1888 1030 1961 καλῶν,
1083 1889 1135 1945 τί
1188 1889 1414 1945 παύεται
1472 1887 1777 1960 ἐκπλήξει;
1828 1890 1917 1943 καὶ

2044 1901 2215 1971 pium,
2264 1898 2444 1951 timor
2486 1897 2585 1951 Dei
2636 1896 2770 1961 fuit,
2815 1896 3138 1951 videndum
3192 1900 3305 1961 est,
3355 1911 3428 1949 ne
3461 1900 3519 1950 et
3546 1899 3683 1949 ante

264 1978 529 2058 παρέλκει
584 1982 612 2036 ὁ
661 1978 909 2042 διάκονος
966 1979 1151 2043 αὐτοῖς
1196 1980 1282 2033 καὶ
1339 1980 1403 2034 τὸ
1453 1980 1709 2055 κήρυγμα
1737 1976 1825 2032 καὶ
1857 1979 1918 2032 τὸ

272 2073 581 2147 βάπτισμα·
623 2068 669 2125 εἶ’
702 2066 759 2124 δὲ
812 2072 919 2123 τῶν
971 2068 1217 2145 φαύλων,
1276 2071 1395 2132 πῶς
1446 2071 1554 2122 τῶν
1608 2067 1919 2123 καλλίστων

269 2159 446 2215 αἴτιον
502 2159 565 2215 τὸ
621 2157 826 2227 κακόν;
878 2157 939 2215 Ei
1007 2157 1081 2231 μὴ
1141 2158 1243 2233 γὰρ
1300 2164 1657 2233 προϋπῆρχεν
1708 2158 1918 2234 ἄγνοια,

267 2248 370 2305 ούκ
399 2247 457 2303 ἂν
488 2249 515 2303 ὁ
547 2245 801 2309 διάκονος
850 2246 1142 2315 κατῆλθεν·
1202 2243 1314 2300 οόδ’
1376 2244 1437 2300 ἂν
1494 2242 1756 2317 ἔκπληξις
1807 2244 1920 2301 εἷλε

263 2340 361 2395 τὸν
408 2338 734 2413 “Αρχοντα,
791 2335 866 2398 ὡς
921 2334 1075 2391 αὐτοὶ
1136 2334 1414 2410 λέγουσιν*
1465 2330 1580 2390 οὐδ’
1635 2332 1695 2389 ἃν
1741 2336 1920 2411 ἀρχήν

268 2428 460 2506 σοφίας
514 2427 575 2481 ἐκ
628 2430 725 2481 τού
784 2419 958 2501 φόϐου
1015 2419 1208 2479 ἔλαϐεν
1269 2424 1345 2486 εἷς
1396 2425 1497 2493 τὴν
1530 2422 1922 2501 φυλοκρίνησιν

268 2525 372 2588 τῆς
398 2537 458 2572 τε
483 2515 722 2590 ἐκλογῆς
749 2520 859 2570 τῶν
888 2533 946 2569 τε
974 2516 1277 2586 κοσμικῶν.
1318 2511 1387 2569 Ei
1435 2509 1493 2567 δὲ
1541 2514 1569 2566 ὁ
1598 2508 1767 2591 φόϐος
1823 2516 1922 2567 τοῦ

269 2606 547 2682 προόντος
605 2604 895 2680 ἀνθρώπου
962 2597 1292 2664 ἐπιϐούλους
1348 2622 1407 2657 τε
1472 2600 1729 2677 σφετέρου
1781 2600 1921 2657 πλά-

272 2715 483 2768 σματος
512 2692 783 2764 πεποίηκε
820 2691 946 2755 τοὺς
976 2689 1268 2767 ἆγγὲλους,
1329 2690 1403 2754 ὡς
1462 2688 1814 2766 ἐνιδρυμένου
1843 2695 1925 2764 τῷ

273 2782 730 2861 δημιουργήματι
778 2782 1012 2859 ἀοράτου
1068 2785 1165 2837 τοῦ
1214 2780 1523 2854 σπὲρματος
1567 2787 1668 2851 τῆς
1720 2778 1924 2836 ἄνωθεν

276 2875 490 2943 οὐσίας,
548 2874 583 2943 ἢ
645 2871 919 2946 ὑπολήψει
973 2875 1103 2946 κενῇ
1160 2868 1554 2947 παρεζήλωσαν
1603 2874 1734 2944 ‘57),
1793 2870 1921 2944 ὅπερ

277 2965 587 3030 ἀπίθανον,
638 2959 910 3036 ἆγγὲλους
969 2959 1336 3036 δημιουργίας
1393 2961 1460 3030 ἧς
1516 2959 1926 3031 ἐπιστεύθησαν,

279 3053 394 3108 οἷον
421 3048 612 3106 τέκνου
640 3050 811 3119 τινὸς,
862 3048 1115 3112 αὐθέντας
1160 3050 1424 3124 γενέσθαι,
1483 3047 1699 3125 ἄγνοιαν
1753 3055 1926 3104 πᾶσαν

278 3141 784 3215 κατεγνωσμένους
845 3139 880 3210 ἢ
939 3139 1248 3215 προγνώσει
1310 3137 1632 3214 ἐνεχύμενοι
1705 3137 1927 3208 κεκίνην

276 3250 387 3286 ται·
422 3228 551 3286 ἀλλ’
608 3230 710 3285 οὐκ
764 3228 823 3283 ’ἂν
858 3223 1255 3284 ἐπεϐούλευσαν
1313 3225 1384 3283 δι’
1436 3228 1497 3283 οὗ
1548 3227 1926 3305 ἐπεχείρησαν,

276 3320 325 3392 ᾧ
381 3322 754 3395 προέγνωσαν·
817 3314 931 3373 οὐδ’
987 3315 1048 3372 ’ἀν
1098 3316 1512 3393 κατεπλάγησαν
1544 3316 1607 3373 τὸ
1652 3315 1810 3392 ἔργον
1834 3317 1926 3372 τὸν

276 3411 459 3466 αὐτῶν
514 3408 572 3464 ἐκ
617 3408 978 3484 προγνώσεως
1014 3408 1077 3463 τὸ
1109 3409 1305 3463 ἄνωθεν
1340 3408 1555 3483 σπέρμα
1581 3408 1927 3479 νενοηκὸτες·

277 3501 314 3569 ἢ
346 3500 408 3554 τὸ
437 3497 747 3555 τελευταῖον
775 3498 973 3574 γνώσει
1010 3498 1330 3559 πεποιθότες
1360 3494 1696 3571 ἐτόλμησαν,
1750 3496 1781 3552 ’ὁ
1838 3511 1932 3566 καὶ

282 3587 413 3643 αὐτὸ
463 3585 745 3641 ἀδύνατον·
783 3588 1045 3659 μαθόντες
1099 3585 1161 3641 τὸ
1214 3582 1467 3663 ὃιαφέροε
1506 3587 1568 3643 τὸ
1618 3586 1670 3642 ἐν
1702 3586 1933 3663 πληρώ-

285 3698 413 3752 ματι
446 3677 713 3752 ἀνθρώπῳ
766 3671 1165 3745 ἐπιϐουλεύειν,
1198 3673 1276 3731 ἔτι
1322 3675 1413 3731 καὶ
1464 3677 1527 3731 τὸ
1566 3677 1684 3731 κατ’
1733 3676 1935 3749 εἰκόνα,

287 3765 339 3822 ἒν
390 3766 436 3839 ᾧ
492 3762 583 3821 καὶ
643 3764 704 3819 τὸ
762 3764 1093 3842 ἀρχέτυπον,
1143 3764 1232 3820 καὶ
1290 3766 1319 3820 ’ὀ
1373 3764 1465 3820 σὺν
1523 3769 1589 3839 τῇ
1640 3767 1834 3842 γνώσει
1864 3770 1933 3840 τῇ

283 3854 459 3929 λοιπῇ
546 3852 842 3932 ἄφθαρτον,
918 3854 1347 3931 παρειλήφεσαν.
1425 3853 1657 3917 Τούτοις
1728 3877 1786 3911 τε
1844 3852 1933 3911 οὖν

282 3944 472 4007 αὐτοῖς
527 3944 617 3998 καὶ
679 3942 880 4018 ἒτὲροις
932 3945 1064 4016 τισὶ,
1117 3943 1354 4016 μάλιστα
1384 3941 1442 3999 δὲ
1469 3949 1587 4007 τοῖς
1617 3945 1722 4000 ἀπὸ
1779 3947 1937 4018 Μαρ-

290 4033 512 4094 κίωνος.
569 4025 735 4102 ἔκϐοᾷ
787 4036 896 4106 (58)
957 4031 1057 4087 οὐκ
1105 4030 1381 4087 ἐπαΐουσιν
1431 4035 1465 4104 ἡ
1496 4036 1706 4110 Γραφή’
1765 4035 1827 4091 Ὀ
1881 4031 1939 4088 δὲ

294 4120 430 4194 ἐμοῦ
500 4119 714 4175 ἀκούων
771 4119 1129 4176 ἀναπαύσεται
1190 4120 1274 4176 ἐπ’
1330 4121 1555 4198 εἰρήνης
1612 4123 1887 4188 πεποιθὼς
1923 4163 1937 4189 ,

296 4211 387 4265 καὶ
473 4211 743 4287 ἠσυχάσει
833 4204 1050 4288 ἀφόϐως
1136 4210 1241 4265 ἀπὸ
1322 4213 1523 4276 παντὸς
1601 4217 1795 4271 κακοῦ.
1880 4212 1941 4267 Ti

290 4299 475 4355 τοίνυν
529 4299 621 4354 τὸν
676 4297 844 4372 νόμον
897 4297 1189 4374 βούλονται
1217 4321 1231 4370 ς
1283 4300 1459 4356 Κακὸν
1490 4301 1584 4373 μὲν
1618 4298 1708 4355 οὖν
1742 4301 1803 4355 ού
1834 4303 1941 4379 φή-

296 4408 472 4458 σουσι,
529 4385 737 4443 δίκαιον
798 4386 857 4443 δὲ
912 4384 1324 4454 διὰστὲλλοντες
1376 4389 1439 4444 τὸ
1498 4391 1695 4463 ἀγαθὸν
1732 4396 1829 4446 τοῦ
1860 4389 1945 4446 δι-

294 4478 476 4533 καίου.
509 4478 566 4531 '0
624 4474 681 4532 δὲ
734 4479 956 4553 Κύριος,
1012 4473 1296 4557 φοϐεῖσθαι
1351 4478 1415 4534 τὸ
1454 4480 1616 4534 κακὸν
1677 4481 1944 4553 προστατ-

297 4589 431 4635 των,
466 4566 527 4621 ού
559 4571 711 4639 κακῷ
756 4566 820 4621 τὸ
849 4567 1011 4622 κακὸν
1055 4566 1414 4637 ἀπαλλάττει,
1471 4573 1551 4641 τῷ
1609 4565 1667 4624 δὲ
1722 4567 1945 4644 ἐναντίῳ

2028 1988 2130 2043 Dei
2176 1986 2530 2057 sapientiam
2558 1991 2615 2040 et
2643 1986 2825 2040 totius
2856 1984 3065 2039 mundi
3087 1984 3473 2054 creationem,
3510 1984 3683 2054 quin-

2027 2078 2206 2133 etiam
2250 2075 2689 2130 restitutionem
2741 2079 2802 2128 et
2851 2074 3040 2144 ipsam
3081 2074 3436 2129 electionem
3483 2088 3682 2140 causa,

2028 2181 2159 2236 quas
2189 2164 2512 2235 praecessit,
2537 2163 2718 2217 fuerit
2748 2163 3061 2235 ignoratio.
3097 2164 3303 2218 Utrum
3328 2178 3464 2236 ergo
3483 2178 3684 2218 rerum

2026 2255 2318 2311 bonarum
2391 2258 2496 2309 aut
2570 2254 2867 2309 malarum
2925 2259 3015 2308 est
3074 2254 3410 2327 ignoratio?
3466 2252 3581 2309 Sed
3638 2253 3687 2307 si

2026 2360 2228 2400 rerum
2278 2343 2520 2415 quidem
2568 2342 2862 2398 bonarum
2894 2386 2908 2411 ,
2969 2344 3112 2415 quid
3161 2348 3356 2399 cessat
3408 2342 3690 2413 obstupe-

2028 2432 2287 2489 factione
2306 2432 2334 2487 ?
2366 2438 2425 2486 et
2452 2431 2674 2487 frustra
2705 2436 2794 2487 est
2822 2432 2909 2487 eis
2940 2438 2999 2486 et
3027 2433 3389 2500 minister,et
3408 2432 3688 2504 prmdica-

2031 2523 2133 2589 tio,
2167 2528 2221 2577 et
2252 2521 2569 2593 baptisma.
2605 2521 2706 2575 Sin
2758 2526 2955 2576 autem
3014 2522 3330 2589 malarum,
3390 2520 3687 2592 quomodo

2032 2615 2120 2666 est
2151 2610 2378 2665 malum
2409 2625 2588 2666 causa
2618 2625 2821 2664 rerum
2849 2608 3208 2681 optimarum
3229 2609 3257 2664 ?
3289 2610 3345 2665 Si
3377 2611 3537 2665 enim
3566 2624 3685 2664 non

2032 2700 2196 2773 prior
2222 2699 2435 2754 fuisset
2464 2683 2775 2772 ignoratio,
2800 2715 2919 2753 non
2952 2698 3363 2753 descendisset
3394 2699 3684 2754 minister.

2035 2788 2144 2844 Sed
2177 2805 2287 2844 nec
2335 2787 2764 2859 obstupefactio
2796 2788 3051 2858 cepisset
3090 2787 3444 2858 principem,
3479 2794 3541 2841 ut
3573 2787 3686 2856 ipsi

2035 2878 2282 2944 dicunt;
2316 2893 2509 2948 neque
2556 2877 2863 2947 sapientia;
2892 2875 3250 2947 principium
3302 2874 3559 2945 cepisset
3614 2891 3687 2928 ex

2034 2967 2249 3021 timore
2280 2966 2354 3020 ad
2382 2965 2733 3019 electionem
2764 2971 2823 3019 et
2851 2964 3157 3019 mundana
3186 2963 3591 3036 dijudicanda.
3627 2963 3685 3017 Si

2036 3062 2234 3112 autem
2275 3056 2470 3110 metus
2518 3054 2668 3125 ejus,
2713 3054 2814 3125 qui
2854 3054 3017 3125 prius
3059 3059 3204 3120 erat,
3235 3052 3515 3121 hominis,
3548 3052 3692 3107 fecit

2035 3152 2104 3202 ut
2134 3162 2237 3201 suo
2271 3146 2554 3217 figmento
2584 3143 3013 3199 insidiarentur
3045 3142 3262 3214 angeli,
3295 3148 3499 3214 utpote
3531 3141 3689 3213 quod

2038 3234 2459 3307 inaspectabile
2484 3249 2754 3305 superum
2780 3231 3123 3287 substantia:
3145 3248 3346 3286 semen
3370 3230 3690 3286 collocare-

2041 3328 2136 3379 tur
2164 3323 2322 3378 intus
2370 3322 2429 3377 in
2461 3322 2721 3394 Opiﬁcio,
2755 3328 2856 3376 aut
2905 3337 2974 3375 ex
3004 3319 3169 3374 inani
3197 3320 3499 3392 opinione,
3535 3320 3695 3391 quod

2043 3412 2283 3486 quidem
2306 3417 2395 3467 est
2419 3409 2791 3479 incredibile,
2821 3409 3200 3465 aemulatione
3220 3410 3428 3481 perciti
3462 3414 3603 3464 sunt
3632 3409 3695 3464 in

2043 3501 2283 3576 angelos
2338 3505 2583 3574 propter
2626 3499 2953 3572 opificium,
3012 3498 3182 3570 cujus
3240 3504 3525 3570 tanquam
3584 3498 3694 3553 ﬁlii

2044 3592 2298 3665 alicujus
2348 3589 2555 3646 crediti
2608 3594 2746 3643 sunt
2794 3604 2921 3643 esse
2961 3593 3234 3643 auctores
3261 3587 3406 3643 adeo
3434 3593 3499 3642 ut
3528 3587 3694 3643 nulla

2044 3699 2165 3737 non
2196 3680 2257 3735 in
2290 3696 2389 3735 eos
2428 3678 2599 3735 cadat
2656 3676 3029 3751 ignorantia:
3063 3682 3165 3732 aut
3193 3678 3339 3733 moti
3372 3681 3511 3731 sunt
3558 3692 3692 3731 cum

2046 3774 2393 3827 tenerentur
2437 3767 2847 3841 praescientia;
2900 3766 3005 3822 sed
3048 3784 3168 3821 non
3203 3766 3464 3822 insidiati
3498 3771 3699 3822 essent

2046 3862 2159 3918 isto
2190 3864 2406 3916 conatu
2438 3858 2511 3926 ei,
2546 3857 2703 3930 quod
2737 3858 3175 3929 prmsciverunt,
3204 3873 3397 3927 neque
3421 3856 3493 3911 ob
3523 3873 3696 3911 suum

2047 3967 2195 4022 opus
2217 3946 2607 4020 obstupefacti
2626 3951 2986 4016 essent,cum
3005 3961 3075 4000 ex
3103 3945 3479 4017 prmscientia
3496 3962 3700 4001 semen

2049 4055 2374 4111 supernum
2395 4036 2835 4092 intellexissent
2859 4052 2872 4088 :
2905 4039 3008 4089 aut
3028 4040 3330 4107 postremo
3348 4034 3482 4090 freti
3502 4035 3702 4107 cogni-

2053 4128 2209 4183 tione
2268 4127 2396 4182 ausi
2456 4130 2612 4193 sunt,
2666 4123 2824 4195 quod
2863 4123 3057 4195 ipsum
3091 4140 3327 4196 quoque
3358 4141 3477 4179 non
3511 4129 3705 4195 potest

2053 4217 2204 4285 fieri,
2264 4233 2398 4272 cum
2429 4214 2781 4270 didicissent
2828 4213 2907 4280 id,
2941 4211 3097 4284 quod
3143 4218 3232 4267 est
3261 4213 3321 4266 in
3378 4214 3703 4284 pleromate

2053 4305 2372 4374 excellens,
2392 4304 2619 4360 homini
2645 4301 2937 4357 insidiari.
2964 4302 3255 4356 Praeterea
3274 4307 3331 4354 et
3347 4300 3593 4371 id,quod
3619 4305 3709 4355 est

2052 4396 2275 4453 factum
2304 4393 2379 4451 ad
2411 4393 2752 4466 imaginem,
2786 4392 2845 4446 in
2879 4407 2994 4462 quo
3028 4391 3207 4445 etiam
3237 4390 3468 4445 exsistit
3510 4406 3708 4445 exem-

2055 4485 2206 4558 plar,
2238 4491 2297 4541 et
2325 4484 2406 4551 id,
2436 4482 2596 4555 quod
2626 4498 2762 4536 cum
2788 4480 3022 4551 reliqua
3051 4479 3386 4551 cognitione
3412 4483 3501 4532 est
3522 4477 3597 4533 ab
3620 4479 3708 4533 in-

2056 4575 2235 4630 teritu
2288 4573 2576 4640 alienum,
2629 4572 3103 4639 assumpserunt.
3156 4567 3255 4621 Bis
3283 4581 3420 4638 ergo
3452 4565 3620 4637 ipsis,
3653 4572 3713 4622 et

295 4656 362 4711 τὸ
394 4654 632 4711 ἐναντίον
690 4655 966 4712 καταλύει.
1022 4657 1239 4734 Ἀγαθῴ
1269 4654 1325 4712 δὶ
1364 4657 1526 4712 κακὸν
1560 4657 1820 4729 ἰναντίον,
1878 4660 1932 4714 ὡι

2058 4660 2361 4734 aliquibus
2410 4659 2565 4726 aliis,
2613 4656 2869 4712 maxime
2914 4660 3111 4710 autem
3144 4654 3558 4721 Marcionistis,
3590 4672 3712 4711 non

375 4823 437 4886 »Β
464 4821 528 4873 Ρ.
563 4820 667 4873 449
700 4820 808 4874 ED.
846 4820 1132 4887 POTTER,
1166 4821 1405 4875 376-377
1435 4819 1547 4875 ΕΙ).
1580 4820 1804 4878 PARIS.

376 4979 492 5051 (55)
521 4983 617 5035 Ἦ.
652 4984 949 5054 interpres
990 4980 1132 5054 legit
1160 4980 1218 5049 ἡ.

383 5050 497 5127 (5g)
524 5055 633 5118 Τῆς
664 5052 744 5127 ὶκἶ
778 5050 1077 5127 Interpres
1094 5053 1248 5127 legit
1275 5059 1372 5121 τῆς
1402 5074 1460 5127 τε
1489 5050 1743 5127 ἐκλογῆς.

386 5124 500 5193 (57)
532 5124 955 5199 Παρεζήκωσανζ
986 5124 1187 5199 Scribi
1209 5126 1396 5197 possit
1442 5126 1502 5182 in
1534 5124 1817 5199 singulari
1852 5144 1960 5182 nu-

317 5210 483 5250 mero
537 5193 975 5269 nupeCﬂlwaevL
1007 5196 1118 5252 hoc
1158 5193 1392 5269 sensu:
1451 5198 1608 5263 Quod
1632 5193 1703 5254 “si
1757 5200 1962 5269 angeli,

321 5272 467 5320 metu
507 5266 913 5337 przeeristentis
957 5266 1213 5336 hominis,
1260 5286 1368 5324 sua:
1412 5276 1684 5325 creaturae
1716 5266 1965 5325 insidiati

314 5339 449 5403 sint,
490 5355 569 5411 eo
630 5341 778 5411 quod
818 5338 1091 5395 invisibile
1132 5355 1380 5410 supernze
1421 5341 1741 5396 substantia
1788 5358 1965 5397 semen

317 5409 536 5478 api/icio
568 5409 660 5466 isti
686 5411 878 5484 inesset
903 5428 915 5466 :
947 5416 1045 5484 aut
1075 5411 1296 5480 angelos
1325 5430 1469 5468 rana
1497 5414 1805 5484 suspicione
1851 5429 1968 5468 mo—

319 5485 400 5555 tos
423 5485 660 5555 tantam
699 5483 773 5537 ad
797 5481 1200 5555 aemulationem
1230 5481 1599 5555 provocavit;
1616 5488 1675 5539 ut
1706 5489 1968 5539 creatura:

321 5551 465 5628 ipsis
485 5555 733 5628 creditae,
760 5554 994 5628 perinde
1021 5570 1084 5608 ac
1112 5551 1249 5628 ﬁlii,
1270 5557 1418 5627 quod
1436 5555 1655 5628 quidem
1680 5562 1758 5610 est
1790 5557 1969 5610 incre-

362 5622 517 5686 ibile,
548 5622 876 5695 omnimodae
905 5622 1234 5695 ignorantia:
1262 5622 1662 5689 condemnatos,
1697 5631 1806 5681 etc.

337 5696 509 5788 ι..ρξ’δ8)
544 5690 763 5765 Ἐκϐοᾷ.
797 5689 1006 5783 Aptius
1035 5689 1388 5788 igioé;\MoE
1418 5699 1583 5788 Vulg.
1609 5698 1733 5788 liib.
1757 5698 1968 5788 Prgm,

326 5765 566 5834 ἀκούων,
621 5765 1027 5838 κατασκὴνώσει
1068 5765 1160 5821 ἐπ’
1192 5765 1416 5839 ἑλπίδι,
1462 5765 1557 5824 καῖ
1603 5771 1771 5842 ἡσυχ.
1836 5769 1970 5824 5η-

2064 4999 2229 5041 nunc.
2256 5011 2323 5022 —
2354 4977 2825 5049 LXX,Proyerl_).
2865 4995 2903 5049 1,
2934 4996 2985 5035 ι’.
3022 4980 3087 5035 33
3115 4996 3128 5033 :
3160 4977 3220 5035 Ὀ
3251 4973 3308 5032 δὲ
3338 4975 3484 5049 ἐμιοῆ
3510 4976 3724 5033 ἁκούων

2069 5043 2843 5128 κατασκηνώσεέέπίέλπὶδι,
2871 5043 2962 5128 καὶ
3020 5050 3285 5128 ἡσυχάσει
3318 5043 3564 5128 Αᾶφόϐως
3618 5051 3723 5105 ἀπὸ

2072 5123 2271 5184 παὸτὸς
2326 5122 2516 5178 κακοῦ.
2578 5122 2642 5177 At
2698 5140 2781 5177 me
2836 5123 3064 5178 audiens
3121 5122 3401 5179 habitabit
3440 5126 3496 5178 in
3526 5140 3639 5193 spe,
3672 5131 3725 5179 et

2071 5196 2370 5269 requiescet
2427 5195 2628 5269 absque
2688 5199 2892 5249 terrore
2947 5194 3013 5269 ab
3059 5196 3216 5269 omni
3274 5194 3459 5251 malo.
3521 5195 3726 5251 Latina

2075 5266 2274 5339 Vtilg.:
2337 5268 2443 5331 Qui
2492 5272 2674 5339 autem
2728 5282 2812 5320 me
2849 5266 3108 5331 audierit,
3143 5267 3344 5337 absque
3379 5273 3587 5322 terrore
3646 5285 3727 5322 re-

2074 5338 2415 5413 quiescettet
2459 5337 2800 5413 abundantia
2836 5340 3184 5413 perfruetur,
3210 5340 3409 5413 timore
3456 5339 3726 5394 malorum

2075 5407 2309 5469 sublato.
2340 5410 2406 5463 In
2441 5407 2697 5462 editione
2744 5409 3012 5463 Romana
3036 5407 3179 5463 Sixti
3210 5409 3253 5461 V
3285 5410 3603 5465 adnotatur
3660 5425 3729 5462 ex

2119 5482 2334 5538 uodam
2356 5478 2674 5550 scholiaste
2691 5478 2763 5534 ad
2785 5478 3031 5535 alteram
3054 5486 3281 5550 partem
3303 5481 3480 5550 hujus
3504 5495 3726 5550 versus,

2119 5502 2334 5538 nouam
2356 5502 2673 5535 δουυιιὶιδιθ
2691 5502 2763 5534 au
2785 5502 3031 5535 alterum
3094 5502 3281 5535 urbem
3303 5502 3480 5550 UUJUS
3504 5502 3726 5542 versus,

2078 5502 2438 5609 ἓναπαύσεται
2495 5548 2578 5623 ἐπ’
2605 5621 2617 5623 _
2635 5547 2824 5623 εἰρήνῃ
2880 5502 3182 5619 πεποιεὼς,
3233 5550 3531 5623 quomodo
3564 5622 3567 5623 ν
3589 5549 3732 5623 legit

2079 5627 2371 5682 Clemens.
2404 5624 2487 5676 Ex
2516 5620 2761 5678 Hebraao
2788 5620 2808 5676 ξ
2845 5624 2951 5688 Qui
2986 5629 3165 5677 autem
3195 5620 3376 5675 obedit
3428 5620 3588 5687 mihi,
3624 5620 3729 5674 ha-

2081 5698 2277 5754 bitabit
2308 5693 2659 5763 conﬁdenter,
2692 5701 2745 5749 et
2772 5698 3069 5764 requiescet
3099 5710 3132 5748 a
3158 5695 3351 5746 timore
3384 5692 3539 5748 mali.
3592 5692 3732 5746 C01.-

2080 5786 2233 5825 LECT.
