4050 6188
263 350 374 404 977
1622 356 2073 413 amomum
2109 357 2244 408 Lm.
2285 358 2356 410 ιι.
3583 364 3691 420 973

260 473 590 542 ἐλπίζοντας
648 477 739 530 καὶ
790 477 887 538 τὰς
944 478 1202 551 σαρκικάς
1236 475 1528 550 ἐπιθυμίας
1572 477 1892 548 έζακούομει

2043 481 2132 531 est
2155 477 2476 532 artiﬁciosa
2506 478 2784 532 amicitia:
2838 480 2985 534 ratio
3020 480 3177 537 circa
3219 498 3394 538 usum
3425 488 3687 559 peregri-

258 565 353 632 Μή
391 567 888 638 συσχηματίζεσθε,
921 572 1083 635 φησὶν
1145 567 1172 620 ὁ
1235 565 1599 635 Ἀπόστολος,
1630 571 1708 636 τῷ
1765 564 1892 618 αἷῶν

2033 581 2270 620 norum.
2303 567 2602 638 Peregrini
2645 572 2841 622 autem
2903 576 3061 636 sunt,
3117 572 3335 642 quibus
3374 577 3689 648 peregrina

255 652 464 725 τούτῳ,
547 653 698 708 ἀλλά
773 656 1225 730 μεταμορφοῦσθε
1284 659 1350 728 τῇ
1437 656 1768 710 ἀνακαινώσε
1825 660 1892 706 το

2032 661 2187 722 sunt,
2219 673 2348 725 quae
2374 661 2512 709 sunt
2543 657 2864 713 mundana.
2889 658 3215 714 Mundanos
3250 663 3411 716 enim
3440 680 3560 733 eos,
3581 668 3682 736 qui

256 743 386 804 νοὸς
443 745 579 815 (66),
639 741 715 804 εἰς
772 743 834 797 τὸ
876 740 1190 816 δοκιμάζειν
1252 743 1417 816 ὑμᾶς,
1473 745 1526 798 τί
1583 745 1646 799 τὸ
1705 742 1892 813 θέλημι

2030 743 2090 796 in
2122 749 2340 798 terram
2388 751 2648 815 sperant,
2710 751 2767 797 et
2819 749 3330 818 concupiscentias
3388 753 3678 822 carnales,

254 835 354 886 τοῦ
443 834 577 886 Θεοῦ
630 833 691 886 τὸ
744 831 962 907 ἀγαθὸν,
1022 831 1111 886 καὶ
1167 833 1477 906 εὐάρεστον,
1533 831 1624 887 καὶ
1686 831 1892 885 τέλειον

2031 831 2418 904 intelligimus
2455 850 2465 886 :
2501 834 2683 889 Nolite
2737 839 3074 904 conﬁrmari.
3109 837 3303 907 inquit
3340 843 3675 911 Apostolus,

257 922 610 996 Ἀναστρέψει
665 920 848 976 τοίνυν
903 922 937 991 ἠ
997 919 1276 998 φιλοξενία
1330 920 1453 996 περὶ
1509 921 1571 975 τὸ
1635 918 1892 996 ὠφέλιμοι

2031 921 2158 975 huic
2186 922 2401 988 saeculo,
2433 923 2528 976 sed
2558 927 3043 992 transformamini
3071 927 3425 983 renovatione
3458 935 3675 1000 mentis,

251 1016 374 1072 τοῖς
436 1010 630 1083 ξένοιςο
695 1010 834 1081 ξένοι
921 1007 978 1065 δὲ
1055 1012 1107 1065 οἱ
1161 1011 1410 1083 ἐπίξενοι·
1466 1009 1699 1081 ἐπίξενοι
1757 1005 1815 1062 δὲ
1860 1029 1892 1061 ο

2028 1010 2102 1064 ad
2130 1010 2228 1063 hoc
2258 1018 2320 1063 ut
2347 1027 2438 1064 vos
2460 1014 2726 1080 probetis,
2787 1028 2914 1082 qua?
2969 1016 3040 1068 sit
3078 1016 3332 1070 voluntas
3364 1019 3462 1072 Dei
3513 1019 3674 1086 bona,

253 1098 434 1176 φίλοι·
495 1098 652 1176 φίλοι
712 1096 771 1154 δὲ
819 1099 871 1153 οἱ
928 1095 1180 1172 ἀδελφοίο
1238 1097 1376 1154 Φίλε
1426 1099 1726 1174 κασίγνητε
1782 1102 1892 1172 (67)

2030 1100 2160 1153 bene
2173 1100 2420 1168 placens,
2453 1108 2504 1154 et
2527 1105 2780 1170 perfecta
2802 1103 2900 1173 (α).
2930 1103 3274 1158 Versabitur
3305 1121 3440 1177 ergo
3472 1107 3676 1179 hospi-

251 1190 419 1260 φησὶν
468 1191 746 1261 “Ομηρος·
813 1189 841 1258 ἢ
899 1211 959 1244 τε
1011 1187 1417 1267 φιλανθρωπία,
1477 1187 1548 1244 δι’
1605 1191 1671 1260 ἢν
1730 1189 1820 1244 καὶ
1876 1193 1892 1244 i

2027 1188 2224 1244 talitas
2255 1190 2317 1242 in
2343 1190 2515 1255 ᾤου,
2560 1191 2717 1261 quod
2750 1197 2839 1246 est
2893 1192 3039 1246 utile
3089 1193 3441 1265 peregrinis.
3499 1200 3676 1251 Pere-

251 1279 638 1356 φιλοστοργία,
698 1278 894 1356 φιλικὴ
958 1286 1158 1354 χρῆσις
1201 1281 1502 1356 ἀνθρώπων
1567 1279 1892 1356 ὑπάρχουσα

2025 1278 2175 1351 grini
2205 1283 2404 1332 autem
2426 1283 2584 1346 sunt,
2629 1279 2728 1350 qui
2760 1281 2942 1336 etiam
2974 1281 3256 1336 dicuntur
3285 1280 3541 1351 ἐπίξενοι,
3574 1301 3678 1341 seu

250 1369 286 1438 ἢ
335 1391 396 1425 τε
423 1369 808 1448 φιλοστοργία,
841 1369 1171 1447 φιλοτεχνία
1197 1392 1282 1432 τις
1342 1371 1480 1425 οὖσα
1537 1370 1661 1444 περί
1707 1370 1892 1445 στέρξιτ

2025 1370 2262 1438 hospitio
2291 1371 2505 1436 excepti
2536 1385 2554 1422 :
2584 1366 2819 1439 ἐπίξενοι
2851 1377 3048 1425 autem
3099 1379 3238 1426 sunt
3266 1374 3440 1428 amici
3468 1374 3673 1440 ;amici

249 1459 427 1536 φίλων
456 1459 492 1528 ἤ
523 1459 760 1525 οἰκείων,
815 1480 1378 1535 συμπαρομαρτουσιν
1423 1461 1535 1532 (68)
1596 1460 1793 1533 ἀγάπῃ.
1848 1462 1888 1516 Ε

2022 1463 2221 1514 autem
2239 1462 2380 1512 sunt
2406 1457 2638 1514 fratres.
2671 1460 2866 1513 Frater
2890 1463 3082 1527 amice,
3123 1461 3318 1532 inquit
3337 1463 3626 1518 Homerus
3656 1481 3669 1517 :

247 1546 305 1603 δὲ
334 1554 412 1618 τῷ
443 1545 527 1603 ὅτι
558 1548 842 1619 ἅνθρωπος
895 1550 924 1602 6
975 1548 1027 1603 ἐν
1080 1551 1238 1621 ἡμῖν,
1287 1547 1430 1603 ἐστὶν
1463 1549 1492 1602 6
1522 1549 1888 1621 πνευματικὸς

2023 1552 2080 1601 et
2110 1546 2473 1613 humanitas,
2507 1561 2612 1616 per
2642 1563 2820 1616 quam
2853 1548 2917 1602 fit
2949 1549 3106 1604 bona
3135 1551 3389 1621 affectio,
3420 1568 3551 1622 qua;
3581 1557 3671 1607 est

244 1634 581 1714 φιλαδελφία
635 1640 751 1710 (69)
808 1639 844 1707 ἡ
922 1637 1328 1715 φιλανθρωπία,
1387 1642 1505 1699 τοῖς
1583 1641 1680 1692 τοῦ
1739 1637 1892 1692 αύτοῐ

2019 1637 2246 1691 amicus
2275 1651 2418 1690 usus
2451 1635 2760 1690 hominum
2785 1655 2798 1702 ;
2833 1643 2891 1689 et
2920 1637 3047 1707 ipsa
3071 1637 3227 1692 bona
3257 1640 3508 1706 effectio,
3533 1657 3664 1710 qua)

241 1725 567 1798 [Ινεύματος
597 1727 1080 1794 κεκοινωνηκόσιν.
1144 1726 1366 1801 Στέρξις
1424 1722 1472 1780 δ’
1521 1723 1613 1793 αὖ,
1670 1725 1892 1800 τήρησίς

2020 1730 2108 1780 est
2137 1724 2407 1795 quaadam
2435 1725 2758 1780 artificiosa
2781 1725 3056 1779 amicitia:
3089 1727 3237 1780 ratio
3269 1727 3424 1782 circa
3454 1729 3668 1783 amico-

243 1813 386 1869 ἐστιν
452 1813 659 1876 εὐνοίας
717 1813 754 1882 ἢ
813 1814 1158 1888 ἀγαπήσεως·
1221 1813 1493 1890 ἀγάπησις
1567 1812 1624 1870 δὲ
1681 1812 1892 1870 ἀπόδει-

2016 1831 2148 1869 rum
2197 1814 2287 1869 vel
2344 1814 2820 1869 necessariorum
2880 1813 3252 1880 dilectiones,
3305 1816 3668 1870 comitantur

239 1903 320 1972 ξις
344 1907 459 1974 (70)
490 1903 782 1973 παντελήςο
841 1907 931 1958 καί
978 1904 1040 1958 τὸ
1092 1902 1399 1977 ἀγαπᾶσθαι
1457 1901 1771 1977 ἀρέσκεσθαι
1817 1908 1898 1975 τῷ

237 1993 383 2062 ἤθει,
415 1991 679 2066 ἀγόμενόν
738 2011 797 2046 τε
823 1992 914 2046 καὶ
973 1990 1332 2065 ἀπαγόμενον,
1391 1991 1645 2067 ’Ἁγονται
1705 1989 1762 2045 δὲ
1818 1992 1894 2053 εἷς

232 2080 544 2150 ταυτότητα
609 2077 678 2134 δι’
738 2079 1020 2153 ὁμόνοιαν,
1099 2080 1409 2153 ἐπιστήμην
1483 2078 1642 2134 οὖσαν
1697 2085 1892 2134 κοινῶν

234 2167 482 2242 ἀγαθῶν.
543 2167 642 2224 Καὶ
688 2168 793 2243 γὰρ
847 2171 882 2237 ἡ
926 2167 1359 2243 ὁμογνωμοσύνη
1417 2168 1708 2242 συμφωνία
1753 2189 1892 2243 γνω-

237 2262 378 2330 μῶν.
412 2257 621 2326 Καί,Ὴ
654 2257 834 2333 ἀγάπη
888 2261 1027 2330 (71),
1088 2257 1277 2335 φησὶν,
1336 2256 1697 2333 ἀνυπόκριτος
1756 2252 1894 2313 ἔστω

229 2347 372 2418 ἡμῖν
479 2345 684 2412 αὑτοῖς,
766 2347 855 2400 καὶ
972 2347 1398 2421 ἀποστυγοῦντες
1481 2347 1544 2401 τὸ
1628 2345 1895 2420 πονηρὸν,

232 2440 519 2509 γινώμεθα
603 2433 952 2508 κολλώμενοι
1035 2439 1115 2506 τῷ
1173 2436 1356 2510 ἀγαθῷ
1433 2439 1503 2508 τῇ
1563 2432 1895 2511 φιλαδελφίᾳ

231 2544 313 2593 τε,
346 2525 438 2578 καὶ
490 2525 560 2579 τά
615 2525 736 2594 ἑξῆς
767 2522 894 2596 ἕως,
953 2523 1017 2580 Εἰ
1051 2521 1300 2591 δυνατὸν,
1339 2523 1403 2579 τὸ
1434 2523 1486 2594 ἐξ
1547 2524 1700 2597 ὑμῶν
1761 2525 1896 2597 μετὰ

235 2612 451 2668 πάντων
561 2612 861 2686 ἀνθρώπων
939 2612 1351 2687 εἶρηνεύοντες.
1428 2614 1656 2670 Ἔπειτα
1699 2654 1713 2680 ,
1797 2613 1891 2681 Μὴ

238 2707 397 2769 νικῶ,
458 2701 628 2776 λέγει,
721 2702 823 2756 ὑπὸ
899 2705 998 2756 τοῦ
1070 2705 1262 2768 κακοῦ,
1320 2700 1467 2757 ἀλλᾶ
1533 2699 1658 2755 νίκα
1713 2701 1764 2755 ἐν
1813 2700 1894 2773 τῷ

236 2791 423 2866 ἀγαθῷ
480 2792 542 2845 τὸ
593 2790 781 2849 κακόν.
838 2788 1122 2854 Ἰουδαίοις
1175 2812 1235 2846 τε
1286 2792 1314 2845 6
1367 2790 1525 2852 αὑτὸς
1585 2788 1891 2852 ἀπόστολος

241 2887 533 2956 μαρτυρεῖν
606 2881 911 2956 ὁμολογεῖ,
972 2882 1055 2936 ’ὁτι
1129 2880 1296 2950 ζῆλον
1403 2885 1536 2936 Θεοῦ
1620 2876 1889 2955 ἔχουσιν,

240 2969 370 3024 ἀλλ’
452 2970 514 3024 οὗ
601 2973 718 3025 κατ’
804 2970 1092 3043 ἐπίγνωσιν
1129 2989 1141 3003 ο
1246 2969 1534 3045 ἀγνοῦντες
1613 2971 1718 3044 γὰρ
1794 2969 1894 3037 τήν

235 3063 334 3113 τοῦ
413 3062 547 3113 Θεοῦ
626 3056 976 3128 δικαιοσύνην
1013 3105 1027 3126 ,
1110 3059 1202 3113 καὶ
1286 3059 1386 3128 τὴν
1471 3055 1614 3112 ἲδίαν
1675 3059 1897 3127 ζητοῦν-

231 3168 320 3207 τες
404 3151 515 3219 (72)
597 3154 814 3216 στῆσαι,
890 3151 960 3221 τῇ
1045 3144 1363 3221 δικαιοσύνῃ
1422 3150 1518 3200 τοῦ
1591 3143 1726 3200 Θεοῦ
1783 3144 1893 3219 οὑχ

234 3236 599 3311 ὑπετάγησαν
635 3236 696 3290 οὐ
727 3238 831 3312 γὰρ
880 3237 941 3291 τὸ
1003 3235 1264 3311 βούλημα
1331 3240 1428 3291 τοῦ
1480 3235 1653 3308 νόμου
1710 3231 1887 3308 ἔγνω-

233 3327 328 3380 σάν
358 3347 418 3381 τε
446 3327 536 3381 καὶ
567 3324 855 3394 ἐποίησαν,
906 3323 1033 3380 ἀλλ’
1077 3323 1108 3380 6'
1168 3319 1438 3380 ὑπέλαϐον
1497 3323 1675 3395 αὐτοὶ,
1722 3328 1884 3378 τοῦτο

229 3416 321 3470 καὶ
361 3413 654 3490 βούλεσθαι
683 3414 776 3469 τὸν
826 3415 998 3487 νόμον
1053 3413 1331 3486 ᾠήθησαν·
1363 3410 1478 3468 οὐδ’
1533 3414 1608 3474 ὡς
1665 3432 1885 3488 προφη-

233 3503 446 3558 τεύοντι
479 3507 590 3576 (73)
619 3507 698 3575 τῷ
726 3505 882 3577 νόμῳ
914 3501 1245 3569 ἐπίστευσαν,
1278 3500 1428 3577 λόγῳ
1487 3499 1544 3558 δὲ
1595 3502 1766 3575 ψιλῷ⁶
1797 3500 1886 3555 καὶ

245 3589 443 3670 φόϐῳ,
507 3592 635 3649 ἀλλ’
690 3593 754 3648 οὑ
811 3591 1046 3656 διαθέσει
1101 3592 1192 3647 καὶ
1249 3591 1424 3646 πίστει
1480 3591 1884 3661 ἠκολούθησαν

242 3681 417 3746 Τέλος
469 3683 570 3759 γάρ
651 3683 825 3755 νόμου
875 3682 1112 3758 Χριστὸς
1163 3681 1240 3743 εἷς
1289 3679 1634 3750 δικαιοσύνην
1695 3681 1723 3735 6
1785 3679 1888 3735 ὑπὸ

240 3771 415 3844 νόμου
497 3770 893 3848 προφητευθεὶς
974 3771 1134 3825 παντῖ
1174 3775 1256 3842 τῷ
1342 3769 1670 3826 πιστεύοντι.
1727 3769 1886 3832 ’Ὀθεν

243 3857 456 3933 ε’ίρηται
510 3859 730 3924 τούτοις
784 3859 931 3929 παρά
987 3861 1286 3921 Μωϋσέωςο
1349 3859 1487 3934 Ἐγὼ
1545 3861 1658 3932 (74)
1713 3877 1890 3927 παρα-

244 3949 484 4019 ζηλώσω
546 3951 684 4020 ὑμᾶς
741 3948 825 4004 ἐπ’
879 3948 979 4003 οὑκ
1025 3944 1186 4018 ἔθνει,
1272 3948 1355 4003 ἐπ’
1437 3947 1575 4012 ἔθνει
1653 3946 1892 4019 ἀσυνέτῳ

241 4043 532 4112 παροργιῶ
567 4038 728 4110 ὑμᾶς,
768 4041 847 4108 τῷ
896 4036 971 4098 εἷς
1030 4037 1272 4106 ὑπακοήν
1328 4035 1587 4106 δηλονότι
1646 4037 1891 4110 εύτρεπεῖ

238 4127 540 4201 γενομένῳ.
599 4125 704 4182 Καὶ
763 4123 854 4180 διὰ
908 4123 1151 4195 Ἡσαΐου,
1217 4125 1481 4200 Εὑρέθην,
1551 4124 1721 4200 λέγει,
1773 4131 1892 4186 τοῖς

240 4215 343 4287 ἐμὲ
401 4216 477 4286 μή
541 4219 835 4285 ζητοῦσιν·
924 4215 1170 4292 ἐμφανὴς
1249 4213 1516 4290 ἐγενόμην
1598 4218 1711 4288 (75)
1773 4221 1891 4278 τοῖς

241 4303 343 4377 ἐμὲ
377 4307 454 4376 μή
499 4303 832 4377 ἐπερωτῶσι·
881 4305 988 4376 πρὸ
1042 4311 1143 4373 τῆς
1196 4307 1293 4358 τοῦ
1352 4303 1549 4378 Κυρίου
1597 4304 1896 4376 παρουσίας

242 4391 488 4463 δηλαδὴ,
524 4395 640 4466 μεθ’
691 4394 758 4462 ἢν
791 4394 991 4464 καὶτῷ
1041 4389 1262 4467 Ἰσραήλ
1321 4391 1497 4446 ἐκεῖνα
1559 4392 1627 4445 τὰ
1681 4413 1895 4470 προφη-

238 4485 494 4546 τευθέντα
564 4481 781 4546 οἰκείως
864 4482 1082 4557 Λέγεται
1186 4485 1297 4536 νῦν.
1385 4480 1702 4553 Ἱῖξεπέτασα
1800 4481 1895 4544 τὰς

2013 1903 2382 1958 charitatem.
2419 1904 2473 1956 Si
2505 1908 2703 1958 autem
2736 1919 2939 1957 revera
2969 1903 3166 1974 homo,
3209 1905 3309 1974 qui
3355 1909 3444 1958 est
3473 1905 3532 1959 in
3557 1921 3668 1958 no-

2011 1991 2122 2061 bis,
2157 1998 2245 2047 est
2279 1991 2624 2063 spiritualis,
2659 1992 2998 2047 humanitas
3048 1998 3137 2046 est
3191 1992 3535 2050 fraternitas
3568 1994 3663 2060 iis,

2011 2081 2112 2150 qui
2136 2086 2276 2136 sunt
2306 2080 2575 2153 ejusdem
2609 2081 2859 2151 Spiritus
2891 2081 3231 2152 participes.
3281 2083 3528 2137 Aﬂectio
3560 2099 3666 2137 au-

2010 2177 2129 2226 tem
2155 2189 2362 2226 rursus
2410 2177 2500 2225 est
2553 2171 2919 2225 conservatio
2950 2171 3398 2240 benevolentiae,
3431 2173 3524 2227 vel
3563 2173 3654 2228 di-

2005 2258 2297 2314 lectionis.
2327 2259 2572 2314 Dilectio
2599 2265 2799 2314 autem
2829 2265 2919 2313 est
2973 2260 3234 2331 perfecta
3263 2266 3322 2316 et
3375 2261 3650 2317 absoluta

2007 2347 2438 2402 demonstratio
2468 2364 2480 2400 :
2515 2353 2573 2401 et
2601 2347 2790 2418 diligi,
2845 2347 3003 2418 quod
3064 2355 3153 2404 est
3202 2348 3530 2423 ἀγαπᾶσθαι,
3562 2356 3655 2405 est

2006 2436 2242 2508 placere
2266 2436 2552 2503 moribus,
2577 2435 2828 2507 ducique
2847 2436 3150 2494 etabduci.
3183 2439 3249 2492 In
3275 2438 3433 2493 idem
3457 2445 3654 2494 autem

2006 2525 2306 2580 ducuntur
2331 2542 2439 2596 per
2467 2524 3088 2596 consensionem,quaa
3120 2532 3209 2581 est
3224 2528 3472 2582 scientia
3493 2545 3657 2582 com-

2003 2615 2277 2669 munium
2308 2614 2954 2670 bonorum.Consensio
2970 2614 3150 2680 enim,
3173 2633 3302 2685 qua)
3335 2614 3660 2688 ὁμογνωνο-

2005 2700 2161 2771 σύνη,
2221 2707 2311 2757 est
2367 2718 2692 2757 consensus
2743 2701 3099 2756 animorum.
3156 2704 3280 2756 Et:
3339 2705 3460 2759 Non
3502 2708 3651 2771 ﬁcta.

2004 2791 2220 2860 inquit,
2243 2791 2488 2845 charitas
2507 2793 2579 2844 sit
2609 2791 2781 2853 nobis,
2836 2797 2887 2844 et
2943 2791 3070 2844 odio
3115 2791 3371 2845 habentes
3425 2793 3653 2856 malum,

2003 2881 2379 2933 adhaereamus
2411 2880 2547 2932 bono
2578 2885 2629 2931 et
2655 2881 2898 2946 fratrum
2927 2881 3125 2945 amori,
3161 2884 3219 2933 et
3238 2896 3370 2949 quas
3393 2895 3658 2949 sequun-

2003 2973 2118 3034 tur,
2151 2983 2340 3037 usque
2371 2966 2444 3021 ad
2479 2966 2627 3020 illud
2664 2983 2675 3020 ε
2705 2968 2766 3021 Si
2809 2967 3072 3036 possibile
3126 2974 3223 3034 est,
3276 2975 3545 3038 quantum
3598 2972 3657 3023 in

2000 3059 2149 3113 vobis
2179 3063 2276 3123 est,
2310 3073 2432 3112 cum
2464 3057 2713 3112 omnibus
2771 3056 3080 3112 hominibus
3129 3073 3322 3126 pacem
3379 3058 3656 3113 habentes.

2005 3149 2266 3207 Deinde:
2301 3150 2376 3202 Ne
2403 3146 2666 3211 uincaris,
2716 3147 2931 3218 inquit,
2965 3165 2998 3201 a
3054 3147 3222 3215 malo,
3274 3149 3368 3203 sed
3407 3151 3563 3204 vince
3598 3151 3658 3203 in

1917 3213 1964 3278 δ
2007 3240 2142 3293 bono
2157 3237 2362 3292 malum
2380 3238 2474 3306 (b).
2503 3239 2572 3290 Et
2599 3236 2759 3290 idem
2789 3213 3093 3307 apostolus
3118 3213 3336 3292 fatetur
3361 3255 3422 3292 se
3435 3225 3653 3292 Judazis

1993 3331 2139 3397 ferre
2166 3327 2536 3381 testimonium
2556 3325 2704 3394 quod
2724 3327 2898 3380 zelum
2943 3327 3041 3380 Dei
3087 3327 3344 3394 habeant,
3395 3328 3489 3381 sed
3534 3343 3650 3382 non

1993 3418 2288 3474 secundum
2318 3418 2601 3472 scientiam
2623 3432 2642 3469 :
2685 3418 3002 3485 ignorantes
3041 3419 3185 3470 enim
3215 3419 3318 3471 Dei
3345 3418 3646 3487 justitiam,

1996 3513 2047 3561 et
2087 3508 2376 3576 propriam
2437 3511 2738 3574 quaerentes
2780 3511 3042 3572 statuere,
3097 3507 3194 3560 Dei
3244 3507 3483 3574 justitiae
3533 3522 3644 3560 non

1994 3600 2149 3665 fuere
2176 3595 2424 3664 subjecti.
2456 3595 2583 3648 Non
2604 3593 2764 3648 enim
2787 3593 2933 3665 legis
2964 3594 3328 3649 voluntatem
3360 3611 3646 3667 cognove-

1997 3690 2137 3740 runt
2165 3690 2224 3738 et
2251 3683 2540 3749 fecerunt,
2589 3682 2694 3737 sed
2751 3683 2907 3752 quod
2963 3683 3078 3753 ipsi
3137 3683 3644 3750 existimaverunt,

1999 3775 2109 3828 hoc
2131 3773 2312 3828 etiam
2342 3772 2533 3842 legem
2563 3771 2711 3826 velle
2770 3776 3070 3842 putarunt.
3129 3774 3328 3842 Neque
3369 3772 3482 3844 legi
3515 3777 3649 3827 tan-

2001 3879 2178 3934 quam
2208 3861 2582 3932 prophetiam
2605 3860 2936 3914 continenti
2969 3859 3370 3928 crediderunt,
3386 3861 3488 3915 sed
3523 3866 3648 3916 tan-

2001 3968 2176 4022 quam
2210 3949 2368 4004 nudo
2391 3949 2651 4003 sermoni
2677 3965 2688 4001 :
2716 3955 2775 4002 et
2802 3965 2923 4018 praa
2951 3949 3320 4015 timore,sine
3349 3952 3564 4005 all'ectu
3595 3955 3655 4003 et

2003 4039 2138 4105 fide,
2173 4038 2438 4093 obsecuti
2471 4043 2628 4091 sunt.
2659 4037 2812 4091 Finis
2842 4039 2987 4091 enim
3013 4037 3149 4106 legis
3197 4045 3275 4092 est
3307 4039 3555 4095 Christus
3580 4038 3653 4092 ad

1992 4129 2294 4198 justitiam,
2321 4126 2421 4198 qui
2451 4130 2586 4180 esta
2606 4125 2733 4197 lege
2767 4125 3106 4196 priedictus,
3130 4129 3280 4180 omni
3309 4127 3647 4197 credenti(c).

2003 4216 2168 4272 Unde
2193 4217 2277 4271 eis
2299 4214 2526 4270 dictum
2559 4219 2649 4268 est
2691 4230 2726 4268 a
2756 4215 2951 4284 Moyse
2981 4231 2994 4268 :
3027 4217 3146 4284 Ego
3174 4215 3532 4271 aemulatione
3560 4230 3650 4269 vos

1996 4305 2308 4377 provocabo
2364 4306 2421 4358 in
2452 4320 2561 4358 non
2613 4310 2791 4372 gente,
2841 4306 2900 4357 in
2951 4304 3162 4372 populo
3215 4305 3383 4357 stulto
3427 4319 3522 4356 vos
3577 4303 3652 4356 ad

2003 4398 2146 4449 iram
2171 4395 2407 4449 irritabo
2429 4394 2530 4463 (ά),
2585 4392 2686 4462 qui
2715 4392 2828 4446 fuit
2857 4391 3084 4445 scilicet
3114 4397 3353 4460 paratus
3401 4391 3475 4445 ad
3499 4391 3650 4446 obe-

2005 4482 2312 4537 diendum.
2341 4483 2412 4534 Et
2439 4497 2546 4551 per
2574 4480 2783 4533 Isaiam
2823 4496 2835 4532 :
2867 4481 3123 4532 Inventus
3145 4495 3283 4545 sum,
3315 4479 3531 4548 inquit,
3561 4482 3652 4547 iis,

309 4627 374 4690 .xi
405 4618 465 4673 P.
501 4619 745 4690 451,131).
779 4618 1071 4683 POTTEH,
1125 4618 1363 4670 378-379
1413 4617 1502 4670 ED
1547 4616 1777 4671 PARIS.
1809 4618 1880 4687 (a)

2008 4633 2080 4671 m.
2113 4633 2212 4681 xu,
2241 4620 2292 4670 2.
2331 4616 2403 4686 (b)
2429 4613 2576 4668 Ibid.
2610 4629 2707 4678 xu,
2741 4616 2794 4678 9,
2825 4615 2910 4678 lO,
2946 4614 3032 4678 18,
3065 4615 3150 4667 21,
3201 4613 3278 4683 (d)
3309 4615 3478 4683 Rom,
3509 4631 3566 4680 χ,
3599 4620 3653 4685 2,

238 4692 294 4758 3,
329 4695 381 4745 4.
415 4692 489 4760 (d)
519 4689 665 4744 lbid.
700 4693 764 4744 l9
790 4706 804 4754 ;
833 4690 997 4743 Deut.
1029 4704 1210 4758 xxxu,
1237 4691 1325 4743 2t.

316 4835 427 4904 (66)
453 4830 621 4904 Νοός.
654 4827 797 4904 Νοός
829 4829 1018 4904 ὑμῶν,
1039 4833 1199 4904 Rom.

314 4899 432 4975 ('67)
464 4899 602 4956 Φίλε
630 4922 682 4956 κ.
709 4899 940 4956 Homer.
971 4903 1134 4956 Iliad.
1162 4904 1224 4968 E,
1257 4917 1306 4954 v.
1339 4900 1462 4953 359.

317 4970 430 5050 (68)
468 4975 1058 5050 Συμπαρομαρτοῦσιῃν.
1119 4975 1246 5028 Non
1304 4971 1599 5027 assentior
1639 4970 1893 5025 Lowthio

241 5047 531 5107 scribenti
559 5047 1115 5116 συμπαρομαρτοῦσα.

313 5123 427 5193 (69)
460 5115 824 5188 Φιλαδελφία.
868 5115 1268 5193 Tertullianus
1298 5116 1591 5193 Apologia?
1619 5129 1748 5193 cap.
1768 5115 1847 5193 _39
1877 5129 1890 5166 :

239 5187 464 5249 Fratres
502 5187 768 5246 dicuntur
825 5195 877 5242 et
933 5188 1220 5251 habentur,
1280 5188 1376 5256 qui
1445 5201 1614 5239 unum
1673 5187 1893 5238 Patrem

239 5269 414 5321 Deum
444 5268 806 5332 agnoverunt,
839 5262 936 5329 qui
966 5275 1132 5313 unum
1190 5260 1460 5328 Spiritum
1492 5257 1744 5310 biberunt
1773 5271 1895 5310 san-

239 5338 476 5393 ctitatis.

313 5409 422 5476 (70)

242 5463 643 5536 Nam'amoris
671 5463 767 5529 est.
787 5479 1012 5528 amatos
1061 5468 1340 5532 παντελῶς
1384 5466 1770 5542 ἀποδέχεσθαι,
1803 5463 1895 5520 δο-

239 5551 493 5623 κιμάζειν
525 5546 617 5599 καὶ
662 5548 951 5609 συναινεῖν,
1001 5550 1077 5611 et,
1112 5549 1177 5598 ut
1233 5543 1521 5614 sequitur,
1558 5538 1894 5614 ⁷ἀρέσκεσθαι

238 5619 321 5695 τῷ
351 5619 498 5695 ἢθεῑ;

516 5399 844 5471 Ἀπόδειξις.
919 5402 1090 5455 Forte
1175 5399 1554 5471 scribendum
1623 5392 1892 5471 ἀπόδεξις.

315 5683 424 5766 (71)
477 5690 541 5742 Ἦ
587 5687 673 5763 ἀγ.
721 5688 782 5742 ⁸Ιῖ
841 5683 1018 5757 ἀγάπη
1081 5683 1461 5760 ἀνυπόκριτος.
1493 5684 1898 5757 ’Δποστυγοῦν-

1925 4833 1972 4895 D
2000 4847 2086 4887 τες
2114 4825 2176 4879 τὸ
2207 4823 2472 4908 πονηρὸν,
2491 4819 2856 4908 ’κολλάζμενοι
2883 4825 2964 4908 τῷ
2989 4821 3198 4908 ἀγαθῶ,
3241 4826 3406 4880 Rom.
3449 4842 3547 4891 xu,
3580 4829 3611 4879 9
3639 4843 3651 4879 :

2075 4902 2188 4966 (72)
2219 4890 2381 4966 Ἰδίαν
2418 4890 2463 4962 ζ.
2491 4890 2652 4950 Ἰδίαν
2673 4890 3016 4963 δικαιοσύνην
3037 4890 3100 4960 ”ζ,
3131 4890 3296 4950 Hum.

2075 4963 2189 5040 (73)
2218 4963 2346 5023 Οὐδ’
2379 4966 2452 5026 ὡς
2480 4983 2651 5040 προφ,
2705 4967 2824 5040 Hoc
2881 4973 2992 5040 est,
3050 4982 3177 5040 non
3230 4967 3457 5040 assensi
3509 4971 3658 5040 sunt

2003 5037 2347 5113 prephetico
2381 5055 2449 5113 ac
2478 5037 2728 5108 mystico
2787 5037 2933 5113 legis
2983 5038 3206 5105 sensui,
3238 5055 3354 5108 quo
3385 5038 3656 5113 Christus

2003 5108 2285 5167 venturus
2316 5110 2610 5164 indicatus
2641 5114 2762 5162 est:
2785 5108 2886 5162 sed
2899 5108 3187 5164 duntaxat
3207 5115 3513 5164 externam
3528 5110 3657 5180 ejus

2003 5184 2282 5249 litteram,
2308 5182 2485 5252 idque
2507 5181 2719 5235 timore
2743 5179 3147 5251 potius,quam
3171 5181 3402 5236 sincero
3420 5179 3655 5248 aﬂ‘ectu,

2004 5262 2105 5310 aut
2136 5255 2272 5320 ﬁde,
2305 5252 2492 5308 secuti
2525 5257 2682 5306 sunt.

2076 5328 2188 5395 (74)
2222 5324 2384 5396 Ἐγώ.
2417 5324 2693 5379 Clemens
2719 5323 2781 5396 in
2841 5321 2954 5396 his,
2987 5328 3054 5377 ut
3095 5323 3289 5396 etiam
3319 5323 3381 5378 in
3410 5324 3494 5396 iis
3525 5339 3656 5393 quae

2007 5393 2257 5453 exllsaia
2287 5393 2639 5466 sequuntur,
2658 5393 2980 5450 recitandis
3001 5395 3325 5466 Epistolam
3346 5395 3653 5466 adRoma-

2007 5487 2118 5524 nos
2146 5463 2520 5542 potissimum
2577 5471 2821 5542 secutus
2844 5471 2956 5542 est.
3204 5483 3309 5536 pro
3341 5463 3468 5538 ἐγώ,
3503 5465 3655 5517 Deu-

2007 5547 2115 5596 ter.
2147 5535 2319 5604 Dein,
2353 5537 2553 5608 αύτοὺς
2575 5537 2668 5592 bis
2697 5553 2802 5607 pro
2838 5535 2999 5608 ὑμᾶς,

2079 5614 2188 5682 (75)
2215 5599 2502 5682 ,Ἐμφανὴς
2537 5605 2615 5682 ἐγ.
2656 5599 2840 5682 Ἐῖπα,
2867 5599 3045 5682 ξἹδού
3083 5605 3224 5676 εἰμι,
3282 5607 3359 5674 νῷ
3413 5599 3552 5666 ἔθνει
3603 5600 3656 5657 οἵ

2009 5676 2106 5736 οὐκ
2134 5676 2389 5737 ἐκάλεσάν
2422 5676 2527 5754 μου
2555 5676 2618 5734 τὸ
2647 5676 2844 5750 ὑνομα,
2867 5679 2976 5733 lsa.
