4050 6188
345 304 453 359 983

1566 304 1979 360 ΟΙΒΗΒΝἹἸΒ
2014 305 2518 361 ALEXANDRINI

3660 300 3781 356 984

348 429 632 485 Ambulate
676 429 737 481 in
769 426 863 480 eis.
894 428 1013 495 Ego
1042 426 1308 480 Dominus
1338 427 1477 482 Deus
1502 434 1699 481 vester.
1730 430 1803 481 Et
1829 444 2009 483 serva-

2139 447 2234 482 mu
2299 424 2525 498 πιῆσετε
2554 475 2570 499 ,
2624 429 2715 485 καὶ
2792 428 2862 483 τὰ
2922 425 3321 503 προστὰγματᾶ
3378 448 3484 500 μου
3538 426 3776 501 φυλάξε-

350 519 478 572 bitis
501 517 685 570 omnia
702 520 984 585 pracepta
1012 530 1152 580 mea,
1177 520 1229 568 et
1251 516 1469 582 facietis
1508 531 1590 569 ea.
1654 517 1760 580 Qui
1814 518 2005 584 fecerit

352 622 417 660 ea
446 605 625 669 homo,
657 605 800 658 vivet
826 605 883 657 in
913 606 1009 657 eis.
1036 604 1150 672 Ego
1201 605 1468 658 Dominus
1515 606 1656 659 Deus
1698 611 1871 659 vester
1900 604 2003 674 (a).

357 695 565 749 Utrum
586 697 784 746 autem
814 691 1020 746 mundi
1055 696 1115 746 et
1142 690 1534 762 deceptionis,
1559 708 1635 746 an
1665 693 1849 747 animi
1871 709 2008 763 per—

357 781 763 837 turbationum
785 785 844 833 et
858 780 1135 834 vitiorum
1154 779 1276 834 sint
1297 779 1634 851 symbolum
1652 782 1930 852 dﬂgyptus
1950 785 2010 836 et

359 876 516 926 terra
543 870 847 933 Chanaan,
876 885 911 923 a
941 867 1165 938 quibus
1188 868 1613 924 abstinendum
1662 869 1757 932 sit,
1791 869 2008 940 quibus

357 966 556 1016 autem
586 957 765 1013 rebus
796 955 994 1012 danda
1022 956 1100 1011 sit
1128 971 1327 1027 opera,
1374 956 1534 1027 quod
1564 956 1780 1012 divinis
1811 958 2008 1028 potius

357 1065 537 1120 quam
592 1046 914 1101 mundanis
945 1090 960 1113 ,
1006 1045 1181 1100 nobis
1210 1044 1476 1100 ostendit
1503 1045 1833 1100 oraculum.
1864 1046 2009 1101 Cum

356 1141 556 1191 autem
577 1135 723 1190 dicit
746 1151 758 1188 :
795 1137 900 1199 Qui
926 1136 1121 1203 fecerit
1148 1134 1330 1201 homo,
1354 1132 1501 1189 vivet
1529 1137 1589 1188 in
1617 1136 1692 1189 eis
1721 1151 1740 1189 :
1769 1140 1828 1189 et
1848 1135 2011 1206 ipso—

357 1241 492 1280 rum
540 1223 920 1279 Hebrasorum
976 1223 1436 1288 correctionem,
1493 1227 1553 1277 et
1602 1224 2010 1294 proximorum

356 1318 698 1369 nostrorum
714 1312 1199 1368 exercitationem
1219 1318 1279 1366 et
1298 1310 1652 1382 profectum,
1668 1312 2012 1383 ,X‘ipsorum

356 1403 536 1456 vitam
593 1401 739 1456 dicit
774 1406 834 1456 et
864 1406 1147 1455 nostram.
1202 1402 1306 1466 Qui
1337 1402 1482 1455 enim
1511 1406 1639 1455 sunt
1667 1406 1873 1456 mortui
1916 1402 2013 1456 de-

363 1490 531 1557 lictis,
562 1493 958 1558 conviﬁeantur
989 1488 1201 1543 Christo
1232 1489 1308 1560 (b)
1337 1531 1351 1555 ,
1393 1505 1500 1560 per
1530 1495 1803 1545 nostrum
1834 1494 2015 1545 testa-

363 1585 652 1634 mentum.
709 1578 873 1648 Smpe
922 1582 1122 1631 autem
1153 1581 1431 1646 repetens
1484 1577 1788 1649 Scriptura
1814 1577 2010 1634 illud:

367 1670 482 1737 Ego
511 1668 774 1721 Dominus
803 1667 942 1719 Deus
983 1670 1178 1734 vester,
1237 1664 1462 1736 pudore
1517 1666 1833 1721 afﬁciendo
1882 1666 2017 1738 pul-

367 1755 661 1810 cherrime
691 1755 983 1821 hortatur,
1015 1752 1238 1808 docens
1266 1755 1435 1824 sequi
1467 1755 1673 1821 Deum,
1702 1756 1803 1825 qui
1852 1756 2017 1811 dedit

365 1849 682 1915 praecepta.
702 1842 1039 1907 Quinetiam
1062 1842 1236 1896 tacite
1254 1849 1617 1906 commonet,
1644 1845 1828 1898 Deum
1852 1861 2012 1915 quae-

364 1948 496 1986 rere
526 1972 541 1999 ,
575 1936 632 1985 et
663 1975 678 1999 ,
713 1929 909 2002 quoad
942 1930 1070 1985 fieri
1098 1936 1296 2001 potest
1326 1972 1341 1998 ,
1376 1932 1580 1986 conari
1612 1948 2008 2004 cognoscere;

365 2037 498 2092 quia
529 2018 770 2090 quidem
828 2018 1007 2074 fuerit
1064 2020 1324 2074 maxima
1367 2020 1812 2092 contemplatio,
1846 2039 2014 2078 sacra

363 2109 647 2181 mysteria
670 2109 1020 2180 inspiciens,
1052 2124 1186 2163 vere
1220 2108 1490 2177 scientia,
1515 2115 1676 2165 certa
1707 2115 1767 2165 et
1797 2110 2012 2166 immu-

364 2196 565 2252 tabilis
594 2197 822 2252 ratione
854 2197 1029 2252 facta.
1054 2198 1186 2251 Haac
1213 2196 1340 2252 sola
1362 2203 1453 2251 est
1482 2198 1789 2268 sapientiai
1810 2200 2015 2271 cogni-

370 2286 473 2354 tio,
507 2301 542 2340 a
570 2301 689 2355 qua
717 2300 1028 2355 nunquam
1062 2290 1371 2355 separatur
1392 2285 1558 2356 justa
1586 2286 1871 2357 operatio.

2114 527 2225 579 σοε·
2284 517 2579 591 πορεύεσθε
2609 517 2661 571 ἐν
2689 516 2894 581 αὐτοῖς’
2956 516 3067 592 ἐγὼ
3128 518 3323 592 Κύριος
3353 516 3535 578 ὁΘεὸς
3592 515 3776 587 ὑμῶν·

2113 604 2203 658 καὶ
2263 603 2558 679 φυλάξεσθε
2615 604 2789 661 πάντα
2845 608 2912 660 τα
2963 604 3356 681 προστάγματᾶ
3436 626 3545 677 μου
3606 608 3724 677 (95)
3760 647 3776 671 ,

2114 692 2203 746 καὶ
2293 697 2555 766 ποιήσετε
2646 694 2800 750 αὐτὼ
2888 694 2951 751 Ὁ
3015 695 3253 764 ποιήσας
3343 692 3478 747 αὖτᾶ
3560 695 3782 767 ἄνθρω-

2114 803 2223 844 πος
2280 785 2414 855 (96),
2471 785 2688 853 ζήσεται
2747 782 2801 838 ἐν
2857 781 3065 844 αὐτοῖς.
3127 783 3249 858 Εγὼ
3308 780 3510 855 Κύριος
3559 784 3589 837 ὁ
3641 784 3780 845 Θεὸς

2119 871 2295 943 ὑμῶν.
2332 869 2443 928 Εἶτ’
2475 870 2568 926 οὖν
2622 872 2833 945 κόσμου
2884 872 2977 927 καὶ
3023 872 3259 939 ἀπάτης,
3298 870 3406 927 εἴτε
3450 870 3640 926 παθῶν
3682 871 3779 925 καὶ

2114 964 2317 1015 κακιῶν
2352 963 2463 1032 (97)
2497 955 2777 1033 σύμϐολον
2839 958 3114 1033 Αἴγυπτος
3154 959 3246 1013 καὶ
3274 961 3310 1028 ἡ
3342 960 3633 1023 Χανανῖτις
3676 965 3773 1033 γῆ,

2117 1049 2191 1102 ὧν
2233 1049 2328 1121 μὶν
2388 1049 2671 1126 ἀφεκτέον,
2732 1049 2898 1103 ὁποῖα
2949 1045 3007 1103 δὲ
3064 1047 3466 1118 ἐπιτηδευτέον,
3520 1048 3598 1110 ὡς
3655 1050 3781 1103 θεῖα

2116 1137 2206 1191 καὶ
2262 1136 2325 1191 οὐ
2379 1138 2642 1210 κοσμικᾶ,
2702 1135 2967 1193 δείκνυσιν
3026 1139 3164 1209 ἡμῖν
3212 1136 3277 1192 τὸ
3332 1137 3549 1211 λόγιον.
3601 1138 3778 1194 Ὅταν

2120 1223 2178 1281 δὶ
2233 1224 2400 1297 εἷ’πῃ,
2457 1227 2515 1279 ⁸0
2568 1228 2806 1297 ποιήσας
2880 1227 3168 1301 ἅνθρωπος
3203 1269 3218 1295 ,
3279 1227 3498 1295 ζήσεται
3556 1226 3611 1280 ἐν
3669 1226 3781 1280 αὗ-

2115 1319 2231 1375 τοῖς
2264 1355 2279 1381 ,
2336 1316 2437 1385 τήν
2503 1336 2562 1370 τε
2621 1309 2889 1389 Ἐϐραίων
2949 1315 3123 1370 αὐτῶν
3180 1313 3549 1387 ἐπανόρθωσιν
3585 1360 3602 1383 ,
3671 1316 3782 1384 τὴν

2116 1422 2177 1457 τε
2202 1406 2312 1456 τῶν
2352 1399 2524 1466 πέλας
2562 1406 2675 1475 (98)
2732 1405 2894 1475 ἡμῶν
2955 1402 3131 1458 αὐτῶν
3190 1402 3518 1472 συνάσκησίν
3564 1423 3627 1459 τε
3685 1404 3787 1458 καὶ

2120 1491 2407 1565 προκοπήν
2471 1492 2617 1561 ζωὴν
2677 1489 2824 1567 λέγει
2879 1491 3060 1546 αὐτῶν
3107 1511 3167 1547 τε
3207 1490 3297 1545 καὶ
3354 1493 3540 1563 ἡμῶν.
3571 1492 3643 1549 Οἱ
3673 1491 3785 1568 γὰρ

2119 1578 2301 1654 νεκροὶ
2385 1585 2504 1644 τοῖς
2585 1580 2992 1656 παραπτώμασι
3089 1584 3552 1650 συζωοποιοῦνται
3641 1585 3789 1656 Χρι-

2122 1672 2254 1740 στῷ,
2289 1665 2378 1723 διὰ
2404 1675 2505 1739 τῆς
2548 1671 2820 1743 ἡμετέρας
2871 1670 3170 1739 Διαθήκης.
3232 1666 3512 1731 Πολλάκις
3545 1666 3607 1724 δὲ
3637 1669 3787 1725 ἐπα-

2122 1752 2547 1830 ναλαμϐάνουσα
2588 1761 2622 1828 ἡ
2686 1759 2897 1836 Γραφή,
2953 1759 3039 1824 τὸ,
3087 1759 3235 1832 Ἐγὼ
3293 1758 3496 1833 Κύριος
3555 1760 3587 1813 ὁ
3645 1760 3789 1822 Θεὸς

2126 1847 2301 1918 ὑμῶν,
2341 1843 2586 1902 δυσωπεῖ
2643 1847 2738 1920 μὲν
2799 1846 3300 1923 διατρεπτικώτατα
3346 1843 3569 1911 ἕπεσθαι
3624 1844 3790 1902 διδᾶ-

2120 1955 2322 1989 σκουσα
2350 1940 2431 2008 τῷ
2457 1936 2554 1997 τὰς
2593 1933 2820 1998 ἐντολὰς
2853 1933 3115 1991 δεδωκότι
3168 1940 3307 2007 Θεῷ,
3362 1936 3787 2009 ὑπομιμνήσκει

2123 2021 2180 2079 δὲ
2207 2022 2389 2099 ἡμέρα
2415 2029 2593 2095 ζητεῖν
2623 2024 2716 2079 τὸν
2751 2025 2903 2097 Θεὸν,
2960 2025 3053 2079 καὶ
3111 2024 3187 2088 ὡς
3234 2024 3347 2079 οἶόν
3402 2045 3460 2079 τε
3490 2024 3791 2098 γινώσκειν

2122 2114 2446 2190 ἐπιχειρεῖν
2504 2117 2629 2185 ἣτις
2686 2114 2747 2170 ἃν
2803 2113 2889 2185 εἴη
2922 2113 3121 2191 θεωρία
3174 2115 3422 2190 μεγίστη,
3474 2118 3512 2185 ἡ
3554 2115 3795 2170 ἐποπτι-

2121 2204 2246 2273 κήν,
2279 2206 2314 2273 ἡ
2343 2208 2422 2275 τῷ
2446 2199 2561 2259 ὄντι
2593 2203 2876 2276 ἐπιστήμη
2928 2207 3061 2276 (99),
3092 2206 3127 2273 ἡ
3161 2204 3573 2276 ἀμετάπτωτως
3623 2204 3798 2279 λόγῳ

2124 2293 2410 2365 γινομένη*
2451 2289 2587 2363 αὕτη
2646 2290 2708 2347 ἂν
2767 2290 2853 2363 εἴη
2917 2292 3056 2366 μόνη
3089 2296 3257 2362 ἠτῆς
3309 2293 3499 2370 σοφίας
3555 2298 3799 2370 γνῶσις.

2125 2379 2192 2449 ἧς
2225 2377 2484 2436 οὐδέποτε
2512 2381 2808 2458 χωρίζεται
2838 2385 2873 2452 ἡ
2910 2379 3317 2457 δικαιοπραγία.

1897 2495 2129 2551 CAPUT
2167 2499 2261 2552 XI.

1897 2499 2129 2551 CAPUT
2167 2499 2261 2552 XI.

1021 2583 1402 2651 Cognitionem
1430 2581 1586 2637 illam
1616 2599 1739 2653 quae
1762 2599 1868 2652 per
1893 2584 2053 2651 ﬁdem
2081 2586 2322 2642 traditur
2349 2604 2459 2644 esse
2485 2591 2728 2644 omnium
2769 2591 3143 2645 certissimam.

450 2681 564 2738 Sed
594 2695 802 2735 eorum
829 2680 1093 2750 quidem,
1119 2680 1220 2749 qui
1244 2695 1308 2735 se
1338 2681 1637 2751 sapientes
1663 2680 2027 2752 existimant,

378 2773 499 2828 sive
532 2770 652 2826 sint
678 2767 945 2823 barbarie
964 2767 1244 2836 haereses,
1266 2768 1385 2823 sive
1409 2770 1744 2824 Graecorum
1765 2769 2031 2841 philoso-

375 2860 501 2933 phi,
535 2862 693 2927 inﬂat
713 2858 945 2912 scientia
970 2857 1059 2926 (c),
1084 2873 1156 2911 ex
1181 2856 1477 2912 sententia
1498 2857 1785 2928 Apostoli.
1812 2857 2030 2913 Fidelis

378 2954 469 3005 est
495 2953 694 3004 autem
725 2946 1002 3018 cognitio,
1036 2963 1168 3016 qua;
1219 2945 1399 3001 fuerit
1428 2947 1757 3002 scientiﬂca
1780 2946 2031 3002 demon-

380 3038 586 3094 stratio
617 3052 823 3091 eorum
846 3052 978 3106 qua)
999 3035 1317 3091 traduntur
1360 3035 1422 3090 in
1446 3052 1583 3091 vera
1630 3037 2027 3107 philosophia.

2205 2682 2369 2740 Ἀλλ’
2414 2687 2452 2755 ἡ
2489 2685 2581 2757 μὲν
2640 2690 2748 2740 τῶν
2805 2682 3172 2764 οίησισόφων,
3228 2685 3336 2742 εἷ’τε
3391 2685 3631 2759 αἱρέσεις
3690 2688 3803 2743 εἶεν

2140 2768 2405 2848 βάρϐαροι
2455 2775 2561 2831 εἶ’τε
2618 2776 2670 2829 οἱ
2727 2776 2856 2849 παρ’
2907 2772 3128 2846 Ελλησι
3184 2774 3527 2853 φιλόσοφοι,
3589 2781 3809 2852 γνῶσις

2136 2868 2324 2938 φυσιοῖ
2371 2864 2507 2920 κατᾶ
2559 2865 2650 2919 τὸν
2709 2863 3071 2920 Ἀπόστολον·
3131 2866 3299 2934 πιστὴ
3360 2862 3419 2919 δὲ
3472 2867 3509 2934 ἡ
3563 2869 3799 2940 γνῶσις,

2136 2953 2253 3020 ἣτις
2298 2949 2357 3007 ἃν
2416 2951 2500 3023 εἴη
2554 2952 2948 3026 ἐπιστημονική
3008 2951 3280 3023 ἀπόδειξις
3336 2957 3446 3008 τῶν
3494 2954 3635 3008 atati
3691 2957 3805 3023 τήν

2138 3038 2322 3110 ἀληθῆ
2382 3041 2707 3118 φιλοσοφίαν
2767 3038 3221 3116 παραδιδομένων
3283 3044 3553 3118 φήσαιμεν
3616 3039 3678 3098 δέ
3734 3042 3799 3097 ἃν

380 3126 713 3183 Dixerimus
744 3129 942 3179 autem
973 3139 1103 3178 eam
1152 3139 1284 3179 esse
1332 3124 1647 3192 rationem,
1681 3141 1795 3195 que
1830 3124 1924 3190 iis,
1958 3125 2026 3179 de

2141 3127 2309 3198 αὐτὴν
2367 3127 2536 3203 λόγον
2594 3129 2730 3185 εἷ’ναι
2782 3135 2900 3192 τοῖς
2956 3125 3503 3208 ἀμφισϐητουμένοις
3570 3129 3634 3186 ἐκ
3690 3136 3808 3186 τῶν

384 3215 599 3287 quibus
630 3213 954 3279 dubitatur,
987 3228 1057 3266 ex
1087 3212 1182 3281 iis,
1217 3229 1349 3283 quae
1402 3217 1543 3267 sunt
1589 3218 1751 3268 certa
1780 3219 1838 3267 et
1868 3217 2033 3268 extra

384 3303 869 3368 controversiam,
895 3300 1076 3356 fidem
1106 3301 1266 3356 facit.
1300 3301 1448 3356 Cum
1479 3301 1557 3356 sit
1584 3306 1785 3357 autem
1813 3301 2033 3373 duplex

388 3393 558 3461 ﬁdes,
583 3407 703 3446 una
723 3389 966 3461 quidem
992 3405 1125 3460 quas
1155 3394 1246 3444 est
1266 3405 1401 3444 cum
1435 3390 1686 3445 scientia
1713 3390 2035 3461 conjuncta

387 3482 575 3538 altera
603 3495 739 3534 vero
771 3495 901 3548 quas
932 3494 1067 3533 cum
1099 3477 1379 3549 opinione
1414 3495 1427 3532 :
1469 3478 1621 3533 nihil
1667 3478 1882 3546 obstat,
1915 3494 2032 3549 quo

384 3571 585 3626 minus
642 3567 861 3638 duplex
919 3568 1262 3622 nominetur
1293 3583 1530 3638 quoque
1582 3566 2032 3635 demonstratio,

384 3675 508 3714 una
536 3656 871 3724 scientiam,
895 3656 1083 3711 altera
1111 3656 1456 3727 opinionem
1485 3672 1702 3728 parens
1726 3673 1739 3710 :
1773 3656 2037 3727 quando-

389 3746 632 3818 quidem
679 3744 936 3816 cognitio
967 3760 1223 3816 quoque,
1285 3750 1345 3799 et
1395 3746 1773 3817 praecognitio
1817 3744 2034 3817 duplex

383 3835 641 3891 dicitur:
701 3849 822 3888 una
877 3832 1118 3904 quidem
1175 3838 1450 3888 accurata
1478 3838 1537 3888 et
1567 3839 1791 3899 exacta,
1848 3833 2035 3889 altera

382 3939 518 3978 vero
552 3920 918 3993 imperfecta.
953 3921 1249 3991 Numquid
1276 3926 1479 3976 autem
1510 3938 1580 3976 ea
1605 3922 1749 3989 sola,
1785 3939 1916 3993 quin
1947 3927 2040 3977 est

385 4010 542 4084 apud
573 4027 707 4077 nos,
730 4025 866 4064 vera
884 4008 1066 4064 fuerit
1095 4008 1549 4076 demonstratio,
1573 4016 1640 4065 ut
1655 4026 1787 4082 quas
1810 4027 1879 4066 ex
1898 4009 2039 4064 divi-

386 4102 481 4157 nis
503 4097 913 4171 suppeditetur
934 4097 1271 4169 Scripturis,
1291 4115 1422 4168 quas
1447 4105 1587 4153 sunt
1613 4116 1794 4157 sacras
1826 4099 2037 4153 littera)

388 4196 449 4247 et
479 4206 549 4244 ex
581 4204 669 4256 ea,
700 4201 830 4258 quae
858 4205 893 4243 a
925 4192 1036 4242 Deo
1068 4187 1311 4254 docetur,
1337 4187 1619 4256 sapientia
1673 4188 1780 4257 (ἀ),
1837 4194 1903 4243 ut
1958 4188 2042 4242 ait

390 4280 710 4354 Apostolus
722 4278 750 4334 ‘I
770 4280 872 4334 Est
890 4278 1069 4351 igitur
1089 4276 1359 4332 doctrina
1375 4277 1647 4347 quaedam
1662 4294 1869 4349 parere
1890 4293 2039 4348 prae-

391 4371 600 4442 ceptis,
621 4369 780 4441 quod
806 4373 894 4424 est
923 4369 1041 4423 Deo
1071 4365 1313 4422 credere
1337 4384 1352 4433 ;
1381 4371 1439 4421 et
1469 4365 1619 4422 fides
1649 4372 1740 4422 est
1768 4366 2039 4437 quaedam

391 4460 496 4515 Dei
527 4458 814 4531 potentia,
838 4474 974 4514 cum
996 4456 1074 4512 sit
1106 4457 1191 4510 vis
1221 4455 1504 4512 veritatis.
1539 4456 1698 4510 Dixit
1725 4455 2038 4511 nimirum:

2141 3216 2607 3293 ὁμολογουμένων
2683 3217 3043 3294 ἐκπορίζοντα
3113 3220 3210 3288 τὴν
3264 3218 3442 3275 πίστιν
3478 3264 3491 3278 .
3552 3220 3805 3283 Πίστεως

2142 3301 2190 3359 δ’
2246 3302 2407 3371 οὔσης
2466 3303 2690 3374 διττῆς,
2745 3312 2845 3375 τῆς
2905 3307 3000 3378 μὲν
3062 3305 3519 3378 ἐπιστημονικῆς,
3570 3313 3677 3376 τῆς
3742 3306 3804 3363 δὲ

2144 3392 2482 3467 δοξαστικῆς,
2516 3394 2669 3457 οὐθὲν
2700 3392 2905 3449 κωλύει
2951 3392 3223 3466 ἀπόδειξιν
3253 3395 3541 3468 ὀνομάζειν
3576 3393 3802 3467 διττήν,

2139 3484 2238 3552 τὴν
2270 3483 2365 3555 μὶν
2393 3480 2849 3556 ἐπιστημοειικήν,
2886 3485 2988 3553 τήν
3033 3485 3097 3559 γὶ
3139 3482 3479 3555 δοξαστικήν·
3533 3485 3653 3541 ἐπεὶ
3710 3487 3808 3541 καὶ

2142 3574 2177 3642 ή
2210 3577 2410 3647 γνῶσις
2440 3573 2528 3627 καὶ
2558 3575 2593 3641 ἡ
2625 3573 2932 3649 πρόγνωσις
2962 3570 3116 3643 διττὴ
3169 3572 3407 3649 λέγεται,
3438 3576 3473 3643 ἡ
3508 3575 3603 3645 μὲν
3652 3577 3805 3647 ἀπη-

2142 3656 2492 3737 κριϐωμένην
2540 3656 2745 3736 ἔχουσα
2798 3662 2897 3730 τήν
2948 3662 3145 3732 ἑαυτῆς
3194 3662 3374 3738 φύσιν,
3405 3665 3440 3733 ἡ
3473 3660 3532 3718 δὶ
3561 3662 3804 3735 ἐλλιπῆ.

2146 3754 2250 3811 Καὶ
2284 3755 2415 3826 μήτι
2446 3754 2482 3821 ἢ
2505 3752 2633 3827 παρ’
2661 3754 2796 3824 ἡμῖν
2844 3748 3116 3822 ἀπόδειξις
3174 3751 3316 3825 μόνη
3350 3752 3409 3807 ἂν
3441 3753 3526 3823 εἴη
3552 3753 3805 3823 ἀληθής,

2146 3841 2238 3899 ἃτε
2292 3841 2352 3897 ἐκ
2405 3840 2563 3896 θείων
2643 3840 3037 3915 χορηγουμένη
3121 3845 3349 3919 Γραφῶν
3384 3887 3399 3910 ,
3468 3844 3578 3896 τῶν
3633 3843 3805 3913 ἱερῶν

2147 3931 2488 4008 γραμμάτων
2524 3971 2537 3994 ,
2598 3929 2688 3984 καὶ
2757 3936 2859 3998 τῆς
2936 3926 3285 3993 θεοδιδάκτου
3344 3930 3575 4005 σοφίας,
3662 3931 3808 3986 κατᾶ

2145 4023 2236 4076 τὸν
2271 4016 2606 4077 Ἀπόστολον
2633 4037 2647 4088 ;
2681 4018 2932 4087 Μάθησις
2962 4022 3095 4093 γοῦν
3143 4019 3233 4074 καί
3263 4020 3325 4074 τὸ
3355 4020 3633 4083 πείθεσθαι
3678 4027 3809 4083 ταῖς

2146 4106 2414 4179 ἐντολαῖς,
2459 4109 2490 4162 ὅ
2546 4106 2657 4162 ἐστι
2715 4106 2984 4162 πιστεύειν
3036 4111 3117 4179 τῷ
3171 4112 3313 4177 Θεῷ.
3366 4107 3463 4163 Καὶ
3519 4111 3554 4178 ἠ
3615 4110 3808 4173 πίστις

2149 4196 2377 4270 δύναμίς
2408 4216 2491 4258 τις
2518 4192 2615 4250 τοῦ
2655 4199 2811 4263 Θεοῦ,
2843 4194 3003 4270 ἰσχὺς
3044 4196 3176 4250 οὖσα
3202 4202 3304 4265 τῆς
3352 4195 3635 4267 ἀληθείας.
3687 4198 3809 4256 Ad-

2147 4286 2274 4342 τίκα
2358 4283 2567 4363 φησίν·
2627 4283 2748 4339 Ἐὰν
2807 4282 2975 4359 ἔχητε
3043 4283 3226 4339 πίστιν
3285 4285 3362 4347 ὡς
3418 4306 3587 4340 κοκκν
3649 4288 3810 4341 σινά-

2149 4397 2319 4444 πεως,
2381 4375 2740 4448 μεταστήσετε
2796 4375 2873 4447 (1)
2929 4373 2991 4428 τὸ
3045 4370 3190 4440 ὅρος·
3251 4373 3344 4429 καὶ
3403 4376 3594 4441 πάλιν,
3652 4379 3812 4433 Κατᾶ

2149 4468 2248 4541 τὴν
2310 4464 2487 4520 πίστιν
2538 4483 2633 4541 σου
2690 4463 2981 4541 γενηθήτω
3031 4480 3135 4541 σοι·
3195 4463 3285 4541 καί
3317 4464 3345 4519 ὁ
3380 4463 3475 4541 μὲν
3507 4467 3597 4541 (2)Δ
3644 4466 3812 4541 βλερα-

392 4550 455 4604 Si
491 4524 736 4604 habeatis
764 4524 926 4619 ﬁdem
956 4554 1017 4603 ut
1046 4563 1284 4617 granum
1311 4547 1545 4617 sinapis,
1578 4552 1814 4601 montem
1859 4552 2026 4600 trans-

2149 4524 2406 4605 πέόεται,
2465 4524 2824 4608 προσλαϐὼν’
2860 4524 2929 4607 τῇ
2986 4535 3164 4589 πίστει
3222 4536 3325 4604 τήν
3380 4524 3607 4592 ξυμ)θὸ
3641 4524 3815 4612 δὲ’(3)

462 4664 527 4726 ’Β
554 4666 616 4718 Ρ.
650 4665 755 4717 454
782 4664 892 4718 ΕΙ).
936 4663 1230 4729 ΡΟΤΤΕΒ,
1299 4662 1397 4717 381
1433 4662 1544 4718 ED.
1600 4660 1829 4716 PARIS.
1880 4660 1957 4731 (α)
1988 4658 2026 4712 L

2139 4672 2167 4711 ;.
2226 4669 2383 4723 xvm,
2442 4654 2491 4719 1,
2549 4653 2603 4718 2,
2665 4652 2720 4720 3,
2773 4651 2830 4720 4,
2889 4653 2941 4704 5.
3003 4650 3138 4721 (b)I
3195 4650 3327 4707 Cor.
3385 4668 3507 4717 vm,
3562 4656 3613 4708 1.
3676 4656 3821 4726 (ἀ)Ι

393 4735 595 4791 Thess.
621 4752 692 4800 xv,
724 4738 778 4789 9.

469 4850 578 4919 (95)
611 4849 755 4903 Μου.
777 4846 890 4919 ,Καὶ
917 4846 986 4919 τα
1014 4844 1251 4919 κρίματα
1282 4865 1404 4919 μου
1460 4846 1625 4902 addit
1682 4845 1849 4901 Philo
1880 4860 1894 4900 :
1956 4841 2045 4897 καὶ

396 4917 570 4974 πάντα
602 4919 668 4972 τὰ
694 4917 967 4991 κρίσματά
1000 4917 1125 4991 μου,
1160 4918 1338 4991 Levit.

472 4993 580 5060 (96)
612 4984 954 5060 νΑνθρωπος.
1002 4984 1191 5044 Ἀδθεὶ
1214 5005 1249 5043 a
1277 4988 1544 5044 Philone.
1599 4991 1733 5060 Mox”
1755 4984 2047 5060 postea}:

404 5058 580 5130 ὑμῶν,
604 5058 822 5130 repetit
847 5060 1035 5130 Philo,
1058 5075 1278 5125 errore,
1301 5065 1368 5113 ut
1395 5059 1644 5130 videtur,
1677 5058 1928 5130 librarii,
1952 5076 2043 5130 και

402 5126 697 5218 φυλαξεσθε
735 5129 907 5184 πάντα
961 5129 1028 5183 τὰ
1082 5129 1478 5204 προστάγματα
1511 5149 1636 5202 μου,
1693 5128 1783 5182 καὶ
1835 5129 1902 5182 τὰ
1925 5126 2045 5203 κρί-

449 5220 548 5254 ατα
582 5219 707 5254 μου.

404 5221 548 5274 ματα
581 5221 707 5271 μου.

474 5275 582 5342 (97)
615 5274 802 5332 Παθῶν
834 5269 924 5323 καὶ
954 5273 1199 5342 κακιῶν.)
1224 5271 1416 5342 Philo,
1475 5270 1603 5325 loco
1646 5270 1792 5342 japi
1824 5270 1990 5342 dicto
2026 5286 2040 5326 :

402 5333 614 5400 Είδέναι
639 5342 898 5415 χρήδίτι
928 5345 1116 5415 παθῶν
1152 5341 1246 5415 μέν
1289 5333 1562 5415 Αἴγυπτος
1595 5333 1875 5415 σύνμϐολὸν
1908 5338 2042 5409 ἐστι,

396 5419 603 5471 κακιῶν
635 5411 699 5468 δέ
724 5415 759 5480 ἠ
792 5412 1104 5468 Χαναναίων
1155 5411 1251 5485 γῆ.
1312 5411 1628 5473 Sciendum,
1688 5413 1917 5485 affectus
1941 5429 2045 5482 per

398 5492 696 5559 Egi/ptum
733 5487 1057 5559 signiﬁcari,
1083 5483 1245 5559 _vitia
1288 5499 1392 5559 per
1444 5489 1643 5537 terram
1694 5483 2039 5540 Chananasm.

402 5554 557 5619 Mox:
582 5563 670 5613 νῦν
701 5554 800 5631 μὲν
828 5554 967 5630 ἆφεκ
994 5600 1011 5624 ,
1042 5554 1508 5631 aliqui_1_nalunt.

473 5633 581 5703 (98)
610 5625 723 5702 Τήν
750 5650 809 5685 τι
836 5625 945 5684 τῶν
994 5625 1185 5690 πέλαξ.
1242 5627 1360 5682 Hoc
1409 5632 1519 5695 est,
1568 5630 1852 5682 nostram.
1898 5627 2041 5680 Nam

2157 4858 2281 4909 eos,
2313 4839 2410 4909 qui
2432 4853 2610 4914 prope
2659 4842 2807 4914 sunt,
2857 4836 3086 4914 scilicet
3123 4837 3528 4914 -Christianos,
3561 4844 3823 4914 opponit

2153 4916 2271 4997 τοῖς
2295 4908 2534 4997 acupis,
2562 4909 2787 4997 exteris.
2819 4910 2918 4992 qui
2938 4908 3137 4997 procul
3167 4916 3315 4997 sunt.
3359 4908 3572 4997 Ephes.
3602 4908 3674 4979 ἶῖ,
3710 4917 3815 4969 l3:

2154 4986 2263 5056 Νῦν
2292 4977 3152 5056 8E_év_XptctQ_-’lnc?51:11:34,
3212 4979 3266 5033 οἱ
3313 4977 3447 5056 πορτίέ
3495 4977 3663 5043 ὄντες
3706 5005 3820 5056 μα-

2153 5054 2321 5131 πρᾶγμ,
2349 5046 2518 5131 iubs
2540 5046 2826 5131 ἐγενῆθτλτε
2855 5047 2909 5131 ἐν
2937 5046 3227 5131 τιῖέαῗμᾳτι
3256 5055 3355 5131 τοῦ
3385 5053 3649 5131 Χριστοῦ.

2224 5127 2332 5196 (99)
2365 5121 2703 5196 Ἕξεων)μηῖ
2734 5121 2900 5176 Conf.
2944 5121 3109 5196 quae:
3133 5123 3206 5177 de
3264 5121 3531 5196 scientize
3586 5127 3817 5183 deﬁni-

2155 5192 2321 5253 tione
2347 5193 2618 5266 superius
2648 5192 2806 5247 dicta
2826 5198 2965 5247 sunt
2992 5210 3048 5266 p_.
3083 5194 3188 5247 362
3217 5194 3357 5251 edit.
3400 5198 3587 5253 Paris.

2225 5270 2299 5338 (1)
2333 5263 2728 5338 Μεὲαστήσετέ.
2763 5265 2889 5338 Non
2928 5263 3124 5330 verba,
3175 5266 3279 5321 sed
3327 5284 3568 5323 sensum
3622 5271 3822 5325 Evan-

2153 5334 2445 5413 geliorum
2473 5337 2593 5413 hic,
2624 5343 2681 5390 et
2697 5334 2763 5413 i_n
2794 5334 2890 5413 iis.
2923 5351 3055 5404 quas
3088 5344 3440 5413 sequuntur,
3473 5340 3742 5413 exhibet.

2224 5413 2302 5478 (2)
2334 5409 2431 5463 Καὶ
2464 5408 2493 5461 ὁ
2529 5405 3009 5481 pitvLRespicere
3057 5405 3289 5463 videtur
3330 5412 3533 5465 Matth.
3579 5427 3665 5481 ιι,
3716 5416 3814 5481 ‘22,

2106 5540 2113 5543 .
2152 5483 2243 5538 vel
2276 5483 2410 5537 Luc.
2443 5496 2600 5542 xvm,
2624 5480 2711 5532 42.

2225 5555 2301 5625 (3;
2329 5555 2390 5608 Ὀ
2421 5547 2501 5607 δέ.
2533 5548 2735 5604 Matth.
2768 5563 2849 5616 Ix,
2879 5547 2971 5602 vel
2998 5549 3164 5605 Joan.
3200 5566 3279 5622 ιι,
3322 5553 3410 5607 49.
