4050 6188
3666 363 3781 418 992

359 485 428 538 Et
457 499 661 538 rursus
692 481 1015 556 diligimus,
1051 485 1135 540 sic
1166 501 1228 540 se
1272 486 1573 557 praeterita
1620 486 1837 541 habere
1886 487 2002 542 ﬁde

2125 485 2204 553 αὗ,
2238 483 2414 545 οὕτως
2472 478 2621 559 ἔχειν
2680 482 2747 537 τὰ
2801 482 3204 558 παρῳχηκότα,
3261 480 3442 539 πίστει
3475 487 3789 557 πεπεισμέο

358 571 646 643 persuasi,
680 572 900 640 futura,
934 589 1038 644 spe
1070 578 1502 645 exspectantes.
1538 575 1815 630 Gnostico
1847 576 2008 630 enim

2125 593 2227 644 νοι,
2256 573 2323 627 τὰ
2353 570 2630 645 μέλλοντα
2682 568 2866 627 ἐλπίδι
2919 568 3377 644 ἀπεκδεχόμενοι.
3412 572 3512 627 Διά
3562 573 3783 629 πάντων

359 662 423 717 in
448 662 726 717 omnibus
759 662 929 718 adest
956 664 1215 722 dilectio.
1251 668 1318 719 ut
1347 664 1447 736 qui
1472 682 1658 721 unum
1686 667 1870 721 Deum
1894 666 2008 721 sci-

2125 661 2217 737 γάρ
2276 664 2311 731 ἡ
2372 661 2556 736 ἀγάπη
2616 665 2698 733 τῷ
2747 658 3033 737 γνωστικῷ
3085 661 3439 737 πεφοίτηκεν,
3497 661 3595 717 ἓνα
3655 665 3787 719 Θεόα

357 751 545 807 verit:
578 753 647 806 Et
677 769 795 807 ecce
824 755 1032 820 omnia,
1076 769 1416 823 quascunque
1467 761 1544 809 est
1590 755 2005 823 architectatus,

2125 747 2308 806 είδότι·
2367 750 2469 806 Καὶ
2528 747 2647 803 ἰδοὺ
2703 752 2817 823 (26)
2875 749 3050 804 πάντα
3084 792 3099 818 ,
3153 750 3252 803 ὅσα
3310 746 3787 826 δεδημιούργηκε,

358 841 687 895 erantvalde
699 842 839 895 bona
856 841 953 911 (α),
976 847 1036 896 et
1052 842 1231 912 novit,
1249 848 1309 897 et
1324 842 1669 899 admiratur.
1693 843 1886 898 Pietas
1903 859 2006 898 au-

2125 838 2239 895 λίαν
2299 838 2460 894 δαλά·
2523 835 2665 893 οἶδέν
2724 859 2783 893 τε
2850 838 2942 893 καὶ
3000 836 3283 910 θαυμαζευ
3338 835 3629 894 Θεοσέϐεια
3670 843 3787 912 (27)

358 934 482 985 tem
523 930 727 1002 adjicit
773 931 904 985 vitio
948 931 1404 1003 longitudinem,
1453 937 1512 987 et
1549 932 1727 987 timor
1774 932 2007 987 Domini

2125 924 2177 983 δὶ
2202 926 2528 1002 προστίθησι
2554 934 2732 1001 μῆκος
2792 926 2937 1003 βίου,
2987 926 3077 982 καὶ
3114 920 3284 1005 φόϐος
3315 928 3520 1004 Κυρίου
3550 929 3785 1001 προστί-

361 1018 567 1089 adjicit
604 1019 750 1074 dies.
784 1019 1293 1084 Quemadmodum
1346 1037 1481 1093 ergo
1531 1020 1660 1075 dies
1704 1026 1843 1074 sunt
1871 1037 2008 1092 pars

2125 1018 2274 1087 Βησιν
2303 1016 2535 1093 ἡμέρας.
2567 1017 2655 1078 Ὠς
2683 1016 2773 1072 οὖν
2807 1016 2861 1071 αἱ
2910 1016 3118 1088 ἡμέραι
3155 1013 3347 1090 μόριον
3383 1015 3505 1091 βίου
3531 1020 3636 1071 τοῦ
3665 1019 3787 1071 κατ’

359 1108 513 1175 vitae,
547 1124 677 1178 quae
708 1108 771 1164 in
812 1124 1130 1181 progressu
1159 1114 1285 1177 est;
1336 1110 1420 1165 ita
1467 1109 1645 1165 etiam
1694 1110 1874 1164 timor
1918 1114 2008 1165 est

2125 1101 2464 1168 ἓπανάϐασιν,
2513 1104 2656 1160 οὕτω
2705 1106 2795 1160 καὶ
2853 1105 2884 1159 ὁ
2938 1099 3110 1183 φόϐος
3168 1111 3270 1174 τῆς
3321 1104 3540 1180 ἀγάπης
3604 1105 3788 1181 ἀρχή,

359 1196 720 1267 principium
747 1195 1103 1265 dilectionis,
1155 1199 1258 1268 qui
1310 1198 1377 1253 ﬁt
1422 1214 1528 1271 per
1569 1198 2003 1254 incrementum

2125 1194 2252 1249 κατᾶ
2279 1192 2612 1269 παραύξησιν
2646 1194 2832 1255 πίστις
2860 1193 3176 1268 γινόμενος,
3226 1193 3342 1248 εἶτα
3378 1193 3587 1269 ἀγάπη.
3622 1191 3792 1249 Ἀλλ’

362 1284 530 1352 fides,
564 1285 777 1342 deinde
803 1286 1064 1342 dilectio.
1092 1288 1204 1343 Sed
1223 1304 1344 1342 non
1365 1287 1517 1343 sicut
1534 1288 1721 1342 feram
1743 1294 1804 1343 et
1825 1289 2005 1343 timeo

2125 1283 2227 1358 οὐχ
2256 1283 2331 1344 ὡς
2512 1276 2790 1360 φοϐοῦμαι
2850 1283 2913 1337 τὸ
2972 1283 3189 1357 θηρίον,
3243 1282 3334 1337 καὶ
3393 1287 3560 1355 μισῶ,
3594 1281 3791 1337 διττοῦ

362 1380 421 1429 et
436 1373 554 1442 odi,
583 1374 665 1430 ita
681 1375 859 1431 etiam
878 1383 1109 1447 patrem
1124 1393 1345 1437 vereor.
1363 1393 1540 1447 quem
1566 1378 1743 1431 timeo
1769 1383 1828 1432 et
1848 1394 2001 1433 amo.

2125 1372 2484 1446 τυγχάνοντος
2514 1375 2612 1426 τοῦ
2649 1365 2851 1449 φόϐου,
2884 1372 2960 1433 ὡς
2994 1371 3053 1426 δὲ
3107 1371 3199 1427 καὶ
3246 1371 3341 1426 τὸν
3364 1372 3570 1441 πατέρα
3604 1370 3785 1443 δέδια,

2113 1461 2171 1515 ’ὸν
2200 1454 2477 1538 φοϐοῦμαι
2509 1461 2624 1533 ἅμα
2675 1460 2766 1515 καὶ
2816 1460 3028 1536 ἀγαπῶ·
3083 1456 3249 1514 πάλιν
3290 1455 3637 1536 φοϐούμενος
3702 1463 3785 1533 μή

2114 1548 2392 1618 κολασθῶ,
2434 1548 2666 1623 ἐμαυτὸν
2728 1548 2942 1625 ἀγαπῶ,
2996 1547 3324 1622 αίροόμενος
3367 1550 3459 1604 τὸν
3494 1544 3695 1624 φόϐον
3759 1550 3790 1603 ὁ

363 1640 575 1713 diligit.
609 1642 821 1695 Beatus
836 1658 993 1713 ergo,
1014 1643 1114 1711 qui
1136 1641 1435 1698 invenitur
1452 1643 1665 1708 fidelis,
1684 1642 2005 1699 dilectione

2125 1633 2456 1714 φοϐούμενος
2488 1639 2910 1713 προσκόψαιτῷ
2965 1637 3128 1712 πατρῖ
3180 1638 3364 1713 ἀγαπᾷ
3393 1639 3610 1694 ἔαυτόν.
3662 1644 3789 1693 Ma-

362 1735 422 1785 et
441 1730 653 1783 timore
676 1734 1175 1800 contemperatus.
1200 1730 1370 1787 Fides
1396 1738 1595 1788 autem
1617 1737 1708 1787 est
1727 1733 1909 1787 virtus
1930 1731 2003 1787 ad

2125 1728 2303 1802 εάριος
2332 1726 2424 1782 οῦν
2456 1726 2515 1790 ὅς
2543 1728 2735 1791 πιστὸς
2765 1729 2992 1803 γίνεται,
3035 1727 3219 1803 ἀγάπῃ
3249 1728 3340 1783 καὶ
3393 1723 3550 1807 φόϐῳ
3579 1748 3779 1803 κεκραο

362 1817 638 1881 salutem,
670 1823 729 1872 et
761 1819 1028 1889 potentia
1056 1820 1129 1874 ad
1178 1820 1355 1875 vitam
1399 1826 1704 1876 aaternam.
1757 1824 2001 1888 Rursus,

2125 1818 2299 1888 μένος·
2330 1816 2512 1879 πίστις
2543 1814 2601 1872 δὶ
2630 1814 2791 1892 ἰσχῦς
2823 1816 2902 1878 είς
2933 1815 3210 1892 σωτηρίαν
3265 1817 3357 1871 καὶ
3417 1814 3655 1889 δύναμις
3704 1816 3789 1880 είς

360 1906 673 1978 prophetia
702 1910 759 1961 et
790 1908 1170 1979 prmcognitio
1194 1926 1208 1974 ;
1249 1909 1505 1981 cognitio
1536 1914 1734 1964 autem
1761 1915 1851 1965 est
1870 1926 2007 1982 pro-

2125 1906 2263 1975 ζωὴν
2296 1904 2539 1963 αἰώνιον.
2577 1904 2748 1961 Πάλιν
2778 1907 2813 1975 ἡ
2874 1905 3200 1982 προφητεία,
3255 1905 3570 1981 πρόγνωσίς
3615 1904 3789 1960 ἐστιν·

361 1995 577 2065 ρὶιθιίω
592 1994 987 2066 intelligentia
1012 2012 1027 2061 ;
1050 2000 1109 2050 et
1122 1995 1303 2051 veluti
1324 1998 1581 2069 cognitio
1596 1997 1859 2067 illorum,
1876 2016 2007 2070 qum

2125 1997 2152 2065 ἡ
2221 1991 2279 2049 δὲ
2324 1998 2526 2071 γνῶσις
2592 1994 2932 2073 προφητείας
2987 1993 3199 2065 νόησις,
3254 1997 3369 2049 οἷον
3422 1999 3631 2069 γνῶσις
3671 1999 3788 2049 τῶν

362 2083 482 2138 illis
504 2082 667 2154 prius
688 2083 852 2138 fuere
875 2084 1129 2156 cognita,
1154 2101 1187 2140 a
1205 2085 1477 2154 Domino,
1497 2085 1597 2157 qui
1622 2087 1824 2142 omnia
1844 2087 2008 2159 prius

2125 2084 2349 2147 ἐκείνοις
2403 2085 2873 2161 προεγνωσμένων
2930 2084 3034 2139 ὑπὸ
3089 2088 3187 2138 τοῦ
3261 2084 3666 2162 προφαίνοντος
3717 2084 3791 2137 τὰ

360 358 461 413 991
1593 364 2002 420 οιιιιιιςιιτιε
2038 332 2560 421 auruncum

362 1465 585 1518 Rursus
617 1465 833 1520 timens
864 1482 938 1520 ne
971 1466 1240 1538 castiger,
1276 1467 1569 1538 meipsum
1602 1466 1804 1539 diligo,
1838 1467 2004 1522 timo-

360 1567 488 1607 rem
529 1552 772 1625 eligens.
807 1554 913 1618 Qui
942 1554 1112 1609 timet
1132 1554 1434 1609 offendere
1465 1561 1717 1625 patrem,
1742 1555 2004 1627 seipsum

363 2169 721 2225 manifestat.
738 2170 1003 2241 Cognitio
1023 2188 1159 2244 ergo
1178 2188 1406 2237 eorum,
1427 2191 1559 2244 quas
1576 2173 1858 2245 praedicta
1874 2180 2008 2229 sunt

2125 2176 2293 2228 πάντα
2318 2173 2546 2248 Κυρίου.
2579 2174 2641 2229 Ἠ
2674 2174 2857 2228 τοίνυν
2911 2177 3113 2249 γνῶσις
3169 2178 3277 2228 τῶν
3338 2172 3789 2248 προαγοριυθέν-

364 2258 659 2330 triplicem
672 2260 935 2315 ostendit
950 2266 1223 2316 eventum
1249 2279 1263 2330 ;
1283 2268 1387 2317 aut
1404 2278 1564 2329 eum,
1583 2263 1682 2333 qui
1703 2263 1812 2317 luit
1829 2262 1968 2317 olim
1992 2279 2007 2327 ;

363 2353 466 2404 aut
496 2364 655 2412 eum,
678 2349 920 2421 quijam
944 2353 1035 2404 est
1060 2366 1326 2421 presens
1350 2368 1364 2418 ;
1384 2356 1486 2406 aut
1507 2367 1664 2418 eum,
1688 2351 1789 2421 qui
1809 2357 1899 2407 est
1918 2350 2008 2406 fu-

303 2460 307 2469 -
361 2442 548 2493 turus.
586 2436 809 2493 Deinde
840 2444 1103 2494 extrema
1142 2438 1383 2510 quidem
1415 2439 1522 2495 sub
1554 2440 1733 2496 ﬁdem
1765 2440 2009 2509 cadunt,

361 2530 488 2581 tum
514 2542 744 2591 eorum,
776 2543 908 2596 qua)
940 2532 1081 2583 sunt
1104 2527 1405 2599 perfecta;
1460 2534 1585 2583 tum
1616 2544 1848 2597 eorum,
1878 2546 2009 2599 qum

363 2619 680 2686 sperantur
703 2631 716 2669 :
732 2614 806 2669 ad
819 2614 1233 2671 conﬁrmanda
1245 2622 1309 2686 ιι(
1322 2621 1521 2672 autem
1533 2616 1706 2673 ambo
1723 2623 2010 2687 extrema,

364 2704 536 2759 affert
552 2704 1002 2775 persuasionem
1020 2721 1283 2776 prmsens
1302 2706 1586 2777 Operatio.
1611 2706 1669 2761 Si
1690 2708 1853 2762 enim
1874 2724 2009 2762 cum

366 2810 487 2848 una
516 2793 593 2847 sit
619 2793 950 2865 prophetia,
970 2793 1098 2865 ejus
1120 2794 1360 2865 quidem
1381 2812 1503 2851 una
1530 2796 1804 2868 parsjam
1828 2796 2012 2867 perfi-

366 2883 538 2950 citur,
557 2881 745 2937 altera
762 2898 898 2937 vero
918 2899 1054 2954 pars
1072 2889 1163 2938 est
1177 2884 1423 2956 impleta
1445 2902 1460 2952 ς
1481 2884 1621 2940 hinc
1640 2885 1706 2940 fit
1725 2884 2009 2941 credibile

370 2978 427 3027 et
453 2972 531 3037 id,
567 2971 725 3043 quod
757 2978 1065 3044 speratur;
1098 2979 1158 3029 et
1193 2974 1275 3043 id,
1316 2974 1474 3046 quod
1503 2976 1807 3047 praeteriit.
1840 2976 2011 3031 Prius

372 3063 532 3117 enim
550 3068 677 3117 erat
692 3079 975 3134 praasens,
994 3063 1210 3120 deinde
1228 3081 1337 3120 nos
1356 3065 1642 3138 praeteriit
1658 3082 1671 3119 :
1690 3066 1837 3120 adeo
1854 3069 1921 3120 ut
1935 3064 2012 3120 sit

369 3153 547 3207 etiam
572 3152 720 3207 ﬁdes
742 3155 1198 3224 praeteritorum,
1216 3155 1499 3227 praateriti
1520 3155 2005 3226 comprehensio;
2045 3192 2061 3227 ε

369 3246 428 3297 et
452 3258 586 3314 spes
616 3241 857 3312 quidem
886 3242 1103 3314 futura,
1153 3244 1611 3315 comprehensio
1640 3244 1727 3299 rei
1771 3243 2004 3301 futuraa.

369 3331 758 3385 Assensiones
775 3336 993 3398 autem,
1018 3348 1138 3387 non
1157 3331 1349 3387 solum
1370 3331 1678 3400 Platonici,
1705 3332 1809 3387 sed
1827 3332 2008 3387 etiam

368 3420 567 3482 Stoici,
602 3421 810 3476 dicunt
836 3437 965 3477 esse
996 3422 1059 3476 in
1084 3426 1287 3478 nostra
1301 3427 1610 3493 potestate.
1645 3422 1849 3478 Omnis
1870 3438 2005 3495 ergo

368 3509 588 3579 opinio,
621 3514 680 3563 et
699 3509 1018 3581 judicium,
1052 3515 1110 3566 et
1138 3510 1517 3577 existimatio,
1563 3515 1623 3566 et
1670 3510 2006 3582 disciplina,

369 3595 584 3665 quibus
611 3613 846 3669 semper
872 3599 1141 3667 vivimus,
1174 3605 1233 3655 et
1263 3616 1566 3655 versamur
1587 3616 1722 3656 cum
1745 3600 2007 3655 humano

366 3700 605 3757 genere,
639 3690 727 3740 est
755 3688 1041 3743 assensio.
1081 3690 1163 3744 Ea
1204 3693 1400 3744 autem
1432 3689 1585 3743 nihil
1614 3688 1794 3744 fuerit
1822 3688 2006 3755 aliud,

369 3789 548 3843 quam
579 3772 746 3829 fides.
770 3776 840 3830 Et
866 3776 1254 3832 incredulitas
1275 3794 1382 3833 seu
1398 3777 1745 3845 inﬁdelitas,
1770 3795 1901 3848 quaa
1921 3782 2012 3832 est

369 3860 508 3915 fidei
526 3860 905 3935 interemptio
925 3870 1025 3919 aut
1043 3863 1386 3933 destructio,
1406 3865 1667 3921 ostendit
1684 3882 1859 3938 posse
1877 3882 2009 3921 esse

368 3950 795 4018 assensionem,
830 3958 932 4006 aut
965 3952 1142 4007 fidem
1167 3970 1181 4019 ;
1216 3953 1346 4024 ejus
1370 3955 1552 4021 enim,
1575 3971 1709 4025 quin
1731 3971 1861 4010 esse
1885 3971 2007 4010 non

368 4038 647 4108 potuerit,
697 4055 818 4095 non
865 4039 1047 4095 fuerit
1097 4041 1365 4111 privatio.
1414 4043 1484 4096 Et
1526 4043 1574 4096 si
1623 4044 1756 4114 quis
1805 4060 2008 4099 verum

367 4126 723 4196 consideret,
754 4129 1014 4185 inveniet
1039 4130 1347 4185 hominem
1378 4130 1619 4202 quidem
1654 4137 1867 4188 natura
1895 4133 2007 4189 cir-

366 4222 745 4273 cumventum
776 4218 850 4273 ad
878 4218 1263 4291 praebendam
1280 4218 1428 4274 falso
1451 4221 1858 4276 assensionem
1881 4238 1894 4287 ;
1921 4227 2010 4276 ta-

2114 2284 2225 2318 των
2282 2264 2505 2339 τριττὴν
2562 2260 2887 2318 ἐνδείκνυται
2940 2262 3042 2330 τὴν
3094 2256 3337 2333 ἔκϐασιν,
3403 2263 3439 2331 ἢ
3492 2267 3793 2336 γεγονυῖαν

2117 2350 2313 2421 πάλαι,
2344 2349 2382 2421 ἤ
2412 2349 2758 2423 ἐνεστηκυῖαν
2789 2348 2923 2421 ἤδη,
2956 2351 2993 2422 ἢ
3026 2347 3235 2405 ἔσεσθαι
3293 2349 3631 2423 μέλλουσαν.
3658 2351 3788 2405 Εἶθ’

2118 2442 2175 2497 αἱ
2207 2442 2303 2514 μὶν
2332 2439 2626 2516 ἀκρότητες
2679 2443 2789 2514 (29)
2827 2440 3251 2496 ὑποπεπτώκασι
3311 2439 3512 2507 πίστει,
3545 2440 3582 2509 ἢ
3624 2437 3788 2494 τελε-

2118 2530 2349 2585 σθέντων
2381 2528 2416 2598 ἢ
2447 2527 2843 2601 ἐλπιζομένων·
2876 2530 3050 2592 πειθὼ
3096 2524 3155 2582 δὲ
3201 2527 3430 2603 παρέχει
3487 2529 3524 2597 ἡ
3557 2526 3791 2597 ἐνεστη-

2117 2623 2244 2673 κυῖα
2272 2615 2516 2693 ἐνέργεια
2545 2617 2683 2692 πρὸς
2708 2618 2808 2687 τὴν
2836 2611 3126 2693 βεϐαίωσιν
3161 2616 3367 2690 ἀμφοῖν
3407 2621 3529 2672 τοῖν
3561 2616 3786 2686 ἂκροιν.

2118 2706 2330 2782 Είγάρ,
2363 2711 2493 2778 μιᾶς
2523 2703 2692 2776 οὔσης
2720 2711 2822 2776 τῆς
2874 2706 3230 2782 προφητείας,
3267 2706 3330 2760 τὸ
3383 2705 3479 2777 μὶν
3512 2701 3627 2774 ἤδη
3690 2726 3785 2759 τε-

2119 2795 2318 2863 λεῖται,
2365 2795 2427 2849 τὸ
2484 2790 2543 2849 δὲ
2596 2793 2981 2868 πεπλήρωται,
3039 2795 3230 2849 πιστὸν
3291 2793 3531 2849 ἐντεῦθεν
3561 2792 3660 2848 καὶ
3719 2792 3787 2848 τὸ

2119 2884 2480 2959 ἐλπιζόμενον
2510 2884 2601 2939 καὶ
2631 2884 2692 2939 τὸ
2720 2884 3060 2960 παρῳχηκός
3093 2883 3314 2955 ἀληθές.
3369 2883 3647 2959 Πρότερον
3673 2881 3785 2956 γάρ

2120 2973 2347 3037 ἐνεστὼς
2374 2974 2463 3043 ἦν,
2496 2972 2608 3028 εἶτα
2635 2974 2772 3045 ἡμῖν
2803 2973 3160 3047 παρῴχηκεν,
3217 2971 3291 3034 ὡς
3348 2972 3479 3026 εἶναι
3533 2971 3626 3025 καὶ
3678 2971 3787 3038 τήν

2119 3067 2226 3119 τῶν
2274 3060 2696 3139 παρῳχηκότων
2751 3061 2934 3117 πίστιν
2990 3057 3300 3133 κατάληψιν
3345 3060 3784 3135 παρῳχηκότος,

2120 3152 2209 3207 καὶ
2266 3150 2365 3220 τὴν
2430 3150 2525 3223 μὶν
2570 3148 2837 3223 ἐσομένην
2888 3146 3089 3204 ἐλπίδα
3143 3148 3451 3221 κατάληψιν
3512 3147 3787 3219 ἐσομένου

2120 3240 2457 3315 πράγματος.
2515 3240 2620 3302 Τὰς
2674 3236 2733 3294 δὶ
2780 3237 3194 3313 συγκαταθέσεις
3223 3241 3333 3311 (30)
3373 3237 3434 3293 οὐ
3495 3237 3665 3311 μόνον
3729 3237 3784 3291 οἱ

2119 3330 2224 3385 ἀπὸ
2254 3328 2572 3399 Πλάτωνος,
2598 3326 2746 3384 ἀλλά
2767 3327 2858 3383 καὶ
2912 3329 2961 3382 cl
3010 3327 3117 3383 ἀπὸ
3156 3334 3259 3396 τῆς
3291 3332 3485 3395 Στοᾶς,
3521 3325 3605 3401 ἐφ’
3633 3328 3781 3398 ἡμῖν

2119 3419 2253 3475 εἶναι
2283 3416 2551 3495 λέγουσιν.
2583 3422 2737 3473 Πᾶσα
2792 3415 2885 3472 οὖν
2914 3414 3063 3487 δόξα,
3094 3416 3183 3471 καὶ
3232 3415 3431 3492 κρίσις,
3488 3415 3580 3470 καῖ
3639 3415 3782 3470 ὁπό-

2117 3508 2307 3583 ληψις,
2336 3505 2428 3562 καὶ
2465 3506 2721 3579 μάθησις,
2752 3506 2831 3567 οῖς
2866 3510 3043 3578 ζῶμεν
3069 3506 3163 3560 καὶ
3216 3505 3471 3577 σύνεσμεν
3531 3503 3640 3560 αἰεὶ
3696 3508 3783 3576 τῷ

2117 3598 2261 3672 γένει
2308 3600 2417 3652 τῶν
2473 3594 2798 3670 ἀνθρώπων,
2854 3594 3234 3671 συγκατάθεσίς
3263 3593 3426 3649 ἐστιν·
3456 3596 3492 3664 ἡ
3520 3591 3569 3648 δ’
3614 3590 3781 3648 οὐδὲν

2117 3683 2259 3741 ἄλλο
2290 3685 2327 3757 ἢ
2357 3684 2539 3746 πίστις
2566 3681 2650 3753 εἷή
2683 3681 2765 3737 ἂν·
2798 3682 2834 3752 ἢ
2888 3703 2949 3738 τε
2978 3683 3223 3751 ἀπιστία,
3256 3682 3625 3744 ἀποσύστασις
3655 3684 3780 3755 (31)

2118 3773 2250 3830 οῦσα
2277 3780 2380 3844 τῆς
2437 3773 2695 3841 πίστεως,
2741 3769 2974 3842 δυνατὴν
3019 3767 3255 3827 δείκνυσι
3282 3773 3382 3840 τὴν
3444 3771 3778 3845 συγκατάθε-

2117 3862 2202 3919 σίν
2221 3883 2280 3919 τε
2307 3862 2398 3917 καὶ
2428 3860 2628 3918 πίστιν
2660 3859 2961 3935 ἀνυπαρξία
2988 3860 3095 3935 γὰρ
3125 3859 3375 3936 στέρησις
3429 3856 3612 3916 οὖκᾶν
3672 3857 3777 3914 λε-

2117 3953 2303 4029 χθείη.
2336 3949 2441 4006 Κᾶἱν
2469 3971 2555 4012 τις
2583 3948 2821 4020 τάληθὲς
2879 3953 3080 4023 σκοπῇ,
3113 3948 3332 4023 εὑρήσει
3367 3949 3460 4004 τὸν
3481 3948 3776 4024 ἄνθρωπον

2117 4041 2269 4120 φύσει
2299 4033 2736 4112 διαϐεϐλημένον
2771 4039 2866 4111 μὶν
2926 4039 3063 4114 πρὸς
3087 4041 3189 4106 τήν
3231 4042 3327 4093 τοῦ
3374 4035 3612 4112 ψεύδους
3640 4059 3779 4113 συγ-

2113 4128 2419 4197 κατάθεσιν,
2449 4120 2650 4202 ἔχοντα
2681 4123 2739 4182 δὶ
2769 4126 3023 4203 ἀφορμὰς
3076 4126 3211 4201 πρὸς
3248 4125 3429 4181 πίστιν
3468 4123 3780 4196 τάληθοῦς.

2117 4242 2147 4270 α
2177 4219 2242 4274 Ἦ
2270 4215 2453 4271 τοίνυν
2487 4218 2598 4289 (32)
2641 4215 2946 4271 συνέχουσα
2999 4216 3098 4284 τήν
3141 4212 3474 4286 Ἐκκλησίαν
3507 4216 3645 4288 (33),
3701 4215 3781 4278 ὠς

434 4341 518 4405 'X‘.
552 4344 616 4399 P.
645 4345 749 4398 458
779 4345 889 4399 ED.
924 4345 1216 4412 POTTER,
1248 4344 1489 4398 384-385
1516 4344 1626 4398 ED.
1661 4344 1888 4400 PARIS.
1918 4345 1993 4415 (α)

2125 4362 2167 4401 ι.
2197 4362 2237 4414 ι,
2268 4344 2356 4398 31.

342 4530 401 4557 »Α
437 4472 548 4557 (26)
569 4470 686 4557 ‘Ka'i
717 4467 791 4526 ίδ.
833 4472 1110 4557 "Respicit
1170 4472 1396 4557 Genesi.“
1426 4490 1463 4557 1‘,
1499 4469 1746 4557 3i\:\
1788 4466 1924 4524 εἶδεν
1983 4471 2008 4523 ὁ

2125 4548 2136 4557 .
2194 4472 2308 4542 (29)
2338 4467 2691 4557 Ἀκρότητες.
2728 4470 2847 4557 [loc
2878 4474 2986 4536 est,
3019 4469 3321 4557 praeterita
3348 4484 3417 4524 ac
3441 4468 3777 4539 futura,in-

365 4538 493 4602 Θεὸς
524 4538 592 4596 τὰ
611 4541 805 4611 πάντα,
828 4542 926 4597 ὅσα
949 4538 1191 4611 ἐποίησε·
1224 4541 1312 4596 καὶ
1345 4540 1464 4598 ἰδοὺ
1493 4538 1637 4595 καλά
1666 4539 1812 4596 λίαν.

436 4616 545 4682 (27)
572 4608 878 4687 praeﬁciat.
904 4608 1166 4687 Respicit
1194 4615 1365 4671 Prov.
1398 4634 1482 4685 IlI,
1514 4616 1567 4679 2,
1602 4617 1687 4687 16.

436 4686 548 4759 (28)
571 4683 728 4740 Ἀλλ’
756 4686 869 4759 οὐχ
898 4688 971 4748 ὡς
1025 4683 1085 4759 φ.
1147 4688 1329 4759 limo,
1360 4683 1576 4759 quibus
1625 4685 1757 4759 jam_
1787 4700 2009 4759 sensus

367 4756 808 4827 haud'constat,
832 4756 1288 4827 levimutatione
1308 4756 1591 4827 facta._sic
1623 4756 1801 4827 scribi
1832 4761 1890 4811 et
1910 4771 2009 4827 ex-

362 4829 569 4909 plicari
590 4824 887 4909 Poterun}
919 4848 931 4884 :
964 4825 1120 4909 Ἀλλ’
1151 4827 1261 4902 οὐχ
1289 4824 1675 4909 (ὗς-φοϐοῦμαι
1706 4826 1767 4909 τᾷ
1821 4824 2010 4909 ρηρίογ

361 4893 452 4979 καὶ
487 4893 649 4979 μισῶ·
694 4898 875 4979 διττοῦ
903 4893 1275 4979 τυγχάνοντος
1296 4893 1419 4979 τοῦ
1442 4893 1636 4979 φόϐοιν
1661 4968 1674 4979 ⁸
1693 4896 1768 4961 ὡς
1804 4893 2006 4979 dij-fui

361 4922 452 4951 και
487 4922 584 4971 μισ
638 4922 649 4931 ·
694 4922 875 4955 οιττου
903 4922 1275 4975 τυγχανοντος
1296 4922 1394 4954 του
1442 4922 1636 4979 φοοου’
1693 4922 1768 4961 ως
1819 4922 1884 4967 οη
1917 4922 2006 4951 και

361 4968 454 5049 τὸν
487 4922 692 5049 πατῖζρα
723 4968 891 5039 δέδια,
925 4971 982 5049 ἰόν
1014 4966 1306 5049 φοϐοῦμαι.
1345 4973 1477 5049 ἅμα-
1513 4969 1602 5049 καῖ
1650 4968 1869 5049 ἀγαπῶἰ
1899 4970 2006 5049 Πά-

366 5037 475 5107 λιν,
509 5037 845 5116 φοϐοὖμενος
872 5037 1254 5116 μγή-κὸλασθῶ,
1288 5037 1519 5114 ἐμαυτὸν
1570 5037 1786 5116 ἀγαπῶ,
1821 5040 2009 5116 αἱρού-

369 5108 531 5189 μενος
559 5112 661 5189 τὸν
682 5108 930 5189 adﬂari
954 5111 1008 5189 δε
1040 5108 1384 5189 φοϐούμενος
1437 5108 1742 5187 προσκόψαι
1775 5108 2008 5189 ἰτίξίπιιέ

363 5180 452 5255 τρὶ
484 5180 869 5255 ἂγαπᾷγαύτόν.
898 5187 1005 5240 Sed
1055 5180 1167 5241 'non
1196 5180 1337 5240 sicut
1392 5180 1569 5255 feram
1627 5180 1786 5241 timeo
1836 5180 1886 5241 et
1916 5188 2010 5240 odi

368 5250 509 5322 (eum
531 5250 745 5322 ‘duplea:
771 5258 841 5309 sit
869 5258 1070 5325 timor),
1103 5259 1179 5310 sic
1230 5250 1445 5324 patrem
1487 5263 1687 5320 metuo,
1738 5273 1898 5325 quem
1919 5274 2008 5310 re-

365 5340 489 5378 reor
536 5325 717 5395 simul,
755 5342 817 5378 ac
874 5325 1066 5393 diligo.
1100 5329 1325 5390 Rursus,
1389 5330 1582 5381 timens
1636 5342 1706 5380 ne
1752 5330 2006 5395 castiger,

366 5397 630 5465 meipsum
659 5394 855 5465 diligo.
887 5397 1131 5451 timorem
1181 5397 1431 5464 eligens:
1485 5399 1582 5464 qui
1622 5413 1747 5451 vero
1788 5394 2009 5466 patrem

366 5467 644 5537 offendere
679 5468 853 5531 timet,
886 5467 1044 5521 illum
1072 5468 1280 5536 diligit.
1316 5466 1449 5521 Vult
1477 5469 1636 5522 enim
1667 5474 1873 5522 auctor
1902 5467 2010 5523 du-

364 5540 583 5609 plicem
614 5556 744 5595 esse
775 5538 1051 5594 timorem
1085 5555 1098 5592 :
1131 5538 1408 5610 alterum,
1459 5553 1593 5610 cum
1641 5538 1791 5610 ejus,
1851 5541 2009 5610 quod

366 5608 632 5675 timetur,
664 5610 799 5667 odio
825 5628 838 5680 ;
873 5610 1149 5678 alterum,
1173 5624 1307 5663 cum
1332 5608 1600 5681 ejusdem
1631 5608 1831 5666 amore
1862 5608 2005 5668 con-

358 5683 658 5755 junctum.

2119 4540 2211 4597 ter
2240 4558 2371 4613 qum
2400 4540 2599 4597 media
2624 4545 2767 4613 sunt
2795 4541 3132 4613 praesentia:

2192 4610 2928 4686 (30)XDYX711¢0€_§EIC.-_Sl0
2975 4610 3265 4686 vocabant
3318 4610 3779 4686 deliberatasas-

2115 4682 2387 4740 sensiOnes
2410 4682 2430 4739 ε’
2455 4685 2527 4740 de
2544 4684 2761 4755 quibus
2790 4682 3030 4756 elegans
3051 4688 3143 4737 est
3170 4682 3337 4738 locus
3367 4685 3434 4737 Α.
3467 4683 3644 4739 Gellii
3668 4683 3777 4738 lib.

2115 4772 2234 4813 xxx.
2266 4772 2394 4813 can.
2425 4760 2476 4813 1,

2186 4798 2741 4896 (diluxit-ominum;
2778 4824 3113 4899 Legendum
3168 4822 3482 4899 ἀπόστασις.
3547 4825 3773 4881 Lowru.

2114 4929 2183 4938 —
2216 4898 2339 4963 Qua
2369 4914 2506 4968 voce
2538 4898 2694 4953 infra
2722 4898 2873 4953 usus
2897 4902 2987 4952 est
3014 4901 3223 4952 auctor
3244 4913 3300 4968 p.
3334 4898 3437 4951 386

2190 4972 2298 5039 (32)
2327 4968 2389 5024 Ἥ
2420 4967 2618 5024 τοίνυν.
2654 4971 2786 5025 Hmc
2813 4974 3133 5023 occurrunt
3182 4967 3258 5023 in
3298 4969 3527 5022 Hermia
3548 4970 3771 5022 Pastor.

2118 5040 2221 5126 lib.
2249 5058 2291 5104 ι,
2321 5041 2427 5125 vis.
2463 5039 2837 5126 3.,_prin'cipio
2869 5056 2917 5094 c.
2939 5042 2984 5126 ‘8
3017 5056 3030 5093 :
3080 5041 3396 5126 Respiciens
3422 5056 3548 5126 men
3587 5039 3773 5126 salvi;

2116 5115 2206 5176 sit,
2240 5119 2292 5166 et
2317 5114 2397 5167 ait
2424 5111 2605 5166 mihi:
2642 5111 2807 5166 Vides
2836 5117 3035 5181 septem
3064 5111 3319 5165 mulieres
3347 5112 3498 5166 circa
3528 5112 3733 5165 turrim
3751 5114 3781 5164 ?

2124 5183 2319 5248 Video,
2348 5184 2595 5253 inquam.
2625 5184 2861 5237 domina.
2927 5183 3115 5235 Turris
3163 5182 3297 5243 haec,
3349 5182 3553 5251 inquit.
3588 5183 3659 5236 ab
3707 5183 3779 5235 iis

2116 5261 2479 5324 supper-tatur
2509 5254 2804 5310 secundum
2820 5258 3155 5323 praeceptum
3182 5253 3403 5306 Domini
3424 5270 3444 5313 ;
3469 5253 3611 5307 audi
3629 5268 3779 5307 nunc

2118 5328 2342 5395 effectus
2374 5342 2563 5380 earum
2594 5343 2612 5379 :
2636 5326 2821 5379 Prima
2852 5339 3062 5395 earum,
3119 5338 3248 5394 qua?
3291 5326 3536 5378 continet
3580 5341 3776 5389 manu.

2118 5394 2275 5452 Fides
2296 5404 2524 5451 vocatur
2554 5412 2691 5467 :per
2718 5396 2859 5449 hanc
2889 5394 3028 5449 salvi
3068 5397 3208 5463 ﬁunt
3266 5395 3425 5449 electi
3469 5395 3586 5452 Dei.
3644 5398 3779 5452 Alia

3626 5484 3776 5533 vero,

2191 5539 2300 5604 (33)
2360 5538 2475 5606 Τὴν
2536 5535 2882 5604 Ἐκκλησίαν.
2943 5538 3062 5591 Hoc
3118 5536 3287 5593 abest
3327 5536 3401 5593 ab
3459 5537 3776 5594 hodierno.

2117 5611 2355 5683 Herma,
2386 5616 2445 5683 et
2466 5609 2981 5683 interpretamenti
3037 5607 3168 5664 loco
3199 5625 3234 5664 a
3286 5609 3593 5665 Clemente
3618 5610 3783 5683 adje-

2116 5687 2277 5737 ctum
2306 5680 2559 5736 videtur.
