4050 6188
368 353 479 407 995

1607 348 2015 404 CLEMENTIS
2049 347 2547 404 ALEXANDRINI

3674 348 3792 406 996

369 486 484 537 tur.
520 478 664 533 Cum
697 476 895 531 autem
926 472 1005 528 sit
1035 470 1319 528 Dominus
1349 470 1616 543 cognitor
1636 469 1929 535 cordium,
1963 474 2022 525 et

2147 464 2480 540 Βιαγνώστης
2507 465 2563 522 δὲ
2590 462 2663 523 ὥν
2699 468 2726 522 ὁ
2754 467 2952 543 Κύριος
3008 470 3097 525 καὶ
3153 470 3222 525 τά
3273 468 3552 543 μέλλοντα
3585 492 3793 547 προγι-

366 572 569 625 futura
599 565 895 638 praesciat,
926 562 1164 619 facilem
1204 561 1467 616 hominis
1519 559 1933 628 mutationem,
1967 563 2025 613 et

369 656 445 712 ad
475 653 895 711 revertendum
927 651 1411 724 propensionem,
1446 654 1505 703 et
1548 646 1770 703 diaboli
1793 645 2022 701 callidi-

370 750 551 801 tatem
583 743 654 799 ab
690 744 808 798 alto
841 742 989 797 vidit
1018 758 1053 797 a
1082 740 1398 812 principio,
1433 737 1590 809 quod
1621 734 1850 791 homini
1872 732 2023 789 invi-

370 834 517 889 dens
540 829 1209 905 pr0pterremissionem
1225 823 1863 900 peccatorum,aliquas
1886 839 2026 894 pec-

370 928 638 978 catorum
660 936 868 976 causas
892 918 1073 974 servis
1106 918 1208 973 Dei
1236 921 1526 989 suggeret,
1550 919 1740 969 astute
1764 913 1871 967 hoc
1893 927 2025 965 mo-

369 1010 619 1076 liens,ut
640 1010 751 1081 ipsi
777 1023 1012 1079 quoque
1034 1023 1165 1061 cum
1192 1022 1260 1061 eo
1285 1001 1704 1060 cadant.Dedit
1723 1015 2025 1072 ergo,cum

372 1098 454 1154 sit
499 1098 701 1154 multa;
762 1095 1209 1164 misericordiae,
1265 1095 1338 1149 iis
1371 1093 1546 1149 etiam
1594 1091 1691 1163 qui
1726 1091 1789 1144 in
1821 1088 1936 1144 fide
1964 1089 2025 1142 in

372 1188 613 1259 aliquod
630 1192 934 1259 peccatum
952 1182 1577 1253 incidunt,secundam
1596 1177 2026 1252 pamitentiam,

373 1277 630 1347 quam,si
662 1276 795 1347 quis
821 1280 1084 1331 tentatus
1116 1274 1295 1330 fuerit
1324 1278 1458 1344 post
1504 1270 1895 1335 vocationem,
1927 1283 2025 1322 co-

2132 556 2379 625 νώσκων,
2432 557 2495 610 τό
2557 577 2613 612 τε
2665 553 3038 635 εὐμετάϐολον
3090 563 3188 614 τοῦ
3247 557 3540 635 ἀνθρώπου
3578 562 3672 616 καὶ
3729 563 3790 617 τὸ

2132 639 2486 718 παλίμϐολον
2517 645 2607 701 καὶ
2640 651 2943 722 πανοῦργον
2984 652 3082 703 τοῦ
3112 643 3397 717 διαϐόλου,
3431 648 3640 706 ἃνωθεν
3696 651 3797 727 ἆρ-

2133 741 2305 810 χῆθεν
2337 732 2608 811 προεῖδεν,
2642 734 2740 808 ὡς,
2779 735 3034 808 ζηλώσας
3057 735 3144 791 ἐπὶ
3175 741 3242 811 τῇ
3274 737 3461 812 ἀφέσει
3487 743 3598 793 τῶν
3615 738 3798 815 ἁμαρ-

2132 828 2264 878 τιῶν
2294 825 2385 878 τὸν
2435 825 2738 900 ἄνθρωπον,
2797 826 3196 901 προστρίψηταί
3249 846 3399 889 τινας
3456 825 3637 890 αἰτίας
3684 832 3793 884 τῶν

2136 911 2545 986 ἁμαρτημάτων
2579 918 2699 979 τοῖς
2731 910 2955 979 δούλοις
2983 919 3079 969 τοῦ
3107 914 3265 970 Θεοῦ’
3300 915 3587 993 φρονίμως
3616 937 3801 987 πονη-

2137 1000 2451 1075 ρευόμενος,
2511 1003 2662 1065 ὅπως
2721 1000 2787 1074 δὴ
2846 1004 2933 1059 καὶ
2999 1002 3149 1058 αὐτοὶ
3193 1004 3567 1060 συνεκπέσοιεν
3620 1005 3794 1076 αὐτῷ.

2134 1087 2378 1146 Ἔδωκεν
2411 1088 2503 1145 οὖν
2534 1088 2713 1161 ἃλλην
2771 1090 2859 1147 ἐπὶ
2914 1096 3034 1155 τοῖς
3087 1092 3184 1148 κάν
3242 1095 3311 1166 τῇ
3360 1093 3536 1147 πίστει
3567 1094 3799 1167 rapini-

2134 1179 2331 1234 πτουσί
2359 1201 2467 1235 τινι
2500 1178 2812 1253 πλημμελή
2826 1201 2976 1255 ματι,
3009 1179 3315 1244 πολυὲλεος
3371 1177 3470 1251 ὤν,
3507 1184 3800 1254 μετάνοιαν

2138 1264 2412 1342 δευτέραν,
2442 1269 2509 1327 ἢν
2542 1270 2653 1342 (39)
2685 1266 2740 1323 εἷ’
2787 1290 2871 1334 τις
2928 1268 3300 1343 ὲκπειρασοείη
3340 1272 3474 1343 μετὰ
3518 1273 3622 1340 τήν
3654 1269 3803 1340 κλῆ-

372 1372 539 1422 actus
554 1372 611 1421 et
641 1364 854 1421 callide
880 1364 1529 1433 circumventus,unam
1556 1359 1750 1414 adhuc
1773 1374 1893 1412 non
1908 1373 2031 1428 pce-

2147 1377 2242 1426 σιν,
2282 1357 2520 1434 βιασθεὶς
2571 1354 2629 1413 δὲ
2684 1359 2799 1431 (40)
2828 1358 2920 1414 καὶ
2977 1358 3549 1436 κατασοφισθεὶς,μίαν
3579 1357 3663 1416 ἔτι
3702 1380 3801 1433 με-

371 1458 676 1512 nitendam
695 1456 991 1529 acceperit
1016 1455 1448 1528 pmnitentiam.
1472 1475 1499 1502 ))
1530 1452 1857 1506 Voluntaria
1881 1448 2027 1503 enim

2147 1444 2351 1500 τάνοιαν
2383 1445 2751 1517 ἀμετανόητον
2803 1442 2970 1521 λάϐῃ.
3032 1470 3061 1500 »
3121 1448 3420 1509 Ἑκουσίως
3452 1448 3557 1523 γὰρ
3620 1448 3804 1523 ἆμαρ-

370 1548 731 1617 peccantibus
762 1548 937 1608 nobis,
964 1552 1261 1615 postquam
1293 1543 1659 1613 acceperimus
1688 1537 2030 1609 agnitionem

2147 1534 2409 1589 tuvdnwv
2438 1538 2600 1607 ἡμῶν
2638 1536 2774 1608 μετὰ
2826 1536 2891 1591 τὸ
2949 1530 3137 1591 λαϐεῖν
3196 1538 3295 1606 τήν
3356 1535 3648 1611 ἐπίγνωσιν
3700 1541 3803 1607 τῆς

371 1635 640 1694 veritatis.
666 1652 777 1690 non
808 1636 1045 1705 amplius
1074 1635 1413 1702 relinquitur
1426 1648 1534 1701 pro
1556 1631 1800 1701 peccatis
1830 1630 2027 1694 hostia,

369 1725 464 1781 sed
490 1723 755 1778 terribilis
801 1724 1054 1793 qumdam
1104 1724 1440 1791 exspectatio
1488 1720 1714 1789 judicii,
1778 1723 1829 1771 et
1886 1716 2030 1771 zelus

370 1815 538 1882 ignis,
571 1813 671 1881 qui
695 1818 773 1866 est
802 1812 1168 1866 devoraturus
1217 1812 1561 1865 adversarios
1591 1808 1686 1878 (a).
1722 1806 2028 1861 Continuus

372 1906 572 1955 autem
603 1906 661 1955 et
699 1917 760 1956 se
800 1900 1061 1955 vicissim
1093 1899 1454 1970 excipientes
1512 1901 1757 1967 pr0pter
1788 1898 2030 1966 peccata

371 1990 759 2060 pcenitentiaa,
795 1988 946 2042 nihil
975 1988 1263 2043 differunt
1291 1987 1363 2042 ab
1394 1987 1466 2041 iis
1497 1986 1598 2056 qui
1630 1984 1877 2040 omnino
1907 1998 2027 2037 non

373 2077 776 2143 crediderunt,
812 2082 1209 2147 praeterquam
1239 2076 1299 2130 in
1333 2092 1399 2131 eo
1433 2075 1582 2142 solo,
1616 2072 1775 2146 quod
1803 2089 1862 2128 se
1894 2088 2033 2143 pec-

373 2183 509 2222 care
540 2172 892 2221 senserunt:
950 2183 1144 2237 neque
1203 2165 1325 2222 scio
1380 2171 1579 2220 utrum
1639 2163 1716 2218 sit
1770 2161 2031 2217 deterius

371 2255 810 2327 prudentemne
841 2271 908 2310 ac
942 2255 1231 2310 scientem
1266 2270 1614 2325 peccare,an
1639 2269 1773 2306 cum
1798 2267 1904 2322 pro
1936 2250 2028 2316 iis,

381 2360 513 2414 quae
564 2343 850 2415 peccavit,
909 2342 1260 2415 paenitentia
1315 2343 1526 2397 ductus
1575 2340 1775 2406 fuerit,
1825 2353 2034 2393 rursus

381 2449 648 2504 peccare.
674 2434 754 2487 Eo
786 2432 974 2499 enim,
998 2430 1155 2503 quod
1177 2431 1460 2501 utrinque
1490 2434 1792 2502 arguatur,
1824 2443 2031 2499 pecca-

382 2526 508 2577 tum
534 2527 817 2593 apparet;
847 2520 994 2575 illud
1028 2520 1289 2591 quidem,
1331 2518 1491 2590 quod
1520 2518 1663 2574 dum
1696 2519 1782 2585 ﬁt,
1814 2516 2033 2572 conde-

380 2615 626 2665 mnatur
650 2610 722 2665 ab
754 2609 882 2681 ipso
905 2615 1153 2665 auctore
1184 2608 1551 2679 iniquitatis:
1579 2609 1691 2663 hoc
1713 2604 2033 2676 vero,quod

377 2717 512 2756 cum
543 2704 863 2770 antequam
899 2700 1094 2766 ﬁeret,
1146 2703 1354 2753 auctor
1407 2697 1785 2769 praasciverit,
1830 2702 2032 2751 tamen

379 2789 718 2863 aggreditur
746 2795 814 2844 ut
843 2787 1288 2844 malum.Etille
1321 2787 1564 2857 quidem
1587 2786 1688 2840 irae
1705 2785 1957 2840 fortasse
1977 2789 2035 2839 et

379 2879 662 2950 voluptati
697 2877 1068 2948 obsequitur,
1101 2892 1227 2932 non
1250 2876 1532 2948 ignorans
1562 2874 1779 2945 quibus
1806 2873 2033 2947 gratifi-

381 2972 549 3023 cetur
582 2967 718 3022 :hic
747 2971 968 3032 autem,
1002 2965 1103 3037 qui
1135 2981 1272 3020 cum
1303 2964 1514 3019 ductus
1558 2964 1638 3019 sit
1664 2963 2033 3034 paenitentia,

381 3064 695 3129 propterea
715 3056 873 3127 quod
889 3056 965 3111 sit
993 3053 1603 3128 gratiﬁcatus,deinde
1616 3068 2037 3108 ruisusrecur-

380 3148 527 3203 rerit
555 3147 627 3202 ad
660 3146 1044 3217 voluptatem,
1074 3144 1127 3199 ei
1150 3144 1520 3216 propinquus
1551 3147 1660 3209 est,
1690 3142 1792 3213 qui
1814 3141 1885 3196 ab
1920 3141 2033 3195 ini-

2139 1620 2401 1692 ἀληθείας
2457 1623 2555 1677 οὐκ
2612 1621 2688 1677 ἔτι
2749 1623 2876 1700 περῖ
2917 1623 3198 1700 ἁμαρτιῶν
3227 1623 3589 1681 ἀπολείπεται
3623 1626 3803 1699 θυσία,

2139 1705 2347 1787 φοϐερὰ
2403 1708 2460 1767 δὲ
2517 1733 2599 1767 τις
2649 1710 2856 1788 ἐκδοχή
2907 1713 3160 1788 κρίσεως,
3219 1714 3312 1770 καὶ
3367 1714 3541 1790 πυρὸς
3601 1716 3800 1787 ζῆλος,

2139 1799 2333 1863 ἐσθίειν
2370 1797 2673 1875 μέλλοντος
2726 1801 2856 1864 τοὺς
2911 1802 3279 1867 ὑπεναντίους.
3334 1804 3403 1861 Αἰ
3435 1801 3494 1859 δὲ
3549 1810 3804 1880 συνεχεῖς

2138 1887 2227 1944 καὶ
2259 1888 2572 1962 ἐπάλληλοι
2626 1890 2714 1946 ἐπὶ
2743 1894 2862 1953 τοῖς
2894 1892 3252 1969 ἁμαρτήμασι
3300 1894 3608 1965 μετάνοιαι,
3645 1890 3804 1949 οὐδὶν

2137 1983 2244 2034 τῶν
2279 1981 2521 2052 καθάπαξ
2557 1983 2633 2054 μή
2683 1982 3119 2038 πεπιστευκότων
3171 1981 3539 2061 διαφέρουσιν,
3570 1983 3609 2054 ἢ
3647 1985 3805 2057 μόνῳ

2138 2071 2218 2140 τῷ
2248 2070 2622 2134 συναισθέσθαι
2656 2069 2740 2124 ὅτι
2796 2071 3182 2145 ἁμαρτάνουσι·
3243 2073 3333 2127 καὶ
3392 2072 3492 2128 οὐκ
3537 2071 3644 2128 οἶδ’
3675 2074 3806 2128 ὁπό-

2139 2178 2293 2234 τερον
2321 2160 2507 2223 αὐτοῖς
2540 2167 2753 2237 χεῖρον,
2785 2160 2821 2230 ἢ
2859 2162 2921 2216 τὸ
2979 2160 3162 2218 εῗδότα
3218 2164 3565 2237 ἁμαρτάνειν,
3629 2166 3665 2237 ἤ
3701 2186 3805 2238 μευ

2139 2253 2479 2321 τανοήσαντα
2519 2252 2601 2329 ἐφ’
2630 2252 2711 2314 οἷς
2752 2252 3016 2327 ἥμαρτεν,
3072 2251 3428 2327 πλημμελεῖν
3488 2253 3669 2320 αὖθιςο
3722 2260 3807 2328 τῷ

2143 2337 2465 2416 ἐλέγχεσθαι
2494 2341 2596 2416 γάρ
2655 2341 2982 2417 ἑκατέρωθεν
3041 2343 3077 2412 ἠ
3138 2343 3378 2415 ἁμαρτία
3430 2345 3708 2418 φαίνεται⁹
3769 2347 3806 2414 ἡ

2146 2429 2241 2501 μὶν
2301 2428 2390 2483 ἐπὶ
2437 2434 2521 2501 τῷ
2572 2432 2885 2504 πραχθῆναι
2940 2431 3464 2505 καταγινωσκομένη
3511 2432 3654 2506 πρὸς
3707 2437 3810 2488 τοῦ

2144 2515 2374 2592 ἐργάτου
2400 2525 2502 2587 τῆς
2536 2518 2785 2591 ἀνομίας,
2818 2521 2853 2589 ἡ
2886 2516 2945 2574 δὶ
3000 2520 3061 2574 τὸ
3094 2521 3555 2595 πραχθησόμενον
3598 2522 3810 2597 προγίε

2144 2607 2470 2675 νώσκοντος,
2502 2606 2578 2671 ὡς
2608 2606 2818 2685 φαῦλον
2872 2606 3315 2685 ἰπιχειροῦντος.
3345 2609 3446 2664 Καὶ
3477 2608 3539 2671 ὅς
3575 2609 3675 2682 μὲν
3710 2622 3814 2673 θυ-

2149 2700 2236 2769 μῷ
2268 2695 2546 2770 χαρίζεται
2590 2693 2727 2758 ’ίσως
2754 2696 2845 2752 καὶ
2892 2694 3094 2771 ἡδονῇ,
3126 2699 3233 2753 οὐκ
3261 2697 3468 2772 ἀγνοῶν
3499 2697 3615 2752 τίσι
3643 2698 3814 2775 χαρί-

2147 2791 2314 2854 ζεται,
2348 2784 2407 2847 ὃς
2436 2782 2493 2841 δὲ
2522 2786 2606 2860 ἔφ’
2654 2789 2736 2848 οἷς
2790 2785 3084 2861 ἐχαρίσατο
3116 2791 3412 2859 μετανοῶν,
3461 2789 3577 2843 εἶτα
3607 2785 3815 2844 παλιν-

2145 2871 2366 2949 δρομῶν
2410 2873 2563 2937 αὖθις
2611 2876 2688 2937 εἰς
2738 2873 2967 2947 ἡδονὴν,
3028 2875 3282 2933 συνάπτει
3338 2881 3418 2949 τῷ
3460 2878 3563 2947 τήν
3618 2878 3810 2952 ἀρχὴν

2143 2963 2411 3026 ἑκουσίως
2441 2963 2883 3038 ἐξαμαρτάνοντι·
2946 2964 3028 3042 ἐφ’
3082 2966 3130 3038 ᾧ
3183 2967 3287 3040 γάρ
3325 2986 3412 3028 τις
3445 2965 3807 3039 μετενόησεν,

2145 3049 2298 3115 αὖθις
2349 3055 2510 3108 τοῦτο
2551 3056 2748 3121 ποιῶν,
2812 3053 2874 3108 οὗ
2930 3052 3154 3129 πράσσει
3206 3054 3592 3129 κατεγνωκὼς,
3638 3058 3809 3111 τοῦτο

2148 3139 2286 3193 ἑκὼν
2337 3136 2596 3196 ἐπιτελεῖ.
2643 3140 2705 3197 Ὀ
2765 3140 2859 3212 μὲν
2910 3142 3021 3214 (41)
3070 3139 3187 3210 οὖν,
3240 3141 3291 3212 ἐξ
3346 3140 3508 3197 ἐθνῶν
3558 3143 3652 3197 καὶ
3712 3151 3817 3214 τῆς

378 3237 461 3291 tio
485 3241 691 3308 peccat
716 3207 1065 3289 voluntarie.
1089 3207 1280 3305 cujus
1292 3207 1453 3287 enim
1474 3207 1685 3287 ductus
1708 3207 1795 3286 est
1819 3230 2034 3302 aliquis

2149 3223 2521 3303 προϐιότητος
2553 3207 2886 3299 ἐκείνης-ἐπὶ
2917 3207 3041 3298 ’την
3098 3207 3289 3284 πίστιν*
3343 3232 3619 3303 ὁρμήσας,
3671 3207 3815 3304 ἅπαξ

378 3325 868 3397 pwnitentia,hoc
897 3340 1106 3378 rursus
1136 3320 1546 3392 faciens.quod
1576 3322 1639 3386 ’κ
1669 3337 1703 3376 a
1733 3337 1796 3374 se
1818 3318 2036 3375 conde-

380 3420 654 3471 mnatum
684 3412 817 3481 fuit,
847 3413 960 3469 hoc
992 3430 1099 3468 sua
1125 3416 1335 3483 sponte
1365 3411 1610 3483 peragit.
1635 3410 1741 3465 llle
1781 3425 1916 3481 ergo
1969 3425 2040 3464 ex

381 3502 656 3575 gentibus
690 3506 749 3555 et
777 3501 973 3572 priore
1006 3500 1110 3556 illa
1138 3501 1257 3555 vita
1280 3499 1354 3554 ad
1387 3498 1565 3553 (idem
1597 3515 1658 3552 se
1701 3497 2037 3567 conferens,

380 3589 800 3653 remissionem
822 3594 1199 3659 peccatorum
1232 3588 1520 3643 semelest
1534 3592 1917 3653 consecutus;
1944 3586 2039 3641 hic

381 3677 718 3749 autem,qui
751 3679 927 3732 etiam
961 3685 1167 3749 postea
1195 3678 1476 3750 peccavit,
1500 3677 1715 3733 deinde
1746 3676 2039 3749 pceniten-

381 3766 466 3821 tia
496 3766 1000 3834 ducitur,etiamsi
1032 3767 1267 3822 veniam
1298 3772 1673 3837 assequatur,
1697 3767 1877 3822 debet
1905 3781 2037 3819 eru-

381 3854 834 3925 bescere,utqui
851 3870 971 3909 non
984 3856 1242 3927 amplius
1274 3854 1504 3910 lavetur
1534 3854 1594 3909 in
1617 3854 2039 3909 remissionem

380 3949 780 4015 peccatorum.
816 3944 1059 4015 Oportet
1087 3943 1246 3998 enim
1276 3960 1399 3998 non
1431 3944 1625 3998 solum
1666 3943 1826 3997 idola
1854 3942 2041 3998 relin—

381 4047 721 4103 quere,qua3
753 4031 919 4103 prius
950 4049 1055 4103 pro
1105 4031 1219 4085 diis
1249 4030 1526 4101 habebat,
1562 4031 1664 4087 sed
1687 4031 1865 4087 etiam
1886 4030 2041 4086 facta

380 4121 598 4193 prioris
619 4120 771 4188 vitas,
804 4137 962 4185 eum,
996 4122 1093 4190 qui
1123 4136 1235 4174 non
1259 4127 1337 4175 est
1364 4137 1431 4174 ea:
1458 4121 1838 4190 sanguinibus,
1866 4137 2041 4190 neque

384 4227 453 4265 ea:
470 4210 752 4265 voluntate
784 4212 966 4265 carnis
1014 4210 1111 4279 (b),
1145 4208 1249 4263 sed
1281 4209 1342 4262 in
1376 4208 1589 4279 spiritu
1610 4214 1994 4281 regeneratur
2025 4226 2037 4263 :

383 4298 541 4371 quod
572 4298 813 4370 quidem
834 4304 960 4353 tum
985 4297 1185 4364 fuerit,
1206 4298 1253 4352 si
1278 4312 1589 4367 nunquam
1621 4298 1683 4353 in
1704 4298 1861 4353 idem
1875 4313 2040 4353 revo-

382 4387 544 4444 lutus
575 4394 910 4460 peccatum,
941 4386 1194 4443 ducatur
1214 4386 1581 4460 pmnitentia.
1610 4389 1712 4442 Est
1728 4387 1887 4443 enim
1908 4404 2041 4443 rur—

382 4495 483 4533 sus
515 4478 819 4534 meditatio
859 4482 1239 4549 peccatorum
1288 4493 1443 4548 saape
1475 4477 1846 4547 resipiscere,
1880 4483 1939 4533 et
1966 4478 2042 4533 ad

2142 3313 2333 3392 ἔτυχεν
2394 3313 2633 3395 ἀφέσεως
2692 3318 2995 3395 ἁμαρτιῶν·
3067 3319 3096 3373 ὁ
3166 3316 3224 3374 δὲ
3276 3321 3362 3375 καὶ
3441 3321 3579 3394 μετὰ
3640 3325 3815 3377 ταῦτα

2143 3407 2488 3482 ἁμαρτήσας,
2520 3407 2633 3461 εἶτα
2666 3411 2967 3480 μετανοῶν,
3001 3404 3097 3463 κᾶν
3141 3408 3467 3485 συηνῴμης
3498 3413 3815 3486 τυγγχάνῃ,

2144 3492 2411 3559 αἰδεῖσθαι
2442 3494 2672 3573 ὀφείλει,
2731 3494 2925 3569 μηκέτι
2984 3494 3286 3570 λουόμενος
3317 3500 3431 3571 (42)
3489 3497 3568 3560 εἷς
3620 3498 3815 3577 ἄφεσιν

2144 3584 2446 3658 ἁμαρτιῶν.
2481 3588 2573 3637 Δεῖ
2599 3584 2703 3659 γὰρ
2734 3583 2797 3638 οὗ
2831 3585 2898 3639 τὰ
2947 3581 3153 3639 ε’ίδωλα
3211 3584 3374 3658 μόνον
3402 3586 3750 3658 καταλιπεῖν,
3786 3589 3817 3642 ά

2144 3673 2407 3750 πρότερον
2442 3671 2760 3744 ἐξεθείαζεν,
2796 3671 2941 3729 ἀλλὰ
2995 3673 3089 3728 καὶ
3145 3673 3212 3729 τά
3267 3668 3395 3749 ἔργα
3447 3679 3548 3730 τοῦ
3605 3679 3815 3750 προτέ-

2147 3782 2242 3837 ρου
2281 3759 2425 3837 βίου,
2454 3760 2548 3817 τὸν
2608 3760 2712 3816 οὐκ
2760 3759 2811 3833 ἐξ
2874 3762 3141 3836 αἱμάτων,
3193 3760 3324 3819 οὐδὲ
3378 3762 3439 3819 ἐκ
3496 3765 3820 3839 θελήματος

2146 3851 2367 3925 σαρκὸς,
2425 3850 2478 3907 ἐν
2534 3851 2803 3925 πνεύματι
2856 3849 2914 3907 δὲ
2979 3853 3438 3929 ἀναγεννώμενον·
3522 3856 3661 3931 ὅπερ
3726 3857 3813 3929 ε’ἱη

2146 3938 2206 3995 ἂν
2237 3942 2299 3995 τὸ
2334 3941 2409 4016 μή
2444 3940 2520 4004 εἷς
2539 3942 2732 3996 ταυτὸν
2769 3942 3134 4018 ὑπενεχθέντα
3186 3941 3593 4019 πλημμέλημα
3647 3966 3817 4019 μετα-

2144 4032 2361 4095 νοῆσαι·
2401 4026 2603 4103 μελέτη
2635 4030 2738 4107 γάρ
2796 4026 3035 4104 ἔμπαλιν
3092 4033 3377 4105 ἁμαρτιῶν
3423 4032 3488 4087 τὸ
3528 4033 3814 4098 πολλάκις

2150 4125 2457 4194 μετανοεῖν,
2516 4118 2607 4175 καὶ
2661 4117 3047 4191 ἐπιτηδειότης
3091 4118 3168 4183 εἷς
3215 4120 3497 4196 εὐτρεψίαν
3568 4122 3622 4196 ἐξ
3682 4125 3817 4180 ἀνα-

2147 4207 2402 4280 σκησίας.
2434 4207 2667 4279 Δόκησις
2712 4209 2894 4265 τοίνυν
2949 4210 3262 4283 μετανοίας,
3302 4209 3363 4266 οὐ
3426 4214 3719 4285 μετάνοια,
3750 4217 3812 4269 τὸ

2146 4295 2421 4361 πολλάκις
2448 4298 2711 4361 αἰτεῖσθαι
2746 4298 3098 4374 συγγνώμην,
3157 4297 3240 4378 ἐφ’
3296 4300 3379 4362 οἷς
3432 4300 3813 4375 πλημμελοῦ·

2151 4407 2246 4462 μεν
2305 4380 2601 4465 πολλάκις·
2645 4387 2970 4459 Δικαιοσύνη
3005 4385 3063 4442 δὲ
3122 4386 3388 4462 ἆμώμους
3578 4391 3815 4465 ἁρθοτο-

2148 4481 2242 4550 μεῖ
2300 4473 2485 4545 ὁδοὺς,
2528 4476 2789 4554 κέκραγεν
2846 4478 2881 4548 ἡ
2934 4478 3150 4555 Γραφή.
3206 4477 3306 4532 Καὶ
3374 4476 3544 4534 πάλιν
3597 4478 3686 4550 αὖ,
3746 4480 3810 4538 Ἠ

378 4567 616 4623 facilem
646 4567 1043 4623 mutationem
1085 4566 1354 4638 aptitudo
1385 4582 1458 4621 ex
1488 4565 1725 4621 defectu
1754 4567 2034 4622 exercita-

2148 4569 2247 4620 τοῦ
2305 4564 2510 4620 ἀκάκου
2569 4568 2680 4639 (44)
2738 4562 3052 4637 δικαιοσύνη
3111 4567 3448 4642 κατορθώσει
3506 4569 3611 4637 τήν
3680 4568 3811 4626 ὁδὸν

449 4664 513 4728 >X<
541 4667 605 4722 P.
638 4668 741 4721 460
772 4662 887 4721 ED.
919 4666 1215 4736 POTTER,
1247 4665 1352 4721 387
1382 4666 1495 4721 ED.
1530 4665 1758 4721 PARIS.
1797 4669 1868 4734 (α)
1898 4665 2034 4721 Hebi

2151 4711 2164 4735 ,
2195 4665 2286 4735 26,
2316 4668 2404 4721 27.
2464 4665 2541 4737 (b)
2571 4666 2738 4721 Joan.
2770 4682 2808 4736 ι,
2844 4668 2931 4721 13.

452 4763 565 4834 (39)
621 4767 744 4818 Ἢν.
800 4764 972 4819 Forte
1031 4763 1414 4819 scribendum
1452 4758 1525 4815 ’ἶν’
1583 4759 1631 4816 e'i
1683 4759 1829 4830 ἐκπ.,
1874 4769 1939 4818 ut
1991 4767 2039 4821 si

383 4837 505 4906 quis
531 4842 654 4904 post
678 4837 1015 4890 vocationem
1047 4841 1286 4890 tentatus
1315 4837 1558 4904 fuerit...
1605 4835 1829 4891 unicam
1861 4835 2040 4891 adhuc

383 4906 581 4961 habent
606 4922 717 4960 non
766 4906 1151 4975 paenitentiam
1185 4906 1595 4976 paenitentiam.
1629 4907 1795 4962 Idem
1854 4908 2043 4962 sensit

385 4978 560 5030 etiam
591 4976 859 5031 Grabius.

474 5048 560 5112 40)
586 5046 671 5099 At.
722 5046 919 5101 Malim
950 5042 1042 5114 δή.

474 5053 560 5112 4ο)
586 5053 671 5099 At.
722 5053 919 5101 Malim
950 5053 1042 5114 δή.

444 5053 656 5242 [(41ΓΟ
693 5117 812 5187 μὲν.
850 5117 1132 5199 Origenes
1186 5122 1355 5198 tract.
1415 5121 1505 5186 35,
1557 5120 1619 5174 in
1675 5121 2040 5186 Matthzeum,

485 5192 617 5241 etur
646 5193 934 5242 astruere.
996 5189 1366 5242 1mnossxbile
1397 5206 1529 5242 esse
1562 5208 1685 5242 eos.
1747 5192 1849 5242 (mi
1908 5198 2040 5242 nost

384 5187 617 5242 videtur
646 5193 934 5263 astglere,
958 5187 1366 5263 '_i_mpossibil_e
1397 5206 1529 5263 esse
1562 5208 1685 5263 eos,
1747 5192 1849 5261 qui
1908 5198 2044 5263 post

387 5264 722 5333 susceptam
754 5258 1148 5333 Evangelicai
1176 5260 1618 5333 pradicationis
1674 5258 1929 5333 gratiam
1985 5268 2043 5318 et

389 5329 589 5403 ﬁdem,
622 5329 1062 5403 abnegaverunt
1090 5330 1415 5403 Christum,
1443 5329 1703 5403 rursum'
1741 5332 1815 5387 ad
1853 5334 2042 5403 paeni-

387 5400 634 5475 tentiam
664 5399 899 5475 reverti.
933 5406 991 5475 et
1020 5401 1251 5475 veniam
1303 5401 1504 5456 delicti
1553 5399 1894 5475 impetrare,
1937 5405 2038 5475 qui

385 5491 551 5529 error
580 5473 642 5528 in
674 5470 1013 5527 Novatianis
1045 5471 1358 5527 damnatus
1385 5474 1569 5526 est.Et
1598 5470 1755 5529 hunc
1778 5470 2040 5529 errorem

383 5545 617 5600 videtur
662 5543 932 5615 hausisse
965 5559 995 5597 e
1028 5542 1600 5615 scholanemeutis
1628 5545 2037 5614 Alexandrini,

386 5614 769 5689 praeceptoris
800 5614 890 5689 sui
927 5629 940 5669 :
974 5615 1024 5670 is
1056 5614 1216 5669 enim
1248 5614 1348 5668 lib.
1383 5631 1423 5689 ii
1446 5616 1704 5689 Stromat.
1730 5616 1877 5671 duas
1900 5622 2038 5672 tan-

386 5693 513 5743 tum
543 5687 924 5761 poenitentias
953 5704 1060 5758 per
1085 5702 1323 5742 omnem
1342 5688 1518 5742 vitam
1552 5687 1865 5743 admittere
1880 5689 2041 5743 vide-

2149 4769 2265 4831 tur,
2293 4762 2544 4839 alteram
2566 4768 2702 4839 ante
2732 4762 3117 4839 baptismum,
3134 4763 3388 4839 alteram
3419 4771 3578 4838 post,
3604 4766 3814 4839 plures

2152 4841 2351 4892 autem
2382 4834 2945 4907 minime.Caeterum
2966 4836 3250 4907 credibile
3268 4834 3506 4907 est,tam
3533 4834 3815 4895 Clemen-

2151 4912 2292 4993 t‘em,
2326 4923 2505 4977 quam
2536 4905 2847 4993 Qrigenem
2879 4906 3143 4993 noluisse
3174 4905 3593 4993 pcenitentiam
3624 4911 3814 4993 lapsis

2152 4977 2577 5059 denegaresed
2595 4977 2909 5059 peccantes
2926 4994 2961 5035 a
2977 4977 3306 5059 relapsu_d_e
3310 4987 3539 5059 terrere
3552 4977 3816 5059 voluisse

2151 5050 2246 5177 gis
2276 5048 2470 5105 dictis.
2503 5048 2698 5105 Sixtus
2729 5050 2943 5106 Senen.
2977 5048 3080 5105 lib.
3100 5048 3166 5107 τι
3196 5052 3557 5110 Bibliotheca
3579 5058 3817 5110 and”.

2195 5138 2417 5177 OLLECT.

2195 5138 2417 5178 OLLECT.

2223 5194 2334 5264 (42)
2369 5187 2699 5267 {modus-tog.
2735 5193 2956 5267 Nempe
2991 5209 3163 5267 aqua
3217 5193 3584 5267 baptismali.
3644 5196 3814 5253 Conf.

2153 5281 2283 5335 quae
2316 5263 2621 5335 adnotavit
2639 5263 2968 5335 Cotelerius
2988 5263 3312 5322 in’Hermaa'
3328 5266 3431 5321 lib.
3455 5268 3736 5334 n,mand.
3760 5270 3814 5323 -ί,

2222 5336 2335 5411 (ti-3)
2365 5333 2699 5411 ΔικαιοσύνηΔ
2753 5330 3187 5411 δ”.άμώλμουςμ
3230 5339 3398 5411 Vulg.
3457 5330 3611 5394 Bibl.
3668 5342 3818 5395 Pro-

2150 5401 2426 5480 verbfil,
2460 5401 2771 5480 δικαιοσῦνη
2798 5401 2855 5460 δέ
2876 5401 3136 5480 άμῶμου.
3171 5401 3445 5465 ΞηΒυῖιϐ.

2222 5478 2420 5550 (44)ἹΙ
2478 5480 2576 5531 τοῦ
2615 5476 2837 5534 ἀκάκον.
2898 5476 3031 5534 Haec
3089 5482 3386 5536 sententia
3424 5479 3692 5552 pertinet
3741 5481 3816 5537 ad

2149 5551 2558 5634 Ριιρνηιιιηκείξἒ
2592 5552 2734 5605 Eam
2765 5551 3068 5634 [minantis
3110 5552 3316 5634 codex,
3379 5551 3443 5634 et
3487 5560 3818 5634 p_ost_eu_m

2148 5621 2713 5695 vulgatmeditiones
2731 5623 2838 5674 τῶν
2863 5620 2920 5695 Ο’
2952 5620 3341 5695 interpretum
3368 5620 3818 5695 desiderantln

2151 5692 2553 5748 Alexandrino
2588 5698 2645 5747 et
2674 5692 3081 5764 Complutensi
3109 5692 3307 5751 —codd.
3365 5694 3475 5750 hoc
3508 5696 3688 5752 modo
3723 5714 3818 5752 es-
