4050 6188
385 362 519 420 1011

1616 355 2030 420 ΟιΕΜΒΝἹἹΒ
2067 350 2574 416 ALEXANDRINI

3677 354 3825 409 1012

387 488 478 564 οῦν
516 486 605 542 καὶ
628 489 882 564 ,πίστεσιν
912 484 1369 563 ἀποκαθαίρονται
1403 486 1685 564 άμαρτίαι·
1706 491 1786 560 τῷ
1817 483 1873 541 δὲ
1903 479 2060 560 φόϐῳ
2079 479 2282 559 Κυρίου
2314 478 2549 535 ζκκλίνει
2574 482 2679 538 πᾶς
2707 476 2812 532 ἀπὸ
2839 477 3031 533 κακοῦ.
3068 471 3254 541 Φόϐος
3285 473 3344 533 δὲ
3376 475 3579 552 Κυρίου
3603 473 3823 534 παιδεία

386 561 478 616 καὶ
512 559 692 636 σοφία.

1892 673 2124 730 CAPUT
2170 671 2313 726 XVI.

860 795 1134 858 Quomodo
1166 793 1285 849 loca
1319 794 1378 849 S.
1410 794 1712 863 Scriptura
1742 789 2069 862 exponenda
2094 793 2222 843 sunt
2247 802 2368 858 quae
2390 786 2620 855 affectus
2642 785 2906 841 humanos
2927 787 3036 841 Deo
3066 787 3338 841 tribuunt.

467 931 571 985 Hic
602 947 809 984 rursus
859 928 1206 984 exoriuntur
1243 932 1638 995 accusatores,
1669 925 1952 998 gaudium
1983 926 2043 977 et
2069 923 2126 990 Α

395 1019 698 1074 tristitiam
731 1019 996 1073 dicentes
1025 1035 1155 1073 esse
1187 1018 1369 1072 animi
1403 1017 1730 1089 passiones.
1756 1013 2046 1069 Gaudium

396 1109 556 1163 enim
576 1107 872 1162 definiunt
888 1105 1209 1162 elationem
1228 1107 1445 1162 rationi
1469 1109 1964 1169 consentaneam;
1990 1105 2049 1156 et

396 1195 680 1266 exultare,
742 1201 984 1268 prOpter
1052 1213 1141 1262 ea,
1197 1213 1328 1267 qua;
1387 1201 1526 1251 sunt
1579 1195 1757 1258 bona,
1817 1193 2043 1258 laetari;

391 1285 454 1349 ᾖ(
472 1285 945 1341 misericordiam
959 1291 1179 1355 autem,
1196 1285 1497 1340 tristitiam
1511 1289 1751 1356 propter
1771 1299 1906 1337 eum
1919 1328 1931 1349 ,
1945 1281 2047 1351 qui

395 1375 637 1448 indigne
676 1375 834 1431 mala
861 1377 1083 1447 patitur
1109 1395 1124 1443 ;
1152 1375 1365 1431 animm
1390 1379 1588 1430 autem
1613 1373 1970 1428 mutationes
1992 1375 2051 1426 et

392 1465 875 1538 perturbationes
907 1482 1035 1520 esse
1064 1483 1153 1536 ea,
1197 1481 1327 1534 quze
1380 1469 1518 1518 sunt
1567 1461 1880 1535 ejusmodi.
1935 1461 2049 1516 Nos

394 1559 615 1622 autem,
649 1560 713 1610 ut
742 1553 990 1622 videtur,
1015 1570 1134 1608 non
1158 1569 1462 1608 cessamus
1487 1552 1818 1624 Scripturas
1843 1566 2050 1605 carna-

393 1643 532 1697 liter
557 1643 909 1715 intelligere,
955 1647 1013 1696 et
1043 1659 1114 1697 ex
1144 1641 1369 1697 nostris
1402 1640 1590 1696 animi
1637 1639 2051 1695 affectionibus

393 1730 654 1798 abducti,
691 1731 791 1784 Dei
824 1730 1174 1802 impatibilis
1196 1730 1559 1786 voluntatem
1593 1727 1812 1782 nostris
1837 1727 2053 1782 motio-

397 1819 575 1873 nibus
608 1819 863 1873 similem
897 1819 1260 1876 existimare.
1291 1818 1458 1885 Quod
1489 1819 1536 1873 si
1568 1834 1664 1873 res
1697 1818 1781 1873 ita
1828 1832 1958 1873 esse
1992 1815 2051 1870 in

399 1909 793 1980 omnipotenti
819 1909 934 1964 Deo
956 1909 1571 1980 existimamus,prout
1593 1925 1702 1963 nos
1729 1923 1828 1963 eas
1849 1905 2054 1962 audire

396 2004 456 2052 et
485 1997 789 2070 percipere
820 1998 1105 2067 valemus,
1141 1998 1321 2070 impie
1373 2014 1663 2053 erramus.
1717 1999 1842 2052 Non
1893 1995 2053 2050 enim

393 2087 568 2156 Deus,
601 2092 778 2158 prout
808 2086 868 2140 in
903 2103 962 2141 se
996 2093 1105 2157 est,
1141 2087 1404 2141 enarrari
1437 2085 1669 2156 potuit;
1707 2084 1811 2139 sed
1841 2089 1906 2139 ut
1945 2100 2054 2138 nos

400 2175 604 2229 audire
627 2181 990 2246 poteramus,
1016 2175 1114 2246 qui
1136 2192 1312 2230 carne
1338 2191 1576 2229 eramus
1598 2173 1927 2246 illigati,ita
1949 2189 2058 2227 no-

403 2263 496 2319 bis
526 2269 666 2318 sunt
695 2264 875 2319 locuti
904 2265 1228 2335 prophetas,
1263 2263 1514 2318 Domino
1543 2281 1604 2317 se
1630 2261 1947 2317 salubriter
1966 2278 2058 2316 ac-

411 2353 826 2408 commodante
858 2369 925 2407 ac
947 2353 1293 2407 demittente
1315 2351 1389 2407 ad
1411 2351 1722 2406 hominum
1741 2349 2060 2406 imbecilli-

409 2446 612 2496 tatem.
645 2442 934 2508 Quoniam
965 2441 1142 2514 igitur
1168 2446 1258 2496 est
1289 2441 1387 2496 Dei
1420 2439 1714 2505 voluntas,
1768 2445 1833 2494 ut
1863 2456 2056 2494 serve-

405 2537 505 2587 tur
535 2532 605 2599 is,
639 2531 738 2602 qui
770 2536 937 2602 paret
966 2530 1299 2602 praaceptis,
1334 2535 1390 2585 et
1413 2546 1656 2584 suorum
1680 2534 2059 2600 peccatorum

408 2621 645 2676 ducitur
673 2620 1059 2692 pcenitentia;
1094 2637 1202 2675 nos
1234 2625 1433 2675 autem
1463 2619 1789 2692 gaudemus
1819 2623 2060 2690 propter

402 2715 669 2765 nostram
701 2710 951 2765 salutem
981 2729 994 2779 ;
1029 2716 1294 2764 nostram
1340 2709 1628 2776 laetitiam,
1662 2708 1774 2763 sibi
1809 2712 1874 2762 ut
1922 2724 2056 2779 pro-

402 2800 595 2871 priam
627 2799 896 2854 attribuit
926 2799 1233 2867 Dominus,
1270 2798 1370 2869 qui
1393 2797 1628 2854 locutus
1653 2802 1741 2852 est
1771 2798 1922 2852 που
1954 2813 2060 2868 per

399 2889 722 2960 prophetas
745 2905 756 2942 :
779 2887 1283 2960 quemadmodum
1302 2887 1560 2941 humane
1574 2886 1778 2941 dicens
1798 2886 1856 2940 in
1870 2888 2060 2940 Evan-

400 2978 554 3050 gelio
581 2995 593 3032 :
624 3000 652 3028 «
687 2980 926 3046 Esurivi,
959 2984 1010 3032 et
1038 2978 1265 3032 dedistis
1297 2977 1435 3031 mihi
1481 2976 1816 3031 manducare
1841 2994 1857 3033 :
1887 2977 2057 3043 sitivi,

403 3074 454 3123 et
483 3068 710 3123 dedistis
741 3066 880 3122 mihi
911 3067 1131 3131 bibere;
1161 3066 1310 3137 quod
1341 3067 1485 3121 enim
1515 3067 1615 3120 uni
1645 3066 1837 3121 horum
1886 3067 2055 3120 minio

398 3174 612 3212 morum
626 3159 857 3226 fecistis,
878 3157 1014 3210 mihi
1033 3157 1242 3225 fecistis
1261 3157 1359 3227 (a).
1384 3154 1896 3220 Quemadmodum
1918 3170 2054 3226 ergo

399 3246 680 3311 nutritur,
715 3245 817 3316 qui
849 3262 969 3300 non
1002 3245 1286 3311 nutritur,
1314 3249 1632 3315 propterea
1656 3243 1816 3314 quod
1844 3244 1920 3298 sit
1949 3259 2058 3297 nu-

401 3335 578 3389 tritus
612 3334 684 3401 is,
719 3351 898 3404 quem
948 3333 1127 3388 velit:
1181 3334 1263 3387 ita
1311 3333 1533 3403 absque
1587 3332 1914 3386 mutatione
1961 3347 2059 3404 ga-

402 3423 562 3477 visus
635 3429 744 3478 est.
819 3427 1130 3494 propterea
1204 3420 1362 3492 quod
1419 3421 1632 3493 gaudio
1685 3423 1928 3476 affectus
1986 3421 2063 3475 sit

405 3511 477 3577 is,
512 3511 612 3581 qui
659 3511 1010 3581 pmnitentia
1063 3511 1274 3566 ductus
1325 3517 1434 3577 est,
1487 3516 1552 3564 ut
1598 3510 1849 3565 volebat°
1901 3511 2058 3575 Quo-

409 3599 570 3654 niam
602 3605 800 3654 autem
832 3600 1054 3654 affatim
1086 3600 1405 3654 miseretur
1435 3601 1612 3666 Deus,
1663 3616 1799 3655 cum
1849 3599 1925 3654 sit
1953 3599 2061 3654 bo-

408 3704 543 3754 nus,
580 3693 638 3741 et
684 3692 980 3758 praecepta
1028 3687 1176 3742 dans
1219 3704 1325 3758 per
1369 3687 1559 3760 legem
1612 3694 1670 3744 et
1716 3689 2060 3760 prophetas,

409 3782 469 3830 et
492 3776 621 3847 jam
654 3775 1051 3846 propinquius
1101 3791 1206 3846 per
1254 3775 1384 3829 Filii
1434 3776 1774 3844 adventum,
1826 3793 2065 3833 servans

411 3870 470 3919 et
497 3864 787 3918 miserans
820 3880 942 3930 eos,
979 3862 1080 3933 qui
1113 3864 1585 3919 misericordiam
1634 3865 2060 3922 obtinuerunt:

409 3957 468 4008 et
505 3953 744 4024 proprie
795 3952 1113 4006 miseretur
1159 3952 1352 4023 major
1395 3952 1682 4022 minoris;
1730 3954 1906 4010 homo
1955 3972 2063 4010 au-

408 4048 529 4098 tem
561 4059 679 4098 non
705 4049 795 4097 est
825 4042 1066 4097 homine
1091 4043 1300 4113 major,
1327 4050 1620 4114 quatenus
1643 4053 1732 4100 est
1750 4047 1951 4114 homo,
1977 4053 2067 4102 est

410 4138 608 4190 autem
643 4135 795 4188 Deus
844 4132 1083 4186 homine
1132 4133 1326 4203 major
1369 4133 1431 4186 in
1482 4135 1876 4190 omnibus:si
1927 4152 2063 4207 ergo

410 4223 512 4294 qui
533 4227 623 4277 est
649 4222 860 4292 major,
885 4220 1204 4274 miseretur
1221 4221 1492 4289 minoris,
1518 4222 1679 4276 solus
1704 4223 1855 4277 Deus
1877 4225 2066 4278 nostri

409 4311 810 4369 miserebitur.
841 4311 1026 4364 Homo
1060 4310 1220 4364 enim
1245 4309 1497 4382 justitiae
1523 4311 1742 4382 regulis
1763 4317 1930 4382 paret
1959 4329 2066 4367 sua

412 4402 672 4458 libenter
701 4400 1173 4467 communicans,
1205 4405 1264 4455 et
1290 4416 1358 4454 ea
1384 4399 1667 4471 impertit.
1702 4418 1834 4472 quae
1883 4419 1917 4458 a
1946 4403 2062 4458 Deo

410 4491 657 4562 accepit,
692 4494 751 4544 et
778 4494 1022 4560 propter
1072 4487 1408 4544 naturalem
1457 4488 1958 4555 benevolentiam,
2008 4496 2066 4546 et

409 4585 653 4652 propter
679 4585 994 4650 praecepta,
1029 4578 1246 4648 quibus
1269 4584 1458 4649 paret.
1493 4579 1646 4634 Deus
1675 4585 1873 4636 autem
1928 4579 2066 4635 nul-

410 4669 530 4724 lam
561 4668 741 4723 habet
765 4668 828 4722 in
851 4684 962 4722 nos
994 4667 1327 4723 naturalem
1353 4667 1768 4724 habitudinem
1793 4687 1898 4726 seu
1919 4670 2068 4725 rela-

409 4758 660 4827 tionem,
693 4761 759 4811 ut
787 4757 995 4811 volunt
1024 4755 1343 4811 haaresium
1376 4757 1715 4814 conditores
1746 4775 1759 4827 ;
1789 4775 1983 4831 neque
2015 4759 2063 4814 si

2225 918 2492 974 Ἐνταῦθα
2542 916 2706 972 πάλιν
2769 916 3092 995 ἐπιφύονται
3144 918 3194 972 οἱ
3252 920 3582 995 κατήγοροι,
3646 920 3822 995 χαρὰν

2151 1006 2240 1062 καὶ
2275 1005 2455 1077 λύπην
2489 1007 2632 1076 πάθη
2677 1009 2866 1081 ψυχῆς
2916 1004 3193 1081 λέγοντες·
3253 1009 3351 1077 τήν
3401 1008 3499 1080 μὶν
3548 1008 3657 1084 γὰρ
3723 1029 3829 1083 χα-

2152 1096 2249 1172 ρὰν
2283 1092 2511 1169 εὔλογον
2539 1092 2762 1168 ἔπαρσιν
2811 1091 3165 1165 ἀποδιδόασι,
3213 1095 3304 1150 καὶ
3360 1097 3423 1150 τὸ
3482 1093 3827 1172 ἀγάλλεσθαι

2151 1185 2363 1260 χαίρειν
2399 1184 2486 1239 ἐπὶ
2515 1182 2732 1245 καλοῖς·
2765 1184 2828 1238 τὸ
2889 1181 2946 1238 δὲ
3003 1182 3158 1248 ἔλεος
3215 1183 3395 1256 λύπην
3452 1184 3543 1240 ἐπὶ
3592 1186 3828 1256 ἀναξίως

2151 1275 2572 1329 κακοπαθοῦντι·
2615 1274 2827 1350 τροπὰς
2888 1270 2946 1328 δὲ
3002 1274 3135 1328 εἶναι
3201 1276 3388 1350 ψυχῆς
3421 1274 3512 1331 καὶ
3563 1277 3716 1347 πάθη
3764 1277 3830 1331 τὰ

2151 1366 2396 1419 τοιαῦτα.
2455 1363 2648 1434 Ἡμεῖς
2705 1359 2785 1431 Si,
2869 1362 2944 1424 ὡς
3002 1358 3204 1433 ἔοικεν,
3263 1364 3325 1418 οὗ
3410 1364 3706 1439 παυόμεθα
3763 1367 3832 1420 τά

2150 1456 2376 1508 τοιαῦτα
2431 1454 2704 1524 σαρκικῶς
2779 1454 3027 1512 νοοῦντες
3087 1451 3184 1514 τὰς
3261 1454 3509 1531 Γραφὰς,
3569 1453 3660 1508 καὶ
3722 1455 3829 1509 ἀπὸ

2153 1547 2261 1597 τῶν
2293 1538 2575 1616 ἡμετέρων
2633 1542 2817 1595 παθῶν
2881 1540 3229 1618 ἀναγόμενοι,
3285 1543 3348 1598 τὸ
3411 1543 3679 1620 βούλημα
3733 1549 3831 1600 τοῦ

2155 1630 2396 1694 ἀπαθοῦς
2443 1632 2576 1685 Θεοῦ
2655 1629 2870 1702 ὁμοίως
2951 1634 3070 1692 τοῖς
3157 1628 3468 1704 ἡμεδαποῖς
3521 1635 3831 1706 κινήμασιν

2156 1717 2610 1792 ἀπεκδεχόμενοι.
2665 1719 2756 1781 Ὠς
2814 1716 2859 1773 δ’
2919 1720 3086 1792 ἡμεῖς
3121 1719 3348 1775 ὰκοῦσαι
3381 1717 3622 1794 δυνατοὶ,
3652 1723 3832 1784 οὕτως

2157 1805 2302 1883 ἔχειν
2337 1807 2425 1863 ἰπὶ
2455 1811 2552 1862 τοῦ
2583 1807 3028 1881 παντοκράτορος
3088 1807 3595 1882 ὑπολαμοάνοντες,
3656 1811 3832 1877 ἀθέως

2155 1896 2512 1970 πλανώμεθα.
2545 1896 2622 1954 Οὐ
2653 1896 2752 1973 γὰρ
2787 1897 2860 1959 ὡς
2892 1893 3008 1973 ἔχει
3057 1898 3121 1953 τὸ
3155 1904 3333 1967 Θεῖον,
3388 1899 3561 1962 οὕτως
3595 1902 3717 1956 οἷόν
3770 1923 3829 1957 τε

2157 1987 2224 2056 ἦν
2253 1985 2523 2063 λέγεσθαιο
2557 1982 2686 2041 ἀλλ’
2715 1985 2790 2047 ὡς
2847 1986 2960 2041 οἷόν
3019 2008 3080 2041 τε
3136 1988 3203 2056 ἦν
3237 1987 3442 2044 ἐπαΐειν
3469 1993 3620 2063 ἡμᾶς
3662 1991 3828 2067 σαρκὶ

2159 2071 2598 2147 πεπεδημένους,
2658 2073 2833 2135 οὕτως
2889 2077 3024 2146 ἡμῖν
3077 2073 3358 2146 ἐλάλησαν
3411 2079 3463 2132 οἱ
3517 2086 3830 2156 προφῆται,

2161 2163 2710 2241 συμπεριφερομὲνου
2743 2163 3031 2238 σωτηρίως
3078 2167 3148 2238 τῇ
3197 2170 3305 2220 τῶν
3338 2167 3645 2243 ἀνθρώπων
3668 2169 3836 2223 ἀσθε-

2164 2251 2281 2324 νείᾳ
2335 2255 2432 2307 τοῦ
2490 2252 2712 2327 Κυρίου.
2773 2253 2921 2307 Ἐπεὶ
2974 2253 3156 2308 τοίνυν
3230 2255 3492 2329 βούλημά
3556 2256 3674 2312 ἐστι
3731 2262 3835 2312 τοῦ

2168 2345 2301 2396 Θεοῦ
2333 2343 2594 2410 σώζεσθαι
2623 2341 2715 2397 τὸν
2749 2346 2867 2404 ταῖς
2918 2341 3170 2406 ἐντολαῖς
3227 2346 3508 2415 πειθήνιον
3539 2345 3635 2401 τόν
3687 2367 3749 2401 τε
3779 2347 3837 2402 ἐκ

2165 2435 2273 2486 τῶν
2318 2432 2728 2507 ἁμαρτημάτων
2784 2437 3166 2504 μετανοοῦντα,
3229 2435 3497 2510 χαίρομεν
3555 2435 3615 2491 δὶ
3667 2440 3838 2510 ἡμεῖς

2168 2519 2255 2574 ἐπὶ
2290 2519 2358 2594 τῇ
2387 2520 2633 2596 σωτηρίᾳ
2679 2523 2862 2595 ἡμῶν
2917 2523 2978 2576 τὸ
3031 2523 3234 2598 χαρτὸν
3293 2527 3454 2597 ἡμῶν
3512 2523 3834 2597 ὶξιδοποιήσ

2170 2633 2297 2667 σατο
2329 2614 2357 2668 ὁ
2387 2610 2475 2668 διὰ
2525 2617 2634 2668 τῶν
2689 2617 2988 2691 προφητῶν
3046 2613 3297 2686 λαλήσας
3329 2616 3554 2693 Κύριος
3587 2620 3837 2692 καθάπερ

2167 2703 2220 2758 ἐν
2269 2707 2346 2775 τῷ
2400 2701 2726 2778 Εὔαγγελίῳ
2774 2702 3180 2782 φιλανθρώπως
3257 2704 3451 2781 λέγων·
3513 2707 3829 2779 Ἐπείνασα,

2167 2791 2256 2848 καὶ
2314 2789 2551 2847 ἐδώκατέ
2629 2813 2723 2864 μοι
2800 2798 3010 2870 φαγεῖν·
3070 2791 3324 2868 ἐδίψησα,
3408 2797 3498 2850 καὶ
3561 2793 3839 2852 ἐδώκατιε

2171 2888 2430 2956 μοιπιεῖν
2469 2886 2601 2956 (99)’
2637 2882 2792 2959 ὅγὰρ
2844 2883 2919 2938 ἑνὶ
2970 2882 3176 2940 τούτων
3239 2888 3317 2958 (1)
3369 2891 3476 2941 τῶν
3519 2886 3838 2962 ἐλαχίστων

2166 2974 2528 3043 πεποιήκατε,
2589 2970 2714 3046 ἐμοί
2768 2975 3126 3045 πεποιήκατε.
3183 2976 3386 3046 Ὥσπερ
3445 2973 3538 3031 οὖν
3584 2977 3840 3054 τρέφεται

2173 3063 2249 3134 μὴ
2301 3061 2643 3137 τρεφόμενος
2702 3058 2792 3116 διὰ
2848 3063 2910 3117 τὸ
2973 3063 3271 3140 τετράφθαι
3335 3064 3499 3139 ὅνπερ
3573 3067 3843 3142 βούλεται

2170 3150 2343 3214 οὕτως
2373 3150 2547 3226 ἐχάρη
2588 3153 2663 3224 μὴ
2693 3153 2945 3228 τραπεὶς,
2982 3150 3072 3207 διὰ
3129 3154 3194 3209 τὸ
3253 3153 3306 3208 ἐν
3362 3153 3509 3229 χαρᾷ
3561 3159 3831 3231 γεγονὲνα

2165 3240 2256 3294 τὸν
2293 3239 2728 3312 μετανενοηκότα
2786 3241 2862 3302 ὡς
2915 3236 3196 3300 ἐϐούλετο,
3254 3245 3400 3298 Ἐπεὶ
3462 3241 3520 3298 δὲ
3549 3244 3841 3309 πλουσίως

2167 3327 2309 3384 ἐλεεῖ
2337 3329 2537 3404 ἀγαθὸς
2566 3323 2639 3382 ὤν
2676 3329 2702 3383 ὁ
2731 3330 2885 3400 Θεὸς,
2946 3331 3042 3392 τάς
3099 3351 3159 3385 τε
3215 3329 3440 3393 ἐντολὰς
3498 3330 3715 3403 διδοὺς,
3750 3333 3841 3389 διὰ

2168 3417 2343 3491 νόμου
2375 3418 2463 3472 καὶ
2497 3415 2588 3472 διὰ
2613 3423 2940 3496 προφητῶν,
2995 3418 3084 3474 καὶ
3129 3421 3567 3498 προσεχὲστερον
3599 3422 3715 3495 ἤδη
3750 3422 3841 3479 διὰ

2166 3513 2265 3577 τῆς
2292 3510 2394 3562 τοῦ
2426 3507 2554 3560 Υἱοῦ
2595 3506 2918 3581 παρουσίας,
2979 3509 3167 3578 σώζων
3228 3511 3319 3564 καὶ
3369 3509 3559 3582 ἐλεῶν,
3621 3513 3704 3575 ὡς
3761 3512 3836 3567 εἴ·

2173 3615 2358 3672 ρηται,
2390 3595 2518 3659 τοὺς
2546 3595 2912 3670 ἠλεημένους’
2967 3597 3172 3672 κυρίως
3226 3619 3287 3653 τε
3317 3598 3459 3655 ἐλεεῖ
3488 3601 3516 3654 ὁ
3566 3602 3833 3675 κρείττων

2172 3685 2264 3740 τὸν
2293 3683 2529 3740 ἰΛάσσω·
2563 3684 2653 3740 καὶ
2712 3685 2976 3761 κρείττων
3038 3687 3132 3760 μὲν
3191 3685 3477 3762 ἄνθρωπος
3535 3689 3837 3764 ἀνθρώπου

2173 3774 2272 3830 οὐκ
2301 3773 2361 3829 ἄν
2396 3771 2504 3845 εἶἠ,
2562 3775 2695 3830 καθὸ
2755 3772 3042 3850 ἅνθρωπος
3093 3777 3342 3854 πέφυκεν·
3401 3778 3665 3852 κρείττων
3698 3777 3758 3836 δὲ
3807 3783 3836 3836 ὁ

2173 3865 2302 3927 Θεὸς
2331 3867 2430 3919 τοῦ
2458 3863 2746 3939 ἀνθρώπου
2801 3864 2938 3920 κατὰ
2991 3866 3184 3920 πάντα·
3246 3865 3295 3921 εἴ
3347 3866 3530 3923 τοίνυν
3565 3870 3595 3924 ὁ
3644 3872 3836 3944 κρείτ-

2169 3974 2276 4008 των
2302 3952 2394 4008 τὸν
2453 3952 2606 4023 ἥσσω
2671 3952 2834 4022 ἐλεεῖ,
2889 3952 3054 4026 μόνος
3112 3956 3260 4026 ἡμᾶς
3319 3957 3348 4010 ὁ
3400 3957 3530 4019 Θεὸς
3591 3956 3838 4029 ἐλεήσειο

2172 4045 2492 4104 γοινωνικὸς
2528 4043 2622 4115 μὶν
2643 4042 2745 4118 γὰρ
2796 4042 3085 4118 ἅνθρωπος
3141 4043 3244 4098 ὑπὸ
3303 4043 3658 4118 δικαιοσύνης
3689 4049 3838 4121 γίνε-

2169 4152 2279 4200 ται,
2309 4132 2397 4186 καὶ
2431 4129 2790 4204 μεταδίδωσιν
2819 4132 2892 4186 ὦν
2927 4127 3089 4187 ἔλαϐε
3120 4135 3266 4208 παρᾶ
3291 4138 3388 4189 τοῦ
3411 4140 3509 4190 τοῦ
3535 4141 3701 4208 Θεοῦ,
3744 4135 3835 4193 διά

2169 4240 2228 4274 τε
2285 4222 2515 4294 φυσικὴν
2567 4217 2777 4275 εὔνοιαν
2835 4220 2926 4274 καὶ
2978 4221 3162 4295 σχέσιν
3211 4220 3300 4277 διά
3355 4244 3412 4279 τε
3458 4224 3553 4288 τὰς
3610 4224 3843 4289 ἐντολὰς

2169 4313 2257 4373 αἷς
2287 4311 2548 4376 πείθεται.
2595 4314 2657 4370 Ὀ
2689 4312 2818 4376 Θεὸς
2875 4307 2934 4366 δὶ
2990 4309 3252 4385 οὐδεμίαν
3314 4309 3430 4389 ἔχει
3489 4318 3628 4390 πρὸς
3684 4319 3839 4390 ἡμᾶς

2173 4401 2405 4477 φυσικὴν
2437 4400 2646 4472 σχέσιν,
2679 4401 2755 4464 ὡς
2813 4401 2865 4455 οἱ
2912 4405 3020 4455 τῶν
3079 4401 3337 4478 αἱρέσεων
3396 4403 3606 4460 κτίσται
3641 4404 3839 4470 θὲλουο

2173 4511 2280 4558 σιν,
2310 4489 2423 4546 οὔτ’
2455 4489 2501 4546 εἶ
2533 4490 2593 4546 ἐκ
2625 4491 2702 4564 μή
2739 4485 2907 4544 ὄντων
2958 4489 3172 4561 ποιοίη,
3230 4490 3340 4546 οὔτ’
3401 4492 3446 4547 εί
3480 4493 3532 4563 ἐξ
3564 4492 3710 4566 ὕλης
3784 4497 3845 4568 (2

2173 4576 2572 4654 δημιουργοίψ
2609 4578 2725 4636 ἐπεὶ
2753 4579 2816 4634 τὸ
2871 4581 2967 4652 μὶν
3023 4578 3137 4633 οὔθ’
3184 4577 3332 4643 ’ὀλως
3387 4582 3470 4655 ὃν,
3512 4585 3546 4653 ἡ
3581 4581 3638 4638 δὶ
3699 4585 3840 4640 κατὰ

2170 4670 2344 4723 πάντα
2376 4669 2530 4742 ἑτέρα
2583 4667 2847 4744 τυγχάνει
2901 4671 3001 4722 τοῦ
3057 4672 3212 4723 Θεοῦ·
3274 4669 3320 4725 εἰ
3383 4673 3460 4744 μή
3517 4693 3603 4735 τις
3668 4675 3840 4748 μέρος

2172 4757 2337 4813 αὐτοῦ
2368 4761 2444 4832 (3)
2475 4756 2566 4813 καί
2596 4757 2927 4832 ὁμοουσίους
2957 4759 3106 4832 ἡμᾶς
3166 4762 3246 4832 τῷ
3300 4765 3417 4833 Θεῷ
3444 4759 3723 4837 τολμήσει
3757 4763 3824 4819 λέ

479 4899 542 4962 ›ι‹
566 4901 633 4954 P.
658 4900 760 4952 467
791 4898 902 4951 ED.
939 4897 1240 4967 POTTER,
1275 4900 1512 4954 391-392
1539 4901 1652 4955 ED.
1686 4901 1914 4957 PARIS.
1948 4900 2034 4973 (α)

2168 4901 2264 4957 '.th.
2298 4919 2429 4972 xxv,
2461 4903 2552 4974 35,
2582 4905 2673 4958 40.

412 5054 560 5122 3,4;
591 5046 1115 5122 Ἐλ-εημοσόναι-καὶ
1169 5045 1376 5122 πίστεις
1421 5051 1497 5122 μὴ
1553 5047 1950 5106 ἐκλειπὲτωσάν
1982 5069 2060 5106 σε·

413 5117 620 5212 deuitat
644 5117 712 5212 ἑὲ
727 5117 908 5212 pii-tibi
932 5119 1020 5205 tui
1052 5123 1131 5212 ait
1158 5117 1456 5212 τραχήλῴῦ
1488 5117 1602 5212 καὶ
1652 5124 1902 5212 εὑρήσεις
1956 5123 2063 5212 χά-

414 5183 518 5269 ρί’ν.
640 5183 825 5269 ςξοϐοῦ
854 5187 919 5269 ’δὲ
950 5191 1054 5269 ,τὸν
1089 5183 1254 5261 Θεὸν,
1290 5183 1645 5269 natium};
1704 5183 1809 5248 άπὸ
1851 5183 2067 5269 παντὸς

411 5261 605 5338 κακοῦ.
645 5261 1043 5338 Ecclesiastigi
1086 5279 1213 5338 cap.
1265 5281 1350 5330 ιιι,
1381 5268 1448 5320 29
1484 5282 1496 5318 :
1553 5262 1934 5338 Ἑλεημοσύνη
1969 5265 2069 5338 ἐξι-

413 5331 953 5426 λάρεταιῇἀμαρτξνας.
983 5331 1265 5426 Ejusdem
1325 5352 1450 5408 cap.
1487 5355 1526 5404 1,
1585 5340 1652 5391 27
1689 5331 1934 5413 ε”Σοφίαί
1964 5331 2063 5415 γάρ

409 5409 498 5464 καὶ
530 5400 752 5480 παιδεία.
778 5400 946 5480 φόϐος
981 5400 1208 5477 Κυρίου.

485 5485 600 5552 (99)
623 5475 896 5552 Ἐδώκατᾷ
930 5475 1568 5552 μοιΑπιεῖνεβΕποτίσατὲ
1609 5499 1696 5552 με,
1722 5482 1922 5537 Matth.

486 5545 780 5627 (i)_:0_va‘tp
814 5549 891 5604 ὲνί
919 5545 968 5604 τ.
1032 5549 1145 5627 ’[Ξᾷ
1181 5545 1342 5627 ,ᾆσον
1391 5545 1691 5627 ἐποιήσατε
1741 5553 1814 5627 ενι
1852 5551 2065 5627 τούτων

411 5617 804 5748 τῶνῗδελὲρῶν
843 5643 948 5695 μου
1007 5617 1116 5675 τῶν
1177 5617 1506 5695 ἐλαχίστων,
1540 5617 1690 5697 ’ἐμοὶ
1748 5625 2065 5694 ἐποιήσατε,

413 5699 554 5748 Matt
601 5737 613 5748 .

413 5699 613 5750 Matth.

485 5767 563 5836 (2)
595 5764 682 5834 Ἐξ
742 5762 903 5835 ὕλης.
981 5765 1413 5839 Valentiniani,
1500 5768 1721 5839 aliique
1780 5767 2064 5834 haeretici,

2095 5057 2140 5122 D
2172 5054 2420 5128 gentiles
2481 5055 2873 5128 philosophos
2933 5057 3140 5127 secuti,
3187 5062 3473 5117 mundum
3510 5081 3541 5119 e
3581 5067 3842 5122 materia

2173 5128 2621 5198 prmexsistente
2643 5145 2677 5184 a
2707 5128 2824 5186 Deo
2847 5136 3109 5185 creatum
3167 5132 3674 5192 existimaverunt.
3717 5137 3836 5192 Ire-

2174 5215 2342 5254 naaus
2372 5199 2473 5256 lib.
2508 5215 2577 5274 ιι,
2602 5217 2728 5272 cap.
2767 5203 2852 5268 19,
2885 5220 2944 5274 p.
2998 5203 3090 5257 141
3159 5203 3300 5261 edit.
3335 5207 3521 5261 Oxon.
3565 5225 3577 5262 :
3612 5211 3681 5262 Et
3734 5209 3836 5263 hoc

2174 5277 2375 5347 autem.
2413 5273 2578 5347 quod
2624 5290 2704 5347 ex‘
2721 5273 2962 5343 subjecta
3022 5281 3253 5329 materia
3291 5277 3485 5332 dicunt
3527 5281 3836 5347 fabricato-

2172 5359 2296 5421 γρηὶ
2310 5344 2501 5421 fecisse
2524 5344 2817 5421 mundum,
2851 5351 2900 5399 et
2940 5347 3325 5421 anaxagoras,
3359 5357 3412 5421 ct
3451 5344 3830 5421 Eriipedocles,

2173 5420 2226 5467 et
2256 5416 2413 5492 litato
2437 5417 2613 5484 primi
2637 5423 2764 5492 ante
2795 5417 2889 5492 ltos
2947 5417 3230 5492 dimcrunt,
3264 5419 3427 5476 Conf.
3489 5416 3699 5478 Sti-om.
3735 5416 3831 5492 vu,

2174 5501 2230 5555 p.
2267 5488 2368 5536 707
2402 5493 2460 5557 et
2480 5503 2612 5557 quae
2644 5487 2725 5542 ibi
2757 5488 3097 5544 adnotanda
3127 5497 3286 5544 sunt.

2247 5556 2527 5634 (3)-,Μέρος
2558 5557 2743 5634 αὐτοῦ..
2779 5560 3062 5634 Drige‘nes
3116 5563 3321 5634 Contra
3372 5565 3583 5634 Celsum
3644 5569 3750 5622 lib.
3784 5584 3836 5634 ν,

2396 5644 2408 5683 :
2437 5627 2640 5705 Σαφῷς
2663 5629 2748 5705 Δδὲ
2789 5627 2907 5705 τὸν’
2942 5627 3071 5705 ὅλον
3128 5631 3335 5705 κόσμον
3378 5631 3634 5705 λέγουσιν
3699 5627 3841 5691 εἶναὶ

2175 5695 2326 5794 Θεὸνέ
2357 5687 2593 5789 ξτωτκοὶ
2624 5700 2718 5794 μὶν
2749 5702 2839 5794 τὸν
2873 5704 3129 5794 πρῶτονη
3166 5687 3246 5758 οἱι
3278 5701 3334 5794 8:5
3393 5687 3498 5762 ἀπὸ
3532 5707 3838 5771 Πλάτωνος

2170 5767 2262 5822 τὸν
2295 5765 2571 5845 δεύτερον,
2608 5765 2751 5836 τινὶς
2785 5770 2842 5828 δὶ
2872 5765 3046 5830 αὸτῶν
3077 5765 3169 5830 ⁴υἱὸν
3230 5775 3431 5854 τρίτον,
3467 5783 3620 5838 Certe
3650 5765 3834 5839 ιοιιωί
