4050 6188
291 383 431 444 1013

1628 386 2079 452 amomum:
2114 394 2249 448 LIB.
2292 374 2365 446 Ii.

3574 369 3711 444 loli

287 531 423 588 γειν·
457 511 549 568 καὶ
582 510 681 568 οὐκ
711 509 812 569 οἶδ’
863 512 1012 576 ὅπως
1058 512 1295 585 ἀνέξεταί
1350 536 1436 580 τις
1489 513 1692 573 ἐπαΐων
1748 515 1935 572 τούτου

2061 533 2132 573 ex
2164 515 2351 571 nihilo
2370 514 2571 570 omnia
2586 510 2951 586 produxerit,
2972 528 3082 568 nec
3100 512 3149 567 si
3172 529 3243 567 ex
3263 511 3712 583 prmexsistente

292 603 420 658 Θεὸν
448 599 723 678 ἐγνωκὼς,
756 600 964 658 ἀπιδὼν
998 602 1074 666 εἷς
1118 603 1210 659 τὸν
1262 604 1378 679 βίον
1425 605 1521 661 τὸν
1570 604 1858 680 ἡμέτερον,
1890 605 1941 660 ἐν

291 694 441 754 ὅσοις
473 690 757 768 φυρόμεθα
804 698 1015 755 κακοῖς.
1068 689 1171 764 Εῗη
1224 694 1326 769 γὰρ
1375 692 1436 749 ἂν
1491 694 1685 767 οὕτως,
1749 696 1778 751 ὃ
1815 692 1946 769 μηδ’

292 780 462 836 εἰπεῖν
524 782 703 854 θέμις,
756 786 993 858 μερικῶς
1043 784 1364 859 ἁμαρτάνων
1407 784 1614 853 ὁΘεὸς,
1670 783 1720 839 εἷ’
1769 805 1830 859 γε
1878 785 1946 840 τὰ

296 869 436 947 μέρη
467 874 572 925 τοῦ
601 870 740 927 ὅλου
774 873 913 946 μέρη
946 871 1036 927 καὶ
1091 870 1532 950 συμπληρωτικὰ
1560 876 1656 928 τοῦ
1706 870 1860 928 ὅλου·
1895 873 1941 929 εἷ

295 956 356 1014 δὲ
389 962 467 1033 μὴ
502 958 965 1035 συμπληρωτικὰ,
1026 959 1152 1016 οὐδὲ
1186 962 1324 1037 μέρη
1354 959 1439 1033 εἴη
1493 959 1578 1018 ἄν.
1636 959 1812 1019 Ἀλλά
1836 962 1939 1037 γὰρ

292 1050 449 1127 φύσει
507 1046 773 1113 πλούσιος
808 1047 881 1105 ὣν
911 1051 938 1105 ὁ
970 1050 1098 1113 Θεὸς
1154 1048 1206 1105 ἐν
1267 1049 1427 1124 ἐλέῳ,
1487 1048 1577 1106 διὰ
1620 1052 1721 1120 τήν
1772 1052 1940 1107 αότοῦ

289 1139 604 1213 ἀγαθότητα
627 1135 851 1210 κήδεται
883 1140 1066 1213 ἡμῶν,
1102 1141 1241 1214 μήτε
1293 1139 1497 1216 μορίων
1549 1139 1720 1196 ὅντων
1774 1139 1938 1195 αὐτοῦ

293 1229 436 1301 μήτε
464 1227 619 1303 φύσει
671 1229 873 1284 τέκνων
901 1271 914 1286 .
976 1229 1074 1284 Καὶ
1107 1225 1175 1298 δὴ
1206 1231 1240 1299 ἡ
1274 1230 1504 1306 μεγίστη
1533 1236 1635 1300 τῆς
1660 1233 1757 1284 τοῦ
1805 1231 1939 1284 Θεοῦ

287 1316 625 1393 ἁγαοότητος
660 1315 877 1389 ἔνδειξις
909 1317 1045 1390 αὕτη
1076 1319 1334 1395 τυγχάνει
1369 1337 1381 1349 ’
1416 1318 1501 1374 ὅτι
1549 1316 1720 1382 οὕτως
1777 1317 1942 1393 ἐχόν-

284 1427 397 1461 των
450 1409 613 1481 ήμῶν
666 1408 804 1481 πρὸς
860 1408 1021 1463 αὐτὸν
1058 1452 1072 1479 ,
1143 1406 1233 1463 καὶ
1302 1406 1456 1485 φύσει
1512 1402 1937 1483 ἀπλλοτριωμέ-

284 1517 396 1550 νων
427 1500 502 1569 (4)
533 1494 840 1570 παντελῶς,
901 1495 1053 1571 ὅμως
1107 1495 1356 1570 κηδεται,
1415 1498 1628 1567 Φυσικὴ
1685 1498 1781 1571 μὲν
1836 1497 1937 1573 γὰρ

284 1589 323 1655 ἡ
379 1587 517 1662 πρὸς
574 1587 738 1643 τέκνα
793 1584 1157 1665 φιλοστοργία
1227 1592 1346 1652 τοῖς
1404 1588 1565 1658 ζώοις
1602 1633 1618 1657 ,
1673 1589 1709 1659 ἢ
1767 1609 1827 1644 τε
1880 1587 1939 1644 ἐκ

290 1675 578 1746 συνηθείας
606 1681 725 1740 τοῖς
755 1675 1115 1752 ὁμογνώμοσι
1149 1674 1306 1755 φιλία
1469 1680 1603 1732 Θεοῦ
1643 1673 1700 1731 δὲ
1729 1678 1757 1732 ὁ
1784 1672 1939 1740 ἔλεος

290 1764 370 1828 εἷς
399 1766 548 1838 ἡμᾶς
577 1764 863 1828 πλουσίως
894 1770 988 1839 l6),
1031 1765 1158 1829 τοὺς
1206 1765 1341 1822 κατὰ
1374 1762 1546 1840 μηδὲν
1577 1764 1725 1839 αὐτῷ
1765 1787 1938 1841 προσ-

287 1855 545 1925 ήκοντας,
577 1852 612 1924 ἢ
651 1852 810 1926 οὐσίᾳ
854 1857 1015 1928 ἡμῶν
1067 1854 1240 1931 λέγω,
1271 1853 1306 1925 ἢ
1339 1856 1515 1933 φύσει,
1546 1857 1581 1927 ἢ
1615 1852 1837 1928 δυνάμει
1866 1859 1935 1931 τῇ
1967 1898 2017 1964 Β

296 1941 1481 1964 Α’νιονιεογιδιιυν
1683 1947 1707 1964 ν
1910 1949 1935 1960 ..

286 1941 465 2016 οἰκείᾳ
492 1950 593 2014 τῆς
626 1943 810 2006 οὐσίας
840 1946 1024 2019 ἡμῶν*
1063 1945 1213 2019 μόνῳ
1238 1942 1296 2001 δὶ
1347 1948 1426 2017 τῷ
1456 1941 1614 2021 ἔργον
1657 1947 1793 2000 εἶναι
1841 1949 1940 2000 τοῦ

285 2032 606 2106 θελήματος
636 2033 827 2090 αὐτοῦ·
873 2033 963 2089 καὶ
995 2032 1063 2103 δή
1094 2034 1185 2090 τὸν
1218 2033 1410 2090 ἑκόντα
1471 2033 1606 2107 μετᾶ
1660 2034 1945 2105 ἀσκήσεως

282 2120 374 2177 καί
409 2119 767 2186 διδασκαλίας
805 2124 905 2193 τήν
962 2127 1161 2198 γνῶσιν
1214 2130 1316 2193 τῆς
1368 2121 1630 2194 ἀληθείας
1660 2121 1940 2198 ἐπανῃρη-

289 2212 450 2284 μένον
500 2211 579 2275 εἷς
622 2212 890 2268 υἱοθεσίαν
934 2210 1115 2282 καλεῖ,
1141 2212 1241 2282 τήν
1284 2211 1542 2289 μεγίστην
1572 2216 1754 2267 πασῶν
1801 2231 1939 2287 προ·

279 2304 485 2374 κοπήν.
541 2301 884 2377 Παρανομίαι
917 2299 975 2358 δέ
1004 2299 1171 2378 ἄνδρα
1218 2302 1541 2378 ἀγορεύουσι
1734 2307 1940 2376 σειραῖς

280 2387 344 2446 δὲ
396 2395 504 2446 τῶν
564 2392 756 2447 ἑαυτοῦ
814 2393 1095 2469 ἁμαρτιῶν
1153 2387 1379 2447 ἕκαστος
1452 2391 1789 2467 σφίγγεται,
1843 2390 1935 2445 καὶ

281 2474 424 2536 ἔστιν
483 2481 511 2535 ὁ
563 2481 693 2543 Θεὸς
751 2481 993 2545 ἀναίτιος
1051 2483 1156 2555 (8)’
1218 2480 1307 2536 καὶ
1363 2485 1445 2553 τῷ
1500 2477 1615 2537 ὅντι
1672 2481 1936 2559 μακάριος

280 2569 439 2644 ἀνὴρ,
472 2569 532 2634 ὃς
559 2572 924 2642 καταπτήσσει
955 2570 1127 2626 πάντα
1151 2567 1222 2626 δι’
1252 2565 1561 2638 εὐλάϐειαν,

2058 606 2309 662 materia
2319 604 2528 660 fecerit
2542 620 2555 658 :
2576 601 3059 675 quandoquidem
3074 600 3225 656 illud
3239 600 3479 671 quidem
3494 617 3569 655 ne
3583 617 3711 655 om-

2056 697 2198 751 nino
2230 694 2473 766 quidem
2504 698 2612 760 est,
2646 692 2772 747 haec
2788 708 2923 746 vero
2942 695 3081 746 esta
3110 691 3227 745 Deo
3252 688 3483 744 diversa
3504 689 3565 744 in
3588 706 3711 745 om-

2056 784 2253 852 nibus;
2272 783 2388 839 nisi
2403 783 2538 854 quis
2551 798 2660 836 nos
2673 781 2804 853 ejus
2819 796 2947 836 esse
2958 777 3555 851 partem,etejusdem
3571 795 3707 834 cum

2054 873 2172 927 Deo
2204 876 2476 928 essentia:
2508 871 2666 926 ausit
2693 870 2910 925 dicere.
2945 868 3151 925 Nescio
3178 873 3377 924 autem
3408 867 3705 939 quomodo

2054 964 2209 1034 quis,
2225 962 2324 1034 qui
2340 964 2524 1017 Deum
2545 962 2725 1029 novit,
2744 977 2911 1031 aaquo
2926 958 2990 1023 ’Χα
3005 959 3117 1015 hoc
3129 959 3336 1015 audire
3356 958 3553 1014 animo
3570 974 3706 1029 pos-

2053 1051 2151 1121 sit,
2169 1052 2215 1106 si
2232 1051 2558 1123 respiciens
2575 1050 2647 1106 ad
2665 1055 2930 1105 nostram
2948 1049 3146 1117 vitam,
3163 1048 3225 1103 in
3242 1053 3388 1119 quot
3405 1063 3709 1102 versemur

2051 1140 2251 1209 malis,
2283 1140 2636 1197 consideret.
2676 1140 2768 1195 Sic
2794 1140 2975 1208 enim,
3010 1138 3169 1210 quod
3193 1137 3360 1193 nefas
3392 1140 3482 1192 est
3512 1135 3709 1191 dicere

2050 1232 2206 1286 Deus
2234 1236 2509 1303 peccaret
2546 1230 2608 1285 in
2657 1229 3015 1301 quibusdam
3066 1227 3356 1301 partibus,
3407 1225 3707 1297 siquidem

2049 1325 2249 1391 partes
2282 1325 2423 1375 sunt
2452 1320 2634 1374 totius
2663 1325 2882 1391 partes,
2911 1324 2969 1375 et
2998 1323 3187 1373 totum
3232 1316 3554 1389 complent.
3605 1314 3708 1368 Sin

2050 1415 2249 1464 autem
2276 1426 2398 1464 non
2431 1408 2752 1480 complent,
2798 1424 2873 1463 ne
2922 1414 3119 1480 partes
3167 1406 3409 1478 quidem
3456 1404 3709 1460 fuerint.

2049 1499 2265 1552 Verum
2284 1497 2444 1553 enim
2463 1514 2597 1552 vero
2618 1514 2752 1552 cum
2773 1502 2987 1552 natura
3010 1498 3163 1551 Deus
3186 1495 3446 1564 sitdives
3469 1492 3707 1549 miseri-

2051 1587 2272 1653 cordia,
2301 1587 2490 1642 nostri
2510 1590 2753 1657 propter
2774 1601 2941 1640 suam
2959 1584 3284 1639 bonitatem
3304 1600 3506 1640 curam
3529 1582 3704 1655 gerit,

2050 1676 2151 1746 qui
2183 1693 2293 1731 nec
2325 1692 2530 1731 sumus
2562 1675 2694 1746 ejus
2724 1680 2945 1746 partes,
2977 1689 3087 1728 nec
3118 1674 3226 1728 filii
3256 1679 3487 1728 natura.
3516 1674 3585 1726 Et
3614 1677 3705 1726 est

2049 1765 2161 1821 hoc
2192 1765 2434 1836 quidem
2465 1769 2623 1819 certe
2663 1763 2990 1818 maximum
3037 1761 3141 1817 Dei
3185 1760 3246 1815 in
3276 1776 3385 1815 nos
3417 1760 3701 1814 bonitatis

2048 1855 2358 1921 indicium,
2391 1853 2549 1925 quod
2573 1870 2709 1908 cum
2733 1852 2817 1907 sic
2852 1852 2914 1907 in
2946 1852 3145 1922 ipsum
3178 1866 3288 1905 nos
3318 1864 3611 1922 geramus,
3645 1852 3703 1901 et

2052 1950 2268 2000 natura
2300 1944 2487 1999 simus
2517 1943 2763 1998 omnino
2795 1941 2997 2010 alieni,
3030 1940 3218 1995 nostri
3266 1944 3465 1993 tamen
3497 1952 3701 1992 curam

2051 2039 2233 2107 gerat.
2257 2036 2339 2089 Ac
2365 2032 2656 2089 naturalis
2677 2031 2923 2103 quidem
2945 2035 3035 2085 est
3048 2028 3455 2085 animantibus
3477 2027 3538 2081 in
3562 2042 3701 2081 suos

2048 2124 2204 2179 fetus
2222 2123 2476 2190 affectio,
2510 2127 2569 2177 et
2593 2138 2724 2193 quas
2748 2138 2820 2176 ex
2840 2119 3272 2176 consuetudine
3295 2118 3486 2172 oritur
3505 2115 3707 2171 amici-

2047 2212 2131 2268 tia
2158 2212 2252 2281 iis,
2285 2211 2386 2283 qui
2418 2215 2556 2266 sunt
2587 2209 2861 2281 ejusdem
2896 2207 3227 2264 sententias.
3262 2208 3362 2261 Est
3391 2210 3590 2260 autem
3638 2203 3701 2257 in

2045 2317 2156 2356 nos
2188 2301 2431 2373 copiosa
2460 2300 2563 2354 Dei
2595 2296 3027 2365 misericordia,
3056 2296 3156 2367 qui
3179 2295 3330 2350 nihil
3354 2294 3429 2349 ad
3452 2309 3590 2349 eum
3612 2297 3704 2347 at—

2045 2391 2329 2460 tinemus,
2359 2388 2452 2444 vel
2484 2387 2764 2458 essentia,
2798 2386 3064 2457 inquam,
3097 2388 3323 2451 nostra,
3349 2382 3441 2439 vel
3464 2388 3699 2451 natura,

2044 2482 2135 2538 vel
2148 2480 2389 2553 pr0pria
2403 2485 2623 2536 nostraa
2652 2478 2929 2534 essentia)
2946 2477 3245 2547 facultate,
3266 2475 3370 2531 sed
3383 2491 3450 2530 eo
3470 2478 3699 2530 tantum

2044 2569 2204 2641 quod
2237 2569 2423 2624 simus
2455 2584 2605 2640 Opus
2636 2568 2765 2640 ejus
2786 2567 3128 2622 voluntatis.
3154 2567 3345 2637 Atque
3366 2565 3513 2620 adeo
3536 2579 3698 2631 eum,

284 2661 389 2731 qui
419 2677 527 2716 sua
557 2665 769 2733 sponte
799 2678 934 2717 cum
983 2662 1440 2718 excercitatione
1480 2667 1539 2716 et
1583 2661 1856 2717 doctrina
1887 2660 2291 2734 cognitionem
2322 2658 2552 2730 accepit
2604 2657 2890 2724 veritatis,
2941 2661 3111 2711 vocat
3160 2655 3235 2710 ad
3293 2653 3697 2725 adoptionem,

283 2766 418 2820 quas
446 2755 536 2806 est
580 2752 875 2806 maximus
919 2752 1189 2807 omnium
1247 2751 1567 2824 profectus.
1625 2753 1954 2822 Loquuntur
2009 2755 2194 2804 autem
2223 2750 2403 2804 virum
2430 2748 2799 2816 iniquitates:
2829 2761 3054 2801 suorum
3110 2750 3292 2798 autem
3337 2747 3695 2813 peccatorum

278 2842 489 2895 catenis
535 2843 909 2911 unusquisque
963 2840 1298 2911 astringitur
1324 2840 1442 2915 (a);
1476 2857 1585 2898 nec
1637 2856 1844 2897 eorum
1893 2855 2071 2896 causa
2100 2839 2219 2893 Deo
2252 2841 2339 2892 est
2368 2834 2757 2905 ascribenda;
2805 2839 2863 2890 et
2890 2849 3093 2889 revera
3123 2833 3307 2888 beatus
3335 2837 3416 2887 est
3459 2831 3563 2898 vir,
3599 2831 3698 2898 qui

282 2931 468 2986 omnia
487 2936 705 2987 veretur
723 2937 958 3002 propter
977 2932 1245 3003 pietatem
1274 2930 1373 3003 (b).

1767 3107 1998 3164 CAPUT
2037 3103 2207 3164 XVII.

1486 3224 1564 3279 De
1588 3223 1761 3280 variis
1801 3221 2144 3293 Cognitionis
2173 3218 2482 3291 generibus.

348 3366 441 3428 Ὠς
466 3365 556 3420 οῦν
587 3366 622 3435 ἡ
655 3363 933 3439 ἐπιστήμη
992 3363 1317 3437 ἐπιστητική
1373 3363 1515 3421 ἐστιν
1575 3364 1704 3437 ἕξις,
1737 3365 1827 3443 ἀφ’
1856 3365 1924 3435 ἧς

2106 3363 2617 3430 Quemadmodum
2637 3380 2774 3437 ergo
2798 3362 3048 3420 scientia
3067 3366 3158 3418 est
3172 3360 3410 3417 habitus
3433 3360 3693 3427 sciendi,

280 3454 344 3509 τὸ
376 3453 695 3519 ἐπίστασθαι
742 3449 1048 3529 συμϐαίνει.
1097 3456 1306 3530 γίνεται
1339 3452 1397 3511 δέ
1422 3457 1458 3526 ἡ
1482 3454 1791 3529 κατάληψις
1849 3457 1927 3529 (9)

2054 3470 2071 3509 ι
2100 3471 2218 3525 quo
2242 3454 2393 3509 scire
2424 3454 2620 3509 evenit
2644 3471 2657 3508 :
2677 3454 2744 3508 fit
2764 3458 2964 3509 autem
2982 3453 3035 3507 ei
3054 3451 3531 3524 comprehensio,
3557 3467 3691 3521 quae

276 3542 414 3617 αὖτῇ
470 3546 582 3617 (10)
637 3545 1030 3617 ἀμετάπτωτος
1103 3544 1207 3600 ὑπὸ
1263 3542 1435 3620 λόγου
1472 3564 1486 3577 ·
1539 3544 1685 3599 οὕτω
1740 3543 1832 3600 καὶ
1887 3546 1923 3614 ἡ

2054 3542 2324 3598 limoveri
2358 3560 2479 3598 non
2509 3547 2704 3614 potest
2732 3558 2767 3598 a
2796 3542 3062 3597 ratione:
3094 3541 3176 3596 ita
3205 3541 3384 3595 etiam
3404 3540 3692 3612 ignoratio

277 3631 473 3707 ἄγνοια
533 3634 793 3711 φαντασία
850 3633 993 3689 ἐστὶν
1051 3631 1273 3689 ε’ίκουσα
1306 3675 1321 3700 ,
1382 3634 1765 3706 μεταπτωτικὴ
1826 3633 1931 3689 ὑπὸ

276 3721 449 3797 λόγου
480 3722 543 3777 τὸ
575 3720 633 3778 δὲ
674 3723 1031 3798 μεταπίπτον,
1090 3724 1164 3786 ὡς
1219 3723 1312 3779 καὶ
1360 3724 1424 3779 τὸ
1474 3722 1929 3796 συνασκούμενον,

274 3810 337 3867 ἐκ
367 3809 541 3887 λόγου
574 3811 659 3886 ἐφ’
687 3814 847 3886 ἡμῖν.
907 3812 1233 3889 Παράκειται
1289 3810 1346 3868 δὶ
1398 3817 1469 3888 τῇ
1522 3813 1800 3888 ἐπιστήμῃ
1822 3814 1857 3882 ἢ
1882 3812 1931 3868 τ’

278 3901 541 3980 ἐμπειρία
586 3903 676 3958 καὶ
715 3905 751 3973 ἡ
800 3901 1032 3974 εἳδησις,
1091 3904 1295 3967 σύνεσίς
1324 3925 1384 3960 τε
1436 3905 1528 3959 καὶ
1583 3904 1794 3976 νόησις,
1840 3906 1930 3959 καὶ

280 3996 505 4068 γνῶσις.
537 3991 643 4047 Καὶ
673 3994 709 4062 ὴ
745 3993 839 4066 μὲν
881 3990 1089 4063 ετίδησις
1145 3991 1423 4067 ἐπιστήμη
1476 3998 1582 4049 τῶν
1633 3994 1748 4048 καθ’
1798 3992 1932 4049 ὅλου

277 4083 394 4133 κατ’
425 4078 568 4143 εἶδος
600 4079 683 4151 ε’ίη
718 4078 803 4151 ἃν,
854 4083 889 4152 ἡ
948 4079 1006 4137 δὶ
1051 4080 1304 4158 ἐμπειρία
1359 4082 1637 4156 ἐπιστήμη
1696 4082 1935 4158 περιλη-

275 4168 468 4238 πτίκὴ*
507 4169 646 4226 ὥστε
674 4171 765 4226 καί
798 4170 916 4226 οἷόν
950 4170 1093 4226 ἐστιν
1151 4168 1374 4228 ἕκαστον
1424 4171 1930 4249 πολυπραγμονεῖν·

277 4257 471 4328 νόησις
520 4255 578 4314 δὲ
627 4257 907 4333 ἐπιστήμη
966 4264 1187 4331 νοητοῦ,
1244 4261 1338 4315 καὶ
1385 4259 1593 4323 σύνεσις
1652 4259 1929 4334 ἐπιστήμη

278 4341 627 4420 συμϐλητοῦ,
670 4348 705 4419 ἢ
759 4344 1072 4423 σύμϐλησις
1127 4350 1555 4423 ἀμετάπτωτος,
1599 4349 1635 4421 ἢ
1683 4345 1934 4424 συμϐλη-

270 4437 404 4506 τικὴ
448 4433 699 4510 δύναμις,
746 4439 822 4493 ῶν
881 4437 1145 4518 φρόνησίς
1201 4436 1311 4494 ἐστι
1364 4439 1455 4494 καὶ
1487 4437 1788 4513 ἐπιστήμη,
1840 4441 1931 4496 καὶ

278 4525 401 4589 ἑνὸς
423 4524 514 4580 καὶ
575 4526 821 4598 ἑκάστου,
881 4527 971 4584 καὶ
1028 4529 1243 4584 πάντων
1297 4528 1405 4584 τῶν
1466 4527 1542 4592 εἷς
1595 4523 1687 4584 ἕνα
1742 4527 1928 4606 λόγον’

273 4618 480 4687 γνῶσις
537 4612 595 4671 δὲ
650 4616 931 4691 ἐπιστήμη
985 4621 1083 4673 τοῦ
1137 4613 1292 4679 ὄντος
1346 4617 1535 4690 αὐτοῦ,
1582 4617 1617 4687 ἢ
1651 4616 1928 4692 ἐπιστήμη

275 4722 575 4783 συμφωνος
603 4710 720 4769 τοῖς
750 4706 1087 4781 γινομένοις·
1120 4705 1352 4778 ἀλήθειά
1374 4727 1434 4761 τε
1479 4705 1755 4781 ἐπιστήμη
1792 4705 1931 4780 ἀλη-

2041 3637 2131 3688 est
2146 3634 2454 3705 conceptio
2472 3633 2710 3701 cedens,
2737 3650 2868 3705 quae
2886 3632 3168 3687 dimoveri
3188 3631 3688 3703 potestaratione.

2041 3722 2207 3787 Quod
2236 3727 2435 3778 autem
2467 3722 2817 3793 dimovetur,
2849 3729 2916 3778 ut
2937 3722 3017 3789 id,
3041 3719 3201 3792 quod
3221 3720 3606 3776 constituitur
3625 3736 3692 3775 ac

2047 3813 2456 3885 conﬁrmatur,
2507 3829 2542 3868 a
2588 3814 2839 3880 ratione,
2893 3817 2982 3867 est
3025 3812 3087 3866 in
3133 3814 3338 3866 nostra
3382 3814 3695 3882 potestate.

2046 3903 2212 3959 Scien
2223 3904 2317 3959 tias
2349 3909 2547 3959 autem
2571 3910 2662 3960 est
2682 3904 2963 3975 adjuncta
2992 3908 3051 3958 et
3080 3902 3463 3974 experientia,
3488 3906 3546 3956 et
3566 3918 3696 3972 quas

2045 3995 2243 4050 Graace
2270 3994 2490 4050 dicitur
2519 3991 2751 4064 εἴδησις,
2785 3999 2845 4050 et
2873 4010 3005 4065 quae
3038 3991 3245 4056 σύνεσις
3276 3998 3334 4049 et
3362 3993 3701 4065 intelligen-

2044 4085 2145 4152 tia,
2180 4091 2238 4141 et
2267 4087 2543 4159 cognitio.
2577 4089 2648 4142 Et
2676 4088 2789 4142 erit
2816 4086 3060 4158 quidem
3092 4080 3327 4155 εἷ’δησις,
3378 4085 3695 4140 universo-

2042 4192 2175 4230 rum
2201 4175 2452 4231 scientia
2471 4193 2578 4247 per
2599 4177 2846 4248 species.
2870 4175 3248 4248 Experientia
3264 4180 3485 4243 autem,
3504 4175 3695 4230 scien-

2044 4265 2127 4320 tia
2177 4265 2687 4337 comprehensiva,
2738 4282 2870 4336 qua)
2919 4264 3247 4336 singularia
3288 4268 3697 4335 perscrutatur

2043 4354 2337 4426 quomodo
2361 4372 2423 4412 se
2446 4355 2722 4411 habeant.
2752 4354 3150 4426 Intelligentia
3170 4357 3369 4409 autem
3389 4356 3480 4407 est
3500 4352 3691 4406 scien-

2043 4444 2125 4500 tia
2154 4445 2304 4517 ejus,
2329 4444 2487 4517 quod
2510 4444 2637 4501 sola
2658 4448 2857 4499 mente
2888 4443 3232 4514 percipitur.
3267 4443 3337 4496 Et
3364 4438 3573 4501 σύνεσις
3607 4446 3698 4495 est

2044 4536 2294 4591 scientia
2324 4536 2474 4608 ejus,
2507 4534 2668 4607 quod
2699 4538 2894 4607 potest
2923 4534 2986 4587 in
3039 4548 3229 4587 unum
3277 4530 3556 4599 conferri,
3590 4527 3695 4586 aut

2043 4640 2349 4697 compago,
2382 4641 2513 4695 quas
2543 4622 2827 4679 dimoveri
2867 4638 2987 4677 non
3016 4626 3247 4693 potest:
3295 4624 3398 4676 aut
3442 4619 3695 4675 facultas

1960 4690 2009 4756 Π
2040 4712 2221 4767 simul
2237 4712 2581 4768 conferendi
2599 4729 2690 4782 eo,
2715 4712 2873 4768 circa
2890 4690 3357 4784 qum—versantur
3376 4707 3696 4781 prudentia

346 4870 411 4935 ,ιη
441 4859 504 4913 Ρ.
529 4861 634 4915 468
666 4861 775 4915 ED.
812 4861 1105 4932 porraa,
1138 4863 1376 4918 392-393
1402 4863 1514 4919 ED.
1546 4864 1778 4922 PARIS.
1801 4864 1880 4937 (a)
1912 4866 1935 4921 Ι

2054 4883 2079 4923 ’.
2110 4883 2163 4935 v,
2195 4868 2285 4923 22.
2317 4866 2394 4939 (b)
2421 4869 2593 4926 Prov.
2624 4884 2817 4937 xxvm,
2849 4868 2938 4924 14.

276 5014 745 5088 mundum_Deum
764 5028 884 5088 esse
931 5013 1175 5088 dicunt;
1219 5016 1392 5071 Stoici
1444 5017 1666 5087 quidem
1710 5019 1933 5088 prima-

2043 5018 2291 5074 lustium
2317 5035 2330 5073 :
2361 5018 2513 5075 Idem
2541 5020 2677 5075 velle
2705 5036 2767 5075 ac
2795 5018 2963 5087 nolle,
3015 5035 3079 5074 ea
3121 5020 3335 5075 demum
3362 5021 3525 5090 ﬁrma
3553 5019 3694 5075 ami-

278 5088 429 5159 riurn
445 5103 466 5149 ;
497 5086 774 5159 Platonici
802 5101 929 5159 vero
977 5087 1360 5143 secundarium
1392 5104 1412 5148 ;
1454 5086 1561 5143 nec
1590 5086 1805 5156 desunt,
1837 5092 1935 5159 qui
2045 5089 2182 5145 citia
2206 5096 2303 5159 est.

283 5156 509 5231 tertium
538 5160 686 5231 inter
713 5156 838 5212 deos
867 5156 1041 5212 locum
1064 5159 1114 5212 ei
1136 5160 1434 5228 assignent.
1460 5160 1745 5231 Dydimus
1777 5156 1935 5231 apud

273 5228 600 5315 Eusebium
634 5230 705 5283 De
718 5231 1137 5315 praeparatione
1182 5231 1442 5315 Eyanqel.
1495 5228 1735 5315 lib.‘xv_:
1768 5228 1936 5287 Eiet-

283 5299 374 5354 καὶ
408 5296 648 5378 δέηὸλον
677 5296 1128 5378 τὸνικόσμον-σὺν
1157 5305 1277 5361 τοῖς
1310 5296 1522 5377 μέρεσιν
1565 5302 1755 5372 αὐτοῦ,
1795 5323 1933 5378 προ-

282 5369 637 5447 σαγορεύουσι
697 5371 845 5447 Θεόν.
905 5373 1080 5447 Stoici
1135 5369 1349 5447 autern,
1380 5369 1585 5430 'totum
1638 5369 1932 5445 mundum,

278 5444 402 5520 eum
424 5444 685 5520 partibus
745 5444 882 5514 ejus,
915 5444 1080 5520 Deum
1128 5446 1435 5515 appellant.
1490 5448 1712 5503 Seneca
1758 5444 1930 5520 epist.

278 5519 347 5570 97
376 5533 388 5570 :
428 5517 622 5571 Totum
655 5516 755 5570 hoc
784 5532 894 5587 quo
925 5517 1255 5583 continetur,
1293 5523 1343 5571 ct
1367 5534 1538 5573 unum
1573 5526 1668 5587 est,
1703 5527 1753 5575 et
1794 5516 1934 5576 Deus
2043 5516 2322 5588 Stromfi,

279 5594 401 5651 est;
433 5594 485 5642 et
512 5589 810 5658 sociiejus,
844 5594 895 5643 et
926 5588 1167 5642 membra
1194 5605 1397 5646 sumus.

281 5747 323 5799 ι,
361 5733 456 5785 2t.

355 5659 433 5784 (242
468 5655 1067 5733 ἰκπηλλὸτριωμὲνων.
1103 5660 1414 5731 Respicere
1438 5662 1670 5718 videtur
1705 5663 1930 5719 Coloss.

2116 5162 2190 5232 (6)
2218 5157 2526 5232 Πλουσίως.
2559 5163 2625 5216 Α.
2657 5161 2883 5217 mavult
2910 5157 3200 5232 πλούσιος.
3236 5162 3512 5218 SYLBURG.

2118 5230 2194 5303 (7’)
2228 5231 2593 5306 Ἀγορεύουσι.
2628 5235 2694 5288 Α.
2731 5234 2969 5289 Rectius
3006 5230 3350 5306 ἆγρεύουσιν,
3399 5242 3692 5301 venantur,

2048 5321 2116 5360 ex
2142 5303 2415 5360 Proverb.
2449 5322 2500 5370 ν,
2529 5308 2619 5371 22,
2653 5306 2924 5360 SYLBURG.

2117 5376 2195 5446 (8)
2221 5376 2282 5432 '0
2341 5376 2469 5437 Θεὸς
2530 5375 2789 5436 ἀναίτιος.
2850 5376 3113 5447 Respicit
3167 5376 3411 5443 dictum,
3458 5376 3529 5431 de
3578 5392 3693 5447 quo

2046 5448 2201 5503 conf.
2235 5465 2365 5520 quas
2407 5448 2687 5505 adnotata
2743 5453 2881 5504 sunt
2923 5448 2999 5503 ad
3048 5450 3274 5519 Pwdag.
3325 5448 3429 5503 lib.
3477 5463 3603 5518 cap.
3636 5449 3692 5515 8,

2354 5537 2410 5609 p‘.
2444 5524 2570 5609 2.71,
2600 5521 2738 5609 e‘dii'.
2769 5520 2954 5609 Paris.

2117 5592 2195 5664 (9)
2229 5588 2571 5665 Ka-cﬂmpcg.
2606 5594 2695 5665 De_
2720 5592 2831 5646 hac
2862 5590 3127 5665 scientiae
3153 5588 3689 5665 deﬁnitigne‘conf.

2046 5660 2186 5734 quin
2211 5660 2485 5736 superius
2513 5663 2835 5736 dictaﬁsunt
2864 5662 3004 5736 adup
3053 5663 3178 5736 362,
3213 5660 3352 5736 edit.
3392 5660 3580 5736 Paris.

2116 5737 2228 5806 (10)
2262 5728 2433 5809 Ᾱύτῇ.
2460 5735 2644 5791 Scribi
2669 5728 2864 5806 'possit
2898 5728 3056 5801 αὕτη,
3091 5731 3180 5785 vel
3202 5728 3362 5800 αὐτή,
3403 5730 3465 5787 in
3494 5732 3688 5788 nomi-

345 5802 425 5875 (5)
453 5804 582 5863 Τοῖς
640 5798 1002 5876 ὁμογνώμοσι
1058 5797 1237 5878 φιλία.
1297 5803 1550 5861 Catilina
1590 5806 1748 5879 apud
1808 5804 1935 5862 Sal-

2054 5797 2168 5862 na‘t.
2202 5797 2362 5863 casu.

3742 5752 3991 5901 ar
