4050 6188
339 386 475 444 1021

1684 393 2138 450 ΒΤΒΟΜᾸἸὋΜ
2176 396 2309 450 LIB.
2355 398 2403 453 II
2413 439 2425 451 .

3622 403 3762 462 1022

341 522 462 576 σθαι
492 516 593 581 τῆς
625 506 933 588 στρατείας,
983 511 1012 565 6
1069 508 1459 588 φιλάνθρωπος
1515 512 1728 568 κελεύει
1784 512 1991 588 Νόμος·

2118 520 2560 589 exercitatione,
2587 525 2766 578 noctu
2825 527 2883 578 et
2939 522 3219 592 interdiu,
3272 530 3330 581 et
3375 525 3563 581 sicubi
3594 529 3765 582 testi-

339 605 721 677 στρατηγικῶς
783 599 901 673 μὶν,
962 599 1038 662 ὡς
1099 600 1177 672 μὴ
1234 602 1648 676 περισπώμενοι
1704 603 1844 676 πρὸς
1896 604 1991 666 τὰς

336 690 654 763 ἐπιθυμίας,
711 689 1024 764 ἀπρόθυμοι
1087 693 1168 761 τῷ
1253 687 1493 764 πολέμῳ
1551 691 1987 766 ἑξυπηρετῶμεν·

336 777 619 854 ἐλεύθεροι
651 781 759 850 (33)
790 779 892 852 γὰρ
937 778 1032 839 τὰς
1091 778 1265 853 ὁρμὰς
1326 780 1377 832 οἱ
1430 779 1847 854 ἀπροφασίστως
1874 785 1990 842 τοῖς

339 866 541 930 δεινοῖς
593 865 1052 939 ὲπαποδυόμενοιο
1114 865 1514 944 φιλανθρώπως
1571 867 1650 934 δὲ,
1705 867 1894 938 ἐπειδὴ
1925 871 1994 924 τὰ

333 963 476 1018 κατά
503 959 627 1022 τοὺς
672 957 956 1031 πολέμους
1005 954 1205 1027 ἄδηλα·
1263 955 1447 1013 ἄδικον
1499 959 1633 1014 εἶναι
1684 959 1994 1033 λογισάμε-

330 1057 446 1124 νος,
478 1051 569 1104 τὸν
607 1049 701 1122 μὶν
759 1049 836 1120 μή
891 1043 1112 1102 ὄνασθαι
1166 1051 1275 1102 τῶν
1338 1047 1503 1102 αὐτοῦ
1559 1049 1763 1116 πόνων,
1806 1045 1992 1124 ἓτερον

339 1139 398 1196 δὶ
452 1139 519 1195 τὰ
572 1142 682 1194 τῶν
743 1137 1030 1209 καμόντων
1089 1136 1491 1212 ἀταλαιπώρως
1549 1133 1760 1194 λαϐεῖν.
1805 1140 1995 1195 "Roma

338 1229 398 1286 δὲ
428 1232 457 1285 6
483 1228 674 1302 Νόμος
719 1228 808 1282 καὶ
869 1228 969 1296 τήν
1025 1233 1132 1296 τῆσ
1187 1229 1375 1302 ψυχῆς
1412 1225 1690 1303 ἰμφαίνειν
1719 1225 1990 1302 ἀνδρείαν,

334 1318 444 1376 δεῖν
479 1321 794 1392 νομοθετῶν
851 1317 944 1371 τὸν
1004 1315 1337 1394 φυτεύσαντα
1386 1318 1753 1392 καρποῦσθαι,
1780 1315 1868 1371 καὶ
1899 1317 1992 1372 τὸν

334 1405 846 1480 οῗκοδομησάμενον
894 1405 1084 1475 οἰκεῖν,
1140 1404 1231 1460 καὶ
1287 1407 1378 1460 τὸν
1441 1405 1726 1478 μνώμενον
1768 1411 1988 1478 γαμεῖνο

335 1498 400 1553 ού
428 1498 533 1573 γὰρ
566 1498 679 1570 (34)
710 1495 922 1556 ἀτελεῖς
971 1493 1068 1557 τὰς
1122 1491 1348 1557 ἐλπίδας
1402 1499 1520 1556 τοῖς
1562 1495 1828 1565 ἀσκήσασι
1855 1494 1993 1548 κατᾶ

334 1590 426 1644 τὸν
487 1586 652 1662 λόγον
711 1587 803 1641 τὸν
863 1585 1161 1660 γνωστικὸν
1239 1585 1642 1654 κατασκευάζει·
1713 1582 1992 1654 Τελευτή-

341 1699 533 1742 σαντος
588 1679 702 1751 (35)
775 1677 878 1750 γὰρ
960 1674 1048 1730 καὶ
1125 1679 1328 1744 ζῶντος
1379 1672 1576 1748 ἀνδρὸς
1630 1675 1830 1750 ἀγαθοῦ
1889 1675 1992 1728 οὐκ

338 1770 646 1827 ἀπόλλυται
707 1766 886 1830 ἐλπίς.
969 1767 1130 1843 Ἐγὼ,
1191 1766 1346 1842 φησὶ,
1426 1765 1556 1828 τοὺς
1609 1766 1706 1839 ίμὶ
1758 1765 1990 1843 φιλοῦν-

338 1883 433 1924 τας
491 1859 711 1935 ἀγαπῶ,
761 1859 795 1927 ἡ
860 1856 1033 1935 Σοφία
1090 1854 1259 1932 λέγει·
1319 1857 1370 1911 οἱ
1429 1852 1486 1911 δὲ
1543 1855 1641 1929 ὲμὶ
1701 1860 1986 1926 ζητοῦντες

341 1951 670 2026 εὑρήσουσιν
727 1947 949 2022 εἰρήνην
1005 1949 1139 2019 (36),
1191 1945 1281 2000 καὶ
1333 1947 1399 2000 τὰ
1455 1945 1598 2016 ἑξῆς.
1633 1944 1702 2002 Τί
1756 1942 1814 2000 δὲ
1857 1944 1988 2020 οὐχὶ

336 2041 389 2095 αἱ
450 2036 806 2108 Μαδιηναίων
867 2041 1114 2110 γυναῖκες
1167 2039 1247 2107 τῷ
1299 2033 1496 2091 κάλλει
1547 2039 1628 2106 τῷ
1683 2038 1830 2109 σφῶν
1885 2055 1989 2089 πο-

335 2130 640 2203 λεμοῦντας
687 2126 812 2188 τοὺς
870 2120 1154 2200 Ἑϐραίους
1213 2123 1272 2179 ἐκ
1325 2125 1678 2199 σωφροσύνης
1721 2121 1790 2178 δι’
1820 2123 1989 2199 ἀκρα-

334 2219 449 2274 σίαν
527 2217 605 2280 εἷς
691 2211 961 2285 ἀθεότητα
1024 2215 1418 2289 ὑπηγάγοντο;
1479 2214 1986 2288 Προσεταιρισάμε-

331 2329 418 2362 ναι
446 2308 545 2382 γὰρ
574 2305 701 2367 τοὺς
734 2308 848 2376 (37)
897 2303 958 2358 ἐκ
1007 2311 1106 2373 τῆς
1163 2310 1366 2375 σεμνῆς
1428 2303 1711 2374 ἀσκήσεως
1739 2302 1816 2364 εἲς
1846 2300 1990 2372 ἡδο-

336 2397 428 2458 vi:
483 2395 758 2466 ἑταιρικάς
814 2398 894 2466 τῷ
955 2389 1149 2448 κᾶλλει
1231 2391 1570 2462 δελεάσασαι,
1631 2391 1719 2446 ἐπὶ
1780 2412 1837 2446 τε
1893 2393 1988 2456 τὰς

337 2487 442 2541 τῶν
504 2483 751 2540 εἰδώλων
807 2482 990 2545 θυσίας
1050 2481 1136 2537 ἐπὶ
1203 2503 1262 2536 τε
1338 2481 1434 2544 τὰς
1491 2478 1812 2546 ἀλλοδαπὰς
1867 2479 1985 2551 ἐξέ-

345 2597 517 2649 μηναν
551 2578 832 2650 γυναῖκας’
891 2575 1160 2648 γυναικῶν
1219 2569 1276 2625 δὲ
1335 2572 1448 2644 ἅμα
1499 2570 1590 2625 καὶ
1645 2567 1852 2640 ἡδονῆς
1883 2572 1987 2640 ἠτ-

337 2663 614 2735 τηθέντες,
688 2661 994 2732 ἀπέστησαν
1083 2661 1178 2733 μὲν
1257 2663 1354 2714 τοῦ
1439 2663 1595 2728 Θεοῦ,
1680 2659 1986 2730 ἀπέστησαν

345 2751 401 2808 δὲ
430 2752 519 2807 καὶ
551 2756 649 2807 τοῦ
677 2751 872 2824 νόμου⁸
922 2749 1013 2805 καὶ
1076 2749 1268 2825 μικρὸν
1326 2745 1437 2803 δεῖν
1469 2752 1578 2820 (38)
1627 2749 1656 2802 6
1710 2755 1814 2804 πᾶς
1848 2746 1987 2810 λεὼς

343 2839 660 2916 ὑποχείριος
701 2845 817 2902 τοῖς
876 2838 1192 2909 πολεμίοις,
1250 2837 1541 2912 γυναικείῳ
1567 2839 1986 2912 στρατηγήματι

341 2930 597 3005 ἐγεγόνει,
682 2927 788 2992 ἕως
867 2927 1063 2990 αὐτοὺς
1168 2924 1578 2990 κινδυνεύοντας
1677 2925 1989 3000 ἀνεχαίτισε

337 3022 664 3091 νουθετήσας
708 3013 895 3082 Φόϐος.
959 3018 1166 3073 Αὐτίκα
1225 3017 1278 3071 οἱ
1336 3015 1788 3092 περιγειφθὲντες,
1822 3012 1984 3093 φιλοο

338 3108 600 3171 κινδύνως
658 3109 752 3163 τὸν
814 3108 946 3183 ὑπὲρ
1009 3104 1276 3167 εὐσεϐείας
1333 3107 1519 3181 ἀγῶνα
1573 3103 1836 3180 ἀράμενοι
1891 3104 1988 3158 κύ-

2102 610 2327 677 monio,
2361 626 2464 665 seu
2494 612 2805 682 martyrio,
2839 628 2988 682 Opus
3021 613 3116 679 sit,
3161 614 3317 684 quod
3348 615 3630 686 procedat
3657 633 3764 687 per

2104 700 2476 770 sanguinem.
2526 705 2784 758 Rursus:
2835 703 2894 757 Si
2942 703 3086 772 quis,
3134 705 3352 774 inquit,
3396 706 3614 760 domum
3646 724 3679 760 a
3708 723 3761 760 se

2103 804 2279 858 nuper
2327 791 2653 859 aediﬁcatam
2700 793 2943 846 nondum
3000 792 3299 859 habitavit,
3335 798 3617 850 autvitem
3648 813 3758 849 nu-

2094 893 2200 944 per
2223 879 2538 946 plantatam
2565 887 2838 950 operatus,
2872 884 3088 948 fructus
3132 883 3376 936 nanctum
3417 886 3526 950 fuit
3573 886 3758 955 parti-

2103 981 2244 1034 ceps,
2273 973 2369 1020 aut
2409 968 2515 1022 sibi
2561 970 2839 1040 desponsae
2885 971 3096 1038 virgini
3146 971 3392 1025 nondum
3419 975 3604 1042 nupsit
3635 975 3709 1045 (a)
3735 991 3754 1028 :

2103 1067 2203 1107 eos
2235 1055 2360 1109 vult
2390 1055 2652 1112 humana
2676 1057 2770 1112 lex
2792 1075 2922 1113 esse
2955 1058 3253 1114 immunes
3284 1076 3319 1114 a
3351 1060 3586 1128 militia,
3616 1079 3759 1132 pru-

2103 1140 2314 1196 denter
2345 1149 2404 1198 et
2435 1144 2840 1216 imperatorie,
2864 1163 2939 1202 ne
2965 1147 3106 1202 dum
3138 1148 3452 1204 avellimur
3472 1166 3506 1205 a
3527 1151 3756 1221 cupidi-

2103 1231 2346 1299 tatibus,
2376 1232 2592 1304 ignavo
2641 1241 2701 1289 et
2754 1235 2984 1308 dejecto
3042 1237 3242 1292 animo
3273 1237 3482 1293 demus
3514 1255 3756 1310 operam

2101 1321 2367 1390 militiae;
2403 1331 2542 1380 sunt
2580 1327 2741 1381 enim
2789 1326 2960 1381 liberi
3011 1327 3082 1382 ab
3133 1329 3620 1399 appetitionibus,
3651 1331 3751 1400 qui

2101 1411 2281 1466 alacri
2312 1414 2512 1469 animo
2545 1417 2767 1486 quaevis
2810 1418 3006 1488 gravia
3053 1417 3320 1488 pericula
3349 1419 3608 1486 adeunt;
3643 1420 3755 1472 hu-

2100 1517 2275 1555 mane
2306 1509 2527 1572 autem,
2588 1505 2870 1575 quoniam
2930 1506 3188 1561 incertos
3245 1507 3538 1563 bellorum
3579 1525 3752 1563 casus

2100 1597 2402 1662 reputans,
2432 1593 2707 1664 iniquum
2741 1611 2869 1649 esse
2901 1595 3089 1662 duxit,
3121 1601 3184 1649 ut
3215 1596 3312 1650 hic
3353 1597 3593 1667 quidem
3628 1597 3750 1651 suis

2100 1695 2222 1735 non
2249 1680 2545 1737 frueretur
2571 1683 2897 1753 laboribus,
2941 1684 3092 1738 alter
3135 1690 3333 1739 autem
3392 1686 3538 1740 citra
3562 1686 3752 1740 ullum

2099 1768 2364 1826 laborem
2397 1788 2466 1826 ea
2496 1773 2986 1844 perciperet,quaa
3013 1773 3116 1828 alii
3140 1790 3352 1846 magno
3375 1774 3574 1828 labore
3597 1791 3753 1829 com-

2021 1887 2065 1954 B
2098 1866 2332 1954 parant
2367 1859 2612 1916 Videtur
2638 1861 2701 1924 »Β
2731 1868 2929 1917 autem
2953 1862 3045 1917 lex
3068 1879 3306 1933 quoque
3336 1862 3753 1917 fortitudinem

2099 1947 2390 2018 indicare,
2449 1956 2714 2006 statuens
2770 1957 3044 2022 oportere
3095 1968 3254 2019 eum,
3310 1951 3410 2022 qui
3442 1952 3755 2023 plantavit,

2097 2037 2356 2094 fructum
2387 2040 2735 2111 percipere;
2782 2046 2842 2095 et
2893 2057 3049 2107 eum,
3085 2040 3185 2111 qui
3219 2040 3554 2108 aedificavit,
3586 2041 3757 2095 habi-

2097 2132 2220 2182 tare
2246 2146 2260 2194 ;
2295 2134 2354 2183 et
2384 2145 2540 2197 eum,
2567 2130 2667 2200 qui
2691 2129 2952 2201 puellam
2983 2129 3214 2199 ambiit,
3233 2147 3479 2185 uxorem
3511 2129 3746 2185 ducere.

2096 2217 2174 2270 Iis
2206 2217 2388 2285 enim,
2424 2219 2521 2288 qui
2583 2236 2644 2273 se
2704 2218 3037 2273 secundum
3096 2220 3425 2291 gnosticam
3454 2220 3750 2274 rationem

2097 2311 2511 2373 exercuerunt,
2565 2323 2699 2378 spes
2758 2324 2878 2362 non
2933 2308 3130 2363 reddit
3176 2308 3412 2363 irritas:
3446 2325 3585 2363 nam
3619 2307 3750 2362 boni

2094 2394 2222 2460 viri,
2257 2411 2366 2449 nec
2396 2398 2622 2463 mortui,
2663 2413 2773 2451 nec
2817 2397 3084 2464 viventis,
3130 2413 3250 2467 spes
3293 2400 3464 2468 perit.
3497 2399 3608 2466 Ego
3639 2412 3744 2463 eos,

2096 2481 2197 2552 qui
2224 2501 2308 2538 me
2337 2483 2604 2554 diligunt,
2637 2502 2779 2552 amo,
2828 2486 3023 2557 inquit
3069 2487 3405 2558 Sapientia:
3438 2489 3535 2556 qui
3564 2493 3748 2541 autem

2095 2587 2179 2626 me
2194 2581 2469 2644 quarunt,
2488 2576 2778 2630 inveniunt
2792 2592 2989 2646 pacem
3005 2576 3100 2646 (ὁ)
3115 2593 3129 2628 :
3145 2581 3204 2632 et
3219 2581 3472 2646 ea,‘qua3
3497 2591 3752 2646 sequun-

2097 2667 2211 2716 tur.
2250 2663 2400 2728 Quid
2426 2680 2564 2719 vero
2586 2663 2614 2718 ‘?
2636 2681 2836 2718 annon
2857 2664 3140 2719 mulieres
3164 2664 3618 2718 Madianitarum
3643 2680 3749 2718 sua

2095 2752 2541 2824 pulchritudine
2563 2752 2856 2808 bellantes
2879 2753 3154 2807 Hebraaos
3173 2769 3206 2807 a
3224 2753 3622 2822 temperantia
3644 2769 3750 2822 per

2097 2841 2592 2896 incontinentiam
2629 2841 3002 2896 deduxerunt
3023 2841 3094 2895 ad
3119 2841 3484 2912 impietatem
3506 2839 3534 2894 Ῡ
3563 2842 3748 2894 Mere-

2098 2929 2285 2983 triciis
2329 2929 2491 2984 enim
2539 2929 2838 2984 illecebris
2886 2929 3152 2998 allectos,
3186 2935 3245 2984 et
3273 2945 3308 2984 a
3337 2928 3494 3002 gravi
3539 2945 3606 2984 ac
3637 2928 3749 2983 ho-

2096 3023 2265 3072 nesta
2287 3018 2707 3072 exercitatione
2726 3017 2799 3072 ad
2818 3017 3186 3074 meretricias
3206 3018 3535 3090 voluptates
3555 3016 3747 3072 forma

2097 3107 2414 3173 inescatos,
2449 3105 2523 3162 ad
2553 3107 2848 3162 sacriﬁcia
2878 3105 3193 3174 idolorum,
3219 3111 3276 3162 et
3301 3106 3374 3161 ad
3405 3107 3749 3179 peregrinas

339 3219 448 3275 ριοι
478 3199 807 3267 κατέστησαν
855 3201 964 3252 τῶν
1009 3195 1314 3267 πολεμίων.
1348 3195 1526 3270 Ἀρχὴ
1584 3197 1694 3267 (39)
1747 3192 1838 3248 οῦν
1891 3213 1988 3248 σο-

2109 3195 2407 3262 mulieres,
2441 3195 2620 3250 veluti
2653 3193 2909 3266 quodam
2950 3195 3148 3250 furore
3179 3196 3456 3267 percitos,
3490 3195 3750 3250 deduxe-

338 3289 463 3361 φίας
521 3281 818 3352 θεοσέϐειαν
877 3286 1086 3346 σύνεσις
1165 3281 1222 3338 δὲ
1305 3283 1468 3358 ἁγίων
1535 3283 1867 3358 προμήθεια’
1925 3283 1988 3337 τὸ

345 3373 404 3431 δὶ
478 3379 682 3450 γνῶναι
762 3374 975 3446 Νόμον,
1058 3370 1298 3434 διανοίας
1385 3371 1526 3426 ἐστὶν
1605 3371 1836 3446 ἀγαθῆς.
1925 3371 1993 3428 Οἱ

349 3465 528 3520 τοίνυν
587 3463 866 3537 ὶμπαθοῦς
935 3457 1108 3540 φόϐου
1183 3461 1598 3536 περιποιητικὸν
1656 3461 1747 3514 τὸν
1806 3459 1995 3533 Νόμον

355 3549 748 3626 ὑπολαϐόντες,
799 3552 923 3608 οὕτε
969 3551 1158 3626 ἀγαθοὶ
1199 3551 1430 3606 συνιέναι
1461 3553 1592 3623 (40),
1625 3546 1748 3605 οὔτε
1777 3549 1996 3620 ἐνενόη-

354 3663 446 3697 σαν
504 3647 586 3714 τῷ
644 3639 759 3697 ὄντι
812 3641 906 3696 τὸν
960 3642 1170 3714 Νόμον·
1233 3635 1415 3702 Φόϐος
1474 3641 1582 3712 (bl)
1633 3638 1731 3713 γὰρ
1791 3638 1992 3714 Κυρίου

352 3733 496 3802 ζωὴν
555 3736 726 3786 ποιεῖ’
803 3732 859 3784 Ὀ
936 3728 994 3785 δὲ
1063 3728 1422 3803 πλανώμενος
1491 3727 1885 3800 ὀδυνηθῆσεται
1939 3727 1991 3782 ἐν

349 3821 562 3892 πόνοις,
649 3824 732 3884 οἷς
811 3821 911 3876 οὐκ
1009 3819 1384 3876 ἐπισκέπτεται
1468 3823 1685 3895 γνῶσις.
1769 3816 1994 3892 Ἀμᾶλει

353 3916 629 3984 μυστικῶς
691 3911 719 3965 6
774 3904 1078 3984 Βαρνάϐας,
1135 3910 1191 3964 '0
1250 3905 1309 3963 δὶ
1364 3908 1492 3972 Θεὸς
1544 3909 1652 3980 (42)
1711 3905 1739 3961 6
1792 3906 1990 3969 παντὸς

347 4002 560 4074 κόσμου
590 4004 704 4074 (43)
759 3999 1044 4076 κυριεύων,
1105 3998 1260 4076 φησὶ.
1321 3995 1437 4071 δῴη
1491 3997 1581 4053 καὶ
1638 3999 1764 4070 ὑμῖν
1803 3996 1988 4075 σοφίαν

343 4091 430 4144 καὶ
521 4090 753 4160 σύνεσιν,
839 4088 1174 4161 ἐπιστήμην,
1232 4091 1431 4162 γνῶσιν
1516 4090 1620 4141 τῶν
1684 4083 1992 4158 δικαιωμά-

341 4200 449 4234 των
510 4179 694 4252 αύτοῦ,
781 4179 1086 4251 ὑπομονήν.
1172 4177 1387 4241 Γίνεσθε
1470 4173 1560 4231 οῦν
1630 4172 1992 4248 θεοδίδακτοι,

345 4267 696 4339 ἰκζητοῦντες
735 4269 788 4323 τί
824 4273 975 4339 ζητεῖ
1025 4268 1054 4322 6
1112 4265 1306 4341 Κύριος
1365 4265 1454 4342 ἀφ’
1513 4265 1687 4338 ὑμῶν,
1712 4261 1802 4320 ’ίνα
1831 4262 1991 4340 εὕρη-

2105 3292 2263 3342 runt.
2296 3292 2342 3341 Α
2373 3286 2726 3341 mulieribus
2758 3293 2955 3341 autem
2989 3287 3166 3341 simul
3188 3287 3323 3340 victi
3347 3293 3405 3341 et
3429 3287 3752 3357 voluptate,

2105 3393 2139 3430 a
2168 3377 2285 3430 Deo
2317 3375 2560 3446 quidem
2589 3374 2935 3430 defecerunt
2968 3380 3028 3429 et
3072 3392 3108 3430 a
3154 3375 3314 3446 lege:
3349 3380 3408 3429 et
3436 3392 3752 3446 propemo-

2104 3464 2245 3520 dum
2277 3464 2587 3519 universus
2616 3462 2870 3534 populus
2893 3462 2952 3516 in
2976 3463 3236 3519 hostium
3262 3479 3478 3518 manus
3503 3463 3660 3518 venit
3682 3480 3751 3518 ac

2105 3559 2459 3625 potestatem
2490 3552 2767 3608 muliebri
2800 3557 3236 3625 stratagemate,
3269 3552 3456 3608 donec
3496 3554 3655 3623 ipsos
3686 3553 3747 3607 in

2103 3643 2436 3714 periculum
2458 3641 2742 3697 adductos
2768 3642 3032 3696 coercuit
3051 3642 3229 3696 timor
3249 3641 3750 3697 admonens.Tum

2103 3731 2166 3800 ii,
2199 3731 2301 3802 qui
2332 3731 2546 3801 reliqui
2579 3734 2769 3796 erant,
2796 3729 3078 3785 audacter
3107 3747 3212 3802 pro
3261 3731 3480 3802 pietate
3512 3747 3579 3786 ac
3608 3731 3752 3785 reli-

2101 3819 2273 3893 gione
2306 3825 2608 3876 certamen
2667 3819 3078 3890 suscipientes,
3137 3826 3451 3874 evaserunt
3479 3819 3751 3874 hostibus

2103 3909 2460 3980 superiores.
2521 3909 2819 3982 Sapientia
2875 3925 3002 3978 ergo
3048 3911 3397 3979 principium
3427 3916 3502 3964 est
3534 3910 3749 3979 religio.

2099 3997 2478 4067 Intelligentia
2535 4005 2716 4052 autem
2771 4005 2848 4053 est
2907 4014 3092 4052 rerum
3142 4004 3461 4053 sanctarum
3517 4013 3652 4053 cura
3697 4003 3751 4050 et

2093 4087 2644 4158 providentia.Nosse
2661 4093 2842 4141 autem
2862 4087 3032 4156 legem
3054 4092 3131 4142 est
3159 4087 3311 4141 bona
3331 4089 3526 4140 mentis
3547 4085 3751 4154 (c).Qui

2101 4193 2236 4249 ergo
2263 4176 2727 4232 existimaruntl
2744 4177 2782 4230 7
2797 4178 2834 4231 ι
2858 4176 3049 4248 legem
3072 4176 3307 4231 efﬁcere
3330 4176 3603 4230 timorem
3617 4191 3752 4230 cum

2100 4283 2278 4338 prava
2321 4264 2770 4338 perturbatione
2801 4265 3209 4337 conjunctum,
3242 4281 3354 4320 nec
3385 4268 3524 4320 sunt
3553 4263 3625 4318 ad
3655 4263 3748 4317 in-

448 4442 508 4504 .ι‹
537 4433 601 4488 Ρ.
632 4435 738 4488 472
767 4433 877 4488 ΕΙ).
911 4432 1204 4499 POTTER,
1238 4429 1315 4503 (a)
1345 4431 1514 4486 Dent.
1545 4446 1639 4497 xx,
1667 4433 1721 4499 5,
1754 4431 1806 4508 6,
1840 4435 1891 4485 7.
1927 4430 1991 4503 (δς

2109 4447 2202 4486 ‘ov.
2235 4447 2313 4497 ιι,
2345 4433 2413 4498 '7;
2449 4447 2562 4500 vm,
2596 4433 2680 4485 17.
2715 4430 2780 4501 (c)
2814 4431 2981 4484 Prov.
3014 4445 3091 4495 ix,
3131 4431 3218 4483 10.

418 4651 440 4705 l

343 4669 562 4803 ἓξέτοὶς
610 4669 824 4752 ὁρμαῖς’
863 4675 1282 4750 ἀπροφασίστως
1361 4678 1477 4734 τοῖς
1535 4669 1740 4735 δεινοῖς
1788 4672 1990 4728 ἐπαπο-

380 4770 603 4803 υωνται.

380 4770 603 4806 οων-ται.

416 4844 530 4914 (34)
560 4838 638 4897 Οὐ
667 4837 789 4913 γὰρ.
820 4839 1034 4914 Philo:
1092 4837 1182 4899 Ὠς
1239 4838 1303 4894 οὐ
1363 4835 1474 4914 δεῖν
1489 4912 1509 4914 μ
1527 4833 1738 4914 ἀτελεῖς
1782 4832 1996 4914 τᾶςᾼξλ-

343 4907 946 4984 πίδας’κατασκευάζειν
1011 4914 1128 4971 τοῖς
1182 4910 1400 4984 χρηστά
1445 4912 1552 4963 τῶν
1600 4907 1848 4984 κατάΑτὸν
1877 4908 1992 4983 βίον

343 4983 801 5062 προσδοκήσασιν.
835 4983 1105 5062 Reliqua
1127 4979 1343 5062 etiam,
1360 4981 1618 5062 σιω-ἀρ
1655 4979 1996 5062 Iudaeorum

345 5053 621 5118 instituta
641 5053 1144 5128 spectant,paucis
1163 5055 1465 5125 mutatis,e
1489 5053 1736 5109 Philone
1760 5058 1996 5124 sumpta

349 5138 508 5188 sunt.

417 5220 530 5290 (33)
574 5214 1042 5290 -Τελευτῇσαντοᾳ
1089 5283 1102 5290 _
1134 5213 1406 5290 Proverb.
1442 5231 1523 5290 nx,
1555 5217 1610 5290 _7
1639 5229 1650 5266 :

345 5281 532 5350 σαντος
562 5285 755 5361 ἀνδρὸς
785 5281 1014 5351 δικαίου,
1049 5283 1147 5338 οὐκ
1175 5281 1406 5338 ὄλλυται
1439 5281 1616 5346 ἐλπίς.

414 5383 526 5452 (36)
584 5378 916 5452 Εὖρή-σουσιν
978 5373 1222 5452 εἰρήνην.
1275 5375 1393 5452 Hoc
1452 5373 1668 5452 legitur
1716 5372 1988 5452 Proverb.

344 5443 470 5525 cap.
495 5443 608 5507 ivi.
634 5443 742 5506 Sed
766 5443 1064 5525 Prov._vui,_
1081 5447 1238 5501 unde
1261 5447 1481 5525 petitus
1504 5443 1599 5500 hic
1621 5445 1809 5525 locus,
1829 5443 1990 5517 εὑρή-

342 5517 494 5578 coam
517 5525 702 5596 χάριν.
726 5525 790 5576 Α.
818 5519 1274 5596 Madianitarunl
1293 5517 1612 5596 mulierum
1636 5521 1992 5596 strategema

344 5585 736 5652 exstnt'Num.
773 5609 900 5655 xxv,
935 5592 1100 5644 Deut.
1133 5607 1204 5653 ιν,
1239 5589 1453 5644 Psalm.
1490 5605 1577 5652 cv,
1602 5588 1758 5659 apud
1791 5585 1991 5642 Philo-

343 5686 480 5751 nem
515 5686 571 5751 ῃ.
606 5669 728 5751 fill.
765 5665 885 5751 50p.
937 5660 1616 5751 Chq'sostorp.‘homilia
1645 5664 1849 5715 contra
1879 5675 1988 5713 no-

346 5733 552 5796 vilunii
583 5739 1007 5802 observatores,
1042 5750 1098 5804 p.
1136 5736 1217 5788 16.
1256 5733 1322 5788 ιι.
1356 5733 1629 5788 SYLeunc.

415 5832 523 5904 (37)
551 5825 710 5888 Τυὺς.
744 5824 941 5881 Malim
971 5820 1189 5895 αὐτοὺς,
1220 5822 1362 5878 illos.

1719 5209 1994 5281 Τελευτή-

418 4607 526 4690 (33)
587 4602 921 4690 ⁹βλεύθεροί.
1007 4603 1216 4690 Philo:
1287 4603 1478 4689 ’Ὅπως
1537 4597 1847 4690 ξλευθέροίς
1903 4599 2073 4690 καὶᾹ)

2175 4603 2288 4674 (38)
2348 4598 2562 4674 Μικρὸν
2621 4593 2750 4652 δεῖν.
2813 4598 3094 4654 Usitatius
3152 4598 3352 4670 μικροῦ
3411 4594 3542 4651 δεῖν.
3605 4595 3748 4652 8η-

2103 4687 2265 4728 BURG.

2181 4745 2294 4816 (39)
2336 4739 2537 4816 Ἀρχὴ·
2594 4739 2774 4816 ’ᾼρχή
2851 4738 3043 4816 σρφίοις
3127 4733 3296 4816 φέϐος
3371 4737 3750 4816 Κιρρίουν,καῖ

2104 4806 2284 4943 ξουλῆ
2345 4806 2515 4886 ἁγίὶὖν
2568 4806 2791 4872 σύνεσὶς⁶
2845 4806 3062 4885 τὸ’γὰρ
3116 4806 3321 4887 γνῶναι
3377 4806 3549 4883 νόμον
3609 4806 3750 4868 διαν.

2153 4884 2378 4942 roverb.
2413 4901 2488 4943 ix.
2525 4886 2609 4939 lO.

2153 4884 2378 4942 roverb.
2395 4884 2488 4952 ix,
2525 4886 2609 4939 lO.

2198 4960 2292 5013 40)
2321 4955 2540 5013 Ἀγαθοὶ
2590 4973 2702 5008 συν.
2753 4953 3236 5010 Subaudiendum
3279 4952 3435 5010 εἷσεν.
3479 4955 3750 5010 εγωυιιο.

2198 4961 2265 5013 40
2321 4959 2376 5011 Ἀ
2419 4959 2540 5008 αθοὶ
2590 4973 2702 5008 συν.
2753 4959 3236 5010 Subaudiendum
3279 4959 3435 5010 εῖσίν.
3479 4959 3750 5010 δγιουιιο.

2175 4959 2536 5102 (41)*(ιξεῖῦος.Δ
2557 5025 2836 5102 P_r_ovgrb_.
2863 5019 3383 5102 χαλκὶς-Φόϐος
3436 5024 3634 5102 κυρίου
3675 5024 3753 5102 είς

2107 5091 2460 5173 ζωῆνάνδρὶ,
2516 5097 2544 5151 6
2594 5095 2651 5151 δὶ
2694 5091 3326 5173 ἅφοϐοςῌαύλισθῄσεται
3360 5091 3654 5173 ξιξ-τόποις,
3689 5096 3751 5151 οὗ

2104 5170 2203 5226 οὐκ
2231 5169 2605 5226 ἐπισκόπεῖται
2643 5169 2866 5242 γνῶσις.
2914 5169 3239 5224 Flaminius
3270 5170 3536 5226 Nobilius
3568 5170 3753 5242 adno-

2103 5245 2277 5331 tavit,
2298 5251 2524 5331 partem
2567 5240 2978 5331 posteriorem,
3013 5257 3048 5296 a
3077 5241 3542 5331 Χῐιοιλῐιὶιιιιὶεκξιοο
3573 5240 3747 5331 modo

2104 5309 2324 5372 scribi}
2392 5309 2758 5385 Πλανώμενος
2814 5310 2904 5365 καὶ
2961 5309 3300 5385 ἐμπλησθεὶς
3357 5311 3746 5382 αὐλισθήσεται

2102 5386 2225 5442 ἄνευ
2255 5385 2552 5457 ἐπιςκοπῆς
2583 5405 2717 5457 πονη
2729 5388 2842 5457 ρᾶς.

2174 5462 2283 5532 (42)
2315 5460 2374 5515 '0
2407 5455 2464 5512 δὲ
2495 5455 2642 5520 Θείας.
2677 5455 2810 5512 Haec
2855 5455 2962 5511 sub
3008 5457 3188 5512 ﬁnem
3221 5455 3486 5528 epistolae
3518 5455 3572 5508 S.
3607 5455 3742 5508 Bar-

2100 5531 2271 5587 nabas
2302 5535 2553 5587 exstant.

2173 5605 2281 5671 (43)
2334 5604 2447 5658 Τοῦ
2495 5621 2551 5654 π.
2603 5618 2658 5654 κ.
2702 5596 2908 5671 Παντὸς
2935 5600 3030 5671 τοῦ
3060 5595 3541 5671 κόμρυιθᾶΐῑιᾶξὶ.
3593 5597 3742 5671 Mox,

2173 5605 2281 5728 (43')
2334 5605 2447 5658 Τοῦ
2495 5621 2551 5654 π.
2603 5618 2658 5654 κ.
2702 5605 2908 5658 Παντὸς
2935 5605 3030 5651 τοῦ
3060 5605 3257 5669 κόμου,
3295 5605 3541 5652 Barnah.
3595 5605 3740 5666 Mox,

2102 5669 2218 5746 δῴη
2289 5673 2657 5746 piv,_omissa
2702 5667 2790 5746 καὶ
2823 5669 3135 5746 particula.
3170 5667 3337 5746 Dein,
3379 5665 3590 5746 σοιρίαν,
3624 5664 3740 5746 ἐπι-

2100 5735 2340 5818 στήμην,
2375 5735 2851 5824 σύνειῃν.“γνῶσιν
2905 5743 3012 5794 τῶν
3059 5735 3107 5795 δ.
3161 5736 3346 5811 αὐτοῦ,
3379 5737 3432 5794 ἐν
3458 5735 3738 5811 ῦπομονῇ.

2098 5811 2312 5883 Γίνέσθε
2329 5811 2400 5871 ’δὶ
2425 5811 2569 5871 θεοδ.
2593 5811 2742 5869 Ibid.
