4050 6188
391 414 527 475 1047

1616 412 2027 475 ΟΕΕΜΕΝΤΙΒ
2063 415 2568 477 ALEXANDBINI

3665 400 3812 467 tota
3838 392 3845 399 ’

387 542 560 601 detur
588 543 925 600 describere
956 540 1288 600 amicitias:
1346 545 1464 600 Una
1519 544 1742 614 quidem
1793 552 1892 612 est,
1944 545 2032 599 in-

2156 541 2214 598 οῦ
2248 564 2380 622 φησι
2405 549 2486 617 τῷ
2510 541 2737 603 διδόντι.
2771 538 2970 604 Καλῶς
3019 534 3251 608 ἔδῶκας,
3301 536 3467 608 ἅλλὰ,
3500 535 3701 597 Καλῶς
3732 533 3811 590 εἶ’-

391 634 535 705 quit,
566 651 634 688 ea:
662 635 894 689 scientia
923 633 1146 687 deorum
1177 651 1199 698 ;
1248 631 1425 688 altera
1480 648 1628 701 vero,
1659 649 1729 688 ex
1761 633 2039 689 hominum

389 724 888 794 suppeditatione;
937 724 1103 776 tertia
1148 738 1294 789 vero,
1346 738 1416 776 eo:
1470 722 1756 792 voluptate
1785 723 2043 777 animan-

393 816 553 869 tium.
587 815 688 869 Est
717 830 854 887 ergo
890 828 1011 868 una
1033 810 1275 884 quidem
1296 811 1635 885 philosophi
1666 811 2040 879 amicitia,al-

393 907 521 957 tera
549 919 687 958 vero
716 901 1000 970 hominis,
1032 902 1207 957 tertia
1237 904 1440 957 autem
1490 900 1788 956 animalis.
1823 903 2044 956 Revera

396 993 560 1047 enim
591 992 694 1048 Dei
725 997 815 1047 est
847 992 1034 1065 imago
1065 992 1241 1047 homo
1267 989 1685 1046 benefaciens:
1724 1006 1843 1061 qua
1892 992 1951 1045 in
1978 1006 2042 1044 re

395 1080 523 1152 ipse
553 1081 729 1136 etiam
758 1081 1050 1137 beneﬁcio
1063 1080 1324 1136 afﬁcitur
1345 1098 1360 1147 ;
1384 1096 1537 1148 nam,
1570 1080 1724 1134 sicut
1749 1079 2043 1152 guberna-

394 1174 506 1238 tor,
540 1170 719 1226 simul
751 1175 944 1226 servat
973 1174 1032 1226 et
1063 1174 1347 1226 servatur.
1379 1172 1451 1225 Et
1470 1169 1602 1225 ideo
1633 1186 1767 1224 cum
1791 1169 2041 1240 quispe-

394 1263 529 1314 tens
557 1259 737 1315 fuerit
756 1265 1135 1328 consecutus,
1169 1275 1291 1315 non
1323 1259 1467 1315 dicit
1516 1258 1705 1327 danti,
1737 1260 1915 1314 Recte
1946 1257 2043 1312 de-

394 1348 557 1420 disti,
589 1349 715 1419 sed,
741 1352 919 1406 Recte
950 1349 1253 1421 accepisti.
1279 1349 1367 1404 Ita
1395 1348 1611 1420 accipit
1642 1347 1905 1420 quidem,
1938 1346 2040 1418 qui

391 1438 529 1506 dat;
564 1439 665 1494 dat
693 1445 917 1505 autem,
949 1439 1051 1511 qui
1089 1438 1324 1509 accipit.
1357 1440 1505 1493 Justi
1558 1444 1744 1492 autem
1784 1439 2042 1493 miseren-

392 1535 485 1583 tur
512 1528 589 1600 (a)
619 1546 640 1593 ;
672 1529 892 1599 benigni
920 1533 1278 1583 autemerunt
1306 1527 1643 1582 habitatores
1660 1533 1820 1582 terim
1840 1527 2040 1591 ;inno-

392 1624 571 1673 centes
599 1624 784 1672 autem
812 1618 1198 1686 relinquentur
1224 1618 1284 1670 in
1313 1633 1377 1670 ea
1405 1633 1427 1680 ;
1457 1618 1556 1687 qui
1579 1622 1764 1671 autem
1784 1617 1972 1685 inique
1986 1631 2041 1671 se

396 1712 620 1775 gerunt,
647 1706 1167 1760 exta-minabantur
1193 1704 1263 1759 ab
1293 1721 1356 1760 ea
1384 1705 1478 1776 (b).
1521 1706 1604 1760 Ac
1633 1704 1779 1761 mihi
1811 1704 2041 1759 videtur

395 1795 685 1848 Homerus
716 1793 956 1849 fidelem
987 1793 1410 1866 prmdivinans,
1443 1794 1663 1849 dixisse
1690 1795 1807 1848 :Da
1842 1795 2039 1848 amico.

395 1882 645 1939 Inimico
677 1888 878 1938 autem
908 1882 1219 1939 ferendum
1241 1889 1333 1939 est
1369 1883 1679 1954 auxilium,
1710 1900 1786 1939 ne
1805 1886 2043 1939 maneat

396 1971 699 2028 inimicus.
716 1972 946 2028 Auxilio
972 1973 1139 2028 enim
1153 1973 1409 2028 vincitur
1428 1972 1670 2044 quidem
1692 1972 2042 2027 benevolen-

398 2061 502 2129 tia,
534 2060 943 2117 dissolvuntur
968 2058 1103 2116 vero
1135 2061 1485 2117 inimicitia.
1520 2061 1633 2117 Sed
1676 2063 1724 2117 si
1746 2062 1891 2116 adsit
1920 2061 2041 2131 qui-

397 2151 519 2205 dem
541 2152 929 2222 promptitudo
952 2152 1144 2219 animi,
1169 2157 1440 2221 quatenus
1480 2151 1662 2219 habet,
1695 2158 1772 2206 est
1796 2156 2037 2220 accepta,

392 2256 505 2294 non
536 2246 806 2310 quatenus
834 2256 946 2295 non
975 2240 1155 2295 habet.
1188 2242 1308 2296 Non
1332 2242 1477 2294 enim
1506 2247 1569 2295 ut
1618 2240 1747 2296 aliis
1773 2241 2037 2308 remissio,

399 2329 550 2384 vobis
580 2336 763 2384 autem
783 2331 1037 2398 afﬂictio,
1075 2330 1170 2384 sed
1199 2345 1268 2384 ea:
1317 2328 1641 2400 zqualitate
1696 2331 1756 2384 in
1776 2331 2041 2400 praesenti

393 2425 634 2488 tempore
663 2418 755 2488 (c),
788 2422 848 2472 et
870 2434 1002 2488 qum
1033 2421 1383 2489 sequuntur.
1415 2420 1700 2488 Dispersit,
1731 2419 1882 2473 dedit
1892 2436 2039 2490 pau-

2148 631 2350 710 ληφας.
2386 631 2539 687 Οὕτω
2570 626 2839 707 λαμϐάνει
2874 631 2969 704 μὶν
3003 632 3032 686 6
3063 626 3269 697 διδοὺς,
3305 624 3497 683 δίδωσι
3526 624 3583 680 δὶ
3614 626 3644 679 6
3667 623 3812 697 λαμ-
3844 650 3847 653 λ

2155 720 2352 795 βάνων.
2412 722 2620 778 Δίκαιοι
2681 722 2795 795 (49)
2853 717 2913 775 δὲ
2970 718 3306 795 οἷ’κτείρουσι
3342 760 3356 788 ,
3414 714 3507 771 καὶ
3564 713 3810 770 ἐλεοῦσι*

2154 811 2383 887 χρηστοί
2456 808 2514 867 δὲ
2582 809 2793 867 ἔσονται
2887 809 3175 885 οἰκήτορες
3257 813 3386 881 γῆς·
3468 802 3667 861 ἄκακοι
3752 801 3811 858 δὲ

2153 898 2649 977 ὑπολειφθήσονται
2709 899 2800 955 ἀπ’
2858 898 3024 968 αὐτῆς
3057 916 3071 930 ⁸
3136 898 3190 953 οἱ
3248 893 3307 951 ὃὶ
3362 897 3815 971 παρανομοῦντες

2150 985 2700 1065 ἐξολοθρευθήσονται
2757 989 2847 1044 ἀπ’
2902 986 3069 1058 αὐτῆς
3102 1029 3117 1045 .
3185 984 3291 1042 Καί
3363 1004 3456 1058 μοι
3510 981 3666 1038 δοκεῖ
3716 982 3814 1037 τὸν

2150 1080 2338 1135 πιστὸν
2390 1078 2908 1155 προμαντευόμενος
2966 1079 3081 1151 (50)
3145 1077 3403 1149 Ὅμηρος
3479 1072 3762 1146 εἰρηκέναι
3800 1111 3817 1140 ,

2152 1168 2251 1230 Δὸς
2303 1166 2474 1247 φίλῳο
2534 1168 2721 1244 ἐχθρῷ
2773 1165 2831 1224 δὲ
2888 1163 3298 1241 ἐπικουρητὲον,
3347 1161 3439 1218 ’ἵνα
3501 1162 3577 1235 μὴ
3646 1160 3813 1236 μείνῃ

2149 1254 2368 1332 ἐχθρός*
2398 1256 2683 1335 ἰπικουρία
2711 1256 2815 1333 γὰρ
2848 1259 2959 1331 (51)
2991 1253 3176 1327 εὐνοίᾳ
3210 1254 3304 1327 μὶν
3348 1249 3644 1322 συνδεῖται,
3676 1248 3816 1307 λύει

2146 1366 2235 1401 ται
2290 1343 2349 1402 δὲ
2404 1345 2577 1424 ἔχθρα
2610 1390 2625 1405 .
2678 1344 2835 1404 Ἀλλ’
2892 1344 2945 1401 εἷ’
2995 1344 3087 1401 καὶ
3158 1336 3437 1421 προθυμία
3517 1339 3818 1424 πρόκειται

2150 1436 2286 1501 καθὸ
2338 1434 2424 1492 ἐὰν
2486 1422 2591 1512 ἔχῃ
2623 1477 2640 1504 ,
2697 1432 3112 1513 εὐπροσδεκτος,
3165 1432 3227 1490 οὖ
3281 1433 3415 1487 καθὸ
3471 1430 3573 1485 οὔκ
3635 1422 3761 1504 ἔχει
3796 1446 3815 1463 ·

2150 1526 2215 1583 οὐ
2261 1526 2362 1602 γὰρ
2416 1523 2510 1581 ἵνα
2566 1522 2763 1588 ἄλλοις
2821 1523 3053 1595 ἄντεσις,
3124 1524 3254 1597 ὑμῖν
3313 1518 3371 1576 δὲ
3428 1514 3818 1593 θλίψις,ἀλλ⁹

2150 1614 2203 1687 ἐξ
2267 1612 2521 1687 ἰσότητος
2610 1614 2664 1671 ἑν
2724 1619 2804 1688 τῷ
2893 1618 2983 1671 νῦν
3042 1616 3218 1690 καιρῷ
3252 1632 3265 1645 °
3342 1610 3432 1667 καὶ
3495 1610 3565 1665 τὰ
3631 1609 3763 1681 ἑξῆς
3795 1624 3811 1639 ⁸

2151 1704 2499 1783 Ἐσκόρπισεν
2534 1752 2551 1779 ,
2604 1698 2806 1761 ἔδωκεν
2881 1709 3001 1767 τοῖς
3054 1702 3279 1774 πὲνησιν
3314 1719 3329 1734 ·
3387 1702 3424 1771 ἡ
3482 1696 3813 1767 δικαιοσύνη

2149 1792 2315 1850 αὐτοῦ
2355 1794 2500 1868 μένει
2562 1794 2640 1853 εἷς
2694 1794 2788 1850 τὸν
2844 1794 3038 1861 αἰῶνα,
3068 1794 3104 1862 ἡ
3138 1791 3323 1870 Γραφὴ
3382 1788 3553 1865 λέγει.
3587 1786 3669 1845 Τὸ
3701 1788 3815 1862 γὰρ

2150 1884 2266 1939 κατ’
2318 1882 2500 1939 εἰκόνα
2558 1885 2671 1959 (52)
2700 1883 2793 1939 καὶ
2853 1882 3146 1956 ὁμοίωσιν,
3204 1880 3282 1942 ὡς
3335 1878 3427 1935 καὶ
3455 1876 3693 1952 πρόσθεν
3731 1873 3817 1929 εἰ-

2158 1972 2521 2048 ρήκαμεν.οὐ
2560 1972 2623 2027 τὸ
2678 1974 2817 2028 κατὰ
2872 1975 3034 2044 σῶμα
3093 1969 3357 2044 μηνύεται
3416 1966 3502 2042 (οὗ
3557 1964 3662 2041 γὰρ
3718 1965 3814 2018 θὲ-

2151 2082 2243 2136 μις
2300 2059 2492 2133 θνητὸν
2542 2061 2791 2135 ἁῦαοάτῳ
2850 2060 3303 2133 ἐξομοιοῦσθαι),
3373 2054 3501 2113 ἀλλ’
3569 2054 3606 2125 ἢ
3664 2054 3812 2110 κατὶ

2146 2155 2268 2206 νοῦν
2324 2151 2413 2206 καὶ
2472 2149 2760 2225 λογισμόν·
2809 2151 2856 2223 ᾧ
2885 2151 2975 2206 καὶ
3029 2150 3130 2220 τὴν
3188 2148 3325 2224 πρὸς
3371 2146 3436 2202 τὸ
3493 2144 3806 2221 εὐεργετεῖν

2146 2241 2236 2297 καὶ
2265 2241 2366 2310 τήν
2413 2240 2552 2316 πρὸς
2600 2241 2665 2296 τὸ
2724 2237 2912 2318 ἄρχειν
2971 2239 3279 2314 ὁμοιότητα
3342 2234 3742 2312 προσηκόντως
3775 2233 3804 2287 ὁ

2146 2330 2350 2405 Κύριος
2384 2329 2806 2407 ἒνσφραγίζεται·
2848 2328 2912 2385 οὗ
2958 2329 3063 2404 γὰρ
3096 2328 3152 2383 αὶ
3197 2323 3495 2402 ἡγεμονίαι
3524 2324 3803 2396 σωμάτων

2147 2418 2459 2489 ποιότησιν,
2481 2416 2630 2475 ἀλλᾶ
2651 2415 3110 2492 διανοίαςκρίσεσι
3128 2416 3539 2489 κατορθοῦνθαι’
3569 2409 3808 2488 βουλαῖς

380 2508 610 2578 poribus
635 2523 647 2561 :
662 2507 893 2577 justitia
917 2508 1034 2578 ejus
1062 2514 1246 2563 manet
1273 2510 1333 2563 in
1359 2508 1617 2563 saeculum
1645 2509 1833 2564 saeculi
1850 2510 2042 2578 (d),ait

2156 2508 2250 2584 γὰρ
2280 2504 2488 2584 ἀνδρῶν
2516 2507 2681 2563 ὁσίων
2714 2507 2771 2563 εὗ
2795 2507 2891 2581 μὶν
2925 2505 3198 2564 οἰκοῦνται
3228 2504 3442 2575 πόλεις,
3466 2501 3524 2558 εὖ
3549 2499 3598 2557 δ’
3629 2502 3807 2564 οἶκος.

389 2594 711 2667 Scriptura.
744 2594 909 2660 Quod
939 2595 1100 2650 enim
1130 2600 1221 2650 est
1239 2594 1315 2650 ad
1344 2595 1665 2668 imaginem
1696 2602 1755 2651 et
1784 2596 2261 2667 similitudinem,
2294 2598 2449 2653 sicut
2476 2597 2656 2654 etiam
2685 2597 2851 2670 prius
2883 2596 3162 2664 diximus,
3182 2612 3302 2652 non
3329 2594 3526 2650 elucet
3554 2607 3812 2663 corpore

393 2683 587 2755 (nefas
616 2684 776 2740 enim
808 2690 917 2754 est,
950 2685 1201 2740 mortale
1232 2684 1549 2741 assimilari
1574 2686 1939 2758 immortali),
1962 2686 2068 2743 sed
2098 2693 2295 2743 mente
2326 2703 2395 2743 ac
2424 2688 2655 2745 ratione
2685 2703 2700 2744 :
2736 2704 2853 2760 qua
2883 2693 2942 2744 et
2990 2703 3144 2754 eam,
3178 2703 3311 2758 quas
3341 2689 3433 2742 est
3460 2683 3524 2740 in
3556 2682 3814 2739 benefa-

395 2772 629 2840 ciendo,
664 2779 723 2828 et
751 2790 903 2842 eam,
933 2790 1066 2845 qua;
1096 2774 1157 2828 in
1184 2774 1555 2846 imperando,
1587 2773 1863 2847 obsignat
1889 2776 2177 2832 Dominus
2210 2776 2686 2833 similitudinem.
2717 2778 2846 2833 Non
2892 2776 3052 2833 enim
3082 2776 3453 2849 principatus
3484 2787 3814 2845 corporum

391 2862 800 2934 qualitatibus,
829 2862 933 2919 sed
955 2863 1185 2935 judicio
1215 2864 1434 2919 mentis
1464 2869 1622 2921 recte
1642 2870 1951 2937 geruntur.
1984 2867 2337 2923 Sanctorum
2395 2867 2559 2923 enim
2616 2867 2879 2923 virorum
2935 2866 3203 2923 consiliis
3230 2868 3293 2932 »14
3341 2863 3611 2920 civitates
3641 2867 3811 2917 recte

390 2953 908 3025 administrantur,
941 2958 1001 3009 et
1028 2958 1187 3010 recte
1216 2953 1449 3010 domus.

1903 3096 2134 3157 CAPUT
2161 3098 2280 3156 XX.

1214 3203 1419 3262 Verum
1465 3205 1778 3263 Gnosticum
1803 3206 2154 3263 tolerantiam
2193 3212 2245 3262 et
2275 3205 2664 3263 abstinentiam
2703 3222 2972 3264 exercere.

464 3334 645 3389 Porro
668 3337 865 3388 autem
892 3330 1351 3403 tolerantiaipsa
1375 3346 1612 3403 quoque
1642 3330 1951 3388 contendit
1969 3330 2042 3387 ad

2221 3330 2291 3388 Ἦ
2347 3349 2410 3404 γε
2452 3331 2560 3404 μὴν
2619 3328 2875 3407 καρτερία
2928 3328 3019 3385 καὶ
3072 3327 3207 3400 αὐτὴ
3257 3328 3337 3393 εἰς
3374 3331 3475 3400 τὴν
3507 3327 3653 3386 θείαν
3685 3327 3809 3400 ἑξο-

391 3420 654 3477 divinam
681 3420 1160 3489 similitudinem,
1192 3425 1259 3475 ut
1279 3436 1410 3492 quas
1434 3419 1875 3492 impatibilitate
1896 3437 2042 3491 quo-

2156 3417 2385 3492 μοίωσιν
2439 3419 2700 3494 βιάζεται,
2762 3415 2831 3473 δι’
2893 3418 3177 3492 ὑπομονῆς
3231 3417 3492 3483 ἀπάθειαν
3524 3422 3639 3493 (53)
3669 3438 3812 3493 καρ-

396 3510 713 3566 dammodo
742 3511 977 3567 fruatur
996 3527 1103 3583 per
1126 3509 1496 3582 patientiam,
1522 3509 1571 3566 si
1588 3509 1721 3581 quis
1743 3510 1805 3565 in
1818 3526 2042 3565 memo-

2156 3508 2426 3582 πουμένη,
2476 3506 2531 3563 εἷ’
2580 3529 2661 3581 τῳ
2718 3501 2920 3564 ἔναυλα
2971 3509 3041 3564 τὰ
3096 3506 3182 3563 ἐπὶ
3232 3507 3324 3563 τὸν
3383 3508 3629 3566 Ἀνανίαν
3693 3512 3810 3582 (54)

391 3602 483 3657 ria
513 3606 713 3657 teneat
732 3618 819 3669 ea,
853 3619 985 3673 quin
1016 3607 1334 3658 narrantur
1382 3601 1453 3658 de
1484 3601 1751 3657 Anania:
1785 3616 2039 3672 quorum

2156 3596 2552 3673 ἱστορούμενα·
2613 3598 2688 3652 ὧν
2746 3598 2819 3659 εἶς
2867 3597 2957 3652 καὶ
3014 3596 3219 3667 Δανιὴλ
3276 3598 3305 3652 6
3361 3599 3655 3675 προφήτης
3713 3598 3808 3667 ἦν,

394 3708 556 3747 unus
588 3708 825 3763 quoque
856 3691 971 3746 fuit
990 3692 1199 3747 Daniel
1222 3690 1737 3763 propheta,divina
1769 3691 1883 3746 fide
1906 3691 2042 3762 ple-

398 3796 536 3836 nus.
559 3779 921 3852 Babylonem
952 3779 1259 3836 habitabat
1287 3780 1516 3849 Daniel,
1577 3780 1731 3835 sicut
1759 3781 1865 3836 Lot
1912 3780 2045 3852 qui-

400 3867 539 3924 dem
568 3868 844 3939 Sodoma,
857 3868 1266 3925 Chaldaaorum
1279 3875 1479 3925 autem
1492 3874 1711 3925 terram
1724 3869 2044 3939 Abraham,

403 3958 505 4027 qui
535 3956 713 4029 paulo
746 3961 882 4028 post
928 3957 1041 4011 fuit
1087 3958 1190 4012 Dei
1240 3958 1486 4013 amicus.
1538 3959 1605 4014 In
1636 3963 1875 4015 antrum
1904 3958 2048 4014 feris

403 4046 650 4119 plenum
680 4045 926 4100 adduxit
956 4045 1263 4101 Danielem
1295 4061 1399 4101 rex
1428 4046 1890 4119 Babyloniorum
1916 4064 1929 4102 :
1962 4048 2048 4120 ip-

403 4152 537 4191 sum
559 4139 758 4190 autem
789 4133 995 4189 eduxit
1014 4133 1269 4190 illaesum
1293 4152 1395 4191 rex
1411 4136 2047 4205 universorumﬁdelis

400 4225 708 4281 Dominus.
740 4224 903 4280 Hanc
928 4223 1258 4296 possidebit
1298 4225 1674 4282 tolerantiam
1721 4227 2047 4300 gnosticus,

399 4320 695 4388 quatenus
717 4318 809 4370 est
838 4312 1151 4387 ejusmodi.
1186 4315 1244 4369 Si
1278 4319 1559 4387 tentatur,
1605 4314 1939 4383 benedicet,
1983 4320 2051 4371 ut

398 4422 725 4482 generosus
744 4404 851 4461 Job
879 4422 892 4472 ;
927 4404 975 4460 si
1012 4403 1327 4462 devoretur
1347 4422 1382 4460 a
1412 4410 1560 4471 cete,
1597 4410 1664 4460 ut
1708 4406 1884 4460 Jonas
1914 4422 2051 4477 pre-

401 4495 652 4564 cabitur,
686 4500 745 4550 et
763 4494 912 4550 ﬁdes
938 4510 1069 4549 eum
1094 4497 1369 4551 restituet
1389 4494 1811 4566 prmdiceutem
1835 4493 2048 4549 Ninivi-

402 4585 479 4640 tis
514 4601 527 4651 ;
561 4589 619 4638 et
642 4583 912 4639 inclusus
943 4583 1124 4639 fuerit
1171 4601 1308 4640 cum
1354 4582 1649 4650 leonibus,
1698 4583 1858 4639 feras
1886 4599 2050 4639 man-

406 4672 728 4741 suefaciet;
761 4678 819 4729 et
849 4673 897 4728 si
930 4673 991 4728 in
1020 4673 1216 4747 ignem
1246 4674 1427 4730 fuerit
1464 4674 1741 4746 injectus,
1774 4689 1907 4728 rore
1955 4689 2047 4727 re-

406 4761 726 4835 creabitur,
767 4779 890 4819 non
920 4764 1056 4836 igne
1088 4768 1386 4819 exuretur.
1422 4764 1610 4818 Noctu
1660 4763 1774 4817 erit
1803 4766 2050 4833 martyr,
2088 4798 2091 4836 ς

408 4853 671 4911 interdiu
706 4834 1022 4926 martyr,in
1055 4851 1417 4922 sermone,in
1429 4836 1635 4918 vita,in
1656 4850 1924 4907 moribus
1944 4850 2056 4906 erit
2084 4834 2131 4901 D

2152 3686 2297 3750 οείας
2328 3685 2564 3750 πίστεως
2620 3685 3081 3763 πεπληρωμένος.
3143 3682 3447 3745 Βαϐυλῶνα
3501 3684 3635 3758 ᾤκει
3696 3696 3813 3741 Δα-

2152 3773 2303 3847 νιὴλ,
2333 3775 2574 3852 καθάπερ
2606 3777 2634 3832 6
2669 3776 2766 3850 μὶν
2794 3776 2922 3832 Λὼτ
2963 3775 3030 3832 τὲ
3086 3773 3332 3851 Σόδομα,
3385 3777 3485 3845 τήν
3542 3774 3809 3834 Χαλαίων

2155 3862 2213 3921 δὶ
2250 3871 2355 3940 γῆν
2412 3866 2441 3920 6
2495 3859 2770 3940 Ἀϐραὰμ,
2802 3865 2830 3921 ὁ
2863 3866 2979 3940 μετ’
3037 3863 3225 3942 ὀλίγον
3286 3866 3448 3942 φίλος
3494 3868 3593 3921 τοῦ
3644 3868 3811 3922 Θεοῦ.

2156 3956 2471 4032 Κατήγαγεν
2502 3953 2594 4010 οὖν
2629 3954 2707 4017 εἰς
2763 3949 2978 4032 ὄρυγμα
3024 3955 3236 4029 θηρίων
3267 3949 3521 4029 ἔμπλεων
3546 3955 3641 4010 τὸν
3702 3962 3812 4009 Δα-

2153 4042 2282 4114 νιήλ
2340 4044 2369 4099 6
2430 4039 2790 4120 βαϐυλωνίων
2872 4043 3126 4120 βασιλεύς
3156 4064 3170 4078 ο
3235 4044 3471 4120 ἀνήγαγε
3524 4041 3585 4100 δὶ
3638 4043 3809 4100 αὐτὸν

2157 4127 2373 4204 ἀϐλαϐῆ
2407 4134 2435 4188 6
2472 4134 2721 4209 βπάντων
2776 4130 3050 4209 βασιλεὺς,
3080 4133 3109 4188 6
3139 4133 3330 4195 πιστὸς
3386 4132 3603 4208 Κύριος.
3661 4133 3817 4188 Tati-

2155 4246 2255 4295 την
2287 4227 2521 4296 κτήσετα
2572 4224 2671 4294 τήν
2709 4224 3008 4297 ὗπομομὴν
3049 4224 3078 4279 6
3126 4223 3445 4300 γνωστικὸς,
3568 4243 3815 4300 γνωστι-

2159 4314 2273 4379 κός’
2334 4312 2627 4391 εὐλογήσει
2681 4312 3093 4388 πειραζόμενος,
3153 4312 3229 4376 ὡς
3279 4313 3309 4368 6
3356 4318 3604 4389 γενναῖος
3650 4308 3814 4382 Ἰὼϐ,

2159 4403 2235 4465 ὡς
2268 4404 2452 4465 Ἰωνᾶς
2484 4400 2686 4474 εὔξεται
2742 4403 3178 4478 καταπινόμενος
3236 4401 3338 4459 ὑπὸ
3392 4403 3620 4476 κήτους,
3650 4402 3747 4458 καὶ
3776 4404 3817 4472 ἠ

2160 4490 2342 4555 πίστις
2371 4491 2529 4548 αὐτὸν
2562 4491 2997 4565 ἀποκαταστήσει
3020 4490 3331 4556 Νινευίταις
3369 4491 3820 4572 προφητεύοντα·

2161 4577 2257 4636 κᾶν
2320 4580 2455 4655 μετᾶ
2510 4579 2747 4639 λεόντων
2800 4585 3130 4658 καθειρχθῆ,
3194 4583 3475 4659 ἡμερώσει
3526 4582 3595 4638 τὰ
3626 4578 3822 4658 θηρία⁴

2160 4667 2256 4725 κᾶν
2289 4669 2367 4734 εἰς
2394 4674 2502 4745 πῦρ
2524 4665 2804 4746 ἐμϐληθῇ,
2845 4668 3283 4746 δροσισθησεται,
3330 4668 3459 4728 ἀλλ’
3498 4672 3599 4728 οὐκ
3650 4671 3825 4729 ἐκπυ-

2165 4760 2466 4837 ρωθήσεται
2500 4779 2514 4792 ·
2579 4762 2908 4836 μαρτυρήσει
2954 4762 3168 4837 νύκτωρ
3202 4804 3217 4831 ,
3282 4764 3621 4838 μαρτυρήσει
3697 4763 3823 4836 μεθ’

2160 4849 2395 4924 ἡμέραν
2456 4847 2507 4903 ἐν
2561 4846 2732 4924 λόγῳ,
2791 4846 2843 4904 ἐν
2906 4847 3033 4924 βίῳ,
3093 4848 3145 4905 ἰν
3202 4851 3392 4927 τρόπῳ
3451 4853 3822 4928 μαρτυρήσει·

480 4988 540 5053 >X<
569 4990 633 5044 P.
665 4988 770 5044 484
799 4987 912 5045 ED.
936 4986 1232 5058 POTTER,
1263 4989 1366 5044 4Οὸ
1389 4987 1504 5046 ED.
1536 4986 1765 5046 PARIS.
1797 4986 1879 5061 (α)
1908 4986 2042 5044 Prm

2156 5003 2229 5059 xi,
2262 4986 2351 5045 26.
2382 4985 2459 5058 (b)
2493 4987 2662 5041 Prov.
2694 5001 2754 5053 ιι,
2787 4986 2876 5054 21,
2907 4984 2997 5041 22.
3057 4985 3128 5060 (c)
3173 4987 3225 5041 ll
3280 4988 3411 5044 Cor.
3442 5003 3563 5057 vin,
3597 4990 3689 5057 12,
3727 4987 3819 5045 13.

405 5058 484 5135 (ά)
507 5061 660 5117 Psal.
695 5076 808 5128 an,
837 5061 893 5115 9.

477 5192 591 5318 £49!)
650 5187 889 5279 A-lxatOt.
921 5188 1197 5279 Proverb.
1228 5209 1324 5264 xx,
1356 5192 1471 5254 26:
1530 5188 1587 5249 '0
1644 5184 1855 5257 δίκαιος
1910 5186 2054 5251 ἒλεεῖ

528 5284 556 5317 ο
583 5279 784 5318 κτειοει
814 5260 1069 5318 διφειδων.
1095 5267 1366 5318 Proverb.
1421 5285 1481 5318 ιι-
1516 5271 1608 5318 21.
1661 5270 1771 5318 22:
1806 5267 2054 5318 Xeno-toi

405 5260 497 5320 καὶ
528 5260 784 5388 οἰκτεῖρει
814 5260 1069 5340 ἂφειδῶν.
1095 5260 1366 5323 Proverb.
1421 5285 1483 5333 ιι,
1516 5271 1608 5335 21,
1661 5270 1771 5323 22:
1806 5267 2056 5341 Χρηστοί

407 5333 617 5388 ἔσονται
675 5334 962 5388 οκήτοοες
1008 5338 1131 5388 γῆς.
1191 5338 1381 5388 ἄκακοι
1444 5336 1501 5388 δὲ
1560 5336 2053 5388 ὑπολειωιὶιίσονται

407 5333 625 5415 ἔσονται
675 5333 962 5415 οἰκήτορες
980 5338 1131 5415 μγῆς,
1191 5338 1386 5415 ἄκακοι
1444 5336 1501 5392 δὲ
1560 5333 2053 5415 ὑπολειφθήξσρνται

408 5406 462 5464 ἄν
494 5405 650 5480 αὐτῇ.
686 5408 826 5480 (Ὅτι
857 5404 1032 5480 εὐθεῖά
1068 5404 1554 5480 κατασκηνῴσουσι
1610 5415 1740 5480 γῆν,
1769 5404 1881 5480 ’καί
1912 5409 2053 5465 ’ὀσιοι

413 5475 910 5556 ᾧπολεινφθῆσονται
941 5475 1015 5556 ἐν.
1046 5475 1449 5556 αὖτῇ.)ᾔ-Ὃδοὶ-
1491 5476 1547 5534 δὲ
1604 5475 1812 5556 ἀσεϐῶν
1864 5478 1924 5535 ἐκ
1950 5488 2052 5556 γῆς

409 5546 686 5607 ὀλοῦντὰι·
710 5546 766 5605 οἱ
795 5546 853 5604 δὲ
876 5546 1186 5624 παράνομοι
1212 5546 1640 5624 ’ἐξωσθήσονται
1670 5551 1722 5624 ἐξ
1753 5551 1943 5624 αὐτῆς.

480 5626 591 5702 (50)
643 5621 1182 5700 Προμαντευόμενος.
1238 5621 1306 5682 Η.
1390 5641 1529 5696 ms.,
1592 5621 2052 5702 πραγματευόμε-

596 5713 831 5754 YLBURG.

482 5716 523 5753 ο.
557 5714 831 5754 annuae.

482 5736 942 5861 ί51)Ἐ;πικουρία
983 5789 1039 5861 γ,
1096 5769 1351 5861 Inversis
1398 5769 1654 5861 casibus,
1713 5769 2053 5861 legendum:

410 5837 732 5916 Ἐπικουρίᾳ
801 5837 904 5919 γὰρ
981 5837 1162 5899 εὔνοια
1245 5841 1340 5917 μὶν
1391 5837 1685 5917 συνδεῖται,
1754 5837 1939 5897 λ’ύεται
1995 5837 2054 5897 δὶ

408 5715 523 5758 νος.

2161 5187 2360 5278 ἔχθραι
2373 5192 2553 5278 _Quod
2585 5208 2721 5251 cum
2751 5192 3085 5268 interpreti,
3115 5198 3242 5251 tum
3289 5193 3469 5251 etiam
3501 5194 3821 5269 Sylburgio

2164 5272 2579 5413 Ριῗὲἓιὲὸλγᾶρ
2604 5338 2722 5392 κατ’
2775 5334 2974 5395 εἰκόνα.
3006 5337 3171 5394 Conf.
3227 5355 3286 5410 p,
3338 5339 3464 5406 133,
3509 5338 3639 5407 266,
3686 5341 3821 5413 418,

2164 5409 2289 5479 645,
2321 5409 2415 5467 ed.
2449 5409 2635 5466 Paris.

2235 5485 2340 5555 (53)
2384 5480 2696 5555 Ἀπάθειανε
2754 5481 3086 5555 stoicorum
3139 5480 3650 5555 moi-eloquitur,
3707 5482 3821 5555 qui

2165 5552 2496 5637 sapientem
2524 5570 2652 5637 esse
2673 5552 2852 5637 ἀπαρῇ
2873 5553 3361 5637 dic_eba‘nt..Conf.
3380 5552 3513 5627 quin
3534 5552 3821 5628 superius

2163 5625 2322 5680 dicta
2349 5631 2490 5681 sunt
2517 5625 2593 5680 ad
2623 5640 2755 5699 pag.
2784 5627 2854 5681 80
2883 5625 3024 5681 edit.
3056 5626 3242 5683 Paris.
3399 5625 3417 5627 ⁷
3607 5625 3625 5628 ’

2403 5696 2691 5780 ᾊνανξαν..
2739 5696 2970 5754 Similia
3016 5697 3290 5771 superius
3332 5695 3487 5753 dixit
3531 5698 3737 5755 Strom.
3774 5716 3819 5771 ι,

2161 5774 2219 5841 pi
2253 5769 2354 5824 329
2388 5768 2528 5825 edit.
2561 5768 2747 5825 Paris.
