4050 6188
307 412 448 472 1Ο40

1633 408 2075 475 STROMATUM
2115 414 2246 470 LIB.
2289 406 2360 471 ΙῘ.

3579 416 3720 471 1050

298 542 546 603 σύνοικος
581 541 631 595 ἐν
663 544 740 612 τῷ
771 541 957 614 Κυρίῳ
987 544 1100 615 (55)
1137 542 1394 618 ὀαριστής
1439 563 1494 596 τε
1538 543 1628 598 καὶ
1674 542 1947 605 συνέστιος

2064 547 2303 613 martyr.
2336 544 2480 596 Cum
2514 540 2761 595 Domino
2790 539 3160 608 cohabitans,
3195 556 3383 612 coque
3405 541 3718 598 familiari-

297 630 436 684 κατὰ
463 630 524 684 τὸ
579 628 792 701 πνεῦμα
849 626 1112 702 διαμένει·
1163 631 1394 704 καθαρὸς
1454 633 1549 704 μὶν
1607 633 1705 700 τήν
1759 633 1949 707 σάρκα,

295 718 532 795 καθαρὸς
593 717 651 772 δὲ
702 720 801 787 τήν
859 717 1106 794 καρδίαν’
1161 720 1500 794 ἡγιασμένος
1540 722 1632 776 τὸν
1667 719 1951 796 λόγον.Ὀ

293 808 503 880 κόσμος
558 806 760 879 τούτφν
809 807 972 881 φησὶν
1011 853 1025 877 ›
1079 807 1454 884 ἐσταύρωται,
1510 810 1600 865 καὶ
1659 810 1819 872 αὐτὸς
1873 813 1953 882 τῷ

293 896 510 968 κόσμῳ.
570 895 762 964 Οὗτος,
795 898 886 951 τὸν
908 899 1135 973 σταυρὸν
1166 902 1262 952 τοῦ
1313 905 1573 974 Σωτῆρος
1621 897 1949 976 περιφέρων,

291 981 477 1039 ἕπεται
540 984 728 1057 Κυρίῳ
787 983 904 1055 μετ’
953 983 1164 1060 ἳχνιον,
1224 983 1361 1040 ὥστε
1419 986 1549 1050 Θεὸς
1600 988 1737 1059 (56),
1796 985 1951 1059 ἅγιος

294 1074 467 1149 ἁγίων
498 1071 810 1147 γενόμενος.
854 1076 1038 1144 nam
1084 1074 1263 1128 τοίνυν
1312 1075 1509 1146 ἀρετῆς
1540 1072 1889 1146 μεμνημένος
1923 1073 1951 1127 ὁ

292 1168 438 1226 θεῖος
481 1161 676 1234 νόμος,
735 1160 947 1240 ἀλείφει
992 1161 1234 1234 μὰλεστα
1281 1162 1373 1217 τὸν
1419 1161 1698 1238 ἄνθρωπον
1733 1160 1821 1215 ἐπὶ
1850 1161 1950 1230 τήν

291 1253 630 1330 ἐγκράτειαν,
683 1252 938 1325 θεμέλιον
993 1253 1197 1326 ἀρετῶν
1256 1253 1677 1326 κατατιθέμενος
1724 1251 1948 1322 ταύτην·

292 1342 386 1399 καὶ
438 1340 505 1411 δὴ
558 1339 914 1419 προπαιδεύει
964 1345 1114 1416 ἡμᾶς
1171 1343 1249 1405 είς
1305 1344 1402 1412 τήν
1455 1341 1802 1419 περιποίησιν
1851 1344 1950 1406 τῆς

291 1430 623 1508 ἐγκρατείας,
656 1430 762 1486 ἀπὸ
791 1437 892 1501 τῆς
940 1435 1050 1486 τῶν
1101 1431 1257 1501 ζώων
1289 1433 1546 1507 χρήσεως
1594 1429 1950 1506 ἀπαγορεύων

293 1515 731 1594 μεταλαμϐάνειν
764 1524 869 1574 τῶν
911 1518 1010 1574 ὅσα
1040 1519 1195 1596 φύσει
1225 1520 1406 1589 πίονα,
1456 1518 1696 1594 καθᾶπερ
1745 1520 1810 1575 τὸ
1839 1525 1948 1575 τῶν

292 1614 435 1664 συῶν
497 1609 673 1684 γειος,
749 1609 1139 1683 εὐσαρκότατον
1222 1608 1497 1686 τυγχάνον
1533 1627 1546 1640 °
1606 1613 1948 1688 τρυφητιῶσι

288 1697 392 1773 γὰρ
428 1700 462 1768 ἡ
493 1697 719 1767 τοιαύτη
753 1705 957 1772 χρῆσις
1003 1703 1346 1774 χορηγεῐται.
1390 1697 1610 1774 Λέγεται
1643 1702 1798 1774 γοῦν,
1829 1697 1952 1752 τινὰ

289 1790 401 1840 τῶν
433 1784 882 1864 φιλοσοφούντων
908 1789 1019 1857 (5'7)
1051 1785 1502 1862 ἐτυμολογοῦντα
1539 1787 1637 1855 τήν
1688 1787 1807 1856 οὖν,
1855 1791 1947 1850 θῦν

2060 637 2151 686 ter
2179 637 2374 698 utens,
2409 631 2468 684 in
2502 630 2714 702 spiritu
2757 635 3066 701 permanet
3097 647 3110 697 ;
3162 630 3421 686 mundus
3471 631 3714 703 quidem

2067 738 2266 789 carne,
2282 721 2540 776 mundus
2566 726 2764 776 autem
2790 721 2967 775 corde
2989 720 3395 776 sanctificatus
3417 738 3712 778 sermone.

2058 813 2313 878 Mundus,
2366 811 2578 881 inquit,
2615 813 2665 864 ei
2697 813 2990 880 cmciﬁxus
3021 817 3120 875 est,
3149 817 3198 864 et
3230 813 3344 881 ipse
3371 813 3574 867 mundo
3606 813 3704 884 (a).

2057 901 2111 953 Is
2143 915 2380 954 crucem
2409 900 2735 955 Servatoris
2767 899 3212 966 circumferens,
3247 901 3481 955 Domini
3513 903 3714 973 sequi-

2057 991 2154 1040 tur
2183 989 2445 1058 vestigia,
2479 995 2760 1059 tanquam
2796 990 2969 1058 Deus,
3013 990 3258 1044 effectus
3290 995 3529 1046 sanctus
3580 1008 3712 1047 san-

2055 1079 2516 1133 c’torum.0mnis
2548 1095 2684 1151 ergo
2716 1079 2946 1134 virtutis
2973 1096 3106 1134 cum
3132 1079 3478 1135 meminerit
3503 1080 3596 1135 lex
3618 1081 3710 1135 di—

2053 1166 2208 1234 vina,
2243 1167 2547 1222 hominem
2584 1169 2838 1223 maxime
2891 1174 3128 1224 exercet
3151 1169 3225 1224 ad
3257 1171 3709 1239 continentiam,

2055 1270 2183 1309 eam
2213 1260 2479 1310 statuens
2509 1256 2966 1312 fundamentum
2995 1257 3279 1312 virtutum
3307 1274 3320 1312 :
3354 1264 3530 1330 atque
3562 1260 3709 1314 adeo

2054 1360 2164 1398 nos
2177 1345 2585 1416 prmeruditad
2599 1347 3032 1402 continentiam
3055 1348 3226 1418 aequi
3239 1347 3481 1404 rendam
3493 1365 3582 1417 ,ex
3601 1365 3712 1404 usu

2053 1432 2470 1500 animantium,
2504 1435 2576 1489 iis
2606 1436 2758 1490 vesci
2790 1436 3136 1507 prohibens,
3171 1453 3301 1508 qua:
3326 1442 3469 1492 sunt
3496 1443 3712 1493 natura

2053 1522 2320 1595 pinguia,
2356 1524 2857 1594 quemadmodum
2890 1541 3078 1597 genus
3100 1542 3294 1591 suum,
3320 1526 3477 1598 quod
3510 1529 3714 1582 carnis

2054 1611 2233 1666 habet
2255 1612 2887 1683 plurimum.Delicatis
2903 1615 3063 1669 enim
3081 1630 3148 1669 ac
3167 1615 3488 1672 luxuriosis
3503 1633 3715 1689 suppe-

2054 1699 2275 1756 ditatur
2287 1700 2422 1756 talis
2435 1702 2835 1757 usus.Dicitur
2848 1703 3048 1773 itaque
3064 1703 3303 1774 quidam
3321 1705 3708 1778 philosophus

2054 1789 2176 1844 suis
2199 1791 2454 1845 afferens
2478 1791 3025 1863 etymologiam,qui
3058 1789 3116 1852 ὗς
3140 1791 3377 1859 dicitur,
3406 1791 3466 1845 ὗν
3490 1793 3709 1849 dixisse

288 1875 424 1930 εἶναι
457 1878 640 1952 φάναι,
673 1875 747 1936 ὡς
779 1874 854 1936 εἷς
888 1875 1038 1938 θύσιν
1072 1875 1162 1930 καὶ
1196 1877 1408 1952 σφαγήν
1467 1875 1628 1949 μόνον
1827 1875 1944 1931 ἐπι-

2064 1879 2224 1950 quasi
2258 1881 2372 1947 θῦν,
2408 1886 2471 1934 ut
2496 1880 2597 1950 qui
2629 1881 2701 1935 ad
2747 1879 2916 1948 θύσιν,
2985 1881 3095 1936 hoc
3153 1887 3243 1936 est
3299 1885 3712 1950 mactationem,

290 1959 535 2033 τήδειον·
573 1960 824 2017 δεδόσθαι
855 1963 958 2038 γὰρ
991 1960 1134 2035 τῶδε
1183 1968 1262 2034 τῷ
1294 1963 1419 2036 ζώῳ
1448 1965 1632 2040 ψυχήν
1664 1966 1801 2038 πρὸς
1853 1963 1943 2019 οὐ-

291 2048 381 2106 δὲν
409 2047 593 2126 ἕτερον
624 2053 658 2121 ἢ
691 2049 845 2106 ἕνεκα
899 2056 994 2106 τοῦ
1034 2051 1130 2115 τὰς
1184 2054 1384 2128 σάρκας
1416 2058 1664 2128 σφριγᾷν.
1721 2057 1836 2107 Τῶν
1888 2073 1945 2107 τε

291 2138 506 2215 ἰχθύων
565 2139 776 2214 ὁμοίως
826 2140 1169 2217 ἀπηγόρευσε
1211 2137 1665 2215 μεταλαμϐάνειν,
1699 2140 1943 2197 στέλλων

290 2232 459 2302 ἡμῶν
516 2229 614 2293 τὰς
671 2227 1000 2303 ἐπιθυμίας,
1074 2229 1292 2284 ἐκείνων
1353 2233 1436 2293 οἷς
1490 2232 1627 2303 μήτε
1682 2230 1946 2306 πτερύγια

293 2321 440 2392 μήτε
497 2317 716 2384 λεπίδες
769 2319 920 2374 εἰσίν·
983 2319 1237 2396 εύσαρκίᾳ
1291 2321 1390 2396 γὰρ
1438 2321 1780 2392 καὶπιότητι
1835 2325 1946 2376 τῶν

288 2407 483 2465 ἄλλων
515 2409 724 2486 ἰχθύων
757 2411 904 2466 οὗτοι
965 2407 1327 2488 διαφέρουσιν.
1362 2409 1633 2476 Ἐντεῦθεν
1672 2411 1824 2482 οἶμαι
1855 2413 1945 2466 καὶ

285 2498 389 2562 τὰς
460 2497 680 2560 τελετὰς
756 2497 818 2553 ού
898 2499 1076 2572 μόνων
1154 2504 1318 2554 τινῶν
1376 2500 1529 2570 ζώων
1588 2499 1944 2576 ἀπαγορεύειν

286 2585 576 2659 ἅπτεσθαι,
608 2585 732 2644 ἀλλ’
763 2584 903 2643 ἔστιν
939 2587 969 2642 ἃ
1023 2588 1113 2643 καὶ
1169 2593 1278 2643 τῶν
1317 2589 1735 2662 καταθυομένων
1791 2590 1948 2662 ὑπεξ-

287 2676 470 2732 είλιτο
499 2683 600 2745 τῆς
647 2678 900 2752 χρήσεως
956 2675 1093 2753 μέρη
1131 2679 1263 2750 (59),
1327 2674 1396 2731 δι’
1446 2676 1622 2739 αἰτίας
1671 2676 1731 2740 ἃς
1765 2675 1946 2732 ’ίσασιν

289 2767 345 2820 οἱ
381 2765 599 2838 μύσται.
635 2765 701 2822 Εἴ
730 2762 797 2834 δὴ
827 2766 1057 2842 γαστρὸς
1106 2767 1197 2820 καὶ
1239 2770 1348 2820 τῶν
1396 2765 1498 2821 ὑπὸ
1544 2765 1775 2840 γαστέρα
1814 2785 1948 2842 κρα-

286 2856 510 2925 τητὲον,
570 2852 742 2924 δῆλον
803 2855 877 2917 ὡς
927 2857 1128 2910 ἄνωθεν
1184 2853 1603 2933 παρειλήφαμεν
1653 2855 1800 2930 παρᾶ
1848 2859 1946 2910 τοῦ

287 2943 524 3017 Κυρίου,
558 2939 646 2996 διὰ
673 2945 769 2996 τοῦ
798 2941 971 3016 νόμου
1000 2943 1099 3012 τὴν
1156 2941 1446 3015 ἐπιθυμίαν
1489 2941 1790 2999 ἐκκόπτειν.
1849 2941 1948 2997 Γέ-

291 3051 446 3086 νοιτο
479 3027 525 3085 δ’
555 3030 615 3085 ἂν
664 3029 892 3093 τελείως
934 3034 1118 3100 τοῦτο,
1153 3029 1197 3086 εἰ
1247 3034 1344 3085 τοῦ
1382 3029 1795 3104 ὑπεκκαύματος
1850 3036 1950 3100 τῆς

293 3119 626 3193 ἐπιθυμίας,
685 3126 785 3182 τῖς
845 3117 1050 3190 ἡδονῆς
1109 3119 1254 3194 λέγω
1287 3165 1305 3192 ,
1358 3119 1737 3194 ἀνυποκρίτως
1785 3141 1951 3175 κατα-

290 3209 580 3286 γνοίημεν.
633 3208 774 3264 Φασὶ
820 3206 878 3264 δὲ
925 3209 1094 3280 αὐτῆς
1143 3211 1278 3264 εἶναι
1325 3210 1426 3278 τήν
1457 3205 1690 3282 ἔννοιαν,
1733 3207 1945 3280 κίνησιν

2055 1973 2226 2039 aptus
2249 1974 2405 2023 esset
2423 1969 2828 2024 solummodo:
2863 1969 3060 2025 datam
3085 1971 3243 2025 enim
3265 1987 3393 2026 esse
3419 1972 3558 2027 huic
3582 1972 3716 2026 ani-

2054 2057 2195 2112 mali
2219 2057 2291 2112 ad
2313 2057 2464 2112 nihil
2487 2058 2648 2113 aliud
2679 2059 2960 2125 animam,
2998 2075 3178 2130 quam
3209 2065 3274 2113 ut
3303 2075 3513 2114 carnes
3535 2059 3712 2115 luxu-

2054 2146 2298 2201 riarent.
2320 2149 2390 2201 Et
2417 2147 2692 2202 similiter
2721 2154 2956 2204 nostras
2988 2148 3342 2220 cupiditates
3370 2149 3704 2220 reprimens

2053 2235 2358 2306 prohibuit
2387 2236 2508 2291 illis
2555 2238 2709 2292 vesci
2760 2237 3045 2309 piscibus,
3079 2238 3180 2308 qui
3212 2254 3322 2292 nec
3353 2237 3568 2308 pinnas
3601 2238 3709 2292 ha-

2055 2324 2218 2392 bent,
2251 2342 2360 2380 nec
2395 2342 2693 2397 squamas.
2737 2328 2884 2384 115
2927 2327 3205 2382 Carnium
3238 2326 3398 2382 enim
3442 2326 3706 2382 bonitate

2056 2418 2115 2469 et
2144 2412 2504 2486 pinguedine
2538 2415 2598 2469 hi
2651 2414 2785 2470 aliis
2828 2415 3090 2487 piscibus
3143 2416 3528 2472 antecellunt.
3563 2417 3711 2471 Hinc

2056 2503 2331 2558 existimo
2363 2503 2646 2576 mysteria
2676 2519 2912 2575 quoque
2944 2521 3066 2558 non
3098 2505 3291 2560 solum
3323 2504 3712 2576 prohibererk

2056 2592 2257 2664 aliqua
2287 2598 2526 2666 tangere
2558 2593 2863 2660 animalia,
2898 2593 3000 2648 sed
3035 2594 3212 2648 etiam
3247 2593 3569 2648 nonnullas
3601 2609 3710 2648 eo-

2055 2699 2213 2747 rum,
2273 2699 2405 2753 qum
2457 2683 2890 2752 sacrificantur,
2926 2683 3187 2737 eximere
3227 2681 3298 2736 ab
3329 2698 3438 2737 usu
3489 2688 3706 2753 partes,

2055 2776 2299 2844 propter
2329 2787 2613 2842 eas,quas
2646 2777 2851 2842 mystas
2882 2771 3079 2826 sciunt
3108 2787 3336 2827 causas.
3373 2771 3428 2824 Si
3470 2775 3560 2824 est
3599 2771 3710 2824 ita-

2057 2876 2172 2932 que
2203 2864 2408 2914 venter
2435 2859 2854 2927 continendus,
2887 2865 2947 2914 et
2965 2875 3053 2928 ea,
3084 2876 3218 2929 quas
3251 2863 3390 2913 sunt
3419 2857 3527 2912 sub
3558 2875 3703 2912 ven-

2058 2955 2167 3015 tre,
2201 2948 2427 3003 clarum
2451 2955 2562 3018 est,
2594 2947 2753 3020 quod
2781 2948 2911 3019 jam
2941 2947 3084 3002 olim
3116 2963 3151 3001 a
3199 2947 3447 3001 Domino
3479 2945 3710 3017 accepi-

2057 3053 2323 3108 mus,per
2338 3037 2529 3110 legem
2558 3037 2900 3091 exscindere
2924 3035 3138 3102 debere
3170 3052 3278 3090 nos
3301 3035 3707 3107 cupiditatem.

2059 3126 2121 3182 Id
2153 3130 2351 3181 autem
2376 3126 2636 3198 perfecte
2669 3126 2789 3196 fiet,
2823 3125 2871 3180 si
2905 3122 3246 3196 cupiditatis
3287 3123 3576 3192 fomitem,
3609 3141 3708 3180 vo-

2057 3215 2369 3287 luptatem,
2423 3216 2690 3287 inquam,
2740 3232 2861 3271 non
2907 3215 3040 3270 ficte
3072 3213 3574 3270 damnaverimus.
3609 3214 3712 3268 Di-

293 3274 592 3370 λείαν’(60)
623 3297 711 3352 καὶ
738 3301 991 3372 προσηνῆ
1026 3274 1159 3372 μετά
1185 3319 1336 3363 τινος
1383 3274 1709 3369 αἰσθήσεως.
1767 3274 1944 3375 Ταύτῃ

2064 3311 2202 3361 cunt
2231 3305 2358 3376 ejus
2385 3305 2537 3359 hanc
2567 3321 2694 3360 esse
2725 3305 3056 3374 notionem,
3087 3310 3153 3359 ut
3183 3303 3430 3358 sitlenis
3453 3308 3511 3358 et
3540 3302 3712 3358 blan-

293 3383 627 3442 δουλεύοντα
651 3387 741 3442 τὸν
773 3386 1083 3457 Μενέλεων,
1147 3388 1281 3461 μετᾶ
1334 3389 1436 3457 τήν
1494 3387 1662 3446 Ἰλίου
1715 3385 1945 3458 ἅλωσιν,

289 3474 452 3552 φασὶν
513 3475 832 3549 ὁρμήσαντα
885 3475 985 3544 τήν
1040 3474 1266 3545 Ἑλένην
1319 3474 1530 3531 ἀνελεῖν
1563 3519 1576 3545 ,
1635 3476 1710 3538 ὡς
1765 3480 1948 3531 κακῶν

287 3565 570 3622 τοσούτων
602 3565 776 3621 αἰτίαν
807 3567 1123 3640 γενομένην,
1155 3565 1307 3639 ὅμως
1344 3565 1405 3622 οὐ
1436 3572 1761 3644 κατισχῦσαι
1809 3573 1947 3644 πρᾶο

291 3655 402 3724 ξαι,
430 3655 731 3727 ἡττηθέντα
757 3659 837 3726 τῷ
870 3652 1087 3727 κάλλει,
1143 3652 1212 3708 δι’
1261 3655 1324 3711 οὗ
1379 3653 1463 3710 ἐπὶ
1498 3658 1597 3726 την
1646 3655 1946 3729 ἀνάμνησιν

289 3748 393 3812 τῆς
426 3741 632 3813 ἡδονῆς
660 3742 903 3817 ἀφίκετο.
935 3744 1086 3797 *Οθεν
1120 3742 1554 3808 ἐπισκώπτοντες
1587 3745 1638 3800 οἱ
1671 3741 1946 3821 τραγῳδοο

295 3831 474 3902 ποιοῖ,
509 3828 878 3894 όνειδιστικῶς
903 3825 1208 3903 ἐπεϐόησαν
1235 3831 1403 3907 αύτῷ.

374 4120 591 4205 ξύχθί)
622 4116 796 4205 ιὼς
826 4114 1026 4205 ἐσεῖδες
1064 4113 1567 4205 μασξτὸχκέκϐαλῶν
1597 4118 1768 4205 ξίφος,

377 4193 592 4268 Φίλήμ*
620 4193 802 4266 ἐδέξω,
833 4193 1090 4272 προδότιν
1124 4194 1402 4252 αίκάλλων
1433 4196 1588 4253 κύνα.

367 4349 431 4414 ιι(
463 4343 523 4396 Ρ.
556 4343 658 4396 485
690 4343 801 4398 EI).
834 4343 1128 4411 roman,
1160 4345 1263 4398 406
1289 4344 1402 4400 ED.
1435 4342 1663 4399 PARIS.

373 4486 485 4556 (55)
517 4482 778 4547 Σύνοικος
806 4483 858 4540 ἑν
891 4490 970 4557 τῷ
999 4489 1069 4544 Κ.
1111 4490 1243 4544 Haec
1289 4488 1373 4543 sic
1422 4487 1682 4544 scribere
1731 4493 1789 4544 et
1836 4488 1959 4545 dis-

305 4559 578 4634 tinguere
607 4559 813 4634 malim
841 4577 854 4614 :
889 4559 1150 4634 Σύνοικος
1183 4559 1256 4613 ὧν
1295 4563 1376 4631 τῷ
1401 4557 1635 4634 ΔΚυρίῳ,
1696 4560 1958 4634 ὀαριστής

300 4648 360 4682 τε
384 4627 476 4681 καὶ
535 4628 809 4692 συνέστιος
856 4629 990 4684 κατᾶ
1015 4631 1078 4684 τὸ
1127 4627 1361 4701 πνεῦμα,
1397 4627 1640 4702 διαμινει
1670 4627 1788 4688 καθ’.
1825 4627 1957 4688 Cum

305 4703 527 4756 Domini
553 4704 625 4756 sit
657 4703 1024 4770 cohabitator,
1055 4710 1105 4757 et
1137 4704 1543 4772 confabulatur,
1577 4711 1627 4758 et
1676 4706 1958 4760 convictor

305 4773 493 4858 quoad
511 4775 787 4858 spiritum,
832 4781 1124 4843 permanet
1167 4776 1396 4858 mundus
1433 4792 1628 4858 ‘carne,
1659 4781 1772 4857 etc.
1800 4775 1959 4858 illud

307 4845 781 4919 dqpimrﬁc,_quod
812 4862 1122 4917 perperam
1169 4846 1196 4900 ὁ
1254 4846 1500 4919 ἀριστής
1539 4853 1630 4901 est
1683 4846 1746 4902 in
1799 4847 1955 4902 Flor.

308 4915 433 4970 edit
462 4956 476 4982 ,
505 4933 576 4970 ex
599 4915 1176 4990 Homerosumptum
1201 4915 1411 4990 estqui
1434 4917 1687 4974 Minoem
1715 4920 1960 4974 Creten-

317 5005 444 5042 sem
480 4988 724 5063 _vo_cavit
781 4985 904 5042 Διός
969 4985 1210 5063 μεγάλου
1260 4985 1514 5063 δριριᾷστιςν
1571 4990 1722 5046 lovis
1768 4992 1959 5060 magni

308 5059 798 5132 confabulatorem.
859 5059 1142 5122 Συνέστιος
1174 5059 1401 5115 κατὰτὸ
1452 5063 1666 5132 πνεῦμα
1723 5068 1960 5117 contra-

307 5131 694 5204 distinguitur
751 5131 826 5195 ei,
873 5133 988 5204 Aqui
1036 5139 1127 5188 est
1177 5134 1446 5194 συνέστιος
1501 5131 1639 5187 κατὰ
1677 5133 1741 5186 τὸ
1773 5136 1954 5204 σῶμα.

306 5203 408 5277 Vir
438 5201 597 5258 enim
630 5201 838 5277 bonus,
873 5201 1015 5258 licet
1053 5221 1298 5276 corpore
1328 5205 1576 5274 distans,
1609 5204 1807 5277 quoad
1839 5201 1956 5276 spi-

301 5276 486 5329 ritum
519 5291 654 5348 cum
686 5274 1305 5348 Christo_conjunctus
1348 5283 1455 5333 est.
1596 5274 1646 5348 ί
1817 5337 1822 5341 .

373 5349 485 5415 (56)
516 5347 676 5398 Ὥστε
708 5345 860 5418 Θεός.
914 5346 1006 5401 Sic
1058 5345 1331 5418 superius
1385 5348 1531 5403 dixit
1588 5347 1955 5410 θεοποιεῖσθαι

299 5416 392 5470 τὸν
423 5418 730 5490 ἄνθρωπον,
765 5417 1036 5474 hominem
1065 5416 1235 5475 Deum
1271 5420 1416 5490 ﬁeri,
1448 5423 1766 5490 Proptrept.
1800 5423 1954 5490 p.71,

300 5490 404 5545 ubi
434 5489 589 5544 conf.
625 5489 925 5544 adnotata.

377 5558 654 5638 (57)T_Lva‘£
698 5562 807 5612 τῶν
869 5555 1128 5638 φιλοσοφ.
1187 5563 1596 5638 Is__Cleantbes
1653 5567 1745 5638 est
1800 5561 1956 5618 infra

303 5650 435 5706 pag.
469 5636 592 5688 304.
624 5634 896 5706 SrLBunc.
921 5664 989 5706 έ-
1017 5634 1196 5706 Varro
1212 5634 1324 5706 lib.
1351 5653 1387 5692 ιι
1410 5638 1484 5690 De
1512 5653 1571 5691 re
1586 5636 1951 5706 rustica,cap.

305 5703 338 5759 ἰ
364 5703 436 5758 εὐ
449 5705 572 5779 Sus
596 5703 1034 5779 Graecedicitur
1055 5704 1112 5779 ὗς
1145 5705 1283 5760 olim
1308 5708 1512 5779 thysus
1530 5707 1603 5763 ab
1627 5706 1729 5779 illo
1751 5703 1952 5779 verbo,

309 5777 468 5846 quod
499 5776 715 5831 dicitur
743 5773 909 5843 θύειν,
943 5777 1100 5847 quod
1147 5783 1237 5832 est
1282 5773 1584 5833 immolare.
1633 5778 1720 5833 Ab
1776 5773 1952 5834 suillo

308 5847 467 5906 enim
491 5865 703 5924 genere
729 5847 962 5921 pecoris
1008 5847 1358 5906 immolandi
1405 5849 1642 5908 initium
1690 5849 1950 5922 primum

2057 3395 2166 3450 dus
2188 3399 2384 3449 motus
2407 3411 2539 3449 cum
2563 3393 2762 3465 aliquo
2795 3409 2994 3449 sensu.
3027 3393 3090 3447 Ei
3123 3392 3479 3448 servientem
3513 3393 3712 3447 Mene-

2056 3485 2216 3539 laum
2251 3488 2385 3555 post
2405 3483 2638 3554 Trojam
2669 3488 2899 3554 captam
2922 3481 3148 3545 dicunt.
3175 3497 3310 3536 cum
3343 3481 3567 3553 impetu
3589 3481 3710 3535 fer-

2056 3577 2222 3627 retur
2251 3571 2324 3626 ad
2356 3570 2741 3627 occidendam
2771 3571 3075 3636 Helenam,
3121 3569 3281 3641 quod
3314 3575 3398 3625 tot
3427 3575 3486 3625 et
3515 3573 3711 3624 tanto-

2056 3679 2190 3716 rum
2209 3660 2422 3715 fuisset
2451 3677 2628 3716 causa
2657 3660 2972 3727 malorum,
2998 3660 3057 3714 id
3080 3664 3278 3714 tamen
3302 3677 3421 3714 non
3447 3659 3710 3731 potuisse

2059 3750 2298 3805 efﬁcere
2326 3749 2546 3804 victum
2601 3749 3070 3820 pulchritudine,
3102 3765 3208 3820 per
3238 3765 3419 3819 quam
3450 3747 3512 3802 in
3538 3764 3713 3802 men-

2059 3843 2178 3894 tem
2211 3839 2370 3893 venit
2399 3837 2731 3894 recordatio
2751 3837 3018 3910 pristinaa
3048 3839 3388 3910 voluptatis.
3425 3836 3590 3893 Unde
3618 3837 3716 3892 lu-

2059 3927 2369 3984 dificantes
2400 3927 2632 4002 tragici,
2661 3943 2795 3983 cum
2826 3927 3042 4000 probro
3074 3944 3142 3984 ac
3165 3926 3454 3984 dedecore
3485 3927 3545 3982 in
3577 3941 3715 3982 eum

2059 4013 2397 4070 exclamant
2421 4030 2436 4069 :

2127 4125 2202 4180 At
2236 4128 2295 4178 tu
2318 4121 2596 4194 papillam
2637 4128 2896 4177 contuens
2927 4121 3175 4192 gladium
3205 4124 3423 4193 abjicis,

2127 4197 2199 4252 Et
2220 4195 2524 4266 proditrici
2550 4195 2675 4264 ﬁgis
2704 4194 2946 4250 osculum
2976 4198 3127 4250 cani.

1741 4343 1816 4416 (a)
1839 4342 2022 4400 Falat.
2055 4361 2131 4414 vr,
2170 4343 2256 4400 14.

2069 4491 2372 4562 sumptum
2406 4481 2637 4562 videtur
2661 4504 2673 4542 :
2703 4481 2872 4562 cujus
2894 4478 3321 4562 ves_tigia,quod
3344 4479 3530 4543 initiis
3553 4484 3718 4543 Cere-

2069 4563 2151 4617 ris
2183 4559 2343 4634 porci
2370 4559 2829 4634 immolantur.)
2851 4562 2914 4614 P.
2941 4559 3276 4634 Victorinus
3374 4562 3717 4634 Varronem,

2068 4629 2225 4703 hunc
2257 4634 2399 4688 citat
2427 4631 2747 4703 Clementis
2778 4629 3000 4698 locum,
3054 4632 3256 4703 etJos.
3292 4630 3550 4703 Scaliger
3578 4630 3722 4703 legit

2191 4700 2274 4772 ὗς,
2309 4702 2464 4784 quod
2517 4703 2961 4784 LatineMYarEo
3017 4700 3537 4784 scripsit_th_ysus.
3577 4701 3718 4784 Υἱός

2069 4776 2220 4830 libro
2249 4771 2582 4841 vri—Strom.,
2616 4791 2673 4844 p.
2702 4775 2826 4841 707,
2884 4771 3209 4838 Cleanthis.
3259 4771 3623 4829 Philemonis
3655 4777 3714 4828 et

2067 4849 2262 4918 zEsop;
2293 4846 2451 4901 dicta
2479 4845 2541 4899 in
2573 4844 3130 4918 hanc_sententiam.
3151 4846 3416 4901 COLLEC’I‘.
3441 4877 3506 4918 έ-
3535 4847 3716 4918 Porro

2067 4919 2140 4974 de
2171 4915 2464 4990 praecepto
2497 4933 2615 4990 quo
2642 4915 2825 4971 Judaai
2849 4915 3049 4990 suilla;
3071 4918 3269 4972 carnis
3313 4934 3416 4973 esu
3467 4917 3716 4972 interdi-

2068 4987 2383 5055 cebantur,
2409 4988 2564 5044 conf.
2599 4987 2938 5043 Lactantius
2981 4987 3086 5043 lib.
3121 5005 3198 5060 iv,
3239 5005 3368 5062 cap.
3408 4993 3491 5057 17,
3526 5007 3581 5060 p.
3616 4990 3718 5044 367

2069 5061 2208 5118 edit.
2238 5063 2422 5117 Oxon.

2069 5061 2208 5118 edit.
2238 5063 2422 5117 Oxon.

2139 5133 2249 5205 (58)
2279 5128 2481 5205 Μόνον,
2511 5127 2703 5205 Μάνην
2754 5129 2979 5205 mavult
3005 5130 3436 5205 Rittershusius
3467 5133 3528 5188 in
3559 5132 3720 5189 Notis

2067 5201 2480 5277 ad'POrphyrii
2511 5201 2730 5277 librum
2761 5204 2837 5257 De
2864 5203 2982 5277 vita
3010 5203 3368 5273 Pythagorae.
3403 5223 3461 5277 p.
3491 5206 3546 5260 8.

2137 5278 2245 5346 (59)
2287 5273 2481 5347 Μέρη.
2543 5273 2780 5347 Scilicet
2837 5273 3120 5347 adipem,_
3154 5283 3212 5329 et
3251 5273 3538 5347 quasdam
3571 5275 3718 5331 alias

2064 5344 2292 5419 partes,
2307 5344 2461 5419 quas
2491 5344 2804 5419 comedere
2821 5344 3374 5419 Anefas‘habebat'ur.

2135 5421 2240 5489 (60)
2275 5412 2498 5489 Κίνησιν
2532 5412 2704 5470 λείαν.
2736 5416 3072 5489 Aristipphs
3109 5416 3379 5489 definivit
3421 5417 3519 5484 τὴν
3581 5413 3718 5484 ἡδο-

2062 5485 2160 5556 νήν
2219 5485 2366 5543 λείαν
2391 5485 2655 5563 ξκίνησινο
2701 5486 2794 5540 τὸν
2827 5485 2994 5563 adio—ig
3019 5493 3280 5563 τραχεῖαν
3309 5488 3538 5556 κίνησιν.
3609 5490 3717 5542 Vo-

2065 5563 2350 5632 luptatem,
2384 5562 2556 5616 lenem
2600 5566 2849 5614 motum:
2901 5560 3164 5615 dolorem'
3189 5577 3453 5632 asperum,
3491 5565 3713 5614 motum.

2062 5631 2264 5688 Cicero
2299 5633 2402 5688 lib.
2437 5637 2512 5689 De
2537 5633 2720 5702 ﬁnib..
2751 5649 2802 5686 c.
2839 5634 2904 5685 65
2933 5648 2946 5685 :
3007 5633 3203 5702 Omnes
3237 5631 3548 5702 jucundum
3599 5647 3720 5684 ἠο-

2063 5711 2196 5776 tum,
2229 5722 2338 5776 quo
2366 5697 2548 5762 sensus
2577 5703 2908 5772 hilarentur,
2935 5703 3122 5760 Graece
3141 5697 3366 5772 ἡδονήν,
3400 5705 3595 5758 Latine
3623 5718 3721 5757 υο-

2063 5775 2325 5848 luptatem
2339 5776 2659 5848 appellant.

2133 5850 2245 5922 (61)
2276 5843 2717 5920 Σύ.Ἐιιιτὶρ.άοε
2737 5843 2799 5901 in
2828 5843 3223 5915 Andromach.,
3254 5862 3306 5901 v.
3336 5845 3712 5919 627,Pe1eum
