4048 6186
273 353 412 414 1053

1606 355 2053 424 ΒΤΒΟΜΔἸἮΠ
2089 367 2225 426 LIB.
2268 366 2340 425 II.

3548 369 3685 427 1054

275 482 374 539 Καὶ
406 478 510 556 γὰρ
545 480 654 554 (73)
713 481 828 534 τῶν
879 482 1093 553 σεμνῶν
1152 476 1419 553 οἰομένων
1476 481 1611 538 εἷναι
1668 484 1798 548 τοὺς
1829 487 1921 542 θυ-

2040 491 2237 548 Eorum
2257 495 2424 562 enim,
2475 499 2572 564 qut
2590 508 2781 564 graves
2839 494 3248 561 existimantur,
3289 492 3499 549 animos
3528 495 3683 550 volu-

277 568 475 644 μοὺςὴ
526 565 701 638 ἡδονή
760 567 1017 645 κηρίνους
1079 573 1248 638 ποιεῖ,
1305 570 1442 626 κατὰ
1496 570 1784 630 Πλάτωνα·
1845 577 1930 631 ὅτι

270 660 465 728 ἑκάστη
521 656 693 728 ἡδονή
746 661 857 731 (74)
913 680 971 714 τε
1029 657 1118 714 καὶ
1167 658 1316 731 λύπη
1377 664 1796 738 προσπασσαλοῖ
1849 670 1930 738 τῷ

273 750 486 820 σώματι
512 748 699 822 ψυχὴν
731 752 828 801 τοῦ
859 767 922 822 γε
971 749 1048 821 μὴ
1108 750 1462 826 ἂφορίζοντος
1510 752 1600 806 καὶ
1658 754 1927 809 ἀποσταυ-

274 842 500 913 ροῦντος
534 836 720 890 ἑαυτὸν
777 841 884 891 τῶν
941 839 1128 892 παθῶν
1378 841 1440 896 Ὁ
1493 838 1762 904 ἀπολέσας
1825 844 1924 912 τήν

275 927 461 1002 ψυχὴν
492 927 591 995 τήν
651 925 866 998 ἑαυτοῦ,
935 925 1067 1002 φησὶ
1125 927 1154 982 6
1234 927 1455 1002 Κύριος,
1515 931 1674 984 σώσει
1734 931 1923 1001 αὐτήν·

270 1017 397 1086 ἢτοι
429 1012 826 1089 ῥιψοκινδύνως
884 1015 1015 1091 ὑπὲρ
1067 1019 1164 1070 τοῦ
1210 1022 1468 1090 Σωτῆρος
1529 1018 1694 1087 αὐτὴν
1745 1017 1927 1076 ἐπιδι-

275 1102 426 1172 δοὺς,
485 1104 560 1166 ὡς
606 1104 768 1165 αὐτὸς
812 1104 945 1180 ὑπὲρ
1001 1106 1160 1176 ἡμῶν
1208 1105 1503 1176 πεποίηκεν
1561 1105 1595 1175 ἢ
1653 1106 1924 1171 ἀπολέσας

269 1193 441 1262 αὐτὴν
473 1192 534 1248 ἐκ
556 1200 656 1262 τῆς
685 1194 821 1269 πρὸς
876 1194 966 1248 τὸν
1024 1195 1230 1264 συνήθη
1295 1193 1410 1270 βίον
1466 1195 1769 1259 κοινωνίας.
1803 1198 1927 1253 Ἐάν

269 1283 375 1359 γὰρ
418 1281 713 1352 ἂπολῦσαι,
770 1281 860 1337 καὶ
919 1281 1246 1354 ἀποστῆσαι,
1291 1283 1382 1338 καὶ
1429 1284 1682 1362 ἂιρορίσαι
1741 1287 1924 1360 (τοῦτο

271 1375 378 1449 γὰρ
415 1373 445 1428 6
491 1372 718 1448 σταυρὸς
774 1370 1052 1444 σημαίνει)
1101 1373 1199 1442 τήν
1259 1375 1445 1449 ψυχήν
1503 1373 1769 1450 ἐθελήσῃς
1823 1377 1925 1447 τῆς

269 1463 321 1519 ἐν
356 1461 537 1534 τούτῳ
565 1465 645 1533 τῷ
677 1465 774 1534 ζῇν
812 1461 1052 1536 τὲρψεώς
1107 1482 1165 1516 τε
1219 1462 1310 1516 καὶ
1367 1460 1595 1533 ἡδονῆς,
1652 1461 1788 1536 ἕξεις
1822 1466 1926 1520 αύ-

267 1553 371 1621 τήν
402 1550 456 1606 ὲν
486 1555 556 1625 τῇ
587 1547 770 1606 ἐλπίδι
800 1553 870 1624 τῇ
930 1547 1386 1626 προσδοκωμένη,
1444 1551 1754 1626 εὑρημένην
1833 1555 1924 1610 καὶ

268 1639 745 1714 ἂναπεπαυμὲνην.
774 1638 876 1709 Εἷή
912 1641 1024 1712 (76)
1071 1636 1117 1693 δ’
1149 1637 1207 1694 ἅν
1239 1645 1400 1696 τοῦτο
1433 1640 1635 1714 μελέτη
1669 1644 1922 1716 θανᾶτου,

269 1728 319 1783 εἰ
369 1730 561 1801 μόναις
616 1734 735 1790 ταῖς
793 1728 931 1783 κατὰ
982 1727 1135 1804 φύσιν
1193 1732 1633 1805 μεμετρημένως
1693 1730 1922 1807 ὀρέξεσι,

275 1818 446 1892 μηδὲν
485 1819 1074 1896 ὑπεροριζούσαιςτῶν
1105 1819 1240 1874 κατᾶ
1270 1819 1450 1897 φύσιν,
1482 1821 1568 1876 ἐπὶ
1610 1822 1671 1876 τὸ
1706 1821 1918 1896 μᾶλλον
1952 1860 1999 1926 Β

275 1909 290 1926 ll
453 1911 467 1926 \
558 1910 570 1926 I
739 1905 762 1926 ν
799 1912 822 1926 n
956 1910 970 1926 ς
1049 1910 1062 1926 0
1357 1910 1370 1926 ι
1521 1910 1534 1926 1
1744 1910 1756 1926 9
1866 1917 1888 1926 “

263 1909 476 1984 ἣπαρά
504 1910 686 1987 φύσιν,
736 1905 862 1964 ἔνθα
915 1910 979 1964 τὸ
1039 1910 1409 1983 ἁμαρτητικὸν
1469 1910 1678 1987 φύεται,
1734 1910 1919 1988 ἀρκεῖο

267 2000 393 2053 σθαι
457 1998 818 2074 βουλοίμεθα.
898 1995 1248 2054 Ἐνδύσασθαι
1307 1999 1398 2054 οὗν
1455 1996 1534 2054 δεῖ
1585 2001 1685 2070 τήν
1749 2022 1920 2056 πανο-

265 2085 436 2141 πλίαν
492 2091 591 2143 τοῦ
650 2091 784 2143 Θεοῦ
831 2088 966 2163 πρὸς
1039 2088 1102 2142 τὸ
1189 2084 1442 2142 δύνασθαι
1525 2091 1676 2163 ἡμᾶς
1731 2093 1920 2160 στῆναι

269 2179 411 2253 πρὸς
468 2179 564 2240 τὰς
627 2176 911 2251 μεθοδείας
960 2176 1058 2234 τοῦ
1115 2173 1396 2234 διαϐόλου·
1462 2178 1576 2236 ἐπεὶ
1653 2181 1721 2236 τὰ
1777 2178 1924 2237 ὅπλα

255 2273 368 2336 τῆς
433 2267 715 2342 στρατείας
798 2268 958 2340 ἡμῶν
1039 2266 1103 2321 ού
1188 2267 1438 2342 σαρκικὰ,
1527 2266 1672 2324 ἀλλὰ
1726 2267 1922 2326 δυνατὰ

257 2355 342 2428 τῷ
395 2360 513 2428 Θεῷ
571 2357 709 2432 πρὸς
762 2356 1069 2432 καθαίρεσιν
1130 2355 1538 2433 ὀχυρωμάτων,
1617 2357 1919 2436 λογισμοὺς

257 2447 670 2520 καθαιροῦντες,
754 2445 845 2500 καὶ
904 2451 1008 2500 πᾶν
1094 2444 1298 2520 ὕψωμα
1373 2446 1728 2520 ἐπαιρόμενον
1785 2449 1922 2504 κατά

255 2540 366 2603 τῆς
411 2535 664 2609 γνώσεως
721 2538 820 2589 τοῦ
868 2539 1027 2606 Θεοῦ,
1081 2539 1171 2589 καὶ
1228 2533 1733 2610 αἰχμαλωτίζοντες
1815 2541 1919 2592 πᾶν

264 2623 456 2696 νόημα
514 2623 590 2685 εἷς
648 2625 893 2693 ὑπακοὴν
968 2627 1067 2678 τοῦ
1122 2625 1381 2699 Χριστοῦ,
1437 2625 1465 2679 6
1528 2627 1673 2688 θεῖος
1757 2625 1922 2704 φησὶν

264 2712 630 2777 Ἀπόστολος.
666 2711 889 2790 ’Δνδρὸς
920 2710 986 2782 δή
1028 2713 1209 2789 χρεία,
1261 2713 1411 2776 ὅστις
1466 2715 1788 2787 θαυμαστῶς
1831 2715 1923 2770 καὶ

270 2801 600 2878 ἇσυγχύτως
629 2807 747 2865 τοῖς
779 2801 1060 2878 πράγμασι
1120 2804 1406 2878 χρήσεται,
1455 2803 1543 2880 ἀφ’
1574 2805 1646 2858 ὧν
1677 2804 1746 2859 τὰ
1773 2803 1919 2874 πάθη

269 2893 531 2968 ὁρμᾶται·
566 2895 683 2948 οἷον
712 2892 939 2966 πλούτῳ
967 2891 1058 2947 καὶ
1089 2891 1268 2965 πενίᾳ,
1309 2893 1398 2948 καὶ
1433 2889 1562 2967 δόξῃ
1593 2894 1682 2948 καὶ
1714 2891 1920 2966 ἀδοξίᾳ,

269 2981 425 3057 ὑγεία
451 2982 544 3037 καὶ
590 2983 756 3055 νόσῳ,
811 2985 924 3056 ζωῇ
971 2983 1059 3037 καὶ
1119 2983 1350 3054 θανάτῳ,
1407 2983 1559 3055 πόνῳ
1586 2984 1676 3037 καὶ
1724 2980 1922 3057 ἡδονῇ.

269 3073 390 3128 ’(Ινα
417 3071 523 3146 γὰρ
554 3069 868 3149 ἀδιαφόρως
896 3077 1015 3133 τοῖς
1048 3068 1330 3149 διαφόροις
1389 3073 1710 3147 χρήσωμαι,
1738 3071 1925 3142 ﬁn?“

266 3161 407 3232 ἡμῖν
461 3157 543 3216 δεῖ
600 3157 880 3238 διαφορᾶς,
942 3159 1034 3216 an
1115 3163 1633 3235 προκεκακωμὲνοις
1685 3161 1926 3234 ἀσθενείᾳ

2030 589 2162 652 ptas
2188 586 2328 652 facit
2378 601 2573 651 cereos,
2604 599 2677 642 ex
2732 584 3030 639 sententia
3056 583 3319 640 Platonis
3355 600 3368 637 :
3401 583 3684 654 quoniam

2039 687 2385 743 unaquaeque
2422 674 2694 743 voluptas,
2747 680 2799 728 et
2857 675 3229 744 unusquisque
3280 673 3437 727 dolor
3465 675 3686 744 corpori

2037 763 2219 830 afﬁgit
2241 764 2484 818 animam
2518 763 2666 835 ejus,
2701 763 2800 832 qui
2834 779 2955 818 non
2989 779 3050 817 se
3081 768 3316 833 separat
3356 761 3428 818 ab
3458 763 3682 817 aﬂ‘ecti-

2038 849 2168 916 bus,
2205 868 2424 922 eosque
2468 853 2628 908 cruci
2686 852 2890 924 afﬁgit.
2949 853 3054 916 Qui
3091 852 3402 922 perdiderit
3444 854 3684 906 animam

2035 953 2212 1005 suam,
2244 939 2440 1010 inquit
2463 941 2774 1007 Dominus,
2807 940 3044 996 servabit
3083 943 3256 1010 ipsam
3285 940 3379 1011 (a)
3413 940 3687 1002 {scilicet

2036 1032 2138 1081 aut
2167 1044 2296 1082 eam
2328 1029 2604 1084 lubenter
2633 1047 2738 1101 pro
2770 1029 3018 1084 Domino
3051 1028 3331 1100 periculis
3359 1045 3684 1100 exponens,

2038 1115 2191 1171 sicut
2218 1116 2321 1172 ille
2353 1134 2415 1172 se
2445 1119 2634 1174 nostri
2667 1120 2855 1190 gratia
2883 1118 3154 1190 exposuit
3186 1133 3198 1172 :
3233 1122 3335 1172 aut
3378 1134 3507 1172 eam
3539 1135 3681 1188 per-

2036 1205 2184 1260 dens
2216 1223 2284 1261 ex
2314 1223 2402 1275 ea,
2428 1224 2558 1278 quas
2591 1208 2744 1264 estei
2766 1225 2904 1264 cum
2926 1208 3036 1264 hac
3064 1208 3200 1276 vita,
3231 1207 3681 1263 consuetudine.

2036 1294 2092 1348 Si
2126 1295 2286 1350 enim
2318 1295 2565 1364 solvere,
2598 1297 2914 1364 abducere,
2965 1302 3024 1354 et
3077 1313 3384 1370 segregare
3410 1295 3492 1367 (id
3523 1296 3684 1351 enim

2035 1400 2179 1440 crux
2205 1384 2516 1456 signiﬁcat)
2547 1385 2809 1441 animam
2839 1386 3098 1442 volueris
3129 1386 3202 1440 ab
3236 1401 3324 1452 ea,
3347 1401 3478 1456 quae
3503 1389 3592 1440 est
3618 1386 3682 1440 in

2034 1472 2145 1527 hac
2170 1473 2310 1541 vita,
2337 1473 2636 1545 voluptate
2667 1480 2726 1529 et
2753 1473 3422 1542 delectatione,habehis
3451 1474 3682 1540 eam,in

2035 1579 2123 1629 ea,
2157 1580 2290 1634 quae
2314 1569 2818 1636 exspectatur,spe
2848 1565 3145 1620 inventam
3177 1571 3234 1619 et
3262 1564 3686 1634 conquiescen-

2033 1656 2176 1707 tem.
2212 1653 2330 1708 Hoc
2363 1654 2521 1709 enim
2552 1653 2734 1709 fuerit
2760 1653 3066 1709 meditatio
3103 1654 3387 1721 mortis,si
3420 1653 3562 1708 solis
3587 1654 3682 1722 iis,

2035 1757 2164 1812 quae
2197 1749 2336 1798 sunt
2361 1743 2690 1800 secundum
2719 1749 2994 1798 naturam
3027 1742 3333 1809 dimensae,
3367 1743 3683 1813 appetitio-

2033 1830 2296 1897 nibus,et
2323 1849 2455 1902 quae
2482 1848 2550 1887 ea
2581 1850 2711 1902 quae
2736 1838 2876 1887 sunt
2901 1830 3229 1888 secundum
3261 1837 3683 1897 naturam,non

2031 1920 2343 1986 excedunt,
2376 1921 2731 1976 declinando
2763 1921 2837 1976 ad
2868 1921 2948 1988 id,
3011 1919 3170 1991 quod
3212 1923 3544 1989 exsuperat,
3594 1918 3686 1972 vel

2030 2009 2189 2080 quod
2220 2015 2310 2064 est
2337 2016 2553 2081 praeter
2581 2015 2877 2077 naturam,
2909 2010 2972 2064 in
3003 2025 3118 2080 quo
3150 2007 3434 2080 peccandi
3457 2007 3686 2062 enasci-

2031 2103 2129 2153 tur
2149 2099 2674 2166 occasio,contenti
2707 2115 2838 2155 esse
2868 2098 3151 2160 velimus.
3171 2097 3397 2166 Oportet
3425 2112 3554 2164 ergo
3585 2110 3684 2149 nos

2031 2188 2131 2241 Dei
2158 2188 2386 2243 induere
2413 2195 2778 2254 armaturam,
2808 2188 2883 2242 ad
2911 2187 3010 2242 hoc
3041 2192 3101 2241 ut
3127 2189 3398 2256 possimus
3435 2186 3683 2239 resistere

2031 2276 2247 2333 insidiis
2267 2277 2552 2349 diaboli(b)
2583 2295 2601 2332 :
2630 2279 2892 2348 quoniam
2921 2293 3078 2332 arma
3107 2276 3320 2332 militia
3345 2281 3544 2329 nostrae
3570 2289 3679 2328 non

2027 2372 2155 2422 sunt
2185 2367 2456 2434 carnalia,
2512 2368 2607 2422 sed
2661 2370 2772 2422 Deo
2810 2368 3090 2437 potentia,
3124 2365 3198 2420 ad
3255 2366 3678 2420 destructionem

2029 2459 2418 2524 munitionum,
2440 2459 2798 2526 cogitationes
2824 2457 3180 2523 destruentes,
3203 2461 3256 2510 et
3311 2470 3520 2509 omnem
3544 2451 3680 2508 arti-

2032 2546 2278 2601 tud-inem
2305 2561 2358 2600 se
2389 2546 2738 2602 extollentem
2768 2547 3024 2601 adversus
3064 2546 3161 2599 Dei
3211 2545 3596 2613 cognitionem,
3631 2546 3681 2596 et

2031 2637 2371 2706 captivantes
2401 2651 2611 2690 omnem
2639 2635 2971 2690 intellectum
2993 2634 3066 2688 ad
3085 2634 3444 2688 obediendum
3455 2631 3679 2700 ﬁdei(c),

2032 2725 2116 2780 ait
2143 2723 2380 2778 divinus
2400 2723 2739 2794 Apostolus.
2773 2723 2908 2778 Viro
2930 2723 3135 2792 utique
3166 2737 3314 2792 opus
3345 2719 3558 2790 est,qui
3585 2718 3684 2774 ad-

2032 2812 2386 2869 mirabiliter
2405 2817 2464 2867 et
2483 2811 2796 2868 inconfuse
2828 2812 2902 2866 iis
2926 2809 3106 2865 rebus
3133 2809 3209 2864 sit
3225 2825 3465 2875 usurus,
3485 2825 3520 2862 a
3549 2807 3682 2877 qui-

2031 2902 2143 2957 bus
2165 2900 2438 2956 oriuntur
2465 2903 2710 2958 aﬂ‘ectus
2737 2917 2750 2955 :
2779 2898 3358 2972 quemadmodumsxe
3374 2896 3592 2952 divitiis
3624 2900 3683 2951 et

2031 2993 2400 3062 paupertate,
2432 2989 2621 3062 gloria
2650 2988 3065 3061 etignominia,
3081 2987 3332 3043 sanitate
3363 2991 3422 3041 et
3449 2983 3680 3053 morbo,

2032 3079 2154 3134 vita
2183 3082 2242 3133 et
2260 3083 2472 3147 morte,
2505 3078 2708 3134 labore
2739 3084 2799 3134 et
2827 3078 3228 3149 voluptate.Ut
3255 3076 3416 3132 enim
3445 3074 3684 3130 indiﬂ‘e-

2033 3172 2238 3224 renter
2265 3171 2505 3222 utamur
2533 3166 3196 3239 ditierentibus,magna
3223 3164 3396 3220 nobis
3417 3181 3565 3236 opus
3595 3168 3686 3218 est

266 3247 486 3323 πολλῇ,
511 3249 600 3304 καὶ
632 3232 1044 3328 πρποδιαστροφῇ
1073 3232 1246 3320 κακῆς
1296 3232 1513 3327 ἀγωγῆς
1564 3271 1624 3306 τε
1650 3251 1742 3306 καὶ
1797 3232 1923 3326 τροέ

2040 3257 2396 3325 diﬂ’erentia,
2428 3263 2494 3313 ut
2523 3258 2625 3329 qui
2669 3257 2858 3312 multa
2895 3232 3303 3314 imbecillitate
3334 3232 3499 3326 prius
3528 3252 3684 3309 male

269 3346 404 3417 φῆς,
469 3338 605 3412 μετὰ
656 3338 894 3417 ἂμαφίας
947 3338 1488 3414 προαπλελαυκόσιψ
1546 3341 1608 3398 Ὁ
1688 3341 1780 3415 μὶν
1833 3342 1925 3396 οῦν

268 3427 480 3490 ἁπλοῦς
530 3426 695 3504 λόγος
742 3432 842 3493 τῆς
898 3431 1016 3492 καθ’
1074 3430 1222 3502 ἡμᾶς
1279 3427 1609 3505 φιλοσοφίας
1655 3431 1722 3485 τὰ
1774 3429 1918 3501 πάθη

264 3519 444 3572 πάντα
500 3515 931 3592 ὲναπερείσματα
985 3524 1085 3587 τῆς
1141 3519 1328 3592 ψυχῆς
1405 3518 1538 3593 φησὶ
1614 3518 1770 3589 εἶναι,
1826 3521 1925 3588 τῆς

270 3604 561 3680 μαλθακῆς
592 3606 683 3661 καὶ
737 3605 1010 3678 εἰκούσης,
1051 3606 1142 3663 καὶ
1203 3608 1318 3662 οἷον
1375 3605 1926 3686 ἐναποσφραγίσματα

269 3699 380 3750 τῶν
413 3699 797 3769 πνευματικῶν
828 3693 1136 3769 δυνάμεων,
1194 3696 1333 3772 πρὸς
1372 3694 1432 3758 ἅς
1487 3699 1523 3766 ἡ
1583 3697 1733 3769 πάλη
1764 3699 1925 3771 ἡμῖν.

266 3788 478 3860 ’Ἔργον
507 3784 836 3861 γὰρ,οἴμαι,
885 3790 1006 3847 ταῖς
1053 3785 1382 3862 κακούργοις
1435 3783 1721 3860 δυνάμεσιν
1780 3786 1926 3863 ἐνερ-

267 3879 382 3951 γεῖν
416 3895 469 3929 τι
499 3881 601 3945 τῆς
636 3872 778 3937 ἰδίας
840 3873 998 3946 ἕξεως
1053 3877 1180 3950 παρ’
1241 3872 1436 3931 ἕκαστα
1484 3881 1790 3952 πειρᾶσθαι,
1849 3876 1924 3939 εἷς

262 3965 330 4019 τὸ
388 3963 859 4041 καταγωνίσασθαι
916 3963 1008 4020 καὶ
1063 3961 1542 4036 ἐξιδοποιήσασθαι
1590 3967 1719 4030 τοὺς
1773 3964 1926 4022 ἄπει-

269 4053 549 4126 παμένους
580 4056 688 4127 (77)
745 4053 932 4118 αὐτάς.
991 4056 1214 4110 Ἐπεται
1267 4052 1313 4109 δ’
1363 4056 1588 4118 εἴκότώς
1642 4055 1770 4119 τοὺς
1832 4057 1926 4130 μὲν

269 4143 758 4216 καταπαλαίεσθαι,
793 4143 912 4198 ὅσοι
967 4141 1023 4198 δὲ
1079 4143 1519 4220 ἀθλητικώτερον
1596 4145 1686 4201 τὸν
1746 4145 1928 4221 ἀγῶνα

279 4236 777 4312 μεταχειρίζονται,
809 4238 1116 4312 πάμμαχον
1161 4236 1581 4311 ἄγωνισάμεναι,
1639 4239 1727 4293 καὶ
1759 4241 1926 4314 μέχρι

274 4330 374 4382 τοῦ
402 4327 664 4402 στεφάνου
694 4326 1020 4403 χωρήσασαι
1053 4327 1167 4400 (78)
1222 4327 1276 4381 αἱ
1328 4327 1719 4402 προειρημέναι
1761 4325 1926 4383 δυνά-

2035 3347 2231 3404 affecti
2263 3347 2546 3415 simus,et
2566 3347 2626 3402 in
2657 3347 2816 3402 mala
2842 3345 3190 3402 educatione
3223 3351 3281 3400 et
3309 3343 3684 3398 institutione

2033 3437 2198 3509 prius
2227 3437 2439 3492 versati
2465 3453 2600 3492 cum
2633 3435 3025 3508 ignoratione.
3059 3433 3320 3505 Simplex
3367 3449 3502 3506 ergo
3533 3433 3683 3487 ratio

2033 3532 2250 3582 nostra,
2280 3525 2694 3597 philosophim,
2727 3525 2872 3580 dicit
2901 3541 3109 3580 omnes
3133 3525 3382 3578 affectus
3411 3538 3540 3577 esse
3568 3521 3682 3574 im-

2033 3615 2372 3688 pressiones
2404 3615 2602 3669 mollis
2633 3620 2692 3670 et
2719 3615 2986 3670 cedentis
3006 3614 3308 3680 animm,et
3328 3611 3509 3667 veluti
3533 3609 3688 3666 obsi-

2033 3705 2344 3778 gnationes
2375 3709 2734 3776 potestatum
2779 3703 3202 3775 spiritualium,
3234 3701 3515 3758 adversus
3537 3716 3685 3772 quas

2036 3793 2209 3850 nobis
2240 3798 2330 3850 est
2367 3793 2725 3850 colluctatio.
2761 3793 3162 3849 Maleﬁcarum
3193 3792 3376 3859 enim,
3401 3797 3467 3846 ut
3519 3796 3684 3862 puto,

2035 3888 2397 3956 potestatum
2419 3888 2510 3939 est
2537 3899 2706 3954 opus,
2739 3882 2961 3954 proprii
2979 3882 3216 3938 habitus
3232 3880 3461 3952 aliquid
3482 3879 3684 3936 conari

2038 3973 2290 4045 singulis
2319 3972 2496 4028 rebus
2527 3971 2967 4043 imprimere,ut
2993 3989 3122 4039 nos,
3156 3971 3259 4043 qui
3289 3972 3363 4026 iis
3392 3970 3689 4026 abrenun-

2037 4063 2332 4130 tiavimus,
2365 4062 2426 4116 in
2457 4061 2781 4117 certamine
2815 4067 3116 4133 superent,
3151 4066 3210 4116 et
3239 4077 3377 4116 suos
3401 4059 3684 4116 efﬁciant.

2037 4153 2139 4207 Est
2163 4168 2298 4224 ergo
2322 4151 2459 4223 jure
2490 4156 2957 4222 consequens,ut
2985 4150 3424 4222 aliquiquidem
3453 4149 3686 4203 inlucta

2037 4244 2511 4312 prosternantur.
2547 4239 2894 4312 Quicunque
2938 4244 3134 4296 autem
3169 4244 3469 4294 certamen
3497 4235 3684 4308 magis

2039 4329 2316 4399 athletice
2338 4328 2950 4403 aggrediuntur,omni
2973 4328 3349 4384 contentione
3375 4326 3687 4380 decertan-

349 4445 414 4509 ›ι‹
447 4448 507 4501 Ρ.
541 4449 643 4501 487
675 4447 786 4502 ED.
833 4447 1126 4516 POTTER,
1154 4447 1394 4501 407.408
1426 4447 1538 4502 ED.
1572 4447 1801 4502 PARIS.
1849 4446 1924 4520 (a)

2040 4447 2164 4504 .tth.
2193 4466 2252 4517 ι,
2285 4451 2352 4504 39
2382 4465 2404 4514 ;
2437 4449 2612 4503 Marc.
2644 4464 2767 4515 vm,
2799 4449 2888 4504 35.
2921 4447 3014 4518 (ὸ).
3045 4463 3120 4512 v1,
3165 4445 3250 4500 11.
3283 4443 3353 4516 (c)
3394 4444 3444 4498 II
3474 4442 3603 4499 Cor.
3626 4459 3684 4512 χ,

272 4519 328 4585 4,
366 4520 417 4572 5ο

277 4642 488 4717 Qualia
517 4641 706 4717 multa
733 4641 1476 4717 laudat_Clemens,_tacito
1509 4642 1686 4717 etiam
1717 4647 1924 4717 aucto-

2040 4639 2175 4710 ηλοῖ
2228 4640 2397 4711 αὐτὴν
2454 4639 2681 4717 (ψυχὴν)
2747 4639 2885 4717 πρὸς
2943 4641 3123 4714 σῶμα,
3173 4637 3264 4717 καί
3319 4641 3682 4716 προσπερονᾷ·

278 4716 364 4770 ris
395 4715 660 4787 nomine.
694 4717 762 4768 Et
792 4714 1116 4787 Agathonis
1148 4714 1389 4786 quidem
1429 4714 1632 4786 tragici
1684 4715 1926 4771 nomine

282 4787 427 4841 citat
449 4788 530 4841 Io.
563 4786 823 4841 Pricaeus
853 4786 1056 4842 noster
1106 4788 1374 4842 Adnotat.
1427 4789 1500 4842 ad
1541 4789 1659 4841 Jac.
1696 4803 1824 4857 cap.
1859 4803 1932 4854 xv,

282 4876 336 4937 νς.
380 4860 892 4937 ιτνριιαῐιᾳυᾶιρει
919 4859 1225 4937 Aristonis
1245 4858 1488 4937 nomine
1522 4857 1795 4937 quaadam
1829 4857 1933 4937 ad:

284 4930 451 4985 ducit
481 4926 736 4984 iambica
762 4929 1121 5000 Theophilus
1150 4931 1225 4984 ad
1259 4929 1517 5000 Autolyc.
1540 4926 1653 4984 lib.
1713 4946 1796 4995 lu,
1830 4927 1935 4984 sed

281 5018 414 5072 quae
445 5000 858 5071 Aristophanis
892 5001 1100 5055 comici
1152 5001 1486 5071 suspicetur
1516 5017 1644 5056 esse
1676 5001 1931 5057 Grotius.

280 5075 500 5128 Verum
530 5073 696 5144 istud
721 5072 878 5144 inter
921 5073 1306 5144 conjectanea
1336 5072 1531 5128 locum
1564 5072 1763 5128 habet.
1797 5095 1826 5122 ››

356 5142 598 5218 (73),Καὶ
628 5143 750 5218 γάρ.
785 5142 1050 5218 Platonis
1081 5143 1246 5200 locus
1277 5150 1368 5200 est
1397 5144 1457 5198 in
1487 5145 1782 5212 Phaedone,
1816 5145 1934 5199 Ba-

282 5216 378 5272 sil.
414 5216 552 5271 edit.
587 5216 650 5287 p.
672 5218 761 5272 33.
797 5217 1074 5287 Simone.

357 5290 466 5357 (74)
518 5281 750 5354 Ἐκάστη
807 5281 1004 5355 ἡδονή.
1065 5286 1228 5342 Plato
1282 5286 1342 5340 in
1401 5286 1686 5342 Phaedone.
1748 5303 1806 5357 p.
1868 5288 1932 5340 63

285 5360 427 5415 edit.
456 5360 823 5415 Francofurt.
856 5375 973 5430 qua
1005 5359 1066 5412 in
1098 5359 1206 5414 hoc
1239 5374 1415 5430 opere
1448 5375 1684 5430 semper
1708 5358 1932 5430 usi__su-

283 5449 440 5496 mus,
464 5432 546 5486 ait
577 5449 589 5486 τ
623 5430 685 5485 Ἦ
715 5433 828 5519 τοῦδ
843 5423 916 5489 ὥς
948 5429 1166 5497 άληθῶς
1206 5423 1524 5519 ,φιλοσόφου
1573 5423 1741 5519 (buxi:
1763 5426 1935 5490 οὕτως

292 5505 306 5519 .
369 5503 378 5517 ο
617 5505 643 5516 ..
768 5504 780 5519 .
905 5505 930 5515 -
1134 5503 1146 5519 .
1297 5505 1321 5519 η
1439 5506 1463 5516 ..
1840 5503 1865 5514 -

281 5503 546 5575 ἀπέχεται
577 5505 685 5556 τῶν
758 5497 997 5575 ἡδονῶν,
1058 5503 1147 5553 καί
1203 5497 1526 5571 ἐπιθυμιῶν,
1581 5497 1670 5554 καὶ
1721 5499 1931 5568 λυπῶν,

282 5568 614 5644 καῖξρόϐων,
647 5575 762 5627 καθ’
785 5568 919 5628 (ὅσον
953 5568 1192 5628 δύναται.
1234 5568 1700 5644 Veriphilosophi
1720 5575 1934 5628 animus

287 5664 323 5702 a
349 5633 744 5718 voluptatibus,
779 5646 1194 5718 cupiditatibus,
1214 5633 1513 5714 dolor-ibus,
1538 5633 1931 5718 et‘timoribus,

278 5736 385 5790 pro
415 5714 626 5775 viribus
653 5714 909 5774 abstinet.
941 5717 1088 5772 Dein
1120 5718 1294 5786 paulo
1351 5723 1484 5844 post
1537 5717 1664 5772 haec
1719 5714 1884 5772 addit
1917 5731 1932 5770 :

283 5789 517 5844 Ἐκάστη
552 5786 726 5844 ἦὸονῆ
758 5789 849 5844 καὶ
883 5786 1055 5844 λύπη.
1089 5788 1268 5844 ὥσπερ
1319 5789 1353 5844 ἦ
1400 5808 1456 5844 ον
1502 5783 1727 5844 ἔχουσα.
1759 5805 1930 5844 προσ-

283 5783 518 5862 Ἓκάστη
552 5786 727 5861 ἡδονὴ
758 5789 849 5845 καὶ
883 5786 1055 5861 λύπη,
1089 5783 1268 5866 ὥσπερ
1319 5783 1456 5860 ἧλον
1502 5783 1727 5861 ἔχουσα,
1759 5805 1930 5864 προσ-

2039 4717 2222 4770 Omnis
2279 4715 2749 4784 voluptas’atque
2785 4715 2961 4780 dolor,
3017 4717 3177 4784 quasi
3216 4715 3428 4768 cla-vum
3481 4719 3683 4782 tenens,

2042 4787 2284 4841 animam
2313 4789 2559 4855 corporis
2583 4788 2766 4855 afﬁgit
2795 4793 2960 4855 atque
2989 4786 3285 4855 connectit.

2113 4859 2222 4930 (75)
2283 4853 2777 4930 Ἀπᾷσταυροῦντος
2855 4853 3042 4930 ἴαυτὸν
3125 4859 3233 4930 τῶν
3310 4855 3520 4930 παθῶν.
3572 4855 3687 4930 Le-

2080 4923 2300 4983 endum
2353 4923 2580 4999 videtur
2638 4927 3106 4999 ἀποσταυροῦντος
3168 4923 3341 4999 ἑαυτῷ
3391 4926 3458 4982 τὰ
3511 4927 3685 4998 πάθη,

2091 4999 2171 5056 id.
2205 5016 2262 5070 p.
2297 4998 2421 5070 405.
2457 5000 2676 5055 Lowrn.
2709 5031 2769 5042 —
2808 4997 2922 5055 Sed
2950 4997 3038 5054 nil
3068 5005 3252 5057 muto.

2113 5068 2224 5142 (765
2256 5068 2379 5140 Eii).
2435 5072 2600 5126 Plato
2654 5071 2715 5128 in
2774 5072 3068 5136 Phazdone,
3099 5089 3155 5143 p.
3199 5075 3252 5142 6,
3285 5088 3418 5128 cum
3445 5070 3694 5127 dixisset

2043 5144 2306 5199 animam
2339 5159 2372 5198 a
2403 5143 2666 5216 corporis
2715 5143 3136 5216 communione
3169 5160 3237 5200 ac
3290 5144 3690 5216 voluptatibus

2043 5231 2221 5286 quam
2253 5214 3013 5286 Amagimea‘bstrahendam
3073 5232 3224 5278 esse,
3277 5217 3402 5272 haec
3432 5214 3686 5286 adjicit;

2042 5281 2216 5364 τοῦτο
2249 5282 2304 5339 δὲ
2335 5283 2488 5364 οὐδὲν
2519 5281 2658 5364 ἃλλο
2691 5282 2801 5364 ἕσ-τὶ
2833 5286 2866 5354 ἢ
2890 5354 2903 5364 _
2930 5284 3104 5364 ὀρθῶς
3146 5281 3539 5364 (ξιλοσοφοῦσαὲ
3599 5283 3686 5364 καὶ

2041 5361 2128 5429 15p
2150 5354 2264 5429 ὄντι
2293 5355 2529 5410 τεθνάναι
2566 5353 3098 5429 μελετῶσαρᾳδίως·
3227 5359 3288 5414 ού
3336 5353 3480 5414 τοῦτ’
3504 5355 3561 5412 ἄν
3597 5353 3681 5426 εἷή

2047 5427 2508 5502 μελέτηθανάτου
2543 5427 2746 5494 {Quod
2771 5427 2988 5501 quidem
3019 5433 3164 5485 nihil
3176 5427 3349 5486 aliud
3391 5437 3484 5487 est.
3511 5447 3684 5502 quam

2041 5509 2183 5558 recte
2205 5501 2610 5572 philosophari,
2669 5511 2896 5558 mortem
2952 5520 3140 5558 revera
3193 5503 3357 5572 facile
3403 5501 3680 5556 meditari.

2039 5577 2242 5630 Annon
2273 5573 2372 5628 hoc
2397 5580 2472 5628 est
2500 5573 2784 5628 meditatio
2811 5576 3002 5630 mortis
3025 5577 3053 5628 ?

2112 5645 2225 5718 (77)
2255 5643 2712 5718 ’ᾼπειπαμενουᾳ
2746 5647 2964 5718 Nempe
2995 5645 3056 5700 in
3087 5648 3218 5718 νοῑο
3250 5642 3613 5718 haptismali.

2105 5717 2222 5790 (78)
2279 5715 2744 5790 Ἀγωνισάμεναι.
2802 5757 2818 5772 .
2879 5715 2911 5772 ξ
2930 5715 3302 5790 χωρήσασαιζ
3342 5715 3487 5790 Lege
3545 5715 3684 5790 ἄγω-

2039 5784 2319 5862 νισάμενοι
2353 5784 2370 5846 ζ
2405 5828 2421 5846 .
2482 5829 2498 5846 .
2530 5784 2898 5863 χωρήσαντες.
2929 5784 3144 5844 vai'rn.
3176 5818 3246 5830 -—
3271 5786 3406 5861 Sed,
3424 5784 3689 5865 'retenta
