4048 6186
285 327 423 385 1081

1638 324 2079 385 STROMATUM
2121 326 2254 380 LIB.
2296 318 2368 380 II.

3563 324 3706 381 1082

282 447 455 508 ἐκεῖνό
540 468 647 505 που
724 447 1034 525 ἑρμηνεύεισ
1121 452 1230 510 Πᾶς
1316 449 1345 503 6
1426 451 1693 503 ταπεινῶν
1748 448 1924 503 ἑαυτὸν

2049 446 2207 504 bono
2236 446 2497 503 futuram
2518 464 2649 503 esse
2666 463 2801 504 cum
2818 447 3179 519 humilitate,
3203 448 3355 505 illud
3383 449 3589 522 utique
3612 450 3712 505 in-

286 540 663 614 ὖψωθήσεται.
698 534 983 613 Λὲγειούν
1018 537 1069 592 ἐν
1127 542 1245 600 τοῖς
1303 536 1541 611 Νόμοις’
1599 538 1661 595 ’0
1719 538 1813 609 μὲν
1870 534 1936 608 δὴ

281 630 436 700 Θεὸς,
472 626 656 704 ὥσπερ
713 626 804 682 καὶ
863 627 892 681 6
940 626 1177 689 παλαιὸς
1245 625 1429 704 λόγος,
1474 626 1656 704 ἀρχήν
1712 648 1771 682 τε
1849 626 1940 682 καὶ

285 717 423 792 μὲσα
471 718 560 773 καὶ
652 717 910 787 τελευτὴν
989 721 1096 771 τῶν
1183 715 1399 771 πάντων
1488 711 1656 791 ἔχων,
1730 716 1937 781 εὐθεῖαν

275 806 523 883 ’περαίνει
608 805 745 861 κατᾶ
830 805 987 883 φύσιν
1069 806 1615 883 περιπορευόμενος·
1717 810 1799 878 τῷ
1883 802 1941 861 δὲ

280 896 390 952 αἰεὶ
459 901 573 970 (66)
631 894 904 969 ξυνέπεται
964 891 1115 966 δίκη,
1166 899 1273 949 τῶν
1328 892 1788 968 ἀπολειπομένων
1842 896 1941 950 τοῦ

276 985 424 1043 θείου
454 985 630 1060 νόμου
658 984 926 1059 τιμωρός.
957 985 1120 1060 Ὁρᾷς
1152 983 1302 1045 ὅπως
1333 982 1422 1039 καὶ
1454 982 1619 1046 αὐτὸς
1650 978 1937 1039 εὐλάϐειαν

278 1074 540 1153 προσάγει
570 1079 649 1147 τῷ
678 1074 810 1147 θείῳ
838 1075 1016 1148 νόμῳ.
1052 1074 1330 1152 Ἐπιφὲρει
1384 1077 1538 1149 γοῦνο
1588 1076 1692 1135 Ἥς
1753 1073 1783 1127 6
1842 1074 1936 1146 μὶν

278 1162 699 1238 εὐδαιμονήσειν
758 1161 981 1236 μέλλων
1042 1161 1332 1239 ἆχόμενος,
1395 1161 1674 1231 ξυνέπεται
1748 1181 1936 1217 ταπει-

275 1256 372 1319 νὸς
398 1256 488 1312 καὶ
522 1251 959 1328 κεκοσμημένος.
994 1253 1124 1308 Εἶτα
1147 1252 1362 1315 τούτοις
1393 1252 1460 1307 τὰ
1503 1250 1779 1307 ἀκόλουθα
1810 1272 1936 1307 συν-

273 1346 440 1422 άψας,
471 1343 562 1400 καὶ
600 1349 680 1417 τῷ
711 1338 867 1423 φόϐῳ
897 1344 1251 1414 νουθετήσας,
1282 1340 1545 1421 ἐπιφέρει*
1580 1340 1678 1404 Τίς
1708 1340 1799 1397 οὖν
1833 1346 1939 1415 (67)

277 1433 347 1506 δὴ
405 1433 601 1511 πρᾶξις
660 1433 795 1511 φίλη
853 1434 941 1488 καὶ
1004 1431 1307 1497 ἀκόλουθος
1359 1436 1514 1505 Θεῷς
1580 1431 1678 1501 μία
1704 1432 1792 1487 καὶ
1849 1430 1940 1487 ἕνα

272 1524 449 1600 λόγον
484 1522 689 1599 ἔχουσα
747 1522 1001 1599 ἀρχαῖον·
1036 1520 1119 1578 ὅτι
1176 1522 1256 1593 τῷ
1290 1522 1385 1595 μὲν
1419 1521 1601 1595 ὁμοίῳ
1628 1521 1691 1576 τὸ
1718 1521 1938 1594 ὅμοιον,

277 1610 396 1669 ὅντι
430 1611 660 1688 μετρίῳ,
692 1609 853 1690 φίλον
884 1608 942 1665 ἄν
1005 1609 1111 1682 εἷή·
1143 1611 1212 1666 τὰ
1269 1607 1325 1665 δὶ
1366 1608 1571 1686 ἄμετρα
1604 1606 1725 1665 οὔτε
1758 1608 1939 1679 ἀλλή-

277 1700 402 1765 λοις
432 1698 558 1757 οᾶε
584 1706 702 1763 τοῖς
736 1699 1033 1777 ἐμμέτροις
1082 1702 1217 1774 (68).
1260 1700 1367 1757 Τὸν
1402 1697 1492 1755 οὖν
1540 1704 1621 1772 τῷ
1677 1702 1793 1771 Θεῷ
1824 1701 1938 1772 (69)

2055 541 2450 610 terpretatur:
2484 539 2669 593 Omnis
2698 537 2799 609 qui
2847 541 3084 608 seipsum
3114 538 3394 606 humiliat,
3437 541 3702 596 exaltabi-

2055 634 2149 681 tur
2175 628 2274 698 (α).
2305 626 2458 682 Dicit
2486 626 2684 697 itaque
2710 625 2773 681 in
2801 628 3035 696 Legibus
3062 644 3082 681 :
3111 629 3252 683 Deus
3291 628 3513 699 quidem
3541 635 3705 695 certe,

2051 722 2115 771 ut
2143 722 2292 771 vetus
2321 722 2398 771 est
2429 718 2631 779 oratio,
2686 718 2967 773 continens
3006 719 3353 788 principium
3383 726 3436 774 et
3469 719 3707 774 medium

2052 812 2102 860 et
2121 809 2282 874 ﬁnem
2321 807 2719 874 universorum,
2778 813 2931 861 recta
2970 808 3159 876 pergit
3214 808 3509 863 secundum
3538 815 3709 863 natu-

2050 910 2173 949 ram
2224 896 2567 949 circumiens.
2629 896 2766 949 Eum
2835 902 3017 950 autem
3093 912 3303 966 semper
3358 899 3708 967 consequitur

2042 982 2295 1052 justitia,
2326 983 2504 1037 ultrix
2523 999 2728 1050 eorum,
2762 986 2862 1053 qui
2889 1002 2923 1038 a
2953 985 3070 1054 lege
3114 985 3307 1039 divina
3352 985 3701 1041 desciverint.

2051 1070 2251 1139 Vides,
2276 1072 2573 1143 quomodo
2605 1072 2734 1145 ipse
2760 1089 2998 1144 quoque
3029 1072 3145 1145 legi
3186 1072 3400 1128 divina:
3430 1073 3704 1147 adjungit

2050 1162 2410 1229 cautionem,
2462 1177 2568 1217 seu
2624 1162 2921 1217 timorem.
2982 1161 3299 1235 Subjungit
3322 1162 3522 1235 itaque
3556 1180 3569 1218 :
3603 1164 3704 1222 Cui

2050 1252 2150 1322 qui
2179 1252 2364 1306 beatus
2408 1252 2628 1322 quidem
2679 1258 2757 1308 est
2800 1254 3044 1321 futurus,
3104 1251 3407 1317 adherens,
3455 1250 3705 1324 sequitur

2051 1342 2275 1400 humilis
2331 1350 2383 1398 et
2430 1347 2774 1415 compositus.
2835 1344 3059 1401 Deinde
3117 1362 3253 1400 cum
3284 1344 3377 1399 his
3421 1361 3511 1412 ea,
3571 1362 3701 1417 quae

2050 1438 2191 1489 sunt
2220 1434 3167 1507 consequentia,conjunxisset,et
3195 1436 3407 1491 timore
3438 1435 3702 1491 adhibito

2050 1523 2480 1591 admonuisset,
2523 1524 2876 1597 subjungit:
2919 1526 3178 1590 Quaenam
3231 1531 3310 1580 est
3364 1541 3496 1595 ergo
3527 1528 3698 1594 actio,

2049 1629 2172 1684 qua:
2193 1630 2226 1668 a
2257 1615 2363 1669 Deo
2388 1620 2595 1681 amata,
2648 1620 2699 1668 et
2758 1630 2879 1669 eum
2916 1616 3269 1683 consequitur
3296 1618 3324 1668 ?
3367 1616 3487 1670 Una
3534 1622 3698 1679 certe,
3722 1682 3735 1689 κ

2045 1702 2319 1758 rationem
2358 1720 2526 1758 unam
2551 1705 2842 1774 antiquam
2864 1703 3063 1757 habens
3092 1709 3143 1757 et
3167 1706 3530 1772 praecipuam,
3552 1704 3701 1775 quod

280 1790 566 1869 προσφιλῆ
650 1789 1038 1866 γενησόμενον,
1126 1788 1202 1852 εἷς
1286 1787 1514 1862 δύναμιν
1575 1787 1657 1843 ὅτι
1700 1786 1924 1861 μάλιστα

2042 1791 2232 1863 simili,
2293 1793 2441 1862 quod
2494 1792 2716 1862 quidem
2780 1798 2859 1847 est
2912 1792 3273 1859 moderatum,
3296 1792 3475 1845 simile
3526 1794 3700 1860 fuerit

278 1881 369 1936 καὶ
425 1879 585 1935 αὐτὸν
642 1882 890 1934 τοιοῦτον
972 1878 1264 1953 ἀναγκαῖον
1316 1876 1578 1953 γίνεσθαι.
1648 1876 1745 1932 Καὶ
1802 1876 1939 1931 κατὰ

276 1973 471 2025 τοῦτον
530 1966 597 2039 δὴ
658 1968 749 2024 τὸν
828 1966 996 2044 λόγον
1056 1969 1083 2024 6
1145 1967 1239 2042 μὶν
1296 1965 1527 2045 σώφρων
1586 1969 1748 2041 ἡμῶν
1820 1969 1936 2038 Θεῷ

281 2056 463 2135 φίλοςο
498 2054 692 2134 ὅμοιος
725 2059 850 2135 γάρ·
891 2057 921 2113 ’ὁ
958 2078 1017 2113 τε
1074 2059 1186 2132 (70)
1248 2057 1324 2130 μὴ
1388 2057 1618 2133 σώφρων
1677 2054 1938 2129 ἀνόμοιός

274 2168 336 2203 τε
391 2147 481 2204 καὶ
568 2144 851 2226 διάφορος.
939 2150 1110 2205 Τοῦτο
1159 2145 1391 2222 ἀρχαῖον
1450 2144 1585 2200 εἶναι
1644 2146 1821 2223 φήσας
1871 2144 1935 2199 τὸ

276 2234 477 2314 δόγμα,
510 2238 610 2308 τήν
642 2235 703 2293 ἐκ
733 2240 828 2292 τοῦ
883 2235 1078 2311 Νόμου
1136 2234 1213 2300 είς
1267 2236 1429 2291 αὐτὸι
1484 2235 1724 2305 ἤκουσαν
1779 2232 1927 2290 διδα-

271 2326 497 2383 σκαλίαν
529 2325 772 2402 ᾐνίξατο.
819 2327 929 2384 Κᾶν
985 2330 1065 2398 τῷ
1125 2327 1406 2398 Θεαιτήτῳ
1454 2326 1522 2380 τὰ
1576 2325 1716 2380 κακὰ
1791 2323 1933 2402 ἀμφὶ

267 2416 367 2486 τήν
400 2417 603 2487 θνητὴν
634 2415 789 2493 φύσιν
822 2413 911 2470 καὶ
942 2411 1101 2469 τόνδε
1152 2415 1244 2469 τὸν
1300 2413 1467 2469 τόπον
1527 2412 1846 2490 περιπολεῖν
1881 2413 1930 2489 ἐξ

268 2506 511 2582 ἀνάγκης
577 2502 726 2573 δοὺς,
786 2502 1050 2582 ἐπιφέρει·
1109 2504 1224 2559 Διὸ.
1311 2505 1423 2579 (71)
1506 2503 1595 2559 καὶ
1645 2505 1930 2580 πειρᾶσθαι

268 2595 385 2669 χρὴ
470 2592 677 2650 ἐνθένδε
760 2592 933 2649 ἐκεῖσε
1016 2591 1228 2669 φεύγειν
1288 2593 1371 2649 ὃτι
1427 2592 1683 2669 τάχιστα.
1765 2594 1927 2669 Φυγή

276 2679 334 2738 δὶ
391 2682 660 2757 ὁμοίωσις
716 2686 835 2755 Θεῷ
889 2682 1026 2738 κατᾶ
1073 2682 1137 2736 τὸ
1222 2679 1469 2738 δυνατόν’
1554 2681 1820 2756 ὁμοίωσις
1874 2680 1931 2738 δὶ

273 2768 480 2827 δίκαιον
586 2771 677 2827 καὶ
762 2770 913 2827 δσιον
1002 2773 1137 2845 μετᾶ
1248 2773 1561 2847 φρονήσεως
1660 2770 1927 2847 γενέσθαι.

271 2860 626 2925 Σπεύσιππός
664 2882 743 2931 τε,
798 2862 826 2916 6
884 2859 1177 2923 Πλάτωνος
1263 2858 1594 2939 ἀδελφιδοῦς
1651 2863 1788 2934 (72),
1829 2861 1929 2931 τὴν

272 2946 620 3024 εὐδαιμονίαν
650 2950 813 3030 φησὶν
875 2948 978 3024 ἴξιν
1037 2950 1167 3005 εἶναι
1224 2948 1435 3005 τελείαν
1511 2948 1564 3004 ἐν
1617 2954 1736 3011 τοῖς
1793 2950 1929 3005 κατὰ

273 3037 429 3117 φύσιν
463 3036 707 3115 ἔχουσιν
735 3039 771 3110 ἢ
830 3033 936 3109 ἕξιν
1021 3037 1267 3114 ἀγαθώνο
1322 3039 1389 3109 ἧς
1438 3035 1505 3108 δὴ
1550 3039 1928 3100 καταστάσεως

271 3127 511 3193 ’ἅπαντας
578 3127 674 3202 μὶν
729 3128 1048 3203 ἀνθρώπους
1104 3123 1278 3203 ὄρεξιν
1336 3123 1504 3204 ἔχειν,
1563 3128 1922 3203 στοχάζεσθαι

268 3214 327 3273 δὶ
353 3217 483 3279 τοὺς
514 3216 747 3294 ἀγαθοὺς
772 3224 871 3288 τῆς
898 3217 1225 3293 ἀοχλησίας·
1264 3217 1366 3273 είεν
1424 3215 1470 3272 δ’
1518 3214 1578 3272 ἄν
1633 3218 1688 3271 αἱ
1736 3216 1920 3292 ἀρεταὶ

264 3313 367 3376 τῆς
425 3302 773 3380 εὐδαιμονίας
832 3305 1237 3383 ἀπεργαστικαί.
1342 3307 1691 3383 Ξενοκράτης
1758 3326 1817 3361 τε
1890 3307 1920 3361 6

260 3393 642 3467 Χαλκηδόνιος
671 3398 783 3471 (73)
810 3397 909 3467 τήν
971 3394 1317 3470 εὐδαιμονίαν
1376 3392 1677 3451 ἀποδίδωσι
1727 3402 1917 3466 κτῆσιν

259 3491 362 3555 τῆς
404 3484 605 3549 οἶκείας
637 3487 833 3561 ἀρετῆς
891 3484 981 3541 καὶ
1038 3492 1140 3555 τῆς
1201 3486 1536 3562 ὑπηρετικῆς
1583 3483 1719 3560 αὐτῇ
1762 3481 1920 3539 δυνά-

265 3595 432 3649 μεως.
466 3575 598 3631 Εἶτα
628 3574 701 3637 ὡς
735 3575 831 3648 μὲν
864 3573 917 3629 ἐν
948 3575 994 3648 ᾧ
1034 3574 1263 3650 γίνεται,
1312 3575 1556 3652 φαίνεται
1588 3571 1758 3648 λέγων
1816 3576 1917 3644 τήν

261 3665 469 3739 ψυχήν·
502 3664 603 3732 ὡς,
627 3661 675 3719 δ’
707 3664 795 3741 ὑφ’
825 3665 924 3731 ὧν,
954 3665 1052 3728 τὰς
1080 3664 1293 3739 ἀρετάς·
1348 3664 1424 3724 ὡς
1482 3661 1530 3718 δ’
1588 3662 1640 3736 ἐξ
1699 3664 1794 3736 ὧν,
1844 3665 1920 3727 ὡς

264 3756 471 3827 μερῶν,
501 3753 595 3815 τάς
620 3752 792 3816 καλὰς
819 3756 1058 3827 πράξεις,
1089 3754 1178 3808 καὶ
1208 3754 1303 3815 τὰς
1354 3750 1653 3814 σπουδαίας
1701 3748 1833 3827 ἔξεις
1861 3773 1918 3808 τε

258 3841 351 3897 καὶ
382 3838 667 3910 διαθὲσεις,
697 3843 783 3897 καὶ
818 3844 1183 3913 κινήσεις,καὶ
1206 3842 1443 3920 σχέσεις·
1476 3843 1552 3906 ὡς
1580 3842 1786 3898 τούτων
1820 3842 1917 3898 οὐκ

260 3928 385 3987 ἃνευ
413 3931 478 3986 τὰ
508 3932 796 4005 σωματικὰ
824 3931 914 3987 καὶ
953 3933 1021 3987 τὰ
1051 3930 1225 3996 ὶκτός.
1283 3934 1343 3990 ’0
1396 3933 1497 4009 γὰρ
1538 3933 1913 4007 Ξενοκράτους

255 4020 539 4097 γνώριμος
574 4018 841 4093 Πολέμων
901 4019 1146 4099 φαίνεται
1174 4021 1274 4092 τὴν
1318 4017 1662 4095 εὐδαιμονίαν
1718 4020 1912 4096 αὐτάρ-

254 4129 409 4164 κειαν
432 4109 565 4165 εἶναι
597 4106 941 4185 βουλόμενος
995 4111 1210 4186 ἀγαθῶν
1269 4113 1510 4181 πάντων,
1542 4110 1577 4181 ἢ
1608 4114 1717 4166 τῶν
1746 4107 1913 4165 πλεί-

255 4218 397 4254 στων
452 4198 544 4252 καὶ
607 4197 894 4274 μεγίστων.
982 4200 1308 4273 Δογματίξει
1369 4202 1499 4274 γοῦν
1582 4200 1759 4275 χωρῖς
1818 4198 1913 4272 μὶν

254 4287 454 4362 ἀρετῆς
486 4283 764 4359 μηδέποτε
820 4284 879 4340 ἃν
942 4284 1287 4361 εὐδαιμονίαν
1334 4287 1620 4362 ὑπάρχειν,
1670 4286 1802 4344 δίχα
1855 4286 1914 4347 δὶ

250 4374 346 4430 καὶ
401 4378 512 4430 τῶν
593 4378 923 4448 σωματικῶν
987 4375 1077 4429 καὶ
1133 4380 1240 4431 τῶν
1322 4375 1474 4438 ἐκτὸς
1556 4378 1657 4447 τήν
1714 4378 1908 4454 ἀρετὴν

250 4463 493 4540 αὐτάρκη
529 4464 665 4538 πρὸς
722 4459 1071 4536 εὐδαιμονίαν
1159 4466 1315 4523 εἶναι.
1370 4465 1473 4522 Καὶ
1532 4468 1599 4521 τὰ
1654 4467 1748 4539 μὶν
1804 4465 1911 4523 ὧδε

2044 1884 2326 1945 amicum;
2351 1897 2473 1952 qua:
2527 1887 2655 1936 sunt
2711 1888 2891 1936 autem
2940 1881 3317 1948 immoderata,
3376 1896 3553 1950 neque
3596 1881 3701 1935 sibi

2041 1974 2295 2037 invicem,
2327 1989 2505 2043 neque
2523 1972 2822 2027 moderatis
2848 1971 2912 2035 ›ι‹
2963 1973 3144 2026 amica
3193 1977 3340 2026 sunt.
3387 1972 3494 2036 Qui
3523 1972 3702 2040 igitur
3734 1964 3737 1967 ’

2041 2063 2150 2117 Deo
2180 2063 2310 2117 talis
2334 2064 2541 2118 amicus
2567 2065 2689 2132 fore
2738 2062 2940 2128 studet,
2999 2077 3208 2117 necesse
3263 2067 3363 2126 est,
3413 2066 3477 2115 ut
3531 2076 3697 2131 quam

2038 2154 2278 2207 maxime
2304 2168 2408 2222 pro
2436 2152 2647 2207 viribus
2704 2153 2982 2221 efﬁciatur
3025 2150 3169 2205 talis.
3233 2151 3350 2204 Hac
3382 2149 3573 2221 itaque
3599 2166 3697 2205 ra-

2041 2241 2189 2294 tione
2206 2242 2455 2311 quisquis
2484 2247 2561 2295 est
2613 2246 2939 2311 temperans,
2997 2245 3076 2295 est
3128 2241 3237 2294 Deo
3292 2240 3499 2294 amicus
3537 2258 3559 2303 ;
3616 2246 3695 2295 est

2039 2330 2184 2384 enim
2223 2329 2418 2384 similis
2449 2346 2465 2396 ;
2495 2332 2890 2399 intemperatus
2939 2334 3145 2390 autem,
3185 2326 3467 2382 dissimilis
3524 2334 3578 2382 et
3606 2328 3697 2382 di-

2037 2434 2239 2475 versus.
2284 2419 2403 2473 Hoc
2445 2424 2645 2474 autem
2698 2423 2865 2472 vetus
2923 2416 3227 2472 decretum
3272 2432 3403 2471 esse
3462 2416 3689 2483 dicens,

2037 2508 2571 2581 eam,quaaalege
2621 2507 2696 2563 ad
2753 2507 2950 2579 ipsum
3009 2507 3297 2578 pervenit,
3354 2505 3688 2563 doctrinam

2036 2597 2213 2652 tacite
2245 2596 2614 2670 significavit.
2641 2598 2712 2651 Et
2741 2596 2803 2651 in
2834 2596 3099 2651 Theaeteto
3129 2613 3150 2660 ;
3181 2610 3313 2650 cum
3346 2595 3505 2650 mala
3536 2595 3692 2651 circa

2036 2686 2348 2742 mortalem
2380 2692 2655 2741 naturam
2678 2690 2735 2740 et
2747 2685 2907 2740 hunc
2935 2685 3134 2740 locum
3149 2684 3485 2739 necessario
3498 2683 3690 2756 vagari

2036 2776 2450 2843 concessisset,
2477 2774 2785 2848 subjungit
2818 2790 2831 2828 :
2865 2777 3045 2840 Quare
3073 2778 3289 2843 oportet
3320 2779 3530 2827 tentare
3560 2773 3688 2827 hinc

2034 2864 2167 2919 illuc
2194 2868 2387 2934 fugere
2437 2880 2604 2935 quam
2634 2864 2932 2919 celerrime.
2983 2864 3140 2932 Fuga
3189 2868 3373 2917 autem
3402 2867 3497 2928 est,
3556 2863 3687 2929 Deo,

2033 2954 2221 3024 quoad
2260 2956 2383 3025 ﬁeri
2433 2959 2632 3023 potest,
2685 2953 3064 3015 assimilatio;
3115 2950 3441 3007 assimilatio
3480 2957 3687 3019 autem,

2024 3044 2240 3114 justum
2260 3049 2312 3097 et
2333 3048 2583 3099 sanctum
2611 3044 2734 3112 ﬁeri
2763 3058 2885 3098 cum
2918 3040 3244 3113 prudentia.
3288 3041 3359 3096 Et
3411 3040 3687 3113 Speusip—

2034 3148 2169 3203 pus,
2201 3132 2466 3188 Platonis
2497 3147 2567 3187 ex
2598 3147 2799 3187 sorore
2830 3130 3011 3196 illius,
3072 3129 3215 3186 dicit
3260 3128 3692 3186 beatitudinem

2036 3239 2166 3278 esse
2196 3222 2524 3295 perfectum
2556 3222 2823 3278 habitum
2847 3221 2910 3276 in
2950 3221 3044 3287 iis,
3088 3220 3189 3292 qui
3223 3236 3287 3275 se
3342 3219 3567 3275 habent
3595 3236 3688 3274 se-

2032 3311 2294 3368 cundum
2327 3317 2600 3367 naturam
2628 3328 2641 3364 :
2674 3315 2776 3366 aut
2817 3309 3085 3365 habitum
3130 3308 3425 3363 bonorum
3460 3324 3472 3361 :
3506 3324 3683 3378 quam

2029 3401 2515 3457 constitutionem
2548 3415 2756 3455 omnes
2781 3398 3024 3470 quidem
3056 3397 3334 3453 homines
3365 3401 3679 3468 appetere;

2032 3490 2189 3547 solos
2221 3495 2418 3547 autem
2448 3489 2635 3545 bonos
2658 3489 2942 3559 consequi
2975 3486 3267 3543 molestia)
3296 3486 3681 3542 vacuitatem:

2032 3585 2090 3635 et
2117 3579 2275 3652 quod
2305 3580 2549 3634 virtutes
2580 3578 2925 3633 felicitatem
2980 3576 3264 3632 efﬁciant.
3319 3576 3683 3631 Xenocrates

2028 3686 2165 3725 vero
2196 3667 2698 3725 Chalcedonensis
2729 3667 2942 3722 definit
2969 3664 3423 3728 beatitudinem,
3457 3680 3681 3720 conve-

2028 3759 2252 3815 nientis
2282 3757 2515 3812 virtutis
2531 3756 3064 3830 possessionem.et
3083 3755 3234 3827 ejus,
3267 3771 3399 3826 quae
3421 3754 3475 3809 ei
3498 3754 3685 3809 inser-

2025 3847 2432 3915 vit,facultatis
2457 3863 2472 3911 ;
2504 3846 2739 3912 deinde,
2769 3850 2836 3900 ut
2864 3845 2925 3901 in
2956 3862 3073 3917 quo
3105 3843 3346 3915 quidem
3379 3843 3477 3910 sit,
3500 3859 3685 3917 appa—

2026 3942 2119 3992 ret
2148 3936 2346 3992 dicere
2376 3936 2638 3991 animam
2665 3951 2679 4001 ;
2710 3939 2777 3989 ut
2809 3940 3010 3990 autem
3058 3951 3093 3989 a
3122 3933 3359 4005 quibus,
3392 3933 3641 3988 virtutes
3667 3949 3681 3997 ;

2023 4030 2092 4080 ut
2121 4042 2190 4081 ex
2216 4024 2432 4097 quibus
2463 4031 2747 4097 tanquam
2778 4024 3069 4095 partibus,
3101 4023 3289 4078 bonas
3317 4022 3607 4085 actiones,
3624 4026 3684 4077 et

2023 4114 2309 4170 honestos
2340 4114 2603 4177 habitus,
2632 4119 2691 4169 et
2719 4113 3088 4174 affectiones.
3117 4116 3177 4167 et
3205 4116 3489 4177 motus,et
3512 4109 3684 4165 habi—

2023 4203 2259 4260 tudines
2279 4208 2514 4276 ;utpote
2545 4202 2701 4275 quod
2722 4218 2842 4258 non
2873 4203 3005 4257 sine
3027 4201 3121 4256 his
3150 4200 3272 4256 sint
3300 4215 3527 4270 ea,qua3
3543 4201 3686 4253 sunt
3774 4231 3787 4243 κ

2022 4294 2291 4366 corporis
2324 4299 2384 4350 et
2414 4298 2678 4350 externa.
2731 4291 3086 4347 Xenocratis
3142 4290 3303 4344 enim
3354 4286 3682 4358 discipulus

2020 4382 2284 4451 Polemo,
2317 4383 2549 4439 videtur
2576 4382 2726 4437 velle
2756 4379 3195 4436 beatitudinem
3220 4392 3349 4432 esse
3380 4375 3683 4432 sufﬁcien‘

2023 4472 2169 4527 tiam
2199 4473 2467 4529 omnium
2496 4472 2812 4530 bonorum.
2836 4469 2925 4524 vel
2961 4467 3361 4540 plurimorum
3392 4470 3454 4519 et
3480 4462 3681 4518 maxi-

253 4552 453 4629 ἰχὲτω·
514 4554 568 4608 αἱ
630 4551 688 4609 δὲ
741 4552 1085 4630 άντιῤῥῆσεις
1143 4555 1197 4609 αἱ
1272 4557 1408 4629 πρὸς
1463 4556 1559 4618 τὰς
1619 4555 1912 4631 είρημὲνας

2039 4578 2276 4617 norum.
2310 4561 2586 4617 Decernit
2614 4561 2838 4630 itaque,
2869 4558 2997 4612 siue
3030 4556 3242 4611 virtute
3273 4553 3513 4625 quidem
3557 4569 3680 4609 non

253 4640 416 4713 δύξας
466 4643 603 4697 κατὰ
641 4643 829 4718 καιρὸν
886 4644 1228 4713 τεθήσονται·
1289 4647 1425 4717 ἡμῖν
1483 4643 1539 4699 δὲ
1595 4644 1779 4707 αὐτοῖς
1831 4646 1907 4708 εἰς

246 4730 419 4794 τελος
444 4729 801 4802 ἀτελεύτητον
861 4732 1142 4803 ἀφικεσθαι
1200 4732 1507 4806 πρόκειται,
1560 4735 1910 4806 πειθομενοις

246 4825 373 4884 ταῖς
428 4816 702 4893 ἐντολαῖς,
762 4839 1007 4876 τουτεστι
1076 4824 1156 4894 τῷ
1222 4825 1358 4896 Θεῷ,
1416 4842 1506 4877 και
1564 4822 1681 4877 κατ’
1742 4821 1907 4885 αὐτὰς

2018 4648 2281 4704 futuram
2299 4665 2561 4718 unquam
2577 4646 3037 4710 beatitudinem;
3055 4644 3279 4715 absque
3297 4642 3470 4698 bonis
3482 4648 3680 4698 autem

2019 4737 2285 4808 corporis
2310 4742 2368 4791 et
2389 4736 2967 4802 externis,virtutem
3000 4750 3131 4789 esse
3162 4731 3561 4788 sufﬁcientem
3605 4731 3678 4787 ad

2018 4824 2470 4880 beatitudinem.
2496 4826 2565 4880 Et
2592 4825 2719 4880 hanc
2750 4823 2994 4895 quidem
3017 4822 3101 4877 sic
3133 4821 3410 4877 habeant.
3445 4822 3583 4886 Quae
3607 4836 3685 4876 au

316 5003 382 5067 ,ιη
409 4996 474 5051 P.
505 4996 612 5049 εοο
640 4995 753 5049 ED.
785 4995 1080 5066 porrus,
1110 4997 1352 5053 ιιεειιο
1385 4998 1499 5053 se.
1521 4996 1751 5054 PARIS.
1783 4996 1863 5070 (a)
1888 4999 1924 5054 L

2064 5015 2175 5066 xw,
2210 5000 2295 5053 11.

318 5165 430 5235 (66)
450 5160 786 5235 Tﬁibtulsl.
830 5163 1134 5235 Plato,Tq)
1161 5162 1209 5219 δ’
1237 5166 1367 5222 αῗεί.

319 5233 434 5307 (67⁷)
466 5233 565 5294 Τίς
597 5233 712 5290 οὐν.
749 5236 883 5291 Ηωο
914 5233 1150 5292 exstant
1196 5239 1256 5293 in
1290 5239 1441 5295 libro
1472 5240 1737 5297 Platonis
1778 5241 1906 5313 jam

244 5309 428 5366 dicto.
464 5323 522 5366 ι).
556 5308 678 5363 832.

287 5310 428 5375 icto,
464 5323 522 5375 p.
556 5310 678 5363 832.

464 5323 819 5454 Ρέιῗιῗέέρρις.
850 5376 1068 5448 Adjicit
1116 5380 1291 5454 Plato
1318 5399 1330 5436 :
1403 5381 1467 5454 ᾗς)
1498 5378 1555 5436 δὲ
1609 5381 1738 5446 Θεὸς
1766 5383 1902 5454 ἡμῖν

244 5447 500 5524 ἁπάντων
527 5447 858 5524 χρημάςαυν¹
884 5447 1080 5520 μέτρον
1201 5448 1305 5524 ,εἴη
1345 5450 1605 5524 μάλιστα,
1637 5455 1722 5508 καὶ
1758 5447 1903 5507 πολὺ

253 5467 500 5506 απαντων
577 5467 840 5523 ρηματων
884 5467 1080 5520 μετρον
1114 5467 1172 5503 αν
1224 5467 1305 5521 εἴη
1345 5467 1605 5524 μάλιστα,
1637 5467 1722 5508 καί
1758 5467 1903 5507 πολύ

253 5518 473 5598 μᾶλλον
507 5467 659 5591 ἠξτου
690 5518 796 5598 τῖς,
821 5518 896 5581 ὥς
919 5540 1099 5598 φασιν,
1125 5521 1429 5596 ἃνθρωπος.
1465 5528 1604 5581 Deus
1659 5530 1905 5598 profecto

242 5595 404 5650 nobis
433 5611 617 5650 rerum
648 5595 886 5669 omnium
933 5595 1174 5669 maxime
1219 5595 1291 5652 sit
1324 5614 1591 5663 mensura,
1625 5595 1906 5669 multoque

244 5669 443 5735 magis,
475 5683 641 5735 quam
672 5666 872 5735 quivis,
896 5670 957 5718 ut
983 5668 1191 5733 ferunt,
1224 5669 1403 5724 homo.

319 5734 434 5809 (69)
464 5734 562 5810 Τῷ
593 5738 731 5807 Θεῷ.
765 5734 952 5806 Plato,
990 5740 1068 5807 τῷ
1096 5739 1355 5809 τοιούτῳ.

2090 5170 2405 5295 (Ἷὲἐιὲῗςτε.
2442 5169 2629 5239 Plato,
2690 5168 2719 5221 ὁ
2771 5163 2849 5221 δέ.
2882 5166 3109 5223 Ibidem
3139 5184 3298 5232 mox,
3331 5161 3592 5241 διάφορός
3615 5184 3677 5221 τε

2015 5258 2107 5293 και
2138 5258 2201 5295 ao
2212 5259 2348 5301 ικος.

2089 5313 2199 5383 (71)
2235 5311 2346 5367 Διό.
2383 5313 2517 5367 Haec
2541 5316 2777 5367 exstant
2806 5311 3064 5383 Theaeteti
3092 5328 3150 5381 p.
3214 5313 3335 5383 129.
3378 5306 3677 5383 LSuperius

2018 5378 2495 5453 ea'recitavimus
2525 5382 2597 5438 ad
2630 5382 2953 5453 Clementis
2990 5399 3046 5453 p.
3076 5378 3179 5436 £03
3203 5380 3342 5453 edit.
3378 5378 3564 5453 Paris:

2227 5452 2613 5531 ’ASE):?t80_‘3C.
2648 5456 2868 5526 Nempe
2907 5445 3023 5531 υίὸς
3048 5458 3151 5531 τῇς
3211 5448 3453 5531 ἀδελφῆς
3506 5445 3671 5531 αὐτος»

2015 5518 2299 5597 unum,
2331 5518 2479 5598 ﬁlius
2511 5528 2743 5582 Potones
2786 5518 2993 5598 sororis
3048 5524 3327 5598 Platonis,
3359 5518 3453 5572 ἰιι
3481 5518 3667 5573 refert

2014 5595 2242 5656 Suidas.
2269 5595 2339 5655 δι’
2358 5599 2621 5655 Laertius
2648 5598 2707 5651 in
2742 5596 3036 5667 principio
3059 5595 3158 5649 lib.
3184 5610 3256 5667 iv.

2086 5674 2198 5742 (73)
2231 5667 2634 5739 Χαλκηδόνιος.
2670 5660 2996 5742 conique;
3056 5664 3329 5742 superius
3385 5660 3672 5719 adnotata

2015 5735 2155 5799 sunt
2178 5735 2251 5800 ad
2288 5735 2559 5814 Protrept.
2594 5758 2652 5812 p.
2684 5741 2752 5794 44
2784 5735 2926 5795 edit.
2960 5735 3144 5792 Paris.
3932 5744 3937 5747 ι
