4048 6186
341 361 481 419 1085

335 486 425 541 καὶ
512 484 902 566 ἐπιστραφήτω
985 493 1121 571 πρὸς
1205 496 1403 571 Κύριον
1446 540 1461 567 ,

342 596 488 631 σεται
523 621 538 647 ,
611 575 717 641 ίως
751 624 765 648 ,

343 662 590 730 διανοίας
671 691 778 743 μου
812 715 824 727 .

850 582 944 636 Καὶ
1003 583 1068 638 τὰ
1124 581 1471 661 διανοήματα
1530 587 1684 661 ὑμῶν
1737 587 1842 642 ἀπὸ
1895 589 1993 657 τῆς

903 672 1096 746 Ἡμεῖς
1166 675 1346 730 τοίνυν
1417 676 1553 731 κατᾶ
1601 677 1692 731 τὸν
1750 680 1993 751 γενναῖον

344 754 709 829 Ἀπόστολον,
771 758 830 814 ἐκ
885 760 1117 825 πίστεως
1171 761 1364 820 ἐλπίδα
1420 761 1769 836 δικαιοσύνης
1826 766 1989 820 ἀπεκ-

346 842 660 921 δεχόμεθα*
723 847 775 903 ἐν
830 849 931 926 γὰρ
989 851 1204 927 Χριστῷ
1261 857 1373 927 (81)
1432 850 1555 909 οὔτε
1611 856 1879 931 περιτομή
1937 875 1990 910 τι

347 933 550 1010 ίσχύει,
611 934 736 992 οὔτε
792 934 1120 1016 ἀκροϐυστία
1153 986 1167 1012 ,
1226 941 1371 998 ἀλλὰ
1417 942 1594 1006 πίστις
1652 941 1723 999 δι’
1773 943 1989 1019 ἀγάπης

344 1023 705 1099 ἐνεργουμένη
743 1069 756 1082 .
860 1028 1272 1103 Ἐπιθυμοῦμεν
1376 1028 1433 1086 δὲ
1531 1028 1755 1087 ’ἑκαστον
1841 1032 1993 1106 ὑμῶν

342 1113 439 1181 τήν
544 1113 711 1184 αὑτὴν
818 1115 1184 1183 ἐνδείκνυσθαι
1298 1117 1539 1190 σπουδήν
1651 1121 1789 1198 πρὸς
1891 1123 1988 1192 τὴν

340 1202 727 1282 πληροφορίαν
785 1212 886 1276 τῆς
946 1205 1210 1281 ἐλπίδος,
1267 1206 1372 1272 ἕως
1409 1254 1421 1268 ,
1483 1209 1633 1267 Κατᾶ
1686 1212 1788 1281 τήν
1844 1210 1988 1283 τάξιν

341 1291 691 1368 Μελχισεδὲκ
762 1295 1051 1372 ἀρχιερεὺς
1120 1297 1411 1376 γενόμενος
1484 1299 1561 1362 εἰς
1622 1301 1715 1356 τὸν
1770 1299 1943 1357 αἴῶνα
1974 1344 1988 1358 .

337 1381 421 1438 Τά
476 1380 642 1456 ὅμοια
670 1388 749 1456 τῷ
779 1385 980 1461 Παύλῳ
1026 1389 1061 1458 ἡ
1094 1388 1391 1462 πανάρετος
1442 1393 1616 1467 Σοφία
1673 1392 1786 1465 (82)
1821 1388 1987 1467 λέγει.

302 1472 397 1529 ·⁹Ο
454 1468 512 1527 δὶ
568 1472 705 1547 ἐμοῦ
762 1478 875 1549 (83)
914 1476 1151 1547 ἀκούων,
1210 1480 1616 1549 κατασκηνώσει
1671 1477 1753 1534 ἐπ’
1809 1477 1990 1535 ἐλπίδι

341 1564 621 1627 πεποιθώς
681 1567 809 1638 (84)·
865 1568 901 1636 ἠ
958 1569 1058 1645 γάρ
1113 1575 1215 1639 τῆς
1276 1566 1501 1632 ἐλπίδος
1559 1569 1992 1633 ἀποκατάστασις

343 1650 660 1724 ὁμωνύμως
734 1653 894 1717 ἐλπὶς
952 1654 1165 1728 εἴρηται
1202 1677 1215 1691 ·
1279 1656 1369 1714 διᾶι
1432 1664 1532 1715 τοῦ
1586 1659 1989 1731 κατασκηνώσει

324 1744 410 1816 τῇ
465 1740 603 1813 λέξει
657 1745 769 1817 (85)
826 1745 1123 1823 παγκάλως
1184 1751 1489 1825 προσέθηκε
1542 1750 1605 1805 τὸ
1663 1750 1941 1816 πεποιθώς
1974 1793 1989 1817 ν

1685 372 2127 436 BTROMA'I‘UM
2167 380 2300 435 LIB.
2344 374 2420 436 Il.

1555 496 1646 554 καὶ
1750 495 1987 569 ἐλεηθή-

2101 507 2229 572 quat
2274 498 2476 573 impius
2524 502 2640 558 vias
2686 518 2833 569 suas,
2864 507 2916 557 et
2946 507 3298 558 convertatur
3327 502 3401 557 ad
3431 502 3749 571 Dominum,

3610 377 3747 433 1086

2100 596 2152 645 et
2179 590 2613 646 misericordiam
2653 597 3033 663 consequetur,
3083 607 3271 662 usque
3320 590 3433 645 ad:
3496 592 3752 661 Cogitata

2098 687 2275 737 vestra
2303 698 2338 736 a
2366 679 2704 751 cogitatione
2733 697 2852 735 mea
2877 682 2972 751 (α).
3005 681 3110 736 Nos
3158 696 3317 754 ergo,
3365 698 3434 736 ex
3476 679 3747 753 praeclari

2098 770 2363 843 Apostoli
2396 770 2713 837 sententia,
2745 787 2814 825 ea:
2841 771 2949 839 ﬁde
2992 786 3142 841 spem
3179 771 3420 840 justitiae
3466 776 3751 843 exspecta-

2099 877 2257 915 mus:
2291 862 2349 915 in
2381 858 2597 915 Christo
2636 862 2779 914 enim
2827 876 3002 930 neque
3050 859 3191 915 181
3253 863 3592 916 circumcisio
3640 861 3750 915 ali-

2099 950 2236 1019 quid
2263 948 2427 1017 valet,
2458 966 2633 1020 neque
2653 952 3014 1021 praeputium,
3038 950 3131 1005 sed
3170 950 3322 1018 fides,
3354 966 3474 1020 quae
3498 968 3602 1022 per
3647 952 3745 1006 di-

2102 1040 2383 1095 lectionem
2413 1040 2784 1110 operatur(b).
2819 1041 3077 1110 Cupimus
3100 1045 3281 1095 autem
3310 1057 3748 1111 unumquemque

2098 1134 2337 1184 vestrum
2364 1128 2603 1184 eamdem
2645 1130 2924 1184 ostendere
2969 1128 3401 1184 sollicitudinem
3449 1123 3523 1183 ἇά
3550 1130 3747 1202 exple-

2101 1221 2297 1274 tionem
2349 1220 2483 1289 spei,
2545 1235 2731 1290 usque
2788 1217 2863 1274 ad
2920 1218 3109 1274 illud:
3142 1217 3453 1275 Secundum
3498 1219 3749 1275 ordinem

2097 1307 2485 1365 Melchisedech
2513 1310 2695 1377 factus
2718 1311 2979 1379 pontifex
3007 1309 3065 1362 in
3103 1314 3372 1365 mter-num
3418 1308 3511 1380 (c).
3564 1307 3745 1365 Paulo

2100 1414 2335 1470 quoque
2359 1396 2581 1453 similia
2601 1396 2747 1454 dicit
2776 1398 3073 1470 Sapientia
3102 1398 3265 1454 omni
3297 1400 3508 1454 virtute
3529 1398 3742 1471 plena:

2099 1489 2205 1554 Qui
2250 1494 2433 1542 autem
2462 1504 2544 1541 me
2587 1486 2767 1554 audit,
2816 1486 3089 1542 habitabit
3136 1486 3197 1542 in
3226 1503 3319 1558 spe
3348 1488 3743 1560 conﬁdens(d).

2099 1576 2234 1649 Spei
2264 1576 2425 1632 enim
2460 1575 2778 1645 restitutio,
2808 1592 2929 1646 spes
2958 1576 3116 1632 dicta
3146 1582 3236 1631 est
3252 1576 3547 1648 sequivoce
3573 1592 3586 1630 :
3612 1592 3745 1648 pro-

2097 1672 2303 1740 pterea
2357 1666 2496 1721 huic
2563 1664 2832 1733 dictioni,
2888 1664 2951 1727 ›ι‹
3008 1665 3303 1721 habitabit.
3346 1665 3745 1735 pulcherrime

2097 1754 2334 1828 adjecit,
2368 1756 2677 1827 conﬁdens:
2730 1753 3051 1810 ostendens
3103 1770 3260 1822 eum,
3294 1752 3394 1825 qui
3428 1758 3517 1808 est
3545 1754 3750 1826 hujus-

343 1827 553 1893 δεικνὺς
600 1833 690 1885 τὸν
748 1838 993 1890 τοιοῦτον
1054 1837 1472 1907 ἀναπεπαῦσθαι,
1521 1833 1872 1894 ἀπολαϐόντα
1925 1840 1986 1909 ἢν

345 1916 404 1939 νῚ
490 1923 516 1939 υ
633 1918 678 1939 ’Ἴ
745 1919 789 1939 ’ἢ
934 1921 959 1939 ἢ
995 1925 1006 1939 ι
1147 1925 1160 1939 ι
1225 1925 1239 1939 ς
1369 1921 1380 1939 Ι
1575 1933 1610 1939 --
1654 1927 1668 1939 ι
1734 1927 1748 1939 ι
1888 1927 1899 1939 ι

2101 1827 2282 1910 modi,
2312 1844 2696 1917 requievisse,
2720 1849 2957 1915 recepta
2986 1860 3054 1899 ea
3084 1859 3210 1915 spe,
3243 1858 3421 1914 quam
3451 1840 3746 1914 sperabat.

338 1916 570 2004 ἤλπιζεν
631 1918 871 1976 ἐλπίδα·
931 1921 1016 1979 διὸ
1073 1925 1161 1980 καὶ
1222 1921 1464 2004 ἐπιφέρει
1501 1974 1514 1995 ,
1573 1927 1671 1982 Καὶ
1720 1927 1987 2002 ἠσυχάσει

342 2001 562 2085 ἀφόϐως
619 2008 727 2064 ἀπὸ
782 2012 985 2075 παντὸς
1040 2018 1230 2072 κακοῦ.
1290 2001 1570 2092 ’Ᾰντικρυς
1630 2013 1687 2071 δὶ
1744 2017 1772 2071 ὁ
1817 2001 1989 2075 ’Ᾱπό-

338 2098 540 2165 στολος
576 2101 627 2156 ἐν
657 2106 725 2179 τῇ
756 2103 993 2181 προτέρᾳ
1021 2111 1126 2162 τῶν
1168 2108 1305 2184 πρὸς
1334 2109 1655 2185 Κορινθίους
1685 2106 1984 2186 διαῤῥήδην

338 2190 489 2269 φησί·
551 2194 806 2267 Μιμηταί
865 2217 971 2270 μου
1001 2196 1230 2273 γίνεσθε,
1287 2200 1465 2262 καθὼς
1521 2199 1669 2276 κάγὼ
1727 2202 1982 2275 Χριστοῦ

331 2278 425 2336 ’ίνα
476 2282 697 2359 γένηται
750 2282 924 2339 ἐκεῖνο
958 2304 970 2317 ·
1031 2286 1096 2341 El
1157 2288 1315 2361 ὑμεῖς
1372 2291 1483 2362 (86)
1540 2288 1715 2362 ἐμοῦ,
1765 2287 1870 2365 ἐγὼ
1929 2285 1987 2343 δὶ

335 2371 593 2444 Χριστοῖν
653 2372 809 2446 ὑμεῖς
858 2375 950 2429 οὗν
1012 2376 1247 2450 μιμηταὶ
1279 2375 1513 2453 Χριστοῦ
1569 2378 1801 2453 γίνεσθε,
1853 2384 1985 2450 Χρι-

336 2460 463 2524 στὸς
518 2458 577 2515 δὶ
631 2466 787 2519 Θεοῦ.
844 2465 958 2534 Τήν
1011 2463 1332 2539 ἐξομοίωσιν
1368 2469 1481 2540 (87)
1535 2467 1712 2522 τοίνυν
1743 2471 1821 2540 τῷ
1848 2471 1983 2540 Θεῷ,

339 2545 417 2612 εἷς
475 2551 599 2605 ὅσον
654 2551 859 2609 οἷόντε
909 2553 977 2623 ἦν
1034 2551 1243 2610 δίκαιον
1303 2556 1393 2612 καὶ
1451 2556 1602 2612 ὅσιον
1669 2556 1803 2631 μετὰ
1856 2578 1989 2634 etpo-

337 2637 549 2707 νήσιως
621 2640 886 2716 γενέσθαι,
970 2641 1170 2698 σκοπὸν
1236 2651 1338 2714 τῆς
1411 2644 1646 2708 πίστεως
1737 2646 1986 2702 ὑποτίθε-

336 2744 456 2782 ται’
515 2725 673 2788 τέλος
730 2726 788 2784 δὶ
842 2731 941 2800 τήν
1000 2731 1094 2788 ἐπὶ
1146 2736 1215 2809 τῇ
1272 2734 1453 2790 πίστει
1508 2742 1609 2805 τῆς
1660 2734 1985 2814 ἐπαγγελίας

336 2814 795 2875 ἀποκατάστασιν.
848 2822 945 2875 Ἐκ
988 2820 1195 2877 τούτων
1246 2824 1342 2878 οὗν
1396 2825 1451 2878 αἱ
1508 2826 1679 2900 πηγαὶ
1720 2829 1828 2881 τῶν
1861 2826 1987 2902 περὶ

2095 1936 2286 2001 Quare
2311 1933 2489 1989 etiam
2521 1933 2826 2007 subjungit
2854 1950 2866 1987 :
2907 1936 2976 1988 Et
3006 1935 3243 2003 quiescet
3291 1949 3472 1988 secure
3500 1932 3567 1986 ab
3598 1932 3751 1988 omni

2094 2024 2259 2079 malo.
2312 2026 2528 2095 Aperte
2580 2027 2779 2078 autem
2823 2021 2968 2077 dicit
3016 2021 3334 2093 Apostolus
3363 2021 3425 2075 in
3456 2020 3638 2093 priori
3672 2019 3747 2075 ad

2096 2112 2469 2169 Corinthios:
2543 2114 2850 2167 Imitatores
2923 2113 3030 2165 mei
3077 2117 3238 2166 estote
3270 2152 3284 2177 ,
3341 2111 3483 2165 sicut
3538 2115 3589 2165 et
3650 2126 3749 2179 ego

2097 2201 2303 2257 Christi
2334 2202 2402 2272 (e)
2429 2218 2442 2256 :
2472 2206 2539 2256 ut
2576 2199 2728 2256 illud
2759 2200 3089 2256 efficiatur:
3124 2199 3181 2253 Si
3203 2217 3304 2254 vos
3334 2199 3474 2266 mei,
3504 2215 3608 2273 ego
3640 2215 3744 2254 au-

2099 2296 2215 2348 tem
2273 2290 2527 2357 Christi;
2583 2307 2684 2345 vos
2738 2306 2876 2362 ergo
2929 2288 3072 2344 estis
3127 2288 3343 2344 Christi
3392 2287 3743 2356 imitatores,

2095 2380 2362 2436 Christus
2409 2395 2547 2434 vero
2597 2379 2720 2434 Dei.
2772 2381 2881 2433 Deo
2920 2393 3057 2451 ergo
3100 2376 3418 2446 assimilari,
3451 2383 3534 2449 ut,
3564 2377 3749 2449 quoad

2092 2472 2213 2540 ﬁeri
2242 2474 2434 2541 potest,
2458 2472 2558 2537 ﬁat
2589 2469 2711 2539 quis
2732 2467 2921 2538 justus
2946 2474 2998 2522 et
3027 2474 3247 2523 sanctus
3273 2484 3393 2522 cum
3417 2467 3741 2538 prudentia,

2097 2559 2306 2616 statuit
2328 2574 2457 2615 esse
2488 2574 2735 2631 scopum
2764 2557 2901 2612 ﬁdei
2927 2573 2940 2623 ;
2977 2556 3158 2612 finem
3190 2563 3407 2621 autem,
3439 2571 3588 2624 eam,
3617 2571 3747 2628 quas

2097 2648 2165 2705 fit
2193 2664 2298 2720 per
2327 2646 2527 2714 fidem,
2560 2646 2840 2719 promissi
2888 2644 3347 2701 restitutionem.
3381 2645 3462 2698 Ex
3490 2643 3583 2698 his
3610 2659 3746 2715 ergo

2094 2737 2291 2794 fontes
2322 2753 2554 2805 eorum,
2585 2735 2686 2808 qui
2718 2735 2790 2790 de
2813 2734 2930 2789 ﬁne
2962 2732 3370 2799 decreverunt,
3402 2748 3551 2803 quos
3580 2731 3746 2802 prius

2098 2826 2379 2895 diximus,
2411 2825 2761 2881 scaturiunt.
2797 2822 2906 2879 Sed
2939 2822 3011 2878 de
3040 2822 3133 2878 his
3166 2821 3405 2894 quidem
3438 2820 3582 2875 satis
3635 2823 3743 2874 est.

335 2904 530 2969 τέλους
560 2903 1023 2983 δογματισάντων,
1055 2908 1115 2974 ἃς
1141 2914 1569 2989 προειρήκαμεν,
1607 2912 1919 2990 βλύζουσιν.
1952 2911 2133 2970 ’Λλλᾶ
2161 2914 2366 2969 τούτων
2401 2913 2495 2987 μὲν
2523 2911 2667 2976 ἅλις.

1808 3059 2039 3115 CAPUT
2077 3058 2274 3115 XXIII.

515 3155 593 3209 De
618 3157 964 3210 matrimonii
991 3157 1285 3212 commodis
1311 3162 1363 3212 et
1386 3158 1676 3227 praeceptis
1705 3160 1765 3213 in
1792 3157 1914 3228 ejus
1940 3174 2043 3213 usu
2084 3155 2468 3221 observandis;
2500 3170 2623 3226 qua
2644 3156 2868 3226 plenius
2899 3160 3104 3211 tractat
3134 3155 3274 3210 libro
3302 3153 3565 3224 sequenti.
3660 3140 3663 3151 ’

408 3275 560 3334 Ἐπεὶ
628 3274 686 3333 δὲ
756 3275 929 3349 ἡδονή
984 3278 1072 3335 καὶ
1130 3279 1391 3354 ἐπιθυμία
1443 3279 1766 3337 ὑποπίπτειν
1823 3280 1987 3357 γάμῳ

2168 3281 2458 3348 Quoniam
2497 3285 2696 3337 autem
2724 3280 2996 3353 voluptas
3040 3284 3098 3335 et
3136 3277 3430 3351 cupiditas
3476 3276 3752 3332 videntur

335 3362 509 3437 δοκεῖ,
554 3365 646 3422 καὶ
692 3368 818 3442 περὶ
866 3366 1063 3423 τούτου
1122 3364 1470 3439 διαληπτέον.
1522 3371 1704 3441 Γάμος
1754 3370 1850 3443 μὶν
1895 3370 1985 3424 οὗν

338 3454 450 3512 ἐστὶ
480 3453 708 3521 σύνοδος
755 3454 944 3529 ἀνδρὸς
991 3456 1080 3513 καὶ
1112 3458 1367 3535 γυναικὸς
1396 3460 1431 3529 ἡ
1462 3460 1656 3535 πρώτη
1689 3462 1802 3532 (88)
1852 3458 1992 3515 κατὰ

336 3545 510 3620 νόμον
544 3544 629 3601 ἐπὶ
681 3546 923 3622 γνησίων
965 3548 1165 3603 τέκνων
1221 3552 1418 3623 σπορᾷ.
1469 3549 1532 3606 Ὁ
1559 3553 1686 3624 γοῦν
1741 3548 1988 3624 κωμικὸς

338 3632 668 3708 Μένανδρος·

487 3786 574 3821 ..τε
607 3740 847 3821 Ηαίδων,
880 3743 1034 3821 φησὶ,
1056 3745 1256 3821 Δσπόρῳ
1283 3749 1393 3821 τῷν
1425 3745 1667 3821 γνησίων

485 3812 693 3888 Δίδωμί
724 3816 809 3870 σοί
832 3812 902 3891 γε
922 3812 1028 3885 τὴν
1052 3812 1291 3890 ἐμαύτοῦ
1320 3812 1588 3894 θυγατέρα

337 3923 622 3995 Ζητοῦμεν
683 3919 740 3978 δὲ
770 3968 784 3993 ,
844 3922 891 3979 εί
939 3923 1257 4000 γαμητέον’
1317 3922 1450 4000 ὅπερ
1508 3929 1614 3982 τῶν
1671 3927 1808 3982 κατὰ
1852 3927 1990 4001 πρὸς

334 4010 390 4066 τί
471 4014 585 4086 (89)
636 4016 755 4076 πῶς
814 4010 960 4089 ἔχειν
1011 4013 1422 4087 ὠνομασμένων
1474 4013 1616 4071 ἐστίν
1652 4058 1665 4071 .
1722 4016 1839 4071 Τινὶ
1888 4016 1989 4093 γὰρ

2099 3372 2309 3428 cadere
2322 3372 2384 3426 in
2408 3371 2880 3438 matrimonium,
2896 3370 2967 3427 de
2990 3371 3102 3426 hoc
3123 3386 3359 3441 quoque
3377 3364 3749 3424 tractandum

2099 3468 2207 3519 est.
2241 3464 2343 3518 Est
2373 3478 2509 3536 ergo
2548 3462 2996 3519 matrimonium
3039 3462 3233 3533 prima
3258 3460 3522 3534 legitima
3552 3457 3659 3512 viri
3691 3460 3750 3512 et

2098 3553 2369 3611 mulieris
2393 3554 2524 3627 conj
2534 3554 2736 3609 unctio
2758 3552 2831 3609 ad
2852 3553 3251 3626 legitimorum
3273 3552 3597 3608 liberorum
3614 3564 3753 3623 pro—

2099 3643 2487 3700 creationem.
2521 3642 2843 3699 Menander
2872 3643 3072 3713 itaque
3098 3642 3363 3698 comicus
3392 3639 3478 3698 ait
3504 3656 3517 3695 :

2240 3751 2335 3807 Ad
2355 3752 2701 3807 seminandos
2731 3752 3001 3821 legitimos
3033 3751 3228 3806 liberos

2247 3823 2367 3879 Tibi
2395 3839 2571 3878 meam
2602 3822 2761 3878 trado
2789 3823 2984 3894 ﬁliam.

2099 3929 2431 3996 Quaarimus
2462 3934 2686 3998 autem,
2714 3945 2791 3985 an
2819 3930 2897 3985 sit
2925 3946 3073 3986 uxor
3103 3927 3411 3985 ducenda:
3442 3925 3600 4000 quod
3619 3924 3750 3998 qui-

2099 4019 2235 4075 dem
2266 4024 2357 4076 est
2384 4036 2457 4075 ex
2483 4020 2579 4087 iis,
2604 4036 2737 4092 quas
2759 4020 3089 4076 secundum
3110 4018 3186 4076 ad
3209 4018 3435 4091 aliquid
3458 4017 3753 4090 quodam-

407 4157 485 4236 ξιξ
497 4160 560 4214 Ρ.
590 4159 699 4215 502
728 4160 840 4236 an.
874 4160 1168 4236 Poma,
1199 4162 1434 4216 420.421
1472 4161 1584 4217 ED.
1618 4162 1850 4219 PARIS.
1925 4163 1989 4236 (αξ

2101 4180 2148 4219 a.
2180 4180 2272 4231 ιν,
2304 4166 2359 4232 6,
2390 4167 2444 4232 ‘7,
2477 4166 2529 4219 9.
2606 4164 2687 4235 (b)
2718 4163 2841 4220 Gal.
2874 4180 2926 4231 ν,
2955 4166 3009 4231 6,
3042 4166 3091 4218 6.
3171 4164 3240 4234 (c)
3268 4163 3414 4220 Heb.
3442 4181 3517 4233 vr,
3552 4166 3637 4231 ll,
3661 4166 3749 4219 20.

332 4230 420 4301 (ά)
451 4233 617 4285 Prov.
650 4247 691 4300 ι,
724 4232 813 4286 33.
891 4234 962 4303 (e)
993 4233 1015 4285 Ι
1044 4233 1177 4288 Cor.
1204 4250 1282 4300 ιι,
1316 4236 1365 4288 1.

411 4373 525 4443 (81)
556 4376 787 4445 ξριστῳ.
813 4372 1032 4445 Χριστῷ
1063 4374 1268 4442 Ἰησοῦ,
1303 4373 1488 4430 Galat.

411 4445 536 4520 (82)
556 4444 618 4499 Ἠ
649 4444 946 4520 πανάρλετος
979 4445 1173 4520 Σοφία.
1207 4445 1308 4520 _Sic
1360 4446 1633 4520 Clemens
1658 4516 1668 4520 _
1690 4449 1991 4520 Romanus

338 4517 476 4593 sub
506 4517 688 4572 finem
741 4518 956 4593 prioris
1000 4513 1336 4593 Epistola_:_
1369 4513 1559 4593 Οὕτως
1592 4516 1737 4593 γὰρ,
1774 4516 1921 4593 λέγει
1952 4520 1989 4588 ἡ

335 4588 665 4672 πανάρετος.
717 4588 909 4665 Σοφία.
989 4588 1078 4644 Ita
1149 4590 1419 4658 siquidem
1488 4588 1637 4645 dicit
1686 4588 1992 4715 Sapientia

337 4676 553 4715 omnem
608 4668 865 4715 virtutem
921 4662 1293 4715 comnlectens.
1325 4662 1467 4715 Post
1515 4677 1714 4715 auem.
1796 4663 1988 4715 ibrum

337 4676 553 4715 omnem
608 4662 865 4715 virtutem
921 4662 1293 4730 complectens.
1325 4662 1467 4732 Post
1515 4677 1714 4732 quem,
1770 4662 1988 4718 librum

2102 4374 2282 4463 [Aldan
2340 4377 2494 4451 ὑμῶν
2554 4375 2697 4432 ἐστιν
2759 4376 2917 4450 ὑμεῖς
2970 4372 3028 4430 δὶ
3087 4377 3345 4449 Χριστοῦ·
3406 4373 3637 4449 Χριστὸς
3693 4370 3752 4429 δὲ

2101 4454 2285 4593 Θιῗέἦ)
2313 4518 2694 4593 Ἐξομοίωσιν.
2737 4520 2892 4593 Cum
2912 4517 3165 4589 apostoli
3195 4517 3467 4593 doctrina
3494 4517 3748 4584 confert,

2171 4522 2285 4593 (87)
2313 4520 2694 4646 ’Biopolmmv.
2737 4520 2881 4574 Cum
2912 4520 3165 4589 apostoli
3195 4520 3383 4600 doctri

2101 4608 2234 4662 quas
2258 4608 2376 4664 pau
2404 4609 2437 4646 ο
2469 4606 2809 4664 superiuse
2832 4590 3077 4664 Platone
3108 4595 3390 4664 recitant.

2175 4656 2284 4734 (88)
2314 4662 2375 4746 ᾘ
2428 4656 2648 4744 ιιιιρισῗτηἶ
2710 4661 2951 4746 videtur
2999 4662 3274 4746 Clemens
3327 4656 3552 4746 σύνοδον
3593 4659 3746 4733 πρώ-

339 4732 814 4821 Prpverb‘ilorum,
874 4714 1188 4821 πανάβετρν.
1209 4730 1412 4809 Σοφίαν
1441 4714 1819 4821 appellarunt
1875 4751 1989 4817 non

2101 4714 2491 4821 την,ςρἅῶαώ
2520 4714 2981 4821 coniunctionem,
3012 4714 3267 4821 nuptias;
3282 4732 3616 4821 appellans,
3636 4714 3749 4821 Lens

340 4802 539 4877 solum
565 4803 840 4859 Clemens
872 4802 1333 4877 Alexandrinus,
1368 4802 1689 4877 sed'etiam
1716 4805 1994 4877 Hegesip-

339 4891 475 4949 pus,
509 4875 796 4949 Irenasus,
821 4875 911 4928 καὶ
943 4873 971 4928 ὁ
1002 4874 1108 4935 πᾶς
1136 4872 1521 4949 τῶνίάρχαίων
1550 4874 1741 4949 χορός,
1774 4872 1829 4930 et
1854 4872 1996 4949 tot-us

340 4948 702 5027 antiquorum
744 4947 962 5014 chorus,
1021 4948 1178 5018 apud
1234 4946 1747 5002 Eusebium"Hist.
1808 4948 1991 5003 eccles.

340 5016 445 5071 lib.
481 5034 719 5100 iv,‘cap.
758 5018 1039 5100 1'8.ncon_t‘.
1074 5036 1206 5100 quin
1231 5018 1304 5073 ad
1352 5018 1717 5073 Clementem
1771 5021 1991 5075 Roma-

340 5104 487 5143 num
517 5088 821 5144 adnotavit
849 5088 1195 5146 Cotelerius.

413 5156 696 5236 (83)_'0_8‘
728 5156 819 5236 ἐμ.
856 5160 1020 5219 Vide.
1077 5178 1207 5232 quas
1252 5161 1537 5236 superius
1588 5162 1651 5215 in
1710 5178 1840 5236 pag.
1891 5163 1995 5216 342

341 5230 485 5287 edit.
520 5232 704 5287 Paris.
736 5232 1017 5287 adnotata
1048 5230 1206 5288 sunt.
1240 5230 1505 5288 CoiLac'r.

416 5304 534 5373 (84)
592 5302 896 5364 Πεποιθώς.
958 5304 1138 5359 Abest
1186 5320 1220 5359 a
1267 5306 1431 5359 Prov.
1470 5321 1510 5365 ι,
1540 5306 1628 5369 33,
1660 5303 1759 5359 ubi
1792 5310 1994 5359 tamen

342 5373 592 5429 adnotat
650 5376 975 5446 Flaminius
1032 5376 1318 5446 Nobilius,
1379 5377 1439 5431 in
1478 5376 1704 5446 scholio
1736 5376 1993 5446 quodam

342 5446 470 5500 hac
501 5452 727 5502 evstare
759 5444 1120 5500 ἀναπαύσεται
1151 5444 1204 5501 ἰν
1236 5444 1423 5517 εἰρήνῃ
1452 5444 1752 5509 πεποιθώς.

413 5468 470 5500 ΒΟ
501 5468 727 5502 evswre
759 5468 1120 5500 αναπαυσεται
1151 5468 1204 5501 εν
1236 5468 1385 5517 ειρην
1452 5468 1752 5509 πεποιυως.

413 5519 526 5590 (8.5)
561 5517 656 5571 Διὰ
683 5522 781 5572 τοῦ
808 5519 1215 5587 κατασκηνώσει
1242 5521 1311 5588 τῇ
1347 5468 1507 5588 λέἒει.
1527 5519 1756 5574 Clarius
1786 5518 1993 5589 divise,

341 5584 428 5663 δι(
449 5584 916 5661 ἃ,’ᾳιιαρνοριετ;
948 5584 1146 5663 inquit
1167 5584 1443 5663 Sylburg'.
1478 5591 1714 5647 Rectius
1746 5584 1994 5663 legetur,

343 5658 434 5715 ἐπὶ
462 5658 664 5731 τάξι-τοί
687 5658 1091 5731 κατασκηνώσει
1122 5658 1282 5730 λέξέι.
1319 5658 1528 5718 LOPTH.

420 5735 530 5804 (86,
562 5733 762 5806 Ὑμεῖς.
795 5735 904 5789 Illa
935 5734 1115 5789 etiam
1140 5734 1306 5789 Pauli
1356 5736 1533 5790 verba
1578 5734 1872 5806 respicere
1917 5734 1996 5788 vi-

346 5802 523 5859 detur
572 5802 866 5878 Clemens,
899 5822 1032 5877 quae
1063 5811 1386 5862 occurrunt
1413 5810 1435 5860 ι
1466 5807 1595 5861 Cor.
1629 5802 1713 5876 ιιῐ,
1744 5808 1834 5873 22,
1882 5807 1950 5859 23
1976 5820 1990 5860 :

2103 4801 2466 4878 distinguere
2495 4821 2529 4878 a
2559 4801 2978 4878 concubinam,
3008 4801 3210 4876 γά;ὶοις
3242 4801 3601 4878 ἰπξισάκτοις.
3636 4806 3753 4859 Nec

2104 4876 2264 4948 enim
2295 4874 2588 4931 secundas
2608 4874 2848 4948 nuptias
2869 4880 3003 4948 post
3017 4874 3267 4932 mortem
3291 4875 3535 4932 alterius
3558 4893 3589 4931 e
3610 4892 3749 4931 con-

2096 4946 3051 5020 jugibusr‘contractas‘damnavit.
3087 4954 3153 5020 ut
3179 4964 3210 5003 e
3241 4949 3443 5003 Strom.
3493 4964 3556 5020 ιιι
3608 4948 3752 5004 satis

2143 5017 2282 5075 atet.
2316 5017 2407 5073 Sic
2439 5020 2685 5074 Hermas
2716 5018 2818 5074 lib.
2854 5034 2915 5082 ιι,
2949 5019 3057 5073 sub
3103 5019 3284 5074 ﬁnem
3330 5019 3594 5076 mandat.
3653 5036 3705 5074 ιν
3734 5036 3749 5073 :

2143 5037 2282 5075 atet.
2316 5037 2407 5073 mc
2439 5037 2685 5074 nermas
2716 5037 2818 5074 un.
2854 5037 2915 5082 ιι.
2949 5037 3057 5073 sun
3103 5037 3284 5074 unem
3330 5037 3594 5076 mandat.
3653 5037 3705 5074 ιν
3734 5037 3749 5073 :

2100 5037 2162 5147 gi
2214 5092 2323 5156 vir,
2380 5092 2464 5146 vel
2510 5090 2710 5145 mulier
2766 5090 3007 5162 alicujus
3064 5090 3371 5155 decesserit,
3425 5098 3476 5146 et
3504 5094 3753 5162 nupserit

2102 5162 2307 5231 aliquis
2355 5162 2599 5229 illorum,
2657 5160 2935 5232 numquid
2979 5165 3220 5233 peccat?
3267 5163 3373 5227 Qui
3422 5160 3595 5218 nubit“
3638 5179 3749 5233 non

2548 5250 2562 5288 :
2595 5233 2689 5288 sed
2714 5235 2763 5288 si
2784 5250 2885 5304 per
2911 5249 2966 5287 se
3011 5236 3291 5291 manserit.
3326 5250 3491 5305 magn

2094 5239 2308 5305 peccat,

2101 5313 2386 5360 conquerit

2101 5307 2386 5375 conquerit
2412 5304 2671 5360 honorem
2699 5305 2852 5374 apud
2882 5306 3193 5362 Dominum.
3229 5306 3335 5361 Ubi
3369 5304 3511 5376 quid
3544 5304 3615 5359 de
3663 5321 3752 5359 se-

2102 5377 2317 5449 cundis
2370 5378 2596 5449 nuptiis
2653 5378 2952 5449 senserint
2992 5377 3238 5449 (antiqui
3287 5380 3510 5441 Patres,
3542 5376 3749 5449 multis

2103 5445 2725 5504 testimoniis—edocuit
2753 5448 3097 5505 Cotelerius.
3129 5445 3237 5514 Qui
3291 5454 3489 5502 tamen
3546 5445 3749 5501 existi-

2101 5536 2298 5575 masse
2330 5519 2947 5575 videtur.Clementem
2980 5536 3050 5574 ea
3074 5535 3253 5574 causa
3269 5514 3491 5589 σύνοδον
3524 5516 3749 5589 πρώτην

2100 5607 2342 5718 1Vgocafse
2387 5590 2480 5645 τὸν
2536 5589 2733 5664 γάμον,
2794 5590 2953 5661 quod
3016 5587 3349 5661 μονογαμίαν
3403 5587 3592 5644 solam
3622 5604 3757 5661 pro-

2142 5679 2241 5718 are
2275 5705 2287 5717 .

2142 5668 2287 5718 aret.

2172 5737 2282 5807 (89)
2340 5734 2484 5788 Κατὰ
2529 5732 2665 5807 πρός
2719 5752 2813 5786 τι.

2098 5803 2228 5879 τρός
2252 5803 2327 5861 τι.

3496 5251 3588 5289 um
3641 5232 3751 5289 sibi

2891 5731 3181 5786 Lowthius
3238 5731 3463 5787 mavult
3515 5729 3654 5785 κατὰ
3710 5730 3749 5804 ἢ
