4048 6186
322 371 463 428 1089

1645 371 2089 427 BTROMATUM
2126 372 2262 425 LlB.
2303 369 2374 425 ΙΙ.

3595 376 3736 430 1090

319 500 486 568 κήπῳ
548 493 682 569 μετὰ
736 498 836 559 τῆς
894 494 1108 568 ἑταίρας
1167 496 1277 567 (97)
1321 492 1502 568 ἔργοις
1555 477 1966 564 ἐκύδαινονῗτήν

2107 498 2407 552 iberorum
2463 497 2798 570 susceptio;
2861 515 2929 553 ex
2990 499 3508 570 peripateticorum
3569 517 3730 570 vero,

322 588 552 659 ἡδονήν.
603 588 717 644 Οὐκ
768 584 830 641 ἂν
879 587 970 642 οὖν
1022 586 1308 664 ἐκφςιγοιεν
1336 587 1436 653 τὴν
1470 587 1758 662 βουζύγιον
1819 587 1974 661 ἀρὰν,

322 679 436 733 ἐσοι
491 678 568 750 μὴ
620 674 1009 749 δοκιμάζοντες
1055 675 1204 752 σφίσι
1251 675 1540 751 συμφέρειν
1572 677 1714 742 τινα,
1770 674 1974 748 ἐτὲροις

322 772 493 822 ταῦτα
558 763 1021 838 παρακελεύονται
1093 769 1292 818 ποιεῖν’
1369 763 1404 832 ἢ
1484 764 1548 817 αὖ
1619 760 1975 835 τοῦμπαλιν.

325 859 504 913 Τοῦτο
567 855 820 929 βραχέως
858 849 911 922 ’ἡ
967 855 1152 928 Γραφὴ
1213 849 1547 922 δεδήλωκεν,
1587 853 1860 927 εἰρηκυῖα.
1911 854 1980 908 Ὃ

329 951 507 1019 μισεῖς
539 947 678 1017 (98),
727 939 888 1011 ἄλλῳ
945 941 1006 996 οὐ
1039 943 1311 1014 ποιήσεις.
1356 939 1510 1010 Πλὴν
1541 942 1594 995 οἱ
1618 942 1798 1016 γάμον
1831 938 1978 994 δοκι·

329 1035 612 1108 μάζοντις.
661 1033 720 1087 Ἣ
749 1029 906 1107 φύσις
945 1034 1095 1102 ἡμᾶς
1151 1028 1426 1100 ἐποίησεν,
1487 1029 1671 1106 φασὶν,
1731 1028 1980 1092 εὐθέτους

325 1122 461 1198 πρὸς
493 1122 700 1197 γάμον,
750 1119 825 1180 ὡς
878 1116 1049 1188 δῆλον
1100 1117 1159 1172 ἐκ
1195 1121 1294 1182 τῆς
1327 1119 1597 1190 σωμάτων
1626 1123 1980 1185 κατασκευῆς,

323 1217 430 1267 τῶν
460 1231 519 1265 τε
547 1209 786 1286 ἀρῥὲνων
812 1208 903 1262 καὶ
957 1212 1060 1261 τῶν
1108 1206 1368 1277 θηλειῶν·
1419 1207 1510 1261 καὶ
1565 1206 1630 1261 τὸ
1687 1206 1985 1275 Αὐξανεσθε

325 1301 415 1356 καὶ
492 1297 830 1369 πληθύνεσθε
906 1301 1152 1371 συνεχῶς
1221 1291 1550 1351 ἐπιϐοῶνται
1587 1339 1599 1352 .
1661 1296 1723 1349 Ei
1783 1293 1840 1350 δέ
1892 1295 1984 1349 καὶ

325 1391 475 1446 ταῦθ’
505 1389 680 1450 οὕτως
709 1384 850 1462 ἔχει,
883 1384 1008 1441 ἀλλ’
1039 1387 1266 1461 αἶ’σχρόν
1301 1407 1364 1460 γε
1401 1386 1590 1446 αὐτοῖς
1625 1383 1776 1440 δοκεῖ
1801 1385 1864 1439 τὸ
1894 1385 1984 1438 καὶ

325 1485 436 1536 τῶν
470 1477 692 1553 ἀλόγων
727 1481 880 1546 ζώων
911 1477 1006 1531 τὸν
1063 1476 1166 1530 ὑπὸ
1217 1481 1352 1532 Θεοῦ
1384 1473 1860 1551 δημιουργηθέντα
1890 1472 1986 1529 ἄν·

331 1581 549 1644 θρωπον
625 1566 1014 1642 ἀκρατέστερον
1091 1566 1247 1633 εἶναι,
1326 1562 1358 1618 ἃ
1427 1567 1525 1633 τήν
1588 1565 1862 1638 ἐπιμιξίαν
1923 1563 1985 1618 οὖ

331 1663 569 1712 ποιεῖται
599 1655 738 1728 πρὸς
787 1653 972 1724 πολλά
1025 1654 1112 1708 καὶ
1171 1650 1397 1723 ἀναίδην
1457 1657 1590 1726 (99),
1645 1651 1794 1708 ἀλλὰ
1848 1653 1986 1725 πρὸς

328 1744 386 1801 ἓν
435 1747 525 1800 καὶ
587 1738 892 1820 ὁμόφολον·
929 1745 1039 1797 οἷαι
1071 1743 1126 1796 αἱ
1157 1739 1462 1811 πελειάδες,
1512 1742 1600 1796 καὶ
1662 1743 1717 1797 αἱ
1766 1742 1988 1818 φάσσαι,

2080 588 2325 642 bonum.
2361 588 2432 642 Ut
2460 587 2645 642 semel
2677 592 2875 642 autem
2908 587 3124 655 dicam,
3175 589 3262 643 illi
3310 589 3514 662 lingua
3559 595 3733 646 tenus

2082 695 2188 732 sua
2214 677 2575 732 deducentes
2608 676 2903 748 dogmata,
2942 676 3341 748 voluptatibus
3382 679 3735 748 servierunt,

2083 767 2183 820 alii
2219 766 2460 837 quidem
2490 765 2828 837 pellicibus,
2862 765 2962 820 alii
2993 782 3128 820 vero
3158 767 3742 839 meretricibus,plu-

2082 855 2218 908 rimi
2251 860 2449 909 autem
2482 861 2717 910 utentes
2747 853 3232 910 adolescentulis.
3267 855 3512 926 Sapiens
3537 862 3738 911 autem

2084 943 2189 997 illa
2217 943 2552 1013 quaternio,
2584 944 2644 998 in
2673 944 2844 998 horto
2877 959 3012 997 cum
3057 943 3396 1007 meretrice,
3436 945 3607 998 factis
3637 961 3739 998 vo-

2087 1032 2374 1103 luptatem
2397 1033 2643 1089 colebat.
2679 1035 2805 1087 Non
2837 1049 2974 1104 ergo
2998 1049 3129 1088 eam
3150 1033 3560 1104 gravissimam
3592 1035 3742 1088 effu-

2086 1122 2278 1194 gerint
2309 1121 2907 1200 exsecrationem,qui
2940 1139 3072 1176 cum
3107 1122 3220 1176 sibi
3242 1122 3444 1192 aliqua
3464 1139 3583 1177 non
3597 1139 3741 1176 con-

2086 1211 2240 1265 ferre
2251 1210 2544 1282 judicent,
2577 1212 2724 1266 alios
2749 1227 2819 1266 ea
2839 1211 3153 1265 hortentur
3173 1211 3494 1277 facere,vel
3513 1218 3739 1266 contra.

2091 1301 2208 1355 Hoc
2236 1299 2490 1354 breviter
2520 1301 2820 1372 Scriptura
2873 1300 3246 1372 significavit,
3299 1300 3542 1355 dicens:
3591 1303 3746 1366 Quod

2090 1392 2214 1444 odio
2235 1389 2528 1456 habes,alii
2547 1406 2630 1444 me
2657 1392 2852 1458 feceris
2874 1391 2970 1460 (a).
2997 1390 3286 1445 Caeterum
3310 1391 3744 1461 quimatrimo-

2091 1478 2258 1532 nium
2281 1479 2631 1550 approbant.
2662 1481 2796 1543 Nos,
2829 1479 3131 1549 inquiunt,
3163 1479 3304 1534 fecit
3327 1485 3541 1535 natura
3573 1484 3745 1551 aptos

2093 1566 2166 1621 ad
2199 1568 2738 1636 matrimonium,ut
2768 1568 2958 1638 liquet
2981 1584 3051 1621 ex
3073 1568 3506 1638 compositione
3533 1585 3744 1639 corpo-

2094 1673 2226 1712 rum
2283 1657 2684 1712 masculorum
2745 1664 2801 1711 et
2858 1657 3254 1712 feminarum:
3313 1663 3371 1711 et
3399 1658 3746 1730 frequenter

2095 1745 2242 1800 illud
2273 1746 2642 1801 acclamant:
2678 1749 2912 1802 Crescite
2942 1753 2992 1800 et
3022 1746 3477 1816 multiplicamini
3497 1747 3591 1816 (b).
3621 1748 3744 1802 Etsi

267 1894 273 1899 _
332 1835 514 1890 καὶτὸ
560 1831 834 1909 τρυγόνων
882 1830 1060 1906 γένος,
1087 1831 1175 1885 καὶ
1210 1828 1310 1884 ὅσα
1336 1829 1552 1892 τούτοις
1602 1833 1984 1904 παραπλήσια.

2107 1841 2293 1890 autem
2326 1836 2452 1890 haec
2501 1851 2736 1906 quoque
2786 1835 2869 1889 ita
2917 1851 2979 1890 se
3027 1834 3305 1901 habeant,
3352 1834 3496 1905 ipsis
3546 1840 3747 1890 tamen

334 1931 454 1980 Ἔτι
487 1921 668 1999 φασὶν,
701 1945 729 1972 ‹‹
759 1921 822 1977 Ὁ
853 1918 1072 1981 ἄτεκνος
1099 1926 1198 1988 τῆς
1249 1920 1385 1974 κατά
1431 1920 1584 1993 φύσιν
1633 1920 1982 1989 τελειότητος

334 2010 714 2080 ἀπολείπεται,
759 2007 852 2064 ἅτε
903 2009 978 2081 μή
1034 2007 1491 2076 ἀντικαταστήσας
1548 2011 1617 2080 τῇ
1678 2007 1836 2083 χώρᾳ
1889 2008 1981 2062 τὸν

336 2102 536 2156 οἰκεῖον
570 2096 851 2173 διάδοχον·
884 2096 1094 2158 τέλειος
1145 2097 1249 2170 γὰρ
1281 2097 1309 2150 ὁ
1359 2095 1675 2167 πεποιηκὼς
1722 2095 1772 2169 ἐξ
1821 2095 1986 2151 αὐτοῦ

334 2191 429 2244 τὸν
485 2189 703 2261 ὅμοιονθ
766 2185 977 2259 μᾶλλον
1033 2181 1110 2254 δὲ,
1169 2182 1382 2239 ἐπειδὰν
1441 2186 1688 2239 κάκεῖνον
1746 2186 1808 2240 τὸ
1856 2185 1986 2239 αὐτὸ

336 2275 679 2347 πεποιηκότα
709 2272 895 2348 ἐπίδῃ,
925 2273 1358 2342 τουτὲστιν,ὅταν
1388 2273 1463 2335 εἷς
1492 2275 1594 2342 τήν
1627 2274 1794 2342 αὐτὴν
1823 2295 1986 2329 κατα-

338 2368 513 2442 στήσῃ
547 2364 702 2442 φύσιν
733 2364 796 2418 τὸ
824 2363 1084 2418 τεκνωθὶν
1137 2367 1214 2433 τῷ
1260 2365 1608 2419 τεκνώσαντι.
1644 2386 1672 2414 ››
1706 2365 1986 2435 Γαμητὲον

338 2457 429 2511 οὗν
454 2459 670 2515 παντως
700 2452 788 2506 καὶ
820 2455 922 2517 τῆς
973 2448 1236 2526 πατρίδος
1267 2447 1440 2520 ἕνεκα,
1475 2452 1563 2505 καὶ
1594 2458 1693 2520 τῆς
1721 2457 1829 2505 τῶν
1862 2450 1987 2506 παί-

338 2542 446 2599 δων
481 2541 772 2617 διαδοχῆς.
799 2542 889 2595 καὶ
921 2544 1018 2605 τῆς
1052 2545 1147 2594 τοῦ
1177 2540 1410 2612 κόσμου,
1448 2540 1509 2594 τὸ
1541 2541 1665 2595 ὅσον
1700 2540 1780 2618 ἐφ’
1829 2545 1989 2614 ἡμῖν,

337 2631 794 2692 συντελειώσεως·
853 2629 968 2684 ἐπεὶ
999 2629 1088 2684 καὶ
1138 2628 1310 2701 γάμον
1367 2629 1488 2683 τινὰ
1525 2629 1885 2705 οἱκτείρουσιν
1938 2631 1990 2685 οἱ

336 2720 565 2792 ποιηταί
596 2721 838 2794 ἡμιτελῆ
872 2723 945 2790 (1)
993 2719 1079 2772 καὶ
1116 2715 1337 2772 ἄπαιδα·
1393 2717 1750 2791 μακαρίζουσι
1794 2716 1852 2773 δὲ
1897 2725 1988 2773 τὸν

338 2810 647 2888 ἀμφιθαλῆ.
682 2810 749 2865 Ai
781 2804 841 2862 δὲ
873 2808 1176 2874 σωματικαὶ
1225 2807 1373 2860 νόσοι
1410 2806 1647 2878 μάλιστα
1675 2807 1766 2861 τὸν
1815 2809 1988 2882 γάμον

338 2902 624 2975 ἀναγκαῖον
705 2895 1052 2952 δεικνύουσι·
1114 2898 1148 2964 ἡ
1206 2895 1305 2971 γὰρ
1362 2903 1460 2964 τῆς
1517 2897 1769 2970 γυναικὸς
1829 2895 1991 2966 κηδεο

343 2988 525 3064 μονία,
577 2986 666 3042 καὶ
721 2989 820 3054 τῆς
868 2985 1196 3058 πᾶραμονῆς
1242 2986 1275 3052 ἡ
1309 2983 1564 3055 ἰκτὲνειᾳ,
1620 2986 1717 3047 τὰς
1769 2985 1828 3039 ἐκ
1881 2989 1992 3040 τῶν

344 3076 532 3134 ἄλλων
568 3075 780 3130 οἰκείων
811 3074 901 3128 καὶ
951 3073 1128 3150 φίλων
1167 3067 1340 3128 ἔοικεν
1401 3072 1774 3148 ὑπερτίθεσθαι
1822 3095 1992 3148 προσ-

337 3167 680 3241 καρτερὲσεις
731 3163 842 3236 ὅσῳ
888 3166 956 3235 τῇ
1009 3162 1314 3234 συμπαθείᾳ
1363 3159 1636 3238 διαφέρειν
1681 3162 1772 3216 καὶ
1820 3183 1990 3238 προσ-

2095 1929 2265 1994 turpe
2295 1923 2544 1991 videtur,
2579 1923 2737 1994 quod
2789 1924 2987 1988 homo,
3022 1939 3200 1994 quem
3231 1924 3387 1978 Deus
3417 1929 3508 1978 est
3553 1925 3747 1978 archi-

2095 2018 2366 2080 tectatus,
2426 2014 2502 2066 sit
2547 2011 2952 2068 animantibus
2999 2012 3189 2067 brutis
3231 2012 3745 2082 intemperantior,

2094 2117 2226 2172 quin
2256 2117 2390 2156 cum
2422 2100 2626 2156 multis
2648 2106 2706 2155 et
2737 2107 2956 2156 temere
2987 2117 3109 2154 non
3140 2099 3624 2172 congrediuntur,
3641 2100 3748 2155 sed

2096 2207 2230 2244 cum
2262 2207 2402 2256 uno,
2437 2195 2495 2244 et
2524 2189 2684 2260 quod
2715 2190 2792 2244 sit
2809 2188 3079 2261 ejusdem
3099 2189 3335 2261 generis
3361 2206 3373 2242 :
3407 2189 3748 2260 cujusmodi

2097 2286 2237 2335 sunt
2264 2279 2580 2346 columbas,
2614 2285 2673 2334 et
2701 2278 3035 2350 palumbes,
3070 2284 3128 2332 et
3151 2295 3340 2351 genus
3363 2283 3752 2344 turturum,et

2099 2387 2228 2440 quae
2261 2374 2401 2422 sunt
2445 2369 2536 2423 his
2589 2368 2827 2424 similia.
2889 2391 2916 2417 «ι
2952 2370 3265 2432 Praeterea,
3301 2368 3600 2439 inquiunt,
3647 2368 3749 2438 qui

2099 2464 2259 2514 caret
2290 2457 2515 2524 liberis,
2544 2463 2634 2512 est
2663 2473 2732 2512 ea
2762 2456 3127 2528 perfectione
3176 2455 3466 2523 defectus,
3500 2474 3630 2528 qua)
3663 2461 3754 2511 est

2101 2546 2430 2602 secundum
2462 2551 2757 2615 naturam,
2791 2551 2857 2600 ut
2885 2546 2986 2616 qui
3020 2562 3192 2600 suum
3237 2561 3642 2601 successorem
3689 2545 3751 2600 in

2101 2652 2273 2690 suum
2304 2635 2502 2690 locum
2527 2652 2648 2690 non
2703 2634 3093 2689 substituerit.
3134 2641 3198 2704 ιι(
3241 2632 3542 2688 Perfectus
3591 2633 3751 2688 enim

2087 2719 2210 2787 est,
2243 2725 2344 2794 qui
2367 2739 2437 2778 ex
2459 2725 2653 2794 seipso
2676 2723 2816 2778 fecit
2837 2722 3095 2777 similem
3122 2737 3134 2774 :
3168 2720 3260 2774 vel
3283 2721 3480 2791 potius
3509 2720 3747 2791 quando

2101 2813 2272 2867 illum
2295 2813 2450 2868 idem
2479 2813 2686 2867 fecisse
2710 2811 2940 2880 viderit,
2965 2811 3075 2864 boc
3099 2814 3208 2876 est,
3241 2809 3480 2880 quando
3503 2810 3565 2864 in
3589 2825 3753 2864 eam-

2101 2901 2238 2954 dem
2269 2901 2605 2971 pervenerit
2626 2906 2899 2955 naturam
2931 2899 3112 2967 illius,
3146 2898 3317 2968 cujus
3349 2905 3458 2964 est,
3483 2899 3583 2968 qui
3615 2915 3753 2954 eum

2100 2989 2322 3061 genuit.
2351 3012 2378 3038 ››
2399 2991 2500 3044 Est
2520 3006 2655 3061 ergo
2678 2989 2924 3043 omnino
2955 3005 3104 3042 uxor
3132 2987 3423 3053 ducenda,
3457 2994 3516 3041 et
3545 2988 3751 3058 patrias

2102 3095 2303 3142 causa,
2341 3085 2399 3133 et
2426 3078 2752 3133 liberorum
2776 3077 3190 3142 successionis,
3225 3083 3283 3131 et
3312 3076 3543 3143 mundi,
3563 3093 3757 3147 quan-

2105 3174 2231 3222 tum
2266 3173 2355 3222 est
2384 3168 2444 3220 in
2497 3167 2690 3234 nobis,
2741 3166 3143 3238 perfectionis.
3194 3167 3337 3220 Nam
3369 3165 3543 3220 istius
3573 3165 3753 3222 etiam

341 3252 576 3330 εδρεύειν
638 3251 876 3324 μάλιστα
921 3251 1130 3304 πάντων
1187 3256 1548 3324 προαιρεῖται’
1598 3252 1685 3305 καὶ
1744 3257 1824 3324 τῷ
1876 3247 1992 3307 ὄντι

2107 3256 2472 3312 matrimonii
2497 3257 2856 3310 miserentur
2881 3260 3090 3326 poetas,
3124 3253 3282 3324 quod
3300 3259 3390 3308 est
3407 3255 3757 3324 semiperfec-

341 3341 482 3395 κατά
527 3340 626 3406 τήν
660 3339 874 3415 Γραφὴν
909 3336 1164 3412 ἀναγκαία
1203 3336 1403 3411 βοηθός
1434 3342 1530 3408 (2)·
1563 3343 1622 3394 Ὀ
1655 3337 1785 3412 γοῦν
1813 3359 1996 3412 κωμι-

2107 3353 2221 3400 tum
2251 3351 2309 3400 et
2338 3352 2500 3400 caret
2528 3345 2768 3409 liberis;
2799 3345 3039 3399 beatum
3085 3349 3283 3398 autem
3316 3342 3641 3414 praedicant
3671 3343 3753 3410 id,

341 3430 442 3492 κὸς
473 3425 802 3502 Μένανδρος,
834 3423 1195 3500 καταδραμὼν
1226 3431 1323 3481 τοῦ
1352 3426 1552 3500 γάμου,
1601 3427 1747 3483 ἀλλὰ
1793 3430 1880 3483 καὶ
1928 3431 1996 3484 τὰ

2107 3435 2264 3504 quod
2294 3434 2467 3488 ﬂoret
2489 3440 2547 3488 et
2573 3436 2846 3504 germinat
2891 3432 3274 3502 undequaque.
3327 3431 3511 3486 Morbi
3556 3439 3757 3487 autem

343 3520 601 3594 χρήσιμα
629 3515 935 3586 ἀντιτιθεὶς,
974 3516 1323 3589 ἀποκρίνεται
1349 3521 1427 3588 τῷ
1462 3516 1685 3576 εἰπόντι.

2107 3523 2368 3594 corporis
2401 3523 2654 3578 maxime
2676 3522 2944 3577 indicant
2965 3521 3369 3576 necessarium
3392 3535 3521 3574 esse
3547 3521 3755 3575 matri-

343 3618 632 3673 monium.
673 3615 878 3670 Uxoris
909 3615 1067 3668 enim
1098 3631 1240 3669 cura
1271 3621 1328 3669 et
1357 3615 1596 3670 assidua
1624 3617 1754 3688 ejus
1785 3619 2228 3687 perseverantia
2265 3619 2495 3674 videtur
2519 3619 2775 3674 aliorum
2814 3619 3287 3674 necessariorum
3342 3623 3399 3671 et
3429 3617 3756 3673 amicorum

345 3712 580 3761 tantum
611 3719 892 3774 superare
926 3703 1320 3770 tolerantiam,
1354 3711 1575 3774 quanto
1603 3722 1671 3760 ea
1703 3711 1906 3760 mutua
1935 3705 2158 3762 doloris
2189 3709 2584 3763 consensione
2633 3713 2692 3762 et
2732 3706 3140 3762 misericordia
3181 3705 3504 3772 antecellit,
3537 3711 3596 3761 et
3636 3707 3762 3762 vult

351 3795 621 3850 omnium
654 3793 909 3847 maxime
940 3792 1218 3846 lubenter
1247 3793 1453 3848 adesse
1487 3800 1544 3847 et
1568 3796 1883 3865 praesentia
1912 3811 2019 3850 sua
2049 3813 2409 3852 succurrere.
2447 3799 2516 3850 Et
2563 3813 2766 3852 revera
2822 3812 2892 3851 ex
2947 3796 3264 3866 Scripturee
3322 3796 3619 3850 sententia
3671 3800 3764 3850 est

348 3881 691 3938 necessaria
719 3881 977 3949 adjutria:
1007 3887 1094 3949 fc).
1130 3881 1448 3937 Menander
1477 3882 1676 3955 itaque
1707 3884 1988 3954 comicus,
2022 3902 2155 3940 cum
2188 3887 2632 3941 matrimonium
2659 3891 2816 3941 esset
2855 3885 3201 3953 insectatus,
3232 3883 3352 3938 alia
3381 3883 3561 3939 etiam
3592 3883 3765 3938 utilia

351 3987 680 4043 opponens,
713 3969 1034 4040 respondet
1055 3969 1129 4036 ei,
1164 3970 1263 4040 qui
1292 3971 1558 4026 dixerat:

548 4072 684 4147 πρὸς
714 4070 776 4126 τὸ
807 4069 1164 4147 πρᾷγμίέχω
1188 4077 1386 4147 κακᾼῶςι

423 4140 827 4219 Ἐπαρίστερῶς
851 4140 972 4219 ’γὰρ’
993 4140 1120 4198 αύτό
1152 4140 1493 4217 λαμϐάνεις..
1508 4193 1514 4199 .
1531 4189 1542 4201 .

422 4290 486 4353 ›ι‹
515 4291 578 4344 Ρ.
611 4291 715 4343 504
745 4290 855 4343 EI).
891 4289 1183 4344 POTTER.
1260 4291 1337 4361 (a)
1366 4290 1503 4344 Tob.
1542 4307 1613 4357 IV,
1648 4293 1732 4345 is.

427 4417 542 4484 (97)
590 4417 706 4482 Τῆς
757 4414 995 4476 ἑταίρας.
1048 4416 1351 4486 Praecipue
1403 4417 1709 4471 Leontium
1761 4419 2010 4474 innuere

353 4489 606 4555 videtur,
656 4504 788 4558 quae
842 4487 1092 4557 Epicuro
1143 4495 1201 4541 et
1239 4488 1543 4558 Epicureis
1573 4491 1630 4541 in
1664 4489 1825 4543 horto
1881 4506 2010 4545 sese

354 4559 677 4652 prostituit.
739 4559 1059 4652 utilenqu
1119 4559 1220 4652 Lib.
1274 4576 1390 4648 x’m,
1443 4576 1568 4652 cap.
1612 4563 1679 4650 6E
1716 4559 1889 4652 Οξὸτρς
1919 4560 2010 4614 οὖν

373 4629 686 4718 Επίξουξος
719 4628 780 4682 ού
815 4628 1068 4717 Λεόντιρν
1103 4629 1244 4717 εἶχεν
1289 4628 1589 4718 ΞρωμένὴνΓ
1620 4631 1718 4698 τήν
1753 4629 1840 4684 ἐπὶ
1873 4630 2015 4684 ἔται·
2055 4646 2087 4699 ξ)

426 4701 436 4718 1
1154 4717 1157 4718 ,
1219 4705 1255 4718 ..
1325 4701 1337 4714 ς
1555 4702 1568 4718 ρ
1754 4701 1774 4718 κ
1960 4707 1985 4717 ..

355 4701 475 4778 psi}
504 4696 798 4778 διαϐόητον
827 4699 1122 4778 γενομένην
1146 4696 1258 4778 :,"H
1293 4696 1502 4778 δ’ὲῌούχ
1525 4696 1639 4754 -ὅτε
1680 4696 2010 4778 φιλοσοφεῖν

355 4721 475 4775 pste.
504 4721 798 4768 οιαοοητον
827 4721 1164 4824 γενομενηνς
1215 4721 1258 4754 n
1293 4721 1350 4754 οε
1396 4721 1502 4774 ουχ
1549 4721 1639 4754 οτε
1690 4721 2010 4778 φιΛνισοφειν

354 4773 584 4846 ἤρξατο,
635 4770 904 4846 ἐπαύσατο
982 4774 1265 4846 ταιροῦσα,
1313 4771 1442 4846 πᾶσί
1493 4793 1559 4846 τεΔ
1597 4778 1720 4846 τοῖς
1768 4775 2016 4846 Ἐπικου-

358 4841 529 4918 ρείοις
581 4843 771 4918 συνῆν-
796 4841 846 4918 ἐν
895 4848 1011 4903 τοῖς
1062 4844 1281 4918 κήποιςς
1338 4843 1647 4918 Ἐπικούρῳ
1681 4841 1855 4918 δὲκαὶ
1888 4845 2013 4899 ἀνα-

357 4911 583 4991 φανδὸν,
643 4912 772 4991 ὥστ’
802 4911 1054 4991 ἐκεῖνον,
1103 4911 1320 4991 πολλὴν
1369 4911 1640 4991 φροντίδα
1683 4915 2013 4991 ποιούμενον

358 4983 549 5054 αὐτῆς,
598 4986 745 5062 τορτξ
799 4983 1108 5062 ἐμφανίζειν
1158 4983 1245 5040 διὰ
1274 4991 1382 5041 τῶν
1411 4983 1550 5059 πρὸς
1579 4983 1868 5062 ’Έρμαχον
1898 4988 2014 5043 ἐπι-

361 5064 596 5114 στολῶν.
629 5059 809 5128 Hujus
840 5060 1071 5128 Epicuri
1100 5075 1285 5113 annon
1312 5065 1523 5128 famosa
1553 5059 1812 5114 meretrix}
1842 5065 2016 5117 Leon-

362 5135 503 5187 tium
557 5133 738 5184 amica
793 5132 955 5198 fuit?
1009 5129 1116 5186 Illa
1158 5138 1342 5186 autem
1386 5132 1752 5201 philosophiae
1791 5151 2016 5202 operam

360 5219 568 5258 navare
611 5218 734 5256 cum
782 5203 1050 5270 cepisset,
1099 5219 1207 5256 non
1250 5204 1372 5256 ideo
1401 5205 1633 5257 scortari
1662 5204 1894 5272 destitit,
1925 5207 2018 5260 sed

361 5275 650 5344 Epicureis
703 5273 953 5326 omnibus
1003 5275 1060 5345 in
1108 5273 1280 5327 hortis
1329 5291 1382 5327 se
1405 5277 1717 5342 prostituit,
1751 5282 1803 5329 et
1825 5278 2016 5345 palam

402 5345 585 5400 uidem
617 5345 908 5413 Epicureo,
940 5344 1077 5398 adeo
1107 5350 1166 5398 ut
1195 5345 1261 5397 de
1291 5345 1390 5398 illa
1420 5345 1651 5400 multum
1691 5344 1864 5414 fuerit
1905 5349 2017 5402 sol-

402 5363 585 5400 utaem
617 5363 908 5413 uptcureo,
940 5363 1077 5398 adeo
1107 5363 1166 5398 ut
1195 5363 1261 5397 ae
1291 5363 1390 5398 ma
1420 5363 1651 5400 multum
1691 5363 1864 5414 fuerit
1905 5363 2016 5402 soc-

363 5363 550 5471 Yicitus
587 5417 858 5484 Epicurus
889 5431 908 5468 :
960 5414 1109 5483 quod
1147 5417 1258 5470 suis
1304 5416 1377 5470 ad
1421 5416 1786 5471 Hermachum
1816 5418 2016 5474 litteris

363 5485 690 5544 declaravit.
726 5485 892 5540 Conf.
947 5486 1234 5558 Diogenes
1275 5487 1539 5542 Laertius
1571 5488 1672 5542 lib.
1725 5506 1780 5557 x,
1832 5507 1950 5562 seg.
1983 5493 2018 5544 4

365 5565 424 5615 et
450 5573 576 5615 sea.

437 5575 640 5703 (ἴ)ῗῖῖο
689 5632 896 5703 μισεῖς.
961 5627 1100 5703 _Tob.
1159 5646 1232 5696 1v,
1269 5633 1331 5683 17
1359 5646 1371 5684 :
1395 5627 1568 5703 Kaiiib'
1602 5633 1798 5702 μισεῖς,
1834 5629 2020 5703 μηδενὶ

365 5701 624 5772 ποιήσῃς.
671 5701 1152 5775 Ορηξεξταιὶοηιιηι
1187 5702 1419 5775 apostol.
1467 5701 1665 5775 lib._'_i,_
1687 5719 1816 5775 cap.
1837 5701 1874 5758 1
1907 5721 1918 5758 :
1950 5705 2020 5761 Ὅ

368 5775 434 5826 σὺ
481 5768 658 5844 μισεῖς
710 5769 796 5848 ὑφ’
848 5768 1032 5843 ἑτέρου
1073 5770 1159 5825 σοὶ
1189 5768 1450 5846 γενεσθαι,
1485 5773 1548 5826 σὺ
1578 5772 1735 5845 ἄλλῳ
1759 5768 1826 5829 οὐ
1857 5777 2025 5848 ποιή-

1811 4293 1885 4363 (b)
1921 4293 2128 4349 Genes.
2165 4312 2200 4364 ι,
2234 4299 2322 4352 28.

2189 4083 2436 4151 Affectus
2465 4085 2524 4137 in
2557 4099 2668 4137 rem
2695 4098 2810 4138 sum
2840 4081 2982 4136 male
3008 4095 3026 4133 :

2186 4150 2320 4208 Nam
2352 4160 2410 4208 tu
2429 4157 2670 4221 sinistre,
2702 4170 2799 4208 nec
2829 4153 2980 4220 bene,
3028 4152 3172 4205 hanc
3199 4150 3419 4219 quidem
3448 4150 3618 4218 cap-is.

2401 4298 2469 4368 (ο)
2503 4299 2710 4352 Genes.
2747 4314 2804 4364 ιι,
2843 4297 2927 4350 18.

2123 4441 2253 4482 σεις.
2317 4424 2421 4478 Ubi
2482 4424 2638 4480 conf.
2695 4439 2826 4494 quis
2875 4413 3768 4494 adnotavitucotelerius.Conf.

2121 4495 2300 4570 etiam
2318 4497 2500 4570 Const.
2533 4485 2842 4570 apostilib.
2879 4507 3115 4570 m,_ca_p_.
3155 4491 3256 4553 i5;
3292 4485 3393 4540 lib.
3428 4489 3766 4570 vnz‘capj;

2124 4559 2581 4638 Recognitionum
2603 4566 2654 4619 S.
2693 4563 3014 4638 Clementis
3035 4559 3145 4638 lib.
3186 4559 3589 4638 vm,_cap.ﬂ56.
3621 4628 3630 4637 _

2194 4627 2307 4706 (θεῖ)
2365 4633 2621 4702 ’Δναίδην
2708 4631 2927 4706 Ἀνέδην
2987 4633 3084 4706 hic
3142 4637 3201 4686 et
3251 4627 3568 4698 aliquoties
3618 4627 3774 4682 infra

2127 4703 2506 4763 scribendum
2540 4706 2770 4760 monuit
2799 4703 3094 4760 Heinsius.

2198 4781 2273 4844 (1)
2302 4775 2596 4849 Ἡμιτελῆ.
2623 4779 2910 4831 Homerus
2941 4775 3013 4829 de
3046 4771 3369 4828 Protesilae
3401 4771 3503 4839 ait,
3535 4770 3700 4824 Iliad.
3729 4771 3775 4824 R

2127 4867 2176 4906 v.
2213 4851 2313 4904 705
2336 4867 2348 4903 :

2126 4961 2412 5048 Iopasxai
2445 4960 2798 5048 ἀμφιδρυφὴς
2822 4961 3028 5048 ᾅλοῇχηοθς
3063 4957 3288 5048 ibis)pr
3319 4953 3631 5048 ἐλελειπτο,

2126 5036 2228 5092 Καὶ
2261 5033 2430 5108 δόμος
2462 5026 2764 5108 ἧμιτε’λή’ς”
2787 5033 2877 5088 τὸν
2912 5026 2969 5088 8"-
2985 5029 3172 5088 ἔκτανε
3203 5026 3476 5104 Δάρδανος
3507 5027 3667 5102 ἀνήρ.

2128 5146 2306 5216 Hujus
2338 5143 2524 5198 ambas
2557 5144 2799 5198 lacerata
2828 5158 2992 5212 genas
3020 5157 3166 5197 uxor
3193 5142 3254 5194 in
3301 5138 3563 5260 Phylacer
3586 5137 3782 5260 rel‘icta

3567 5225 3661 5260 era
3689 5247 3702 5259 .

2130 5290 2196 5342 Et
2247 5288 2438 5342 domus
2492 5285 2912 5357 semiperfecta:
2974 5285 3116 5340 hunc
3171 5281 3372 5357 etenim
3410 5207 3778 5357 _intei[';1eg;rat

3249 5353 3564 5425 [Dardanus
3592 5351 3699 5403 vir.

2135 5457 2241 5513 Ubi
2273 5457 2619 5514 scholiastes
2650 5462 2815 5514 vetus
2863 5457 2982 5513 ait:
3022 5448 3349 5526 Ἦμιτελής,
3379 5445 3505 5516 ἤτοι
3537 5441 3780 5571 ἅτὲιέρῐξ.

2202 5640 2277 5710 (2)
2313 5635 2545 5710 Βοηθός.
2605 5637 2759 5710 Deus
2818 5649 3091 5710 uxorem‘
3122 5625 3384 5710 appellat
3428 5621 3782 5710 Boqﬁbv‘xa't'

2133 5693 2313 5835 ῗύτόν,
2347 5693 2554 5763 Genes.
2589 5725 2649 5774 ιι,
2685 5709 2770 5760 18.
2815 5708 2963 5770 Mox,
2998 5698 3141 5754 ἄλλα
3161 5693 3256 5750 καὶ
3286 5695 3355 5749 τὰ
3386 5693 3482 5768 χρ.
3514 5693 3658 5766 legit
3694 5693 3784 5751 in-

2162 5795 2384 5851 erpres.
