4048 6186
256 303 280 358 1
291 301 402 358 093

1601 297 2045 354 STROMATUM
2084 298 2217 354 LIB.
2261 298 2328 352 II.

3427 345 3430 348 .
3530 302 3670 358 109‘

249 425 720 498 ποιήσουσιν,καῖ
770 423 1133 480 καταλύσουσι
1183 427 1279 484 τάς
1326 443 1385 478 τε
1430 419 1639 486 πόλεις,
1689 421 1776 475 καὶ
1809 421 1900 475 τὸν

2024 421 2186 478 beros
2235 439 2358 479 non
2406 423 2796 496 susceperint,
2853 428 3148 495 quatenus
3197 425 3257 480 in
3306 425 3380 481 iis
3424 427 3666 498 quidem

251 518 459 588 κόσμον
490 517 581 570 τὸν
634 517 694 570 ἐκ
735 513 966 568 τούτων·
1000 513 1063 567 τὸ
1095 510 1152 567 δὲ
1198 515 1446 566 τοιοῦτον
1498 505 1704 579 ἀσεϐὲς,
1756 509 1900 574 θείαν

251 602 462 678 γένεσιν
518 600 921 656 καταλυόντων
993 596 1102 669 ἤδη
1165 596 1222 654 δὲ
1279 595 1537 672 ἄνανδρον
1590 597 1680 651 καὶ
1739 595 1904 651 ἀσθε-

248 694 338 756 νὲς
369 696 462 764 (8),
493 691 593 760 τὴν
631 691 765 766 μετὰ
800 688 1052 764 γυναικὸς
1093 689 1182 742 καὶ
1239 687 1439 742 τέκνων
1500 688 1710 764 φεύγειν
1763 707 1905 758 συμ-

254 777 450 837 ϐίωσιν
485 799 498 813 '
555 777 618 834 οὗ
675 779 781 854 γὰρ
842 781 875 846 ἡ
936 771 1193 844 ἀποϐολή
1247 776 1410 831 κακόν
1471 774 1581 830 ἐστι
1617 821 1632 846 ,
1703 773 1904 829 τούτου

251 871 469 932 πάντως
501 872 534 938 ἡ
568 875 759 938 κτῆσις
819 866 1036 941 ἀγαθόν’
1072 861 1190 941 ἔχει
1227 863 1274 919 δ’
1307 865 1450 920 οὕτω
1507 865 1596 919 καὶ
1647 862 1733 918 ἐπὶ
1791 868 1899 918 τῶν

252 959 493 1016 λοιπῶν.
533 955 712 1014 Ἀλλὰ
745 958 854 1029 μὴν
887 957 921 1024 ἡ
954 959 1064 1009 τῶν
1112 954 1323 1009 τάκνων
1369 948 1590 1021 ἀποόλή
1621 957 1729 1007 τῶν
1765 953 1905 1007 ἀνω-

247 1049 396 1104 τάτω
447 1051 630 1102 κακῶν
688 1045 821 1112 ἐστι,
872 1043 1050 1120 φασίνο
1081 1046 1116 1113 ἡ
1151 1043 1241 1097 οὗν
1294 1047 1402 1098 τῶν
1453 1043 1654 1097 τὲκνων
1713 1048 1905 1111 κτῆσις

247 1137 474 1213 ἀγαθόν·
509 1135 553 1190 εἰ
587 1133 645 1190 δὲ
673 1139 858 1199 τοῦτο,
891 1133 978 1187 καὶ
1015 1134 1042 1187 ὁ
1072 1133 1274 1207 γάμος.

2017 512 2194 566 situm
2220 517 2328 581 est,
2351 514 2662 568 hominum
2682 515 2985 570 raritatem
3004 515 3306 582 invehent,
3330 521 3389 570 et
3404 517 3667 573 civitates

2013 601 2356 670 dissolvent,
2381 609 2459 670 et,
2492 603 2593 674 qui
2615 620 2684 658 ex
2712 605 2798 659 eis
2831 608 3084 669 constat,
3118 605 3430 661 mundum.
3458 607 3524 661 Hi
3557 624 3667 664 au—

2015 696 2131 744 tem
2161 692 2340 762 impie
2373 698 2577 764 agunt,
2609 694 2788 763 utqui
2811 693 3090 748 divinitus
3119 694 3452 750 institutam
3477 712 3664 768 gene-

2015 780 2311 833 rationem
2340 779 2669 836 destruant.
2704 782 3040 846 Quinetiam
3091 781 3284 854 ignavi
3335 789 3426 838 est
3471 785 3667 840 imbe-

2014 868 2135 922 cilli
2159 869 2369 936 animi,
2402 869 2602 940 fugere
2635 872 3124 942 conjunctionem
3156 872 3290 926 vitae
3323 878 3382 927 et
3410 890 3660 930 consue-

2016 956 2282 1011 tudinem
2327 975 2463 1013 cum
2513 976 2694 1014 uxore
2728 967 2786 1014 et
2841 961 3065 1015 liberis.
3125 960 3305 1032 Cujus
3364 962 3522 1016 enim
3576 968 3668 1018 est

2014 1045 2254 1100 amissio
2274 1046 2521 1112 malum,
2547 1049 2674 1119 ejus
2705 1049 2949 1103 omnino
2972 1049 3267 1120 possessio
3290 1049 3513 1105 bonum
3535 1058 3662 1118 est;

2014 1133 2096 1187 ita
2124 1140 2322 1189 autem
2356 1152 2416 1189 se
2449 1136 2626 1191 habet
2646 1137 2823 1192 etiam
2856 1138 2916 1191 in
2945 1137 3214 1208 reliquis.
3239 1139 3416 1209 Atqui
3442 1139 3665 1196 libero-

248 1247 383 1285 rum
415 1227 677 1294 amissio,
709 1225 1010 1296 inquiunt,
1058 1230 1147 1279 est
1177 1240 1247 1278 ex
1277 1222 1570 1294 supremis
1614 1221 1787 1277 malis
1836 1221 2159 1278 liberorum
2192 1240 2328 1296 ergo
2362 1226 2680 1295 possessio,
2713 1226 2935 1283 bonum
2969 1232 3096 1295 est;
3150 1227 3308 1298 quod
3340 1229 3390 1283 si
3432 1229 3514 1284 ita
3553 1234 3664 1297 est,

262 1319 444 1375 etiam
470 1315 948 1373 matrimonium.

246 1462 407 1516 ’Ἄνευ
442 1455 497 1534 ξε
525 1458 752 1533 πατρὸς,
786 1456 943 1534 φησὶ,
974 1455 1166 1534 τέκνον.
1193 1455 1294 1534 ούῌκ
1323 1453 1406 1526 εἴη
1449 1456 1572 1510 ποτ’
1602 1452 1685 1512 ἄν.

251 1533 417 1587 Ἀνευ
447 1523 750 1605 ὃζμηνξρὸς
774 1523 901 1585 οὐδὲ
926 1523 1177 1605 συλλαᾷἠ
1213 1523 1424 1605 τέκνου.

249 1608 461 1679 [Ιατὲρα
494 1598 552 1656 δέ
582 1598 761 1678 γάμος
793 1605 870 1676 (9)
903 1605 1071 1670 ποιεῖ,
1106 1601 1182 1662 ὡς
1218 1600 1426 1674 μητερα
1456 1598 1616 1672 ἀνήρ.

251 1744 443 1814 Εύχὴν
473 1744 565 1798 οὗν
615 1742 874 1818 μεγίστην
935 1743 1026 1798 καὶ
1082 1744 1336 1817 Ὅμηρος
1391 1739 1617 1809 τίθεται,
1649 1737 1814 1813 ἄνδρα
1842 1759 1902 1793 τε

247 1834 340 1888 καὶ
373 1833 544 1902 οἶκον,
584 1831 711 1887 ἀλλ’
770 1831 882 1906 ούχ
912 1832 1126 1901 ἀπλῶς,
1166 1829 1300 1902 μετὰ
1356 1829 1741 1904 ὁμοφροσύνης
1787 1828 1899 1898 (10)

249 1921 312 1978 δὲ
337 1929 434 1992 τῆς
494 1919 710 1990 ἐσθλῆς.
770 1921 832 1977 Ὀ
867 1921 960 1992 μὲν
1020 1919 1124 1993 γὰρ
1180 1924 1289 1974 τῶν
1350 1917 1538 1974 ἄλλων
1587 1916 1764 1992 γάμος
1820 1914 1902 1992 ἔφ’

2085 1457 2328 1526 Namque
2355 1457 2556 1528 absque
2578 1465 2744 1529 patre
2770 1459 2968 1516 liberos
2997 1477 3156 1516 nemo
3188 1463 3316 1518 tulit
3341 1480 3364 1528 ,-

2080 1530 2188 1612 lfee
2215 1531 2615 1612 absque‘matre
2771 1535 3093 1612 conceptio:

2082 1600 2302 1654 Patrem
2334 1607 2514 1656 autem
2552 1605 2764 1672 nuptiae
2793 1600 3063 1671 efﬁciunt,
3097 1611 3158 1657 ut
3187 1606 3274 1658 vir
3302 1611 3552 1661 matrem.

2013 1741 2329 1797 Maximum
2360 1743 2560 1814 itaque
2593 1750 2792 1799 votum
2824 1745 3030 1800 statuit
3058 1745 3366 1812 Homerus,
3399 1746 3580 1802 virum
3610 1754 3662 1802 et

2009 1829 2306 1898 familiam,
2342 1832 2446 1886 sed
2477 1849 2600 1888 non
2631 1832 2924 1900 absolute,
2958 1849 3162 1888 verum
3207 1850 3327 1889 cum
3362 1834 3502 1889 bona
3531 1852 3660 1890 con-

2008 1921 2272 1975 sensione.
2307 1922 2451 1976 Nam
2507 1921 2762 1976 aliorum
2821 1920 3063 1992 quidem
3119 1922 3570 1978 matrimonium
3599 1923 3661 1978 in

250 2010 561 2084 ἡδυπαθείᾳ
609 2013 856 2083 ὁμονοεῖ,
899 2011 927 2065 ὁ
959 2007 1016 2064 δὲ
1042 2014 1152 2064 τῶν
1184 2008 1630 2086 φιλοσοφούντων
1674 2008 1762 2063 ἐπὶ
1803 2008 1906 2075 τήν

2024 2007 2310 2078 voluptate
2335 2011 2634 2065 consentit
2664 2016 2721 2064 et
2741 2009 3138 2065 delectatione
3161 2029 3175 2077 ;
3200 2028 3405 2066 eorum
3437 2019 3658 2079 autem,

247 2102 389 2156 κατᾶ
443 2100 615 2175 Λόγον
649 2099 908 2172 ὁμόνοιαν
956 2099 1094 2172 ἄγει,
1126 2099 1153 2152 ὁ
1187 2099 1263 2170 μὴ
1294 2098 1356 2152 τὸ
1387 2095 1532 2160 εἶδος
1588 2099 1717 2170 (11),
1753 2095 1899 2150 ἀλλὰ

248 2190 316 2244 τὸ
368 2191 502 2259 ἦθος
557 2185 860 2261 ἐπιτρέπων
919 2192 1037 2248 ταῖς
1083 2189 1290 2262 γυναιξι
1348 2191 1710 2258 κοσμεῖσθαι,
1773 2179 1903 2257 μηδ’

249 2279 328 2341 ὡς
385 2276 684 2354 ἐρωμὲναις
741 2277 981 2352 χρῆσθαι
1038 2280 1160 2337 ταῖς
1215 2280 1481 2350 γαμεταῖς
1552 2276 1904 2349 προστάττων

245 2373 367 2430 τοῖς
407 2365 654 2442 ἂνδράσι,
713 2365 918 2420 σκοπὸν
975 2363 1373 2438 πεποιημένοις
1425 2365 1526 2433 τὴν
1577 2367 1684 2418 τῶν
1714 2361 1902 2435 σωμά-

250 2480 362 2513 των
396 2451 573 2532 ὕϐριν·
627 2454 754 2510 ἀλλ’
812 2454 888 2515 εἷς
950 2455 1204 2529 βοήθειαν
1263 2453 1461 2516 παντὸς
1505 2457 1601 2507 τοῦ
1663 2453 1786 2528 βίου
1815 2453 1904 2506 καὶ

248 2548 354 2614 τὴν
414 2545 634 2621 ἀρίστην
694 2542 1047 2620 σωφροσύνην
1105 2542 1504 2616 περιποιεῖσθαι
1559 2541 1650 2594 τὸν
1707 2542 1904 2615 γάμον.

253 2636 449 2708 Πυρῶν
479 2633 602 2708 γὰρ,
649 2634 828 2705 οἴμαι,
865 2631 955 2685 καὶ
1013 2633 1212 2704 κριθῶν
1268 2651 1326 2684 τε
1356 2627 1419 2684 αὖ
1451 2629 1586 2684 κατὰ
1639 2627 1768 2692 τοὺς
1825 2629 1908 2683 ol-

251 2724 434 2785 κείους
479 2721 698 2796 καιροὺς
745 2715 1242 2790 καταϐαλλομένων
1305 2720 1656 2793 σπερμάεων,
1707 2718 1908 2790 τιμιώε

251 2815 412 2888 τερός
465 2811 604 2867 ἔστιν
665 2811 692 2864 ὁ
744 2808 1104 2882 σπειρόμενος
1162 2805 1463 2882 ἅνθρωπος,
1501 2807 1546 2879 ᾦ
1578 2807 1750 2861 πάντα
1780 2804 1910 2882 φύε-

252 2920 367 2956 ται”
400 2893 708 2974 κάκεῖνάγε
739 2897 826 2951 καὶ
881 2899 1143 2974 νήφοντες
1200 2891 1605 2951 καταϐάλλουσι
1647 2895 1715 2949 τὰ
1744 2894 1910 2970 σπὲρ-

262 3011 406 3064 ματα
438 2990 488 3044 οἱ
518 2986 776 3065 γεωργοί.
812 2992 916 3041 Πᾶν
970 2983 1084 3058 οὖν,
1120 2983 1173 3040 εἷ’
1214 3007 1266 3039 τι
1299 2983 1536 3060 ῥυπαρὸν
1590 2983 1679 3038 καὶ
1735 3004 1906 3056 μεμο-

259 3080 526 3153 λυσμένον
587 3073 944 3148 ἐπιτήδευμα,
1004 3074 1362 3149 ἀφαγνιστέον
1419 3077 1516 3127 τοῦ
1571 3074 1774 3148 γάμου,
1834 3072 1910 3133 ὡς

263 3171 342 3243 μή
377 3165 801 3238 ὀνειδισθείημεν
835 3165 931 3234 τὴν
963 3169 1068 3218 τῶν
1097 3163 1316 3238 ἀλόγων
1349 3165 1500 3231 ζώων
1533 3158 1775 3228 σύνοδον,
1808 3164 1907 3224 τῆς

259 3255 604 3329 ἀνθρωπίνης
645 3252 895 3327 συζυγίας
951 3250 1278 3322 συνᾴδουσαν
1332 3255 1401 3324 τῇ
1455 3250 1606 3328 φύσει
1672 3248 1910 3324 μᾶλλον,

2013 2096 2111 2166 qui
2139 2097 2654 2169 philosophantur,
2679 2099 3129 2154 matrimonium
3153 2099 3392 2155 deducit
3412 2101 3485 2156 ad
3504 2117 3663 2169 eum,

2013 2185 2113 2256 qui
2135 2191 2224 2240 est
2243 2187 2570 2242 secundum
2597 2187 2795 2260 Logon
2815 2205 2917 2242 seu
2933 2189 3248 2255 rationem,
3271 2205 3663 2257 consensum;

2015 2274 2115 2346 qui
2148 2293 2269 2331 non
2300 2276 2578 2345 formam,
2613 2277 2715 2332 sed
2743 2295 2940 2332 mores
2971 2277 3263 2349 permittit
3291 2294 3502 2333 ornare
3531 2295 3663 2333 mu-

2014 2363 2262 2420 lieribus
2286 2386 2300 2431 ;
2325 2366 2711 2437 praacipitque
2736 2367 2989 2432 maritis,
3013 2383 3087 2422 ne
3109 2372 3354 2422 utantur
3381 2367 3665 2422 uxoribus

2016 2460 2300 2524 tanquam
2328 2455 2557 2521 amicis,
2591 2472 2778 2510 unum
2813 2455 2921 2510 sibi
2965 2462 3366 2526 proponentes
3396 2473 3664 2527 scopum,

2015 2549 2082 2597 ut
2109 2543 2342 2614 corpori
2386 2543 2670 2614 probrum
2723 2545 2995 2612 afferant,
3048 2545 3151 2600 sed
3202 2544 3276 2600 ad
3325 2546 3503 2599 totius
3533 2545 3664 2599 vitae

2017 2630 2326 2699 auxilium,
2343 2636 2401 2685 et
2420 2631 2704 2702 optimam
2721 2632 3172 2704 temperantiam
3186 2673 3198 2696 ,
3216 2633 3664 2687 matrimonium

2017 2725 2324 2790 usurpent.
2366 2721 2669 2776 Frumenti
2721 2721 2880 2775 enim
2915 2726 2973 2775 et
3014 2719 3243 2787 hordei,
3277 2725 3341 2774 ut
3389 2720 3665 2790 arbitror,

2020 2808 2367 2873 seminibus,
2386 2826 2516 2879 qua)
2536 2808 3024 2863 convenientibus
3039 2808 3476 2880 temporibussﬁ
3495 2813 3666 2863 terrai

2019 2896 2490 2965 committuntur,
2527 2898 2906 2969 praestantior
2927 2902 3016 2951 est
3035 2897 3135 2967 qui
3165 2897 3541 2952 matrimonio
3575 2913 3669 2953 se-

2019 2985 2301 3051 minatur,
2356 2985 2553 3052 homo,
2607 2986 2669 3040 in
2717 2986 2888 3058 cujus
2938 3002 3114 3039 usum
3158 2984 3359 3040 omnia
3389 3001 3423 3040 a
3452 2989 3667 3041 natura

2020 3074 2446 3146 producuntur.
2482 3077 2672 3145 Atque
2699 3073 2804 3129 illa
2842 3074 3081 3144 quidem
3131 3073 3359 3129 semina
3394 3074 3668 3146 agricolas

2023 3162 2203 3217 sobrii
2265 3163 2590 3234 deponunt.
2643 3164 2700 3218 Si
2762 3163 2918 3234 quod
2971 3163 3046 3218 sit
3089 3179 3224 3235 ergo
3279 3162 3584 3218 sordidum
3617 3168 3678 3219 et

2023 3269 2306 3323 spurcum
2339 3251 2624 3320 studium,
2661 3252 2719 3306 id
2753 3258 2895 3307 esta
2925 3251 3307 3306 matrimonio
3341 3269 3672 3325 expurgan-

257 3347 400 3401 κατὰ
446 3345 536 3399 τὸν
596 3341 1048 3417 ὁμολογούμενον
1109 3341 1452 3416 θορονθορὸν.
1512 3345 1587 3394 Td
1614 3337 1741 3415 γοῦν
1799 3338 1908 3394 ἔνια

2024 3341 2186 3408 dum,
2219 3359 2293 3396 ne
2325 3341 2497 3395 nobis
2528 3341 2744 3413 probro
2777 3341 2903 3396 dari
2925 3341 3134 3413 possit,
3168 3341 3333 3411 quod
3363 3341 3673 3398 brutorum

259 3434 479 3504 αύτὼν,
539 3433 584 3504 ᾧ
639 3430 917 3486 κελεύεται
978 3435 1174 3504 καιρῷ,
1233 3429 1429 3492 εὐθέως
1485 3426 1908 3501 ἀπαλλάττεται,

255 3521 631 3578 καταλιπόντα
687 3522 787 3590 τήν
837 3517 1203 3593 δημιουργίαν
1285 3520 1354 3591 τῇ
1443 3513 1689 3586 διοκήσει
1774 3518 1908 3590 (12).

255 3615 390 3674 Τοῖς
427 3609 866 3686 τραγῳδοποιοῖς
899 3610 1011 3681 (13)
1046 3604 1103 3661 δὲ
1147 3608 1182 3676 ἡ
1217 3604 1516 3676 Πολυξένη,
1548 3605 1724 3659 καίτοι
1771 3605 1909 3659 ἀπο-

255 3701 603 3780 σφαττομένη
692 3697 1140 3774 ἀναγέγραπται,
1226 3693 1372 3751 ἀλλὰ
1445 3694 1535 3750 καὶ
1605 3697 1910 3766 θνήσκουσα

328 3898 392 3963 ’Β
422 3901 482 3954 Ρ.
519 3900 622 3953 506
650 3898 764 3953 ED.
821 3895 1114 3965 POTTER,
1146 3896 1250 3950 424
1281 3895 1394 3950 ΕΙ).
1426 3893 1654 3950 PARIS.

257 4104 413 4158 vivat
443 4103 501 4156 in
527 4102 767 4167 civitate,
797 4106 848 4154 st
867 4101 983 4154 sine
1013 4099 1281 4153 connubio
1307 4098 1550 4167 quinque
1595 4102 1646 4150 et
1679 4093 1913 4164 triginta

259 4176 439 4244 egerit
467 4189 658 4239 annos,
690 4173 921 4241 singulis
940 4242 949 4244 _
969 4172 1150 4235 annis,
1182 4171 1230 4224 si
1249 4169 1597 4244 demas-imo
1621 4183 1782 4221 censu
1813 4172 1911 4231 est,

261 4240 541 4300 drachmis
570 4240 792 4299 centum
835 4242 1131 4296 mulctetu-r
1159 4259 1180 4304 ;
1209 4243 1256 4296 si
1302 4241 1366 4293 de
1394 4240 1651 4305 secundo,
1691 4245 1912 4308 septua-

261 4319 465 4388 ginta;
494 4318 541 4370 si
571 4316 638 4370 de
670 4317 851 4377 tertio,
881 4312 1211 4388 sexaginta;
1244 4311 1384 4388 si-de
1401 4317 1620 4379 quarto,
1657 4312 1910 4388 triginta.

264 4380 404 4454 Duas
432 4389 650 4457 quidem
675 4387 913 4456 pecunia
957 4380 1069 4438 deae
1104 4384 1308 4437 lunoni
1339 4382 1707 4457 consecranda
1736 4386 1830 4457 est_.
1856 4380 1916 4435 Si

262 4452 391 4530 quis
419 4452 602 4513 autem
629 4452 862 4526 singulis
889 4458 1049 4510 annis
1103 4470 1214 4508 non
1250 4453 1598 4530 persolverit,
1626 4452 1915 4530 decuplum

2023 3430 2419 3485 animantium
2468 3447 2819 3500 congressus
2849 3430 3034 3502 magis
3067 3436 3292 3485 naturas
3339 3432 3670 3501 conveniat,

2023 3535 2201 3590 quam
2234 3519 2496 3573 humana
2525 3518 2888 3589 conjunctio,
2923 3518 2983 3572 in
3016 3518 3142 3588 ipso
3175 3517 3370 3572 calore
3400 3519 3667 3576 Veneris.

2020 3607 2317 3662 Nonnulla
2343 3613 2500 3662 certe
2535 3624 2759 3675 eorum,
2794 3623 2910 3677 quo
2934 3613 3199 3677 tempore
3216 3606 3527 3678 jubentur,
3553 3612 3673 3662 sta-

2021 3697 2126 3752 tim
2159 3696 2482 3765 abstinent,
2514 3695 2916 3768 relinquentia
2935 3695 3238 3767 opiﬁcium
3255 3695 3668 3754 Providentiae.

2025 4093 2097 4148 Ut
2126 4093 2204 4147 sit
2229 4092 2584 4164 apostrophe
2607 4093 2835 4148 comica
2854 4093 2928 4148 ad
2950 4092 3158 4160 alium,
3191 4093 3307 4148 nisi
3340 4092 3495 4164 quid,
3514 4089 3672 4164 docti

2022 4163 2438 4220 contrafFed.
2502 4164 2780 4219 Morellus
2829 4167 2892 4220 P.
2936 4167 3001 4221 Β.
3035 4166 3299 4221 COLLECT.
3348 4163 3514 4218 Conf.
3558 4163 3670 4216 Ga-

2024 4235 2213 4291 takeri
2245 4237 2472 4292 Advers.
2517 4252 2650 4308 cap.
2694 4239 2779 4289 10.

2263 4314 2398 4389 μετὰ
2452 4314 2717 4389 ὀμοιρροᾼς.
2749 4315 2806 4368 Si
2847 4312 3514 4389 hemistichium_veli_s,
3574 4309 3669 4389 16-:

2024 4379 2281 4459 gendum
2310 4388 2452 4459 erit,
2488 4379 2612 4457 μειὶἸ
2655 4383 3040 4459 ὁμοφροσύνης
3089 4381 3148 4437 δέ
3202 4402 3262 4459 τε
3289 4379 3522 4459 Δἐσθλῆς*
3574 4380 3670 4434 cui

2025 4455 2222 4513 affinis
2245 4459 2410 4513 locus
2443 4455 2596 4511 infra
2626 4455 2699 4511 ex
2716 4455 2923 4511 eodem
2950 4457 3134 4520 fonte,
3155 4473 3213 4526 p.
3242 4455 3366 4526 214.
3399 4455 3669 4526 srmone.

264 4522 482 4586 debeat.
517 4530 684 4611 Cujus
708 4522 958 4611 pecuniae
1007 4522 1483 4611 exactor‘sit'dere
1529 4525 1700 4611 ipsius
1756 4538 1904 4602 qum;-

2024 4530 2165 4611 Xide
2187 4547 2317 4611 quas
2350 4529 2632 4611 adnotata
2664 4533 2804 4582 sunt
2833 4527 2894 4580 in
2926 4544 2982 4597 p.
3011 4530 3133 4581 509.
3156 4522 3273 4580 Ὀυί
3307 4525 3500 4580 simile
3525 4522 3675 4578 illud

257 4609 378 4679 st_or
400 4620 422 4665 ;
454 4618 516 4655 ac
568 4592 674 4679 nisi
705 4592 969 4679 abegerit,
1004 4601 1116 4679 ipse
1158 4597 1367 4679 debeat.
1402 4592 1679 4679 Ejusdem
1713 4592 1909 4678 operis

266 4673 373 4729 lib.
400 4662 484 4735 ἰν,
517 4689 573 4742 p.
607 4673 710 4725 835
738 4688 750 4725 :
804 4662 900 4737 Μή
935 4662 1264 4742 ιιεὲειῖδόμίενος⁸
1290 4662 1336 4719 δ’
1379 4662 1465 4730 αὖ,
1515 4662 1656 4742 μηδὲ
1688 4662 1910 4742 γαμῶν,

266 4742 361 4812 ἔτη
411 4735 705 4813 τριακοντα
763 4735 1027 4813 γεγονὼς
1059 4735 1148 4813 καὶ
1207 4739 1382 4813 πέντε,
1443 4735 1788 4813 ζημιούσθωΔ
1820 4735 1912 4807 μὲν

266 4761 361 4812 ετη
411 4763 442 4796 τ
486 4762 705 4795 ιακοντα
763 4761 1004 4813 γεγονως
1059 4761 1148 4791 και
1207 4761 1382 4799 πεντε,
1443 4761 1761 4808 ιδημιουσυω
1820 4761 1912 4807 μεν

261 4815 383 4870 κατ’
442 4761 681 4867 ἕνιαυτὸν
739 4833 887 4884 τοσῳ
943 4811 1031 4865 καὶ
1066 4811 1231 4880 τόσῳ.
1285 4812 1391 4874 Qui
1418 4826 1530 4862 non
1555 4809 1832 4884 paruerit,
1865 4813 1918 4861 et

265 4891 515 4958 quinque
544 4903 607 4940 ac
657 4881 893 4954 triginta
939 4899 1111 4958 annos
1153 4889 1314 4958 natus
1343 4897 1572 4935 umorem
1601 4896 1713 4958 non
1740 4881 1916 4933 dume-

267 4953 365 5026 i‘it,
403 4953 558 5014 tanta
588 4961 646 5010 in
676 4953 848 5011 annos
884 4955 1128 5025 singulos
1172 4954 1469 5008 mulctetur
1508 4953 1770 5022 pecunia,
1805 4957 1916 5004 etc.

249 5089 259 5100 .
337 5050 412 5119 (8)
443 5041 737 5117 1Ἀνανδρον
770 5042 861 5097 καὶ
911 5043 1027 5098 ἀσθ.
1087 5043 1150 5097 ll.
1207 5058 1340 5107 ms.,
1381 5037 1470 5093 καὶ
1520 5034 1779 5113 ἄνανδρον
1829 5035 1918 5092 καὶ

266 5120 392 5181 ἀσθ.
439 5119 713 5184 SYLBuno,

340 5209 414 5332 (9)
446 5204 656 5332 (Ῑοὶτὲρα
683 5201 740 5258 δέ
763 5225 815 5278 γ.
851 5205 1098 5258 Metrum
1131 5203 1309 5258 talem
1358 5201 1554 5272 potius
1602 5199 1919 5256 lectionem

340 5297 381 5332 DS
413 5297 445 5332 u
477 5294 512 5332 a
561 5295 574 5331 ε

267 5294 535 5351 poswiat
561 5295 574 5331 :

475 5392 686 5466 Πατέρα
716 5386 772 5444 δὲ
816 5393 964 5444 ποιεῖ
988 5388 1170 5457 τέκνα,
1208 5388 1409 5462 μητήρ’
1442 5385 1517 5449 ὡς
1548 5385 1707 5460 ἀνήρ.

265 5521 543 5603 Sirmium.
579 5517 684 5572 Hic
716 5515 987 5571 senarius
1031 5513 1280 5570 mutilus
1311 5517 1419 5567 est.
1456 5510 1620 5567 Libet
1670 5512 1754 5567 sic
1803 5511 1920 5568 ful-

266 5608 392 5648 cure
418 5611 432 5647 ε

433 5704 648 5776 Πατέρα
677 5698 735 5757 δὶ
763 5700 940 5777 γάμος
971 5699 1215 5773 ἐμποιεῖ,
1248 5699 1322 5761 ὡς
1358 5697 1570 5772 μήτὲρα
1598 5696 1757 5774 ἀνήρ.

2022 4601 2316 4672 Euripidis
2358 4601 2554 4655 Medea:
2580 4616 2599 4652 .·

2203 4726 2376 4798 ῗῗῌπερ
2411 4721 2876 4798 μεγίστηγίνξῖαι
2909 4718 3180 4798 πλη-θ’θ’

2205 4790 2368 4851 Ὀταν
2399 4790 2537 4868 γυνη
2571 4790 2709 4863 πρὸς
2740 4790 2906 4864 ἄνδρα
2939 4795 3013 4865 μὴ
3050 4790 3378 4867 ὃιχοστατῇ.

2203 4903 2544 4983 ξειὶοἱιαιειη
2576 4919 2744 4983 quam
2764 4919 3091 4983 supremam
3107 4903 3387 4983 egistimo,

2207 4977 2435 5030 Concors
2471 4977 2677 5030 marito
2702 4974 2906 5029 mulier
2928 4974 3024 5028 ubi
3053 4974 3205 5044 degit
3235 4989 3352 5029 suo.

2032 5105 2300 5159 COLLECT.

2029 5188 2209 5313 1)(tU)
2241 5184 2328 5310 51;)
2381 5184 2443 5237 τὸ
2498 5179 2655 5244 εἶδος.
2718 5182 2981 5254 Respicit
3022 5184 3044 5236 Ι
3095 5183 3245 5237 Tim.
3291 5199 3354 5250 ιι,
3386 5185 3440 5252 9,
3484 5179 3576 5234 vel
3634 5178 3685 5232 Π

2077 5276 2107 5314 e
2140 5300 2152 5313 .
2188 5275 2250 5314 ιι.
2326 5300 2339 5314 .

2101 5339 2212 5412 (12)
2267 5338 2352 5409 Τῇ
2412 5331 2698 5404 διοικήσει.
2746 5337 2870 5412 V_ox
2924 5334 3040 5412 ista
3095 5333 3277 5412 apud“
3313 5334 3681 5412 Clementem

2029 5405 2336 5482 significat
2371 5414 2599 5482 naturai
2644 5412 2746 5462 aut
2775 5405 3165 5482 Providentia:
3211 5405 3679 5482 dispgsitionem

2026 5474 2129 5537 adt
2157 5480 2760 5536 administrationem.
2791 5477 2918 5532 Vid.
2953 5495 3009 5550 p.
3047 5478 3173 5540 434,
3201 5474 3330 5529 452ζ
3361 5474 3577 5550 ιιπτη.

2098 5562 2209 5632 (13)
2269 5561 2400 5620 Τοῖς
2457 5553 2698 5632 τραγῳδ,
2759 5557 2910 5613 Conf
2941 5548 2972 5611 ξ
3015 5553 3277 5626 Euripid.
3338 5548 3581 5617 Hecuba,
3622 5551 3683 5626 et

2027 5631 2200 5688 Philo
2231 5650 2287 5704 p.
2327 5633 2449 5688 604.
2483 5631 2549 5686 Η.
2577 5631 2850 5685 SYLBUBG.
