4048 6186
386 380 404 436 1
418 380 524 436 095

1610 359 2022 419 CLEMENTIS
2058 355 2560 412 ALEXANDRINI

3669 349 3805 411 {006

384 510 428 560 A
462 502 698 576 tragicis
729 503 928 554 autem
977 493 1262 565 scriptum
1323 495 1432 560 est,
1479 487 1862 559 Polyxenam.
1893 487 1950 538 et
1981 481 2025 537 si

2143 473 2298 548 ὅμως
2345 475 2559 546 πελλήν
2616 475 2875 553 πρόνοιαν
2943 475 3276 548 πεποιῆσθαι
3356 481 3456 532 τοῦ
3510 478 3804 554 εὐσχημό-

383 573 842 654 interficeretur,
865 583 1173 642 moriendo
1192 588 1391 637 tamen
1409 595 1663 648 magnam
1690 573 2032 630 adhibuisse

386 683 755 752 diligentiam.
798 684 858 732 ut
889 677 1108 730 honeste
1135 673 1372 728 caderet.

525 789 635 844 Illa
666 793 868 856 tegens,
901 798 1077 838 mares
1108 796 1228 851 quae
1274 776 1425 831 haud
1468 775 1625 829 licuit
1652 786 1888 827 cernere.

383 971 516 1024 Fuit
543 973 745 1024 autem
787 965 876 1018 illi
909 978 1145 1034 quoque
1201 958 1509 1014 calamitas
1563 950 2029 1009 matrimonium.

385 1057 778 1112 Succumbere
829 1055 1026 1124 itaque
1066 1058 1124 1106 et
1161 1049 1368 1104 cedere
1400 1046 1553 1100 vitiis
1585 1051 1643 1099 et
1670 1041 1852 1098 animi
1897 1056 2031 1111 per-

387 1145 842 1210 turbationibus,
877 1148 966 1197 est
991 1146 1254 1196 extrema
1279 1137 1526 1192 servitus
1552 1152 1566 1189 :
1593 1133 1746 1188 sicut
1775 1148 1844 1186 ea
1872 1133 2030 1184 certe

384 1236 640 1302 vincere,
675 1233 801 1288 sola
831 1237 918 1286 est
953 1229 1216 1285 libertas.
1252 1225 1456 1280 Divina
1507 1223 1703 1292 itaque
1730 1219 2032 1290 Scriptura

385 1341 506 1388 eos,
532 1324 630 1394 qui
655 1326 952 1394 praecepta
975 1318 1407 1381 transilierunt,
1429 1314 1573 1367 dicit
1599 1327 1726 1366 esse
1757 1308 2031 1364 venunda-

385 1419 464 1467 tos
496 1412 843 1481 alienigenis,
865 1410 972 1463 hoc
1000 1413 1108 1473 est,
1142 1404 1420 1477 peccatis,
1447 1419 1578 1473 quae
1601 1417 1634 1455 a
1659 1404 1872 1454 natura
1893 1402 2034 1450 sunt

383 1501 598 1567 aliena,
623 1501 811 1555 donec
844 1496 1110 1554 conversi
1134 1499 1311 1566 agant
1330 1490 1762 1564 paenitentiam.
1788 1488 2034 1542 Conser-

281 1647 283 1650 ι
383 1590 641 1645 vandum
702 1594 790 1642 est
849 1603 984 1659 ergo
1043 1581 1514 1648 matrimonium,
1550 1584 1833 1649 tanquam
1866 1591 2032 1630 sacra

381 1679 583 1750 aliqua
614 1684 827 1743 statua,
859 1674 1150 1730 mundum
1179 1672 1250 1726 ab
1274 1672 1367 1738 iis,
1401 1687 1531 1740 quas
1564 1667 1879 1739 polluunt;
1913 1671 1972 1719 et
1999 1681 2034 1719 a

382 1768 610 1822 somnis
629 1765 869 1836 quidem
889 1762 1366 1834 expergiscamur
1382 1775 1516 1814 cum
1535 1757 1808 1824 Domino,
1827 1770 2032 1810 eamus

380 1862 581 1910 autem
599 1854 921 1909 dormitum
940 1868 1075 1907 cum
1095 1851 1418 1922 gratiarum
1440 1848 1694 1912 actione,
1712 1852 1769 1900 et
1789 1859 2027 1899 oremus
2072 1854 2112 1919 Β

481 1966 613 2018 Cum
639 1979 825 2017 somno
849 1961 1118 2030 indulges,
1155 1959 1253 2013 lux
1284 1964 1333 2013 et
1362 1975 1484 2013 cum
1513 1958 1731 2026 fulserit
1760 1957 1927 2024 alma,

379 2087 503 2136 tota
532 2083 736 2133 nostra
759 2079 875 2131 vita
897 2077 1209 2131 Dominum
1244 2079 1560 2140 testantes;
1595 2073 1876 2144 pietatem
1899 2071 2028 2142 qui-

380 2170 516 2224 dem
547 2185 615 2222 ac
645 2167 992 2238 religionem
1023 2165 1221 2219 auima
1265 2163 1656 2234 possidentes,
1687 2168 2026 2231 temperan-

381 2259 523 2312 tiam
548 2261 746 2310 autem
787 2256 962 2310 etiam
1023 2269 1210 2324 usque
1260 2251 1333 2306 ad
1379 2269 1594 2322 corpus
1643 2251 2023 2304 deducentes.

381 2349 496 2402 Deo
529 2346 688 2401 enim
746 2361 948 2399 revera
1003 2348 1235 2415 gratum
1268 2347 1376 2409 est,
1409 2358 1444 2395 a
1472 2341 1676 2408 lingua
1731 2339 1803 2393 ad
1848 2355 2028 2410 opera

378 2435 686 2491 traducere
719 2432 1186 2487 mederationem
1242 2429 1327 2484 Ad
1364 2429 1796 2500 impudentiam
1829 2431 2026 2482 autem

376 2525 467 2579 via
498 2529 587 2578 est
620 2522 806 2594 turpis
826 2537 1019 2575 sermo
1045 2536 1058 2574 :
1088 2519 1469 2588 etutriusque
1501 2518 1743 2572 ﬁnisest
1765 2517 2026 2588 turpium

376 2628 580 2667 rerum
613 2610 992 2683 perpetratio.
1027 2607 1190 2674 Quod
1224 2614 1419 2663 autem
1448 2606 1705 2661 consulit
1727 2605 2027 2676 Scriptura

379 2717 621 2756 uxorem
657 2699 894 2762 ducere,
921 2703 977 2751 et
995 2714 1102 2752 nec
1128 2713 1162 2750 a
1183 2695 1476 2768 conjugio,
1496 2711 1758 2765 unquam
1781 2694 2028 2764 permit-

380 2791 450 2844 tit
472 2789 798 2852 discedere,
827 2788 1016 2860 legem
1044 2791 1244 2857 aperte
1268 2785 1609 2840 constituit:
1640 2787 1753 2838 Non
1785 2785 2025 2838 dimittes

375 2896 622 2945 umorem,
647 2884 1020 2948 praeterquam
1036 2880 1269 2946 propter
1290 2875 1709 2943 fornicationem
1734 2873 1828 2945 (ει).
1852 2871 1932 2928 Ad
1943 2871 2026 2926 ul-

375 2969 591 3023 terium
615 2971 814 3022 autem
833 2964 1132 3019 existimat
1153 2963 1431 3034 conjungi
1456 2963 1858 3028 matrimonio,
1883 2961 2024 3015 dum

319 3095 322 3102 -
376 3058 513 3113 vivit
541 3057 694 3113 alter
725 3074 792 3112 ex
816 3053 1123 3126 separatis.
1153 3053 1502 3124 Suspicione
1532 3057 1726 3107 autem
1755 3057 1811 3104 et
1831 3051 2023 3105 crimi-

379 3148 624 3202 natione
652 3146 900 3200 liberam
932 3143 1128 3198 reddit
1149 3159 1413 3197 uxorem.
1448 3146 1513 3195 ut
1543 3157 1663 3195 non
1685 3146 1932 3194 ornetur
1956 3157 2022 3193 ac

2143 586 2251 627 νως
2279 571 2483 622 πεσεῖν.

3555 767 3798 845 ἀῤῥενων

3501 840 3727 914 enav-

2142 946 2243 1001 Ἠν
2277 942 2336 998 δὲ
2364 943 2580 1018 κάκείνῃ
2633 945 2814 1020 γάμος
2842 946 2876 1014 ἡ
2910 945 3186 1022 συμφορά.
3248 946 3322 1002 Τὸ
3381 947 3676 1001 ὑποπεσεῖν
3710 946 3797 1000 οὗν

2141 1033 2230 1088 καὶ
2261 1033 2662 1110 παραχωρῆσαι
2692 1038 2810 1095 τοῖς
2840 1033 3062 1088 πάθεσιν
3089 1032 3295 1109 ἐσχάτη
3330 1031 3575 1090 δουλεία·
3615 1034 3797 1111 ὥσπερ

2143 1121 2333 1194 ἀμέλει
2362 1122 2426 1177 τὸ
2456 1127 2673 1198 κρατεῖν
2716 1121 2922 1176 τούτων
2985 1119 3265 1197 ἐλεύθερια
3326 1124 3488 1195 μόνη.
3544 1125 3609 1180 ’Π
3669 1129 3795 1199 γοῦν

2143 1210 2259 1274 θεία
2289 1212 2474 1289 Γραφῆ
2505 1210 2633 1276 τοὺς
2667 1207 3014 1284 παραϐάντας
3068 1213 3162 1274 τὰς
3217 1211 3438 1274 ἐντολὰς
3489 1215 3798 1287 πεπρᾶσθαι

2143 1297 2288 1376 λέγει
2318 1307 2435 1363 τοῖς
2469 1299 2810 1376 ἀλλογενέσι,
2842 1300 3118 1357 τουτέστιν
3167 1300 3456 1377 ἁμαρτίαις
3505 1301 3802 1366 ἁνοικείαις

2140 1392 2209 1462 τῇ
2242 1387 2416 1466 φύσει,
2445 1387 2609 1464 ἄρχις
2657 1389 2717 1444 ἂν
2777 1388 3188 1463 ἐπιστρέψαντες
3249 1393 3648 1462 μετανοήσωσι.
3683 1393 3798 1449 Κα-

2144 1478 2304 1552 θαρὸν
2364 1477 2456 1533 οὗν
2500 1480 2592 1532 τὸν
2643 1480 2846 1553 γάμον,
2905 1478 3087 1555 ὥσπερ
3129 1499 3181 1533 τι
3211 1480 3355 1549 ἱερὸν
3407 1477 3656 1554 ἄγαλμα,
3687 1486 3794 1536 τῶν

2145 1567 2470 1638 μιαινόντων
2528 1567 2866 1640 φυλακτέονο
2925 1567 3353 1643 ἀνεγειρομένοις
3416 1569 3512 1641 μὶν
3572 1567 3634 1623 έκ
3688 1575 3797 1624 τῶν

2146 1654 2322 1710 ὕπνων
2357 1656 2491 1727 μετά
2522 1655 2746 1731 Κυρίου,
2797 1655 3017 1710 ἀπιοῦσι
3069 1654 3127 1711 δὶ
3174 1656 3251 1718 εἷς
3307 1656 3468 1712 ὕπνον
3531 1658 3650 1730 μετ’
3711 1657 3796 1712 εὖ·

2143 1743 2450 1819 χαριστίας,
2483 1744 2573 1798 καὶ
2605 1743 2948 1819 εὐχομένοις,

2144 765 2442 843 Κρύπτουσ’
2543 769 2679 840 (14),
2783 767 2816 821 ’ὰ
2889 768 3146 842 κρύπτειν
3243 767 3450 841 ἅμματ’

2141 1955 2302 2028 Ἰἶμὶν
2335 1955 2654 2027 δτ⁹εύνάζῃ,
2704 1957 2794 2010 καὶ
2853 1958 2932 2012 ὅτ’
2987 1957 3068 2012 ὅτ’
3122 1958 3183 2013 ἄν
3243 1961 3374 2037 φάες
3427 1961 3572 2037 ἱερὸν
3633 1960 3795 2036 ἔλθῃ,

2142 2070 2608 2146 μαρτυρουμένοις
2665 2072 2759 2127 τὸν
2837 2073 3037 2148 Κύριον
3101 2077 3228 2150 παρ’
3286 2073 3416 2130 ὅλον
3474 2079 3639 2150 ἡμῶν
3700 2079 3792 2132 τὸν

2142 2161 2280 2237 βίον
2313 2162 2374 2215 τὸ
2412 2161 2505 2234 μὲν
2537 2156 2838 2216 θεοσεσϐεῖν
2871 2165 2940 2237 τῇ
2973 2165 3127 2238 ψυχῇ
3157 2165 3534 2237 κεκτημένοις,
3569 2167 3632 2220 τὸ
3684 2172 3792 2222 σῶ-

2137 2270 2271 2326 φρον
2305 2246 2360 2304 δὲ
2395 2251 2562 2325 μέχρι
2608 2249 2698 2304 καὶ
2753 2255 2851 2305 τοῦ
2911 2251 3164 2324 σώματος
3222 2251 3465 2327 ἄγουσιν.
3526 2255 3793 2332 Θεοφιλὶς

2133 2343 2233 2416 γὰρ
2263 2346 2342 2413 τῷ
2400 2341 2511 2396 ὅντι
2565 2342 2671 2397 ἀπὸ
2723 2349 2824 2412 τῆς
2881 2342 3136 2418 γλώττης
3187 2343 3274 2398 ἐπὶ
3323 2347 3388 2400 τὰ
3417 2345 3548 2422 ἔργα
3575 2348 3639 2402 τὸ
3698 2347 3791 2403 κό-

2136 2451 2297 2503 σμιον
2331 2427 2813 2506 διαχειραγωγεῖν·
2844 2430 2968 2493 ὁδὸς
2999 2429 3056 2486 δὲ
3100 2431 3180 2509 ἐφ’
3229 2432 3612 2508 ἀναισχυντίαν
3643 2438 3680 2505 ἡ
3715 2436 3793 2490 αἲ-

2135 2517 2459 2594 σχρολογία·
2518 2522 2609 2573 καὶ
2661 2517 2820 2583 τέλος
2865 2519 3069 2597 ἀμφοῖν
3130 2524 3164 2590 ἡ
3223 2521 3591 2598 αἲσχρολογία
3648 2528 3788 2597 (15).

2133 2607 2344 2664 "onat-
2401 2609 2661 2684 γαμεῖνὴ
2697 2609 2883 2686 Γραφή
2943 2603 3307 2681 συμϐουλεύει
3368 2609 3498 2666 οὐδὲ
3554 2611 3789 2690 ἀφίστα-

2135 2698 2255 2760 σθαί
2283 2718 2415 2751 ποτε
2470 2704 2572 2766 τῆς
2622 2697 2872 2772 συζυγίας
2929 2696 3227 2773 ἐπιτρέπει,
3282 2696 3534 2774 ἄντικρυς
3563 2703 3795 2773 νομεθε-

2132 2791 2234 2844 τεῖ.
2267 2785 2382 2842 Ούκ
2418 2784 2713 2848 ἀπολύσεις
2762 2792 3009 2860 γυναῖκα,
3063 2786 3209 2856 πλὴν
3263 2787 3307 2842 εἴ
3355 2789 3431 2861 μὴ
3492 2789 3582 2845 ἐπὶ
3637 2790 3792 2866 λόγῳ

2135 2875 2411 2944 πορνείαςο
2449 2873 2700 2950 μοιχείαν
2745 2871 2801 2930 δέ
2831 2878 3046 2950 ἡγεῖται
3103 2876 3166 2931 τὸ
3226 2876 3492 2952 ἐπιγῆμαι
3554 2884 3789 2949 ζῶντπς

2136 2963 2362 3038 θατέρου
2391 2968 2496 3018 τῶν
2528 2962 2974 3039 κεχωρισμένων.
3031 2963 3368 3022 Ἀνύποπτον
3422 2963 3480 3021 δὲ
3534 2967 3612 3029 εἷς
3669 2967 3792 3023 δια-

2135 3047 2308 3122 ϐολὴν
2342 3050 2578 3107 δείκνυσι
2609 3059 2836 3128 γυναῖκα
2894 3058 3004 3124 116)
3059 3055 3122 3109 τὸ
3181 3057 3255 3128 μή
3313 3053 3788 3128 καλλωπίζεσθαι,

2140 3141 2279 3214 μηδὲ
2314 3143 2424 3214 μὴν
2453 3147 2773 3214 κοσμεῖσθαι
2803 3141 2939 3217 πέρα
2967 3147 3063 3196 τοῦ
3093 3145 3419 3216 πρέποντος,
3454 3145 3646 3220 εὐχαῖς
3677 3150 3791 3220 (ίῖ)

378 3242 645 3293 comatur
669 3235 1016 3306 plus,quam
1040 3232 1117 3286 sit
1133 3232 1434 3296 decorum,
1457 3229 1559 3284 sed
1582 3228 1817 3284 assidue
1840 3233 2025 3282 atten-

2139 3233 2226 3284 καί
2284 3228 2494 3301 δεήσεσι
2555 3234 3000 3305 προσανέχουσαν
3059 3231 3307 3296 ἐκτενῶς⁹
3367 3234 3461 3295 τὰς
3524 3235 3620 3306 μὲν
3674 3235 3792 3305 ἐξό·

377 3327 477 3381 dat
499 3325 772 3397 precibus
795 3329 852 3378 et
869 3321 1269 3386 orationibus;
1291 3326 1470 3390 utque
1491 3318 1710 3373 edomo
1735 3334 1890 3388 saepe
1904 3334 2024 3372 non

381 3419 569 3480 exeat,
595 3413 684 3469 sui
711 3418 904 3467 autem
932 3415 1194 3482 aspectu,
1216 3408 1408 3480 quoad
1435 3407 1559 3462 ﬁeri
1581 3412 1792 3478 potest,
1827 3407 2025 3461 exclu-

379 3504 480 3557 dat
508 3519 630 3568 eos,
663 3501 765 3572 qui
797 3499 871 3555 ad
899 3515 1027 3554 eam
1051 3515 1173 3553 non
1197 3497 1470 3554 attinent.
1495 3495 1790 3566 ducatque
1814 3494 2025 3550 domus

377 3591 707 3646 custodiam
728 3587 1160 3658 intempestivis
1178 3586 1348 3658 nugis
1366 3585 2027 3649 conducibilioren1.0ui

376 3686 559 3734 autem
587 3680 864 3733 dimissam
894 3677 1098 3745 accipit
1150 3693 1400 3741 iuro-rem,
1431 3674 1754 3740 mtechatur,
1795 3672 2022 3743 inquit:

376 3769 440 3832 >X<
462 3771 508 3823 si
533 3771 653 3838 quis
685 3767 843 3821 enim
863 3765 1131 3820 dimiserit
1146 3781 1388 3830 uxorem,
1411 3765 1710 3818 ma’chatur
1729 3765 1903 3832 ipsam
1926 3763 2024 3834 ib),

379 3858 491 3912 hoc
521 3863 629 3921 est,
662 3856 817 3926 cogit
847 3871 978 3908 eam
1010 3854 1311 3908 mwchari.
1335 3855 1460 3907 Non
1485 3853 1678 3907 solum
1705 3859 1900 3907 autem
1924 3853 2025 3923 qui

383 3946 628 4012 dimisit,
654 3951 745 4000 est
764 3945 892 4014 ejus
920 3959 1115 4006 causa,
1141 3942 1242 3996 sed
1271 3943 1447 3996 etiam
1471 3943 1570 4011 qui
1593 3958 1721 3997 eam
1746 3943 2025 4013 suscepit,

374 4035 648 4106 praebens
677 4032 914 4086 mulieri
941 4030 1225 4102 peccandi
1243 4031 1614 4085 occasionem
1633 4047 1645 4095 ;
1667 4031 1889 4086 sienim
1906 4048 2026 4086 non

383 4124 686 4194 suscipiat,
708 4125 1036 4175 revertetur
1066 4119 1138 4173 ad
1172 4119 1383 4172 virum.
1417 4119 1565 4182 Quid
1597 4137 1733 4174 vero
1777 4120 1872 4174 lex
1903 4122 1971 4189 (c)
2001 4119 2029 4174 ?

377 4215 450 4269 Ut
478 4211 764 4283 reprimat
785 4210 858 4265 ad
882 4209 1022 4263 vitia
1042 4207 1710 4279 propensionem,jubet
1735 4208 1806 4262 de
1829 4208 2025 4262 medio

377 4304 480 4359 toli
513 4319 665 4368 eam,
701 4319 832 4372 quaa
865 4300 1216 4365 adulterata,
1253 4303 1310 4352 et
1341 4296 1618 4352 adulterii
1666 4297 1846 4351 fuerit
1874 4315 2023 4352 con-

375 4394 562 4459 victa;
599 4392 690 4446 sin
722 4395 920 4445 autem
951 4388 1132 4443 fuerit
1164 4403 1194 4441 e
1225 4386 1453 4440 familia
1485 4386 1827 4452 sacerdotis,
1853 4386 2026 4456 jubet

377 4498 503 4536 eam
526 4481 645 4552 igni
669 4479 820 4534 tradi
874 4479 970 4548 (d).
997 4477 1278 4532 Obruitur
1305 4481 1503 4530 autem
1535 4474 1767 4529 adulter
1787 4490 2022 4544 quoque

2136 3316 2261 3381 δους
2315 3327 2415 3388 τῆς
2465 3319 2640 3381 οίκίας
2696 3319 3110 3396 φυλαττομένην
3166 3323 3264 3384 τὰς
3325 3321 3540 3386 πολλὰς
3573 3370 3587 3394 ,
3646 3325 3792 3378 ἀπο-

2133 3405 2420 3463 κλείουσαν
2471 3406 2620 3470 δ’ὡς
2678 3408 2792 3462 οἷόν
2851 3409 2896 3463 ϐ’
2946 3410 3141 3478 έαυτήν
3198 3417 3300 3480 τῆς
3354 3413 3492 3486 πρὸς
3539 3411 3671 3474 τοὺς
3725 3412 3786 3468 οὗ

2133 3498 2518 3572 προσήκοντας
2571 3496 2916 3570 προσόψεως,
2977 3497 3432 3575 προύργιαίτερον
3489 3504 3784 3573 τιθεμένην

2132 3593 2232 3654 τῆς
2291 3585 2515 3660 ἀκαίρου
2564 3584 2831 3662 φλυαρίας
2878 3587 2976 3656 τὴν
3037 3586 3355 3660 οἰκουρίαν.
3416 3589 3474 3641 Ὀ
3533 3587 3590 3644 δὲ
3644 3591 3792 3645 ἀπο-

2134 3674 2442 3747 λελυμένην
2523 3670 2817 3747 λαμϐάνων
2903 3681 3134 3749 γυναῖκα
3221 3683 3532 3752 μοιχᾶται,
3595 3680 3784 3755 φησὶν·

2136 3765 2224 3820 ἐὰν
2284 3763 2383 3840 γάρ
2441 3785 2525 3824 τις
2583 3761 2833 3837 ἀπολύσῃ
2889 3769 3115 3838 γυναῖκα
3147 3807 3161 3831 ,
3232 3771 3494 3840 μοιχᾶται
3563 3768 3730 3835 αύτὴν
3767 3813 3784 3839 ,

2139 3854 2432 3920 τουτέστιν,
2488 3851 2768 3927 ἀναγκάζει
2833 3858 3215 3927 μοιχευθῆναι.
3276 3853 3353 3911 Οὐ
3414 3856 3578 3926 μόνον
3640 3855 3698 3912 δὲ
3757 3858 3789 3912 6

2136 3941 2415 4004 ἀπολύσας
2445 3938 2616 4004 αἶ’τιος
2665 3940 2865 4015 γίνεται
2923 3941 3140 4011 τούτου,
3201 3941 3348 3998 ἀλλὰ
3403 3945 3494 3998 καὶ
3546 3946 3574 3998 6
3606 3965 3787 4017 παρα-

2137 4029 2424 4103 δεξάμενος
2453 4029 2642 4097 αὐτὴν,
2689 4029 2941 4106 ἀφορμὴν
2993 4032 3251 4106 παρέχων
3312 4037 3408 4086 τοῦ
3469 4034 3784 4109 ἀμαρτῆσαι

2134 4125 2201 4194 τῇ
2229 4121 2465 4195 γυναικίι
2501 4120 2547 4175 εἰ
2574 4121 2675 4194 γὰρ
2725 4121 2800 4192 μὴ
2860 4119 3102 4195 δέχοιτο,
3135 4121 3439 4196 ἀνακάμψει
3496 4126 3632 4199 πρὸς
3688 4126 3783 4180 τὸν

2136 4207 2321 4284 ἄνδρα.
2374 4207 2443 4265 Τί
2495 4208 2588 4263 οὗν
2620 4209 2648 4261 6
2681 4209 2848 4280 νόμος
2881 4228 2896 4279 ;
2943 4207 3085 4281 Πρὸς
3117 4210 3420 4279 ἀναστολήν
3448 4219 3547 4281 τῆς
3599 4213 3786 4268 εὐεπι-

2135 4298 2323 4374 φορίας
2352 4302 2460 4351 τῶν
2489 4299 2675 4352 παθῶν
2733 4297 3066 4371 ἀναιρεῖσθαι
3125 4299 3446 4372 προστάττει
3503 4304 3606 4369 τήν
3659 4324 3790 4374 μοι-

2133 4391 2442 4461 χευθεῖσαν,
2473 4385 2563 4439 καὶ
2594 4385 2680 4440 ἐπὶ
2730 4384 2910 4458 τούτῳ
2968 4385 3338 4462 ἐλεγχθεῖσαψ
3391 4388 3479 4443 ἐὰν
3527 4387 3586 4444 δὲ
3615 4391 3790 4465 ἱερεια

2131 4475 2188 4544 ᾗ,
2240 4474 2370 4548 πυρὶ
2423 4471 2817 4546 παραδίδοσθαι
2867 4474 3228 4549 προστάττει.
3292 4473 3683 4540 Αιθυϐολεῖται
3731 4477 3796 4534 δὶ

372 4570 688 4641 lapidibus,
714 4569 815 4622 sed
849 4583 969 4621 non
991 4566 1052 4620 in
1083 4565 1290 4619 eodem
1322 4564 1476 4629 loco,
1501 4579 1574 4618 ne
1601 4579 1759 4616 mors
1781 4561 2020 4632 quidem

2139 4563 2219 4616 καὶ
2252 4564 2279 4616 ὁ
2311 4564 2534 4639 μοιχόςο
2599 4560 2724 4617 ἀλλ’
2757 4562 2856 4616 οὐκ
2888 4562 2940 4618 ἐν
2971 4569 3051 4636 τῷ
3098 4566 3246 4636 αύτῷ
3301 4567 3476 4639 τόπῳ,
3504 4565 3599 4621 ἵνα
3646 4565 3794 4639 μηδὶ

373 4660 450 4712 sit
470 4659 554 4712 eis
579 4656 934 4712 communis.
963 4657 1344 4725 Nequaquam
1369 4653 1546 4724 igitur
1571 4651 1664 4705 lex
1687 4667 1820 4705 cum
1844 4652 2022 4706 Evan-

373 4747 526 4819 gelio
578 4751 818 4818 pugnat,
853 4744 956 4798 sed
998 4744 1050 4797 ei
1083 4743 1398 4797 consentit.
1433 4740 1645 4805 Quidni
1688 4741 1845 4795 enim
1889 4757 2017 4796 cum

370 4843 688 4905 utrumque
721 4849 877 4888 unus
909 4831 1305 4902 suppeditavit
1327 4829 1658 4884 Dominus?
1690 4831 1826 4894 Quae
1861 4830 2019 4884 enim

375 4931 466 4980 est
491 4925 799 4989 fornicata,
819 4922 957 4977 vivit
980 4921 1221 4992 quidem
1246 4926 1508 4991 peccato,
1540 4919 1644 4975 sed
1678 4925 1910 4975 mortua
1931 4926 2021 4975 est

2131 4651 2158 4704 6
2190 4651 2413 4714 Θάνατος
2447 4651 2631 4713 αὐτοῖς
2664 4649 2848 4706 κοινὰν
2983 4653 3063 4708 UL’)
3119 4651 3184 4722 δὴ
3232 4656 3463 4729 μάχεται
3495 4661 3576 4727 τῷ
3608 4658 3795 4731 Εὐαγ-

2127 4739 2298 4813 γελίῳ
2329 4743 2356 4795 ὁ
2390 4742 2576 4812 νόμος⁸
2612 4738 2825 4810 συνᾴδει
2887 4739 2943 4795 δὲ
2973 4741 3140 4814 αὐτῷ.
3173 4748 3296 4805 Πῶς
3330 4745 3429 4818 γὰρ
3479 4744 3633 4820 οὐχὶ,
3669 4745 3794 4808 ἐνὸς

2129 4823 2284 4890 ὄντος
2313 4830 2515 4904 ἀμφοῖν
2576 4830 2831 4904 χορηγοῦ
2874 4835 2972 4884 τοῦ
3030 4831 3263 4904 Κυρίου;
3323 4833 3384 4887 Ἡ
3412 4833 3620 4908 γάρτοι
3650 4854 3792 4909 πορ-

2129 4917 2357 4972 νεύσασα
2391 4922 2453 4992 ζῇ
2507 4919 2601 4991 μὲν
2658 4921 2728 4991 τῇ
2789 4919 3027 4991 ἁμαρτίᾳ
3072 4918 3299 4984 ἀπέθανε
3356 4917 3414 4976 δὲ
3458 4927 3581 4986 ταῖς
3635 4921 3786 4978 ἐντοο

441 5066 599 5149 ait):
628 5067 871 5149 507st).
902 5067 1224 5149 “roman,
1258 5066 1493 5149 {nam
1553 5065 1950 5149 Epignmi-5.
2011 5066 2025 5135 (

2139 5067 2317 5149 latth.
2351 5084 2402 5135 v,
2435 5069 2522 5134 32,
2554 5083 2669 5134 xix,
2701 5070 2770 5134 9;
2804 5068 2978 5138 Marc,
3003 5085 3059 5135 χ,
3093 5069 3178 5134 lt,
3214 5072 3321 5136 l2;
3374 5071 3510 5127 Luc.
3546 5089 3664 5141 xvi,
3701 5072 3790 5132 18.

369 5116 652 5209 (ὺγιιῖίὰἶ
671 5116 963 5210 ’(έΓιΪένίῐ.
988 5116 1228 5204 1le6";
1260 5116 1950 5209 ὺὲὶιι’.’ἐιιιῐ“(’ἀ)ἰζὲῖίῖ
1976 5116 2025 5192 ιέ

2145 5116 2316 5120 ---η---
2362 5116 2402 5135 “1
2441 5116 2522 5134 νντ
2555 5116 2669 5134 ----›
2708 5116 2723 5121 ν
2759 5116 2770 5134 1
2804 5116 2978 5138 ---νν›
3003 5116 3059 5135 -ι
3097 5116 3178 5134 --ν
3216 5116 3280 5123 -ν-
3307 5116 3321 5136 ν
3374 5116 3510 5127 ἠ’-ν·
3546 5116 3664 5141 -υν

2162 5139 2216 5192 9.

439 5283 552 5352 (14)
586 5280 885 5354 Κρύπτουσ’
912 5281 1219 5350 Euripides
1240 5283 1443 5336 Hecub.
1478 5299 1528 5336 ν.
1563 5284 1803 5337 569-578

372 5369 596 5437 Πολλὴν
625 5368 886 5440 πρόνοιαν
920 5365 1623 5440 εἶχενεύσχήμωςπεσεῖν,

371 5434 675 5516 Κρύπτουςἱ
704 5434 1022 5516 ἂνκρύπτεὶν
1053 5434 1498 5516 ὄμματήἀρσένω
1529 5440 1731 5513 χρέών.

369 5511 628 5584 Magnam
670 5511 1101 5569 satiibitudinem
1146 5511 1362 5576 habuit,
1409 5511 1658 5584 decenter
1687 5519 1747 5566 ut
1779 5513 2017 5582 caderet,

370 5581 812 5653 Et'occuttaret,
857 5600 980 5654 quae
1035 5584 1310 5638 occultare
1366 5581 1547 5636 oculos
1602 5585 1842 5638 virorum
1889 5600 2017 5639 con-

1756 5657 1944 5726 [venit

440 5749 549 5817 (15)
602 5742 1001 5820 Αίσχρολογία.
1056 5746 1278 5801 Sensus
1328 5741 1585 5813 requirit
1639 5740 2016 5818 αἰσχροεργία,

2132 5283 2224 5338 vel
2256 5288 2554 5358 contracte
2603 5281 2988 5358 αἰσχρουργία·
3023 5286 3182 5358 quod
3213 5287 3360 5344 vidit
3389 5290 3569 5346 etiam
3601 5293 3789 5349 inter-

2131 5372 2287 5427 pres.
2331 5355 2605 5410 SYLRURG.

2203 5445 2312 5514 (16)
2344 5447 2596 5499 Γυναῖκα.
2643 5445 2957 5516 Respicere
3006 5446 3236 5502 videtur
3270 5450 3294 5502 1
3323 5450 3472 5506 Tim.
3507 5468 3570 5518 ιι,
3601 5455 3656 5520 9,
3699 5454 3786 5506 10.

3705 5545 3731 5558 ν

2201 5529 2603 5606 (17)ΑΕὖχαῖς.
2648 5535 2982 5606 ΑΒοερίοοΓθ
3041 5536 3271 5591 videtur
3322 5540 3341 5593 Ι
3389 5540 3538 5594 Tim.
3599 5558 3654 5605 v,
3704 5545 3788 5595 5:

2129 5600 2598 5683 Ilp;oaps‘/si'v'cai:
2645 5600 2861 5671 δεήσεσι
2906 5605 2995 5659 καὶ
3046 5611 3166 5670 ταῖς
3195 5615 3533 5683 προσευχαῖς
3591 5600 3788 5673 νύκτὸς

2129 5674 2218 5726 καὶ
2241 5675 2478 5748 ἡμέρας.
