4048 6186
411 319 553 376 1103

1644 321 2057 375 CLEMENTIS
2093 318 2600 374 ALEXANDRINI

3698 320 3836 380 1104

407 460 510 500 ore
542 447 717 498 tenus
751 440 1003 498 dicimus
1029 458 1043 497 ;
1069 441 1356 499 Nolumus
1374 458 1619 515 peccare
1649 462 1663 510 ;
1688 443 1923 498 animus
1955 458 2052 499 au-

2174 459 2261 494 ται
2320 437 2408 494 ἐπὶ
2458 441 2564 512 (38)
2619 437 2681 493 τὸ
2722 438 3073 514 ἁμαρτάνειν.
3120 441 3180 499 Ὀ
3231 444 3484 505 τοιοῦτος
3535 441 3630 498 διὸ.
3659 440 3829 522 ιρὸὗον

409 539 530 588 tem
560 536 764 587 noster
792 529 1123 602 propendet
1153 531 1214 586 in
1264 536 1594 602 peccatum.
1627 531 1735 595 Qui
1766 535 1856 586 est
1905 531 2060 601 ejus-

411 621 595 689 modi,
627 626 871 692 propter
902 625 1151 686 metum,
1183 620 1343 690 quod
1371 620 1514 686 vult,
1543 635 1663 674 non
1691 619 1851 690 facit,
1884 635 1959 674 ne
2008 620 2060 675 ei

408 710 805 765 constituatur
838 708 1214 780 supplicium.
1248 710 1322 763 At
1341 708 1653 763 hominum
1675 708 1877 781 generi
1909 725 2062 779 quaa-

410 799 546 855 dam
577 799 915 854 necessaria
944 804 1083 853 sunt
1117 816 1183 853 ac
1230 798 1528 854 naturalia
1559 798 1862 854 duntaxat.
1897 797 2065 862 Quod

409 889 784 946 indumentis
817 894 1001 962 egeat,
1035 889 1440 944 necessarium
1474 887 1653 942 simul
1685 892 1773 942 est
1802 892 1860 941 et
1890 891 2062 941 natu-

407 981 576 1036 rale:
630 986 719 1034 est
769 984 966 1033 autem
1018 993 1267 1032 venerea
1319 978 1586 1048 voluptas
1617 976 1926 1042 naturalis,
1963 975 2066 1029 sed

409 1086 530 1125 non
549 1067 943 1124 necessaria.»
963 1069 1075 1122 Has
1098 1083 1268 1122 voces
1291 1066 1505 1122 adduxi
1529 1065 1603 1122 ad
1624 1065 2064 1138 reprehenden-

408 1159 551 1215 dum
587 1157 1000 1224 Basilidianos,
1037 1157 1136 1226 qui
1167 1173 1288 1210 non
1320 1161 1478 1210 recte
1506 1156 1721 1222 vivunt,
1751 1161 1817 1209 ut
1846 1155 1946 1225 qui
1979 1153 2070 1208 vel

408 1246 695 1320 peccandi
721 1250 1074 1317 potestatem
1098 1245 1359 1300 habeant
1378 1250 1623 1318 prepter
1642 1242 2067 1315 perfectionem

409 1337 500 1392 vel
550 1336 794 1391 omnino
845 1335 1089 1406 quidem
1137 1340 1349 1391 natura
1389 1335 1531 1389 salvi
1562 1333 1745 1388 futuri
1779 1333 1921 1399 sint,
1955 1328 2064 1413 etsi

411 1442 572 1482 nunc
604 1430 871 1498 peccent,
907 1424 1064 1496 quod
1095 1431 1321 1480 natura:
1363 1423 1649 1496 dignitate
1683 1427 1822 1477 sunt
1870 1420 2061 1477 electl-

411 1517 613 1587 Neque
644 1531 779 1571 vero
810 1515 988 1587 primi
1017 1514 1360 1587 dogmatum
1391 1513 1695 1569 architecti
1717 1511 2064 1568 eorumdem

409 1604 944 1678 perpetrandorum
975 1609 1332 1675 potestatem
1365 1603 1485 1659 illis
1514 1602 1763 1658 faciunt.
1812 1603 1891 1657 Ne
1925 1617 2061 1673 ergo

409 1694 628 1750 Christi
649 1708 868 1748 nomen
885 1692 1298 1764 suscipientes,
1323 1698 1382 1748 et
1400 1693 1604 1764 iis,qui
1628 1695 1766 1748 sunt
1787 1690 1848 1745 in
1870 1691 2064 1763 genti-

408 1783 519 1839 bus
551 1780 1644 1853 intemperantissimi,incontinentius
1664 1780 2062 1848 viventes,no-
2092 1820 2142 1887 Β

411 1870 561 1928 mini
591 1872 654 1936 ὦ
679 1870 1062 1926 maledictum
1090 1871 1390 1926 inuranta
1416 1870 1524 1936 Qui
1555 1870 1716 1925 enim
1747 1874 1886 1924 sunt
1907 1869 2063 1940 ejus-

411 1961 597 2029 modi,
657 1959 1124 2032 pseudapostoli,
1182 1961 1438 2032 operarii
1470 1959 1684 2026 dolosi,
1715 1981 1743 2008 »
1775 1974 1964 2029 usque
1997 1958 2072 2013 ad

412 2049 562 2104 illud
589 2066 601 2104 :
637 2071 664 2098 ‹‹
697 2051 960 2114 Quorum
991 2049 1128 2103 finis
1160 2049 1275 2104 erit
1296 2049 1624 2104 secundum
1654 2065 1837 2120 opera
1865 2064 2072 2103 eorum

413 2139 486 2220 (α)
518 2141 616 2194 Est
633 2156 768 2210 ergo
784 2139 1442 2210 continentia,corporis
1458 2137 2040 2210 despicientiaLsecun
2052 2169 2070 2178 -

421 2226 563 2281 dum
604 2227 1031 2282 confessionem
1058 2228 1119 2282 in
1155 2228 1381 2292 Deum;
1424 2243 1547 2281 non
1587 2227 1778 2281 solum
1818 2226 1977 2280 enim
2009 2226 2070 2280 in

420 2316 597 2370 rebus
636 2316 924 2383 venereis,
961 2316 1064 2371 sed
1087 2317 1266 2370 etiam
1297 2317 1359 2369 in
1377 2316 1530 2382 aliis,
1557 2333 1686 2386 quas
1709 2315 1908 2370 anima
1933 2332 2070 2386 per-

418 2422 623 2478 peram
653 2405 1040 2476 concupiscit,
1067 2421 1188 2458 non
1218 2410 1496 2460 contenta
1527 2404 1902 2471 necessariis,
1942 2421 2071 2458 ver-

419 2499 583 2550 satur
611 2493 1000 2549 continentia.
1036 2495 1136 2548 Est
1157 2499 1355 2548 autem
1389 2497 1447 2548 et
1477 2494 1536 2547 in
1559 2494 1782 2565 lingua,
1809 2499 1867 2547 et
1888 2493 1948 2547 in
1972 2509 2070 2547 ac-

416 2583 730 2654 quirendo,
764 2588 822 2638 et
852 2583 912 2638 in
951 2583 1171 2638 utendo
1203 2588 1261 2637 et
1291 2583 1351 2636 in
1375 2583 1851 2654 concupiscendo
1875 2581 2065 2636 conti-

410 2672 636 2726 nentia.
671 2673 797 2725 Non
823 2671 995 2726 docet
1023 2676 1221 2725 autem
1254 2686 1322 2725 ea
1352 2670 1725 2725 solummodo
1765 2686 1892 2724 esse
1916 2674 2066 2723 tem-

410 2763 709 2831 perantes,
744 2757 1039 2828 siquidem
1086 2757 1312 2829 praebet
1357 2757 1529 2812 nobis
1583 2757 2064 2828 temperantiam,

406 2853 476 2904 ut
504 2864 635 2918 qua:
667 2847 742 2902 sit
771 2847 968 2902 divina
996 2852 1257 2918 potestas
1289 2851 1347 2901 et
1376 2847 1582 2918 gratia.
1617 2846 1943 2901 Dicendum
1975 2851 2065 2900 est

409 2937 863 3009 ergo,quidnam
893 2936 1116 2992 nostris
1145 2936 1412 2991 videatur
1443 2935 1515 2990 de
1547 2935 1802 3006 eo,quod
1822 2941 1912 2990 est
1931 2951 2062 3006 pro-

407 3027 690 3100 positum.
714 3028 828 3082 Nos
843 3026 1084 3096 quidem
1108 3027 1462 3093 castitatem,
1488 3032 1546 3081 et
1567 3042 1689 3092 eos,
1714 3025 1929 3097 quibus
1952 3027 2063 3080 hoc

407 3133 442 3171 a
471 3117 588 3171 Deo
643 3116 848 3170 datum
900 3121 1008 3182 est,
1059 3115 1262 3170 beatos
1295 3115 1582 3170 dicimus:
1625 3115 2062 3187 monogamiam

2170 527 2230 584 οὗ
2263 532 2412 583 ποιεῖ
2457 527 2486 581 ’ὀ
2521 527 2690 598 θέλει,
2733 526 2822 582 ’ίνα
2856 531 2932 600 μὴ
2985 532 3020 599 ἡ
3065 528 3292 594 κόλασις
3323 530 3472 605 αὗτῷ
3503 529 3831 609 ἰλλογισθῇ.

2167 618 2230 674 Ἦ
2283 615 2342 671 δὲ
2399 615 2755 692 ἀνθρωπότης
2815 615 2932 693 ἔχει
2988 619 3112 673 τινὰ
3167 619 3432 694 ἀναγκαῖα
3477 621 3572 676 καὶ
3633 625 3833 696 φυσικά

2172 706 2326 778 μόνα⁸
2378 702 2495 780 ἔχει
2520 705 2582 760 τὸ
2608 699 3033 780 περιϐάλλεσται
3067 707 3358 784 ἀναγκαῖον
3413 713 3526 783 (39)
3575 711 3670 765 καὶ
3733 735 3833 789 φυ-

2171 795 2342 850 σικόν
2390 795 2613 872 φυσικὸν
2665 792 2723 849 δὲ
2777 795 2838 849 τὸ
2867 800 2974 850 τῶν
3014 794 3372 874 ἀφροδισίων,
3402 799 3509 854 οὐκ
3538 800 3835 876 ἀναγκαῖον

2172 882 2250 940 δέ.
2285 908 2312 934 ››
2371 882 2576 946 Ταύτας
2625 883 2936 959 παρεθέμην
2985 884 3081 949 τὰς
3111 887 3288 963 φωνὰς
3315 887 3393 949 εἷς
3425 885 3660 964 ἔλεγχον
3729 895 3831 944 τῶν

2175 976 2250 1048 μὴ
2290 974 2551 1048 βιούντων
2587 975 2763 1047 ὀρθῶς
2795 973 3214 1032 Βασιλειδιανῶν
3244 980 3374 1049 (40),
3405 977 3481 1040 ὡς
3508 975 3636 1048 ἤτοι
3671 978 3835 1054 ἐχόν-

2170 1084 2276 1117 των
2328 1063 2568 1134 ἐξουσίαν
2601 1063 2819 1118 καὶτοῦ
2876 1065 3138 1141 ἁμαρτεῖν
3171 1068 3284 1137 (41)
3344 1064 3433 1120 διὰ
3489 1070 3589 1136 τὴν
3618 1066 3834 1123 τελειό-

2169 1173 2327 1223 τητα,
2359 1153 2394 1223 ἢ
2422 1154 2638 1214 πάντως
2668 1155 2780 1226 (42)
2809 1175 2870 1229 γε
2903 1159 3309 1227 σωθησομένων
3344 1158 3454 1227 (43)
3484 1157 3642 1232 φύσει
3700 1162 3834 1232 (44),

2168 1239 2265 1296 κᾶν
2324 1245 2415 1296 νῦν
2477 1240 2784 1316 ἁμάρτωσι,
2817 1239 2906 1296 διὰ
2955 1243 3054 1312 τὴν
3103 1241 3340 1321 ἔμφυτον
3376 1243 3646 1321 ἐκλογήνο
3720 1245 3837 1301 ἐπεὶ

2174 1327 2315 1404 μηδὲ
2343 1334 2514 1385 ταῦτα
2569 1331 2758 1393 αὐτοῖς
2817 1332 3069 1406 πράττειν
3129 1338 3512 1409 συγχωροῦσιν
3576 1336 3630 1390 οὶ
3689 1356 3836 1412 προ-

2169 1422 2402 1497 πάτορες
2457 1425 2564 1475 τῶν
2627 1418 2912 1495 δογμάτων
2971 1424 3082 1496 (4-5)
3115 1465 3128 1479 .
3190 1424 3284 1493 Μὴ
3340 1424 3524 1479 τοίνυν
3585 1423 3830 1481 ὑποδυόο

2173 1529 2325 1584 μενοι
2382 1509 2443 1563 τὸ
2503 1505 2677 1583 ὄνομα
2730 1513 2828 1564 τοῦ
2883 1511 3142 1583 Χριστοῦ,
3198 1512 3286 1566 καὶ
3342 1515 3450 1567 τῶν
3509 1511 3562 1567 ἓν
3624 1508 3831 1570 ἔθνεσιν

2169 1600 2576 1677 ἀκρατεστάτων
2640 1599 3070 1677 ἀκολαστότερον
3120 1603 3361 1678 βιοῦντες
3390 1649 3403 1675 ,
3469 1602 3833 1684 βλασφημίαν

2167 1696 2247 1765 τῷ
2296 1691 2520 1764 ὀνόματι
2552 1687 3021 1767 προστριϐέσθων·
3057 1717 3086 1746 ‹ι
3118 1694 3182 1748 Οἱ
3211 1694 3317 1768 γὰρ
3346 1699 3592 1750 τοιοῦτοι
3625 1694 3830 1770 ψευδα-

2169 1778 2463 1851 πόστολοι,
2498 1779 2717 1855 ἐργάται
2752 1778 2956 1850 δόλιοι,
2991 1805 3019 1833 ››
3045 1778 3174 1851 ἓως,
3207 1805 3235 1833 ‹‹
3268 1784 3363 1836 Ὧν
3396 1784 3458 1838 τὸ
3486 1781 3649 1846 τέλος
3685 1781 3833 1840 ἔσται

2177 1871 2312 1925 κατά
2356 1871 2424 1924 τὰ
2470 1865 2597 1946 ἔργα
2637 1868 2834 1926 αὐτῶν.
2875 1895 2900 1922 υ
2961 1872 3280 1947 Ἐγκράτεια
3334 1873 3514 1928 τοίνυν
3572 1875 3838 1946 σώματος

2179 1957 2468 2033 ὑπεροψία,
2526 1958 2661 2014 κατὰ
2712 1960 2813 2028 τήν
2863 1959 2999 2031 πρὸς
3043 1961 3170 2015 Θεὸν
3205 1961 3528 2036 ὁμολογίαν·
3566 1961 3630 2016 οὐ
3667 1963 3836 2036 μόνον

2173 2050 2274 2124 γὰρ
2334 2047 2457 2119 περὶ
2512 2047 2580 2102 τὰ
2636 2044 2946 2124 ἀφροδίσια,
3005 2046 3152 2104 ἀλλά
3197 2049 3286 2104 καὶ
3316 2051 3441 2126 περὶ
3470 2051 3540 2105 τά
3571 2049 3745 2123 ἀλλα,
3806 2053 3838 2106 "1

2176 2136 2433 2209 ἐπιθυμεῖ
2476 2139 2512 2205 ἡ
2562 2138 2716 2211 ψυχή
2764 2141 2970 2208 κακῶς,
3003 2137 3102 2192 οὐκ
3129 2137 3439 2212 ἀρκουμένη
3488 2145 3608 2202 τοῖς
3666 2141 3838 2218 ἀναγ-

2173 2225 2375 2294 καίοις,
2435 2227 2470 2295 ἠ
2503 2224 2784 2300 ἆγκράτεια
2823 2225 3229 2303 ἀναστρέφεται.
3265 2229 3421 2283 ’Ἐστι
3477 2225 3536 2282 δί
3565 2229 3656 2282 καὶ
3715 2231 3842 2304 περῖ

2172 2316 2272 2384 τήν
2299 2313 2570 2388 γλῶσσαν,
2601 2314 2691 2368 καὶ
2723 2313 2846 2388 περὶ
2888 2315 2987 2383 τήν
3021 2321 3236 2385 κτῆσιν,
3281 2315 3370 2370 καὶ
3401 2317 3524 2389 περὶ
3559 2319 3662 2386 τὴν
3697 2325 3840 2393 χρῆ.

2175 2426 2280 2476 σιν,
2339 2403 2429 2458 καὶ
2486 2405 2608 2477 περὶ
2651 2405 2751 2473 τήν
2785 2403 3075 2477 ἐπιθυμίαν
3108 2402 3406 2479 ἐγκράτεια.
3469 2404 3542 2460 Οῦ
3590 2403 3840 2462 διδάσκει

2174 2491 2221 2547 δ’
2279 2492 2413 2562 αῦτή
2464 2498 2763 2570 σωφρονεῖν
2800 2488 2990 2565 μόνον,
3021 2495 3055 2564 ἦ
3086 2513 3145 2569 γε
3174 2493 3405 2570 παρέχει
3467 2495 3832 2571 σωφροσύνην

2171 2585 2331 2655 ἡμῖν,
2386 2579 2612 2655 δύναμις
2671 2583 2804 2636 οὖσα
2859 2581 2948 2636 καὶ
2995 2582 3111 2637 θεία
3169 2585 3352 2657 χάρις.
3407 2584 3535 2637 Τίνα
3594 2585 3689 2638 οὗν
3723 2590 3841 2646 τοῖς

2172 2670 2462 2747 ἡμετέροις
2532 2667 2684 2726 δοκεῖ
2758 2670 2882 2745 περῖ
2949 2675 3047 2725 τοῦ
3123 2673 3509 2747 προκειμένου,
3585 2672 3837 2732 λεκτέον.

2170 2761 2363 2833 Ἡμεῖς
2389 2759 2674 2834 εὐνουχίαν
2734 2760 2847 2832 μὶν,
2902 2758 2992 2814 καὶ
3051 2762 3134 2820 οἷς
3187 2764 3352 2814 τοῦτο
3381 2757 3696 2837 δεδώρηται
3733 2764 3836 2818 ὑπὸ

2172 2854 2327 2919 Θεοῦ,
2382 2848 2774 2924 μακαρίζομεν’
2830 2849 3177 2924 μονογαμίαν
3223 2848 3280 2905 δὶ
3321 2851 3411 2904 καὶ
3443 2853 3543 2919 τὴν
3577 2852 3709 2927 περὶ
3741 2854 3830 2908 τὸν

2169 2936 2260 2994 ἵνα
2310 2942 2487 3014 γάμον
2550 2939 2858 3012 σεμνότητα
2917 2939 3298 3012 θαυμάζομεν*
3359 2940 3712 3014 συμπάσχειν
3774 2938 3834 2996 δὲ

2173 3025 2281 3083 δεῖν
2337 3025 2610 3104 λέγοντες,
2640 3028 2730 3081 καὶ
2759 3024 3024 3097 ἀλλήλων
3055 3030 3169 3100 (46)
3216 3027 3285 3081 τὰ
3335 3027 3476 3102 βάρη
3513 3029 3830 3104 βαστάζειν

2175 3121 2249 3190 μή
2283 3120 2415 3172 ποτέ
2439 3137 2524 3178 τις
2567 3113 2744 3171 δοκῶν
2794 3114 2978 3178 καλῶς
3034 3116 3269 3185 ἑστάναι,
3317 3116 3408 3171 καὶ
3457 3115 3620 3180 αὐτὸς
3671 3120 3832 3193 πέσῃ.

406 3210 628 3273 autem,
659 3209 717 3260 et
737 3221 869 3276 qua:
892 3204 1167 3260 consistit
1196 3205 1258 3260 in
1280 3222 1400 3260 uno
1424 3205 1617 3259 solum
1649 3203 2052 3270 matrimonio,

2173 3183 2301 3280 ίΙερὶ
2361 3203 2419 3259 δὲ
2474 3208 2570 3259 τοῦ
2630 3202 2882 3280 δευτέρου
2925 3204 3133 3280 γάμου,
3188 3229 3215 3256 ιι
3249 3183 3318 3262 Εἴ
3348 3211 3536 3281 πυροῖ,
3570 3207 3745 3283 φησὶν

403 3294 778 3352 honestatem
810 3296 1212 3364 admiramur;
1243 3295 1508 3352 dicentes
1540 3300 1738 3350 tamen
1783 3302 2056 3366 oportere

2163 3292 2525 3361 Ἀπὸστολος,
2555 3291 2702 3368 γάμη
2713 3313 2827 3348 σον.
2863 3316 2892 3343 ››

402 3385 659 3441 aliorum
690 3385 981 3453 misereri,
1015 3390 1075 3440 et
1103 3407 1132 3435 ‹‹
1165 3385 1418 3441 alterum
1447 3383 1692 3439 alterius
1722 3400 1904 3439 onera
1932 3391 2167 3456 portare
2198 3385 2296 3456 (ὁ),
2330 3406 2356 3433 ››
2381 3399 2457 3439 ne
2489 3405 2516 3432 «
2553 3383 2704 3454 quis,
2735 3399 2873 3438 cum
2904 3405 2932 3433 »
2963 3388 3120 3438 recte
3146 3406 3173 3434 ‹‹
3209 3388 3365 3440 stare
3396 3383 3669 3440 videatur
3692 3387 3823 3456 (c),»

399 3474 528 3544 ipse
557 3491 794 3546 quoque
827 3497 855 3524 ‹‹
887 3474 1076 3530 cadat.
1110 3496 1141 3525 »
1171 3476 1253 3530 De
1284 3473 1560 3530 secundis
1591 3479 1790 3530 autem
1821 3475 2084 3546 nuptiis:
2122 3495 2148 3528 ι
2182 3475 2239 3530 Si
2267 3473 2483 3540 uraris,
2518 3496 2539 3525 ι
2593 3472 2789 3543 inquit
2842 3473 3180 3543 Apostolus,
3239 3496 3270 3525 «
3291 3473 3547 3546 jungere
3605 3477 3826 3531 matri-

398 3561 601 3617 monio
632 3563 733 3636 (τί).
771 3585 798 3612 ››

1937 3662 2168 3718 CAPUT
2206 3662 2276 3715 II.

970 3762 1319 3831 Carpocratis
1358 3767 1410 3817 et
1441 3762 1753 3832 Epiphanis
1781 3764 2110 3818 sententiam
2135 3763 2201 3818 de
2229 3763 2563 3830 feminan
2595 3763 2982 3816 communitate
3009 3765 3241 3831 refutat.

469 3906 576 3971 Qui
602 3908 800 3960 autem
821 3921 855 3958 a
874 3905 1224 3976 Carpocrate
1247 3903 1615 3959 descendunt
1633 3908 1691 3959 et
1719 3906 2046 3976 Epiphane,

402 3999 650 4052 censent
676 3999 948 4066 Oportere
975 4009 1187 4048 uxores
1219 4010 1348 4049 esse
1394 4010 1744 4049 communes
1778 4011 1792 4061 ;
1847 4011 1882 4049 a
1909 3995 2049 4066 qui-

397 4083 508 4141 bus
565 4090 772 4140 contra
829 4098 1048 4138 nomen
1102 4081 1317 4136 Christi
1375 4083 1702 4138 maximum
1756 4084 2053 4139 emanavit

2233 3904 2300 3960 Ol
2330 3899 2387 3956 δὲ
2440 3901 2546 3957 ἀπὸ
2601 3902 3031 3977 Καρποκράτους
3083 3904 3173 3957 καὶ
3231 3903 3563 3979 Ἐπιφάνους
3624 3904 3828 3980 ἀναγό-

2163 4013 2316 4066 μενοι
2350 3992 2535 4054 κοινάς
2564 3990 2695 4045 εἶναι
2753 3991 2850 4053 τὰς
2896 3997 3152 4066 γυναῖκας
3214 3993 3475 4064 ἀξιοῦσιν*
3535 3993 3586 4064 ἐξ
3645 3995 3726 4049 ὧν
3787 3999 3823 4065 ἡ

2163 4081 2386 4158 μεγίστη
2430 4081 2566 4136 κατά
2611 4084 2709 4136 τοῦ
2763 4080 3033 4153 ὀνόματος
3073 4083 3186 4154 (47)
3241 4080 3405 4158 ἐρῥύη
3462 4082 3824 4159 βλασφημία.

464 4229 528 4294 ιι(
556 4231 620 4285 Ρ.
644 4231 742 4283 511
776 4227 887 4282 ED.
921 4227 1214 4294 POTTER,
1245 4226 1350 4281 428
1381 4227 1494 4280 ED.
1525 4227 1753 4281 PARIS.
1797 4228 1874 4298 (a)
1897 4229 1946 4281 ll
1965 4229 2052 4283 Co:

2173 4231 2370 4296 ,13,15.
2414 4227 2848 4299 (b)Calat.v1,2.
2893 4227 3002 4295 (c)I
3032 4227 3323 4298 Cor.x,12.
3366 4227 3820 4300 (d)lCor.vxi,9.

462 4384 576 4454 (38)
603 4379 747 4439 Ἐπί.
781 4379 898 4448 Εἷς,
932 4381 1222 4454 Epiphan.

463 4450 573 4580 (39)
604 4454 950 4580 Ἀναγκαῖον.
974 4450 1292 4533 Τὸἀναγκη
1325 4450 1614 4532 Epiphan.
1802 4520 1810 4530 .
1988 4521 1997 4531 α

463 4531 553 4580 (40
605 4532 739 4580 Βασι
785 4521 1055 4579 ειδιανῶν.
1117 4525 1209 4579 Sic
1269 4539 1479 4580 SCI‘lDSl
1531 4538 1666 4577 cum
1710 4520 1997 4580 Epmham

463 4520 573 4597 (40)
605 4520 1055 4597 Βασιλειδιανῶν.
1117 4520 1209 4579 Sic
1269 4520 1479 4597 scripsi
1531 4520 2039 4597 cuthpiphanio

2150 4396 2375 4450 peram,
2408 4380 2536 4453 nisi
2559 4377 2635 4440 εἷς
2667 4385 2769 4435 aut
2799 4381 3012 4436 similis
3043 4381 3336 4453 particula
3361 4381 3637 4438 addatur.

2222 4453 2336 4523 (42)
2364 4457 2437 4506 ’Ἡ
2467 4451 2706 4512 πάντως.
2740 4451 3062 4523 Ερὶρὶιᾶῐι.ξ
3089 4451 3124 4524 ᾖ
3158 4451 3395 4509 πάντων.

2222 4541 2333 4610 (43)
2368 4539 2807 4611 Σωθησομένων.
2870 4542 2949 4595 De
2983 4541 3415 4597 Valentinianis
3468 4543 3595 4597 haec
3625 4544 3814 4601 refert

389 4592 497 4680 pro
531 4592 1242 4684 νιιὶξξ,ῌασιλιδιανῶν.Ηοίὶ
1271 4592 1557 4682 1000111330
1583 4592 2038 4684 θβιξὶῐηιξρξρὶιδι-

2176 4592 2428 4684 τέιλέέηε,
2467 4592 2567 4684 ut.
2709 4592 2840 4684 gap.
2870 4592 2957 4684 19‘,
2989 4592 3814 4684 pisi;{azggugggaa'gg

391 4661 566 4725 ilius:
629 4661 727 4723 Καὶ
786 4670 1309 4740 Καρτιτοκρατιανῶν⁸
1341 4664 1572 4740 καὶτῶν
1606 4661 2037 4740 ἀπὸΔ-Οὐαλεντί-

389 4760 506 4811 νου,
565 4738 655 4812 καὶ
707 4743 806 4812 τοῦ
861 4733 1192 4812 ’Ἐπιιράνους
1223 4735 1670 4812 καλουμένου·ώῷ
1703 4733 1760 4790 δὲ
1790 4736 2037 4812 συνή-ιρθη

390 4804 691 4883 Σεκοῦνδος
745 4811 774 4864 ὁ
813 4804 1287 4883 προτεταγμένος·
1346 4804 1720 4883 έξλάλλλήλιυν
1779 4807 1883 4881 γὰρ
1913 4804 2040 4883 ἕκα-

390 4903 537 4952 στοςί,
595 4878 722 4948 ἤτοι
780 4877 937 4943 οὗτος
996 4877 1185 4952 ἐκείνῳ
1219 4877 1504 4952 μεταδοῦς,
1537 4880 1572 4948 ἢ
1606 4877 2036 4952 ἐκεῖνοςᾲτοῷτῳ,

389 4954 458 5024 τὰ
509 4947 658 5007 δεινὰ
709 4947 1229 5024 διπεμπολήσᾳιντες,⁷
1279 4953 1370 5024 καὶ
1402 4947 1720 5024 ε’ίςῗτιπρὸς
1754 4947 2037 5024 ἀλλήλους

392 5020 1004 5099 διαφερόμενοιίδμως
1042 5022 1111 5099 ἐν-
1131 5027 1244 5099 μιᾷ⁸
1259 5023 1459 5099 αἱρέσει
1489 5020 1710 5083 ἑαυτοὺς
1724 5023 2036 5099 κατέθεντο,

391 5088 674 5168 ὥστε’καί
732 5088 1176 5168 ἔχειν’-ἐξουσίαν
1208 5088 1613 5168 ’ἐδογμάτισαι
1659 5097 2040 5168 «UEtiCai‘po-

391 5165 707 5232 cratianos,
741 5165 799 5220 et
829 5166 1143 5235 Valentini,
1185 5165 1626 5237 Epiphanisque
1670 5166 2032 5236 discipulos;

387 5237 462 5293 ad
495 5253 672 5308 quem
707 5237 1013 5292 Secundus
1059 5238 1225 5308 prius
1275 5254 1309 5290 a
1337 5237 1506 5292 nobis
1538 5244 2035 5292 commemoratus

385 5308 748 5382 adjunﬁgitur.
772 5309 1000 5382 Etenim
1029 5308 1115 5382 illi
1139 5325 1256 5382 ase
1280 5309 1529 5363 invicem
1547 5309 1851 5382 propagati
1876 5328 1890 5373 ;
1917 5309 2034 5362 sive

382 5379 494 5438 iste
526 5381 722 5446 alteri,
756 5379 873 5433 sive
905 5379 1057 5433 alter
1100 5379 1220 5445 isti,
1250 5384 1532 5449 tanquam
1563 5379 1751 5432 malas
1782 5395 2031 5447 merces,

381 5455 464 5510 ita
494 5453 837 5525 pestiferam
897 5450 1227 5525 doctrinam
1287 5450 1920 5525 communicaverunt._
1951 5453 2032 5504 Ac

378 5521 521 5581 licet
547 5526 747 5596 aliqua
768 5524 830 5578 in
863 5539 925 5596 re
955 5521 1395 5596 dissidean_t_,_in
1443 5521 1649 5576 eadem
1680 5526 1879 5596 tamen
1908 5522 2031 5575 lia:-

377 5613 506 5652 sere
539 5591 716 5662 secta,
750 5601 815 5651 ut
843 5595 931 5648 vel
950 5609 1193 5665 peccare
1217 5592 1327 5646 sibi
1348 5599 1589 5663 propter
1608 5591 2029 5664 perfectionem

380 5668 565 5724 licere
597 5668 884 5722 dicerent.
921 5689 948 5716 »

448 5741 556 5812 (41(
587 5741 699 5794 Τοῦ
729 5739 1012 5814 ἁμαρτεῖν.
1046 5737 1120 5794 Τὸ
1154 5734 1500 5812 ἁμαρτάνειν,
1548 5735 1837 5808 Epiphan.
1895 5752 2027 5808 per-

2150 4680 2337 4760 λρυσιν
2385 4681 2436 4760 οἱ
2475 4679 2626 4736 αὐτοὶ
2687 4679 3122 4760 εἶνεξιιάδύνατον
3156 4685 3358 4760 φθορὰν
3391 4679 3810 4754 καταδέξασθαι,

2145 4752 2240 4831 κᾷν
2268 4751 2519 4831 *ὁποίαις
2549 4751 3056 4827 συγκαταλέγωνται
3101 4751 3375 4831 πράξεσιν..
3419 4780 3448 4806 ι(
3481 4751 3646 4813 Idem
3682 4751 3814 4831 spis-

2146 4825 2327 4902 ritale
2352 4825 2696 4902 existimant
2724 4844 2843 4882 non
2866 4825 3038 4902 posse
3067 4825 3466 4902 corruptelam
3492 4825 3812 4902 percipere

2147 4897 2286 4952 licet
2315 4899 2375 4952 in
2407 4897 2922 4969 qualibuscunqtie
2950 4899 3176 4954 fuerint
3205 4897 3394 4955 factis.
3426 4923 3455 4950 υ

2217 4987 2330 5065 (44)
2353 4983 2549 5065 Σβύσει.
2585 4988 3088 5065 Melius-videtur,
3130 5005 3311 5065 quani
3339 4993 3605 5065 φυσικῶν,
3639 4992 3807 5062 quod

2145 5057 2325 5113 habet
2353 5058 2739 5128 Epiphanius.
2775 5059 2881 5114 Ubi
2909 5077 3064 5125 mox,
3093 5057 3165 5113 τὲ
3190 5058 3324 5114 αὐτὰ
3352 5057 3461 5134 'pro
3487 5057 3684 5117 ταῦτ-αῖ

2216 5147 2325 5228 (is)
2359 5144 2674 5228 Δογμάτων.
2711 5150 3006 5204 Hactenus
3037 5150 3402 5206 Clementem
3436 5157 3680 5207 secutus
3712 5161 3809 5208 est

2144 5219 2529 5290 Epiphanius.

2198 5295 2683 5388 '(46)n'A)\)::ﬁlwv..
2710 5301 3148 5388 Iiespicitﬁal;
3173 5318 3246 5388 vi,
3279 5299 3705 5388 2.::A)t).ﬁ?twv'
3737 5305 3813 5358 τὰ

2147 5369 2285 5516 gem
2325 5369 2632 5443 βαστάζετε.
2665 5377 2684 5424 l
2719 5369 2847 5427 Cor‘.
2881 5389 2937 5440 Χ,
2975 5375 3075 5426 i2:
3124 5373 3284 5425 ’Ώστε
3315 5372 3342 5425 ὁ
3374 5369 3552 5427 δοκῶν
3583 5371 3804 5428 ἑστάναι

2186 5438 2394 5495 λεπέτω
2430 5441 2692 5516 μή-πέσῃ.
2726 5445 2749 5497 Ι
2797 5444 2909 5499 Cor
2961 5461 3050 5510 vn,
3084 5447 3154 5498 9:
3195 5442 3406 5516 Ei:on
3435 5443 3804 5516 ἐγκρατεύον-

2147 5462 2394 5516 μΛεπετω
2430 5462 2502 5512 μη
2533 5463 2692 5515 πεσῃ.
2726 5462 2749 5497 1
2797 5462 2909 5499 Cor
2961 5462 3050 5510 vu,
3084 5462 3154 5498 υτ
3207 5462 3273 5498 131'
3303 5463 3406 5497 ουκ
3435 5463 3805 5517 εγκρατευον-

2141 5532 2253 5580 ται,
2291 5513 2733 5590 γαμησάτωσαν·
2785 5519 3032 5588 κρεῖσσον
3066 5533 3077 5545 ⁸
3137 5515 3238 5588 γάρ
3290 5513 3398 5569 ἐστι
3459 5521 3708 5590 γαμῦσαι
3767 5520 3803 5587 ἢ

2142 5586 2460 5659 ποροῦσθαι.

2214 5668 2318 5737 (47)
2377 5664 2522 5718 Κατά
2577 5669 2674 5719 τοῦ
2730 5664 3003 5737 ἀνόματος
3036 5709 3048 5721 .
3107 5668 3332 5722 Nomen
3389 5669 3805 5727 Christianum

2142 5735 2439 5808 intelligit.
2473 5737 2700 5794 Similia
2728 5735 2912 5795 refert
2939 5738 3246 5810 Eusebius,
3307 5739 3379 5796 de
3426 5741 3809 5816 Carpocratis
