  <div class='ocr_page' id='page_1' title='image "/cluster/home/n/w/nwhite01/storage/ocr_20150623/8/hvd.32044073501298/557.png"; bbox 0 0 4048 6186; ppageno 0'>
   <div class='ocr_carea' id='block_1_1' title="bbox 365 363 504 422">
    <p class='ocr_par' dir='ltr' id='par_1_1' title="bbox 365 363 504 422">
     <span class='ocr_line' id='line_1_1' title="bbox 365 363 504 422; baseline 0 -2"><span class='ocrx_word' id='word_1_1' title='bbox 365 363 504 422; x_wconf 81' lang='grc'>1107</span> 
     </span>
    </p>
   </div>
   <div class='ocr_carea' id='block_1_2' title="bbox 1585 360 2535 421">
    <p class='ocr_par' dir='ltr' id='par_1_2' title="bbox 1585 360 2535 421">
     <span class='ocr_line' id='line_1_2' title="bbox 1585 360 2535 421; baseline -0.003 0"><span class='ocrx_word' id='word_1_2' title='bbox 1585 361 1996 421; x_wconf 74' lang='lat' dir='ltr'>CLEMENTIS</span> <span class='ocrx_word' id='word_1_3' title='bbox 2032 360 2535 418; x_wconf 71' lang='lat' dir='ltr'>ALEXANDBINI</span> 
     </span>
    </p>
   </div>
   <div class='ocr_carea' id='block_1_3' title="bbox 3636 363 3784 421">
    <p class='ocr_par' dir='ltr' id='par_1_3' title="bbox 3636 363 3784 421">
     <span class='ocr_line' id='line_1_3' title="bbox 3636 363 3784 421; baseline -0.027 0"><span class='ocrx_word' id='word_1_4' title='bbox 3636 363 3784 421; x_wconf 82' lang='grc'>1108</span> 
     </span>
    </p>
   </div>
   <div class='ocr_carea' id='block_1_4' title="bbox 365 478 2049 560">
    <p class='ocr_par' dir='ltr' id='par_1_4' title="bbox 365 483 2049 560">
     <span class='ocr_line' id='line_1_4' title="bbox 365 483 2049 560; baseline -0.004 -16"><span class='ocrx_word' id='word_1_5' title='bbox 365 505 492 544; x_wconf 91' lang='lat' dir='ltr'>rem</span> <span class='ocrx_word' id='word_1_6' title='bbox 523 486 613 542; x_wconf 85' lang='lat' dir='ltr'>vel</span> <span class='ocrx_word' id='word_1_7' title='bbox 637 486 840 559; x_wconf 84' lang='lat' dir='ltr'>populi</span> <span class='ocrx_word' id='word_1_8' title='bbox 865 486 1217 560; x_wconf 85' lang='lat' dir='ltr'>principem,</span> <span class='ocrx_word' id='word_1_9' title='bbox 1241 485 1594 558; x_wconf 84' lang='lat' dir='ltr'>insipientes</span> <span class='ocrx_word' id='word_1_10' title='bbox 1617 490 1673 540; x_wconf 90' lang='lat' dir='ltr'>et</span> <span class='ocrx_word' id='word_1_11' title='bbox 1697 483 2017 556; x_wconf 80' lang='lat' dir='ltr'>sapientes,</span> <span class='ocrx_word' id='word_1_12' title='bbox 2046 540 2049 548; x_wconf 31' lang='lat'>,</span> 
     </span>
    </p>
   </div>
   <div class='ocr_carea' id='block_1_5' title="bbox 2159 478 3785 560">
    <p class='ocr_par' dir='ltr' id='par_1_5' title="bbox 2159 478 3785 560">
     <span class='ocr_line' id='line_1_5' title="bbox 2159 478 3785 560; baseline 0.006 -30"><span class='ocrx_word' id='word_1_13' title='bbox 2159 485 2485 554; x_wconf 69' lang='grc' dir='ltr'>φονοῦντας,</span> <span class='ocrx_word' id='word_1_14' title='bbox 2543 478 2786 553; x_wconf 86' lang='grc' dir='ltr'>θηλείας,</span> <span class='ocrx_word' id='word_1_15' title='bbox 2835 480 3083 558; x_wconf 73' lang='grc' dir='ltr'>ἄρσενας,</span> <span class='ocrx_word' id='word_1_16' title='bbox 3138 482 3479 560; x_wconf 74' lang='grc' dir='ltr'>ἐλευθέρους,</span> <span class='ocrx_word' id='word_1_17' title='bbox 3520 482 3785 547; x_wconf 84' lang='grc' dir='ltr'>δούλους.</span> 
     </span>
    </p>
   </div>
   <div class='ocr_carea' id='block_1_6' title="bbox 366 573 2022 646">
    <p class='ocr_par' dir='ltr' id='par_1_6' title="bbox 366 573 2022 646">
     <span class='ocr_line' id='line_1_6' title="bbox 366 573 2022 646; baseline -0.003 -15"><span class='ocrx_word' id='word_1_18' title='bbox 366 577 619 632; x_wconf 82' lang='lat' dir='ltr'>feminas</span> <span class='ocrx_word' id='word_1_19' title='bbox 655 579 713 630; x_wconf 86' lang='lat' dir='ltr'>et</span> <span class='ocrx_word' id='word_1_20' title='bbox 741 576 1061 646; x_wconf 87' lang='lat' dir='ltr'>masculos,</span> <span class='ocrx_word' id='word_1_21' title='bbox 1104 575 1346 646; x_wconf 90' lang='lat' dir='ltr'>liberos,</span> <span class='ocrx_word' id='word_1_22' title='bbox 1399 592 1617 631; x_wconf 87' lang='lat' dir='ltr'>servos.</span> <span class='ocrx_word' id='word_1_23' title='bbox 1665 573 1775 629; x_wconf 90' lang='lat' dir='ltr'>Sed</span> <span class='ocrx_word' id='word_1_24' title='bbox 1827 588 2022 643; x_wconf 88' lang='lat' dir='ltr'>neque</span> 
     </span>
    </p>
   </div>
   <div class='ocr_carea' id='block_1_7' title="bbox 368 663 2022 721">
    <p class='ocr_par' dir='ltr' id='par_1_7' title="bbox 368 663 2022 721">
     <span class='ocr_line' id='line_1_7' title="bbox 368 663 2022 721; baseline -0.004 0"><span class='ocrx_word' id='word_1_25' title='bbox 368 683 538 721; x_wconf 90' lang='lat' dir='ltr'>secus</span> <span class='ocrx_word' id='word_1_26' title='bbox 566 665 709 721; x_wconf 94' lang='lat' dir='ltr'>facit</span> <span class='ocrx_word' id='word_1_27' title='bbox 739 665 800 720; x_wconf 92' lang='lat' dir='ltr'>in</span> <span class='ocrx_word' id='word_1_28' title='bbox 824 666 1034 721; x_wconf 78' lang='lat' dir='ltr'>brutis.</span> <span class='ocrx_word' id='word_1_29' title='bbox 1063 667 1202 721; x_wconf 87' lang='lat' dir='ltr'>Cum</span> <span class='ocrx_word' id='word_1_30' title='bbox 1234 670 1430 720; x_wconf 89' lang='lat' dir='ltr'>autem</span> <span class='ocrx_word' id='word_1_31' title='bbox 1455 663 1733 719; x_wconf 86' lang='lat' dir='ltr'>omnibus</span> <span class='ocrx_word' id='word_1_32' title='bbox 1753 663 2022 718; x_wconf 88' lang='lat' dir='ltr'>animan-</span> 
     </span>
    </p>
   </div>
   <div class='ocr_carea' id='block_1_8' title="bbox 370 751 2028 826">
    <p class='ocr_par' dir='ltr' id='par_1_8' title="bbox 370 751 2028 826">
     <span class='ocr_line' id='line_1_8' title="bbox 370 751 2028 826; baseline -0.004 -17"><span class='ocrx_word' id='word_1_33' title='bbox 370 754 527 810; x_wconf 87' lang='lat' dir='ltr'>tibus</span> <span class='ocrx_word' id='word_1_34' title='bbox 558 771 725 825; x_wconf 67' lang='lat' dir='ltr'>aaque</span> <span class='ocrx_word' id='word_1_35' title='bbox 757 754 956 826; x_wconf 90' lang='lat' dir='ltr'>ipsum</span> <span class='ocrx_word' id='word_1_36' title='bbox 988 771 1366 810; x_wconf 86' lang='lat' dir='ltr'>communem</span> <span class='ocrx_word' id='word_1_37' title='bbox 1416 753 1712 821; x_wconf 75' lang='lat' dir='ltr'>effuderit,</span> <span class='ocrx_word' id='word_1_38' title='bbox 1762 751 1935 805; x_wconf 84' lang='lat' dir='ltr'>bonis</span> <span class='ocrx_word' id='word_1_39' title='bbox 1969 753 2028 803; x_wconf 90' lang='lat' dir='ltr'>et</span> 
     </span>
    </p>
   </div>
   <div class='ocr_carea' id='block_1_9' title="bbox 368 839 2029 916">
    <p class='ocr_par' dir='ltr' id='par_1_9' title="bbox 368 839 2029 916">
     <span class='ocr_line' id='line_1_9' title="bbox 368 839 2029 916; baseline -0.004 -17"><span class='ocrx_word' id='word_1_40' title='bbox 368 844 544 900; x_wconf 90' lang='lat' dir='ltr'>malis</span> <span class='ocrx_word' id='word_1_41' title='bbox 567 845 868 916; x_wconf 85' lang='lat' dir='ltr'>justitiam</span> <span class='ocrx_word' id='word_1_42' title='bbox 902 860 1068 899; x_wconf 88' lang='lat' dir='ltr'>suam</span> <span class='ocrx_word' id='word_1_43' title='bbox 1101 844 1436 913; x_wconf 81' lang='lat' dir='ltr'>confirmat,</span> <span class='ocrx_word' id='word_1_44' title='bbox 1467 858 1602 898; x_wconf 91' lang='lat' dir='ltr'>cum</span> <span class='ocrx_word' id='word_1_45' title='bbox 1632 856 1807 895; x_wconf 89' lang='lat' dir='ltr'>nemo</span> <span class='ocrx_word' id='word_1_46' title='bbox 1840 839 2029 912; x_wconf 89' lang='lat' dir='ltr'>possit</span> 
     </span>
    </p>
   </div>
   <div class='ocr_carea' id='block_1_10' title="bbox 373 927 2027 1005">
    <p class='ocr_par' dir='ltr' id='par_1_10' title="bbox 373 927 2027 1005">
     <span class='ocr_line' id='line_1_10' title="bbox 373 927 2027 1005; baseline -0.005 -17"><span class='ocrx_word' id='word_1_47' title='bbox 373 933 508 1005; x_wconf 90' lang='lat' dir='ltr'>plus</span> <span class='ocrx_word' id='word_1_48' title='bbox 541 934 780 1002; x_wconf 89' lang='lat' dir='ltr'>habere,</span> <span class='ocrx_word' id='word_1_49' title='bbox 815 950 1008 1004; x_wconf 89' lang='lat' dir='ltr'>neque</span> <span class='ocrx_word' id='word_1_50' title='bbox 1042 933 1274 988; x_wconf 84' lang='lat' dir='ltr'>auferre</span> <span class='ocrx_word' id='word_1_51' title='bbox 1304 947 1338 988; x_wconf 90' lang='lat' dir='ltr'>a</span> <span class='ocrx_word' id='word_1_52' title='bbox 1367 932 1659 1004; x_wconf 84' lang='lat' dir='ltr'>proximo,</span> <span class='ocrx_word' id='word_1_53' title='bbox 1693 934 1760 984; x_wconf 92' lang='lat' dir='ltr'>ut</span> <span class='ocrx_word' id='word_1_54' title='bbox 1789 929 1914 1000; x_wconf 90' lang='lat' dir='ltr'>ipse</span> <span class='ocrx_word' id='word_1_55' title='bbox 1945 927 2027 981; x_wconf 87' lang='lat' dir='ltr'>il-</span> 
     </span>
    </p>
   </div>
   <div class='ocr_carea' id='block_1_11' title="bbox 374 1017 2030 1093">
    <p class='ocr_par' dir='ltr' id='par_1_11' title="bbox 374 1017 2030 1093">
     <span class='ocr_line' id='line_1_11' title="bbox 374 1017 2030 1093; baseline -0.004 -17"><span class='ocrx_word' id='word_1_56' title='bbox 374 1022 490 1077; x_wconf 91' lang='lat' dir='ltr'>lius</span> <span class='ocrx_word' id='word_1_57' title='bbox 519 1022 714 1077; x_wconf 88' lang='lat' dir='ltr'>lucem</span> <span class='ocrx_word' id='word_1_58' title='bbox 746 1022 962 1078; x_wconf 88' lang='lat' dir='ltr'>habeat</span> <span class='ocrx_word' id='word_1_59' title='bbox 993 1021 1375 1093; x_wconf 85' lang='lat' dir='ltr'>duplicatam.</span> <span class='ocrx_word' id='word_1_60' title='bbox 1423 1020 1518 1075; x_wconf 91' lang='lat' dir='ltr'>Sol</span> <span class='ocrx_word' id='word_1_61' title='bbox 1565 1020 1706 1074; x_wconf 82' lang='lat' dir='ltr'>facit</span> <span class='ocrx_word' id='word_1_62' title='bbox 1751 1017 2030 1072; x_wconf 88' lang='lat' dir='ltr'>omnibus</span> 
     </span>
    </p>
   </div>
   <div class='ocr_carea' id='block_1_12' title="bbox 376 1108 2029 1174">
    <p class='ocr_par' dir='ltr' id='par_1_12' title="bbox 376 1108 2029 1174">
     <span class='ocr_line' id='line_1_12' title="bbox 376 1108 2029 1174; baseline -0.003 -9"><span class='ocrx_word' id='word_1_63' title='bbox 376 1110 785 1167; x_wconf 84' lang='lat' dir='ltr'>animantibus</span> <span class='ocrx_word' id='word_1_64' title='bbox 816 1111 1163 1166; x_wconf 90' lang='lat' dir='ltr'>communia</span> <span class='ocrx_word' id='word_1_65' title='bbox 1194 1109 1408 1164; x_wconf 84' lang='lat' dir='ltr'>exoriri</span> <span class='ocrx_word' id='word_1_66' title='bbox 1440 1108 1827 1174; x_wconf 90' lang='lat' dir='ltr'>nutrimenta,</span> <span class='ocrx_word' id='word_1_67' title='bbox 1860 1121 2029 1161; x_wconf 90' lang='lat' dir='ltr'>com-</span> 
     </span>
    </p>
   </div>
   <div class='ocr_carea' id='block_1_13' title="bbox 374 1195 2030 1270">
    <p class='ocr_par' dir='ltr' id='par_1_13' title="bbox 374 1195 2030 1270">
     <span class='ocr_line' id='line_1_13' title="bbox 374 1195 2030 1270; baseline -0.004 -15"><span class='ocrx_word' id='word_1_68' title='bbox 374 1199 543 1255; x_wconf 91' lang='lat' dir='ltr'>muni</span> <span class='ocrx_word' id='word_1_69' title='bbox 579 1199 816 1270; x_wconf 87' lang='lat' dir='ltr'>justitia</span> <span class='ocrx_word' id='word_1_70' title='bbox 864 1216 935 1255; x_wconf 85' lang='lat' dir='ltr'>ex</span> <span class='ocrx_word' id='word_1_71' title='bbox 964 1216 1134 1269; x_wconf 65' lang='lat' dir='ltr'>aequo</span> <span class='ocrx_word' id='word_1_72' title='bbox 1165 1198 1304 1254; x_wconf 90' lang='lat' dir='ltr'>data</span> <span class='ocrx_word' id='word_1_73' title='bbox 1350 1196 1665 1252; x_wconf 89' lang='lat' dir='ltr'>omnibus:</span> <span class='ocrx_word' id='word_1_74' title='bbox 1715 1201 1775 1251; x_wconf 88' lang='lat' dir='ltr'>et</span> <span class='ocrx_word' id='word_1_75' title='bbox 1813 1195 1885 1250; x_wconf 91' lang='lat' dir='ltr'>ad</span> <span class='ocrx_word' id='word_1_76' title='bbox 1935 1209 2030 1266; x_wconf 90' lang='lat' dir='ltr'>ea,</span> 
     </span>
    </p>
   </div>
   <div class='ocr_carea' id='block_1_14' title="bbox 377 1285 2032 1360">
    <p class='ocr_par' dir='ltr' id='par_1_14' title="bbox 377 1285 2032 1360">
     <span class='ocr_line' id='line_1_14' title="bbox 377 1285 2032 1360; baseline -0.004 -17"><span class='ocrx_word' id='word_1_77' title='bbox 377 1304 508 1359; x_wconf 72' lang='lat' dir='ltr'>qua)</span> <span class='ocrx_word' id='word_1_78' title='bbox 568 1292 708 1343; x_wconf 91' lang='lat' dir='ltr'>sunt</span> <span class='ocrx_word' id='word_1_79' title='bbox 754 1288 1121 1360; x_wconf 89' lang='lat' dir='ltr'>hujusmodi,</span> <span class='ocrx_word' id='word_1_80' title='bbox 1179 1286 1456 1342; x_wconf 85' lang='lat' dir='ltr'>similiter</span> <span class='ocrx_word' id='word_1_81' title='bbox 1513 1302 1574 1341; x_wconf 90' lang='lat' dir='ltr'>se</span> <span class='ocrx_word' id='word_1_82' title='bbox 1623 1285 1802 1340; x_wconf 87' lang='lat' dir='ltr'>habet</span> <span class='ocrx_word' id='word_1_83' title='bbox 1848 1299 2032 1356; x_wconf 87' lang='lat' dir='ltr'>genus</span> 
     </span>
    </p>
   </div>
   <div class='ocr_carea' id='block_1_15' title="bbox 377 1375 2036 1449">
    <p class='ocr_par' dir='ltr' id='par_1_15' title="bbox 377 1375 2036 1449">
     <span class='ocr_line' id='line_1_15' title="bbox 377 1375 2036 1449; baseline -0.004 -17"><span class='ocrx_word' id='word_1_84' title='bbox 377 1377 580 1449; x_wconf 90' lang='lat' dir='ltr'>boum,</span> <span class='ocrx_word' id='word_1_85' title='bbox 612 1383 678 1433; x_wconf 90' lang='lat' dir='ltr'>ut</span> <span class='ocrx_word' id='word_1_86' title='bbox 705 1378 920 1446; x_wconf 80' lang='lat' dir='ltr'>boves;</span> <span class='ocrx_word' id='word_1_87' title='bbox 955 1384 1014 1433; x_wconf 90' lang='lat' dir='ltr'>et</span> <span class='ocrx_word' id='word_1_88' title='bbox 1043 1393 1242 1447; x_wconf 89' lang='lat' dir='ltr'>suum,</span> <span class='ocrx_word' id='word_1_89' title='bbox 1270 1383 1336 1432; x_wconf 89' lang='lat' dir='ltr'>ut</span> <span class='ocrx_word' id='word_1_90' title='bbox 1380 1391 1556 1443; x_wconf 88' lang='lat' dir='ltr'>sues;</span> <span class='ocrx_word' id='word_1_91' title='bbox 1592 1379 1650 1430; x_wconf 90' lang='lat' dir='ltr'>et</span> <span class='ocrx_word' id='word_1_92' title='bbox 1697 1375 1914 1441; x_wconf 88' lang='lat' dir='ltr'>ovium,</span> <span class='ocrx_word' id='word_1_93' title='bbox 1969 1376 2036 1427; x_wconf 93' lang='lat' dir='ltr'>ut</span> 
     </span>
    </p>
   </div>
   <div class='ocr_carea' id='block_1_16' title="bbox 377 1463 2034 1540">
    <p class='ocr_par' dir='ltr' id='par_1_16' title="bbox 377 1463 2034 1540">
     <span class='ocr_line' id='line_1_16' title="bbox 377 1463 2034 1540; baseline -0.004 -17"><span class='ocrx_word' id='word_1_94' title='bbox 377 1484 551 1538; x_wconf 88' lang='lat' dir='ltr'>oves;</span> <span class='ocrx_word' id='word_1_95' title='bbox 587 1473 647 1523; x_wconf 89' lang='lat' dir='ltr'>et</span> <span class='ocrx_word' id='word_1_96' title='bbox 675 1467 910 1540; x_wconf 85' lang='lat' dir='ltr'>reliqua</span> <span class='ocrx_word' id='word_1_97' title='bbox 940 1469 1164 1525; x_wconf 89' lang='lat' dir='ltr'>omnia.</span> <span class='ocrx_word' id='word_1_98' title='bbox 1198 1467 1436 1524; x_wconf 87' lang='lat' dir='ltr'>Justitia</span> <span class='ocrx_word' id='word_1_99' title='bbox 1465 1465 1623 1522; x_wconf 91' lang='lat' dir='ltr'>enim</span> <span class='ocrx_word' id='word_1_100' title='bbox 1657 1464 1716 1519; x_wconf 91' lang='lat' dir='ltr'>in</span> <span class='ocrx_word' id='word_1_101' title='bbox 1747 1463 1820 1518; x_wconf 93' lang='lat' dir='ltr'>iis</span> <span class='ocrx_word' id='word_1_102' title='bbox 1849 1477 2034 1534; x_wconf 87' lang='lat' dir='ltr'>appa-</span> 
     </span>
    </p>
   </div>
   <div class='ocr_carea' id='block_1_17' title="bbox 378 1551 2034 1627">
    <p class='ocr_par' dir='ltr' id='par_1_17' title="bbox 378 1551 2034 1627">
     <span class='ocr_line' id='line_1_17' title="bbox 378 1551 2034 1627; baseline -0.006 -13"><span class='ocrx_word' id='word_1_103' title='bbox 378 1563 470 1614; x_wconf 90' lang='lat' dir='ltr'>ret</span> <span class='ocrx_word' id='word_1_104' title='bbox 500 1574 629 1614; x_wconf 89' lang='lat' dir='ltr'>esse</span> <span class='ocrx_word' id='word_1_105' title='bbox 663 1558 1085 1613; x_wconf 89' lang='lat' dir='ltr'>communitas.</span> <span class='ocrx_word' id='word_1_106' title='bbox 1127 1555 1351 1612; x_wconf 89' lang='lat' dir='ltr'>Deinde</span> <span class='ocrx_word' id='word_1_107' title='bbox 1390 1572 1498 1627; x_wconf 90' lang='lat' dir='ltr'>per</span> <span class='ocrx_word' id='word_1_108' title='bbox 1546 1551 2034 1609; x_wconf 88' lang='lat' dir='ltr'>communitatem</span> 
     </span>
    </p>
   </div>
   <div class='ocr_carea' id='block_1_18' title="bbox 381 1642 2034 1718">
    <p class='ocr_par' dir='ltr' id='par_1_18' title="bbox 381 1642 2034 1718">
     <span class='ocr_line' id='line_1_18' title="bbox 381 1642 2034 1718; baseline -0.006 -14"><span class='ocrx_word' id='word_1_109' title='bbox 381 1648 583 1704; x_wconf 90' lang='lat' dir='ltr'>omnia</span> <span class='ocrx_word' id='word_1_110' title='bbox 613 1647 892 1701; x_wconf 88' lang='lat' dir='ltr'>similiter</span> <span class='ocrx_word' id='word_1_111' title='bbox 914 1645 1243 1702; x_wconf 91' lang='lat' dir='ltr'>secundum</span> <span class='ocrx_word' id='word_1_112' title='bbox 1266 1661 1372 1700; x_wconf 89' lang='lat' dir='ltr'>sua</span> <span class='ocrx_word' id='word_1_113' title='bbox 1403 1659 1622 1718; x_wconf 90' lang='lat' dir='ltr'>genera</span> <span class='ocrx_word' id='word_1_114' title='bbox 1642 1642 2034 1710; x_wconf 86' lang='lat' dir='ltr'>seminantur,</span> 
     </span>
    </p>
   </div>
   <div class='ocr_carea' id='block_1_19' title="bbox 384 1728 2038 1802">
    <p class='ocr_par' dir='ltr' id='par_1_19' title="bbox 384 1728 2038 1802">
     <span class='ocr_line' id='line_1_19' title="bbox 384 1728 2038 1802; baseline -0.005 -12"><span class='ocrx_word' id='word_1_115' title='bbox 384 1741 442 1790; x_wconf 91' lang='lat' dir='ltr'>et</span> <span class='ocrx_word' id='word_1_116' title='bbox 462 1750 777 1790; x_wconf 91' lang='lat' dir='ltr'>commune</span> <span class='ocrx_word' id='word_1_117' title='bbox 794 1734 1227 1790; x_wconf 88' lang='lat' dir='ltr'>nutrimentum</span> <span class='ocrx_word' id='word_1_118' title='bbox 1257 1733 1451 1788; x_wconf 87' lang='lat' dir='ltr'>editur</span> <span class='ocrx_word' id='word_1_119' title='bbox 1469 1732 1634 1786; x_wconf 90' lang='lat' dir='ltr'>humi</span> <span class='ocrx_word' id='word_1_120' title='bbox 1657 1728 2038 1802; x_wconf 90' lang='lat' dir='ltr'>pascentibus</span> 
     </span>
    </p>
   </div>
   <div class='ocr_carea' id='block_1_20' title="bbox 2130 567 3787 646">
    <p class='ocr_par' dir='ltr' id='par_1_20' title="bbox 2130 567 3787 646">
     <span class='ocr_line' id='line_1_20' title="bbox 2130 567 3787 646; baseline 0.002 -20"><span class='ocrx_word' id='word_1_121' title='bbox 2130 569 2288 626; x_wconf 71' lang='grc' dir='ltr'>Ἀλλ’</span> <span class='ocrx_word' id='word_1_122' title='bbox 2320 567 2445 624; x_wconf 71' lang='grc' dir='ltr'>ούδὶ</span> <span class='ocrx_word' id='word_1_123' title='bbox 2473 574 2584 624; x_wconf 89' lang='grc' dir='ltr'>τῶν</span> <span class='ocrx_word' id='word_1_124' title='bbox 2623 569 2836 646; x_wconf 82' lang='grc' dir='ltr'>ἀλόγων</span> <span class='ocrx_word' id='word_1_125' title='bbox 2892 571 3039 646; x_wconf 83' lang='grc' dir='ltr'>παρὰ</span> <span class='ocrx_word' id='word_1_126' title='bbox 3088 577 3248 628; x_wconf 78' lang='grc' dir='ltr'>τοῦτο</span> <span class='ocrx_word' id='word_1_127' title='bbox 3300 573 3540 629; x_wconf 77' lang='grc' dir='ltr'>ποιεῖταί</span> <span class='ocrx_word' id='word_1_128' title='bbox 3570 593 3645 628; x_wconf 86' lang='grc' dir='ltr'>τι·</span> <span class='ocrx_word' id='word_1_129' title='bbox 3681 580 3787 628; x_wconf 72' lang='grc' dir='ltr'>πᾶ-</span> 
     </span>
    </p>
   </div>
   <div class='ocr_carea' id='block_1_21' title="bbox 2129 655 3786 738">
    <p class='ocr_par' dir='ltr' id='par_1_21' title="bbox 2129 655 3786 738">
     <span class='ocr_line' id='line_1_21' title="bbox 2129 655 3786 738; baseline 0.002 -26"><span class='ocrx_word' id='word_1_130' title='bbox 2129 679 2180 712; x_wconf 93' lang='grc' dir='ltr'>σι</span> <span class='ocrx_word' id='word_1_131' title='bbox 2213 655 2271 712; x_wconf 78' lang='grc' dir='ltr'>δὶ</span> <span class='ocrx_word' id='word_1_132' title='bbox 2300 657 2492 729; x_wconf 84' lang='grc' dir='ltr'>ἐπίσης</span> <span class='ocrx_word' id='word_1_133' title='bbox 2522 663 2641 721; x_wconf 89' lang='grc' dir='ltr'>τοῖς</span> <span class='ocrx_word' id='word_1_134' title='bbox 2673 659 2834 727; x_wconf 82' lang='grc' dir='ltr'>ζώοις</span> <span class='ocrx_word' id='word_1_135' title='bbox 2863 660 3045 716; x_wconf 87' lang='grc' dir='ltr'>κοινὸν</span> <span class='ocrx_word' id='word_1_136' title='bbox 3087 661 3248 716; x_wconf 80' lang='grc' dir='ltr'>αὐτὸν</span> <span class='ocrx_word' id='word_1_137' title='bbox 3303 661 3498 738; x_wconf 71' lang='grc' dir='ltr'>ἐκχέας</span> <span class='ocrx_word' id='word_1_138' title='bbox 3562 660 3786 732; x_wconf 71' lang='grc' dir='ltr'>ἄνωθεν,</span> 
     </span>
    </p>
   </div>
   <div class='ocr_carea' id='block_1_22' title="bbox 2129 745 3790 825">
    <p class='ocr_par' dir='ltr' id='par_1_22' title="bbox 2129 745 3790 825">
     <span class='ocr_line' id='line_1_22' title="bbox 2129 745 3790 825; baseline 0.004 -26"><span class='ocrx_word' id='word_1_139' title='bbox 2129 745 2350 822; x_wconf 76' lang='grc' dir='ltr'>ἀγαθοῖς</span> <span class='ocrx_word' id='word_1_140' title='bbox 2378 767 2436 802; x_wconf 78' lang='grc' dir='ltr'>τε</span> <span class='ocrx_word' id='word_1_141' title='bbox 2464 747 2553 802; x_wconf 83' lang='grc' dir='ltr'>καὶ</span> <span class='ocrx_word' id='word_1_142' title='bbox 2581 748 2838 824; x_wconf 76' lang='grc' dir='ltr'>φαύλοις,</span> <span class='ocrx_word' id='word_1_143' title='bbox 2879 747 3225 820; x_wconf 86' lang='grc' dir='ltr'>δικαιοσύνην</span> <span class='ocrx_word' id='word_1_144' title='bbox 3257 749 3509 824; x_wconf 70' lang='grc' dir='ltr'>ἆμπεδοῖ,</span> <span class='ocrx_word' id='word_1_145' title='bbox 3547 749 3790 825; x_wconf 80' lang='grc' dir='ltr'>μηδενὸς</span> 
     </span>
    </p>
   </div>
   <div class='ocr_carea' id='block_1_23' title="bbox 2133 832 3794 917">
    <p class='ocr_par' dir='ltr' id='par_1_23' title="bbox 2133 832 3794 917">
     <span class='ocr_line' id='line_1_23' title="bbox 2133 832 3794 917; baseline 0.004 -28"><span class='ocrx_word' id='word_1_146' title='bbox 2133 832 2435 909; x_wconf 75' lang='grc' dir='ltr'>δυναμένου</span> <span class='ocrx_word' id='word_1_147' title='bbox 2469 837 2661 892; x_wconf 90' lang='grc' dir='ltr'>πλεῖον</span> <span class='ocrx_word' id='word_1_148' title='bbox 2709 835 2882 913; x_wconf 70' lang='grc' dir='ltr'>ἔχειν,</span> <span class='ocrx_word' id='word_1_149' title='bbox 2937 836 3078 911; x_wconf 78' lang='grc' dir='ltr'>μηδὲ</span> <span class='ocrx_word' id='word_1_150' title='bbox 3126 840 3472 917; x_wconf 73' lang='grc' dir='ltr'>ἀφαιρεῖσθαι</span> <span class='ocrx_word' id='word_1_151' title='bbox 3520 841 3615 896; x_wconf 89' lang='grc' dir='ltr'>τὸν</span> <span class='ocrx_word' id='word_1_152' title='bbox 3647 840 3794 910; x_wconf 82' lang='grc' dir='ltr'>πλη-</span> 
     </span>
    </p>
   </div>
   <div class='ocr_carea' id='block_1_24' title="bbox 2132 923 3792 1006">
    <p class='ocr_par' dir='ltr' id='par_1_24' title="bbox 2132 923 3792 1006">
     <span class='ocr_line' id='line_1_24' title="bbox 2132 923 3792 1006; baseline 0.005 -28"><span class='ocrx_word' id='word_1_153' title='bbox 2132 945 2270 994; x_wconf 90' lang='grc' dir='ltr'>σιον,</span> <span class='ocrx_word' id='word_1_154' title='bbox 2308 923 2382 978; x_wconf 69' lang='grc' dir='ltr'>’ἶν’</span> <span class='ocrx_word' id='word_1_155' title='bbox 2437 925 2597 989; x_wconf 78' lang='grc' dir='ltr'>αὐτὸς</span> <span class='ocrx_word' id='word_1_156' title='bbox 2649 927 2711 981; x_wconf 88' lang='grc' dir='ltr'>τὸ</span> <span class='ocrx_word' id='word_1_157' title='bbox 2765 925 3015 982; x_wconf 79' lang='grc' dir='ltr'>κάκείνου</span> <span class='ocrx_word' id='word_1_158' title='bbox 3070 932 3186 1003; x_wconf 81' lang='grc' dir='ltr'>φῶς</span> <span class='ocrx_word' id='word_1_159' title='bbox 3244 926 3608 993; x_wconf 76' lang='grc' dir='ltr'>διπλασιάσας</span> <span class='ocrx_word' id='word_1_160' title='bbox 3657 929 3792 1006; x_wconf 80' lang='grc' dir='ltr'>ἔχῃ.</span> 
     </span>
    </p>
   </div>
   <div class='ocr_carea' id='block_1_25' title="bbox 2131 1013 3795 1093">
    <p class='ocr_par' dir='ltr' id='par_1_25' title="bbox 2131 1013 3795 1093">
     <span class='ocr_line' id='line_1_25' title="bbox 2131 1013 3795 1093; baseline 0.006 -26"><span class='ocrx_word' id='word_1_161' title='bbox 2131 1013 2328 1076; x_wconf 78' lang='grc' dir='ltr'>’Ἤλιος</span> <span class='ocrx_word' id='word_1_162' title='bbox 2367 1017 2552 1077; x_wconf 77' lang='grc' dir='ltr'>κοινὰς</span> <span class='ocrx_word' id='word_1_163' title='bbox 2581 1017 2784 1093; x_wconf 73' lang='grc' dir='ltr'>τροφὰς</span> <span class='ocrx_word' id='word_1_164' title='bbox 2818 1016 2981 1086; x_wconf 83' lang='grc' dir='ltr'>ζώοις</span> <span class='ocrx_word' id='word_1_165' title='bbox 3027 1017 3219 1072; x_wconf 74' lang='grc' dir='ltr'>ἅποσιν</span> <span class='ocrx_word' id='word_1_166' title='bbox 3275 1017 3594 1076; x_wconf 71' lang='grc' dir='ltr'>ἀνατέλλειν</span> <span class='ocrx_word' id='word_1_167' title='bbox 3654 1027 3795 1092; x_wconf 73' lang='grc'>(55)·</span> 
     </span>
    </p>
   </div>
   <div class='ocr_carea' id='block_1_26' title="bbox 2134 1099 3792 1180">
    <p class='ocr_par' dir='ltr' id='par_1_26' title="bbox 2134 1099 3792 1180">
     <span class='ocr_line' id='line_1_26' title="bbox 2134 1099 3792 1180; baseline 0.005 -24"><span class='ocrx_word' id='word_1_168' title='bbox 2134 1099 2484 1175; x_wconf 77' lang='grc' dir='ltr'>δικαιοσύνης</span> <span class='ocrx_word' id='word_1_169' title='bbox 2531 1125 2592 1160; x_wconf 86' lang='grc' dir='ltr'>τε</span> <span class='ocrx_word' id='word_1_170' title='bbox 2619 1111 2721 1174; x_wconf 81' lang='grc' dir='ltr'>τῆς</span> <span class='ocrx_word' id='word_1_171' title='bbox 2751 1111 2942 1176; x_wconf 78' lang='grc' dir='ltr'>κοινῆς</span> <span class='ocrx_word' id='word_1_172' title='bbox 3001 1105 3196 1161; x_wconf 76' lang='grc' dir='ltr'>ἅπασιν</span> <span class='ocrx_word' id='word_1_173' title='bbox 3256 1107 3450 1179; x_wconf 77' lang='grc' dir='ltr'>ἐπίσης</span> <span class='ocrx_word' id='word_1_174' title='bbox 3510 1106 3792 1180; x_wconf 76' lang='grc' dir='ltr'>δοθείσης·</span> 
     </span>
    </p>
   </div>
   <div class='ocr_carea' id='block_1_27' title="bbox 2132 1191 3797 1274">
    <p class='ocr_par' dir='ltr' id='par_1_27' title="bbox 2132 1191 3797 1274">
     <span class='ocr_line' id='line_1_27' title="bbox 2132 1191 3797 1274; baseline 0.004 -28"><span class='ocrx_word' id='word_1_175' title='bbox 2132 1191 2222 1246; x_wconf 84' lang='grc' dir='ltr'>καὶ</span> <span class='ocrx_word' id='word_1_176' title='bbox 2255 1193 2332 1256; x_wconf 86' lang='grc' dir='ltr'>εἰς</span> <span class='ocrx_word' id='word_1_177' title='bbox 2376 1193 2444 1247; x_wconf 74' lang='grc' dir='ltr'>τὰ</span> <span class='ocrx_word' id='word_1_178' title='bbox 2493 1198 2720 1249; x_wconf 77' lang='grc' dir='ltr'>τοιαῦτα</span> <span class='ocrx_word' id='word_1_179' title='bbox 2752 1195 2896 1269; x_wconf 87' lang='grc' dir='ltr'>βοῶν</span> <span class='ocrx_word' id='word_1_180' title='bbox 2945 1194 3103 1270; x_wconf 88' lang='grc' dir='ltr'>γένος</span> <span class='ocrx_word' id='word_1_181' title='bbox 3159 1195 3369 1269; x_wconf 85' lang='grc' dir='ltr'>ὁμοίως</span> <span class='ocrx_word' id='word_1_182' title='bbox 3393 1197 3599 1274; x_wconf 83' lang='grc' dir='ltr'>γίνεται</span> <span class='ocrx_word' id='word_1_183' title='bbox 3632 1199 3714 1263; x_wconf 84' lang='grc' dir='ltr'>ὡς</span> <span class='ocrx_word' id='word_1_184' title='bbox 3742 1200 3797 1253; x_wconf 80' lang='grc' dir='ltr'>αἱ</span> 
     </span>
    </p>
   </div>
   <div class='ocr_carea' id='block_1_28' title="bbox 2139 1280 3802 1362">
    <p class='ocr_par' dir='ltr' id='par_1_28' title="bbox 2139 1280 3802 1362">
     <span class='ocr_line' id='line_1_28' title="bbox 2139 1280 3802 1362; baseline 0.004 -26"><span class='ocrx_word' id='word_1_185' title='bbox 2139 1280 2282 1356; x_wconf 85' lang='grc' dir='ltr'>βόες,</span> <span class='ocrx_word' id='word_1_186' title='bbox 2313 1283 2404 1336; x_wconf 81' lang='grc' dir='ltr'>καὶ</span> <span class='ocrx_word' id='word_1_187' title='bbox 2434 1287 2575 1337; x_wconf 90' lang='grc' dir='ltr'>συῶν</span> <span class='ocrx_word' id='word_1_188' title='bbox 2608 1283 2684 1346; x_wconf 83' lang='grc' dir='ltr'>ὡς</span> <span class='ocrx_word' id='word_1_189' title='bbox 2717 1284 2768 1338; x_wconf 75' lang='grc' dir='ltr'>οἱ</span> <span class='ocrx_word' id='word_1_190' title='bbox 2795 1283 2938 1354; x_wconf 81' lang='grc' dir='ltr'>σύες,</span> <span class='ocrx_word' id='word_1_191' title='bbox 2968 1287 3060 1339; x_wconf 84' lang='grc' dir='ltr'>καὶ</span> <span class='ocrx_word' id='word_1_192' title='bbox 3095 1281 3386 1362; x_wconf 74' lang='grc' dir='ltr'>προϐάτων</span> <span class='ocrx_word' id='word_1_193' title='bbox 3433 1287 3509 1350; x_wconf 86' lang='grc' dir='ltr'>ὡς</span> <span class='ocrx_word' id='word_1_194' title='bbox 3538 1289 3610 1343; x_wconf 78' lang='grc' dir='ltr'>τὰ</span> <span class='ocrx_word' id='word_1_195' title='bbox 3651 1289 3802 1362; x_wconf 78' lang='grc' dir='ltr'>πρό-</span> 
     </span>
    </p>
   </div>
   <div class='ocr_carea' id='block_1_29' title="bbox 2137 1365 3802 1451">
    <p class='ocr_par' dir='ltr' id='par_1_29' title="bbox 2137 1365 3802 1451">
     <span class='ocr_line' id='line_1_29' title="bbox 2137 1365 3802 1451; baseline 0.004 -27"><span class='ocrx_word' id='word_1_196' title='bbox 2137 1365 2294 1443; x_wconf 74' lang='grc' dir='ltr'>Εατα,</span> <span class='ocrx_word' id='word_1_197' title='bbox 2325 1371 2417 1426; x_wconf 84' lang='grc' dir='ltr'>καὶ</span> <span class='ocrx_word' id='word_1_198' title='bbox 2446 1371 2514 1426; x_wconf 80' lang='grc' dir='ltr'>τὰ</span> <span class='ocrx_word' id='word_1_199' title='bbox 2562 1368 2760 1436; x_wconf 70' lang='grc' dir='ltr'>λοιπὰ,</span> <span class='ocrx_word' id='word_1_200' title='bbox 2787 1372 2980 1428; x_wconf 81' lang='grc' dir='ltr'>πάντα·</span> <span class='ocrx_word' id='word_1_201' title='bbox 3041 1371 3354 1447; x_wconf 77' lang='grc' dir='ltr'>δικαιοσύνη</span> <span class='ocrx_word' id='word_1_202' title='bbox 3384 1375 3487 1451; x_wconf 79' lang='grc' dir='ltr'>γὰρ</span> <span class='ocrx_word' id='word_1_203' title='bbox 3518 1375 3574 1431; x_wconf 81' lang='grc' dir='ltr'>ἐν</span> <span class='ocrx_word' id='word_1_204' title='bbox 3604 1378 3802 1440; x_wconf 75' lang='grc' dir='ltr'>αὐτοῖς</span> 
     </span>
    </p>
   </div>
   <div class='ocr_carea' id='block_1_30' title="bbox 2138 1459 3801 1538">
    <p class='ocr_par' dir='ltr' id='par_1_30' title="bbox 2138 1459 3801 1538">
     <span class='ocr_line' id='line_1_30' title="bbox 2138 1459 3801 1538; baseline 0.006 -24"><span class='ocrx_word' id='word_1_205' title='bbox 2138 1459 2478 1538; x_wconf 74' lang='grc' dir='ltr'>ἀναφαίνεται</span> <span class='ocrx_word' id='word_1_206' title='bbox 2533 1464 2567 1532; x_wconf 83' lang='grc' dir='ltr'><strong>ἡ</strong></span> <span class='ocrx_word' id='word_1_207' title='bbox 2617 1463 2870 1535; x_wconf 83' lang='grc' dir='ltr'>κοινότης</span> <span class='ocrx_word' id='word_1_208' title='bbox 2907 1507 2923 1521; x_wconf 95' lang='grc'>.</span> <span class='ocrx_word' id='word_1_209' title='bbox 2994 1467 3226 1522; x_wconf 80' lang='grc' dir='ltr'>Ἔπειτα</span> <span class='ocrx_word' id='word_1_210' title='bbox 3307 1468 3444 1522; x_wconf 87' lang='grc' dir='ltr'>κατὰ</span> <span class='ocrx_word' id='word_1_211' title='bbox 3526 1467 3801 1538; x_wconf 79' lang='grc' dir='ltr'>κοιότητα</span> 
     </span>
    </p>
   </div>
   <div class='ocr_carea' id='block_1_31' title="bbox 2137 1549 3796 1630">
    <p class='ocr_par' dir='ltr' id='par_1_31' title="bbox 2137 1549 3796 1630">
     <span class='ocr_line' id='line_1_31' title="bbox 2137 1549 3796 1630; baseline 0.005 -26"><span class='ocrx_word' id='word_1_212' title='bbox 2137 1549 2311 1605; x_wconf 81' lang='grc' dir='ltr'>πάντα</span> <span class='ocrx_word' id='word_1_213' title='bbox 2341 1552 2553 1624; x_wconf 86' lang='grc' dir='ltr'>ὁμοίως</span> <span class='ocrx_word' id='word_1_214' title='bbox 2582 1553 2718 1606; x_wconf 74' lang='grc' dir='ltr'>κατὰ</span> <span class='ocrx_word' id='word_1_215' title='bbox 2753 1553 2911 1628; x_wconf 90' lang='grc' dir='ltr'>γένος</span> <span class='ocrx_word' id='word_1_216' title='bbox 2968 1552 3261 1630; x_wconf 77' lang='grc' dir='ltr'>σπείρεται·</span> <span class='ocrx_word' id='word_1_217' title='bbox 3294 1558 3472 1630; x_wconf 70' lang='grc' dir='ltr'>τροφή</span> <span class='ocrx_word' id='word_1_218' title='bbox 3531 1577 3592 1612; x_wconf 89' lang='grc' dir='ltr'>τε</span> <span class='ocrx_word' id='word_1_219' title='bbox 3630 1558 3796 1626; x_wconf 83' lang='grc' dir='ltr'>κοινή</span> 
     </span>
    </p>
   </div>
   <div class='ocr_carea' id='block_1_32' title="bbox 2139 1638 3800 1717">
    <p class='ocr_par' dir='ltr' id='par_1_32' title="bbox 2139 1638 3800 1717">
     <span class='ocr_line' id='line_1_32' title="bbox 2139 1638 3800 1717; baseline 0.005 -24"><span class='ocrx_word' id='word_1_220' title='bbox 2139 1638 2318 1714; x_wconf 81' lang='grc' dir='ltr'>χαμαὶ</span> <span class='ocrx_word' id='word_1_221' title='bbox 2375 1642 2696 1714; x_wconf 75' lang='grc' dir='ltr'>νεμομένοις</span> <span class='ocrx_word' id='word_1_222' title='bbox 2756 1642 2982 1713; x_wconf 85' lang='grc' dir='ltr'>ἀνεῖται,</span> <span class='ocrx_word' id='word_1_223' title='bbox 3042 1649 3170 1698; x_wconf 80' lang='grc' dir='ltr'>πᾶσι</span> <span class='ocrx_word' id='word_1_224' title='bbox 3227 1650 3348 1707; x_wconf 87' lang='grc' dir='ltr'>τοῖς</span> <span class='ocrx_word' id='word_1_225' title='bbox 3405 1647 3655 1717; x_wconf 72' lang='grc' dir='ltr'>κτήνεσι,</span> <span class='ocrx_word' id='word_1_226' title='bbox 3704 1647 3800 1702; x_wconf 82' lang='grc' dir='ltr'>καὶ</span> 
     </span>
    </p>
   </div>
   <div class='ocr_carea' id='block_1_33' title="bbox 2139 1727 3802 1811">
    <p class='ocr_par' dir='ltr' id='par_1_33' title="bbox 2139 1727 3802 1811">
     <span class='ocr_line' id='line_1_33' title="bbox 2139 1727 3802 1811; baseline 0.004 -28"><span class='ocrx_word' id='word_1_227' title='bbox 2139 1735 2299 1784; x_wconf 76' lang='grc' dir='ltr'>πᾶσιν</span> <span class='ocrx_word' id='word_1_228' title='bbox 2333 1729 2544 1800; x_wconf 78' lang='grc' dir='ltr'>ἐπίσης,</span> <span class='ocrx_word' id='word_1_229' title='bbox 2576 1727 2752 1786; x_wconf 81' lang='grc' dir='ltr'>οὐδενὶ</span> <span class='ocrx_word' id='word_1_230' title='bbox 2801 1731 2958 1805; x_wconf 87' lang='grc' dir='ltr'>νόμῳ</span> <span class='ocrx_word' id='word_1_231' title='bbox 3012 1732 3382 1807; x_wconf 76' lang='grc' dir='ltr'>κρατουμένη,</span> <span class='ocrx_word' id='word_1_232' title='bbox 3429 1738 3499 1808; x_wconf 77' lang='grc' dir='ltr'>τῇ</span> <span class='ocrx_word' id='word_1_233' title='bbox 3558 1732 3618 1790; x_wconf 73' lang='grc' dir='ltr'>δὲ</span> <span class='ocrx_word' id='word_1_234' title='bbox 3651 1736 3802 1811; x_wconf 77' lang='grc' dir='ltr'>παρᾶ</span> 
     </span>
    </p>
   </div>
   <div class='ocr_carea' id='block_1_34' title="bbox 378 1816 2049 1900">
    <p class='ocr_par' dir='ltr' id='par_1_34' title="bbox 378 1816 2039 1895">
     <span class='ocr_line' id='line_1_34' title="bbox 378 1816 2039 1895; baseline -0.004 -17"><span class='ocrx_word' id='word_1_235' title='bbox 378 1822 670 1895; x_wconf 90' lang='lat' dir='ltr'>jumentis</span> <span class='ocrx_word' id='word_1_236' title='bbox 702 1823 1003 1891; x_wconf 89' lang='lat' dir='ltr'>omnibus,</span> <span class='ocrx_word' id='word_1_237' title='bbox 1039 1828 1097 1878; x_wconf 89' lang='lat' dir='ltr'>et</span> <span class='ocrx_word' id='word_1_238' title='bbox 1135 1821 1410 1878; x_wconf 90' lang='lat' dir='ltr'>omnibus</span> <span class='ocrx_word' id='word_1_239' title='bbox 1444 1838 1512 1876; x_wconf 82' lang='lat' dir='ltr'>ex</span> <span class='ocrx_word' id='word_1_240' title='bbox 1543 1836 1752 1891; x_wconf 65' lang='lat' dir='ltr'>(equo;</span> <span class='ocrx_word' id='word_1_241' title='bbox 1784 1823 1849 1873; x_wconf 90' lang='lat' dir='ltr'>ut</span> <span class='ocrx_word' id='word_1_242' title='bbox 1880 1816 2039 1890; x_wconf 90' lang='lat' dir='ltr'>quod</span> 
     </span>
    </p>
   </div>
   <div class='ocr_carea' id='block_1_35' title="bbox 2159 1816 3797 1900">
    <p class='ocr_par' dir='ltr' id='par_1_35' title="bbox 2159 1816 3797 1900">
     <span class='ocr_line' id='line_1_35' title="bbox 2159 1816 3797 1900; baseline 0.003 -26"><span class='ocrx_word' id='word_1_243' title='bbox 2159 1823 2237 1874; x_wconf 78' lang='grc' dir='ltr'>τοῦ</span> <span class='ocrx_word' id='word_1_244' title='bbox 2269 1816 2515 1882; x_wconf 82' lang='grc' dir='ltr'>διδόντος</span> <span class='ocrx_word' id='word_1_245' title='bbox 2545 1817 2900 1883; x_wconf 81' lang='grc' dir='ltr'>κελεύσαντος</span> <span class='ocrx_word' id='word_1_246' title='bbox 2959 1821 3203 1898; x_wconf 79' lang='grc' dir='ltr'>χορηγίᾳ</span> <span class='ocrx_word' id='word_1_247' title='bbox 3259 1823 3569 1900; x_wconf 67' lang='grc' dir='ltr'>συμφώνως</span> <span class='ocrx_word' id='word_1_248' title='bbox 3628 1825 3797 1879; x_wconf 75' lang='grc' dir='ltr'>ἅπασι</span> 
     </span>
    </p>
   </div>
   <div class='ocr_carea' id='block_1_36' title="bbox 385 1907 2034 1985">
    <p class='ocr_par' dir='ltr' id='par_1_36' title="bbox 385 1907 2034 1985">
     <span class='ocr_line' id='line_1_36' title="bbox 385 1907 2034 1985; baseline -0.005 -17"><span class='ocrx_word' id='word_1_249' title='bbox 385 1913 554 1968; x_wconf 90' lang='lat' dir='ltr'>nulla</span> <span class='ocrx_word' id='word_1_250' title='bbox 580 1912 708 1985; x_wconf 91' lang='lat' dir='ltr'>lege</span> <span class='ocrx_word' id='word_1_251' title='bbox 741 1913 1253 1984; x_wconf 90' lang='lat' dir='ltr'>circumscriptum</span> <span class='ocrx_word' id='word_1_252' title='bbox 1280 1912 1377 1982; x_wconf 90' lang='lat' dir='ltr'>sit,</span> <span class='ocrx_word' id='word_1_253' title='bbox 1406 1909 1510 1965; x_wconf 89' lang='lat' dir='ltr'>sed</span> <span class='ocrx_word' id='word_1_254' title='bbox 1534 1910 1682 1982; x_wconf 83' lang='lat' dir='ltr'>ejus,</span> <span class='ocrx_word' id='word_1_255' title='bbox 1710 1908 1809 1980; x_wconf 86' lang='lat' dir='ltr'>qui</span> <span class='ocrx_word' id='word_1_256' title='bbox 1832 1907 2034 1975; x_wconf 89' lang='lat' dir='ltr'>donat,</span> 
     </span>
    </p>
   </div>
   <div class='ocr_carea' id='block_1_37' title="bbox 377 1995 2038 2074">
    <p class='ocr_par' dir='ltr' id='par_1_37' title="bbox 377 1995 2038 2074">
     <span class='ocr_line' id='line_1_37' title="bbox 377 1995 2038 2074; baseline -0.004 -17"><span class='ocrx_word' id='word_1_257' title='bbox 377 2002 648 2074; x_wconf 90' lang='lat' dir='ltr'>jubentis</span> <span class='ocrx_word' id='word_1_258' title='bbox 672 2001 1172 2074; x_wconf 90' lang='lat' dir='ltr'>suppeditatione,</span> <span class='ocrx_word' id='word_1_259' title='bbox 1200 1999 1918 2070; x_wconf 89' lang='lat' dir='ltr'>convenienterjusteque</span> <span class='ocrx_word' id='word_1_260' title='bbox 1936 1995 2038 2051; x_wconf 85' lang='lat' dir='ltr'>ad-</span> 
     </span>
    </p>
   </div>
   <div class='ocr_carea' id='block_1_38' title="bbox 389 2086 2039 2162">
    <p class='ocr_par' dir='ltr' id='par_1_38' title="bbox 389 2086 2039 2162">
     <span class='ocr_line' id='line_1_38' title="bbox 389 2086 2039 2162; baseline -0.005 -15"><span class='ocrx_word' id='word_1_261' title='bbox 389 2093 468 2148; x_wconf 88' lang='lat' dir='ltr'>sit</span> <span class='ocrx_word' id='word_1_262' title='bbox 501 2091 799 2147; x_wconf 90' lang='lat' dir='ltr'>omnibus.</span> <span class='ocrx_word' id='word_1_263' title='bbox 835 2090 948 2146; x_wconf 89' lang='lat' dir='ltr'>Sed</span> <span class='ocrx_word' id='word_1_264' title='bbox 977 2108 1171 2162; x_wconf 88' lang='lat' dir='ltr'>neque</span> <span class='ocrx_word' id='word_1_265' title='bbox 1202 2089 1570 2162; x_wconf 88' lang='lat' dir='ltr'>generationi</span> <span class='ocrx_word' id='word_1_266' title='bbox 1601 2089 1796 2160; x_wconf 90' lang='lat' dir='ltr'>posita</span> <span class='ocrx_word' id='word_1_267' title='bbox 1816 2093 1905 2141; x_wconf 89' lang='lat' dir='ltr'>est</span> <span class='ocrx_word' id='word_1_268' title='bbox 1925 2086 2039 2153; x_wconf 87' lang='lat' dir='ltr'>lex,</span> 
     </span>
    </p>
   </div>
   <div class='ocr_carea' id='block_1_39' title="bbox 389 2173 2040 2251">
    <p class='ocr_par' dir='ltr' id='par_1_39' title="bbox 389 2173 2040 2251">
     <span class='ocr_line' id='line_1_39' title="bbox 389 2173 2040 2251; baseline -0.004 -16"><span class='ocrx_word' id='word_1_269' title='bbox 389 2185 548 2236; x_wconf 89' lang='lat' dir='ltr'>esset</span> <span class='ocrx_word' id='word_1_270' title='bbox 579 2180 740 2235; x_wconf 92' lang='lat' dir='ltr'>enim</span> <span class='ocrx_word' id='word_1_271' title='bbox 765 2179 998 2251; x_wconf 89' lang='lat' dir='ltr'>jamdiu</span> <span class='ocrx_word' id='word_1_272' title='bbox 1025 2178 1286 2234; x_wconf 89' lang='lat' dir='ltr'>abolita:</span> <span class='ocrx_word' id='word_1_273' title='bbox 1322 2194 1390 2233; x_wconf 85' lang='lat' dir='ltr'>ex</span> <span class='ocrx_word' id='word_1_274' title='bbox 1417 2194 1588 2248; x_wconf 83' lang='lat' dir='ltr'>aequo</span> <span class='ocrx_word' id='word_1_275' title='bbox 1632 2181 1831 2232; x_wconf 90' lang='lat' dir='ltr'>autem</span> <span class='ocrx_word' id='word_1_276' title='bbox 1863 2173 2040 2229; x_wconf 88' lang='lat' dir='ltr'>semi-</span> 
     </span>
    </p>
   </div>
   <div class='ocr_carea' id='block_1_40' title="bbox 393 2264 2041 2340">
    <p class='ocr_par' dir='ltr' id='par_1_40' title="bbox 393 2264 2041 2340">
     <span class='ocr_line' id='line_1_40' title="bbox 393 2264 2041 2340; baseline -0.004 -16"><span class='ocrx_word' id='word_1_277' title='bbox 393 2273 542 2324; x_wconf 91' lang='lat' dir='ltr'>nant</span> <span class='ocrx_word' id='word_1_278' title='bbox 562 2272 622 2324; x_wconf 88' lang='lat' dir='ltr'>et</span> <span class='ocrx_word' id='word_1_279' title='bbox 649 2273 958 2340; x_wconf 76' lang='lat' dir='ltr'>generant,</span> <span class='ocrx_word' id='word_1_280' title='bbox 978 2267 1259 2322; x_wconf 87' lang='lat' dir='ltr'>habentia</span> <span class='ocrx_word' id='word_1_281' title='bbox 1282 2267 1553 2322; x_wconf 88' lang='lat' dir='ltr'>innatam</span> <span class='ocrx_word' id='word_1_282' title='bbox 1579 2283 1614 2321; x_wconf 91' lang='lat' dir='ltr'>a</span> <span class='ocrx_word' id='word_1_283' title='bbox 1627 2264 1863 2338; x_wconf 87' lang='lat' dir='ltr'>justitia</span> <span class='ocrx_word' id='word_1_284' title='bbox 1883 2279 2041 2319; x_wconf 91' lang='lat' dir='ltr'>com-</span> 
     </span>
    </p>
   </div>
   <div class='ocr_carea' id='block_1_41' title="bbox 392 2351 2043 2426">
    <p class='ocr_par' dir='ltr' id='par_1_41' title="bbox 392 2351 2043 2426">
     <span class='ocr_line' id='line_1_41' title="bbox 392 2351 2043 2426; baseline -0.004 -13"><span class='ocrx_word' id='word_1_285' title='bbox 392 2356 742 2413; x_wconf 90' lang='lat' dir='ltr'>munionem</span> <span class='ocrx_word' id='word_1_286' title='bbox 770 2371 783 2410; x_wconf 91' lang='lat'><strong>:</strong></span> <span class='ocrx_word' id='word_1_287' title='bbox 808 2373 879 2411; x_wconf 83' lang='lat' dir='ltr'>ex</span> <span class='ocrx_word' id='word_1_288' title='bbox 895 2371 1064 2426; x_wconf 82' lang='lat' dir='ltr'>aequo</span> <span class='ocrx_word' id='word_1_289' title='bbox 1083 2354 1484 2412; x_wconf 87' lang='lat' dir='ltr'>communiter</span> <span class='ocrx_word' id='word_1_290' title='bbox 1505 2353 1784 2411; x_wconf 90' lang='lat' dir='ltr'>omnibus</span> <span class='ocrx_word' id='word_1_291' title='bbox 1803 2351 2043 2408; x_wconf 91' lang='lat' dir='ltr'>oculum</span> 
     </span>
    </p>
   </div>
   <div class='ocr_carea' id='block_1_42' title="bbox 393 2441 2045 2516">
    <p class='ocr_par' dir='ltr' id='par_1_42' title="bbox 393 2441 2045 2516">
     <span class='ocr_line' id='line_1_42' title="bbox 393 2441 2045 2516; baseline -0.003 -15"><span class='ocrx_word' id='word_1_292' title='bbox 393 2447 467 2503; x_wconf 90' lang='lat' dir='ltr'>ad</span> <span class='ocrx_word' id='word_1_293' title='bbox 497 2445 830 2514; x_wconf 88' lang='lat' dir='ltr'>vivendum,</span> <span class='ocrx_word' id='word_1_294' title='bbox 876 2450 1107 2501; x_wconf 89' lang='lat' dir='ltr'>creator</span> <span class='ocrx_word' id='word_1_295' title='bbox 1155 2450 1215 2501; x_wconf 90' lang='lat' dir='ltr'>et</span> <span class='ocrx_word' id='word_1_296' title='bbox 1260 2451 1428 2516; x_wconf 88' lang='lat' dir='ltr'>pater</span> <span class='ocrx_word' id='word_1_297' title='bbox 1471 2444 1760 2510; x_wconf 88' lang='lat' dir='ltr'>omnium,</span> <span class='ocrx_word' id='word_1_298' title='bbox 1813 2458 1921 2498; x_wconf 86' lang='lat' dir='ltr'>sua</span> <span class='ocrx_word' id='word_1_299' title='bbox 1943 2441 2045 2513; x_wconf 89' lang='lat' dir='ltr'>ju—</span> 
     </span>
    </p>
   </div>
   <div class='ocr_carea' id='block_1_43' title="bbox 396 2531 2044 2608">
    <p class='ocr_par' dir='ltr' id='par_1_43' title="bbox 396 2531 2044 2608">
     <span class='ocr_line' id='line_1_43' title="bbox 396 2531 2044 2608; baseline -0.004 -16"><span class='ocrx_word' id='word_1_300' title='bbox 396 2537 556 2592; x_wconf 88' lang='lat' dir='ltr'>stitia</span> <span class='ocrx_word' id='word_1_301' title='bbox 584 2536 776 2608; x_wconf 82' lang='lat' dir='ltr'>legem</span> <span class='ocrx_word' id='word_1_302' title='bbox 820 2535 1041 2601; x_wconf 91' lang='lat' dir='ltr'>ferens,</span> <span class='ocrx_word' id='word_1_303' title='bbox 1090 2535 1363 2607; x_wconf 63' lang='lat' dir='ltr'>praebuit,</span> <span class='ocrx_word' id='word_1_304' title='bbox 1412 2551 1532 2590; x_wconf 89' lang='lat' dir='ltr'>non</span> <span class='ocrx_word' id='word_1_305' title='bbox 1579 2533 1927 2589; x_wconf 89' lang='lat' dir='ltr'>discernens</span> <span class='ocrx_word' id='word_1_306' title='bbox 1957 2531 2044 2586; x_wconf 89' lang='lat' dir='ltr'>fe-</span> 
     </span>
    </p>
   </div>
   <div class='ocr_carea' id='block_1_44' title="bbox 395 2622 2044 2696">
    <p class='ocr_par' dir='ltr' id='par_1_44' title="bbox 395 2622 2044 2696">
     <span class='ocr_line' id='line_1_44' title="bbox 395 2622 2044 2696; baseline -0.004 -15"><span class='ocrx_word' id='word_1_307' title='bbox 395 2626 623 2682; x_wconf 89' lang='lat' dir='ltr'>minam</span> <span class='ocrx_word' id='word_1_308' title='bbox 637 2642 671 2680; x_wconf 93' lang='lat' dir='ltr'>a</span> <span class='ocrx_word' id='word_1_309' title='bbox 683 2624 1097 2695; x_wconf 87' lang='lat' dir='ltr'>masculo,non</span> <span class='ocrx_word' id='word_1_310' title='bbox 1113 2624 1173 2678; x_wconf 92' lang='lat' dir='ltr'>id</span> <span class='ocrx_word' id='word_1_311' title='bbox 1187 2624 1345 2696; x_wconf 91' lang='lat' dir='ltr'>quod</span> <span class='ocrx_word' id='word_1_312' title='bbox 1361 2628 1451 2678; x_wconf 90' lang='lat' dir='ltr'>est</span> <span class='ocrx_word' id='word_1_313' title='bbox 1465 2623 1714 2678; x_wconf 90' lang='lat' dir='ltr'>rationis</span> <span class='ocrx_word' id='word_1_314' title='bbox 1726 2622 2044 2693; x_wconf 90' lang='lat' dir='ltr'>particeps,</span> 
     </span>
    </p>
   </div>
   <div class='ocr_carea' id='block_1_45' title="bbox 401 2709 2050 2786">
    <p class='ocr_par' dir='ltr' id='par_1_45' title="bbox 401 2709 2050 2786">
     <span class='ocr_line' id='line_1_45' title="bbox 401 2709 2050 2786; baseline -0.004 -16"><span class='ocrx_word' id='word_1_315' title='bbox 401 2715 472 2770; x_wconf 87' lang='lat' dir='ltr'>ab</span> <span class='ocrx_word' id='word_1_316' title='bbox 488 2719 725 2786; x_wconf 87' lang='lat' dir='ltr'>experte</span> <span class='ocrx_word' id='word_1_317' title='bbox 739 2713 1010 2779; x_wconf 83' lang='lat' dir='ltr'>rationis,</span> <span class='ocrx_word' id='word_1_318' title='bbox 1028 2719 1179 2782; x_wconf 90' lang='lat' dir='ltr'>et,ut</span> <span class='ocrx_word' id='word_1_319' title='bbox 1197 2713 1382 2769; x_wconf 87' lang='lat' dir='ltr'>semel</span> <span class='ocrx_word' id='word_1_320' title='bbox 1400 2712 1854 2781; x_wconf 91' lang='lat' dir='ltr'>dicam,nullum</span> <span class='ocrx_word' id='word_1_321' title='bbox 1869 2709 2050 2767; x_wconf 91' lang='lat' dir='ltr'>anul-</span> 
     </span>
    </p>
   </div>
   <div class='ocr_carea' id='block_1_46' title="bbox 401 2801 2052 2874">
    <p class='ocr_par' dir='ltr' id='par_1_46' title="bbox 401 2801 2052 2874">
     <span class='ocr_line' id='line_1_46' title="bbox 401 2801 2052 2874; baseline -0.004 -13"><span class='ocrx_word' id='word_1_322' title='bbox 401 2805 460 2861; x_wconf 92' lang='lat' dir='ltr'>lo</span> <span class='ocrx_word' id='word_1_323' title='bbox 484 2822 498 2873; x_wconf 91' lang='lat'>;</span> <span class='ocrx_word' id='word_1_324' title='bbox 535 2803 638 2860; x_wconf 91' lang='lat' dir='ltr'>sed</span> <span class='ocrx_word' id='word_1_325' title='bbox 671 2803 1010 2874; x_wconf 66' lang='lat' dir='ltr'>aequalitate</span> <span class='ocrx_word' id='word_1_326' title='bbox 1042 2808 1100 2859; x_wconf 90' lang='lat' dir='ltr'>et</span> <span class='ocrx_word' id='word_1_327' title='bbox 1117 2804 1542 2858; x_wconf 91' lang='lat' dir='ltr'>communitate</span> <span class='ocrx_word' id='word_1_328' title='bbox 1562 2803 1752 2856; x_wconf 85' lang='lat' dir='ltr'>visum</span> <span class='ocrx_word' id='word_1_329' title='bbox 1775 2801 2052 2856; x_wconf 90' lang='lat' dir='ltr'>similiter</span> 
     </span>
    </p>
   </div>
   <div class='ocr_carea' id='block_1_47' title="bbox 401 2892 2051 2964">
    <p class='ocr_par' dir='ltr' id='par_1_47' title="bbox 401 2892 2051 2964">
     <span class='ocr_line' id='line_1_47' title="bbox 401 2892 2051 2964; baseline -0.002 -14"><span class='ocrx_word' id='word_1_330' title='bbox 401 2893 693 2962; x_wconf 89' lang='lat' dir='ltr'>dividens,</span> <span class='ocrx_word' id='word_1_331' title='bbox 713 2908 832 2948; x_wconf 93' lang='lat' dir='ltr'>uno</span> <span class='ocrx_word' id='word_1_332' title='bbox 848 2893 1023 2963; x_wconf 85' lang='lat' dir='ltr'>jussu</span> <span class='ocrx_word' id='word_1_333' title='bbox 1043 2892 1320 2948; x_wconf 89' lang='lat' dir='ltr'>omnibus</span> <span class='ocrx_word' id='word_1_334' title='bbox 1341 2898 1432 2948; x_wconf 89' lang='lat' dir='ltr'>est</span> <span class='ocrx_word' id='word_1_335' title='bbox 1456 2892 1723 2964; x_wconf 89' lang='lat' dir='ltr'>largitus.</span> <span class='ocrx_word' id='word_1_336' title='bbox 1748 2892 1925 2964; x_wconf 88' lang='lat' dir='ltr'>Leges</span> <span class='ocrx_word' id='word_1_337' title='bbox 1947 2905 2051 2946; x_wconf 84' lang='lat' dir='ltr'>au-</span> 
     </span>
    </p>
   </div>
   <div class='ocr_carea' id='block_1_48' title="bbox 398 2981 2052 3054">
    <p class='ocr_par' dir='ltr' id='par_1_48' title="bbox 398 2981 2052 3054">
     <span class='ocr_line' id='line_1_48' title="bbox 398 2981 2052 3054; baseline -0.002 -16"><span class='ocrx_word' id='word_1_338' title='bbox 398 2987 541 3054; x_wconf 89' lang='lat' dir='ltr'>tem,</span> <span class='ocrx_word' id='word_1_339' title='bbox 563 2982 779 3054; x_wconf 86' lang='lat' dir='ltr'>inquit,</span> <span class='ocrx_word' id='word_1_340' title='bbox 804 2981 1138 3049; x_wconf 87' lang='lat' dir='ltr'>hominum,</span> <span class='ocrx_word' id='word_1_341' title='bbox 1164 2999 1298 3038; x_wconf 90' lang='lat' dir='ltr'>cum</span> <span class='ocrx_word' id='word_1_342' title='bbox 1315 2981 1748 3054; x_wconf 80' lang='lat' dir='ltr'>ignorationem</span> <span class='ocrx_word' id='word_1_343' title='bbox 1765 2981 2052 3052; x_wconf 89' lang='lat' dir='ltr'>castigare</span> 
     </span>
    </p>
   </div>
   <div class='ocr_carea' id='block_1_49' title="bbox 403 3070 2054 3145">
    <p class='ocr_par' dir='ltr' id='par_1_49' title="bbox 403 3070 2054 3145">
     <span class='ocr_line' id='line_1_49' title="bbox 403 3070 2054 3145; baseline -0.002 -17"><span class='ocrx_word' id='word_1_344' title='bbox 403 3090 523 3129; x_wconf 91' lang='lat' dir='ltr'>non</span> <span class='ocrx_word' id='word_1_345' title='bbox 552 3077 816 3145; x_wconf 89' lang='lat' dir='ltr'>possent,</span> <span class='ocrx_word' id='word_1_346' title='bbox 851 3076 1059 3127; x_wconf 89' lang='lat' dir='ltr'>contra</span> <span class='ocrx_word' id='word_1_347' title='bbox 1085 3071 1146 3135; x_wconf 66' lang='grc' dir='ltr'>ἰ(</span> <span class='ocrx_word' id='word_1_348' title='bbox 1175 3071 1336 3143; x_wconf 85' lang='lat' dir='ltr'>leges</span> <span class='ocrx_word' id='word_1_349' title='bbox 1361 3072 1554 3127; x_wconf 90' lang='lat' dir='ltr'>facere</span> <span class='ocrx_word' id='word_1_350' title='bbox 1578 3070 1907 3126; x_wconf 89' lang='lat' dir='ltr'>docuerunt</span> <span class='ocrx_word' id='word_1_351' title='bbox 1931 3087 1943 3124; x_wconf 78' lang='grc' dir='ltr'>ε</span> <span class='ocrx_word' id='word_1_352' title='bbox 1970 3070 2054 3124; x_wconf 91' lang='lat' dir='ltr'>le-</span> 
     </span>
    </p>
   </div>
   <div class='ocr_carea' id='block_1_50' title="bbox 401 3161 2050 3236">
    <p class='ocr_par' dir='ltr' id='par_1_50' title="bbox 401 3161 2050 3236">
     <span class='ocr_line' id='line_1_50' title="bbox 401 3161 2050 3236; baseline -0.002 -17"><span class='ocrx_word' id='word_1_353' title='bbox 401 3179 539 3236; x_wconf 84' lang='lat' dir='ltr'>gum</span> <span class='ocrx_word' id='word_1_354' title='bbox 559 3163 720 3218; x_wconf 91' lang='lat' dir='ltr'>enim</span> <span class='ocrx_word' id='word_1_355' title='bbox 736 3161 1069 3234; x_wconf 85' lang='lat' dir='ltr'>proprietas</span> <span class='ocrx_word' id='word_1_356' title='bbox 1090 3161 1378 3217; x_wconf 88' lang='lat' dir='ltr'>dissecuit</span> <span class='ocrx_word' id='word_1_357' title='bbox 1398 3161 1608 3217; x_wconf 76' lang='lat' dir='ltr'>divinaa</span> <span class='ocrx_word' id='word_1_358' title='bbox 1622 3161 1768 3233; x_wconf 88' lang='lat' dir='ltr'>legis</span> <span class='ocrx_word' id='word_1_359' title='bbox 1782 3175 2050 3216; x_wconf 89' lang='lat' dir='ltr'>commu-</span> 
     </span>
    </p>
   </div>
   <div class='ocr_carea' id='block_1_51' title="bbox 399 3248 2050 3322">
    <p class='ocr_par' dir='ltr' id='par_1_51' title="bbox 399 3248 2050 3322">
     <span class='ocr_line' id='line_1_51' title="bbox 399 3248 2050 3322; baseline -0.004 -14"><span class='ocrx_word' id='word_1_360' title='bbox 399 3253 644 3308; x_wconf 90' lang='lat' dir='ltr'>nionem</span> <span class='ocrx_word' id='word_1_361' title='bbox 665 3257 722 3307; x_wconf 91' lang='lat' dir='ltr'>et</span> <span class='ocrx_word' id='word_1_362' title='bbox 741 3250 966 3307; x_wconf 89' lang='lat' dir='ltr'>arrodit</span> <span class='ocrx_word' id='word_1_363' title='bbox 988 3268 1001 3319; x_wconf 90' lang='lat'>;</span> <span class='ocrx_word' id='word_1_364' title='bbox 1031 3267 1151 3306; x_wconf 91' lang='lat' dir='ltr'>non</span> <span class='ocrx_word' id='word_1_365' title='bbox 1176 3251 1521 3322; x_wconf 87' lang='lat' dir='ltr'>intelligens</span> <span class='ocrx_word' id='word_1_366' title='bbox 1545 3249 1767 3305; x_wconf 89' lang='lat' dir='ltr'>dictum</span> <span class='ocrx_word' id='word_1_367' title='bbox 1785 3248 2050 3321; x_wconf 90' lang='lat' dir='ltr'>Apostoli</span> 
     </span>
    </p>
   </div>
   <div class='ocr_carea' id='block_1_52' title="bbox 404 3338 2053 3413">
    <p class='ocr_par' dir='ltr' id='par_1_52' title="bbox 404 3338 2053 3413">
     <span class='ocr_line' id='line_1_52' title="bbox 404 3338 2053 3413; baseline -0.002 -17"><span class='ocrx_word' id='word_1_368' title='bbox 404 3340 656 3397; x_wconf 90' lang='lat' dir='ltr'>dicentis</span> <span class='ocrx_word' id='word_1_369' title='bbox 683 3356 740 3396; x_wconf 82' lang='lat'>:«</span> <span class='ocrx_word' id='word_1_370' title='bbox 757 3342 870 3396; x_wconf 88' lang='lat' dir='ltr'>Per</span> <span class='ocrx_word' id='word_1_371' title='bbox 885 3339 1075 3413; x_wconf 87' lang='lat' dir='ltr'>legem</span> <span class='ocrx_word' id='word_1_372' title='bbox 1094 3344 1402 3412; x_wconf 90' lang='lat' dir='ltr'>peccatum</span> <span class='ocrx_word' id='word_1_373' title='bbox 1422 3338 1684 3411; x_wconf 82' lang='lat' dir='ltr'>cognovi.</span> <span class='ocrx_word' id='word_1_374' title='bbox 1713 3359 1736 3388; x_wconf 71' lang='grc' dir='ltr'>ν</span> <span class='ocrx_word' id='word_1_375' title='bbox 1762 3339 1832 3391; x_wconf 88' lang='lat' dir='ltr'>Et</span> <span class='ocrx_word' id='word_1_376' title='bbox 1851 3353 2053 3392; x_wconf 88' lang='lat' dir='ltr'>meum</span> 
     </span>
    </p>
   </div>
   <div class='ocr_carea' id='block_1_53' title="bbox 406 3426 2056 3500">
    <p class='ocr_par' dir='ltr' id='par_1_53' title="bbox 406 3426 2056 3500">
     <span class='ocr_line' id='line_1_53' title="bbox 406 3426 2056 3500; baseline -0.003 -15"><span class='ocrx_word' id='word_1_377' title='bbox 406 3434 465 3485; x_wconf 92' lang='lat' dir='ltr'>et</span> <span class='ocrx_word' id='word_1_378' title='bbox 484 3435 651 3485; x_wconf 89' lang='lat' dir='ltr'>tuum</span> <span class='ocrx_word' id='word_1_379' title='bbox 665 3429 809 3484; x_wconf 90' lang='lat' dir='ltr'>dicit</span> <span class='ocrx_word' id='word_1_380' title='bbox 829 3427 1082 3485; x_wconf 89' lang='lat' dir='ltr'>subiisse</span> <span class='ocrx_word' id='word_1_381' title='bbox 1100 3446 1206 3500; x_wconf 90' lang='lat' dir='ltr'>per</span> <span class='ocrx_word' id='word_1_382' title='bbox 1224 3428 1402 3500; x_wconf 82' lang='lat' dir='ltr'>leges,</span> <span class='ocrx_word' id='word_1_383' title='bbox 1424 3433 1489 3483; x_wconf 88' lang='lat' dir='ltr'>ut</span> <span class='ocrx_word' id='word_1_384' title='bbox 1506 3443 1635 3498; x_wconf 64' lang='lat' dir='ltr'>quas</span> <span class='ocrx_word' id='word_1_385' title='bbox 1657 3443 1777 3482; x_wconf 92' lang='lat' dir='ltr'>non</span> <span class='ocrx_word' id='word_1_386' title='bbox 1799 3426 2056 3498; x_wconf 86' lang='lat' dir='ltr'>amplius</span> 
     </span>
    </p>
   </div>
   <div class='ocr_carea' id='block_1_54' title="bbox 407 3517 2056 3592">
    <p class='ocr_par' dir='ltr' id='par_1_54' title="bbox 407 3517 2056 3592">
     <span class='ocr_line' id='line_1_54' title="bbox 407 3517 2056 3592; baseline -0.001 -18"><span class='ocrx_word' id='word_1_387' title='bbox 407 3519 804 3574; x_wconf 89' lang='lat' dir='ltr'>communiter</span> <span class='ocrx_word' id='word_1_388' title='bbox 856 3519 1136 3574; x_wconf 75' lang='lat' dir='ltr'>fruantur</span> <span class='ocrx_word' id='word_1_389' title='bbox 1188 3519 1354 3592; x_wconf 91' lang='lat' dir='ltr'>(sunt</span> <span class='ocrx_word' id='word_1_390' title='bbox 1441 3518 1600 3573; x_wconf 90' lang='lat' dir='ltr'>enim</span> <span class='ocrx_word' id='word_1_391' title='bbox 1669 3517 2056 3588; x_wconf 89' lang='lat' dir='ltr'>communia),</span> 
     </span>
    </p>
   </div>
   <div class='ocr_carea' id='block_1_55' title="bbox 411 3606 2058 3679">
    <p class='ocr_par' dir='ltr' id='par_1_55' title="bbox 411 3606 2058 3679">
     <span class='ocr_line' id='line_1_55' title="bbox 411 3606 2058 3679; baseline -0.001 -17"><span class='ocrx_word' id='word_1_392' title='bbox 411 3623 606 3677; x_wconf 87' lang='lat' dir='ltr'>neque</span> <span class='ocrx_word' id='word_1_393' title='bbox 659 3612 838 3677; x_wconf 87' lang='lat' dir='ltr'>terra,</span> <span class='ocrx_word' id='word_1_394' title='bbox 895 3623 1090 3679; x_wconf 89' lang='lat' dir='ltr'>neque</span> <span class='ocrx_word' id='word_1_395' title='bbox 1143 3606 1640 3679; x_wconf 88' lang='lat' dir='ltr'>possessionibus,</span> <span class='ocrx_word' id='word_1_396' title='bbox 1702 3606 1806 3662; x_wconf 90' lang='lat' dir='ltr'>sed</span> <span class='ocrx_word' id='word_1_397' title='bbox 1863 3622 2058 3676; x_wconf 89' lang='lat' dir='ltr'>neque</span> 
     </span>
    </p>
   </div>
   <div class='ocr_carea' id='block_1_56' title="bbox 409 3693 2058 3760">
    <p class='ocr_par' dir='ltr' id='par_1_56' title="bbox 409 3693 2058 3760">
     <span class='ocr_line' id='line_1_56' title="bbox 409 3693 2058 3760; baseline -0.002 -10"><span class='ocrx_word' id='word_1_398' title='bbox 409 3693 809 3750; x_wconf 89' lang='lat' dir='ltr'>matrimonio.</span> <span class='ocrx_word' id='word_1_399' title='bbox 832 3694 992 3750; x_wconf 86' lang='lat' dir='ltr'>Fecit</span> <span class='ocrx_word' id='word_1_400' title='bbox 1008 3695 1166 3748; x_wconf 90' lang='lat' dir='ltr'>enim</span> <span class='ocrx_word' id='word_1_401' title='bbox 1184 3694 1329 3749; x_wconf 90' lang='lat' dir='ltr'>vites</span> <span class='ocrx_word' id='word_1_402' title='bbox 1347 3694 1740 3750; x_wconf 89' lang='lat' dir='ltr'>communiter</span> <span class='ocrx_word' id='word_1_403' title='bbox 1756 3693 2058 3760; x_wconf 89' lang='lat' dir='ltr'>omnibus,</span> 
     </span>
    </p>
   </div>
   <div class='ocr_carea' id='block_1_57' title="bbox 409 3783 2060 3856">
    <p class='ocr_par' dir='ltr' id='par_1_57' title="bbox 409 3783 2060 3856">
     <span class='ocr_line' id='line_1_57' title="bbox 409 3783 2060 3856; baseline 0.001 -18"><span class='ocrx_word' id='word_1_404' title='bbox 409 3799 541 3856; x_wconf 64' lang='lat' dir='ltr'>quas</span> <span class='ocrx_word' id='word_1_405' title='bbox 573 3799 768 3854; x_wconf 90' lang='lat' dir='ltr'>neque</span> <span class='ocrx_word' id='word_1_406' title='bbox 799 3799 1126 3854; x_wconf 88' lang='lat' dir='ltr'>passerem,</span> <span class='ocrx_word' id='word_1_407' title='bbox 1154 3799 1347 3854; x_wconf 89' lang='lat' dir='ltr'>neque</span> <span class='ocrx_word' id='word_1_408' title='bbox 1377 3783 1570 3840; x_wconf 88' lang='lat' dir='ltr'>furem</span> <span class='ocrx_word' id='word_1_409' title='bbox 1620 3784 1954 3855; x_wconf 87' lang='lat' dir='ltr'>abnegant;</span> <span class='ocrx_word' id='word_1_410' title='bbox 2003 3789 2060 3839; x_wconf 91' lang='lat' dir='ltr'>et</span> 
     </span>
    </p>
   </div>
   <div class='ocr_carea' id='block_1_58' title="bbox 408 3869 2058 3939">
    <p class='ocr_par' dir='ltr' id='par_1_58' title="bbox 408 3869 2058 3939">
     <span class='ocr_line' id='line_1_58' title="bbox 408 3869 2058 3939; baseline 0.001 -13"><span class='ocrx_word' id='word_1_411' title='bbox 408 3869 774 3926; x_wconf 84' lang='lat' dir='ltr'>frumentum</span> <span class='ocrx_word' id='word_1_412' title='bbox 811 3871 1106 3939; x_wconf 90' lang='lat' dir='ltr'>similiter,</span> <span class='ocrx_word' id='word_1_413' title='bbox 1142 3876 1200 3926; x_wconf 91' lang='lat' dir='ltr'>et</span> <span class='ocrx_word' id='word_1_414' title='bbox 1230 3872 1379 3927; x_wconf 91' lang='lat' dir='ltr'>alios</span> <span class='ocrx_word' id='word_1_415' title='bbox 1407 3873 1651 3928; x_wconf 89' lang='lat' dir='ltr'>fructus.</span> <span class='ocrx_word' id='word_1_416' title='bbox 1691 3873 1924 3928; x_wconf 83' lang='lat' dir='ltr'>Violata</span> <span class='ocrx_word' id='word_1_417' title='bbox 1952 3888 2058 3928; x_wconf 86' lang='lat' dir='ltr'>au-</span> 
     </span>
    </p>
   </div>
   <div class='ocr_carea' id='block_1_59' title="bbox 405 3961 2058 4035">
    <p class='ocr_par' dir='ltr' id='par_1_59' title="bbox 405 3961 2058 4035">
     <span class='ocr_line' id='line_1_59' title="bbox 405 3961 2058 4035; baseline 0.002 -19"><span class='ocrx_word' id='word_1_418' title='bbox 405 3967 526 4016; x_wconf 89' lang='lat' dir='ltr'>tem</span> <span class='ocrx_word' id='word_1_419' title='bbox 546 3962 888 4016; x_wconf 90' lang='lat' dir='ltr'>communio</span> <span class='ocrx_word' id='word_1_420' title='bbox 907 3967 966 4016; x_wconf 84' lang='lat' dir='ltr'>et</span> <span class='ocrx_word' id='word_1_421' title='bbox 980 3961 1309 4032; x_wconf 83' lang='lat' dir='ltr'>aequalitas,</span> <span class='ocrx_word' id='word_1_422' title='bbox 1333 3964 1538 4035; x_wconf 88' lang='lat' dir='ltr'>genuit</span> <span class='ocrx_word' id='word_1_423' title='bbox 1559 3963 1751 4018; x_wconf 87' lang='lat' dir='ltr'>furem</span> <span class='ocrx_word' id='word_1_424' title='bbox 1774 3979 2058 4035; x_wconf 84' lang='lat' dir='ltr'>pecorum</span> 
     </span>
    </p>
   </div>
   <div class='ocr_carea' id='block_1_60' title="bbox 406 4047 2061 4127">
    <p class='ocr_par' dir='ltr' id='par_1_60' title="bbox 406 4047 2061 4127">
     <span class='ocr_line' id='line_1_60' title="bbox 406 4047 2061 4127; baseline 0.002 -23"><span class='ocrx_word' id='word_1_425' title='bbox 406 4053 465 4104; x_wconf 89' lang='lat' dir='ltr'>et</span> <span class='ocrx_word' id='word_1_426' title='bbox 491 4047 814 4104; x_wconf 89' lang='lat' dir='ltr'>fructuum.</span> <span class='ocrx_word' id='word_1_427' title='bbox 847 4049 991 4102; x_wconf 91' lang='lat' dir='ltr'>Cum</span> <span class='ocrx_word' id='word_1_428' title='bbox 1039 4064 1176 4127; x_wconf 83' lang='lat' dir='ltr'>ergo</span> <span class='ocrx_word' id='word_1_429' title='bbox 1229 4049 1812 4120; x_wconf 44' lang='lat' dir='ltr'>Deuchommuniter</span> <span class='ocrx_word' id='word_1_430' title='bbox 1859 4052 2061 4107; x_wconf 90' lang='lat' dir='ltr'>omnia</span> 
     </span>
    </p>
   </div>
   <div class='ocr_carea' id='block_1_61' title="bbox 402 4136 2058 4208">
    <p class='ocr_par' dir='ltr' id='par_1_61' title="bbox 402 4136 2058 4208">
     <span class='ocr_line' id='line_1_61' title="bbox 402 4136 2058 4208; baseline 0.002 -14"><span class='ocrx_word' id='word_1_431' title='bbox 402 4137 644 4194; x_wconf 81' lang='lat' dir='ltr'>fecisset</span> <span class='ocrx_word' id='word_1_432' title='bbox 673 4136 921 4208; x_wconf 88' lang='lat' dir='ltr'>homini,</span> <span class='ocrx_word' id='word_1_433' title='bbox 947 4141 1005 4191; x_wconf 92' lang='lat' dir='ltr'>et</span> <span class='ocrx_word' id='word_1_434' title='bbox 1028 4136 1312 4192; x_wconf 88' lang='lat' dir='ltr'>feminam</span> <span class='ocrx_word' id='word_1_435' title='bbox 1335 4155 1470 4193; x_wconf 91' lang='lat' dir='ltr'>cum</span> <span class='ocrx_word' id='word_1_436' title='bbox 1493 4141 1759 4196; x_wconf 90' lang='lat' dir='ltr'>masculo</span> <span class='ocrx_word' id='word_1_437' title='bbox 1792 4157 2058 4196; x_wconf 84' lang='lat' dir='ltr'>commu-</span> 
     </span>
    </p>
   </div>
   <div class='ocr_carea' id='block_1_62' title="bbox 405 4227 2062 4300">
    <p class='ocr_par' dir='ltr' id='par_1_62' title="bbox 405 4227 2062 4300">
     <span class='ocr_line' id='line_1_62' title="bbox 405 4227 2062 4300; baseline -0.001 -12"><span class='ocrx_word' id='word_1_438' title='bbox 405 4231 566 4288; x_wconf 87' lang='lat' dir='ltr'>niter</span> <span class='ocrx_word' id='word_1_439' title='bbox 595 4227 1026 4300; x_wconf 82' lang='lat' dir='ltr'>conjunxisset,</span> <span class='ocrx_word' id='word_1_440' title='bbox 1057 4231 1116 4282; x_wconf 91' lang='lat' dir='ltr'>et</span> <span class='ocrx_word' id='word_1_441' title='bbox 1154 4227 1357 4282; x_wconf 91' lang='lat' dir='ltr'>omnia</span> <span class='ocrx_word' id='word_1_442' title='bbox 1408 4227 1686 4284; x_wconf 87' lang='lat' dir='ltr'>similiter</span> <span class='ocrx_word' id='word_1_443' title='bbox 1733 4231 2062 4287; x_wconf 88' lang='lat' dir='ltr'>animantia</span> 
     </span>
    </p>
   </div>
   <div class='ocr_carea' id='block_1_63' title="bbox 405 4316 2060 4392">
    <p class='ocr_par' dir='ltr' id='par_1_63' title="bbox 405 4316 2060 4392">
     <span class='ocr_line' id='line_1_63' title="bbox 405 4316 2060 4392; baseline -0.001 -15"><span class='ocrx_word' id='word_1_444' title='bbox 405 4317 898 4392; x_wconf 88' lang='lat' dir='ltr'>conglutinasset,</span> <span class='ocrx_word' id='word_1_445' title='bbox 924 4316 1334 4389; x_wconf 86' lang='lat' dir='ltr'>pronuntiavit</span> <span class='ocrx_word' id='word_1_446' title='bbox 1349 4316 1670 4388; x_wconf 88' lang='lat' dir='ltr'>justitiam,</span> <span class='ocrx_word' id='word_1_447' title='bbox 1689 4320 2060 4376; x_wconf 86' lang='lat' dir='ltr'>communio-</span> 
     </span>
    </p>
   </div>
   <div class='ocr_carea' id='block_1_64' title="bbox 473 4467 1951 4540">
    <p class='ocr_par' dir='ltr' id='par_1_64' title="bbox 473 4467 1951 4540">
     <span class='ocr_line' id='line_1_64' title="bbox 473 4467 1951 4540; baseline 0.001 -15"><span class='ocrx_word' id='word_1_448' title='bbox 473 4477 538 4540; x_wconf 49' lang='grc' dir='ltr'>ᾧ</span> <span class='ocrx_word' id='word_1_449' title='bbox 565 4469 627 4527; x_wconf 84' lang='grc' dir='ltr'>Ρ.</span> <span class='ocrx_word' id='word_1_450' title='bbox 657 4469 763 4524; x_wconf 71' lang='grc'>514</span> <span class='ocrx_word' id='word_1_451' title='bbox 799 4469 909 4526; x_wconf 90' lang='lat' dir='ltr'>ED.</span> <span class='ocrx_word' id='word_1_452' title='bbox 944 4467 1239 4537; x_wconf 81' lang='lat' dir='ltr'>POTTER,</span> <span class='ocrx_word' id='word_1_453' title='bbox 1270 4468 1534 4538; x_wconf 79' lang='grc'>429-430,</span> <span class='ocrx_word' id='word_1_454' title='bbox 1579 4469 1691 4525; x_wconf 84' lang='grc' dir='ltr'>ΕΙ).</span> <span class='ocrx_word' id='word_1_455' title='bbox 1722 4471 1951 4528; x_wconf 78' lang='grc' dir='ltr'>ΡΑΒΙΞ.</span> 
     </span>
    </p>
   </div>
   <div class='ocr_carea' id='block_1_65' title="bbox 407 4621 2076 4695">
    <p class='ocr_par' dir='ltr' id='par_1_65' title="bbox 407 4621 2076 4695">
     <span class='ocr_line' id='line_1_65' title="bbox 407 4621 2076 4695; baseline 0.002 -19"><span class='ocrx_word' id='word_1_456' title='bbox 407 4625 549 4690; x_wconf 82' lang='grc'><strong>535;</strong></span> <span class='ocrx_word' id='word_1_457' title='bbox 583 4621 986 4695; x_wconf 82' lang='lat' dir='ltr'>Theodoretus</span> <span class='ocrx_word' id='word_1_458' title='bbox 1016 4626 1218 4695; x_wconf 70' lang='lat' dir='ltr'>era-tr.</span> <span class='ocrx_word' id='word_1_459' title='bbox 1257 4621 1345 4695; x_wconf 73' lang='lat' dir='ltr'>p’;</span> <span class='ocrx_word' id='word_1_460' title='bbox 1383 4621 1654 4695; x_wconf 86' lang='lat' dir='ltr'>Hermias</span> <span class='ocrx_word' id='word_1_461' title='bbox 1704 4623 1765 4678; x_wconf 92' lang='lat' dir='ltr'>in</span> <span class='ocrx_word' id='word_1_462' title='bbox 1814 4625 2076 4680; x_wconf 80' lang='lat' dir='ltr'>Irrisione</span> 
     </span>
    </p>
   </div>
   <div class='ocr_carea' id='block_1_66' title="bbox 446 4693 2068 4820">
    <p class='ocr_par' dir='ltr' id='par_1_66' title="bbox 446 4693 2068 4820">
     <span class='ocr_line' id='line_1_66' title="bbox 446 4693 2068 4820; baseline 0.002 -72"><span class='ocrx_word' id='word_1_463' title='bbox 446 4693 718 4820; x_wconf 49' lang='lat' dir='ltr'>Igilosopth.</span> <span class='ocrx_word' id='word_1_464' title='bbox 754 4695 972 4764; x_wconf 80' lang='lat' dir='ltr'>gentil.,</span> <span class='ocrx_word' id='word_1_465' title='bbox 1001 4693 1361 4750; x_wconf 86' lang='lat' dir='ltr'>Plutarchus</span> <span class='ocrx_word' id='word_1_466' title='bbox 1392 4695 1468 4749; x_wconf 79' lang='lat' dir='ltr'>De</span> <span class='ocrx_word' id='word_1_467' title='bbox 1493 4694 1722 4766; x_wconf 81' lang='lat' dir='ltr'>placitis</span> <span class='ocrx_word' id='word_1_468' title='bbox 1729 4695 2068 4767; x_wconf 83' lang='lat' dir='ltr'>philosoph.,</span> 
     </span>
     <span class='ocr_line' id='line_1_67' title="bbox 446 4781 734 4820; baseline 0.003 -1"><span class='ocrx_word' id='word_1_469' title='bbox 446 4813 448 4819; x_wconf 36' lang='grc' dir='ltr'>λ</span> <span class='ocrx_word' id='word_1_470' title='bbox 500 4807 512 4820; x_wconf 94' lang='grc'>.</span> <span class='ocrx_word' id='word_1_471' title='bbox 545 4783 584 4820; x_wconf 92' lang='lat'>1.</span> <span class='ocrx_word' id='word_1_472' title='bbox 621 4781 651 4819; x_wconf 89' lang='lat' dir='ltr'>e</span> <span class='ocrx_word' id='word_1_473' title='bbox 683 4781 734 4820; x_wconf 93' lang='lat' dir='ltr'>c.</span> 
     </span>
    </p>
   </div>
   <div class='ocr_carea' id='block_1_67' title="bbox 433 4766 734 4834">
    <p class='ocr_par' dir='ltr' id='par_1_67' title="bbox 433 4766 734 4834">
     <span class='ocr_line' id='line_1_68' title="bbox 433 4766 734 4834; baseline 0 -14"><span class='ocrx_word' id='word_1_474' title='bbox 433 4766 512 4820; x_wconf 91' lang='lat' dir='ltr'>ib.</span> <span class='ocrx_word' id='word_1_475' title='bbox 545 4783 584 4834; x_wconf 82' lang='grc' dir='ltr'>ι,</span> <span class='ocrx_word' id='word_1_476' title='bbox 621 4770 734 4820; x_wconf 89' lang='lat' dir='ltr'>etc.</span> 
     </span>
    </p>
   </div>
   <div class='ocr_carea' id='block_1_68' title="bbox 478 4831 2058 4908">
    <p class='ocr_par' dir='ltr' id='par_1_68' title="bbox 478 4831 2058 4908">
     <span class='ocr_line' id='line_1_69' title="bbox 478 4831 2058 4908; baseline 0.003 -17"><span class='ocrx_word' id='word_1_477' title='bbox 478 4831 586 4908; x_wconf 75' lang='lat'>(&#39;55)</span> <span class='ocrx_word' id='word_1_478' title='bbox 619 4831 986 4890; x_wconf 78' lang='grc' dir='ltr'>Ἀνατέλλειν.</span> <span class='ocrx_word' id='word_1_479' title='bbox 1021 4838 1259 4908; x_wconf 74' lang='lat' dir='ltr'>Rectius</span> <span class='ocrx_word' id='word_1_480' title='bbox 1281 4833 1598 4908; x_wconf 76' lang='grc' dir='ltr'>ἀναλὲλλει,</span> <span class='ocrx_word' id='word_1_481' title='bbox 1633 4838 1812 4908; x_wconf 91' lang='lat' dir='ltr'>indic.</span> <span class='ocrx_word' id='word_1_482' title='bbox 1848 4839 2058 4895; x_wconf 87' lang='lat' dir='ltr'>modo:</span> 
     </span>
    </p>
   </div>
   <div class='ocr_carea' id='block_1_69' title="bbox 411 4907 2064 4981">
    <p class='ocr_par' dir='ltr' id='par_1_69' title="bbox 411 4907 2064 4981">
     <span class='ocr_line' id='line_1_70' title="bbox 411 4907 2064 4981; baseline 0 -19"><span class='ocrx_word' id='word_1_483' title='bbox 411 4907 734 4981; x_wconf 43' lang='lat' dir='ltr'>ea&#39;phrasi,</span> <span class='ocrx_word' id='word_1_484' title='bbox 765 4907 1136 4981; x_wconf 11' lang='lat' dir='ltr'>quagpsalmo</span> <span class='ocrx_word' id='word_1_485' title='bbox 1187 4923 1324 4963; x_wconf 83' lang='lat' dir='ltr'>cui:</span> <span class='ocrx_word' id='word_1_486' title='bbox 1375 4907 1827 4981; x_wconf 18' lang='grc' dir='ltr'>Ὀῖέξανατέλλων</span> <span class='ocrx_word' id='word_1_487' title='bbox 1864 4911 2064 4981; x_wconf 73' lang='grc' dir='ltr'>χόρτον</span> 
     </span>
    </p>
   </div>
   <div class='ocr_carea' id='block_1_70' title="bbox 404 4978 2062 5046">
    <p class='ocr_par' dir='ltr' id='par_1_70' title="bbox 404 4978 2062 5046">
     <span class='ocr_line' id='line_1_71' title="bbox 404 4978 2062 5046; baseline 0.003 -15"><span class='ocrx_word' id='word_1_488' title='bbox 404 4983 522 5036; x_wconf 81' lang='grc' dir='ltr'>τοῖς</span> <span class='ocrx_word' id='word_1_489' title='bbox 564 4978 818 5046; x_wconf 73' lang='grc' dir='ltr'>κτήνεσί.</span> <span class='ocrx_word' id='word_1_490' title='bbox 880 4979 1154 5034; x_wconf 80' lang='lat' dir='ltr'>SYLBURG.</span> <span class='ocrx_word' id='word_1_491' title='bbox 1213 5009 1282 5018; x_wconf 89' lang='lat'>—</span> <span class='ocrx_word' id='word_1_492' title='bbox 1341 4980 1560 5034; x_wconf 88' lang='lat' dir='ltr'>Eadem</span> <span class='ocrx_word' id='word_1_493' title='bbox 1619 4982 1792 5038; x_wconf 84' lang='lat' dir='ltr'>lectio</span> <span class='ocrx_word' id='word_1_494' title='bbox 1851 4978 2062 5038; x_wconf 62' lang='lat' dir='ltr'>G&#39;rabio</span> 
     </span>
    </p>
   </div>
   <div class='ocr_carea' id='block_1_71' title="bbox 409 5049 1678 5122">
    <p class='ocr_par' dir='ltr' id='par_1_71' title="bbox 409 5049 1678 5122">
     <span class='ocr_line' id='line_1_72' title="bbox 409 5049 1678 5122; baseline 0.003 -18"><span class='ocrx_word' id='word_1_495' title='bbox 409 5049 589 5122; x_wconf 90' lang='lat' dir='ltr'>etiam</span> <span class='ocrx_word' id='word_1_496' title='bbox 621 5049 846 5122; x_wconf 75' lang='lat' dir='ltr'>placuit</span> <span class='ocrx_word' id='word_1_497' title='bbox 873 5049 1161 5122; x_wconf 75' lang='lat' dir='ltr'>Spicileg.,</span> <span class='ocrx_word' id='word_1_498' title='bbox 1194 5055 1336 5104; x_wconf 90' lang='lat' dir='ltr'>sect.</span> <span class='ocrx_word' id='word_1_499' title='bbox 1375 5053 1461 5118; x_wconf 88' lang='grc'>11,</span> <span class='ocrx_word' id='word_1_500' title='bbox 1499 5069 1554 5122; x_wconf 91' lang='lat' dir='ltr'>p.</span> <span class='ocrx_word' id='word_1_501' title='bbox 1591 5055 1678 5108; x_wconf 86' lang='grc'>61.</span> 
     </span>
    </p>
   </div>
   <div class='ocr_carea' id='block_1_72' title="bbox 479 5066 2064 5194">
    <p class='ocr_par' dir='ltr' id='par_1_72' title="bbox 479 5066 2064 5194">
     <span class='ocr_line' id='line_1_73' title="bbox 479 5066 1678 5173; baseline 0.006 -72"><span class='ocrx_word' id='word_1_502' title='bbox 479 5066 589 5102; x_wconf 72' lang='lat' dir='ltr'>iam</span> <span class='ocrx_word' id='word_1_503' title='bbox 621 5066 846 5118; x_wconf 81' lang='lat' dir='ltr'>piacuit</span> <span class='ocrx_word' id='word_1_504' title='bbox 873 5066 1161 5173; x_wconf 45' lang='lat' dir='ltr'>apicuegq</span> <span class='ocrx_word' id='word_1_505' title='bbox 1194 5066 1336 5104; x_wconf 82' lang='lat' dir='ltr'>sect.</span> <span class='ocrx_word' id='word_1_506' title='bbox 1375 5066 1461 5118; x_wconf 85' lang='lat'>11,</span> <span class='ocrx_word' id='word_1_507' title='bbox 1499 5069 1554 5122; x_wconf 91' lang='lat' dir='ltr'>p.</span> <span class='ocrx_word' id='word_1_508' title='bbox 1591 5066 1678 5108; x_wconf 81' lang='lat'>61.</span> 
     </span>
     <span class='ocr_line' id='line_1_74' title="bbox 479 5117 2064 5194; baseline 0.005 -23"><span class='ocrx_word' id='word_1_509' title='bbox 479 5121 595 5186; x_wconf 70' lang='lat'>(&#39;06)</span> <span class='ocrx_word' id='word_1_510' title='bbox 653 5119 852 5173; x_wconf 75' lang='grc' dir='ltr'>Ἅπασι</span> <span class='ocrx_word' id='word_1_511' title='bbox 950 5117 1228 5188; x_wconf 89' lang='grc' dir='ltr'>ικιαοσύνη</span> <span class='ocrx_word' id='word_1_512' title='bbox 1264 5125 1572 5194; x_wconf 58' lang='grc' dir='ltr'>Δπαροῦσα.</span> <span class='ocrx_word' id='word_1_513' title='bbox 1631 5125 1799 5179; x_wconf 82' lang='lat' dir='ltr'>Forte</span> <span class='ocrx_word' id='word_1_514' title='bbox 1844 5126 2064 5181; x_wconf 89' lang='lat' dir='ltr'>rectius</span> 
     </span>
    </p>
   </div>
   <div class='ocr_carea' id='block_1_73' title="bbox 412 5186 2066 5267">
    <p class='ocr_par' dir='ltr' id='par_1_73' title="bbox 412 5186 2066 5267">
     <span class='ocr_line' id='line_1_75' title="bbox 412 5186 2066 5267; baseline 0.007 -26"><span class='ocrx_word' id='word_1_515' title='bbox 412 5188 577 5242; x_wconf 75' lang='grc' dir='ltr'>ἅπασι</span> <span class='ocrx_word' id='word_1_516' title='bbox 606 5194 873 5267; x_wconf 74' lang='grc' dir='ltr'>παροῦσα,</span> <span class='ocrx_word' id='word_1_517' title='bbox 917 5186 1227 5267; x_wconf 73' lang='lat' dir='ltr'>expuncto</span> <span class='ocrx_word' id='word_1_518' title='bbox 1261 5186 1607 5267; x_wconf 70' lang='grc' dir='ltr'>δικαιοσύνη,</span> <span class='ocrx_word' id='word_1_519' title='bbox 1640 5201 1705 5249; x_wconf 90' lang='lat' dir='ltr'>ut</span> <span class='ocrx_word' id='word_1_520' title='bbox 1755 5196 1862 5251; x_wconf 91' lang='lat' dir='ltr'>hoc</span> <span class='ocrx_word' id='word_1_521' title='bbox 1917 5215 2066 5267; x_wconf 88' lang='lat' dir='ltr'>quo-</span> 
     </span>
    </p>
   </div>
   <div class='ocr_carea' id='block_1_74' title="bbox 411 5262 2062 5334">
    <p class='ocr_par' dir='ltr' id='par_1_74' title="bbox 411 5262 2062 5334">
     <span class='ocr_line' id='line_1_76' title="bbox 411 5262 2062 5334; baseline 0.004 -19"><span class='ocrx_word' id='word_1_522' title='bbox 411 5278 526 5332; x_wconf 88' lang='lat' dir='ltr'>que</span> <span class='ocrx_word' id='word_1_523' title='bbox 551 5262 890 5317; x_wconf 90' lang='lat' dir='ltr'>membrum</span> <span class='ocrx_word' id='word_1_524' title='bbox 917 5263 1210 5317; x_wconf 87' lang='lat' dir='ltr'>referatur</span> <span class='ocrx_word' id='word_1_525' title='bbox 1245 5267 1302 5316; x_wconf 91' lang='lat' dir='ltr'>et</span> <span class='ocrx_word' id='word_1_526' title='bbox 1335 5265 1705 5334; x_wconf 87' lang='lat' dir='ltr'>superiorem</span> <span class='ocrx_word' id='word_1_527' title='bbox 1737 5262 2062 5322; x_wconf 76' lang='lat' dir='ltr'>nominati-</span> 
     </span>
    </p>
   </div>
   <div class='ocr_carea' id='block_1_75' title="bbox 409 5334 2066 5408">
    <p class='ocr_par' dir='ltr' id='par_1_75' title="bbox 409 5334 2066 5408">
     <span class='ocr_line' id='line_1_77' title="bbox 409 5334 2066 5408; baseline 0.004 -21"><span class='ocrx_word' id='word_1_528' title='bbox 409 5349 545 5388; x_wconf 86' lang='lat' dir='ltr'>vum</span> <span class='ocrx_word' id='word_1_529' title='bbox 573 5334 774 5408; x_wconf 75' lang='grc' dir='ltr'>τροφή.</span> <span class='ocrx_word' id='word_1_530' title='bbox 809 5334 1080 5387; x_wconf 83' lang='lat' dir='ltr'>SYLBURG.</span> <span class='ocrx_word' id='word_1_531' title='bbox 1115 5362 1182 5408; x_wconf 91' lang='lat'>_-—</span> <span class='ocrx_word' id='word_1_532' title='bbox 1221 5335 1432 5408; x_wconf 76' lang='lat' dir='ltr'>Verum</span> <span class='ocrx_word' id='word_1_533' title='bbox 1461 5352 1582 5390; x_wconf 94' lang='lat' dir='ltr'>non</span> <span class='ocrx_word' id='word_1_534' title='bbox 1606 5353 1752 5407; x_wconf 89' lang='lat' dir='ltr'>opus</span> <span class='ocrx_word' id='word_1_535' title='bbox 1787 5343 1874 5392; x_wconf 89' lang='lat' dir='ltr'>est</span> <span class='ocrx_word' id='word_1_536' title='bbox 1904 5345 1968 5392; x_wconf 89' lang='lat' dir='ltr'>ut</span> <span class='ocrx_word' id='word_1_537' title='bbox 1997 5355 2066 5394; x_wconf 87' lang='lat' dir='ltr'>ea</span> 
     </span>
    </p>
   </div>
   <div class='ocr_carea' id='block_1_76' title="bbox 408 5403 2064 5494">
    <p class='ocr_par' dir='ltr' id='par_1_76' title="bbox 408 5403 2064 5494">
     <span class='ocr_line' id='line_1_78' title="bbox 408 5403 2064 5494; baseline 0.001 -34"><span class='ocrx_word' id='word_1_538' title='bbox 408 5421 519 5494; x_wconf 47' lang='lat' dir='ltr'>30x</span> <span class='ocrx_word' id='word_1_539' title='bbox 572 5403 964 5494; x_wconf 70' lang='lat' dir='ltr'>expungatur,</span> <span class='ocrx_word' id='word_1_540' title='bbox 996 5403 1172 5458; x_wconf 90' lang='lat' dir='ltr'>modo</span> <span class='ocrx_word' id='word_1_541' title='bbox 1226 5405 1526 5494; x_wconf 39' lang='lat' dir='ltr'>stcri‘batur</span> <span class='ocrx_word' id='word_1_542' title='bbox 1582 5403 2064 5494; x_wconf 47' lang='lat' dir='ltr'>indati‘vo‘casu</span> 
     </span>
    </p>
   </div>
   <div class='ocr_carea' id='block_1_77' title="bbox 411 5473 2062 5550">
    <p class='ocr_par' dir='ltr' id='par_1_77' title="bbox 411 5473 2062 5550">
     <span class='ocr_line' id='line_1_79' title="bbox 411 5473 2062 5550; baseline 0.004 -21"><span class='ocrx_word' id='word_1_543' title='bbox 411 5473 755 5550; x_wconf 75' lang='grc' dir='ltr'>δικαιοσύνῃ,</span> <span class='ocrx_word' id='word_1_544' title='bbox 777 5473 1141 5550; x_wconf 45' lang='lat' dir='ltr'>vhoc__sen_su</span> <span class='ocrx_word' id='word_1_545' title='bbox 1176 5490 1189 5528; x_wconf 90' lang='lat'>:</span> <span class='ocrx_word' id='word_1_546' title='bbox 1253 5475 1365 5529; x_wconf 89' lang='lat' dir='ltr'>Sed</span> <span class='ocrx_word' id='word_1_547' title='bbox 1399 5477 1550 5550; x_wconf 88' lang='lat' dir='ltr'>ejus,</span> <span class='ocrx_word' id='word_1_548' title='bbox 1585 5479 1685 5548; x_wconf 91' lang='lat' dir='ltr'>qui</span> <span class='ocrx_word' id='word_1_549' title='bbox 1743 5479 1800 5532; x_wconf 90' lang='lat' dir='ltr'>id</span> <span class='ocrx_word' id='word_1_550' title='bbox 1863 5479 2062 5549; x_wconf 86' lang='lat' dir='ltr'>donat,</span> 
     </span>
    </p>
   </div>
   <div class='ocr_carea' id='block_1_78' title="bbox 399 5546 2057 5631">
    <p class='ocr_par' dir='ltr' id='par_1_78' title="bbox 399 5546 2057 5631">
     <span class='ocr_line' id='line_1_80' title="bbox 399 5546 2057 5631; baseline 0.001 -28"><span class='ocrx_word' id='word_1_551' title='bbox 399 5549 674 5631; x_wconf 70' lang='lat' dir='ltr'>jubentis</span> <span class='ocrx_word' id='word_1_552' title='bbox 705 5546 1198 5631; x_wconf 38' lang='lat' dir='ltr'>&#39;supp‘edita‘tione</span> <span class='ocrx_word' id='word_1_553' title='bbox 1251 5546 1678 5631; x_wconf 46' lang='lat' dir='ltr'>convenient—er</span> <span class='ocrx_word' id='word_1_554' title='bbox 1725 5551 2000 5631; x_wconf 83' lang='lat' dir='ltr'>omnibus</span> <span class='ocrx_word' id='word_1_555' title='bbox 2029 5546 2057 5604; x_wconf 67' lang='lat' dir='ltr'>si</span> 
     </span>
    </p>
   </div>
   <div class='ocr_carea' id='block_1_79' title="bbox 401 5616 2065 5760">
    <p class='ocr_par' dir='ltr' id='par_1_79' title="bbox 401 5616 2065 5760">
     <span class='ocr_line' id='line_1_81' title="bbox 401 5616 2065 5760; baseline 0.002 -86"><span class='ocrx_word' id='word_1_556' title='bbox 401 5616 638 5760; x_wconf 36' lang='lat' dir='ltr'>jousitﬁitia</span> <span class='ocrx_word' id='word_1_557' title='bbox 672 5644 692 5670; x_wconf 75' lang='grc' dir='ltr'>ι</span> <span class='ocrx_word' id='word_1_558' title='bbox 731 5616 902 5677; x_wconf 78' lang='lat' dir='ltr'>adsit.</span> <span class='ocrx_word' id='word_1_559' title='bbox 940 5641 968 5671; x_wconf 85' lang='lat'>»</span> <span class='ocrx_word' id='word_1_560' title='bbox 1015 5617 1106 5673; x_wconf 90' lang='lat' dir='ltr'>Sic</span> <span class='ocrx_word' id='word_1_561' title='bbox 1130 5617 1322 5689; x_wconf 70' lang='lat' dir='ltr'>&quot;paulo</span> <span class='ocrx_word' id='word_1_562' title='bbox 1367 5625 1506 5690; x_wconf 88' lang='lat' dir='ltr'>post</span> <span class='ocrx_word' id='word_1_563' title='bbox 1553 5616 1864 5696; x_wconf 75' lang='grc' dir='ltr'>δικαιοσύνῃ</span> <span class='ocrx_word' id='word_1_564' title='bbox 1896 5641 2065 5695; x_wconf 85' lang='grc' dir='ltr'>νομο-</span> 
     </span>
     <span class='ocr_line' id='line_1_82' title="bbox 446 5709 668 5753; baseline 0.018 -8"><span class='ocrx_word' id='word_1_565' title='bbox 446 5709 499 5747; x_wconf 90' lang='grc' dir='ltr'>ετ</span> <span class='ocrx_word' id='word_1_566' title='bbox 547 5711 668 5753; x_wconf 89' lang='grc' dir='ltr'>σας.</span> 
     </span>
    </p>
   </div>
   <div class='ocr_carea' id='block_1_80' title="bbox 446 5709 668 5753">
    <p class='ocr_par' dir='ltr' id='par_1_80' title="bbox 446 5709 668 5753">
     <span class='ocr_line' id='line_1_83' title="bbox 446 5709 668 5753; baseline 0.018 -8"><span class='ocrx_word' id='word_1_567' title='bbox 446 5709 639 5753; x_wconf 83' lang='grc' dir='ltr'>ετησας</span> <span class='ocrx_word' id='word_1_568' title='bbox 655 5736 668 5749; x_wconf 85' lang='lat'><strong><em>.</em></strong></span> 
     </span>
    </p>
   </div>
   <div class='ocr_carea' id='block_1_81' title="bbox 481 5760 2065 5838">
    <p class='ocr_par' dir='ltr' id='par_1_81' title="bbox 481 5760 2065 5838">
     <span class='ocr_line' id='line_1_84' title="bbox 481 5760 2065 5838; baseline 0.002 -19"><span class='ocrx_word' id='word_1_569' title='bbox 481 5766 594 5838; x_wconf 81' lang='lat'>(57)</span> <span class='ocrx_word' id='word_1_570' title='bbox 635 5762 862 5835; x_wconf 82' lang='grc' dir='ltr'>Ἐπίσης</span> <span class='ocrx_word' id='word_1_571' title='bbox 893 5760 1130 5820; x_wconf 88' lang='lat' dir='ltr'>Periodi</span> <span class='ocrx_word' id='word_1_572' title='bbox 1187 5766 1414 5836; x_wconf 88' lang='lat' dir='ltr'>notam,</span> <span class='ocrx_word' id='word_1_573' title='bbox 1475 5781 1606 5836; x_wconf 79' lang='lat' dir='ltr'>quae</span> <span class='ocrx_word' id='word_1_574' title='bbox 1656 5765 1718 5823; x_wconf 89' lang='lat' dir='ltr'>in</span> <span class='ocrx_word' id='word_1_575' title='bbox 1765 5765 2065 5838; x_wconf 89' lang='lat' dir='ltr'>prioribus</span> 
     </span>
    </p>
   </div>
   <div class='ocr_carea' id='block_1_82' title="bbox 2144 1905 3801 1989">
    <p class='ocr_par' dir='ltr' id='par_1_82' title="bbox 2144 1905 3801 1989">
     <span class='ocr_line' id='line_1_85' title="bbox 2144 1905 3801 1989; baseline 0.004 -27"><span class='ocrx_word' id='word_1_576' title='bbox 2144 1905 2460 1979; x_wconf 84' lang='grc' dir='ltr'>δικαιοσύνη</span> <span class='ocrx_word' id='word_1_577' title='bbox 2493 1913 2740 1986; x_wconf 75' lang='grc' dir='ltr'>παροῦσα</span> <span class='ocrx_word' id='word_1_578' title='bbox 2771 1912 2899 1982; x_wconf 76' lang='grc'>(56).</span> <span class='ocrx_word' id='word_1_579' title='bbox 2933 1909 3087 1967; x_wconf 83' lang='grc' dir='ltr'>Ἀλλ’</span> <span class='ocrx_word' id='word_1_580' title='bbox 3118 1911 3246 1966; x_wconf 82' lang='grc' dir='ltr'>ούδὶ</span> <span class='ocrx_word' id='word_1_581' title='bbox 3272 1912 3340 1966; x_wconf 83' lang='grc' dir='ltr'>τὰ</span> <span class='ocrx_word' id='word_1_582' title='bbox 3381 1919 3482 1982; x_wconf 82' lang='grc' dir='ltr'>τῆς</span> <span class='ocrx_word' id='word_1_583' title='bbox 3539 1911 3801 1989; x_wconf 77' lang='grc' dir='ltr'>γενέσεως</span> 
     </span>
    </p>
   </div>
   <div class='ocr_carea' id='block_1_83' title="bbox 2143 1994 3804 2078">
    <p class='ocr_par' dir='ltr' id='par_1_83' title="bbox 2143 1994 3804 2078">
     <span class='ocr_line' id='line_1_86' title="bbox 2143 1994 3804 2078; baseline 0.004 -26"><span class='ocrx_word' id='word_1_584' title='bbox 2143 1999 2313 2060; x_wconf 82' lang='grc' dir='ltr'>νόμον</span> <span class='ocrx_word' id='word_1_585' title='bbox 2373 1994 2488 2072; x_wconf 78' lang='grc' dir='ltr'>ἔχει</span> <span class='ocrx_word' id='word_1_586' title='bbox 2545 2017 2947 2074; x_wconf 85' lang='grc' dir='ltr'>γεγραμμενον·</span> <span class='ocrx_word' id='word_1_587' title='bbox 3009 2000 3316 2078; x_wconf 72' lang='grc' dir='ltr'>μετεγράφη</span> <span class='ocrx_word' id='word_1_588' title='bbox 3346 2001 3448 2076; x_wconf 79' lang='grc' dir='ltr'>γὰρ</span> <span class='ocrx_word' id='word_1_589' title='bbox 3494 2001 3577 2056; x_wconf 86' lang='grc' dir='ltr'>ἃν·</span> <span class='ocrx_word' id='word_1_590' title='bbox 3639 2005 3804 2058; x_wconf 81' lang='grc' dir='ltr'>σπεί-</span> 
     </span>
    </p>
   </div>
   <div class='ocr_carea' id='block_1_84' title="bbox 2147 2084 3804 2163">
    <p class='ocr_par' dir='ltr' id='par_1_84' title="bbox 2147 2084 3804 2163">
     <span class='ocr_line' id='line_1_87' title="bbox 2147 2084 3804 2163; baseline 0.004 -21"><span class='ocrx_word' id='word_1_591' title='bbox 2147 2107 2301 2162; x_wconf 90' lang='grc' dir='ltr'>ρουσι</span> <span class='ocrx_word' id='word_1_592' title='bbox 2358 2084 2416 2141; x_wconf 71' lang='grc' dir='ltr'>δὲ</span> <span class='ocrx_word' id='word_1_593' title='bbox 2465 2087 2554 2141; x_wconf 80' lang='grc' dir='ltr'>καὶ</span> <span class='ocrx_word' id='word_1_594' title='bbox 2593 2092 2849 2163; x_wconf 76' lang='grc' dir='ltr'>γεννῶσιν</span> <span class='ocrx_word' id='word_1_595' title='bbox 2877 2086 3093 2161; x_wconf 78' lang='grc' dir='ltr'>ἐπίσης,</span> <span class='ocrx_word' id='word_1_596' title='bbox 3123 2090 3407 2146; x_wconf 86' lang='grc' dir='ltr'>κοινωνίαν</span> <span class='ocrx_word' id='word_1_597' title='bbox 3443 2090 3548 2146; x_wconf 80' lang='grc' dir='ltr'>ὑπὸ</span> <span class='ocrx_word' id='word_1_598' title='bbox 3579 2089 3804 2148; x_wconf 85' lang='grc' dir='ltr'>δικαιο-</span> 
     </span>
    </p>
   </div>
   <div class='ocr_carea' id='block_1_85' title="bbox 2149 2173 3806 2255">
    <p class='ocr_par' dir='ltr' id='par_1_85' title="bbox 2149 2173 3806 2255">
     <span class='ocr_line' id='line_1_88' title="bbox 2149 2173 3806 2255; baseline 0.005 -25"><span class='ocrx_word' id='word_1_599' title='bbox 2149 2176 2310 2246; x_wconf 90' lang='grc' dir='ltr'>σύνης</span> <span class='ocrx_word' id='word_1_600' title='bbox 2361 2173 2598 2254; x_wconf 77' lang='grc' dir='ltr'>ἔμφυτον</span> <span class='ocrx_word' id='word_1_601' title='bbox 2683 2173 2936 2252; x_wconf 74' lang='grc' dir='ltr'>ἔχοντες·</span> <span class='ocrx_word' id='word_1_602' title='bbox 2994 2182 3152 2252; x_wconf 79' lang='grc' dir='ltr'>κοινῇ</span> <span class='ocrx_word' id='word_1_603' title='bbox 3213 2184 3373 2234; x_wconf 80' lang='grc' dir='ltr'>πᾶσιν</span> <span class='ocrx_word' id='word_1_604' title='bbox 3431 2179 3625 2251; x_wconf 75' lang='grc' dir='ltr'>ἐπίσης</span> <span class='ocrx_word' id='word_1_605' title='bbox 3689 2185 3806 2255; x_wconf 76' lang='grc'>(57)</span> 
     </span>
    </p>
   </div>
   <div class='ocr_carea' id='block_1_86' title="bbox 2149 2262 3804 2341">
    <p class='ocr_par' dir='ltr' id='par_1_86' title="bbox 2149 2262 3804 2341">
     <span class='ocr_line' id='line_1_89' title="bbox 2149 2262 3804 2341; baseline 0.005 -24"><span class='ocrx_word' id='word_1_606' title='bbox 2149 2262 2433 2341; x_wconf 65' lang='grc' dir='ltr'>ὀφθαλμὸν</span> <span class='ocrx_word' id='word_1_607' title='bbox 2489 2263 2564 2326; x_wconf 68' lang='grc' dir='ltr'>εἷς</span> <span class='ocrx_word' id='word_1_608' title='bbox 2619 2264 2684 2318; x_wconf 88' lang='grc' dir='ltr'>τὸ</span> <span class='ocrx_word' id='word_1_609' title='bbox 2745 2263 2962 2339; x_wconf 88' lang='grc' dir='ltr'>βλέπειν</span> <span class='ocrx_word' id='word_1_610' title='bbox 3024 2267 3053 2320; x_wconf 84' lang='grc' dir='ltr'><strong>ὁ</strong></span> <span class='ocrx_word' id='word_1_611' title='bbox 3107 2269 3348 2338; x_wconf 78' lang='grc' dir='ltr'>ποιητής</span> <span class='ocrx_word' id='word_1_612' title='bbox 3412 2289 3474 2324; x_wconf 81' lang='grc' dir='ltr'>τε</span> <span class='ocrx_word' id='word_1_613' title='bbox 3546 2269 3639 2324; x_wconf 86' lang='grc' dir='ltr'>καὶ</span> <span class='ocrx_word' id='word_1_614' title='bbox 3695 2291 3804 2324; x_wconf 85' lang='grc' dir='ltr'>πα-</span> 
     </span>
    </p>
   </div>
   <div class='ocr_carea' id='block_1_87' title="bbox 2147 2351 3808 2432">
    <p class='ocr_par' dir='ltr' id='par_1_87' title="bbox 2147 2351 3808 2432">
     <span class='ocr_line' id='line_1_90' title="bbox 2147 2351 3808 2432; baseline 0.005 -25"><span class='ocrx_word' id='word_1_615' title='bbox 2147 2354 2252 2426; x_wconf 82' lang='grc' dir='ltr'>τὴρ</span> <span class='ocrx_word' id='word_1_616' title='bbox 2309 2353 2522 2408; x_wconf 76' lang='grc' dir='ltr'>πάντων</span> <span class='ocrx_word' id='word_1_617' title='bbox 2579 2351 2895 2429; x_wconf 78' lang='grc' dir='ltr'>δικαιοσύνῃ</span> <span class='ocrx_word' id='word_1_618' title='bbox 2971 2357 3342 2429; x_wconf 74' lang='grc' dir='ltr'>νομοθετήσας</span> <span class='ocrx_word' id='word_1_619' title='bbox 3393 2361 3464 2432; x_wconf 75' lang='grc' dir='ltr'>τῇ</span> <span class='ocrx_word' id='word_1_620' title='bbox 3519 2359 3648 2432; x_wconf 82' lang='grc' dir='ltr'>παρ’</span> <span class='ocrx_word' id='word_1_621' title='bbox 3708 2359 3808 2415; x_wconf 80' lang='grc' dir='ltr'>αὖ·</span> 
     </span>
    </p>
   </div>
   <div class='ocr_carea' id='block_1_88' title="bbox 2147 2440 3808 2523">
    <p class='ocr_par' dir='ltr' id='par_1_88' title="bbox 2147 2440 3808 2523">
     <span class='ocr_line' id='line_1_91' title="bbox 2147 2440 3808 2523; baseline 0.004 -25"><span class='ocrx_word' id='word_1_622' title='bbox 2147 2446 2245 2498; x_wconf 77' lang='grc' dir='ltr'>τοῦ</span> <span class='ocrx_word' id='word_1_623' title='bbox 2301 2440 2616 2518; x_wconf 79' lang='grc' dir='ltr'>παρέσχεν,</span> <span class='ocrx_word' id='word_1_624' title='bbox 2678 2442 2740 2498; x_wconf 85' lang='grc' dir='ltr'>ού</span> <span class='ocrx_word' id='word_1_625' title='bbox 2799 2441 3078 2520; x_wconf 86' lang='grc' dir='ltr'>διακρίνας</span> <span class='ocrx_word' id='word_1_626' title='bbox 3135 2444 3360 2516; x_wconf 72' lang='grc' dir='ltr'>θήλειαν</span> <span class='ocrx_word' id='word_1_627' title='bbox 3420 2444 3682 2523; x_wconf 78' lang='grc' dir='ltr'>ἅρῥενος,</span> <span class='ocrx_word' id='word_1_628' title='bbox 3746 2448 3808 2504; x_wconf 83' lang='grc' dir='ltr'>οὗ</span> 
     </span>
    </p>
   </div>
   <div class='ocr_carea' id='block_1_89' title="bbox 2154 2530 3807 2610">
    <p class='ocr_par' dir='ltr' id='par_1_89' title="bbox 2154 2530 3807 2610">
     <span class='ocr_line' id='line_1_92' title="bbox 2154 2530 3807 2610; baseline 0.002 -22"><span class='ocrx_word' id='word_1_629' title='bbox 2154 2531 2379 2607; x_wconf 89' lang='grc' dir='ltr'>λογικὸν</span> <span class='ocrx_word' id='word_1_630' title='bbox 2412 2530 2638 2607; x_wconf 81' lang='grc' dir='ltr'>ἀλόγου,</span> <span class='ocrx_word' id='word_1_631' title='bbox 2668 2531 2759 2588; x_wconf 82' lang='grc' dir='ltr'>καὶ</span> <span class='ocrx_word' id='word_1_632' title='bbox 2787 2533 3030 2606; x_wconf 77' lang='grc' dir='ltr'>καθάπαξ</span> <span class='ocrx_word' id='word_1_633' title='bbox 3080 2533 3293 2598; x_wconf 76' lang='grc' dir='ltr'>οὐδενὸς</span> <span class='ocrx_word' id='word_1_634' title='bbox 3350 2535 3530 2592; x_wconf 76' lang='grc' dir='ltr'>οὐδέν·</span> <span class='ocrx_word' id='word_1_635' title='bbox 3588 2537 3807 2610; x_wconf 81' lang='grc' dir='ltr'>ἰσότητι</span> 
     </span>
    </p>
   </div>
   <div class='ocr_carea' id='block_1_90' title="bbox 2155 2620 3807 2702">
    <p class='ocr_par' dir='ltr' id='par_1_90' title="bbox 2155 2620 3807 2702">
     <span class='ocr_line' id='line_1_93' title="bbox 2155 2620 3807 2702; baseline 0.003 -24"><span class='ocrx_word' id='word_1_636' title='bbox 2155 2620 2212 2678; x_wconf 77' lang='grc' dir='ltr'>δὶ</span> <span class='ocrx_word' id='word_1_637' title='bbox 2263 2621 2353 2678; x_wconf 81' lang='grc' dir='ltr'>καὶ</span> <span class='ocrx_word' id='word_1_638' title='bbox 2410 2622 2691 2694; x_wconf 86' lang='grc' dir='ltr'>κοινότητι</span> <span class='ocrx_word' id='word_1_639' title='bbox 2772 2625 2995 2700; x_wconf 82' lang='grc' dir='ltr'>μερίσας</span> <span class='ocrx_word' id='word_1_640' title='bbox 3046 2627 3109 2682; x_wconf 88' lang='grc' dir='ltr'>τὸ</span> <span class='ocrx_word' id='word_1_641' title='bbox 3172 2626 3394 2701; x_wconf 77' lang='grc' dir='ltr'>βλέπειν</span> <span class='ocrx_word' id='word_1_642' title='bbox 3452 2628 3668 2702; x_wconf 78' lang='grc' dir='ltr'>ὁμοίως</span> <span class='ocrx_word' id='word_1_643' title='bbox 3727 2630 3807 2685; x_wconf 73' lang='grc' dir='ltr'>ένὶ</span> 
     </span>
    </p>
   </div>
   <div class='ocr_carea' id='block_1_91' title="bbox 2153 2711 3810 2794">
    <p class='ocr_par' dir='ltr' id='par_1_91' title="bbox 2153 2711 3810 2794">
     <span class='ocr_line' id='line_1_94' title="bbox 2153 2711 3810 2794; baseline 0.004 -27"><span class='ocrx_word' id='word_1_644' title='bbox 2153 2711 2448 2784; x_wconf 83' lang='grc' dir='ltr'>κελεύματι</span> <span class='ocrx_word' id='word_1_645' title='bbox 2479 2713 2608 2768; x_wconf 75' lang='grc' dir='ltr'>πᾶσι</span> <span class='ocrx_word' id='word_1_646' title='bbox 2640 2713 2978 2790; x_wconf 82' lang='grc' dir='ltr'>κεχάρισται.</span> <span class='ocrx_word' id='word_1_647' title='bbox 3012 2716 3079 2773; x_wconf 81' lang='lat' dir='ltr'>O&#39;t</span> <span class='ocrx_word' id='word_1_648' title='bbox 3135 2717 3301 2789; x_wconf 89' lang='grc' dir='ltr'>νόμοι</span> <span class='ocrx_word' id='word_1_649' title='bbox 3349 2713 3427 2788; x_wconf 73' lang='grc' dir='ltr'>δὶ,</span> <span class='ocrx_word' id='word_1_650' title='bbox 3487 2717 3677 2794; x_wconf 75' lang='grc' dir='ltr'>φησὶν,</span> <span class='ocrx_word' id='word_1_651' title='bbox 3712 2719 3810 2774; x_wconf 78' lang='grc' dir='ltr'>ἆν-</span> 
     </span>
    </p>
   </div>
   <div class='ocr_carea' id='block_1_92' title="bbox 2157 2801 3809 2884">
    <p class='ocr_par' dir='ltr' id='par_1_92' title="bbox 2157 2801 3809 2884">
     <span class='ocr_line' id='line_1_95' title="bbox 2157 2801 3809 2884; baseline 0.005 -29"><span class='ocrx_word' id='word_1_652' title='bbox 2157 2802 2392 2877; x_wconf 89' lang='grc' dir='ltr'>θρώπων</span> <span class='ocrx_word' id='word_1_653' title='bbox 2452 2801 2682 2875; x_wconf 81' lang='grc' dir='ltr'>ἀμαθίαν</span> <span class='ocrx_word' id='word_1_654' title='bbox 2758 2804 3010 2872; x_wconf 83' lang='grc' dir='ltr'>κολάζειν</span> <span class='ocrx_word' id='word_1_655' title='bbox 3094 2806 3172 2878; x_wconf 78' lang='grc' dir='ltr'>μὴ</span> <span class='ocrx_word' id='word_1_656' title='bbox 3253 2803 3544 2880; x_wconf 83' lang='grc' dir='ltr'>δυνάμενοι</span> <span class='ocrx_word' id='word_1_657' title='bbox 3627 2828 3809 2884; x_wconf 67' lang='grc' dir='ltr'>παρα-</span> 
     </span>
    </p>
   </div>
   <div class='ocr_carea' id='block_1_93' title="bbox 2157 2888 3810 2968">
    <p class='ocr_par' dir='ltr' id='par_1_93' title="bbox 2157 2888 3810 2968">
     <span class='ocr_line' id='line_1_96' title="bbox 2157 2888 3810 2968; baseline 0.005 -23"><span class='ocrx_word' id='word_1_658' title='bbox 2157 2896 2345 2964; x_wconf 84' lang='grc' dir='ltr'>νομεῖν</span> <span class='ocrx_word' id='word_1_659' title='bbox 2392 2888 2658 2962; x_wconf 72' lang='grc' dir='ltr'>ἐδίδαξαν·</span> <span class='ocrx_word' id='word_1_660' title='bbox 2689 2893 2724 2962; x_wconf 78' lang='grc' dir='ltr'>ἡ</span> <span class='ocrx_word' id='word_1_661' title='bbox 2753 2894 2856 2968; x_wconf 80' lang='grc' dir='ltr'>γὰρ</span> <span class='ocrx_word' id='word_1_662' title='bbox 2889 2891 3104 2966; x_wconf 79' lang='grc' dir='ltr'>ἰδιότης</span> <span class='ocrx_word' id='word_1_663' title='bbox 3139 2899 3250 2949; x_wconf 90' lang='grc' dir='ltr'>τῶν</span> <span class='ocrx_word' id='word_1_664' title='bbox 3299 2894 3506 2968; x_wconf 89' lang='grc' dir='ltr'>νόμων,</span> <span class='ocrx_word' id='word_1_665' title='bbox 3537 2897 3638 2966; x_wconf 74' lang='grc' dir='ltr'>τὴν</span> <span class='ocrx_word' id='word_1_666' title='bbox 3688 2920 3810 2953; x_wconf 87' lang='grc' dir='ltr'>κοι-</span> 
     </span>
    </p>
   </div>
   <div class='ocr_carea' id='block_1_94' title="bbox 2159 2978 3810 3062">
    <p class='ocr_par' dir='ltr' id='par_1_94' title="bbox 2159 2978 3810 3062">
     <span class='ocr_line' id='line_1_97' title="bbox 2159 2978 3810 3062; baseline 0.005 -29"><span class='ocrx_word' id='word_1_667' title='bbox 2159 2979 2352 3034; x_wconf 91' lang='grc' dir='ltr'>νωνίαν</span> <span class='ocrx_word' id='word_1_668' title='bbox 2384 2983 2480 3035; x_wconf 77' lang='grc' dir='ltr'>τοῦ</span> <span class='ocrx_word' id='word_1_669' title='bbox 2509 2978 2659 3035; x_wconf 81' lang='grc' dir='ltr'>θείου</span> <span class='ocrx_word' id='word_1_670' title='bbox 2715 2981 2890 3054; x_wconf 89' lang='grc' dir='ltr'>νόμου</span> <span class='ocrx_word' id='word_1_671' title='bbox 2945 2983 3236 3056; x_wconf 82' lang='grc' dir='ltr'>κατέτεμεν</span> <span class='ocrx_word' id='word_1_672' title='bbox 3292 2983 3382 3038; x_wconf 83' lang='grc' dir='ltr'>καὶ</span> <span class='ocrx_word' id='word_1_673' title='bbox 3431 2989 3810 3062; x_wconf 82' lang='grc' dir='ltr'>παρατρώγει·</span> 
     </span>
    </p>
   </div>
   <div class='ocr_carea' id='block_1_95' title="bbox 2165 3068 3820 3150">
    <p class='ocr_par' dir='ltr' id='par_1_95' title="bbox 2165 3068 3820 3150">
     <span class='ocr_line' id='line_1_98' title="bbox 2165 3068 3820 3150; baseline 0.005 -28"><span class='ocrx_word' id='word_1_674' title='bbox 2165 3075 2241 3143; x_wconf 81' lang='grc' dir='ltr'>μῆ</span> <span class='ocrx_word' id='word_1_675' title='bbox 2274 3068 2473 3132; x_wconf 76' lang='grc' dir='ltr'>συνιεὶς</span> <span class='ocrx_word' id='word_1_676' title='bbox 2513 3070 2574 3126; x_wconf 86' lang='grc' dir='ltr'>τὸ</span> <span class='ocrx_word' id='word_1_677' title='bbox 2610 3074 2707 3125; x_wconf 80' lang='grc' dir='ltr'>τοῦ</span> <span class='ocrx_word' id='word_1_678' title='bbox 2739 3070 3081 3128; x_wconf 86' lang='grc' dir='ltr'>Ἀποστόλου</span> <span class='ocrx_word' id='word_1_679' title='bbox 3140 3071 3323 3148; x_wconf 80' lang='grc' dir='ltr'>ρητον,</span> <span class='ocrx_word' id='word_1_680' title='bbox 3357 3072 3620 3150; x_wconf 80' lang='grc' dir='ltr'>λέγοντος</span> <span class='ocrx_word' id='word_1_681' title='bbox 3657 3100 3686 3130; x_wconf 72' lang='grc' dir='ltr'>α</span> <span class='ocrx_word' id='word_1_682' title='bbox 3720 3075 3820 3131; x_wconf 81' lang='grc' dir='ltr'>Διᾶ</span> 
     </span>
    </p>
   </div>
   <div class='ocr_carea' id='block_1_96' title="bbox 2162 3154 3816 3236">
    <p class='ocr_par' dir='ltr' id='par_1_96' title="bbox 2162 3154 3816 3236">
     <span class='ocr_line' id='line_1_99' title="bbox 2162 3154 3816 3236; baseline 0.003 -22"><span class='ocrx_word' id='word_1_683' title='bbox 2162 3155 2359 3231; x_wconf 83' lang='grc' dir='ltr'>Νόμου</span> <span class='ocrx_word' id='word_1_684' title='bbox 2387 3160 2488 3227; x_wconf 82' lang='grc' dir='ltr'>τήν</span> <span class='ocrx_word' id='word_1_685' title='bbox 2548 3158 2811 3235; x_wconf 80' lang='grc' dir='ltr'>ἁμαρτίαν</span> <span class='ocrx_word' id='word_1_686' title='bbox 2865 3154 3032 3235; x_wconf 74' lang='grc' dir='ltr'>ἔγνων</span> <span class='ocrx_word' id='word_1_687' title='bbox 3064 3164 3198 3233; x_wconf 72' lang='grc'>(58)·</span> <span class='ocrx_word' id='word_1_688' title='bbox 3235 3186 3262 3214; x_wconf 84' lang='grc'><strong>››</strong></span> <span class='ocrx_word' id='word_1_689' title='bbox 3318 3163 3382 3217; x_wconf 91' lang='grc' dir='ltr'>τό</span> <span class='ocrx_word' id='word_1_690' title='bbox 3437 3164 3485 3218; x_wconf 86' lang='grc' dir='ltr'>τ’</span> <span class='ocrx_word' id='word_1_691' title='bbox 3533 3163 3669 3236; x_wconf 69' lang='grc' dir='ltr'>ἐμὸν</span> <span class='ocrx_word' id='word_1_692' title='bbox 3725 3163 3816 3219; x_wconf 78' lang='grc' dir='ltr'>καὶ</span> 
     </span>
    </p>
   </div>
   <div class='ocr_carea' id='block_1_97' title="bbox 2160 3245 3818 3329">
    <p class='ocr_par' dir='ltr' id='par_1_97' title="bbox 2160 3245 3818 3329">
     <span class='ocr_line' id='line_1_100' title="bbox 2160 3245 3818 3329; baseline 0.007 -28"><span class='ocrx_word' id='word_1_693' title='bbox 2160 3247 2222 3302; x_wconf 85' lang='grc' dir='ltr'>τὸ</span> <span class='ocrx_word' id='word_1_694' title='bbox 2253 3247 2343 3302; x_wconf 86' lang='grc' dir='ltr'>σὸν</span> <span class='ocrx_word' id='word_1_695' title='bbox 2372 3247 2504 3322; x_wconf 76' lang='grc' dir='ltr'>φησὶ</span> <span class='ocrx_word' id='word_1_696' title='bbox 2532 3245 2619 3302; x_wconf 82' lang='grc' dir='ltr'>διὰ</span> <span class='ocrx_word' id='word_1_697' title='bbox 2647 3253 2756 3303; x_wconf 86' lang='grc' dir='ltr'>τῶν</span> <span class='ocrx_word' id='word_1_698' title='bbox 2784 3248 2969 3323; x_wconf 88' lang='grc' dir='ltr'>νόμων</span> <span class='ocrx_word' id='word_1_699' title='bbox 3001 3249 3394 3325; x_wconf 81' lang='grc' dir='ltr'>παρεισελθεῖν·</span> <span class='ocrx_word' id='word_1_700' title='bbox 3447 3259 3648 3325; x_wconf 78' lang='grc' dir='ltr'>μηκέτι</span> <span class='ocrx_word' id='word_1_701' title='bbox 3704 3257 3818 3329; x_wconf 83' lang='grc'>(59)</span> 
     </span>
    </p>
   </div>
   <div class='ocr_carea' id='block_1_98' title="bbox 2163 3335 3816 3418">
    <p class='ocr_par' dir='ltr' id='par_1_98' title="bbox 2163 3335 3816 3418">
     <span class='ocr_line' id='line_1_101' title="bbox 2163 3335 3816 3418; baseline 0.005 -27"><span class='ocrx_word' id='word_1_702' title='bbox 2163 3335 2240 3398; x_wconf 69' lang='grc' dir='ltr'>εἷς</span> <span class='ocrx_word' id='word_1_703' title='bbox 2269 3337 2562 3409; x_wconf 87' lang='grc' dir='ltr'>κοινότητα</span> <span class='ocrx_word' id='word_1_704' title='bbox 2614 3340 2812 3411; x_wconf 87' lang='grc' dir='ltr'>(κοινά</span> <span class='ocrx_word' id='word_1_705' title='bbox 2864 3360 2924 3394; x_wconf 90' lang='grc' dir='ltr'>τε</span> <span class='ocrx_word' id='word_1_706' title='bbox 2972 3342 3142 3416; x_wconf 78' lang='grc' dir='ltr'>γὰρ’)</span> <span class='ocrx_word' id='word_1_707' title='bbox 3196 3337 3609 3418; x_wconf 63' lang='grc' dir='ltr'>καρπουμένων,</span> <span class='ocrx_word' id='word_1_708' title='bbox 3675 3347 3816 3417; x_wconf 73' lang='grc' dir='ltr'>μήτε</span> 
     </span>
    </p>
   </div>
   <div class='ocr_carea' id='block_1_99' title="bbox 2163 3427 3815 3508">
    <p class='ocr_par' dir='ltr' id='par_1_99' title="bbox 2163 3427 3815 3508">
     <span class='ocr_line' id='line_1_102' title="bbox 2163 3427 3815 3508; baseline 0.005 -28"><span class='ocrx_word' id='word_1_709' title='bbox 2163 3431 2290 3500; x_wconf 74' lang='grc' dir='ltr'>γῆν,</span> <span class='ocrx_word' id='word_1_710' title='bbox 2345 3428 2486 3499; x_wconf 72' lang='grc' dir='ltr'>μήτε</span> <span class='ocrx_word' id='word_1_711' title='bbox 2532 3427 2807 3500; x_wconf 72' lang='grc' dir='ltr'>κτήματα,</span> <span class='ocrx_word' id='word_1_712' title='bbox 2861 3427 3006 3485; x_wconf 79' lang='grc' dir='ltr'>ἀλλὰ</span> <span class='ocrx_word' id='word_1_713' title='bbox 3060 3427 3200 3504; x_wconf 66' lang='grc' dir='ltr'>μηδὲ</span> <span class='ocrx_word' id='word_1_714' title='bbox 3245 3429 3442 3506; x_wconf 78' lang='grc' dir='ltr'>γάμον·</span> <span class='ocrx_word' id='word_1_715' title='bbox 3493 3437 3655 3507; x_wconf 76' lang='grc' dir='ltr'>κοινῇ</span> <span class='ocrx_word' id='word_1_716' title='bbox 3707 3436 3815 3508; x_wconf 70' lang='grc' dir='ltr'>γὰρ</span> 
     </span>
    </p>
   </div>
   <div class='ocr_carea' id='block_1_100' title="bbox 2165 3513 3820 3596">
    <p class='ocr_par' dir='ltr' id='par_1_100' title="bbox 2165 3513 3820 3596">
     <span class='ocr_line' id='line_1_103' title="bbox 2165 3513 3820 3596; baseline 0.007 -29"><span class='ocrx_word' id='word_1_717' title='bbox 2165 3515 2358 3568; x_wconf 77' lang='grc' dir='ltr'>ἅπασιν</span> <span class='ocrx_word' id='word_1_718' title='bbox 2392 3513 2613 3584; x_wconf 79' lang='grc' dir='ltr'>ἐποίησε</span> <span class='ocrx_word' id='word_1_719' title='bbox 2641 3517 2736 3578; x_wconf 79' lang='grc' dir='ltr'>τὰς</span> <span class='ocrx_word' id='word_1_720' title='bbox 2767 3515 3078 3590; x_wconf 80' lang='grc' dir='ltr'>ἀμπέλους.</span> <span class='ocrx_word' id='word_1_721' title='bbox 3135 3517 3191 3573; x_wconf 64' lang='grc' dir='ltr'>αἵ</span> <span class='ocrx_word' id='word_1_722' title='bbox 3249 3522 3326 3592; x_wconf 78' lang='grc' dir='ltr'>μὴ</span> <span class='ocrx_word' id='word_1_723' title='bbox 3361 3520 3587 3596; x_wconf 69' lang='grc' dir='ltr'>πρυθόν</span> <span class='ocrx_word' id='word_1_724' title='bbox 3622 3565 3636 3591; x_wconf 94' lang='grc'>,</span> <span class='ocrx_word' id='word_1_725' title='bbox 3675 3525 3820 3596; x_wconf 73' lang='grc' dir='ltr'>μήτε</span> 
     </span>
    </p>
   </div>
   <div class='ocr_carea' id='block_1_101' title="bbox 2164 3601 3818 3678">
    <p class='ocr_par' dir='ltr' id='par_1_101' title="bbox 2164 3601 3818 3678">
     <span class='ocr_line' id='line_1_104' title="bbox 2164 3601 3818 3678; baseline 0.005 -21"><span class='ocrx_word' id='word_1_726' title='bbox 2164 3601 2408 3672; x_wconf 85' lang='grc' dir='ltr'>κλέπτην</span> <span class='ocrx_word' id='word_1_727' title='bbox 2440 3603 2822 3678; x_wconf 83' lang='grc' dir='ltr'>ἀπαρνοῦνται·</span> <span class='ocrx_word' id='word_1_728' title='bbox 2855 3607 2945 3660; x_wconf 85' lang='grc' dir='ltr'>καὶ</span> <span class='ocrx_word' id='word_1_729' title='bbox 2990 3608 3083 3662; x_wconf 89' lang='grc' dir='ltr'>τὸν</span> <span class='ocrx_word' id='word_1_730' title='bbox 3137 3614 3284 3664; x_wconf 89' lang='grc' dir='ltr'>σῖτον</span> <span class='ocrx_word' id='word_1_731' title='bbox 3338 3609 3534 3677; x_wconf 77' lang='grc' dir='ltr'>οὕτως,</span> <span class='ocrx_word' id='word_1_732' title='bbox 3566 3611 3657 3666; x_wconf 75' lang='grc' dir='ltr'>καὶ</span> <span class='ocrx_word' id='word_1_733' title='bbox 3688 3612 3818 3676; x_wconf 78' lang='grc' dir='ltr'>τοὺς</span> 
     </span>
    </p>
   </div>
   <div class='ocr_carea' id='block_1_102' title="bbox 2166 3689 3818 3776">
    <p class='ocr_par' dir='ltr' id='par_1_102' title="bbox 2166 3689 3818 3776">
     <span class='ocr_line' id='line_1_105' title="bbox 2166 3689 3818 3776; baseline 0.007 -30"><span class='ocrx_word' id='word_1_734' title='bbox 2166 3689 2370 3754; x_wconf 70' lang='grc' dir='ltr'>ἄλλους</span> <span class='ocrx_word' id='word_1_735' title='bbox 2399 3692 2660 3769; x_wconf 86' lang='grc' dir='ltr'>καρπούς.</span> <span class='ocrx_word' id='word_1_736' title='bbox 2696 3691 2849 3750; x_wconf 80' lang='grc' dir='ltr'>Ἡδὲ</span> <span class='ocrx_word' id='word_1_737' title='bbox 2895 3697 3153 3752; x_wconf 85' lang='grc' dir='ltr'>κοινωνία</span> <span class='ocrx_word' id='word_1_738' title='bbox 3199 3706 3650 3773; x_wconf 68' lang='grc' dir='ltr'>παρανομηθεῖσι</span> <span class='ocrx_word' id='word_1_739' title='bbox 3701 3705 3818 3776; x_wconf 79' lang='grc'>(60)</span> 
     </span>
    </p>
   </div>
   <div class='ocr_carea' id='block_1_103' title="bbox 2164 3782 3817 3864">
    <p class='ocr_par' dir='ltr' id='par_1_103' title="bbox 2164 3782 3817 3864">
     <span class='ocr_line' id='line_1_106' title="bbox 2164 3782 3817 3864; baseline 0.006 -28"><span class='ocrx_word' id='word_1_740' title='bbox 2164 3783 2254 3836; x_wconf 84' lang='grc' dir='ltr'>καὶ</span> <span class='ocrx_word' id='word_1_741' title='bbox 2282 3783 2350 3836; x_wconf 75' lang='grc' dir='ltr'>τὰ</span> <span class='ocrx_word' id='word_1_742' title='bbox 2375 3789 2475 3854; x_wconf 75' lang='grc' dir='ltr'>τῆς</span> <span class='ocrx_word' id='word_1_743' title='bbox 2503 3782 2752 3853; x_wconf 82' lang='grc' dir='ltr'>ἰσότητος</span> <span class='ocrx_word' id='word_1_744' title='bbox 2793 3783 3042 3860; x_wconf 77' lang='grc' dir='ltr'>ἐγέννησε</span> <span class='ocrx_word' id='word_1_745' title='bbox 3075 3786 3400 3862; x_wconf 85' lang='grc' dir='ltr'>θρεμμάτων</span> <span class='ocrx_word' id='word_1_746' title='bbox 3449 3787 3542 3845; x_wconf 75' lang='grc' dir='ltr'>καὶ</span> <span class='ocrx_word' id='word_1_747' title='bbox 3591 3796 3817 3864; x_wconf 76' lang='grc' dir='ltr'>καρπῶν</span> 
     </span>
    </p>
   </div>
   <div class='ocr_carea' id='block_1_104' title="bbox 2164 3869 3819 3954">
    <p class='ocr_par' dir='ltr' id='par_1_104' title="bbox 2164 3869 3819 3954">
     <span class='ocr_line' id='line_1_107' title="bbox 2164 3869 3819 3954; baseline 0.006 -28"><span class='ocrx_word' id='word_1_748' title='bbox 2164 3869 2408 3943; x_wconf 84' lang='grc' dir='ltr'>κλέπτην</span> <span class='ocrx_word' id='word_1_749' title='bbox 2447 3915 2461 3929; x_wconf 95' lang='grc'>.</span> <span class='ocrx_word' id='word_1_750' title='bbox 2520 3877 2688 3947; x_wconf 80' lang='grc' dir='ltr'>Κοινῇ</span> <span class='ocrx_word' id='word_1_751' title='bbox 2737 3874 2920 3930; x_wconf 88' lang='grc' dir='ltr'>τοίνυν</span> <span class='ocrx_word' id='word_1_752' title='bbox 2982 3877 3010 3930; x_wconf 85' lang='grc' dir='ltr'><strong>ὁ</strong></span> <span class='ocrx_word' id='word_1_753' title='bbox 3068 3875 3199 3939; x_wconf 81' lang='grc' dir='ltr'>Θεός</span> <span class='ocrx_word' id='word_1_754' title='bbox 3269 3880 3476 3934; x_wconf 80' lang='grc' dir='ltr'>ἅπαντα</span> <span class='ocrx_word' id='word_1_755' title='bbox 3545 3880 3819 3954; x_wconf 77' lang='grc' dir='ltr'>ἀνθρώπῳ</span> 
     </span>
    </p>
   </div>
   <div class='ocr_carea' id='block_1_105' title="bbox 2167 3961 3818 4046">
    <p class='ocr_par' dir='ltr' id='par_1_105' title="bbox 2167 3961 3818 4046">
     <span class='ocr_line' id='line_1_108' title="bbox 2167 3961 3818 4046; baseline 0.006 -31"><span class='ocrx_word' id='word_1_756' title='bbox 2167 3963 2423 4032; x_wconf 74' lang='grc' dir='ltr'>ποιήσας,</span> <span class='ocrx_word' id='word_1_757' title='bbox 2457 3961 2547 4018; x_wconf 74' lang='grc' dir='ltr'>καὶ</span> <span class='ocrx_word' id='word_1_758' title='bbox 2577 3963 2639 4017; x_wconf 84' lang='grc' dir='ltr'>τὸ</span> <span class='ocrx_word' id='word_1_759' title='bbox 2660 3962 2800 4032; x_wconf 81' lang='grc' dir='ltr'>θῆλυ</span> <span class='ocrx_word' id='word_1_760' title='bbox 2829 3969 2908 4036; x_wconf 79' lang='grc' dir='ltr'>τῷ</span> <span class='ocrx_word' id='word_1_761' title='bbox 2937 3965 3118 4042; x_wconf 78' lang='grc' dir='ltr'>ἄρῥένι</span> <span class='ocrx_word' id='word_1_762' title='bbox 3150 3972 3308 4042; x_wconf 76' lang='grc' dir='ltr'>κοινῇ</span> <span class='ocrx_word' id='word_1_763' title='bbox 3356 3970 3694 4046; x_wconf 86' lang='grc' dir='ltr'>συναγαγὼν,</span> <span class='ocrx_word' id='word_1_764' title='bbox 3726 3971 3818 4025; x_wconf 76' lang='grc' dir='ltr'>καὶ</span> 
     </span>
    </p>
   </div>
   <div class='ocr_carea' id='block_1_106' title="bbox 2167 4051 3822 4129">
    <p class='ocr_par' dir='ltr' id='par_1_106' title="bbox 2167 4051 3822 4129">
     <span class='ocr_line' id='line_1_109' title="bbox 2167 4051 3822 4129; baseline 0.005 -23"><span class='ocrx_word' id='word_1_765' title='bbox 2167 4052 2325 4115; x_wconf 83' lang='grc' dir='ltr'>πανθ⁹</span> <span class='ocrx_word' id='word_1_766' title='bbox 2357 4051 2564 4125; x_wconf 85' lang='grc' dir='ltr'>ὁμοίως</span> <span class='ocrx_word' id='word_1_767' title='bbox 2593 4052 2660 4106; x_wconf 71' lang='grc' dir='ltr'>τὰ</span> <span class='ocrx_word' id='word_1_768' title='bbox 2687 4056 2798 4122; x_wconf 81' lang='grc' dir='ltr'>ζῶα</span> <span class='ocrx_word' id='word_1_769' title='bbox 2825 4053 3087 4126; x_wconf 75' lang='grc' dir='ltr'>κολήσας,</span> <span class='ocrx_word' id='word_1_770' title='bbox 3144 4057 3244 4126; x_wconf 73' lang='grc' dir='ltr'>τὴν</span> <span class='ocrx_word' id='word_1_771' title='bbox 3301 4054 3650 4129; x_wconf 83' lang='grc' dir='ltr'>δικαιοσύνην</span> <span class='ocrx_word' id='word_1_772' title='bbox 3704 4060 3822 4114; x_wconf 80' lang='grc' dir='ltr'>ἀνὲ·</span> 
     </span>
    </p>
   </div>
   <div class='ocr_carea' id='block_1_107' title="bbox 2169 4142 3822 4222">
    <p class='ocr_par' dir='ltr' id='par_1_107' title="bbox 2169 4142 3822 4222">
     <span class='ocr_line' id='line_1_110' title="bbox 2169 4142 3822 4222; baseline 0.005 -28"><span class='ocrx_word' id='word_1_773' title='bbox 2169 4162 2358 4220; x_wconf 71' lang='grc' dir='ltr'>φηνεν,</span> <span class='ocrx_word' id='word_1_774' title='bbox 2381 4142 2666 4197; x_wconf 88' lang='grc' dir='ltr'>κοινωνίαν</span> <span class='ocrx_word' id='word_1_775' title='bbox 2703 4143 2819 4216; x_wconf 81' lang='grc' dir='ltr'>μετ’</span> <span class='ocrx_word' id='word_1_776' title='bbox 2851 4142 3123 4215; x_wconf 82' lang='grc' dir='ltr'>ἰσότητος.</span> <span class='ocrx_word' id='word_1_777' title='bbox 3155 4145 3223 4202; x_wconf 83' lang='lat' dir='ltr'>Ol</span> <span class='ocrx_word' id='word_1_778' title='bbox 3252 4143 3310 4201; x_wconf 72' lang='grc' dir='ltr'>δὲ</span> <span class='ocrx_word' id='word_1_779' title='bbox 3338 4145 3624 4222; x_wconf 85' lang='grc' dir='ltr'>γεγονότες</span> <span class='ocrx_word' id='word_1_780' title='bbox 3652 4147 3822 4218; x_wconf 68' lang='grc' dir='ltr'>οὕτω,</span> 
     </span>
    </p>
   </div>
   <div class='ocr_carea' id='block_1_108' title="bbox 2165 4229 3824 4311">
    <p class='ocr_par' dir='ltr' id='par_1_108' title="bbox 2165 4229 3824 4311">
     <span class='ocr_line' id='line_1_111' title="bbox 2165 4229 3824 4311; baseline 0.004 -26"><span class='ocrx_word' id='word_1_781' title='bbox 2165 4230 2265 4300; x_wconf 75' lang='grc' dir='ltr'>τήν</span> <span class='ocrx_word' id='word_1_782' title='bbox 2300 4229 2630 4306; x_wconf 84' lang='grc' dir='ltr'>συνάγουσαν</span> <span class='ocrx_word' id='word_1_783' title='bbox 2660 4232 2968 4304; x_wconf 89' lang='grc' dir='ltr'>κοινωνίαν,</span> <span class='ocrx_word' id='word_1_784' title='bbox 2999 4234 3097 4302; x_wconf 81' lang='grc' dir='ltr'>τήν</span> <span class='ocrx_word' id='word_1_785' title='bbox 3145 4234 3349 4310; x_wconf 77' lang='grc' dir='ltr'>γένεσιν</span> <span class='ocrx_word' id='word_1_786' title='bbox 3401 4235 3579 4292; x_wconf 84' lang='grc' dir='ltr'>αὐτῶν</span> <span class='ocrx_word' id='word_1_787' title='bbox 3636 4237 3824 4311; x_wconf 79' lang='grc' dir='ltr'>ἀπηρ-</span> 
     </span>
    </p>
   </div>
   <div class='ocr_carea' id='block_1_109' title="bbox 2168 4320 3822 4404">
    <p class='ocr_par' dir='ltr' id='par_1_109' title="bbox 2168 4320 3822 4404">
     <span class='ocr_line' id='line_1_112' title="bbox 2168 4320 3822 4404; baseline 0.005 -31"><span class='ocrx_word' id='word_1_788' title='bbox 2168 4320 2433 4390; x_wconf 82' lang='grc' dir='ltr'>νήθησαν·</span> <span class='ocrx_word' id='word_1_789' title='bbox 2465 4321 2557 4376; x_wconf 82' lang='grc' dir='ltr'>καὶ</span> <span class='ocrx_word' id='word_1_790' title='bbox 2607 4321 2797 4399; x_wconf 74' lang='grc' dir='ltr'>φησὶν,</span> <span class='ocrx_word' id='word_1_791' title='bbox 2855 4321 2900 4377; x_wconf 66' lang='lat' dir='ltr'>El</span> <span class='ocrx_word' id='word_1_792' title='bbox 2962 4325 3090 4396; x_wconf 86' lang='grc' dir='ltr'>μίαν</span> <span class='ocrx_word' id='word_1_793' title='bbox 3138 4323 3411 4399; x_wconf 79' lang='grc' dir='ltr'>ἀγόμενος</span> <span class='ocrx_word' id='word_1_794' title='bbox 3461 4329 3573 4401; x_wconf 83' lang='grc'>(61)</span> <span class='ocrx_word' id='word_1_795' title='bbox 3619 4327 3822 4404; x_wconf 75' lang='grc' dir='ltr'>ἐχέτω,</span> 
     </span>
    </p>
   </div>
   <div class='ocr_carea' id='block_1_110' title="bbox 2103 4624 3830 4704">
    <p class='ocr_par' dir='ltr' id='par_1_110' title="bbox 2103 4624 3830 4704">
     <span class='ocr_line' id='line_1_113' title="bbox 2103 4624 3830 4704; baseline 0.01 -26"><span class='ocrx_word' id='word_1_796' title='bbox 2103 4628 2151 4695; x_wconf 82' lang='lat' dir='ltr'><strong>D</strong></span> <span class='ocrx_word' id='word_1_797' title='bbox 2185 4624 2545 4704; x_wconf 88' lang='lat' dir='ltr'>editionibus</span> <span class='ocrx_word' id='word_1_798' title='bbox 2576 4634 2710 4701; x_wconf 88' lang='lat' dir='ltr'>post</span> <span class='ocrx_word' id='word_1_799' title='bbox 2739 4628 2847 4687; x_wconf 88' lang='lat' dir='ltr'>has</span> <span class='ocrx_word' id='word_1_800' title='bbox 2868 4647 3038 4688; x_wconf 84' lang='lat' dir='ltr'>voces</span> <span class='ocrx_word' id='word_1_801' title='bbox 3069 4633 3347 4704; x_wconf 89' lang='lat' dir='ltr'>occurrit,</span> <span class='ocrx_word' id='word_1_802' title='bbox 3377 4634 3585 4693; x_wconf 89' lang='lat' dir='ltr'>tollere</span> <span class='ocrx_word' id='word_1_803' title='bbox 3631 4639 3830 4696; x_wconf 89' lang='lat' dir='ltr'>visum</span> 
     </span>
    </p>
   </div>
   <div class='ocr_carea' id='block_1_111' title="bbox 2183 4703 2290 4754">
    <p class='ocr_par' dir='ltr' id='par_1_111' title="bbox 2183 4703 2290 4754">
     <span class='ocr_line' id='line_1_114' title="bbox 2183 4703 2290 4754; baseline 0.019 -2"><span class='ocrx_word' id='word_1_804' title='bbox 2183 4703 2290 4754; x_wconf 90' lang='lat' dir='ltr'>est.</span> 
     </span>
    </p>
   </div>
   <div class='ocr_carea' id='block_1_112' title="bbox 2246 4768 3831 4854">
    <p class='ocr_par' dir='ltr' id='par_1_112' title="bbox 2246 4768 3831 4854">
     <span class='ocr_line' id='line_1_115' title="bbox 2246 4768 3831 4854; baseline 0.01 -31"><span class='ocrx_word' id='word_1_805' title='bbox 2246 4769 2824 4854; x_wconf 35' lang='grc' dir='ltr'>(ὅβλΜὴσμνιεῖς...</span> <span class='ocrx_word' id='word_1_806' title='bbox 2879 4768 3063 4854; x_wconf 58' lang='grc' dir='ltr'>ἔγνων.</span> <span class='ocrx_word' id='word_1_807' title='bbox 3116 4778 3248 4834; x_wconf 74' lang='lat' dir='ltr'>Haec</span> <span class='ocrx_word' id='word_1_808' title='bbox 3291 4779 3612 4854; x_wconf 82' lang='lat' dir='ltr'>Clementis</span> <span class='ocrx_word' id='word_1_809' title='bbox 3651 4783 3831 4840; x_wconf 82' lang='lat' dir='ltr'>verba</span> 
     </span>
    </p>
   </div>
   <div class='ocr_carea' id='block_1_113' title="bbox 2175 4845 3829 4928">
    <p class='ocr_par' dir='ltr' id='par_1_113' title="bbox 2175 4845 3829 4928">
     <span class='ocr_line' id='line_1_116' title="bbox 2175 4845 3829 4928; baseline 0.009 -34"><span class='ocrx_word' id='word_1_810' title='bbox 2175 4847 2334 4928; x_wconf 68' lang='lat' dir='ltr'>sunt.</span> <span class='ocrx_word' id='word_1_811' title='bbox 2366 4845 2624 4928; x_wconf 70' lang='lat' dir='ltr'>Respicit</span> <span class='ocrx_word' id='word_1_812' title='bbox 2653 4853 2853 4928; x_wconf 73' lang='lat' dir='ltr'>autem</span> <span class='ocrx_word' id='word_1_813' title='bbox 2885 4845 3058 4928; x_wconf 48' lang='lat' dir='ltr'>Rom;</span> <span class='ocrx_word' id='word_1_814' title='bbox 3085 4866 3167 4914; x_wconf 77' lang='grc' dir='ltr'>ιιι,</span> <span class='ocrx_word' id='word_1_815' title='bbox 3198 4853 3266 4905; x_wconf 84' lang='lat'>20</span> <span class='ocrx_word' id='word_1_816' title='bbox 3293 4869 3304 4904; x_wconf 90' lang='lat'><strong>:</strong></span> <span class='ocrx_word' id='word_1_817' title='bbox 3358 4851 3457 4928; x_wconf 56' lang='lat' dir='ltr'>At}:</span> <span class='ocrx_word' id='word_1_818' title='bbox 3498 4852 3600 4928; x_wconf 73' lang='grc' dir='ltr'>γᾶιρ</span> <span class='ocrx_word' id='word_1_819' title='bbox 3650 4855 3829 4928; x_wconf 76' lang='grc' dir='ltr'>νόμου</span> 
     </span>
    </p>
   </div>
   <div class='ocr_carea' id='block_1_114' title="bbox 2174 4910 3833 5000">
    <p class='ocr_par' dir='ltr' id='par_1_114' title="bbox 2174 4910 3833 5000">
     <span class='ocr_line' id='line_1_117' title="bbox 2174 4910 3833 5000; baseline 0.004 -36"><span class='ocrx_word' id='word_1_820' title='bbox 2174 4910 2500 5000; x_wconf 45' lang='grc' dir='ltr'>ἐπίγνωσις</span> <span class='ocrx_word' id='word_1_821' title='bbox 2521 4913 2808 5000; x_wconf 62' lang='grc' dir='ltr'>ἁμαρτίαιςζ</span> <span class='ocrx_word' id='word_1_822' title='bbox 2852 4919 2976 5000; x_wconf 42' lang='grc' dir='ltr'>ἔοι.</span> <span class='ocrx_word' id='word_1_823' title='bbox 3013 4910 3187 5000; x_wconf 46' lang='lat' dir='ltr'>‘Rom.</span> <span class='ocrx_word' id='word_1_824' title='bbox 3247 4939 3343 4991; x_wconf 74' lang='grc' dir='ltr'>γη,</span> <span class='ocrx_word' id='word_1_825' title='bbox 3403 4910 3615 4995; x_wconf 85' lang='grc'>7</span> <span class='ocrx_word' id='word_1_826' title='bbox 3648 4910 3833 5000; x_wconf 64' lang='grc' dir='ltr'>ἄιίαρ-</span> 
     </span>
    </p>
   </div>
   <div class='ocr_carea' id='block_1_115' title="bbox 2172 4979 3160 5062">
    <p class='ocr_par' dir='ltr' id='par_1_115' title="bbox 2172 4979 3160 5062">
     <span class='ocr_line' id='line_1_118' title="bbox 2172 4979 3160 5062; baseline 0.008 -26"><span class='ocrx_word' id='word_1_827' title='bbox 2172 4979 2704 5062; x_wconf 32' lang='grc' dir='ltr'>τίανῌούκ-ἔγνωίεί</span> <span class='ocrx_word' id='word_1_828' title='bbox 2740 4988 2816 5062; x_wconf 70' lang='grc' dir='ltr'>μὴ</span> <span class='ocrx_word' id='word_1_829' title='bbox 2849 4987 2938 5042; x_wconf 74' lang='grc' dir='ltr'>διὰ</span> <span class='ocrx_word' id='word_1_830' title='bbox 2965 4989 3160 5062; x_wconf 84' lang='grc' dir='ltr'>νόμου,</span> 
     </span>
    </p>
   </div>
   <div class='ocr_carea' id='block_1_116' title="bbox 2237 5057 3829 5137">
    <p class='ocr_par' dir='ltr' id='par_1_116' title="bbox 2237 5057 3829 5137">
     <span class='ocr_line' id='line_1_119' title="bbox 2237 5057 3829 5137; baseline 0.01 -29"><span class='ocrx_word' id='word_1_831' title='bbox 2237 5057 2358 5137; x_wconf 40' lang='grc'>,(59)</span> <span class='ocrx_word' id='word_1_832' title='bbox 2390 5057 2623 5137; x_wconf 78' lang='grc' dir='ltr'>Μηκέτι.</span> <span class='ocrx_word' id='word_1_833' title='bbox 2657 5057 2892 5137; x_wconf 80' lang='lat' dir='ltr'>P_riores</span> <span class='ocrx_word' id='word_1_834' title='bbox 2921 5057 3210 5137; x_wconf 83' lang='lat' dir='ltr'>editiones</span> <span class='ocrx_word' id='word_1_835' title='bbox 3239 5083 3552 5137; x_wconf 88' lang='lat' dir='ltr'>perperam</span> <span class='ocrx_word' id='word_1_836' title='bbox 3584 5069 3712 5126; x_wconf 70' lang='lat' dir='ltr'>haec</span> <span class='ocrx_word' id='word_1_837' title='bbox 3737 5069 3829 5124; x_wconf 86' lang='lat' dir='ltr'>di-</span> 
     </span>
    </p>
   </div>
   <div class='ocr_carea' id='block_1_117' title="bbox 2176 5130 3827 5214">
    <p class='ocr_par' dir='ltr' id='par_1_117' title="bbox 2176 5130 3827 5214">
     <span class='ocr_line' id='line_1_120' title="bbox 2176 5130 3827 5214; baseline 0.01 -34"><span class='ocrx_word' id='word_1_838' title='bbox 2176 5130 2480 5214; x_wconf 47' lang='lat' dir='ltr'>stingunt&#39;:</span> <span class='ocrx_word' id='word_1_839' title='bbox 2569 5132 2764 5214; x_wconf 78' lang='grc' dir='ltr'>μηκέτι</span> <span class='ocrx_word' id='word_1_840' title='bbox 2794 5130 2919 5214; x_wconf 39' lang='grc' dir='ltr'>*είς</span> <span class='ocrx_word' id='word_1_841' title='bbox 2975 5130 3266 5214; x_wconf 81' lang='grc' dir='ltr'>κοινότητᾶ</span> <span class='ocrx_word' id='word_1_842' title='bbox 3299 5155 3310 5166; x_wconf 92' lang='grc'>·</span> <span class='ocrx_word' id='word_1_843' title='bbox 3346 5130 3534 5214; x_wconf 33' lang='grc' dir='ltr'>’,καινά</span> <span class='ocrx_word' id='word_1_844' title='bbox 3606 5161 3666 5196; x_wconf 55' lang='grc' dir='ltr'>ἰε</span> <span class='ocrx_word' id='word_1_845' title='bbox 3722 5141 3827 5214; x_wconf 74' lang='grc' dir='ltr'>γὰρ</span> 
     </span>
    </p>
   </div>
   <div class='ocr_carea' id='block_1_118' title="bbox 2173 5201 3828 5286">
    <p class='ocr_par' dir='ltr' id='par_1_118' title="bbox 2173 5201 3828 5286">
     <span class='ocr_line' id='line_1_121' title="bbox 2173 5201 3828 5286; baseline 0.013 -36"><span class='ocrx_word' id='word_1_846' title='bbox 2173 5201 2590 5286; x_wconf 54' lang='grc' dir='ltr'>καρπουμένων,</span> <span class='ocrx_word' id='word_1_847' title='bbox 2627 5205 2760 5274; x_wconf 77' lang='grc' dir='ltr'>μήτ.</span> <span class='ocrx_word' id='word_1_848' title='bbox 2794 5205 2894 5259; x_wconf 79' lang='lat' dir='ltr'>Est</span> <span class='ocrx_word' id='word_1_849' title='bbox 2939 5207 3098 5260; x_wconf 88' lang='lat' dir='ltr'>enim</span> <span class='ocrx_word' id='word_1_850' title='bbox 3149 5201 3626 5278; x_wconf 70' lang='lat' dir='ltr'>parentheticum</span> <span class='ocrx_word' id='word_1_851' title='bbox 3678 5201 3828 5270; x_wconf 77' lang='lat' dir='ltr'>illud</span> 
     </span>
    </p>
   </div>
   <div class='ocr_carea' id='block_1_119' title="bbox 2174 5290 2560 5344">
    <p class='ocr_par' dir='ltr' id='par_1_119' title="bbox 2174 5290 2560 5344">
     <span class='ocr_line' id='line_1_122' title="bbox 2174 5290 2560 5344; baseline 0.013 -20"><span class='ocrx_word' id='word_1_852' title='bbox 2174 5290 2326 5344; x_wconf 84' lang='grc' dir='ltr'>κοινα</span> <span class='ocrx_word' id='word_1_853' title='bbox 2353 5291 2409 5324; x_wconf 90' lang='grc' dir='ltr'>τε</span> <span class='ocrx_word' id='word_1_854' title='bbox 2437 5292 2560 5344; x_wconf 85' lang='grc' dir='ltr'>γαρ.</span> 
     </span>
    </p>
   </div>
   <div class='ocr_carea' id='block_1_120' title="bbox 2245 5293 3826 5424">
    <p class='ocr_par' dir='ltr' id='par_1_120' title="bbox 2245 5293 3826 5424">
     <span class='ocr_line' id='line_1_123' title="bbox 2245 5293 3826 5424; baseline 0.011 -29"><span class='ocrx_word' id='word_1_855' title='bbox 2245 5293 2869 5424; x_wconf 34' lang='lat' dir='ltr'>{Efﬁgies-warm.</span> <span class='ocrx_word' id='word_1_856' title='bbox 2913 5349 3030 5402; x_wconf 88' lang='lat' dir='ltr'>Hoc</span> <span class='ocrx_word' id='word_1_857' title='bbox 3059 5354 3166 5424; x_wconf 82' lang='lat' dir='ltr'>est,</span> <span class='ocrx_word' id='word_1_858' title='bbox 3204 5374 3230 5400; x_wconf 84' lang='lat'><strong><em>«</em></strong></span> <span class='ocrx_word' id='word_1_859' title='bbox 3263 5351 3492 5424; x_wconf 86' lang='lat' dir='ltr'>legibus</span> <span class='ocrx_word' id='word_1_860' title='bbox 3541 5372 3760 5412; x_wconf 84' lang='lat' dir='ltr'>eversa.</span> <span class='ocrx_word' id='word_1_861' title='bbox 3799 5381 3826 5406; x_wconf 77' lang='grc' dir='ltr'>ι»</span> 
     </span>
    </p>
   </div>
   <div class='ocr_carea' id='block_1_121' title="bbox 2177 5414 3822 5500">
    <p class='ocr_par' dir='ltr' id='par_1_121' title="bbox 2177 5414 3822 5500">
     <span class='ocr_line' id='line_1_124' title="bbox 2177 5414 3822 5500; baseline 0.01 -33"><span class='ocrx_word' id='word_1_862' title='bbox 2177 5414 2315 5469; x_wconf 89' lang='lat' dir='ltr'>Vult</span> <span class='ocrx_word' id='word_1_863' title='bbox 2363 5414 2520 5498; x_wconf 76' lang='lat' dir='ltr'>enim</span> <span class='ocrx_word' id='word_1_864' title='bbox 2575 5414 2793 5500; x_wconf 77' lang='lat' dir='ltr'>«leges</span> <span class='ocrx_word' id='word_1_865' title='bbox 2824 5440 2883 5500; x_wconf 77' lang='lat'>»_</span> <span class='ocrx_word' id='word_1_866' title='bbox 2913 5414 3243 5477; x_wconf 87' lang='lat' dir='ltr'>naturalem</span> <span class='ocrx_word' id='word_1_867' title='bbox 3302 5414 3503 5500; x_wconf 60' lang='lat' dir='ltr'>rerum</span> <span class='ocrx_word' id='word_1_868' title='bbox 3557 5430 3822 5484; x_wconf 88' lang='lat' dir='ltr'>omnium</span> 
     </span>
    </p>
   </div>
   <div class='ocr_carea' id='block_1_122' title="bbox 2176 5489 3826 5564">
    <p class='ocr_par' dir='ltr' id='par_1_122' title="bbox 2176 5489 3826 5564">
     <span class='ocr_line' id='line_1_125' title="bbox 2176 5489 3826 5564; baseline 0.01 -24"><span class='ocrx_word' id='word_1_869' title='bbox 2176 5489 2662 5564; x_wconf 74' lang='lat' dir='ltr'>communionem</span> <span class='ocrx_word' id='word_1_870' title='bbox 2701 5489 2925 5564; x_wconf 72' lang='lat' dir='ltr'>injuste</span> <span class='ocrx_word' id='word_1_871' title='bbox 2957 5507 3288 5564; x_wconf 84' lang='lat' dir='ltr'>magnoque</span> <span class='ocrx_word' id='word_1_872' title='bbox 3316 5495 3464 5551; x_wconf 87' lang='lat' dir='ltr'>adeo</span> <span class='ocrx_word' id='word_1_873' title='bbox 3517 5497 3826 5555; x_wconf 90' lang='lat' dir='ltr'>hominum</span> 
     </span>
    </p>
   </div>
   <div class='ocr_carea' id='block_1_123' title="bbox 2174 5556 3821 5642">
    <p class='ocr_par' dir='ltr' id='par_1_123' title="bbox 2174 5556 3821 5642">
     <span class='ocr_line' id='line_1_126' title="bbox 2174 5556 3821 5642; baseline 0.01 -32"><span class='ocrx_word' id='word_1_874' title='bbox 2174 5556 2392 5613; x_wconf 89' lang='lat' dir='ltr'>damno</span> <span class='ocrx_word' id='word_1_875' title='bbox 2426 5556 2884 5642; x_wconf 47' lang='lat' dir='ltr'>sustulisse-Sic</span> <span class='ocrx_word' id='word_1_876' title='bbox 2924 5556 3101 5634; x_wconf 59' lang='lat' dir='ltr'>paulo</span> <span class='ocrx_word' id='word_1_877' title='bbox 3147 5556 3458 5638; x_wconf 78' lang='lat' dir='ltr'>superius:</span> <span class='ocrx_word' id='word_1_878' title='bbox 3493 5569 3562 5623; x_wconf 80' lang='grc' dir='ltr'>Οἱ</span> <span class='ocrx_word' id='word_1_879' title='bbox 3591 5570 3821 5642; x_wconf 84' lang='grc' dir='ltr'>νόμοι...</span> 
     </span>
    </p>
   </div>
   <div class='ocr_carea' id='block_1_124' title="bbox 2172 5627 2801 5701">
    <p class='ocr_par' dir='ltr' id='par_1_124' title="bbox 2172 5627 2801 5701">
     <span class='ocr_line' id='line_1_127' title="bbox 2172 5627 2801 5701; baseline 0.014 -22"><span class='ocrx_word' id='word_1_880' title='bbox 2172 5637 2506 5701; x_wconf 79' lang='grc' dir='ltr'>παρανομεῖν</span> <span class='ocrx_word' id='word_1_881' title='bbox 2540 5627 2801 5701; x_wconf 78' lang='grc' dir='ltr'>ἐδίδαξαν,</span> 
     </span>
    </p>
   </div>
   <div class='ocr_carea' id='block_1_125' title="bbox 2246 5699 3400 5778">
    <p class='ocr_par' dir='ltr' id='par_1_125' title="bbox 2246 5699 3400 5778">
     <span class='ocr_line' id='line_1_128' title="bbox 2246 5699 3400 5778; baseline 0.01 -25"><span class='ocrx_word' id='word_1_882' title='bbox 2246 5699 2358 5778; x_wconf 75' lang='grc'>(61)</span> <span class='ocrx_word' id='word_1_883' title='bbox 2390 5699 2452 5754; x_wconf 78' lang='lat' dir='ltr'>El</span> <span class='ocrx_word' id='word_1_884' title='bbox 2489 5702 2612 5774; x_wconf 87' lang='grc' dir='ltr'>μίαν</span> <span class='ocrx_word' id='word_1_885' title='bbox 2664 5699 2749 5778; x_wconf 73' lang='grc' dir='ltr'>ἀγ.</span> <span class='ocrx_word' id='word_1_886' title='bbox 2809 5703 3014 5778; x_wconf 71' lang='lat' dir='ltr'>Melius</span> <span class='ocrx_word' id='word_1_887' title='bbox 3070 5706 3340 5776; x_wconf 86' lang='lat' dir='ltr'>fortasse,</span> <span class='ocrx_word' id='word_1_888' title='bbox 3373 5709 3400 5763; x_wconf 87' lang='grc' dir='ltr'>ὁ</span> 
     </span>
    </p>
   </div>
   <div class='ocr_carea' id='block_1_126' title="bbox 3103 5708 3820 5788">
    <p class='ocr_par' dir='ltr' id='par_1_126' title="bbox 3103 5708 3820 5788">
     <span class='ocr_line' id='line_1_129' title="bbox 3103 5708 3820 5788; baseline 0.011 -27"><span class='ocrx_word' id='word_1_889' title='bbox 3103 5712 3345 5788; x_wconf 68' lang='lat' dir='ltr'>prtasse,</span> <span class='ocrx_word' id='word_1_890' title='bbox 3435 5708 3563 5782; x_wconf 85' lang='grc' dir='ltr'>μίαν</span> <span class='ocrx_word' id='word_1_891' title='bbox 3620 5712 3820 5788; x_wconf 61' lang='grc' dir='ltr'>ἆγόμιτ</span> 
     </span>
    </p>
   </div>
   <div class='ocr_carea' id='block_1_127' title="bbox 2177 5772 3821 5837">
    <p class='ocr_par' dir='ltr' id='par_1_127' title="bbox 2177 5772 3821 5837">
     <span class='ocr_line' id='line_1_130' title="bbox 2177 5772 3821 5837; baseline 0.01 -15"><span class='ocrx_word' id='word_1_892' title='bbox 2177 5787 2289 5833; x_wconf 78' lang='grc' dir='ltr'>νος.</span> <span class='ocrx_word' id='word_1_893' title='bbox 2325 5772 2602 5834; x_wconf 73' lang='lat' dir='ltr'>SrLBunc.</span> <span class='ocrx_word' id='word_1_894' title='bbox 2635 5772 2844 5833; x_wconf 58' lang='lat' dir='ltr'>—&#39;Vel</span> <span class='ocrx_word' id='word_1_895' title='bbox 2894 5777 3019 5833; x_wconf 73' lang='lat' dir='ltr'>haec</span> <span class='ocrx_word' id='word_1_896' title='bbox 3068 5778 3154 5834; x_wconf 87' lang='lat' dir='ltr'>sic</span> <span class='ocrx_word' id='word_1_897' title='bbox 3211 5772 3388 5837; x_wconf 86' lang='lat' dir='ltr'>scribi</span> <span class='ocrx_word' id='word_1_898' title='bbox 3435 5772 3498 5837; x_wconf 74' lang='lat' dir='ltr'>et</span> <span class='ocrx_word' id='word_1_899' title='bbox 3542 5772 3821 5837; x_wconf 59' lang='lat' dir='ltr'>explicari</span> 
     </span>
    </p>
   </div>
   <div class='ocr_carea' id='block_1_128' title="bbox 3437 5788 3823 5860">
    <p class='ocr_par' dir='ltr' id='par_1_128' title="bbox 3437 5788 3823 5860">
     <span class='ocr_line' id='line_1_131' title="bbox 3437 5788 3823 5860; baseline 0.016 -22"><span class='ocrx_word' id='word_1_900' title='bbox 3437 5789 3498 5839; x_wconf 89' lang='lat' dir='ltr'>et</span> <span class='ocrx_word' id='word_1_901' title='bbox 3542 5788 3823 5860; x_wconf 79' lang='lat' dir='ltr'>explicari</span> 
     </span>
    </p>
   </div>
  </div>
