4048 6186
231 331 371 389 1133

227 458 391 513 θόντα
420 457 604 534 φάναιο
637 453 961 530 Γέγραπται,
990 479 1019 508 ‹‹
1052 456 1218 511 Παντὶ
1265 461 1346 529 τῷ
1375 456 1617 512 αἰτοῦντί
1676 478 1733 512 σε
1799 454 1879 512 δί-

1995 464 2478 535 conjunctionem
2501 467 2684 539 impie
2707 470 3634 528 vocaveruntucommunionem.n

227 545 343 603 800'
379 571 399 598 ι
444 546 541 615 τήν
577 541 634 600 δί
692 548 904 614 σεμνῶς
963 545 1103 598 πάνυ
1160 545 1572 614 ἀποκρίνασθαι,
1622 547 1697 618 μή
1757 568 1879 600 συν-

229 642 396 690 ιεῖσαν
430 635 530 703 τήν
560 634 885 709 τάνθρώπου
943 631 1248 709 ἀσὲλγειανο
1284 634 1462 689 Ἀλλά
1516 636 1640 711 περὶ
1696 635 1880 710 γάμου

221 730 293 801 τῇ
327 726 494 798 μητρὶ
531 723 809 800 διαλέγου.
841 729 907 778 Ὦ
952 731 1052 792 τῆς
1111 723 1405 795 ἀθεότητος
1441 726 1567 782 ικαὶ
1618 729 1726 780 τῶν
1783 729 1882 780 τοῦ

226 817 432 888 Κυρίου
474 819 667 890 φωνῶν
729 810 1108 885 διαψεόδονται
1165 813 1216 867 οἱ
1270 820 1370 882 τῆς
1431 813 1711 891 ἀσελγείας
1759 835 1880 869 κοι-

222 903 416 974 νωνοὶ,
451 904 502 958 οἱ
532 909 630 972 τῆς
677 901 928 977 λαγνείας
980 899 1233 979 ἀδελφοὶ,
1293 899 1499 964 ὄνειδος
1557 903 1620 958 οὐ
1652 900 1883 980 φιλοσο-

223 995 349 1070 φίας
382 991 571 1066 μόνον,
631 990 776 1048 ἀλλὰ
823 991 911 1045 καὶ
972 997 1170 1052 παντὸς
1197 995 1295 1046 τοῦ
1331 991 1472 1066 βίου·
1525 993 1577 1046 οἱ
1627 1011 1880 1067 παραχα-

221 1087 512 1161 ράσσοντες
566 1083 664 1150 τὴν
735 1080 1016 1151 ἀλήθειαν,
1075 1078 1286 1153 μᾶλλον
1365 1077 1422 1135 δὲ
1478 1081 1882 1137 κατασκάπτον-

219 1196 334 1243 τες,
362 1173 438 1235 ὡς
471 1172 586 1227 οἷόν
617 1192 676 1226 τε
707 1169 911 1232 αὐτοῖς’
947 1167 1000 1224 ο⁹ί
1053 1191 1114 1245 γε
1167 1167 1475 1245 τρισάθλιοι
1527 1176 1635 1238 (72)
1692 1172 1793 1242 τήν
1823 1191 1883 1225 τε

222 1262 483 1339 σαρκίνην
543 1259 677 1315 κατά
757 1260 858 1329 τήν
911 1260 1355 1329 συνουσιαπικήν
1423 1257 1706 1315 κοινωνίαν
1770 1261 1880 1332 (73)

219 1354 631 1429 ὶεροιραντοῦσι,
690 1347 780 1404 καὶ
827 1347 1029 1418 ταύτην
1076 1345 1279 1402 οἷόνται
1338 1347 1413 1410 είς
1462 1348 1564 1416 τὴν
1599 1345 1881 1422 βασιλείαν

218 1441 426 1503 αὐτοὺς
489 1440 703 1513 ἀνάγειν
760 1442 859 1492 τοῦ
908 1441 1042 1494 Θεοῦ
1102 1440 1242 1507 (74).
1303 1437 1396 1500 Εἰς
1476 1438 1544 1492 τὰ
1607 1455 1884 1512 χαμαιτυ-

217 1536 349 1585 πεῖα
383 1529 479 1602 μὶν
512 1526 604 1583 οὖν
639 1529 672 1597 ἡ
705 1523 888 1582 τοιάδε
912 1524 1116 1600 εἷ’σάγει
1141 1524 1417 1580 κοινωνία·
1477 1525 1568 1580 καὶ
1611 1523 1680 1594 δὴ
1742 1547 1882 1597 συμ-

226 1619 458 1692 μέτοχοι
509 1618 609 1672 εἶεν
659 1617 844 1678 αὐτοῖς
901 1615 952 1670 οἱ
985 1615 1104 1677 σύες
1153 1615 1240 1669 καὶ
1275 1616 1327 1669 οἳ
1357 1616 1572 1689 τράγοι·
1608 1616 1709 1670 εἷεν
1744 1612 1790 1669 δ’
1819 1612 1878 1668 ἃν

225 1707 278 1763 ἐν
312 1712 433 1768 ταῖς
469 1707 679 1779 μείζοσι
727 1705 851 1780 παρ’
909 1703 1094 1766 αὐτοῖς
1155 1701 1368 1759 ἐλπίσιν
1426 1704 1481 1759 αἱ
1539 1708 1880 1781 προεστῶσαι

1553 334 2003 390 ΒΤΒΟΜΔἹἪΜ
2040 335 2174 390 LIB.
2216 339 2313 394 ιιι.

3501 345 3641 400 1134

1994 553 2209 608 Dicunt
2229 555 2430 626 itaque
2445 556 2598 611 exiis
2613 557 2952 627 quemdam,
2975 575 3108 613 cum
3142 558 3213 613 ad
3247 565 3510 615 nostram
3534 561 3642 615 vir-

1993 643 2189 710 ginem
2222 645 2386 699 vultu
2417 645 2718 700 formosan
2742 648 3111 714 accessisset,
3145 648 3363 703 dixisse
3399 665 3411 703 :
3445 650 3644 722 Scrip-

1993 736 2118 786 tum
2150 739 2239 788 est
2271 750 2284 787 :
2317 757 2344 782 «
2382 736 2463 789 Da
2492 734 2652 790 omni
2688 740 2742 789 te
2771 736 2994 805 petenti
3026 736 3101 805 (a)
3138 752 3150 789 :
3190 759 3210 784 ι
3247 736 3410 791 illam
3443 743 3642 794 autem

1994 821 2241 876 honeste
2272 822 2593 878 admodum
2623 823 3024 895 respondisse,
3057 830 3123 878 ut
3153 841 3283 895 quaa
3315 842 3436 880 non
3463 826 3639 880 intel-

1992 909 2200 981 ligeret
2227 911 2488 966 hominis
2511 911 2898 983 petulantiam
2925 929 2938 966 :
2965 915 3038 966 At
3056 918 3118 966 tu
3136 920 3386 968 matrem
3413 923 3477 986 ›χ‹
3498 931 3642 968 con-

1990 1000 2123 1053 veni
2157 999 2228 1053 de
2279 1001 2682 1056 matrimonio.
2718 1004 2760 1056 Ο
2800 1001 3205 1072 impietatem!
3262 1003 3441 1057 etiam
3471 1020 3640 1058 voces

1993 1089 2228 1143 Domini
2263 1091 2779 1146 ementiunturisti
2811 1091 3288 1162 intemperantiae
3311 1093 3641 1147 communi-

1993 1183 2243 1245 catores,
2276 1178 2602 1250 fratresque
2636 1180 2922 1249 libidinis,
2956 1197 3075 1234 non
3117 1181 3310 1236 solum
3359 1181 3643 1251 probrum

1993 1267 2519 1339 philosophiamsed
2548 1270 2726 1325 etiam
2758 1270 2938 1326 totius
2970 1271 3136 1337 vitas;
3171 1270 3273 1340 qui
3305 1270 3638 1340 veritatem,

1993 1363 2280 1427 quantum
2314 1359 2374 1412 in
2403 1359 2489 1414 eis
2521 1360 2701 1414 situm
2733 1365 2840 1426 est,
2873 1359 3214 1415 adulterant
3251 1376 3318 1414 ac
3366 1377 3643 1415 corrum-

1992 1453 2164 1518 punt,
2190 1447 2279 1501 vel
2310 1448 2507 1518 potius
2557 1447 2905 1515 defodiunt;
2939 1448 3214 1502 homines
3245 1447 3645 1502 infelicissimi

1992 1535 2293 1590 carnalem
2326 1536 2676 1591 concubitus
2695 1537 3177 1592 communionem
3209 1542 3648 1605 consecrant,et

1994 1625 2146 1680 hanc
2195 1625 2355 1696 ipsos
2407 1631 2619 1697 putant
2647 1625 2720 1679 ad
2771 1642 3015 1696 regnum
3050 1626 3150 1680 Dei
3183 1625 3528 1696 perducere.
3557 1625 3644 1680 Ad

1991 1711 2304 1784 lupanaria
2333 1730 2470 1786 ergo
2489 1713 2732 1768 deducit
2755 1714 2880 1768 haec
2911 1713 3272 1780 communio,
3307 1719 3365 1766 et
3392 1729 3526 1768 cum
3559 1714 3646 1769 eis

225 1801 324 1852 τοῦ
353 1797 541 1868 τέγους
589 1793 808 1868 πόρναι,
863 1789 1087 1862 ἀναίδην
1148 1789 1525 1867 εἰσδεχόμεναι
1747 1792 1879 1856 τοὺς

1995 1803 2566 1858 communicaverint
2609 1819 2744 1857 sues
2776 1809 2834 1858 et
2865 1803 3036 1868 hirci,
3065 1802 3440 1872 maximaque
3488 1803 3645 1872 apud

233 1883 606 1961 βουλομένους
639 1881 896 1946 ἃπαντας.
935 1906 954 1930 ι
986 1885 1165 1954 Ὑμεῖς
1197 1877 1253 1934 δὲ
1293 1879 1401 1955 οὐχ
1456 1880 1631 1943 οὕτως
1662 1881 1885 1954 ἐμάθετε

227 1974 323 2028 τὸν
386 1971 635 2048 Χριστὸν,
689 1967 742 2025 εἶ’
789 1991 850 2045 γε
907 1968 1066 2024 αὐτὸν
1135 1968 1424 2038 ἠκούσατε,
1481 1970 1569 2024 καὶ
1627 1969 1677 2024 ἐν
1737 1969 1884 2042 αὖτῷ

229 2061 595 2137 ἐδιδάχθητε,
655 2059 835 2123 καθώς
903 2058 1044 2113 ἐστιν
1100 2055 1333 2128 ἀλήθεια
1390 2058 1440 2112 ἐν
1503 2064 1725 2131 Χριστῷ
1782 2062 1886 2130 Ἰη-

227 2155 326 2205 σοῦ
356 2154 491 2222 (76),
521 2146 813 2212 ἀποθεσθαι
850 2147 990 2218 ὑμᾶς
1044 2146 1111 2201 τά
1171 2148 1284 2220 (77)
1313 2147 1450 2200 κατᾶ
1477 2147 1574 2215 τήν
1614 2147 1882 2222 προτέραν

222 2240 590 2314 ἀναστροφὴν,
649 2238 738 2290 τὸν
781 2233 1014 2290 παλαιὸν
1074 2233 1378 2310 ἄνθρωπον,
1436 2237 1528 2290 τὸν
1587 2235 1881 2312 φθειρόμε-

221 2351 316 2386 νον
347 2329 485 2384 κατά
511 2329 606 2390 τὰς
654 2326 941 2400 ἐπιθυμίας
999 2329 1096 2395 τῆς
1138 2326 1371 2397 ἀπάτηςσ
1423 2329 1769 2382 ἀνανεοῦσθαι
1826 2325 1884 2382 δὶ

220 2425 304 2491 τῷ
364 2419 630 2492 πνεύματι
685 2420 783 2472 τοῦ
838 2417 962 2480 νοὸς
1009 2416 1162 2489 ὑμῶν
1194 2459 1208 2483 ,
1266 2416 1355 2471 καὶ
1415 2414 1733 2480 ἐνδύσασθαι
1787 2417 1881 2470 τὸν

219 2509 410 2566 καινὸν
472 2508 778 2582 ἂνθρωπον,
827 2506 919 2560 τὸν
977 2506 1115 2560 κατά
1165 2505 1294 2560 Θεὸν
1352 2505 1630 2560 κτισθέντα
1689 2504 1740 2559 ἐν
1799 2502 1878 2559 δι-

218 2597 487 2672 καιοσύνῃ
519 2595 606 2651 καὶ
636 2594 879 2665 ὁσιότητι
928 2601 1027 2664 τῆς
1078 2593 1358 2664 ἀληθείας,
1396 2619 1416 2644 ι
1465 2595 1603 2649 κατά
1629 2595 1729 2662 τὴν
1761 2591 1878 2666 ἐξο-

227 2688 464 2763 μοίωσιν
488 2690 585 2740 τοῦ
617 2683 774 2740 Θείου
805 2685 936 2756 (78),
1000 2708 1027 2735 ‹‹
1083 2683 1297 2738 Γίνεσθε
1354 2681 1443 2737 οὖν
1494 2683 1732 2755 μιμηταὶ
1783 2687 1881 2737 τοῦ

225 2781 384 2844 Θεοῦ,
443 2776 518 2836 ὡς
568 2775 728 2828 τέχνα
785 2771 1060 2847 ἀγαπητὰ,
1117 2771 1205 2827 καὶ
1257 2779 1602 2847 περιπατεῖτε
1645 2773 1698 2828 ἐν
1750 2772 1879 2848 ἇγάο

222 2888 327 2941 πῃ.
361 2866 540 2928 καθὼς
569 2863 658 2918 καὶ
691 2865 719 2917 ὁ
769 2861 1000 2937 Χριστὸς
1057 2860 1336 2935 ἠγάπησεν
1399 2863 1538 2933 ὑμᾶς
1600 2867 1731 2930 (79),
1789 2861 1880 2915 καὶ

219 2953 536 3030 παρέδωκεν
577 2953 763 3007 ἑαυτὸν
798 2951 931 3026 ὑπὲρ
961 2953 1120 3023 ἡμῶν
1175 2951 1490 3025 προσφορὰν
1547 2950 1634 3004 καὶ
1694 2949 1875 3006 θυσίαν

217 3051 301 3117 τῷ
331 3049 446 3115 Θεῷ
496 3043 571 3107 εἷς
614 3042 788 3114 ὀσμὴν
847 3038 1101 3102 εὐωδίας.
1171 3039 1400 3109 Πορνεία
1457 3036 1537 3103 δὲ,
1589 3039 1679 3093 καὶ
1735 3045 1878 3094 πᾶσα

218 3130 943 3208 ἀκαθαρσία,ἢπλεονεξία,
1001 3127 1143 3201 μηδὲ
1197 3130 1549 3201 ὀνομαζέσθω
1609 3127 1659 3184 ἐν
1725 3129 1874 3201 ὑμῖν,

218 3223 400 3284 καθὼς
430 3225 622 3297 πρὲπει
682 3221 878 3295 ἁγίοις,
938 3220 1026 3274 καὶ
1076 3214 1401 3293 αἰσχρότης,
1461 3217 1550 3272 καὶ
1621 3217 1875 3292 μωρολοο

218 3313 338 3388 γία·
395 3335 424 3363 »
480 3311 570 3365 καὶ
627 3311 728 3384 γὰρ
778 3310 884 3363 ἀπὸ
934 3314 1034 3377 τῆς
1104 3314 1291 3386 φωνῆς
1349 3307 1584 3382 ἀγνεόειν
1647 3308 1874 3380 μελετᾷν

218 3400 492 3458 διδάσκων
528 3401 556 3455 ὁ
589 3396 946 3467 Ἀπόστολος,
977 3399 1192 3474 γράφει·
1251 3399 1425 3454 Τοῦτο
1473 3396 1574 3473 γὰρ
1614 3395 1731 3452 ’ίστε
1791 3418 1880 3472 γι-

216 3493 525 3551 νώσκοντες
557 3492 691 3561 (80),
719 3487 803 3543 ὅτι
858 3492 961 3549 πᾶς
1017 3487 1239 3562 πόρνος,
1276 3511 1302 3536 »ι
1334 3486 1423 3540 καὶ
1475 3487 1542 3541 τὰ
1582 3487 1725 3556 ἑξῆς,
1751 3483 1876 3554 ἕως,

221 3607 252 3632 α
289 3577 520 3637 Μᾶλλον
554 3575 611 3632 δί
640 3578 726 3632 καὶ
789 3575 1065 3651 ἐλέγχετε.
1119 3599 1146 3626 ››
1209 3573 1406 3652 Ἐῥρόη
1461 3572 1518 3629 δὲ
1578 3575 1760 3636 αὐτοῖς
1815 3574 1877 3629 τὸ

216 3668 406 3743 δόγμα
432 3662 491 3722 ἔκ
518 3688 664 3728 τινος
698 3663 1036 3742 ἀποκρόφου·
1077 3663 1168 3719 καὶ
1219 3661 1286 3731 δὴ
1334 3665 1723 3736 παραθήσομαι
1775 3665 1874 3733 τήν

218 3758 369 3829 λέξιν
419 3759 520 3826 τήν
578 3763 680 3825 τῆς
738 3753 946 3810 τούτων
1004 3751 1294 3828 ἀσελγείας
1330 3753 1560 3827 μητὲραο
1621 3754 1710 3807 καὶ
1771 3750 1876 3807 εἶτε

216 3847 378 3902 αὐτοὶ
410 3849 510 3910 τῆς
570 3839 764 3920 βίϐλου
822 3847 1168 3920 συγγραφεῖς,
1202 3840 1301 3916 ὅρα
1355 3842 1454 3909 τὴν
1483 3841 1767 3910 ἀπόνοιαν,
1827 3839 1876 3895 εἷ

217 3936 309 3992 καὶ
336 3940 471 3990 Θεοῦ
503 3931 881 4006 διαψεῦδονται
942 3929 1009 3986 δι’
1058 3930 1340 4005 ἀκρασίαν·
1375 3928 1479 3985 ε’ίτε
1536 3929 1732 3993 ἄλλοις
1762 3934 1876 4003 (81)

217 4024 634 4101 περιτυχόντες,
693 4022 754 4077 τὸ
801 4020 970 4076 καλὸν
1025 4025 1188 4076 τοῦτο
1245 4018 1500 4088 ἐνόσησαν
1535 4017 1711 4096 δόγμα
1741 4024 1873 4094 (82),

221 4113 667 4189 διεστραμμένως
724 4111 1044 4180 ἀκηκοότες.
1105 4110 1264 4166 Ἔχει
1322 4107 1379 4164 δὲ
1447 4113 1559 4179 (83)
1611 4109 1754 4165 οὕτω
1810 4111 1877 4165 τὰ

217 4209 322 4271 τῆς
356 4201 573 4274 λέξεως’
609 4227 636 4252 ‹‹
667 4202 761 4258 Ἐν
803 4199 869 4269 ἦν
919 4199 986 4253 τά
1039 4199 1232 4253 πάνταο
1282 4197 1397 4254 ἐπεὶ
1457 4195 1514 4252 δὲ
1545 4197 1719 4272 ἔδοξεν
1779 4202 1873 4256 15—

215 4298 318 4349 τοῦ
348 4297 418 4367 τῇ
467 4291 681 4360 ἑνότητι
738 4291 814 4362 μή
873 4289 1004 4344 εἶναι
1066 4287 1225 4362 μόνῃ,
1283 4285 1504 4356 ἐξῆλθεν
1560 4287 1653 4342 ἀπ’
1709 4287 1875 4345 αὐτοῦ

292 4420 360 4483 ἰιι
389 4420 452 4473 Ρ.
485 4419 589 4471 524-
618 4417 728 4471 ΕΙ).
762 4415 1054 4474 POTTER.
1086 4413 1326 4468 11-37-438
1354 4413 1464 4468 ΕΙ).
1498 4414 1726 4469 PARIS.

223 4495 297 4566 (ο)
334 4490 552 4562 Ephes.
587 4505 640 4557 v,
675 4489 786 4544 1-4.
864 4487 941 4557 (d)
975 4485 1124 4539 lbid.
1158 4487 1312 4539 5-H.

1891 4415 1971 4488 (a)
2001 4418 2200 4473 Matth.
2235 4435 2288 4487 ν,
2322 4421 2430 4485 42ς
2467 4419 2600 4474 Luc.
2631 4435 2704 4487 vx,
2738 4420 2825 4473 30.

1994 1889 2130 1945 illos
2162 1891 2222 1945 in
2254 1908 2355 1962 spe
2383 1891 2605 1946 fuerint
2657 1892 3018 1959 meretrices,
3045 1907 3176 1962 quae
3207 1891 3268 1945 in
3301 1889 3643 1961 prostibulis

1995 1985 2208 2050 praesto
2250 1986 2410 2040 sunt,
2439 1987 2498 2035 et
2527 1980 2794 2034 volentes
2843 1996 3050 2035 omnes
3091 1980 3433 2034 admittunt.
3473 2001 3500 2032 ιι
3536 1981 3644 2034 Vos

1992 2075 2188 2124 autem
2221 2085 2340 2124 non
2366 2069 2449 2123 sic
2481 2069 2776 2123 Christum
2811 2068 3423 2139 didicistis,siquidem
3448 2068 3643 2139 ipsum

1992 2158 2264 2225 audistis,
2294 2163 2352 2212 et
2404 2158 2464 2212 in
2497 2175 2566 2213 eo
2599 2158 2756 2213 docti
2806 2159 2971 2222 estis,
3019 2157 3520 2228 quemadmodum
3555 2163 3648 2212 est

1990 2248 2206 2303 veritas
2257 2247 2409 2302 188
2457 2247 2518 2301 in
2564 2247 2794 2300 Christo
2838 2248 2995 2311 Jesu,
3042 2253 3108 2300 ut
3155 2246 3466 2317 deponatis
3513 2262 3644 2316 qum

1993 2342 2133 2392 sunt
2158 2336 2487 2392 secundam
2533 2340 2790 2390 veterem
2822 2335 3355 2400 conversationem,
3389 2339 3646 2389 veterem

1991 2425 2318 2490 hominem,
2362 2425 2463 2496 qui
2513 2425 2916 2495 corrumpitur
2961 2424 3289 2480 secundum
3347 2422 3649 2478 desideria

1991 2515 2382 2587 deceptionis.
2415 2515 2798 2571 llenovamini
2830 2520 3028 2570 autem
3058 2514 3268 2586 spiritu
3299 2513 3517 2567 mentis
3549 2528 3645 2567 ve-

1991 2610 2146 2670 straa,
2177 2610 2236 2658 et
2266 2604 2528 2660 induatis
2553 2621 2768 2659 novum
2797 2604 3126 2668 hominem,
3161 2603 3260 2672 qui
3293 2607 3525 2655 creatus
3555 2605 3644 2655 est

1990 2694 2509 2750 secundumDeum
2526 2693 2830 2764 injustitia
2845 2698 2897 2747 et
2915 2692 3228 2746 sanctitate
3241 2689 3644 2758 veritatis(b),»

1988 2782 2062 2836 ad
2087 2783 2185 2836 Dei
2209 2781 2719 2837 similitudinum.
2743 2780 3057 2834 Efﬁcimini
3079 2795 3212 2849 ergo
3246 2779 3346 2832 Dei
3381 2777 3643 2831 imitato-

1987 2887 2103 2936 res,
2135 2876 2201 2924 ut
2233 2871 2339 2924 filii
2373 2870 2662 2936 dilecti,et
2691 2869 2990 2923 ambulate
3022 2869 3082 2921 in
3115 2867 3453 2934 dilectione,
3488 2866 3641 2919 sicut

1987 2959 2254 3013 Christus
2279 2975 2514 3029 quoque
2539 2958 2745 3012 dilexit
2767 2963 2964 3021 nos,et
2985 2955 3229 3011 tradidit
3251 2955 3510 3026 seipsum
3533 2970 3638 3025 pro

1987 3048 2158 3102 nobis
2172 3047 2535 3102 oblationem
2558 3053 2616 3101 et
2633 3047 2883 3101 hostiam
2898 3047 3016 3100 Deo
3039 3047 3100 3098 in
3123 3045 3365 3100 odorem
3389 3043 3641 3098 suavita-

1989 3137 2086 3191 tis.
2139 3136 2470 3191 Fornicatio
2521 3142 2740 3197 autem.
2775 3141 2833 3189 et
2873 3136 3068 3190 omnis
3116 3133 3519 3198 immunditia,
3552 3131 3645 3187 vel

1989 3225 2336 3288 avaritia,ne
2358 3226 2702 3280 nominetur
2733 3223 2974 3295 quidem
3008 3224 3068 3278 in
3098 3222 3444 3283 vobis.sicut
3475 3221 3647 3276 decet

1993 3319 2318 3380 sanctos,et
2350 3314 2674 3385 turpitudo.
2707 3318 2766 3368 et
2799 3311 3235 3383 stultiloquium
3267 3309 3644 3380 (c).nEtenim

1989 3403 2211 3458 docens
2234 3404 2550 3474 Apostolus
2582 3401 2858 3458 meditari
2873 3401 2960 3455 vel
2976 3402 3252 3472 ipsavoce
3273 3417 3401 3455 esse
3425 3405 3641 3462 castos,

1991 3492 2251 3546 scribitzu
2289 3493 2404 3547 Hoc
2427 3493 2585 3546 enim
2617 3491 3011 3561 scitote,quod
3037 3489 3232 3546 omnis
3260 3488 3640 3555 fornicator,»

1991 3585 2048 3634 et
2068 3586 2498 3652 caatera.usque
2515 3581 2589 3635 ad
2611 3580 2758 3635 illud
2785 3597 2832 3633 :«
2858 3579 3035 3652 Magis
3057 3584 3255 3634 autem
3270 3576 3640 3648 arguite(d).»

1991 3669 2229 3723 Efﬂuxit
2277 3676 2474 3724 autem
2526 3670 2611 3723 eis
2661 3669 2876 3741 dogma
2907 3685 2976 3723 ex
3007 3667 3264 3738 quodam
3299 3665 3636 3737 apocrypha

1990 3758 2161 3813 libro.
2196 3761 2387 3829 Atque
2417 3759 2563 3813 adeo
2613 3759 2856 3815 aﬂ‘eram
2906 3757 3252 3823 dictionem,
3286 3772 3417 3826 qua:
3447 3760 3638 3810 mater

1989 3865 2194 3903 eorum
2243 3848 2718 3920 intemperantia)
2769 3854 2828 3902 et
2875 3847 3036 3920 origo
3082 3851 3212 3901 est:
3248 3852 3305 3899 et
3358 3845 3476 3900 sive
3522 3843 3636 3916 ipsi

1988 3937 2166 4008 hujus
2199 3935 2334 3990 libri
2359 3937 2675 4008 scriptores
2694 3953 2756 3991 se
2778 3936 3175 4000 fateantur,en
3208 3951 3412 3990 eorum
3443 3949 3641 3988 vecor-

1986 4025 2314 4081 diam.1icet
2357 4026 2474 4079 Deo
2525 4041 2659 4080 eum
2703 4025 2852 4080 falso
2900 4023 3200 4079 ascribant
3245 4021 3511 4076 libidinis
3543 4019 3639 4074 iu-

1986 4115 2380 4185 temperantia
2410 4114 2570 4169 ducti
2603 4131 2615 4168 :
2646 4115 2764 4170 sive
2797 4114 2867 4169 ab
2899 4114 3054 4183 aliis,
3097 4129 3197 4168 eos
3229 4127 3501 4183 perverse
3533 4125 3639 4164 au-

1985 4203 2237 4269 dientes,
2296 4204 2406 4259 hoc
2466 4204 2819 4275 praeclarum
2877 4203 3089 4276 dogma
3146 4199 3505 4272 acceperint,
3556 4197 3642 4252 sic

1986 4310 2160 4364 porro
2195 4311 2256 4349 se
2290 4294 2514 4350 habent
2539 4295 2668 4367 ejus
2701 4293 2877 4349 verba
2911 4310 2957 4348 ;‹‹
2981 4294 3173 4348 Unum
3205 4294 3376 4345 erant
3404 4286 3638 4341 omnia:

2992 4417 3066 4486 (b)
3099 4413 3310 4484 Ephes.
3342 4427 3415 4476 ιν,
3449 4409 3639 4464 2Οο24.

300 4608 414 4677 (72)
446 4600 512 4677 Οξί
538 4622 617 4677 γεᾼ
650 4599 860 4677 τρισάθ.
922 4602 1082 4677 Hanc
1136 4600 1497 4677 pericOpem.
1534 4617 1746 4677 _us_que
1792 4601 1878 4677 ad

1995 4603 2167 4677 verba
2197 4602 2672 4677 accommodaret
2699 4603 2773 4677 ad
2793 4619 2862 4657 ea
2883 4617 3013 4671 quas
3039 4599 3109 4655 de
3137 4597 3334 4653 divina
3355 4593 3641 4650 similitu-

226 4671 356 4734 hagc
388 4671 566 4730 verba;
594 4671 694 4747 βορά
737 4671 964 4747 ομὲνρυς
994 4671 1252 4747 ἅπαντας,
1312 4672 1589 4747 recitavit
1612 4671 1880 4747 Theodo-

224 4758 392 4806 retus
423 4743 624 4802 Haeret.
654 4745 828 4814 fabul.
865 4745 964 4799 lib.
999 4762 1038 4810 ι,
1066 4760 1194 4814 cap.
1228 4746 1281 4798 6.
1316 4745 1496 4797 Porro
1545 4743 1595 4796 οἱ
1647 4743 1748 4817 γάρ
1777 4762 1881 4816 pro

226 4819 280 4876 o'i
310 4839 372 4889 γε
403 4819 584 4889 habet
611 4818 732 4872 ille.

301 4883 417 4964 (73)
475 4888 615 4964 Τήν-
675 4907 732 4964 τε
795 4883 1066 4964 σαρκίνην.
1107 4885 1280 4964 κατὰ.
1315 4885 1415 4953 τήν
1505 4905 1879 4964 συνουσιαστιτ

227 4955 332 5032 κήν
365 4955 420 5015 κ’.
456 4955 619 5015 Haud
653 4959 772 5032 scio
822 4955 897 5014 an
938 4958 1167 5032 verius.
1215 4958 1314 5026 τήν
1340 5031 1343 5032 ν
1372 4976 1430 5010 τε
1481 4955 1736 5032 σαρκίνην
1792 4957 1882 5032 ι»ιαῖ

226 5029 329 5104 τῆν
363 5031 812 5104 συνουσιαστικήν
843 5050 896 5085 κ.
929 5031 1201 5104 ξγωιξιιο.
1234 5061 1302 5068 -
1328 5031 1506 5104 Recte
1527 5029 1556 5083 :7
1591 5029 1675 5084 sic
1711 5031 1882 5104 enim

229 5099 392 5163 hunc
428 5105 624 5160 locum
649 5102 887 5158 exhibet
914 5101 1339 5168 Theodoretus,
1368 5100 1468 5167 τήν
1501 5101 1763 5173 σαρκικήν
1795 5099 1884 5154 καὶ

227 5181 329 5233 τῆν
363 5194 579 5231 συνουσ.
605 5194 657 5228 κ.

286 5217 425 5316 δίῖἰ)
784 5245 892 5296 Τοῦ
916 5245 1156 5316 lippi-:00
1177 5243 1524 5299 'l'heodoret.

303 5310 420 5390 (75)
457 5314 877 5390 Ιαὶῗσδεχόμεναι.
914 5310 1329 5390 Ἔξέδε-χόμεναι,
1374 5315 1724 5390 Theodoret.

304 5377 418 5460 (76)
452 5377 674 5460 Χριστῖἶ)
701 5377 906 5454 Ἶησοῦ.
940 5388 1034 5460 Τῷ
1067 5377 1266 5460 ’Ϊησοτῃ
1302 5377 1515 5459 Ephes.

305 5458 424 5534 (77)
455 5458 557 5518 Τά.
592 5461 771 5534 Abest
801 5458 1038 5534 a_vulg._,
1067 5458 1280 5528 Ephes.

306 5525 629 5606 (78)](ατά
682 5531 783 5598 τήν
842 5525 1164 5606 ὲξσμόίρσὶν
1221 5531 1324 5606 ’Ξοῆ
1379 5525 1558 5606 Θείου.
1619 5529 1888 5606 Οφῐῃῑῃᾷ.

235 5601 362 5662 ιίσή
396 5605 546 5660 illud
577 5603 747 5660 abest
776 5618 809 5658 a
838 5601 988 5672 vulg.
1027 5601 1172 5656 Bibl.
1222 5601 1462 5672 Ephes.,
1521 5601 1715 5671 inquit
1759 5602 1886 5673 Syl-

229 5679 404 5752 burg.
430 5679 532 5733 Est
555 5682 756 5732 autem
781 5689 816 5729 a
839 5673 1140 5728 Clemente
1185 5673 1472 5740 additum,
1531 5679 1597 5726 ut
1622 5673 1890 5746 Apostoli

1995 4675 2132 4730 dine
2166 4675 2342 4746 paulo
2377 4676 2648 4744 superius
2689 4674 2936 4728 dixerat.

2068 4745 2180 4818 (79)
2211 4745 2396 4818 Ύμᾶςσ
2431 4746 2866 4818 'llpﬁnghes.

2067 4813 2178 4888 (80)
2205 4813 2350 4890 flore
2377 4813 2601 4890 γινώσκ.
2634 4813 2789 4872 Ἐστέ
2815 4813 3284 4890 γινῴσκηΕρξξθξ.

2066 4877 2174 4958 (81)
2203 4877 2454 4950 Ἀλλοίς.
2490 4891 2660 4944 Forte
2693 4877 3138 4944 convenientius
3167 4881 3377 4951 ἄλλως,
3405 4877 3646 4936 adverb.

1993 4961 2266 5015 SYLBURG.

2066 5034 2174 5101 (82)
2205 5032 2378 5085 Τοῦτο
2429 5027 2688 5097 ἐνόσησαν
2750 5025 2947 5100 δόγμα.
3010 5027 3190 5083 Sribit
3244 5026 3434 5101 possit
3489 5021 3648 5101 ἐνόητ

1995 5095 2112 5160 σαν.
2149 5095 2176 5151 (ἓ
2207 5095 2638 5176 excogitarunt.
2713 5125 2747 5176 -_
2795 5095 3288 5176 Quamvis_yoasfv
3339 5098 3520 5176 etiam
3572 5095 3650 5176 ad

1996 5176 2262 5229 animum
2301 5172 2603 5229 transferri
2666 5174 2834 5229 solet.
2895 5172 3040 5226 Hinc
3072 5172 3528 5242 Chrysostomus
3587 5172 3652 5221 in

1997 5247 2179 5300 ICOI‘.
2213 5263 2320 5300 xv:
2353 5245 2537 5315 ’Ἄξιον
2601 5241 2658 5298 δὲ
2711 5246 2954 5308 ἀκοῦσαι,
3001 5243 3054 5296 τί
3117 5239 3344 5302 ἐνταῦθα
3401 5239 3648 5315 λέγουσιν

1997 5317 2049 5370 0t
2074 5317 2140 5371 τὰ
2169 5310 2484 5390 Μανιχαίὼν
2515 5321 2823 5378 νοσοῦντες.
2855 5339 2880 5367 ι
2934 5317 3138 5390 Operm
3187 5315 3443 5390 pretium
3475 5310 3654 5390 fuerit

1998 5390 2225 5516 gudire.
2252 5382 2392 5460 quid
2424 5390 2644 5460 dicant,
2671 5390 2771 5461 qui
2818 5382 3275 5444 Manichaeorum
3316 5383 3526 5439 haeresi
3562 5382 3650 5434 la-

2041 5467 2228 5516 orant.
2266 5484 2293 5510 ››

2041 5467 2228 5516 orant.
2266 5484 2293 5510 ››

2032 5535 2175 5655 ,(83)
2210 5531 2294 5588 Δὲο
2332 5534 2432 5589 Vel
2489 5529 2580 5603 δή,
2632 5539 2699 5588 ut
2726 5531 2903 5604 paulo
2932 5530 3227 5602 superius,
3256 5525 3343 5578 καὶ
3380 5521 3445 5590 δὴ
3477 5537 3651 5591 παρα-

2057 5623 2260 5655 .σου.αι.

2000 5613 2260 5676 θήσομαι.
