4048 6186
463 313 602 368 1135

1694 299 2107 359 CLEMENTIS
2144 298 2647 357 ALEXANDRINI

3718 306 3838 363 1136

456 443 773 511 postquam
818 440 1017 490 autem
1063 433 1193 505 ejus
1222 432 1434 486 unitati
1484 431 1674 485 visum
1705 434 1796 484 est
1822 443 1944 482 non
1976 440 2105 479 esse

2223 419 2495 491 ἐπίπνοια,
2557 423 2649 478 καὶ
2707 423 3067 495 ἐκοινώνησεν
3110 425 3245 501 αὐτῇ
3278 472 3292 493 ,
3364 427 3455 482 καὶ
3510 426 3725 498 ἐποίησε
3767 430 3838 486 τὸν

459 526 669 592 solam,
694 523 836 578 exiit
864 522 936 577 ab
969 539 1035 576 eo
1070 521 1404 593 inspiratio,
1430 527 1488 575 et
1517 536 1654 575 cum
1686 535 1754 574 ea
1780 517 1912 571 iniit
1941 530 2100 569 com-

457 614 890 679 munionem,et
912 610 1056 665 fecit
1079 610 1470 665 dilectum.Ex
1494 608 1633 662 hinc
1650 613 1849 662 autem
1872 616 2107 675 egressa

459 710 549 758 est
576 702 649 759 ab
672 704 800 774 ipso
824 701 1299 772 inspiratio,cum
1322 715 1440 769 qua
1470 714 1603 753 cum
1622 693 2105 751 communionem

456 790 711 857 iniisset,
745 789 888 844 fecit
917 793 1255 859 potestates,
1293 804 1424 859 qum
1471 802 1582 840 nec
1627 786 1879 856 possunt
1924 776 2107 833 videri

456 895 568 935 nec
598 879 818 945 audiri,
849 898 874 928 ιι
912 894 1103 949 usque
1153 877 1226 932 ad
1267 876 1440 942 illud,
1475 897 1502 925 «
1531 884 2015 944 unamquamque
2047 867 2109 921 in

459 969 701 1024 nomine
750 966 1009 1039 proprio.
1047 988 1074 1016 ››
1107 967 1164 1021 Si
1214 966 1376 1020 enim
1411 966 1472 1020 hi
1522 980 1780 1035 quoque,
1813 961 1969 1016 sicut
2000 958 2107 1011 Va-

459 1056 799 1122 lentiniani,
835 1055 1133 1127 spiritales
1175 1054 1515 1125 posuissent
1542 1063 1605 1125 sxa
1634 1049 2107 1113 communiones,

461 1146 823 1216 suscepisset
839 1144 991 1199 forte
1021 1143 1238 1215 aliquis
1269 1158 1475 1197 eorum
1506 1141 1879 1214 opinionem:
1899 1150 2112 1192 carna-

460 1234 537 1289 lis
568 1239 767 1289 autem
792 1233 1061 1287 libidinis
1095 1232 1581 1287 communionem
1614 1229 1688 1285 ad
1720 1233 1984 1284 sanctam
2017 1225 2112 1277 in-

461 1324 678 1379 ducere
712 1323 1201 1394 prophetiam,est
1231 1322 1360 1393 ejus
1393 1322 1493 1392 qui
1527 1320 1804 1392 desperat
1835 1316 2108 1373 salutem.

460 1412 623 1467 Talia
653 1411 831 1466 etiam
865 1416 1133 1466 statuunt
1178 1410 1412 1465 Prodici
1445 1426 1682 1481 quoque
1712 1406 1973 1471 asseclaa,
2008 1402 2111 1475 qui

460 1504 693 1575 seipsos
721 1503 873 1558 falso
920 1503 1165 1559 nomine
1215 1507 1425 1557 vocant
1472 1500 1826 1557 Gnosticos:
1884 1497 2113 1567 seipsos

463 1591 706 1664 quidem
738 1592 1005 1646 dicentes
1037 1607 1166 1645 esse
1198 1596 1411 1646 natura
1460 1590 1613 1644 filios
1663 1587 1839 1661 primi
1870 1585 1970 1640 Dei
1998 1603 2012 1653 ;
2045 1601 2115 1639 ea

460 1701 597 1740 vero
630 1683 938 1738 nobilitate
964 1689 1022 1738 et
1053 1683 1325 1738 libertate
1356 1681 1894 1740 abutentes.vivunt
1923 1683 1987 1733 ut
2015 1694 2112 1732 vo-

2222 509 2524 584 ἀγαπητόν.
2566 513 2660 570 Ἐκ
2690 510 2747 569 δέ
2766 514 2964 570 τούτου
2991 514 3211 585 ἐξῆλθεν
3239 515 3334 571 ἀπ’
3382 516 3546 572 αὐτοῦ
3602 517 3838 590 ἐπίπνοια,

2220 600 2260 671 ᾗ
2287 604 2629 672 κοινωνήσας
2660 601 2884 675 ἐποίησε
2915 601 3192 677 δυνάμεις.
3229 608 3368 678 μήτε
3425 607 3702 680 ὁραθῆναι,
3731 611 3843 680 μήτε

2222 688 2556 761 ἀκουσθῆναι
2578 689 2900 766 δυναμένας,
2932 717 2958 747 ι
2982 692 3111 764 ἓως,
3146 720 3171 746 u
3188 692 3270 749 ἐπ’
3301 694 3573 768 ὀνόματος
3598 693 3733 751 ίδίου
3748 698 3844 752 ἐλιά-

2223 799 2376 848 στην.
2411 804 2440 831 ››
2468 778 2538 837 Εἴ
2554 781 2655 856 γὰρ
2686 781 2777 836 καὶ
2808 782 2981 849 οὗτοι,
3012 784 3255 859 καθάπερ
3275 784 3325 838 οἱ
3349 784 3454 839 ἀπὸ
3485 782 3842 853 Οὐαλεντίνου,

2221 870 2588 941 πνευματικὰς
2617 869 2854 935 ἐτίθεντο
2882 871 3189 940 κοινωνίας,
3233 869 3366 935 ἴσως
3416 893 3499 936 τις
3547 872 3716 929 αὐτῶν
3764 876 3841 945 τήν

2225 955 2501 1030 ὑπόληψιν
2538 956 2845 1029 ἐπεδέξατο·
2906 963 3171 1035 σαρκικῆς
3212 957 3272 1016 δὲ
3326 956 3537 1029 ὕϐρεως
3591 964 3841 1019 κοινωνίαν

2222 1043 2300 1107 εἷς
2338 1048 2680 1124 προφητείαν
2713 1048 2864 1125 ἁγίαν
2894 1048 3111 1124 ἀνάγειν
3171 1050 3554 1125 ἀπεγνωκότος
3611 1050 3717 1106 ἐστὶ
3764 1053 3843 1121 τήν

2222 1134 2517 1210 σωτηρίαν.
2554 1137 2794 1194 Τοιαῦτα
2827 1140 2936 1211 (84)
2969 1138 3060 1192 καὶ
3119 1139 3172 1194 οἱ
3228 1140 3334 1194 ἀπὸ
3391 1136 3689 1215 Προδίκου,
3740 1146 3847 1215 ψευ-

2223 1219 2491 1294 δωνύμως
2531 1224 2871 1287 Γνωστικοὺς
2911 1229 3022 1299 (85)
3081 1233 3214 1304 σφᾶς
3270 1228 3470 1292 αὐτοὺς
3524 1229 3849 1305 ἀναγορεύονο

2219 1330 2329 1381 τες,
2381 1309 2819 1387 δογματίζουσιν·
2904 1312 3054 1377 υἱοὺς
3143 1315 3236 1387 μὲν
3297 1314 3451 1394 φύσει
3502 1320 3604 1371 τοῦ
3657 1318 3849 1393 πρώτου

2223 1404 2357 1455 Θεοῦ
2387 1398 2637 1478 λέγοντες
2669 1402 2892 1470 αὐτοὺς,
2951 1404 3376 1480 καταχρώμενοι
3436 1402 3495 1460 δέ
3523 1409 3593 1479 τῇ
3643 1406 3851 1483 εὐγενείᾳ

2222 1488 2312 1542 καὶ
2341 1492 2409 1563 τῇ
2441 1487 2740 1568 ἐλευθερίᾳ,
2805 1496 2966 1562 ζῶσιν
3025 1492 3100 1555 ὡς
3148 1492 3462 1569 βοόλονται’
3500 1493 3779 1570 βούλονται
3804 1494 3850 1551 δὶ

2223 1576 2560 1656 φιληδόνως·
2592 1583 2933 1657 κρατηθῆναι
2966 1582 3055 1637 ὑπ’
3102 1580 3318 1645 οὐδενὸς
3367 1587 3739 1658 νενομικότες,
3788 1588 3848 1649 ὡς

2224 1669 2284 1722 ἄν
2313 1692 2341 1719 ‹‹
2373 1668 2555 1745 κύριοι
2603 1674 2700 1725 τοῦ
2750 1665 3023 1726 σαϐϐάτου
3064 1674 3196 1744 (86),
3253 1672 3346 1728 καὶ
3402 1673 3656 1750 ὑπεράνω
3683 1675 3851 1741 παντὸς

461 1774 629 1840 lunt;
663 1773 869 1828 volunt
917 1778 1116 1828 autem
1148 1772 1502 1837 libidinose;
1537 1788 1599 1826 se
1632 1769 1799 1825 nulla
1828 1785 1891 1824 re
1920 1766 2106 1823 teneri

2223 1757 2409 1833 γένους
2467 1758 2791 1838 πεφυκότες,
2855 1759 3124 1837 βασίλειοι
3191 1759 3384 1825 παῖδες
3418 1781 3433 1797 ·
3498 1762 3715 1838 βασιλεῖ
3785 1762 3850 1832 Si,

463 1863 755 1929 arbitrati,
789 1868 854 1917 ut
882 1885 907 1911 «
944 1862 1170 1917 domini
1204 1862 1455 1929 sabbati,
1483 1882 1513 1911 »
1542 1867 1601 1916 et
1626 1860 1726 1932 qui
1757 1860 1880 1915 sint
1907 1856 2113 1928 quovis

461 1968 678 2025 genere
730 1951 1087 2022 superiores,
1124 1950 1232 2005 filii
1284 1950 1531 2023 regales.
1579 1949 1718 2020 Regi
1769 1953 1989 2014 autem,
2023 1946 2111 2000 in-

469 2040 701 2111 quiunt,
728 2039 823 2094 lex
854 2040 1073 2111 scripta
1101 2055 1222 2094 non
1254 2038 1633 2094 est.Primum
1660 2037 1925 2108 quidem,
1955 2032 2113 2106 quod

466 2145 591 2184 non
621 2129 843 2183 faciant
891 2129 1094 2183 omnia
1139 2146 1269 2198 quas
1301 2127 1548 2183 volunt:
1600 2126 1789 2181 multa
1820 2126 1979 2179 enim
2013 2139 2114 2178 eos

466 2215 887 2286 prohibebunt,
923 2216 1031 2270 etsi
1063 2217 1307 2287 cupiant
1337 2221 1396 2271 et
1432 2221 1742 2270 conentur.
1775 2212 2112 2279 Quinetiam

465 2320 597 2374 quae
629 2302 871 2370 faciunt,
907 2320 1029 2357 non
1079 2304 1307 2358 faciunt
1354 2309 1415 2358 ut
1465 2321 1653 2375 reges,
1689 2302 1791 2357 sed
1818 2307 1883 2356 ut
1904 2300 2108 2355 masti-

464 2392 575 2465 gia
603 2408 616 2446 :
645 2391 985 2446 clanculum
1008 2391 1168 2446 enim
1186 2393 1565 2447 committunt
1580 2389 2114 2457 adulteria,timen-

467 2485 556 2535 tes
587 2495 662 2535 ne
692 2480 1303 2551 deprehendantur,et
1330 2481 1579 2535 vitantes
1610 2497 1683 2535 ne
1716 2479 2114 2535 condemnen-

464 2573 581 2636 tur,
615 2574 674 2623 et
719 2574 1054 2624 metuentes
1102 2585 1177 2623 ne
1229 2569 1520 2641 supplicio
1569 2568 1927 2624 afﬁciantur.
1960 2568 2114 2631 Quo-

461 2656 640 2712 modo
672 2657 849 2712 etiam
880 2673 975 2712 res
1009 2664 1097 2712 est
1121 2657 1805 2729 libera,intemperantia
1835 2662 1894 2711 et
1920 2655 2113 2726 turpis

462 2745 702 2801 sermo?
731 2768 757 2796 ‹‹
792 2747 999 2802 Omnis
1031 2746 1317 2817 enim,qui
1350 2754 1574 2819 peccat,
1611 2752 1701 2802 est
1729 2763 1987 2811 servus,»
2020 2744 2111 2799 in-

461 2836 592 2906 quit
620 2835 936 2906 Apostolus
964 2836 1065 2907 (α).
1101 2835 1212 2891 Sed
1240 2836 1534 2906 quomodo
1566 2837 1744 2891 vitam
1775 2852 1845 2891 ex
1876 2837 1993 2890 Deo
2023 2834 2112 2888 in-

460 2924 674 2988 stituit,
699 2924 800 2993 qui
834 2924 1096 2995 seipsum
1118 2924 1373 2996 praebuit
1392 2925 1731 2981 dedititium
1755 2926 1939 2981 cuivis
1963 2941 2108 2981 con-

461 3012 844 3082 eupiscentiaa
866 3011 895 3067 ?
923 3029 1057 3067 cum
1085 3012 1302 3068 dixerit
1330 3014 1618 3069 Dominus
1653 3031 1665 3068 :
1702 3037 1729 3063 α
1763 3017 1879 3087 Ego
1911 3020 2109 3069 autem

458 3100 624 3156 dico:
651 3103 730 3155 Ne
753 3102 1141 3172 concupiscas
1172 3102 1526 3171 (b).»Vultne
1549 3108 1745 3158 autem
1768 3104 1985 3175 aliquis
2004 3119 2111 3159 sua

459 3196 668 3261 sponte
701 3206 969 3260 peccare,
1003 3196 1062 3246 et
1109 3190 1431 3246 decernere
1464 3191 1758 3246 adulteria
1788 3209 1917 3247 esse
1947 3209 2107 3247 com-

458 3279 774 3345 mittenda,
808 3280 1327 3351 voluptatibusque
1377 3287 1435 3334 et
1475 3280 1708 3336 deliciis
1757 3297 1819 3335 se
1868 3282 2112 3353 explen-

457 3368 623 3431 dum.
659 3373 719 3422 et
747 3368 1001 3423 aliorum
1054 3369 1328 3424 violanda
1361 3370 1760 3436 matrimonia,
1794 3387 1929 3425 cum
1961 3371 2109 3426 alio-

455 3473 589 3510 rum
621 3456 822 3518 etiam,
854 3457 955 3527 qui
990 3457 1153 3512 inviti
1188 3456 1918 3529 peccant,misereamur‘?
1947 3458 2113 3524 Quod

457 3544 505 3598 si
537 3543 599 3597 in
649 3550 959 3599 externum
1008 3546 1298 3602 mundum
1347 3547 1637 3615 venerint,
1670 3549 1771 3619 qui
1822 3549 1884 3603 in
1914 3549 2110 3605 alieno

457 3647 580 3686 non
612 3632 835 3687 fuerint
883 3634 1112 3702 ﬁdeles,
1142 3652 1345 3690 verum
1386 3652 1503 3691 non
1550 3636 1877 3693 habebunt.
1912 3639 2112 3694 Afficit

455 3725 653 3776 autem
686 3721 900 3793 hospes
927 3723 1144 3793 aliquis
1175 3724 1329 3779 cives
1356 3726 1805 3792 contumelia,et
1834 3728 1919 3782 eis
1951 3729 2108 3799 inju-

455 3809 608 3865 riam
639 3809 780 3864 facit
806 3827 819 3877 ;
855 3816 913 3865 et
942 3828 1062 3866 non
1094 3813 1290 3883 potius
1319 3820 1385 3868 ut
1414 3815 1972 3887 peregrinus,utens
2003 3833 2109 3872 ne-

454 3894 917 3963 cessariis,vivit,
935 3897 1093 3952 cives
1125 3913 1245 3952 non
1277 3900 1586 3956 offendens
1609 3901 1639 3957 ‘I
1666 3904 1970 3967 Quomodo
2002 3921 2110 3959 au-

453 3988 596 4050 tem,
631 4000 766 4039 cum
817 3984 1024 4039 eadem
1071 3986 1312 4054 faciant,
1345 4005 1412 4043 ac
1457 3989 1520 4056 ii,
1555 4007 1705 4061 quos
1735 3999 1939 4064 gentes
1971 3992 2104 4048 odio

451 4072 693 4139 habent,
727 4073 888 4143 quod
919 4072 1148 4143 legibus
1198 4074 1611 4147 obtemperare
1641 4080 1856 4147 nolint,
1889 4098 2106 4154 nempe

449 4161 667 4233 iniqui,
701 4166 759 4216 et
804 4162 1268 4229 incontinentes,
1304 4170 1362 4219 et
1404 4166 1583 4231 avari,
1618 4174 1677 4220 et
1708 4169 1985 4235 adulteri,
2021 4170 2106 4225 di-

449 4256 593 4306 cunt
625 4267 686 4306 se
719 4251 878 4307 solos
927 4252 1114 4305 Deum
1163 4267 1338 4306 nosse
1361 4252 1389 4307 ?
1428 4254 1738 4324 Oporteret
1785 4258 1945 4312 enim
1979 4276 2100 4328 eos,

2222 1847 2372 1925 φασί,
2434 1849 2606 1923 νόμος
2666 1848 2941 1926 ἄγραφος.
3002 1853 3229 1927 Πρῶτον
3290 1855 3404 1927 (87)
3465 1854 3564 1927 μὶν
3600 1901 3615 1922 ,
3672 1856 3748 1911 ὅτι
3795 1858 3848 1912 οὐ

2219 1943 2471 1995 ποιοῦσιν
2504 1938 2537 1995 ἃ
2568 1941 2863 2017 βούλονται
2895 1942 3089 1998 πάντα·
3140 1941 3326 1999 πολλά
3384 1945 3488 2019 γὰρ
3542 1946 3735 2009 αὐτοὺς
3758 1968 3848 2002 κω-

2223 2024 2377 2084 λύσει
2432 2030 2524 2084 καὶ
2580 2027 2979 2104 ἐπιθυμοῦντας
3036 2031 3128 2086 καὶ
3210 2033 3621 2109 πειρωμένουςσ
3692 2035 3772 2091 καὶ
3823 2034 3849 2089 ἃ

2221 2122 2443 2173 ποιοῦσι
2494 2116 2572 2189 δὶ,
2632 2118 2741 2195 οὐχ
2796 2120 2871 2182 ὡς
2933 2119 3216 2196 βασιλεῖς,
3275 2121 3404 2177 ἀλλ’
3460 2121 3540 2185 ὡς
3601 2124 3847 2199 μαστιγίαι

2221 2211 2459 2261 ποιοῦσν
2493 2204 2669 2281 λάθρα
2695 2207 2800 2283 γὰρ
2832 2216 3211 2284 μοιχεύουσιν,
3250 2209 3313 2265 τὸ
3371 2209 3588 2266 άλῶναι
3616 2209 3847 2279 δεδιότες,

2221 2294 2311 2350 καὶ
2359 2296 2421 2350 τὸ
2476 2298 2922 2371 καταγνωσθῆναι
2982 2296 3338 2367 ἐκκλίνοντες,
3386 2301 3476 2355 καὶ
3540 2296 3849 2378 φοϐούμενοι

2222 2382 2553 2451 κολασθῆναι
2586 2388 2720 2458 (88).
2756 2390 2880 2448 Πῶς
2912 2383 2969 2441 δέ
2999 2384 3275 2463 ἐλεύθερον
3336 2389 3371 2457 ἡ
3414 2388 3651 2463 ἀκρασία
3692 2390 3773 2445 καὶ
3819 2392 3847 2458 ἦ

2223 2472 2643 2550 αίσχρολογία;
2707 2499 2736 2528 α
2791 2481 2903 2538 Πᾶς
2955 2479 3066 2548 (89)
3120 2477 3246 2553 γάρ,
3281 2502 3310 2530 κ
3344 2478 3511 2552 φησίν
3576 2482 3703 2553 (90).
3759 2501 3785 2533 ι
3826 2480 3850 2533 ὁ

2224 2563 2542 2639 ἁμαρτάνων
2577 2560 2776 2627 δοῦλός
2810 2564 2974 2634 ἐστιν,
3010 2589 3038 2617 ι)
3071 2566 3099 2620 ό
3128 2564 3465 2629 Ἀπόστολος
3499 2565 3675 2643 λέγει.
3704 2567 3853 2626 Ἀλλά

2222 2656 2339 2717 πῶς
2367 2653 2504 2708 κατὰ
2550 2653 2679 2709 Θεὸν
2736 2653 3082 2709 πολιτεύεται
3115 2654 3144 2709 ὁ
3189 2656 3334 2730 πάσῃ
3366 2655 3634 2731 ἐπιθυμίᾳ
3661 2654 3853 2713 ἕνδοτον

2223 2740 2410 2795 ἑαυτὸν
2440 2741 2762 2816 παρασχὼν,
2820 2745 2918 2796 τοῦ
2975 2741 3176 2818 Κυρίου
3219 2745 3518 2821 φήσαντος,
3553 2770 3584 2797 κ
3625 2745 3761 2820 Ἐγὼ
3806 2742 3853 2800 εἰ

2224 2826 2393 2904 λέγω,
2427 2831 2515 2899 Μὴ
2556 2828 2938 2904 ἐπιθυμήσῃς;
2990 2856 3019 2884 u
3072 2828 3246 2888 Ἑκὼν
3306 2829 3363 2887 δέ
3412 2853 3499 2895 τις
3550 2833 3847 2911 ἁμαρτάνειν

2226 2917 2503 2993 βούλεται,
2534 2918 2623 2972 καὶ
2662 2914 2841 2993 δόγμα
2869 2918 3050 2989 τίθησι
3104 2920 3167 2974 τὸ
3221 2920 3532 2995 μοιχεύειν,
3564 2924 3652 2978 καὶ
3700 2935 3849 2993 καθη·

2223 3005 2482 3063 δυπαθεῖν
2517 3050 2531 3074 ,
2609 3006 2699 3061 καὶ
2758 3006 3108 3080 λυμαίνεσθαι
3191 3008 3320 3072 τοὺς
3390 3007 3585 3066 ἄλλων
3642 3011 3848 3087 γάμους,

2222 3099 2360 3152 ὅπου
2387 3116 2449 3170 γε
2476 3095 2565 3151 καὶ
2594 3095 2722 3158 τοὺς
2751 3093 2958 3160 ἃλλους
2986 3097 3214 3161 ἄκοντας
3241 3098 3657 3172 ἁμαρτάνοντας
3687 3099 3850 3157 ἱλεοῦ-

2140 3155 2183 3222 C
2227 3207 2321 3260 μεν
2354 3206 2368 3254 ;
2401 3155 2531 3240 ’Κᾶν
2593 3184 2669 3250 είς
2710 3155 2856 3255 ξενον
2925 3155 3017 3241 τὸν
3087 3155 3294 3259 κόσμον
3356 3155 3669 3265 ’ἀφιγμένοι
3716 3155 3849 3257 ήῶσι,

2219 3273 2403 3330 πιστοὶ
2434 3277 2549 3346 (91)
2579 3271 2633 3328 ἐν
2661 3277 2741 3343 τῷ
2779 3270 3062 3348 ἀλλοτρίῳ
3124 3276 3198 3346 μή
3253 3275 3564 3349 γενόμενοι,
3616 3278 3678 3332 τὸ
3730 3276 3851 3347 ἀλη-

2222 3365 2309 3426 θὶς
2342 3359 2697 3438 οὖχὲξουσιν.
2730 3357 2965 3436 Ὑϐρίζει
3011 3360 3071 3417 δέ
3122 3384 3207 3428 τις
3262 3363 3411 3435 ξένος
3468 3365 3726 3436 πολίτας,
3774 3365 3851 3421 καὶ

2219 3451 2446 3513 τούτους
2476 3448 2673 3506 ἀδικεῖ·
2705 3449 2834 3526 οὖχῖ
2893 3447 2952 3505 δὲ
3008 3451 3081 3512 ὡς
3143 3450 3533 3527 παρεπίδημος
3581 3458 3716 3529 (92),
3753 3459 3852 3515 τοῖς

2220 3538 2537 3617 ἀναγκαίοις
2566 3540 2879 3616 χρώμενος,
2910 3539 3261 3615 ἀπρόσκοπος
3311 3548 3430 3606 τοῖς
3462 3543 3716 3607 πολίταις
3747 3543 3851 3599 δια·

2222 3626 2338 3684 ϐιοῖ
2369 3650 2382 3699 ;
2421 3633 2544 3692 Πῶς
2577 3628 2635 3685 δὲ
2659 3629 2749 3685 καὶ
2777 3634 2894 3691 τοῖς
2946 3629 3050 3685 ὑπὸ
3078 3634 3186 3685 τῶν
3246 3629 3414 3695 ἐθνῶν
3447 3633 3849 3708 μεμισημένοις,

2221 3717 2312 3774 διὰ
2336 3721 2399 3773 τὸ
2434 3721 2507 3791 μὴ
2541 3718 2799 3793 πράσσειν
2826 3719 2893 3772 τά
2926 3718 3030 3773 ὑπὸ
3070 3723 3180 3774 τῶν
3222 3720 3409 3794 νόμων
3444 3719 3850 3799 διηγορευμένα,

2217 3810 2461 3865 τουτέστι
2488 3813 2606 3871 τοῖς
2636 3806 2865 3877 ἀδίκοις,
2894 3807 2986 3863 καί
3043 3809 3317 3884 ἀκρατέσι,
3348 3812 3440 3866 καὶ
3493 3812 3848 3883 πλεονέκταις,

2214 3899 2303 3954 καὶ
2374 3904 2601 3973 μοιχοῖς
2657 3898 2725 3953 τά
2783 3896 2915 3952 αὗτά
2972 3898 3300 3973 πράσσοντες
3326 3946 3341 3970 ,
3387 3902 3519 3957 Θεὸν
3572 3902 3849 3978 ἐγνωκέναι

2218 3987 2376 4062 μόνοι
2408 3987 2696 4062 λέγουσινς
2730 3987 2934 4063 Ἐχρῆν
2967 3987 3072 4062 γάρ
3098 3988 3317 4054 αὐτοὺς,
3363 3992 3454 4045 καί
3514 3990 3567 4046 ἐν
3598 3998 3717 4057 τοῖς
3755 3991 3847 4048 άλ-

2215 4076 2456 4150 λοτρίοις
2485 4075 2778 4149 παρόντας,
2808 4074 2995 4137 καλῶς
3031 4078 3205 4151 βιοῦν,
3229 4075 3323 4133 ’ίνα
3381 4075 3450 4149 δὴ
3510 4084 3590 4152 τῷ
3620 4076 3738 4136 ὄντι
3794 4080 3846 4135 τὸ

2217 4164 2500 4242 βασιλικὸν
2557 4161 2912 4237 ἐιδείξωνται.
2970 4161 3113 4233 Ἤδη
3169 4163 3227 4221 δέ
3277 4167 3368 4221 καὶ
3419 4174 3543 4231 τοῖς
3590 4170 3846 4246 ἀνθρωπί-

2211 4275 2321 4316 νοις
2379 4255 2704 4326 νομοθέταις
2754 4254 2841 4308 καὶ
2898 4257 2977 4326 τῷ
3033 4254 3165 4326 θείῳ
3222 4256 3380 4328 νόμῳ
3436 4256 3846 4333 ἀπεχθάνονται,

447 4356 584 4397 cum
600 4339 663 4395 in
687 4340 901 4396 alienis
922 4339 1323 4409 adsunt,recte
1344 4342 1630 4409 vivere,ut
1645 4360 1845 4401 revera
1870 4348 2092 4420 regiam

2223 4342 2533 4420 παρανόμως
2583 4343 2735 4417 βιοῦν
2790 4340 3221 4418 ἐπανῃρημένοι,
3269 4344 3333 4402 Ὁ
3378 4349 3512 4419 γοῦν
3546 4371 3576 4399 «
3607 4347 3848 4416 ἐκκεντις-

514 4555 578 4619 ›ι‹
609 4559 712 4611 525
746 4558 1038 4627 POTTER,
1069 4560 1303 4615 438-439
1334 4561 1447 4615 ED.
1480 4562 1709 4617 PARIS.
1791 4563 1863 4633 (a)
1892 4566 2064 4620 Rom.
2097 4581 2106 4601 π

2223 4566 2290 4620 ,6.
2369 4560 2447 4633 (b)
2478 4559 2681 4616 Matth.
2713 4576 2770 4631 ν,
2801 4561 2891 4615 28.

516 4771 634 4847 (84)
659 4772 917 4847 Τοιαῦτα.
955 4814 967 4828 .
1004 4814 1018 4828 .
1063 4768 1503 4847 δογματίζουσιν.
1564 4780 1681 4833 Hoc
1725 4781 2090 4837 commation

441 4843 844 4924 Theodoretus
876 4843 1150 4924 insuum
1172 4843 1383 4904 Haeret.
1437 4848 1630 4905 Fabul.
1664 4851 1769 4905 lib.
1802 4869 1841 4920 ι,
1868 4869 1998 4924 cap.
2037 4857 2091 4919 1,

440 4929 499 4983 p.
536 4916 635 4967 197
662 4916 984 4983 transtulit.

511 4982 1060 5063 (85)-Ψευ’όωνύμως
1088 4987 1510 5063 ΔΓνοιιιιιτικοῦς.
1570 4992 1662 5047 Sic
1732 4995 1933 5049 εει-σπι.
1995 5011 2088 5063 vn,

439 5068 570 5136 pag.
606 5058 708 5136 7'32
739 5072 752 5108 :
799 5053 1350 5136 Τῶνχψευδωνόμων
1379 5059 1586 5115 τούτων
1617 5062 1834 5127 ἀνόσιος
1866 5053 2090 5136 γνῶσιςί

440 5124 877 5209 Hinc‘lren'aaus
910 5124 1091 5209 libros
1114 5124 1251 5184 suos
1278 5134 1499 5209 vocavit
1525 5133 1795 5209 Ἔλεγχον
1821 5124 1937 5189 ’καί
1969 5124 2093 5190 ἀνα-

437 5193 649 5267 τροπὴν
689 5198 791 5258 τῆς
833 5194 1191 5288 ψευδωνὲμου
1219 5201 1491 5273 γνώσεως.

514 5267 623 5288 1001
659 5265 758 5288 ΙΙΙ,
801 5286 812 5288 μ
885 5287 896 5288 η
943 5271 964 5281 ε·
1106 5265 1165 5288 ρ’
1354 5276 1415 5288 π.-

513 5265 967 5348 (8θ).ίίιξριοιίιτοῦ
996 5265 1290 5348 σαξϐάτου.
1354 5276 1477 5348 Hic,
1537 5280 1594 5348 et
1649 5276 1805 5348 infra
1861 5295 1917 5348 p.
1963 5280 2089 5348 442,

439 5338 1105 5418 εεξδρὶοξι-ίξίρῐὶὴζκιιὶὃ
1126 5357 1153 5418 ,ε
1189 5339 1383 5414 Κύριος
1411 5346 1514 5418 γάρ
1546 5344 1655 5398 ἐστι
1710 5346 1799 5399 καὶ
1829 5338 1927 5400 τοῦ
1959 5338 2091 5403 σαϐέι

440 5400 609 5462 ϐάτου
631 5409 659 5463 ὁ
689 5410 811 5471 Υἱὸς
838 5413 934 5463 τοῦ
966 5400 1276 5482 ἀνθρώπουί

511 5483 621 5552 (87)
653 5483 897 5561 Πρῶτον.
931 5483 1248 5561 Αιιίθίιειιιο
1269 5501 1469 5561 vocem
1498 5487 1726 5561 aliquid
1746 5489 2089 5561 hujusmodi

440 5549 646 5609 deesSe
673 5549 902 5611 videtur
936 5571 950 5609 :
985 5549 1286 5611 Ψεύδονται
1336 5552 1395 5610 δὲ
1452 5557 1505 5613 ἐν
1559 5549 1800 5621 τούτοις.
1822 5549 1868 5613 να
1899 5564 1963 5618 In
1995 5564 2093 5619 his

439 5630 638 5679 autem
669 5626 975 5683 falluntur.
1013 5648 1042 5677 ››

2273 4779 2382 4847 188)
2415 4773 2778 4850 κολασθῆναι.
2804 4777 3074 4850 Fortasse
3123 4780 3343 4835 rectius
3379 4778 3442 4834 τὸ
3499 4780 3843 4850 κολασθῆναι,

2202 4867 2334 4907 cum
2350 4847 2622 4918 articulo,
2636 4848 2775 4902 utin
2799 4848 3273 4919 praecedentibus
3300 4851 3533 4910 duobus
3554 4847 3843 4912 membris.

2202 4923 2476 4977 SanUnc.

2272 4991 2893 5069 ί8-9)[1ἆς-,Εοιι.ιεω
2951 4990 3129 5048 verba
3185 4995 3474 5065 Apostoli,
3533 5002 3601 5052 ut
3655 5013 3838 5069 neque

2201 5065 2378 5139 paulo
2411 5067 2550 5139 post
2565 5061 2805 5139 Christi.
2832 5079 3011 5132 quam
3035 5061 3507 5139 eorum—sensum
3540 5061 3779 5139 profert.

2272 5131 2606 5260 (9Ο)¹ᾷ›ησίν.
2641 5131 3016 5204 Supervacua
3046 5141 3137 5191 est
3165 5135 3291 5191 haec
3324 5154 3454 5206 vox,
3486 5131 3555 5194 ut
3586 5140 3840 5211 quando-

2272 5224 2316 5260 ιε
2347 5224 2383 5260 a
2409 5222 2517 5259 ias.

2245 5224 2316 5262 ue
2347 5222 2517 5262 anas.

2201 5225 2316 5278 que
2347 5225 2517 5262 anas.

2208 5347 2217 5349 Α
2272 5272 2625 5349 (suntsnt.
2662 5275 2924 5346 Respicit
2980 5275 3113 5349 Luc.
3158 5294 3283 5349 ⁸ιιιί,
3336 5281 3431 5349 11,
3497 5283 3564 5335 12
3599 5298 3613 5335 :
3647 5280 3711 5335 Εἰ
3762 5278 3838 5332 οὖν

2201 5347 2255 5424 ἐν
2281 5344 2566 5424 τῴιάᾃίκφ
2597 5344 2835 5424 μαμωνᾷ
2882 5347 3066 5424 πιστοί
3115 5346 3215 5424 οὐκ
3266 5348 3527 5424 ἐγένεσθε,
3570 5350 3838 5424 τόάληθι-

2200 5414 2408 5498 νὸνςξίς
2433 5414 2560 5498 ὑμῖν
2586 5414 2904 5498 πιστεύσεις
2941 5417 3043 5498 Kal
3087 5416 3133 5472 εί
3190 5417 3243 5498 ἐν
3430 5414 3711 5498 ἀλλοτρίῳ
3753 5414 3838 5476 ’πμ

2202 5489 2318 5548 στοί
2346 5489 2445 5544 οὐκ
2474 5487 2826 5565 ἐγένεσθελτὸ
2860 5487 3124 5561 ὑμέτερον
3154 5489 3236 5565 τίς
3267 5487 3395 5565 ὑμῖν
3428 5490 3592 5549 δώσει
3609 5487 3640 5564 ’ς

2272 5565 2384 5687 (ἓξ)
2556 5555 2962 5634 παρεπίδημος.
3014 5555 3327 5635 Respiceré
3384 5555 3668 5624 videtur'I
3696 5566 3836 5622 Petr.

2203 5651 2265 5706 ιι,
2298 5637 2501 5701 11,12.
