4048 6186
277 309 414 366 MU.

1603 311 2053 367 STROMATUM
2088 312 2220 367 LIB.
2265 315 2362 366 lli.
2380 367 2384 371 .

3553 324 3695 380 1142

274 431 570 512 έργᾶζεσθε
601 476 617 501 ,
667 433 908 517 καθάπερ
994 433 1046 488 οἱ
1100 432 1197 494 τὰς
1277 433 1524 502 ἱστορίας
1602 431 1904 509 συνταξᾶμε

2049 452 2222 508 prum
2253 455 2437 510 puero
2469 456 2590 494 non
2624 439 2868 506 inferes,
2893 461 2922 491 ››
2948 446 3395 517 οιᾳιιωειιηφιο
3417 448 3695 505 adconti-

269 545 357 581 νοι
421 528 556 595 (16),
611 523 705 578 τὸν
770 516 1041 598 βάρϐαρον
1101 520 1354 591 ἐθελῆσαι
1408 522 1619 597 Ξέρξην
1674 543 1688 593 ;
1746 523 1811 579 Τί
1887 521 1934 578 δ’

271 613 409 689 ούχὶ
466 612 667 674 πάσαις
748 616 867 673 ταῖς
924 609 1173 673 ἐντολαῖς
1240 611 1613 669 ἀντιτάσσεσθε
1672 631 1685 681 ;
1736 611 1955 669 Ε’πόνυι

268 724 367 766 τος
425 702 527 779 γὰρ
564 745 580 768 ,
640 723 669 753 ‹‹
737 700 1040 771 Αὐξάνεσθε
1121 700 1214 754 καὶ
1269 699 1634 771 πληθύνεσθε,
1694 725 1721 754 »ι
1795 702 1936 774 ὑμᾶς

266 792 400 855 τοὺς
445 788 868 865 ἀντιταγμένους
925 788 1096 865 ἐχρῆν
1161 785 1426 862 μτ,δόλως
1485 790 1741 862 συνουσίᾳ
1797 793 1933 866 χρῆ-

269 883 418 939 σθαι.
451 880 550 935 Καὶ
583 878 862 950 εἰπόντος,
897 902 926 932 ιι
958 875 1177 934 Ἒδωκα
1207 879 1336 952 ύμῖν
1369 880 1544 934 πάντα
1575 878 1652 940 εἷς
1690 880 1931 956 τροφὰς»

267 971 363 1027 καὶ
439 967 796 1039 ἀπολαύσεις,
854 968 994 1042 ὑμᾶς
1057 965 1231 1043 ἐχρῆν
1315 966 1552 1042 μηδενὸς
1609 966 1930 1027 ἀπολαύειν.

267 1058 452 1116 Ἀλλά
477 1057 591 1127 καὶ,
627 1081 655 1111 ιι
686 1055 1007 1129 Ὀφθαλμὸν
1042 1055 1163 1111 ἀντὶ
1220 1053 1534 1134 ὀφθαλμοῦ,
1575 1078 1604 1110 ››
1652 1055 1929 1131 λεγοντος,

272 1149 418 1222 ὑμᾶς
454 1146 626 1222 ἐχρῆν
671 1147 748 1219 μή
799 1142 1117 1202 ἀποδιδόναι
1173 1144 1442 1218 ἀντίταξιν
1498 1146 1782 1217 ἀντιτάξευ
1838 1145 1928 1201 καὶ

264 1238 361 1294 τὸν
389 1235 633 1307 κλέπτην
663 1232 1023 1296 κελεύσαντος
1054 1259 1083 1287 ιι
1115 1233 1450 1310 τετραπλοῦν
1511 1259 1535 1290 ι
1585 1231 1928 1305 ἀποδιδόναι,

265 1325 409 1400 ὑμᾶς
440 1324 612 1403 ἐχρῆν
670 1322 761 1381 καὶ
807 1321 1140 1399 προσδοῦναι
1195 1329 1276 1397 τῷ
1327 1321 1560 1399 κλέπτῃ·
1606 1324 1817 1397 ὁμοίως
1869 1345 1930 1381 τε

262 1411 332 1470 αὖ
356 1414 447 1470 καὶ
474 1417 568 1489 τῇ,
604 1435 632 1469 α
664 1415 988 1490 Ἀγαπήσεις
1040 1413 1134 1469 τὸν
1192 1412 1416 1489 Κύριον,
1478 1437 1505 1465 ν
1548 1410 1747 1487 ἐντολῇ
1776 1412 1927 1468 ἀντι-

259 1505 659 1578 τασσομένους,
745 1500 853 1559 ἔδει
907 1498 1031 1559 οὔτε
1083 1503 1177 1559 τὸν
1232 1500 1378 1558 ὅλων
1432 1503 1563 1559 Θεὸν
1621 1503 1922 1577 ἀγαπῆσαι.

264 1592 594 1663 Καίπᾶλιν,
636 1591 912 1658 εἰπόντος,
950 1614 973 1643 ι
1036 1592 1118 1650 Ού
1166 1593 1421 1664 ποιήσεις
1467 1588 1739 1667 γλυπτὸν,
1798 1588 1925 1648 ούδὶ

264 1684 563 1760 χωνευτὸν,
596 1682 736 1757 ὑμᾶς
766 1680 1068 1747 ἀκόλουθον
1125 1681 1193 1751 ἦν
1246 1681 1337 1737 καὶ
1392 1680 1460 1736 τὰ
1508 1680 1725 1755 γλυπτά
1754 1701 1927 1756 προσ-

254 1776 461 1830 κυνεῖν.
494 1777 617 1835 Πῶς
670 1769 761 1827 οὖν
819 1770 923 1827 οὐκ
972 1766 1237 1839 ἀσεϐεῖτε,
1291 1770 1737 1843 ἀντιτασσόμενοι
1796 1770 1917 1844 μὲν,

256 1862 333 1928 ὥς
353 1882 508 1938 φατε,
537 1866 618 1934 τῷ
649 1865 1005 1937 Δημιουργῷ,
1060 1860 1129 1917 τὰ
1181 1857 1240 1916 δὲ
1293 1859 1463 1934 ὅμοια
1511 1865 1629 1922 ταῖς
1687 1858 1911 1936 πόρναις

251 1952 344 2008 καὶ
375 1956 493 2014 τοῖς
526 1952 752 2025 μοιχοῖς
784 1948 1125 2021 ἐζηλωκότες
1157 1969 1171 2019 ;
1200 1955 1323 2012 Πῶς
1354 1946 1412 2004 δὲ
1460 1950 1569 2005 οὐκ
1603 1950 1914 2015 αἰσθάνεσθε

256 2040 483 2115 μείζονα
506 2044 811 2111 ποιοῦντες,
870 2038 928 2095 ὅν
989 2039 1064 2101 ὡς
1118 2038 1314 2107 ἀσθενῆ
1374 2038 1674 2112 νομίζετες
1723 2037 1911 2115 Εἴπερ,

254 2127 287 2182 δ
346 2126 627 2202 βούλεται,
684 2124 848 2182 τοῦτο
903 2124 1128 2198 γίνεται,
1173 2123 1301 2181 ἀλλ’
1357 2125 1488 2201 οὐχὶ
1543 2123 1738 2197 έκεῖνο,
1779 2125 1911 2202 ὅπερ

250 2215 525 2288 ἠθέλησεν
554 2216 584 2271 ὁ
613 2216 836 2291 ἀγαθός.
885 2211 1169 2288 Ἔμπαλιν
1224 2213 1325 2291 γὰρ
1386 2214 1615 2284 ἅσθενής
1643 2214 1914 2271 δείκνυται

250 2326 373 2368 πως
411 2306 562 2378 ὑμῶν
584 2305 760 2360 αὐτῶν
793 2303 967 2373 (1⁸06
1025 2304 1310 2379 ὑμέτερος,
1369 2303 1443 2366 ὥς
1494 2324 1647 2381 φατε,
1705 2306 1909 2380 πατήρ.

254 2394 637 2470 ’Λναλέγονται
667 2390 725 2449 δὲ
769 2392 859 2449 καὶ
891 2393 1039 2448 οὗτοι
1099 2386 1160 2447 ἔκ
1213 2413 1374 2447 τινων
1427 2398 1783 2471 προφητικῶν
1811 2414 1909 2448 πε·

254 2488 503 2561 ρικοπῶν
560 2482 734 2555 λέξεις
790 2483 1240 2556 ἀπανθισάμενοι,
1298 2482 1389 2537 καὶ
1463 2482 1912 2559 συγκαττύσαντες

256 2578 463 2641 κακῶς,
514 2574 632 2629 κατ’
688 2570 1032 2648 ἀΛληγορίαν
1092 2570 1410 2648 εἰρημένας,
1465 2570 1517 2642 ἐξ
1549 2570 1757 2635 εὐθείας
1810 2571 1907 2628 λα-

251 2656 465 2724 ϐόντες.
522 2662 827 2739 Γεγράφθαι
878 2660 983 2735 γάρ
1037 2676 1220 2739 φησιν·
1285 2682 1312 2717 ε
1371 2661 1724 2730 Ἀντέστησαν
1770 2666 1907 2734 Θεῷ,

247 2751 340 2807 καί
367 2751 672 2823 ἐσώθησαν.
706 2774 733 2802 »³
765 2751 834 2808 Οἱ
862 2748 920 2806 δὶ
948 2752 1039 2806 καὶ
1082 2774 1111 2802 ιι
1171 2752 1267 2822 Τῷ
1299 2747 1511 2806 ἀναιδεῖ
1530 2755 1648 2824 Θεῷ
1680 2774 1709 2802 ››
1739 2771 1906 2825 προσ-

244 2841 477 2907 τιθέασι·
514 2835 770 2915 δέχονται
800 2836 859 2895 δὲ
877 2839 951 2902 ὡς
983 2837 1191 2915 βουλὴν
1226 2838 1688 2914 παρηγγελμὲνην
1714 2840 1778 2895 τὸ
1810 2839 1909 2896 λό-

245 2952 371 3006 γιον
402 2934 587 3000 τοῦτο,
617 2929 708 2985 καὶ
756 2929 1033 3001 σωτηρίαν
1088 2929 1238 3006 σφίσι
1296 2925 1626 3002 λογίζονται,
1667 2929 1730 2984 τὸ
1760 2928 1905 2984 ἀνθί-

246 3030 474 3085 στασθαι
524 3023 605 3090 τῷ
648 3022 1001 3094 Δημιουργῷ.
1035 3042 1064 3071 ‹‹
1119 3020 1217 3090 Τῷ
1271 3040 1299 3070 n
1362 3018 1456 3091 μὲν
1507 3016 1599 3073 οὗν
1632 3042 1657 3072 α
1697 3016 1908 3074 ἀναιδεῖ

245 3113 367 3182 Θεῷ
400 3132 430 3161 »ι
461 3107 525 3164 οὗ
552 3108 871 3184 γέγραπται*
906 3106 973 3165 El
1034 3104 1093 3162 δὶ
1134 3105 1225 3163 καὶ
1282 3105 1456 3170 οὕτως
1507 3104 1654 3183 ἔχοι,
1696 3106 1788 3162 τὸν
1819 3128 1903 3163 κε-

241 3170 529 3273 κλημένον
563 3170 849 3268 διάδολον,
909 3198 954 3253 ὦ
1003 3196 1253 3268 ἀνόητοι,
1311 3170 1651 3270 έξακούσὲτέ
1684 3194 1902 3269 ἀναιδῆ,
1935 3170 1978 3237 C

238 3288 277 3359 ἢ
300 3287 382 3353 ὡς
410 3282 783 3344 δικϐἀλλοντα
812 3289 928 3362 (18)
956 3287 1047 3343 τὸν
1095 3284 1410 3362 ἄνθρωπον,
1462 3282 1499 3356 ἥ
1559 3286 1635 3349 ὡς
1665 3289 1907 3362 κατήγο-

241 3398 338 3455 ρον
397 3381 506 3432 τῶν
567 3377 1009 3451 ἁμαρτανόντων,
1067 3373 1104 3446 ἤ
1166 3377 1241 3438 ῶς
1295 3377 1625 3446 ἀποστάτην.
1676 3377 1737 3435 Ὀ
1777 3381 1905 3452 γοῦν

241 3466 509 3547 λαὸς,έφ’
572 3466 635 3522 οὗ
695 3466 908 3542 εἴρηται
958 3467 994 3537 ἡ
1050 3465 1348 3542 περικοπή,
1385 3461 1774 3537 παιδευόμενοι
1826 3465 1906 3544 ἐφ’

245 3560 333 3621 οἷς
390 3555 638 3631 ἥμαρτον
694 3554 905 3631 βαρέως
963 3555 1235 3632 φέροντες,
1291 3555 1382 3610 καὶ
1431 3554 1730 3621 στένοντες,
1797 3552 1904 3611 διε-

243 3634 517 3724 γόγγυζον
571 3644 1025 3719 τὴν.είρημένην
1086 3644 1253 3715 Λέξιν’
1313 3642 1397 3700 ὅτι
1478 3645 1547 3699 τὰ
1606 3643 1700 3718 μὲν
1760 3642 1907 3701 ἄλλα

239 3732 374 3807 ἔθνη
447 3738 873 3810 παρανομοῦντα
926 3734 989 3788 ού
1043 3732 1354 3807 κολάεεται,
1413 3733 1569 3789 αὐτοὶ
1627 3731 1687 3789 δὶ
1747 3734 1906 3807 μόνοι

240 3823 373 3900 παρ’
419 3819 616 3879 ἰκαστα
670 3821 1023 3879 κολούονται’
1086 3822 1160 3884 ὡς
1221 3823 1311 3878 καὶ
1367 3823 1635 3897 Ἰερεμίαν
1690 3824 1901 3898 εἰρηκέ-

240 3931 355 3968 ναι·
390 3936 420 3965 ιι
453 3912 551 3968 Διὰ
580 3915 634 3967 τί
670 3913 784 3986 (19)
826 3909 953 3974 ὁδὸς
1011 3905 1219 3966 ἀσεϐῶν
1269 3908 1590 3981 εὖοδοῦταις
1626 3936 1655 3963 ›ι
1712 3913 1906 3987 ὅμοιον

241 4000 429 4076 τούτῳ
454 4002 520 4058 τὸ
557 4002 706 4077 παρᾶ
726 4006 807 4074 τῷ
835 4000 1105 4077 Μαλαχίᾳ
1131 4000 1193 4057 τὸ
1246 4002 1670 4076 προειρημένον.
1719 4027 1747 4056 ιι
1779 4004 1903 4059 ’Λν-

241 4090 509 4162 τέστησαν
542 4095 681 4162 Θεῷ,
706 4089 797 4145 καὶ
835 4089 1135 4159 ἐσώθησαν·
1194 4089 1660 4165 χρηματιζόμενοι
1689 4091 1792 4167 γὰρ
1851 4094 1904 4148 οἱ

242 4182 550 4259 προφῆται,
581 4177 646 4236 ού
670 4178 835 4248 μόνον
888 4178 1010 4234 τινὰ
1064 4178 1278 4234 ἀκούειν
1331 4176 1551 4254 λέγουσι
1607 4183 1754 4256 παρὰ
1806 4187 1904 4237 τοῦ

243 4267 577 4339 Θεοῦ,ἀλλά
604 4268 693 4324 καὶ
741 4266 894 4324 αὐτοὶ
945 4264 1359 4344 διαγγέλλοντες
1423 4264 1719 4324 δείκνυνται
1768 4272 1905 4326 κατᾶ

239 4358 627 4437 ἀνθυποφοράν
658 4356 726 4413 τὰ
752 4358 889 4433 πρὸς
924 4361 1022 4413 τοῦ
1070 4354 1209 4411 λαοῦ
1253 4353 1652 4431 θρυλλούμενα,
1687 4358 1759 4421 ὡς
1789 4358 1902 4415 έπι-

240 4445 537 4521 ζητήματά
587 4467 710 4502 τινα
768 4447 871 4501 ὑπὸ
937 4449 1046 4500 τῶν
1138 4445 1441 4518 ἀνθρώπων
1518 4445 1899 4525 ἀναφέροντες·

2045 528 2311 583 nentiam
2345 528 2684 595 conferunt,
2736 530 3056 587 dissolvere
3097 536 3419 605 conamini,
3456 545 3699 611 propter

2045 622 2299 671 vestram
2334 617 2853 690 intemperantiam
2887 637 2899 675 :
2935 638 3054 677 non
3104 623 3426 680 dissolvitis
3472 635 3694 699 autem,

2046 723 2179 776 quae
2212 706 2283 761 ab
2316 706 2444 778 ipso
2480 708 2564 774 fit,
2596 708 2877 772 hiemem.
2910 716 2975 764 ut
3014 712 3211 767 media
3257 713 3451 770 adhuc
3497 717 3693 775 hieme

2046 801 2313 851 asstatem
2342 796 2572 852 faciatis
2596 816 2610 863 ;
2634 815 2828 869 neque
2852 804 3069 855 terram
3092 802 3505 875 navigabilem,
3528 823 3693 863 mare

2043 890 2242 940 autem
2274 885 2527 956 pedibus
2557 888 2848 958 pervium,
2878 888 3093 956 facitis,
3148 896 3213 945 ut
3263 893 3362 962 qui
3415 894 3694 953 historias

2041 981 2528 1045 composuerunt,
2561 976 2878 1034 barbarum
2910 980 3163 1034 Xerxem
3203 980 3410 1037 dicunt
3435 984 3691 1044 voluisse

2040 1062 2235 1119 facere
2255 1064 2282 1119 ?
2312 1065 2426 1119 Cur
2455 1082 2592 1120 vero
2616 1083 2736 1121 non
2757 1068 3034 1123 omnibus
3064 1072 3378 1142 praeceptis
3405 1091 3694 1148 repugna-

2040 1152 2117 1208 tis
2138 1153 2166 1207 ?
2195 1154 2339 1209 Nam
2371 1172 2505 1210 cum
2539 1155 2640 1210 ille
2663 1155 2857 1224 dicat;
2890 1178 2918 1208 ιι
2951 1158 3209 1215 Crescite
3240 1166 3299 1215 et
3326 1163 3688 1235 multiplica-

2037 1241 2186 1297 mini
2209 1240 2307 1314 (a),
2331 1263 2359 1292 ››
2379 1249 2678 1314 oporteret
2703 1244 2767 1308 »Β
2795 1262 2916 1312 vos,
2942 1247 3044 1317 qui
3074 1248 3490 1319 adversamini,
3522 1254 3688 1310 nullo

2037 1330 2214 1386 modo
2247 1332 2333 1385 uti
2365 1333 2545 1388 coitu.
2578 1335 2646 1387 Et
2674 1350 2809 1389 cum
2841 1335 3026 1392 dixit:
3063 1359 3091 1386 «
3115 1338 3258 1395 Dedi
3291 1339 3456 1397 vobis
3484 1343 3689 1400 omnia

2035 1419 2109 1476 ad
2124 1420 2481 1477 vescendum
2502 1423 2582 1494 (b)
2607 1445 2632 1472 ι)
2656 1423 3487 1493 etfruendum,vosnullofrui
3505 1448 3686 1504 opor-

2036 1509 2165 1565 tuit.
2182 1510 2519 1576 Quinetiam
2539 1528 2607 1567 eo
2626 1511 2859 1568 dicente
2883 1531 2895 1567 :
2917 1536 2943 1565 ‹‹
2966 1516 3214 1571 Oculum
3239 1535 3343 1589 pro
3357 1520 3526 1575 oculo
3544 1521 3637 1592 (c),
3653 1544 3682 1573 ››

2032 1599 2295 1671 oportuit
2324 1616 2425 1654 vos
2457 1601 2922 1657 decertationem
2957 1606 3255 1661 contraria
3297 1625 3416 1663 non
3465 1626 3681 1681 repen-

2030 1688 2171 1745 dere
2202 1689 2625 1747 decertatione.
2658 1693 2727 1744 Et
2752 1708 2886 1747 cum
2927 1693 3117 1748 furem
3142 1695 3392 1767 jusserit
3431 1698 3679 1755 reddere

2031 1799 2057 1832 ι
2093 1779 2495 1850 quadruplum
2526 1781 2627 1851 (dt,
2660 1782 2923 1852 Oportuit
2964 1800 3064 1838 vos
3094 1784 3208 1837 furi
3240 1784 3465 1856 aliquid
3496 1789 3676 1846 etiam

2026 1865 2268 1922 addere.
2320 1868 2545 1922 Rursus
2603 1885 2739 1923 vero
2794 1869 3091 1937 similiter,
3151 1889 3285 1927 cum
3340 1881 3675 1947 praecepto:

2030 1976 2057 2007 ιι
2078 1955 2294 2029 Diliges
2317 1957 2501 2011 Deum
2525 1962 2689 2012 tuum
2717 1974 2789 2012 ex
2810 1963 2931 2013 toto
2962 1960 3137 2015 corde
3172 1968 3269 2016 tuo
3293 1963 3383 2030 (θ),
3432 1984 3453 2013 ι
3490 1981 3672 2036 repu-

2018 2045 2236 2117 gnetis,
2268 2045 2532 2116 oportuit
2574 2062 2683 2100 nec
2725 2046 3134 2103 universorum
3188 2050 3428 2120 quidem
3478 2053 3663 2108 Deum

2021 2134 2291 2207 diligere.
2344 2135 2413 2188 Et
2459 2151 2688 2202 rursus,
2740 2152 2878 2191 cum
2926 2137 3177 2191 dixerit:
3234 2161 3262 2189 ιι
3313 2142 3437 2195 Νοιι
3484 2140 3666 2197 facies

2022 2223 2298 2294 sculptile
2312 2238 2506 2294 neque
2518 2222 2693 2279 fusile
2709 2228 2796 2294 (fi,
2823 2249 2844 2277 ι
2866 2242 3237 2297 consequens
3256 2234 3384 2282 erat
3402 2234 3467 2283 ut
3488 2230 3667 2284 etiam

2021 2312 2323 2383 sculptilia
2352 2312 2694 2370 adoraretis.
2729 2315 3032 2378 Quomodo
3061 2332 3195 2387 ergo
3218 2334 3340 2371 non
3371 2317 3553 2389 impie
3581 2318 3672 2374 1⁸8.-
3746 2390 3751 2391 ί

2021 2403 2174 2465 citis.
2208 2403 2309 2472 qui
2351 2403 2613 2458 Creatori
2662 2404 2923 2475 quidem,
2975 2410 3042 2459 ut
3084 2406 3302 2472 dicitis,
3351 2408 3669 2475 resistitis;
3764 2476 3765 2485 γ

2021 2508 2153 2565 quas
2186 2497 2325 2548 sunt
2355 2498 2555 2548 autem
2586 2493 2999 2549 meretricibus
3033 2500 3089 2549 et
3118 2495 3404 2551 adulteris
3426 2498 3666 2565 similia,

2020 2581 2378 2638 sectamini?
2405 2582 2708 2647 Quomodo
2740 2589 2939 2638 autem
2971 2601 3089 2637 non
3122 2586 3355 2640 sentitis
3382 2603 3480 2641 vos
3530 2603 3667 2641 eum

2016 2671 2307 2741 majorem
2338 2670 2554 2736 facere,
2589 2686 2767 2741 quem
2804 2688 2910 2742 pro
2957 2672 3256 2726 imbecillo
3294 2674 3563 2740 habetis;
3614 2674 3662 2729 si

2019 2759 2259 2830 quidem
2292 2759 2353 2813 id
2397 2759 2484 2826 fit,
2529 2759 2689 2830 quod
2735 2759 2832 2814 hic
2880 2760 3037 2824 vult;
3084 2777 3204 2814 non
3248 2767 3445 2816 autem
3489 2761 3659 2829 illud,

2018 2848 2176 2921 quod
2194 2847 2379 2902 voluit
2393 2846 2587 2902 bonus
2606 2847 2633 2901 ?
2650 2852 2856 2903 contra
2874 2848 3033 2903 enim
3053 2849 3387 2904 ostenditur
3400 2850 3659 2920 quodam

2016 2935 2191 2993 modo
2214 2953 2249 2991 a
2269 2935 2431 2991 vobis
2446 2935 2615 3007 ipsis,
2640 2935 3004 2994 imbecillum
3026 2954 3175 3006 esse,
3201 2955 3378 3010 quem
3400 2945 3659 2995 vestrum

2014 3032 2246 3099 patrem
2276 3025 2493 3082 dicitis.
2528 3027 2861 3081 Recensent
2888 3027 3068 3082 etiam
3103 3043 3172 3081 ex
3203 3028 3558 3098 quibusdam
3577 3028 3661 3085 lo-

2014 3116 2100 3172 cis
2117 3114 2482 3188 propheticis
2506 3113 2813 3186 decerptas
2830 3114 3142 3183 dictiones,
3167 3122 3225 3172 et
3241 3116 3395 3172 male
3414 3133 3660 3175 consar-

2016 3207 2265 3277 cinatas,
2298 3222 2431 3278 qua)
2457 3205 2774 3278 allegorice
2806 3206 2964 3261 dicta
2996 3212 3135 3261 sunt
3165 3214 3447 3280 tanquam
3496 3213 3656 3266 recto

2013 3295 2194 3352 ductu
2211 3299 2270 3350 et
2286 3294 2436 3351 citra
2460 3295 2712 3368 ﬁguram
2729 3295 2886 3351 dicta
2904 3302 3229 3355 sumentes.
3262 3298 3478 3353 Dicunt
3497 3299 3659 3357 enim

2012 3384 2298 3455 scriptum
2349 3400 2513 3439 esse:
2562 3405 2591 3433 «
2640 3386 2758 3440 Deo
2808 3385 3175 3453 restiterunt,
3222 3393 3281 3440 et
3326 3387 3470 3442 salvi
3517 3387 3657 3443 facti

2012 3474 2279 3544 sunt(a):
2306 3494 2334 3522 »
2360 3472 2663 3527 illiautem
2688 3495 2715 3523 «
2741 3474 2858 3529 Deo
2890 3473 3221 3543 impudenti
3255 3497 3282 3523 ››
3301 3475 3565 3544 addunt;
3599 3481 3659 3533 et

2011 3562 2123 3618 hoc
2145 3562 2448 3634 eloquium
2468 3568 2753 3633 tanquam
2773 3563 3093 3618 consilium
3116 3572 3476 3636 praeceptum
3497 3567 3655 3623 acci-

2009 3652 2181 3724 piunt
2205 3667 2218 3707 :
2239 3661 2296 3707 et
2318 3652 2431 3707 hoc
2444 3651 2518 3706 ad
2541 3650 2795 3707 salutem
2818 3652 3087 3707 conferre
3110 3654 3471 3722 existimant,
3495 3655 3655 3726 quod

2012 3740 2273 3796 Creatori
2289 3740 2596 3795 resistant.
2621 3743 2696 3795 At
2716 3764 2742 3790 ιι
2760 3741 3136 3812 impudenti»
3154 3744 3395 3813 quidem
3414 3768 3439 3795 ιι
3466 3746 3606 3807 Deo.
3625 3767 3654 3797 υ

2010 3846 2129 3885 ιιοιι
2161 3835 2251 3885 est
2283 3829 2593 3900 scriptum.
2642 3829 2698 3884 Si
2749 3835 2948 3886 autem
3001 3832 3084 3885 sic
3133 3849 3369 3903 quoque
3417 3834 3652 3902 habeat,

2010 3934 2168 3979 eum.
2201 3918 2303 3990 qui
2318 3923 2558 3974 vocatus
2584 3922 2676 3974 est
2693 3918 2986 3987 diabolus,
3012 3920 3327 3993 intelligite
3345 3922 3655 3995 impuden-

2008 4013 2163 4065 tem:
2195 4008 2286 4064 vel
2316 4009 2476 4081 quod
2525 4009 2831 4064 hominem
2883 4010 3201 4065 calumniis
3248 4012 3516 4084 impetat,
3564 4014 3656 4070 vel

2008 4100 2167 4171 quod
2197 4104 2438 4155 accuset
2482 4104 2846 4170 peccatores,
2898 4101 2988 4155 vel
3038 4102 3195 4171 quod
3246 4103 3323 4156 sit
3362 4110 3650 4174 apostata.

2008 4190 2270 4262 Populus
2305 4206 2463 4261 ergo,
2490 4189 2563 4245 de
2607 4206 2723 4260 quo
2752 4190 2862 4246 hoc
2893 4191 3116 4245 dictum
3150 4197 3257 4256 est,
3291 4210 3426 4247 cum
3477 4195 3655 4248 casti-

2006 4283 2244 4352 garetur
2272 4283 2517 4350 propter
2540 4295 2648 4334 sua
2680 4284 2940 4349 peccata,
2974 4296 3126 4350 aegre
3153 4279 3411 4334 ferentes
3460 4285 3517 4335 et
3550 4296 3654 4353 ge-

2007 4373 2260 4436 mentes,
2290 4369 2382 4425 his
2400 4368 2614 4431 verbis,
2640 4385 2771 4439 quas
2804 4367 2959 4422 dicta
2988 4374 3144 4435 sunt,
3174 4368 3649 4437 murmurabant,

2007 4457 2168 4529 quod
2181 4456 2313 4512 alia:
2337 4456 2578 4527 quidem
2601 4460 2807 4527 gentes
2830 4472 2965 4510 cum
2989 4455 3191 4525 inique
3218 4473 3281 4511 se
3302 4462 3509 4527 gerant
3525 4474 3647 4515 non

234 4534 290 4608 ἔξ
322 4537 399 4591 ὧν
425 4536 513 4591 καὶ
540 4535 604 4591 τὸ
633 4532 994 4610 προκείμενον
1023 4534 1286 4608 τυγχάνει
1312 4532 1492 4607 ῥητόν.
1546 4535 1651 4591 Καὶ
1704 4538 1781 4609 μή
1838 4559 1890 4593 τι

2019 4546 2347 4609 Juniantur.
2372 4546 2484 4617 ipsi
2506 4550 2705 4601 autem
2723 4546 2785 4599 in
2810 4544 3057 4617 singulis
3076 4552 3358 4601 vexentur
3382 4565 3395 4613 ;
3417 4548 3562 4602 adeo
3581 4559 3647 4607 ut

234 4623 378 4703 πρός
433 4625 662 4687 τούτους
719 4624 747 4679 ὁ
805 4621 1143 4683 Ἀπόστολος
1201 4620 1254 4676 έν
1310 4625 1380 4696 τῇ
1415 4623 1548 4697 πρὸς
1587 4627 1892 4700 Ῥωμαίους

1999 4635 2286 4690 Jeremias
2330 4650 2565 4705 quoque
2623 4632 2869 4688 dixerit:
2926 4655 2953 4679 ‹‹
3013 4634 3128 4686 Cur
3174 4634 3264 4689 via
3322 4634 3641 4707 impiorum

309 4742 466 4823 aq).
501 4744 605 4823 52s
634 4742 1068 4823 surculari,
1093 4740 1475 4823 iii-E42121).
1509 4743 1737 4823 riuus.
1759 4820 1789 4823 _
1812 4748 1887 4819 (α)

2019 4767 2061 4806 1.
2089 4766 2130 4815 ι,
2160 4750 2267 4816 28;
2294 4766 2372 4816 ιι,
2405 4750 2480 4823 1.,
2524 4749 2851 4823 _(b)ACenes.
2882 4766 2919 4815 ι,
2942 4752 3011 4804 29
3040 4766 3054 4813 ;
3086 4753 3281 4817 1x,2,3.
3361 4751 3431 4823 (ο)
3458 4751 3638 4808 Exod.

223 4832 342 4885 ni,
375 4816 465 4870 24.
541 4815 619 4888 (ά)
648 4813 796 4870 Ibid.
829 4830 962 4875 xxii,
996 4816 1043 4868 1.
1121 4812 1190 4884 (e)
1224 4813 1391 4868 Deut.
1425 4830 1497 4876 γι,
1528 4817 1580 4869 5.

728 4931 830 4987 συί
855 4946 1008 4986 mare
1035 4929 1257 5001 quidem
1281 4931 1536 5000 pervium

452 5004 633 5059 Pedih'
661 5004 789 5070 erit,
823 5009 973 5057 terra
993 5008 1176 5056 autem
1204 5003 1579 5072 navigabitur.

234 5074 347 5148 _Ubi_
367 5075 719 5148 scholiastens
741 5074 866 5129 hac
897 5072 1164 5148 adpotat_
1197 5088 1212 5127 :
1254 5071 1320 5148 _'0
1346 5071 1352 5072 “
1376 5072 1592 5148 Ξέρξης
1638 5074 1730 5129 τὸν
1787 5076 1885 5148 μὲν

227 5143 643 5218 Ἑλλήσποντον
678 5142 909 5218 ἔχωσεν,
933 5139 1086 5218 ⁸ἤτοι
1139 5142 1308 5218 βατῂᾌν
1335 5149 1437 5217 γῆν
1460 5139 1740 5218 ⁷ἐποίησεν,
1788 5139 1881 5202 τὸν

230 5212 290 5296 δί
320 5218 498 5296 Ἀθιυν
527 5211 656 5296 ὅρος
686 5211 903 5296 κόψας,
930 5211 1154 5296 έποί-ησε
1203 5211 1495 5296 θάλασσαν,
1531 5211 1639 5296 ὡς’-
1663 5218 1691 5273 ὁ
1720 5219 1883 5296 ’Πρό-

229 5285 392 5349 δοτος
417 5285 645 5362 ἱστορεῖ.
678 5285 841 5362 Conf.
873 5305 1006 5362 quas
1047 5286 1127 5343 ibi
1152 5287 1403 5362 adnotat
1428 5290 1735 5362 Meursius.

299 5361 505 5432 (16)οἱ
545 5357 649 5420 ’τὰς
705 5357 946 5435 inopis:
983 5357 1192 5435 συντᾳξ.
1240 5361 1582 5435 Derodotus
1640 5364 1876 5435 Polyhy-

225 5430 475 5506 mnia'p.
498 5436 623 5500 249,
653 5436 751 5488 251
792 5450 805 5491 :
838 5431 1211 5506 Thucydides
1239 5430 1341 5506 li_b.
1394 5450 1465 5491 iv.
1498 5451 1552 5505 p.
1584 5438 1683 5491 156
1717 5430 1874 5503 {Ar-

224 5502 434 5562 rianus
465 5505 567 5576 lib_.
598 5522 653 5571 v,
684 5523 742 5576 ρ,
778 5506 898 5567 103,
930 5502 1134 5576 etalii.
1167 5503 1234 5576 ΗῘ
1268 5502 1542 5563 SYLsuaé.

294 5573 738 5647 (17),Δείκνυταί
793 5595 911 5636 πως
974 5573 1127 5645 ὑμῶν
1174 5573 1375 5631 αὐτῶν.
1436 5578 1606 5634 Forte
1664 5573 1870 5633 δείκνυ.

216 5645 309 5702 ται
338 5645 477 5723 πρὸς
513 5647 666 5721 ὑμῶν
697 5647 899 5720 αὐτῶν,
934 5668 963 5698 ιι
992 5647 1326 5704 ostenditur
1353 5665 1390 5705 a
1416 5649 1581 5706 vobis
1634 5649 1804 5724 ipsis.
1837 5672 1868 5704 »

1658 4819 1726 4888 (Γ)
1758 4820 1922 4875 Deut.
1954 4839 2127 4891 xxv",
2163 4823 2243 4876 t5.

2322 4828 2397 4890 ’9)
2432 4820 2678 4877 Malach.
2707 4838 2784 4887 ιιι,
2814 4824 2900 4879 15.

1998 4936 2142 5010 Πρὸς
2173 4942 2372 4994 autem
2402 4938 2464 4993 in
2494 4937 2605 5010 hac
2645 4936 3079 5010 signiﬁcatione
3134 4939 3355 5009 passim
3413 4938 3485 4995 ab
3528 4940 3640 4998 hoc

1996 5008 2199 5065 nustro
2222 5009 2516 5136 usurpari,
2550 5008 2723 5064 docet
2751 5010 2922 5063 Indca:
2944 5008 3208 5081 Sylburg.

2064 5082 2176 5136 (18)
2233 5080 2321 5136 Ὠς
2410 5074 2763 5136 ιαϐἀλΛοντα.
2828 5081 3094 5136 Justinus
3151 5084 3199 5136 Μ

2064 5082 2176 5151 (18)
2233 5080 2321 5141 Ὠς
2368 5074 2763 5136 διαϐάλλοντα.
2828 5074 3094 5151 Justinus
3151 5074 3238 5151 Μ,
3278 5082 3497 5138 Cohort.
3567 5085 3642 5140 ad

1992 5148 2388 5224 Gmc.1p.i_08
2443 5153 2582 5224 edit.
2622 5154 2807 5224 ΔΟιιοῐι
2864 5152 3006 5224 εὍν
3063 5148 3324 5218 διάἢολον
3385 5154 3439 5206 αἱ
3498 5154 3635 5208 θεῖαι

1989 5221 2507 5300 ξραφαῖκαλοῦῖιν,
2542 5221 2645 5277 ἀπὸ
2672 5224 2801 5300 ⁸τῆς
2859 5222 3084 5290 πρώτης
3144 5223 3305 5300 αὐτοῦ
3350 5223 3509 5300 πρὸς-
3544 5223 3634 5279 τὸν

1988 5290 2271 5370 ἄνθρωπον
2288 5290 2560 5370 ,διαϐολῆς
2588 5293 2791 5370 ταύτης
2817 5299 2937 5370 τῆς,
2962 5295 3331 5370 προσηγορίας
3372 5290 3629 5370 τυχόντα.

1987 5389 2014 5417 ‹‹
2049 5369 2233 5433 Quem
2264 5368 2567 5425 diabolum
2589 5368 2802 5424 divinas
2821 5368 3133 5439 Scriptura)
3158 5368 3424 5435 vocant,a
3440 5368 3630 5439 prima

1987 5456 2092 5495 sua
2112 5441 2396 5497 adversus
2452 5440 2758 5497 hominem
2795 5440 3093 5497 calumnia
3125 5448 3182 5496 et
3210 5440 3625 5496 criminatione

1982 5513 2223 5568 nomine
2253 5518 2528 5585 sumpto,
2545 5533 2574 5562 ››

2050 5585 2159 5655 (19)
2191 5583 2287 5638 Διά
2305 5582 2473 5640 τίίΤί
2497 5582 2604 5653 ὅτι,
2626 5585 2840 5640 Jerem.

3772 5802 3775 5803 ν
3864 5798 3871 5803 .
3958 5794 3991 5809 (Α

3764 5844 3773 5851 ¹
3808 5848 3817 5857 ι

3752 5906 3759 5915 ε
