4048 6186
413 321 552 376 1143

1623 315 2034 376 ΟΙιΕΜΚΝῚἹΒ
2072 306 2578 366 ALEXANDRINI

3677 306 3808 362 1114

405 452 789 521 prosperatur
809 445 884 518 (α)
902 446 931 502 ‘?
948 468 972 497 ν)
999 445 1157 518 quod
1176 446 1371 502 simile
1394 450 1484 501 est
1504 446 1580 512 ei,
1606 442 1763 516 quod
1781 442 1947 514 prius
1970 439 2055 495 al-

2189 428 2435 504 ιπιστολῇ
2486 430 2909 521 ᾇποτεινόμενος
2962 431 3182 510 γράφει*
3234 455 3263 487 (ς
3324 430 3425 487 Καὶ
3509 432 3589 505 μὴ
3643 432 3807 497 καθὼς

406 539 594 593 latum
621 543 711 591 est
735 553 805 591 ex
835 536 1155 591 Malachia:
1198 559 1223 589 ιι
1266 537 1384 591 Deo
1417 536 1786 597 restiterunt,
1821 537 1879 586 et
1910 528 2053 585 salvi

407 627 545 682 facti
579 630 737 681 sunt.
764 647 792 674 ››
821 628 965 681 Nam
987 625 1290 697 prophetia
1316 623 1597 679 divinitus
1617 619 1908 692 inspirati,
1933 634 2055 673 non

410 716 606 773 solum
637 732 768 786 quae
798 731 833 769 a
862 716 979 770 Deo
1009 714 1329 779 audierint,
1360 731 1421 769 se
1451 712 1613 784 loqui
1663 711 2056 783 profitentur;

411 806 516 863 sed
547 812 606 860 et
634 805 747 877 ipsi
774 805 954 860 etiam
988 805 1184 860 solent
1223 819 1310 872 ea,
1338 821 1470 874 quas
1496 805 1665 874 vulgo
1689 801 1997 873 jactentur
2026 812 2060 852 a

412 894 654 966 populo,
703 894 1067 966 exceptionis
1127 894 1324 961 modo,
1372 892 1625 958 edicere,
1674 895 1734 945 et
1775 895 2058 959 tanquam

415 982 775 1055 quaestiones
793 983 864 1039 ab
878 982 1222 1038 hominibus
1240 989 1429 1037 motas
1446 981 1665 1036 referre
1692 996 1705 1033 :
1726 975 2059 1050 cujusmodi

415 1077 506 1127 est
536 1070 686 1126 illud
717 1071 964 1139 dictum,
998 1071 1169 1142 cujus
1192 1070 1414 1125 mentio
1438 1069 1566 1140 jam
1596 1067 1752 1122 facta
1773 1071 1880 1121 est.
1901 1065 2061 1119 Nun-

415 1159 557 1231 quid
589 1166 787 1214 autem
818 1160 891 1214 ad
908 1160 1017 1214 hos
1046 1158 1223 1213 verba
1253 1174 1361 1213 sua
1380 1157 1661 1229 dirigens.
1686 1153 1892 1210 scribit
1908 1155 2063 1223 Apo-

418 1249 608 1305 stolus
636 1250 699 1304 in
746 1248 1008 1320 Epistola
1046 1248 1119 1304 ad
1166 1250 1502 1304 Romanos:
1558 1269 1584 1295 ιι
1631 1247 1703 1299 Ει
1740 1259 1861 1299 non
1911 1242 2065 1297 sicut

418 1338 926 1409 blasphemamur,
959 1342 1019 1391 et
1046 1338 1199 1392 sicut
1227 1336 1433 1392 dicunt
1462 1334 1647 1406 aliqui
1679 1348 1791 1388 nos
1817 1337 1880 1399 :1<
1901 1331 2061 1386 dice-

414 1443 479 1483 re
506 1443 518 1481 :
543 1427 852 1483 Faciamus
882 1426 1060 1493 mala,
1091 1431 1157 1481 ut
1185 1425 1458 1481 eveniant
1487 1424 1644 1479 bona
1683 1437 1939 1493 quorum
1963 1420 2065 1491 ju-

417 1522 615 1572 staest
629 1516 933 1572 damnatio
955 1515 1075 1586 (b)?
1104 1538 1130 1564 ι)
1159 1516 1204 1569 Ii
1237 1520 1395 1578 sunt,
1429 1514 1529 1584 qui
1562 1513 1719 1567 inter
1744 1509 2061 1582 legendum

2169 518 2667 597 βλασφημούμεθα,
2696 519 2786 573 καὶ
2834 520 3013 582 καθώς
3040 521 3167 598 φασί
3228 541 3369 583 τινες
3412 522 3564 594 ἡμᾶς
3621 518 3807 595 λέγειν,

2166 609 2273 679 ὅτι,
2308 610 2633 679 Ποιήσωμεν
2690 609 2760 663 τὰ
2815 613 2973 676 κατὰ,
3003 609 3095 663 ἳνα
3151 606 3282 676 ἔλθη
3330 609 3399 664 τὰ
3456 611 3655 685 ἀγαθὲ,
3690 634 3715 659 ιι
3743 611 3807 665 ὧν

2162 698 2225 754 τὸ
2258 698 2426 771 κρίμα
2452 694 2659 753 ἔνδικόν
2693 697 2834 752 ἐστιν
2871 717 2885 766 ;
2919 698 3087 754 Οὗτοί
3121 697 3255 753 εἰσιν
3308 699 3360 752 οἱ
3391 701 3533 754 κατὰ
3571 700 3671 767 τὴν
3704 698 3813 753 ἀνά-

2162 808 2360 864 γνωσιν
2390 793 2577 861 φωνῆς
2604 786 2750 859 τόνῳ
2809 783 3226 863 διαστρέφοντες
3281 786 3377 850 τὰς
3432 787 3655 864 Γραφὰς
3693 789 3813 863 πρὸς

2164 879 2258 941 τὰς
2292 876 2433 939 ἰδίας
2463 874 2688 949 ἡδονὰς,
2718 876 2808 932 καί
2846 899 3010 932 τινων
3062 876 3391 954 προσῳδιῶν
3450 880 3544 934 καὶ
3578 884 3810 953 στιγμῶν

2172 968 2447 1043 μεταθέσει
2476 967 2544 1022 τὰ
2572 965 3013 1043 παραγγελθέντα
3069 966 3367 1044 σωφρόνως
3425 988 3484 1022 τε
3536 967 3631 1023 καὶ
3690 989 3816 1041 συμ-

2169 1058 2443 1135 φερόντως
2494 1056 2808 1132 βιαζόμενοι
2865 1056 3005 1131 πρὸς
3040 1054 3377 1125 ἡδυπαθείας
3447 1057 3544 1118 τὰς
3602 1058 3813 1112 έαυτῶν·

2173 1171 2198 1202 ι
2232 1149 2300 1205 Ol
2330 1146 2720 1222 παροξύνοντες
2749 1149 2863 1219 (20)
2919 1146 3014 1201 τὸν
3071 1147 3200 1202 Θεὸν
3255 1152 3376 1210 τοῖς
3425 1145 3621 1223 λόγοις
3652 1148 3814 1220 ὑμῶν,

2173 1238 2202 1294 6
2235 1234 2528 1312 Μαλαχίας
2560 1237 2718 1314 φησὶ,
2747 1234 2839 1290 καὶ
2870 1233 3074 1291 εἷ’πατε·
3132 1237 3222 1293 Ἐν
3276 1236 3385 1291 τίνι
3437 1237 3819 1313 παρωξύναμεν

2171 1325 2376 1393 αὐτόν;
2410 1328 2608 1398 Ἐντῷ
2653 1325 2828 1401 λέγειν
2891 1325 3051 1398 ὑμᾶς’
3108 1330 3218 1389 Πᾶς
3273 1326 3303 1380 6
3358 1329 3534 1381 ποιῶν
3591 1327 3820 1398 πονηρὸν

2172 1416 2376 1490 ἀγαθὸς
2422 1413 2656 1470 ἐνώπιον
2705 1413 2928 1486 Κυρίου,
2985 1415 3076 1469 καὶ
3146 1414 3198 1469 ἐν
3260 1415 3446 1477 αὐτοῖς
3495 1412 3817 1485 ηὐδόκησεν

2171 1504 2261 1558 καὶ
2283 1506 2389 1558 ποῦ
2416 1501 2557 1558 ἔστιν
2588 1504 2615 1558 6
2638 1503 2770 1566 Θεὸς
2791 1506 2891 1567 τῆς
2915 1501 3268 1574 δικαιοσύνης
3301 1523 3316 1572 ;
3352 1526 3380 1554 ››

419 1610 560 1661 tono
594 1604 752 1660 vocis
781 1609 1125 1676 pervertunt
1154 1604 1485 1674 Scripturas
1532 1601 1606 1657 ad
1653 1600 1921 1672 proprias
1969 1596 2318 1668 voluptates,
2354 1600 2412 1649 et
2456 1594 2851 1665 quorumdam
2882 1596 3038 1650 190
3067 1601 3422 1650 accentuum
3470 1599 3531 1649 et
3579 1599 3820 1666 puncto-

421 1710 556 1749 rum
590 1693 1074 1765 transpositione,
1107 1709 1238 1762 quaa
1269 1690 1594 1762 prudenter
1624 1695 1682 1744 et
1710 1689 1939 1745 utiliter
1984 1688 2281 1758 praecepta
2323 1688 2482 1753 sunt,
2515 1683 2590 1739 ad
2621 1699 2760 1738 suas
2787 1684 3035 1739 trahunt
3074 1683 3319 1739 delicias
3374 1706 3405 1734 α
3435 1683 3549 1749 Qui
3589 1683 3820 1738 irritatis

426 1784 613 1838 Deum
645 1781 1020 1837 sermonibus
1050 1781 1279 1850 vestris,
1310 1802 1336 1829 »
1368 1780 1564 1851 inquit
1592 1778 1927 1841 Malachias,
1960 1800 1985 1824 α
2016 1780 2073 1832 et
2102 1773 2319 1840 dicitis,
2353 1773 2414 1827 in
2447 1789 2707 1844 quonam
2739 1788 2877 1827 eum
2906 1773 3268 1830 irritavimus
3288 1773 3317 1828 Ἰ
3361 1774 3513 1829 Dum
3556 1790 3656 1828 vos
3684 1772 3823 1827 dici-

422 1871 499 1927 tis
534 1888 547 1924 :
576 1870 924 1942 Quicunque
953 1870 1095 1926 facit
1123 1870 1369 1937 malum,
1402 1869 1594 1924 bonus
1624 1873 1716 1923 est
1742 1883 1941 1923 coram
1973 1863 2245 1933 Domino,
2277 1867 2337 1917 et
2365 1861 2492 1933 ipse
2524 1861 2586 1916 in
2613 1861 2700 1917 eis
2728 1861 3127 1933 complacuit;
3160 1867 3220 1917 et
3248 1862 3349 1917 ubi
3398 1867 3490 1917 est
3514 1862 3671 1918 Deus
3692 1861 3820 1933 jus-

421 1960 567 2016 titiaa
597 1961 667 2031 (ο)
689 1960 717 2015 ‘I
742 1982 771 2010 ››

1997 2042 2182 2098 APUT
2228 2042 2295 2097 V.

1951 2044 2182 2099 CAPUT
2228 2044 2295 2097 V.

580 2138 692 2192 Duo
720 2154 921 2207 genera
951 2137 1333 2194 haereticorum
1360 2143 1556 2202 notat;
1584 2137 1743 2207 prius
1774 2134 1997 2188 illorum
2025 2133 2125 2202 qui
2152 2131 2337 2185 omnia
2361 2130 2608 2184 omnibus
2638 2128 2800 2185 licere
2822 2130 3222 2199 pronuntiant,
3254 2145 3386 2200 quos
3417 2132 3692 2198 refutant.

496 2236 576 2289 Ne
598 2250 734 2306 ergo
766 2236 924 2290 hunc
968 2235 1162 2290 locum
1204 2252 1399 2308 ungue
1431 2233 1688 2305 amplius
1719 2232 2067 2294 fodicantes,
2101 2241 2146 2305 Β

430 2321 693 2394 plurium
716 2322 1109 2378 absurdarum
1127 2324 1445 2378 hmresium
1469 2321 1918 2377 meminerimus
1939 2335 2077 2386 ;nec

428 2427 634 2466 rursus
655 2411 795 2465 dum
818 2412 881 2466 in
907 2412 1155 2484 singulis
1176 2412 1457 2467 adversus
1479 2424 1964 2482 unamquamque
1986 2407 2073 2463 di-

428 2516 561 2556 cere
592 2516 836 2555 necesse
868 2500 1178 2568 habemus,
1226 2506 1540 2573 propterea
1586 2499 1811 2571 pudore
1853 2497 2079 2553 afficia-

428 2606 582 2657 mur,
618 2595 677 2644 et
704 2590 884 2645 nimis
916 2590 1176 2661 prolixos
1219 2590 1329 2645 hos
1374 2589 1663 2645 faciamus
1712 2592 2082 2644 commenta-

428 2677 573 2743 rios,
604 2694 709 2751 age
740 2677 803 2732 in
835 2678 950 2733 duo
979 2678 1307 2734 dividentes
1330 2695 1538 2733 omnes
1566 2677 1845 2744 haereses,
1880 2676 1965 2732 eis
1983 2692 2076 2730 re-

432 2766 854 2838 spondeamus.
887 2769 1001 2823 Aut
1029 2767 1187 2822 enim
1228 2768 1446 2823 docent
1492 2766 1811 2822 indiscrete
1855 2765 2077 2819 vivere:

433 2861 537 2912 aut
565 2856 807 2913 modum
835 2856 1208 2923 excedentes,
1244 2874 1349 2929 per
1379 2856 1746 2927 impietatem
1792 2859 1848 2910 et
1878 2854 2081 2909 odium

434 2945 793 3017 profitentur
813 2945 1263 3001 continentiam.
1289 2944 1457 2999 Prius
1476 2950 1674 2999 autem
1709 2943 2081 2998 tractandum

437 3039 527 3090 est
557 3034 628 3089 de
661 3035 854 3106 prima
877 3039 1064 3107 parte.
1099 3033 1264 3100 Quod
1296 3035 1345 3089 si
1377 3034 1534 3105 quod
1565 3032 1710 3088 libet
1740 3032 1867 3086 vitas
1897 3047 2082 3104 genus

436 3123 577 3179 licet
605 3124 845 3197 eligere,
881 3129 1005 3178 tum
1037 3140 1166 3179 eam
1199 3123 1423 3178 scilicet
1456 3123 1635 3177 etiam
1656 3121 1816 3188 licet,
1841 3137 1972 3191 qua}
1995 3124 2086 3174 est

436 3213 751 3269 continens
777 3229 790 3267 :
824 3218 882 3267 et
911 3212 960 3267 si
991 3212 1216 3268 electus
1233 3217 1355 3266 tute
1378 3211 1595 3283 poterit
1625 3209 1932 3282 quodlibet
1953 3209 2083 3262 vitae

437 3318 621 3375 genus
649 3302 882 3369 sectari,
906 3301 1288 3358 manifestum
1313 3307 1401 3356 est
1417 3317 1569 3368 eam,
1590 3317 1720 3371 quae
1744 3305 2083 3369 temperan-

440 3395 530 3446 ter
550 3396 608 3446 et
629 3391 958 3446 secundum
980 3391 1253 3445 virtutem
1277 3389 1489 3458 agitur,
1523 3389 1696 3461 longe
1724 3387 2084 3442 tutissimam

444 3495 594 3533 esse.
616 3481 760 3534 Nam
788 3496 921 3534 cum
958 3499 980 3530 σι
1010 3479 1251 3534 domino
1276 3478 1527 3546 sabbati,
1553 3500 1577 3527 ι)
1605 3476 1838 3532 etiamsi
1870 3475 2083 3530 intem-

443 3573 720 3639 peranter
748 3568 918 3635 vivat,
950 3568 1117 3623 nulla
1133 3568 1282 3623 ratio
1307 3566 1609 3623 reddenda
1631 3567 1725 3633 sit,
1750 3565 1936 3621 multo
1958 3580 2083 3619 ma-

440 3655 527 3726 gis
551 3656 649 3725 qui
682 3654 858 3709 vitam
882 3656 1185 3711 moderate
1208 3662 1267 3711 et
1289 3661 1611 3727 temperate
1635 3654 1911 3721 instituit,
1932 3653 2081 3708 nulli

440 3743 554 3798 erit
584 3743 797 3799 rationi
842 3744 1158 3799 reddenda;
1202 3744 1514 3800 obnoxius.
1565 3744 1779 3800 Omnia
1808 3742 1968 3799 enim
2012 3742 2086 3796 li-

439 3837 595 3895 cent.
629 3832 732 3887 sed
755 3848 873 3887 non
896 3833 1102 3888 omnia
1123 3833 1446 3904 expediunt
1466 3834 1568 3904 (ἀ),
1596 3856 1620 3882 υ
1645 3834 1727 3889 ait
1748 3831 2084 3904 Apostolus.

441 3920 606 3986 Quod
638 3922 685 3976 si
708 3922 912 3976 omnia
939 3922 1140 3984 licent,
1165 3922 1436 3977 videlicet
1456 3922 1827 3977 moderatum
1851 3936 2086 3992 quoque

441 4014 600 4064 esset
627 4013 687 4063 et
716 4015 1164 4080 temperantem.
1193 4010 1702 4075 Quemadmodum
1746 4027 1882 4083 ergo
1918 4011 1968 4065 is
1999 4013 2090 4064 est

440 4097 799 4161 laudandus,
830 4099 929 4169 qui
959 4097 1232 4153 libertate
1257 4115 1362 4154 sua
1384 4115 1527 4153 usus
1558 4105 1649 4154 est
1674 4099 1745 4154 ad
1774 4098 2088 4155 vivendum

443 4205 514 4244 ex
542 4188 753 4243 virtute
781 4204 793 4241 :
828 4188 908 4242 ita
939 4186 1127 4242 multo
1175 4187 1358 4256 magis
1407 4188 1507 4257 qui
1540 4188 1702 4242 dedit
1731 4188 1904 4243 nobis
1934 4188 2081 4241 libe-

441 4293 568 4334 ram
600 4277 788 4332 nostri
814 4282 1186 4349 potestatem,
1209 4282 1267 4331 et
1291 4276 1585 4331 concessit
1612 4276 1800 4331 vivere
1823 4282 1889 4330 ut
1912 4276 2085 4330 velle~

439 4384 594 4434 mus,
630 4372 720 4423 est
747 4367 1119 4423 venerandus
1151 4371 1209 4421 et
1228 4365 1585 4429 adorandus,
1619 4365 1776 4435 quod
1798 4364 1917 4420 non
1954 4381 2088 4436 per-

440 4457 690 4521 miserit,
724 4462 790 4511 ut
808 4463 1015 4512 nostra
1037 4455 1245 4510 electio
1278 4460 1337 4510 et
1356 4454 1555 4509 vitatio
1577 4453 1853 4523 cuiquam
1876 4469 2087 4507 neces-

440 4547 596 4601 sario
629 4546 893 4602 serviret.
926 4545 984 4600 Si
1019 4551 1109 4600 est
1129 4549 1326 4600 autem
1358 4549 1607 4615 uterque
1630 4559 1796 4614 asque
1820 4557 2086 4610 securus,

440 4639 501 4689 et
514 4636 613 4705 qui
637 4635 1159 4699 incontinentiam,
1183 4638 1240 4690 et
1257 4634 1356 4704 qui
1376 4632 1805 4689 continentiam
1825 4631 2086 4703 elegerit,

441 4740 562 4781 non
594 4730 683 4780 est
713 4729 911 4779 tamen
943 4741 1014 4779 ex
1036 4740 1203 4795 aaquo
1226 4724 1543 4778 honestum
1568 4728 1627 4777 et
1655 4721 1955 4778 decorum.
1980 4720 2088 4786 Qui

443 4812 609 4867 enim
638 4814 881 4885 impegit
913 4812 971 4868 in
1001 4813 1358 4884 voluptates,
1399 4812 1767 4882 gratificatur
1812 4810 2045 4882 corpori
2071 4827 2084 4864 :

444 4903 783 4970 temperans
814 4907 1009 4954 autem
1029 4900 1289 4954 animam
1321 4899 1586 4969 corporis
1611 4898 1915 4953 dominam
1941 4897 2089 4951 libe-

445 4993 539 5040 rat
567 5003 601 5041 a
632 4988 1195 5058 perturbationibus.
1232 4990 1300 5041 Et
1328 4988 1376 5042 si
1410 4988 1611 5043 dicant
1639 5004 1747 5043 nos
1775 5011 1802 5036 α
1856 4993 2088 5042 vocatos

445 5072 628 5129 fuisse
660 5076 719 5128 in
741 5076 1098 5143 libertatem,
1123 5076 1495 5131 solummodo
1518 5092 1593 5131 ne
1623 5077 1993 5147 prmbeamus
2015 5076 2091 5131 li-

2248 2226 2341 2283 "Iv’
2375 2223 2467 2281 οὖν
2499 2228 2609 2297 (21)
2662 2226 2764 2297 μή,
2823 2221 3109 2280 ἐπιπλεῖον
3174 2223 3530 2300 όνυχίζοντες
3582 2227 3695 2299 (22)
3742 2226 3824 2280 τὸν

2182 2314 2350 2370 τόπον
2387 2358 2401 2383 ,
2451 2312 2717 2369 πλειόνων
2777 2312 2991 2368 ἀτόπων
3056 2313 3312 2387 αἱρέσεων
3394 2310 3825 2388 ἔπιμεμνήμεθα,

2190 2400 2320 2476 μηδ’
2378 2400 2444 2458 αὖ
2501 2404 2614 2457 καθ’
2672 2402 2900 2471 ἑκάστην
2960 2401 3137 2458 αὐτῶν
3194 2400 3370 2479 λέγειν
3426 2404 3567 2477 πρὸς
3616 2403 3826 2472 ἑκάστην

2185 2492 2644 2567 ἀναγκαζόμενοι,
2697 2490 3091 2564 αΐσχυνώμεθά
3142 2513 3202 2547 τε
3232 2491 3315 2547 ἐπ’
3347 2491 3560 2560 αὐτοῖς,
3616 2491 3707 2547 καὶ
3749 2491 3826 2547 ἐπὶ

2191 2584 2458 2656 μήγιστον
2513 2580 2581 2634 τὰ
2666 2580 3039 2654 ὑπομνήματα
3121 2582 3472 2657 προάγωμεν·
3557 2580 3706 2658 φέρε,
3762 2580 3828 2641 είς

2189 2667 2290 2725 δύο
2323 2666 2594 2731 διελόντες
2624 2670 2923 2745 πράγματα
2979 2668 3185 2731 ἁπάσας
3241 2670 3342 2733 τὰς
3403 2668 3664 2743 αἶρέσεις,
3705 2668 3829 2723 ἄπο-

2187 2760 2503 2836 κρινώμεθα
2543 2759 2749 2822 αὐτοῖς’
2806 2758 2841 2829 ἤ
2898 2760 3000 2835 γάρ
3043 2779 3131 2815 τοι
3189 2756 3501 2838 ἀδιαφόρως
3551 2763 3649 2834 ζῇν
3700 2756 3832 2814 διδά.

2189 2870 2431 2915 σκουσιν,
2462 2847 2521 2920 ἢ,
2576 2848 2636 2903 τὸ
2695 2847 2988 2926 ὑπέρτονον
3044 2845 3301 2923 ἄγουσαι,
3360 2847 3676 2923 ἐγκράτειαν
3754 2843 3832 2901 διὰ

2191 2932 2504 2999 δυσσεϐείας
2582 2936 2673 2992 καὶ
2761 2937 3334 3014 φιλαπεχσημοσόνης
3388 2935 3829 3011 καταγγέλλοιισι.

2192 3026 2461 3102 Πρότερον
2491 3024 2549 3081 δὲ
2593 3028 2856 3102 περὶτοῦ
2912 3028 3180 3101 προτέρου
3239 3024 3575 3098 διαληπτέον
3632 3027 3833 3100 τμήμα-

2187 3136 2301 3179 τος’
2336 3115 2381 3170 εἰ
2412 3116 2585 3171 πάντα
2616 3110 2814 3186 ἔξεστιν
2858 3113 3072 3171 ἑλέσθαι
3134 3116 3275 3191 βίον,
3330 3113 3503 3185 δῆλον
3565 3116 3649 3171 ὃτι
3729 3115 3831 3188 (23)

2188 3205 2400 3261 καὶτὸν
2438 3207 2554 3279 μετ’
2606 3205 2941 3282 ἐγκρατείας*
3003 3204 3094 3260 καὶ
3134 3205 3180 3261 εἱ
3227 3211 3333 3268 πᾶς
3395 3205 3512 3280 βίος
3573 3201 3832 3263 ἀκίνδυνος

2191 3292 2450 3366 ἐκλεκτῷ,
2511 3290 2681 3364 δῆλον
2742 3293 2825 3349 ὅτι
2889 3296 3022 3368 μετὰ
3069 3295 3266 3369 ἂρετῆς
3344 3295 3436 3349 καὶ
3493 3291 3832 3370 σωφροσύνης

2190 3380 2336 3438 πολὺ
2372 3380 2585 3456 μᾶλλον
2616 3379 2922 3445 ἀκίνδυνος*
2984 3380 3236 3453 δοθείσης
3264 3383 3365 3457 γὰρ
3414 3381 3660 3454 ἐξουσίας
3708 3407 3733 3431 α
3762 3383 3831 3451 τῷ

2191 3471 2366 3548 κυρίῳ
2420 3476 2518 3527 τοῦ
2570 3467 2863 3542 σαϐϐάτου,
2931 3493 2955 3525 ι
3022 3470 3172 3547 εἴπερ
3259 3469 3579 3535 ἆγολάστως
3635 3473 3831 3546 βιῶσαι,

2194 3559 2483 3625 ἀνεύθυνον
2517 3560 2674 3630 εἶναι,
2706 3557 2907 3633 πολλῷ
2941 3558 3154 3633 μᾶλλον
3202 3559 3501 3633 ὁκοσμίως
3532 3558 3834 3616 πολιτευσάο

2198 3669 2357 3722 μενος
2392 3649 2501 3724 οὐχ
2532 3648 2830 3713 ὑπεύθυνος
2857 3644 3024 3706 ἔσται.
3058 3673 3087 3701 α
3147 3650 3326 3705 Πάντα
3368 3647 3464 3721 μὶν
3491 3649 3593 3723 γὰρ
3626 3647 3827 3721 ἔξεστιν,

2191 3737 2320 3796 ἀλλ’
2349 3740 2412 3795 οὐ
2441 3739 2619 3795 πάντα
2648 3740 2929 3818 συμφέρει,
2965 3764 2993 3793 ››
3025 3739 3188 3818 φησὶν
3220 3740 3248 3794 6
3280 3739 3647 3802 Ἀπόστολος.
3679 3737 3734 3794 Ei
3776 3734 3829 3791 δί

2190 3828 2280 3883 καὶ
2312 3830 2486 3884 πάντα
2515 3823 2706 3899 ἔξεστι,
2742 3826 2917 3898 δῆλον
2949 3827 3031 3884 ὅτι
3062 3830 3153 3884 καὶ
3182 3829 3245 3884 τὸ
3279 3832 3606 3907 σωφρονεῖν.
3637 3830 3823 3901 ’Ὠσπερ

2193 3916 2285 3973 οὖν
2315 3919 2342 3973 6
2370 3921 2439 3992 τῇ
2472 3916 2688 3989 ἐξουσίᾳ
2717 3917 2793 3980 εἷς
2822 3918 2885 3972 τὸ
2941 3918 3058 3973 κατ’
3090 3918 3288 3991 ἆρετήν
3345 3917 3541 3993 βιῶσαι
3591 3935 3826 3991 συγχρη·

2194 4008 2425 4080 σάμενος
2457 4005 2758 4073 ἐπαινετὸς,
2791 4005 2934 4062 οὕτω
2963 4006 3108 4062 πολὺ
3146 4006 3359 4080 μᾶλλον
3388 4007 3416 4061 6
3473 4006 3575 4073 τὴν
3605 4004 3826 4076 ἐξουσίαν

2192 4098 2328 4168 ἡμῖν
2360 4092 2612 4157 δεδωκὼς
2669 4094 2953 4170 ἐλευθέραν
3012 4096 3100 4150 καὶ
3161 4096 3376 4169 κυρίαν,
3438 4093 3827 4169 καῖσυγχωρή·

2192 4205 2285 4245 σας
2317 4186 2453 4257 ἡμῖν
2487 4185 2638 4259 βιοῦν
2672 4185 2744 4246 ὡς
2778 4184 3114 4260 βουλόμεθα,
3142 4185 3338 4257 σεμνὸς
3393 4184 3483 4237 καὶ
3544 4202 3826 4259 προσκυνη·

2192 4276 2308 4343 τὸς,
2354 4277 2428 4348 μὴ
2464 4275 2622 4337 ἐάσας
2656 4272 2932 4329 δουλεύειν
2966 4276 3128 4348 ἡμῶν
3177 4274 3312 4330 κατὰ
3368 4273 3606 4349 ἀνάγκην
3636 4272 3726 4333 τὰς
3755 4270 3825 4324 αἱ·

2195 4363 2366 4440 ρέσεις
2398 4364 2481 4418 καὶ
2516 4364 2614 4425 τὰς
2645 4364 2838 4437 φυγάς.
2874 4364 2934 4419 Εἰ
2994 4360 3052 4418 δὲ
3106 4364 3168 4418 τὸ
3218 4361 3367 4424 ἆδεὶς
3397 4362 3650 4438 ἑκάτερος
3703 4355 3825 4434 ἔχει,

2194 4452 2310 4508 ὅτε
2365 4452 2621 4528 ἀκρασίαν
2679 4452 2710 4508 6'
2772 4474 2831 4508 τε
2887 4452 3196 4528 ἐγκράτειαν
3251 4451 3538 4525 ἐλόμενος,
3591 4451 3728 4507 ἄλλα
3775 4448 3828 4501 τὸ

2195 4542 2414 4613 σεμνὸν,
2441 4542 2551 4616 οὐχ
2580 4542 2795 4614 ὅμοιον.
2828 4543 2889 4599 Ὁ
2926 4542 3022 4615 μὶν
3052 4542 3157 4617 γὰρ
3216 4541 3294 4605 εἷς
3324 4539 3528 4612 ἡδονὰς
3579 4536 3829 4612 ἐξοκείλας

2194 4629 2408 4703 σώματι
2437 4630 2745 4706 χαρίζεται,
2778 4631 2807 4685 6
2839 4628 2896 4686 δὲ
2927 4631 3159 4705 σώφρων
3215 4633 3316 4699 τὴν
3376 4628 3568 4704 κυρίαν
3626 4625 3718 4684 τοῖ’)
3744 4624 3830 4680 σώ-

2198 4740 2365 4794 ματος
2396 4721 2583 4795 ψυχὴν
2636 4718 2918 4794 ἐλευθεροῖ
2981 4725 3090 4776 τῶν
3123 4724 3330 4784 παθῶν.
3366 4721 3471 4775 Κᾶν
3499 4718 3583 4774 ἐπ’
3638 4716 3826 4774 ἐλευθε·

2194 4809 2285 4883 ρίᾳ
2310 4808 2605 4878 κεκλῆσθαι
2638 4807 2868 4883 λέγωσιν
2912 4811 3081 4883 ἡμᾶς,
3146 4808 3310 4882 μόνον
3368 4813 3446 4882 μὴ
3502 4809 3605 4875 τήν
3637 4805 3826 4862 ἐλευθε-

2200 4896 2313 4973 ρίαν
2364 4897 2440 4959 εἷς
2498 4898 2753 4976 ἀφορμήν
2812 4902 2880 4973 τῇ
2932 4898 3088 4973 σαρκὶ
3147 4899 3500 4972 παρέχωμεν,
3559 4897 3692 4953 κατὰ
3747 4891 3824 4947 τὸν

2198 4986 2560 5041 Ἀπόστολον·
2609 4986 2658 5040 εἷ’
2701 4984 2759 5041 δί
2790 4986 3052 5061 ἐπιθυμίᾳ
3100 4986 3413 5059 χαριστέον,
3444 4986 3537 5041 καὶ
3588 4986 3677 5040 τὸν
3715 4981 3828 5037 ἐπο-

2194 5073 2453 5131 νείδιστον
2490 5075 2606 5150 βίον
2634 5073 2928 5153 ἀδιάφορον
2958 5075 3220 5153 ἡγητέον,
3252 5076 3329 5138 ὡς
3361 5075 3516 5131 αὐτοὶ
3572 5074 3826 5150 λέγουσιν,

515 5179 580 5244 νι‹
611 5182 673 5235 Ρ.
707 5183 809 5259 δερ
839 5184 1276 5259 nugonem
1309 5185 1410 5237 443
1443 5185 1553 5238 ED.
1588 5185 1815 5240 PARIS.
1893 5186 1968 5255 (α)
1998 5185 2079 5239 Jei

2189 5226 2213 5240 ..
2244 5201 2342 5255 xu,
2380 5188 2430 5240 l.
2506 5184 2584 5254 (ό)
2615 5186 2783 5241 Rom.
2818 5201 2905 5259 ιιι,
2937 5187 2988 5242 8.
3068 5186 3141 5258 (ο)
3174 5182 3420 5241 Malach.
3454 5202 3514 5253 ιι,
3546 5185 3636 5242 17.
3715 5172 3827 5253 (al)l

450 5252 580 5308 Cor.
619 5268 693 5318 v1,
730 5254 834 5317 13;
866 5269 922 5317 x,
953 5255 1042 5308 23.

523 5352 632 5420 (20)
674 5344 1109 5420 »Παροξόνοντες
1186 5346 1586 5420 Παροξύναντες
1665 5351 1935 5418 Malach.,
1992 5352 2092 5406 ubi

454 5417 611 5495 mox,
670 5418 721 5473 ἐν
755 5423 872 5495 τοῖς
905 5417 1029 5495 λογἐ
1053 5419 1243 5495 .dein,
1274 5417 1452 5473 ’καλὸν
1486 5418 1715 5473 ἐνώπιον
1748 5417 1973 5495 Κυρίου,
2003 5421 2093 5476 καὶ

452 5492 503 5546 ἐν
537 5487 723 5552 αὐτοῖς
753 5490 914 5555 αὐτὸς
944 5487 1222 5559 εὖδόκησε.

527 5568 633 5635 (21)
660 5564 758 5622 Ἳν⁹
787 5561 925 5621 οὖν..
961 5560 1403 5635 ἐπιμεμνήμεθα.
1447 5562 1749 5633 Usitatius,
1802 5559 1877 5617 ἵν’
1934 5563 2093 5622 οὗν...

453 5633 903 5708 ἐπιμεμνώμεθα.
935 5633 1209 5693 Ξϊιιιωιῦ.

2440 5351 2841 5436 Ὀνυχίζοντεςε
2901 5347 3679 5436 Ιάλςδιὶᾴκριόολονγρῦντες.
3733 5352 3824 5407 Ho-

2205 5425 2463 5505 sycbius.
2515 5423 2783 5500 Ὀνυχιεῖ,
2814 5424 3092 5499 ἐπιμελῶς
3135 5423 3388 5497 ἐξετάσει.
3420 5426 3570 5482 Hinc
3606 5440 3823 5499 provero

2204 5495 2367 5551 bium
2397 5496 2483 5560 Ἐξ
2513 5491 2737 5560 ὄνυγος.
2761 5500 2965 5555 Latine
3015 5520 3039 5551 ιι
3074 5498 3162 5554 Ad
3190 5511 3473 5560 unguem.
3508 5520 3537 5548 »ι

2206 5512 2367 5551 mum
2398 5512 2483 5566 is:
2513 5512 2607 5551 ονυ
2656 5518 2737 5568 ος,
2763 5512 2965 5555 Latine
3015 5520 3039 5551 «
3074 5512 3162 5554 Λα
3190 5512 3473 5569 unguem.
3508 5520 3537 5548 »ι

2206 5567 2597 5692 δῖἓίῗῃὲῆλον
2614 5516 2737 5626 >δτι.
2779 5571 2932 5626 Flor.
2987 5569 3131 5626 edit.
3190 5569 3510 5642 conjuncte
3568 5564 3819 5639 δηλονότι.

2282 5657 2476 5696 ιΒῠιισ.
