  <div class='ocr_page' id='page_1' title='image "/cluster/home/n/w/nwhite01/storage/ocr_20150623/8/hvd.32044073501298/576.png"; bbox 0 0 4048 6186; ppageno 0'>
   <div class='ocr_carea' id='block_1_1' title="bbox 303 344 444 399">
    <p class='ocr_par' dir='ltr' id='par_1_1' title="bbox 303 344 444 399">
     <span class='ocr_line' id='line_1_1' title="bbox 303 344 444 399; baseline 0.007 -1"><span class='ocrx_word' id='word_1_1' title='bbox 303 344 444 399; x_wconf 81' lang='grc'><strong>1145</strong></span> 
     </span>
    </p>
   </div>
   <div class='ocr_carea' id='block_1_2' title="bbox 1629 352 2390 411">
    <p class='ocr_par' dir='ltr' id='par_1_2' title="bbox 1629 352 2390 411">
     <span class='ocr_line' id='line_1_2' title="bbox 1629 352 2390 411; baseline -0.003 -1"><span class='ocrx_word' id='word_1_2' title='bbox 1629 352 1868 410; x_wconf 74' lang='lat' dir='ltr'>STROM</span> <span class='ocrx_word' id='word_1_3' title='bbox 1877 357 2078 411; x_wconf 79' lang='lat' dir='ltr'><strong>ATUM</strong></span> <span class='ocrx_word' id='word_1_4' title='bbox 2119 357 2250 410; x_wconf 85' lang='lat' dir='ltr'>LIB.</span> <span class='ocrx_word' id='word_1_5' title='bbox 2294 358 2390 410; x_wconf 86' lang='lat' dir='ltr'>Ill.</span> 
     </span>
    </p>
   </div>
   <div class='ocr_carea' id='block_1_3' title="bbox 3575 355 3714 410">
    <p class='ocr_par' dir='ltr' id='par_1_3' title="bbox 3575 355 3714 410">
     <span class='ocr_line' id='line_1_3' title="bbox 3575 355 3714 410; baseline 0.007 -1"><span class='ocrx_word' id='word_1_6' title='bbox 3575 355 3714 410; x_wconf 75' lang='lat'>1146</span> 
     </span>
    </p>
   </div>
   <div class='ocr_carea' id='block_1_4' title="bbox 297 467 1946 549">
    <p class='ocr_par' dir='ltr' id='par_1_4' title="bbox 297 467 1946 543">
     <span class='ocr_line' id='line_1_4' title="bbox 297 467 1946 543; baseline 0.005 -23"><span class='ocrx_word' id='word_1_7' title='bbox 297 467 424 536; x_wconf 73' lang='grc' dir='ltr'>ἢτοι</span> <span class='ocrx_word' id='word_1_8' title='bbox 456 467 630 522; x_wconf 82' lang='grc' dir='ltr'>πάντα</span> <span class='ocrx_word' id='word_1_9' title='bbox 657 473 778 531; x_wconf 88' lang='grc' dir='ltr'>ταῖς</span> <span class='ocrx_word' id='word_1_10' title='bbox 807 467 1117 542; x_wconf 72' lang='grc' dir='ltr'>ἐπιθυμίαις</span> <span class='ocrx_word' id='word_1_11' title='bbox 1150 471 1396 528; x_wconf 83' lang='grc' dir='ltr'>πειστέον</span> <span class='ocrx_word' id='word_1_12' title='bbox 1442 474 1531 528; x_wconf 81' lang='grc' dir='ltr'>καὶ</span> <span class='ocrx_word' id='word_1_13' title='bbox 1583 474 1637 528; x_wconf 69' lang='grc' dir='ltr'>οἷ</span> <span class='ocrx_word' id='word_1_14' title='bbox 1667 479 1851 543; x_wconf 87' lang='grc' dir='ltr'>τοῦτο,</span> <span class='ocrx_word' id='word_1_15' title='bbox 1885 474 1946 530; x_wconf 78' lang='grc' dir='ltr'>τά</span> 
     </span>
    </p>
   </div>
   <div class='ocr_carea' id='block_1_5' title="bbox 2060 467 3713 549">
    <p class='ocr_par' dir='ltr' id='par_1_5' title="bbox 2062 477 3713 549">
     <span class='ocr_line' id='line_1_5' title="bbox 2062 477 3713 549; baseline 0.001 -17"><span class='ocrx_word' id='word_1_16' title='bbox 2062 477 2371 546; x_wconf 88' lang='lat' dir='ltr'>bertatem,</span> <span class='ocrx_word' id='word_1_17' title='bbox 2401 480 2461 534; x_wconf 91' lang='lat' dir='ltr'>in</span> <span class='ocrx_word' id='word_1_18' title='bbox 2505 479 2876 534; x_wconf 81' lang='lat' dir='ltr'>occasionem</span> <span class='ocrx_word' id='word_1_19' title='bbox 2926 480 3089 534; x_wconf 88' lang='lat' dir='ltr'>carni</span> <span class='ocrx_word' id='word_1_20' title='bbox 3123 479 3220 549; x_wconf 86' lang='lat' dir='ltr'>(a),</span> <span class='ocrx_word' id='word_1_21' title='bbox 3258 501 3286 528; x_wconf 86' lang='grc'>››</span> <span class='ocrx_word' id='word_1_22' title='bbox 3315 495 3382 532; x_wconf 86' lang='lat' dir='ltr'>ex</span> <span class='ocrx_word' id='word_1_23' title='bbox 3417 484 3713 534; x_wconf 75' lang='lat' dir='ltr'>sententia</span> 
     </span>
    </p>
   </div>
   <div class='ocr_carea' id='block_1_6' title="bbox 297 554 1950 635">
    <p class='ocr_par' dir='ltr' id='par_1_6' title="bbox 297 554 1950 635">
     <span class='ocr_line' id='line_1_6' title="bbox 297 554 1950 635; baseline 0.005 -26"><span class='ocrx_word' id='word_1_24' title='bbox 297 554 663 631; x_wconf 69' lang='grc' dir='ltr'>ἀσελγέστατα</span> <span class='ocrx_word' id='word_1_25' title='bbox 715 557 806 610; x_wconf 80' lang='grc' dir='ltr'>καὶ</span> <span class='ocrx_word' id='word_1_26' title='bbox 866 558 1202 614; x_wconf 85' lang='grc' dir='ltr'>ἀνοσιώτατα</span> <span class='ocrx_word' id='word_1_27' title='bbox 1254 562 1521 635; x_wconf 76' lang='grc' dir='ltr'>πρακτέον</span> <span class='ocrx_word' id='word_1_28' title='bbox 1557 560 1784 629; x_wconf 72' lang='grc' dir='ltr'>ἅπαντα,</span> <span class='ocrx_word' id='word_1_29' title='bbox 1819 565 1950 618; x_wconf 82' lang='grc' dir='ltr'>έπο-</span> 
     </span>
    </p>
   </div>
   <div class='ocr_carea' id='block_1_7' title="bbox 299 645 1953 725">
    <p class='ocr_par' dir='ltr' id='par_1_7' title="bbox 299 645 1953 725">
     <span class='ocr_line' id='line_1_7' title="bbox 299 645 1953 725; baseline 0.005 -27"><span class='ocrx_word' id='word_1_30' title='bbox 299 645 497 717; x_wconf 87' lang='grc' dir='ltr'>μένους</span> <span class='ocrx_word' id='word_1_31' title='bbox 551 651 673 707; x_wconf 89' lang='grc' dir='ltr'>τοῖς</span> <span class='ocrx_word' id='word_1_32' title='bbox 732 646 1107 702; x_wconf 73' lang='grc' dir='ltr'>ἀναπείθουσιν</span> <span class='ocrx_word' id='word_1_33' title='bbox 1165 652 1333 720; x_wconf 78' lang='grc' dir='ltr'>ἡμᾶς·</span> <span class='ocrx_word' id='word_1_34' title='bbox 1397 652 1430 722; x_wconf 72' lang='grc' dir='ltr'><strong>ἢ</strong></span> <span class='ocrx_word' id='word_1_35' title='bbox 1489 656 1595 706; x_wconf 89' lang='grc' dir='ltr'>τῶν</span> <span class='ocrx_word' id='word_1_36' title='bbox 1651 652 1953 725; x_wconf 76' lang='grc' dir='ltr'>ἐπιθυμιῶν</span> 
     </span>
    </p>
   </div>
   <div class='ocr_carea' id='block_1_8' title="bbox 292 732 1951 818">
    <p class='ocr_par' dir='ltr' id='par_1_8' title="bbox 292 732 1951 818">
     <span class='ocr_line' id='line_1_8' title="bbox 292 732 1951 818; baseline 0.004 -30"><span class='ocrx_word' id='word_1_37' title='bbox 292 755 446 795; x_wconf 90' lang='grc' dir='ltr'>τινας</span> <span class='ocrx_word' id='word_1_38' title='bbox 476 732 860 808; x_wconf 74' lang='grc' dir='ltr'>ἐκκλινοῦμεν,</span> <span class='ocrx_word' id='word_1_39' title='bbox 919 737 1008 790; x_wconf 82' lang='grc' dir='ltr'>καὶ</span> <span class='ocrx_word' id='word_1_40' title='bbox 1059 735 1158 792; x_wconf 80' lang='grc' dir='ltr'>οὐκ</span> <span class='ocrx_word' id='word_1_41' title='bbox 1211 737 1288 793; x_wconf 82' lang='grc' dir='ltr'>ἔτι</span> <span class='ocrx_word' id='word_1_42' title='bbox 1345 737 1656 818; x_wconf 68' lang='grc' dir='ltr'>ἀδιαφόρως</span> <span class='ocrx_word' id='word_1_43' title='bbox 1702 741 1951 816; x_wconf 75' lang='grc' dir='ltr'>βιωτέον,</span> 
     </span>
    </p>
   </div>
   <div class='ocr_carea' id='block_1_9' title="bbox 294 821 1951 907">
    <p class='ocr_par' dir='ltr' id='par_1_9' title="bbox 294 821 1951 907">
     <span class='ocr_line' id='line_1_9' title="bbox 294 821 1951 907; baseline 0.005 -29"><span class='ocrx_word' id='word_1_44' title='bbox 294 821 422 878; x_wconf 74' lang='grc' dir='ltr'>οὐδὲ</span> <span class='ocrx_word' id='word_1_45' title='bbox 475 821 698 894; x_wconf 81' lang='grc' dir='ltr'>ἀναίδην</span> <span class='ocrx_word' id='word_1_46' title='bbox 749 823 1074 881; x_wconf 68' lang='grc' dir='ltr'>δουλευτέον</span> <span class='ocrx_word' id='word_1_47' title='bbox 1131 834 1253 890; x_wconf 91' lang='grc' dir='ltr'>τοῖς</span> <span class='ocrx_word' id='word_1_48' title='bbox 1324 831 1677 902; x_wconf 76' lang='grc' dir='ltr'>ἀτιμοτάτοις</span> <span class='ocrx_word' id='word_1_49' title='bbox 1735 831 1951 907; x_wconf 87' lang='grc' dir='ltr'>μέρεσιν</span> 
     </span>
    </p>
   </div>
   <div class='ocr_carea' id='block_1_10' title="bbox 294 912 1952 991">
    <p class='ocr_par' dir='ltr' id='par_1_10' title="bbox 294 912 1952 991">
     <span class='ocr_line' id='line_1_10' title="bbox 294 912 1952 991; baseline 0.004 -26"><span class='ocrx_word' id='word_1_50' title='bbox 294 913 481 983; x_wconf 72' lang='grc' dir='ltr'>ἡμῶν,</span> <span class='ocrx_word' id='word_1_51' title='bbox 543 913 735 987; x_wconf 81' lang='grc' dir='ltr'>γαστρὶ</span> <span class='ocrx_word' id='word_1_52' title='bbox 802 914 892 968; x_wconf 87' lang='grc' dir='ltr'>καὶ</span> <span class='ocrx_word' id='word_1_53' title='bbox 968 912 1223 983; x_wconf 78' lang='grc' dir='ltr'>αἰδοίοις,</span> <span class='ocrx_word' id='word_1_54' title='bbox 1301 914 1370 970; x_wconf 84' lang='grc' dir='ltr'>δι’</span> <span class='ocrx_word' id='word_1_55' title='bbox 1428 919 1716 991; x_wconf 80' lang='grc' dir='ltr'>ἐπιθυμίαν</span> <span class='ocrx_word' id='word_1_56' title='bbox 1774 918 1952 974; x_wconf 85' lang='grc' dir='ltr'>κολα-</span> 
     </span>
    </p>
   </div>
   <div class='ocr_carea' id='block_1_11' title="bbox 293 1002 1951 1084">
    <p class='ocr_par' dir='ltr' id='par_1_11' title="bbox 293 1002 1951 1084">
     <span class='ocr_line' id='line_1_11' title="bbox 293 1002 1951 1084; baseline 0.005 -30"><span class='ocrx_word' id='word_1_57' title='bbox 293 1002 564 1055; x_wconf 86' lang='grc' dir='ltr'>κευόντων</span> <span class='ocrx_word' id='word_1_58' title='bbox 617 1003 712 1056; x_wconf 90' lang='grc' dir='ltr'>τὸν</span> <span class='ocrx_word' id='word_1_59' title='bbox 767 1005 1041 1078; x_wconf 81' lang='grc' dir='ltr'>ἡμέτερον</span> <span class='ocrx_word' id='word_1_60' title='bbox 1100 1005 1286 1080; x_wconf 79' lang='grc' dir='ltr'>νεκρόν</span> <span class='ocrx_word' id='word_1_61' title='bbox 1345 1010 1475 1078; x_wconf 65' lang='grc'>(24).</span> <span class='ocrx_word' id='word_1_62' title='bbox 1537 1007 1802 1084; x_wconf 72' lang='grc' dir='ltr'>Τρέφεται</span> <span class='ocrx_word' id='word_1_63' title='bbox 1851 1009 1951 1083; x_wconf 75' lang='grc' dir='ltr'>γάρ</span> 
     </span>
    </p>
   </div>
   <div class='ocr_carea' id='block_1_12' title="bbox 295 1089 1952 1166">
    <p class='ocr_par' dir='ltr' id='par_1_12' title="bbox 295 1089 1952 1166">
     <span class='ocr_line' id='line_1_12' title="bbox 295 1089 1952 1166; baseline 0.004 -22"><span class='ocrx_word' id='word_1_64' title='bbox 295 1093 390 1144; x_wconf 82' lang='grc' dir='ltr'>καί</span> <span class='ocrx_word' id='word_1_65' title='bbox 424 1095 773 1159; x_wconf 77' lang='grc' dir='ltr'>ζωοποιεῖται</span> <span class='ocrx_word' id='word_1_66' title='bbox 815 1089 1209 1166; x_wconf 82' lang='grc' dir='ltr'>διακονουμένη</span> <span class='ocrx_word' id='word_1_67' title='bbox 1271 1095 1348 1156; x_wconf 78' lang='grc' dir='ltr'>εἷς</span> <span class='ocrx_word' id='word_1_68' title='bbox 1405 1093 1706 1150; x_wconf 82' lang='grc' dir='ltr'>ἀπόλαυσιν</span> <span class='ocrx_word' id='word_1_69' title='bbox 1769 1096 1952 1150; x_wconf 86' lang='grc' dir='ltr'>ἐπιθυ-</span> 
     </span>
    </p>
   </div>
   <div class='ocr_carea' id='block_1_13' title="bbox 302 1177 1954 1260">
    <p class='ocr_par' dir='ltr' id='par_1_13' title="bbox 302 1177 1954 1260">
     <span class='ocr_line' id='line_1_13' title="bbox 302 1177 1954 1260; baseline 0.005 -27"><span class='ocrx_word' id='word_1_70' title='bbox 302 1179 423 1252; x_wconf 88' lang='grc' dir='ltr'>μία,</span> <span class='ocrx_word' id='word_1_71' title='bbox 451 1179 686 1254; x_wconf 87' lang='grc' dir='ltr'>καθάπερ</span> <span class='ocrx_word' id='word_1_72' title='bbox 746 1177 983 1253; x_wconf 87' lang='grc' dir='ltr'>ἔμπαλιν</span> <span class='ocrx_word' id='word_1_73' title='bbox 1042 1183 1391 1256; x_wconf 85' lang='grc' dir='ltr'>κολουομένη</span> <span class='ocrx_word' id='word_1_74' title='bbox 1456 1187 1794 1260; x_wconf 75' lang='grc' dir='ltr'>μαραίνεται.</span> <span class='ocrx_word' id='word_1_75' title='bbox 1830 1191 1954 1248; x_wconf 85' lang='grc' dir='ltr'>Πῶς</span> 
     </span>
    </p>
   </div>
   <div class='ocr_carea' id='block_1_14' title="bbox 298 1266 1952 1346">
    <p class='ocr_par' dir='ltr' id='par_1_14' title="bbox 298 1266 1952 1346">
     <span class='ocr_line' id='line_1_14' title="bbox 298 1266 1952 1346; baseline 0.002 -23"><span class='ocrx_word' id='word_1_76' title='bbox 298 1266 360 1323; x_wconf 72' lang='grc' dir='ltr'>δὲ</span> <span class='ocrx_word' id='word_1_77' title='bbox 389 1267 499 1323; x_wconf 89' lang='grc' dir='ltr'>ἐστι</span> <span class='ocrx_word' id='word_1_78' title='bbox 533 1266 779 1339; x_wconf 84' lang='grc' dir='ltr'>δυνατὸν,</span> <span class='ocrx_word' id='word_1_79' title='bbox 811 1272 1110 1340; x_wconf 75' lang='grc' dir='ltr'>ἡττηθέντα</span> <span class='ocrx_word' id='word_1_80' title='bbox 1137 1277 1246 1325; x_wconf 92' lang='grc' dir='ltr'>τῶν</span> <span class='ocrx_word' id='word_1_81' title='bbox 1277 1277 1374 1327; x_wconf 90' lang='grc' dir='ltr'>τοῦ</span> <span class='ocrx_word' id='word_1_82' title='bbox 1425 1278 1679 1346; x_wconf 86' lang='grc' dir='ltr'>σώματος</span> <span class='ocrx_word' id='word_1_83' title='bbox 1713 1273 1952 1345; x_wconf 80' lang='grc' dir='ltr'>ἡδονῶν,</span> 
     </span>
    </p>
   </div>
   <div class='ocr_carea' id='block_1_15' title="bbox 299 1357 1954 1438">
    <p class='ocr_par' dir='ltr' id='par_1_15' title="bbox 299 1357 1954 1438">
     <span class='ocr_line' id='line_1_15' title="bbox 299 1357 1954 1438; baseline 0.004 -26"><span class='ocrx_word' id='word_1_84' title='bbox 299 1357 683 1430; x_wconf 73' lang='grc' dir='ltr'>ἐξομοιοῦσθαι</span> <span class='ocrx_word' id='word_1_85' title='bbox 734 1363 814 1431; x_wconf 84' lang='grc' dir='ltr'>τῷ</span> <span class='ocrx_word' id='word_1_86' title='bbox 869 1359 1070 1434; x_wconf 84' lang='grc' dir='ltr'>Κυρίῳ,</span> <span class='ocrx_word' id='word_1_87' title='bbox 1122 1360 1155 1429; x_wconf 75' lang='grc' dir='ltr'>ἧ</span> <span class='ocrx_word' id='word_1_88' title='bbox 1206 1365 1404 1437; x_wconf 85' lang='grc' dir='ltr'>γνῶσιν</span> <span class='ocrx_word' id='word_1_89' title='bbox 1456 1360 1601 1438; x_wconf 79' lang='grc' dir='ltr'>ἔχειν</span> <span class='ocrx_word' id='word_1_90' title='bbox 1643 1365 1954 1432; x_wconf 87' lang='grc' dir='ltr'>Θεοῦ;Πά-</span> 
     </span>
    </p>
   </div>
   <div class='ocr_carea' id='block_1_16' title="bbox 298 1443 1952 1525">
    <p class='ocr_par' dir='ltr' id='par_1_16' title="bbox 298 1443 1952 1525">
     <span class='ocr_line' id='line_1_16' title="bbox 298 1443 1952 1525; baseline 0.005 -26"><span class='ocrx_word' id='word_1_91' title='bbox 298 1467 404 1516; x_wconf 89' lang='grc' dir='ltr'>σης</span> <span class='ocrx_word' id='word_1_92' title='bbox 430 1449 532 1522; x_wconf 80' lang='grc' dir='ltr'>γὰρ</span> <span class='ocrx_word' id='word_1_93' title='bbox 562 1443 775 1516; x_wconf 78' lang='grc' dir='ltr'>ἡδονῆς</span> <span class='ocrx_word' id='word_1_94' title='bbox 827 1446 1089 1520; x_wconf 89' lang='grc' dir='ltr'>ἐπιθυμία</span> <span class='ocrx_word' id='word_1_95' title='bbox 1136 1451 1421 1525; x_wconf 76' lang='grc' dir='ltr'>κατάρχειο</span> <span class='ocrx_word' id='word_1_96' title='bbox 1473 1450 1731 1524; x_wconf 81' lang='grc' dir='ltr'>ἐπιθυμία</span> <span class='ocrx_word' id='word_1_97' title='bbox 1758 1450 1814 1508; x_wconf 71' lang='grc' dir='ltr'>δὲ</span> <span class='ocrx_word' id='word_1_98' title='bbox 1847 1453 1952 1508; x_wconf 75' lang='grc' dir='ltr'>λύ-</span> 
     </span>
    </p>
   </div>
   <div class='ocr_carea' id='block_1_17' title="bbox 297 1533 1950 1616">
    <p class='ocr_par' dir='ltr' id='par_1_17' title="bbox 297 1533 1950 1616">
     <span class='ocr_line' id='line_1_17' title="bbox 297 1533 1950 1616; baseline 0.007 -28"><span class='ocrx_word' id='word_1_99' title='bbox 297 1555 376 1606; x_wconf 85' lang='grc' dir='ltr'>πη</span> <span class='ocrx_word' id='word_1_100' title='bbox 432 1555 515 1597; x_wconf 90' lang='grc' dir='ltr'>τις</span> <span class='ocrx_word' id='word_1_101' title='bbox 573 1535 661 1590; x_wconf 86' lang='grc' dir='ltr'>καὶ</span> <span class='ocrx_word' id='word_1_102' title='bbox 718 1537 959 1614; x_wconf 77' lang='grc' dir='ltr'>φροντὶς,</span> <span class='ocrx_word' id='word_1_103' title='bbox 1020 1535 1093 1592; x_wconf 85' lang='grc' dir='ltr'>δι’</span> <span class='ocrx_word' id='word_1_104' title='bbox 1158 1533 1364 1593; x_wconf 78' lang='grc' dir='ltr'>ἔνδειαν</span> <span class='ocrx_word' id='word_1_105' title='bbox 1425 1539 1725 1616; x_wconf 86' lang='grc' dir='ltr'>ὀρεγομένη</span> <span class='ocrx_word' id='word_1_106' title='bbox 1784 1543 1950 1605; x_wconf 88' lang='grc' dir='ltr'>τινός.</span> 
     </span>
    </p>
   </div>
   <div class='ocr_carea' id='block_1_18' title="bbox 297 1621 1950 1706">
    <p class='ocr_par' dir='ltr' id='par_1_18' title="bbox 297 1621 1950 1706">
     <span class='ocr_line' id='line_1_18' title="bbox 297 1621 1950 1706; baseline 0.004 -29"><span class='ocrx_word' id='word_1_107' title='bbox 297 1623 452 1678; x_wconf 67' lang='grc' dir='ltr'>’Ὡς-τ’</span> <span class='ocrx_word' id='word_1_108' title='bbox 481 1622 584 1678; x_wconf 81' lang='grc' dir='ltr'>οὐκ</span> <span class='ocrx_word' id='word_1_109' title='bbox 615 1621 756 1679; x_wconf 79' lang='grc' dir='ltr'>ἄλλο</span> <span class='ocrx_word' id='word_1_110' title='bbox 795 1626 846 1679; x_wconf 89' lang='grc' dir='ltr'>τί</span> <span class='ocrx_word' id='word_1_111' title='bbox 908 1646 1003 1698; x_wconf 89' lang='grc' dir='ltr'>μοι</span> <span class='ocrx_word' id='word_1_112' title='bbox 1062 1623 1317 1681; x_wconf 85' lang='grc' dir='ltr'>δοκοῦσιν</span> <span class='ocrx_word' id='word_1_113' title='bbox 1348 1629 1399 1682; x_wconf 73' lang='grc' dir='ltr'>οἱ</span> <span class='ocrx_word' id='word_1_114' title='bbox 1428 1633 1620 1684; x_wconf 88' lang='grc' dir='ltr'>τοῦτον</span> <span class='ocrx_word' id='word_1_115' title='bbox 1676 1628 1950 1706; x_wconf 69' lang='grc' dir='ltr'>ἐπανῃρη-</span> 
     </span>
    </p>
   </div>
   <div class='ocr_carea' id='block_1_19' title="bbox 2062 568 3712 640">
    <p class='ocr_par' dir='ltr' id='par_1_19' title="bbox 2062 568 3712 640">
     <span class='ocr_line' id='line_1_19' title="bbox 2062 568 3712 640; baseline 0.001 -18"><span class='ocrx_word' id='word_1_116' title='bbox 2062 569 2347 638; x_wconf 81' lang='lat' dir='ltr'>Apostoli.</span> <span class='ocrx_word' id='word_1_117' title='bbox 2385 569 2438 623; x_wconf 92' lang='lat' dir='ltr'>Si</span> <span class='ocrx_word' id='word_1_118' title='bbox 2471 574 2669 623; x_wconf 89' lang='lat' dir='ltr'>autem</span> <span class='ocrx_word' id='word_1_119' title='bbox 2699 569 3006 640; x_wconf 77' lang='lat' dir='ltr'>cupiditati</span> <span class='ocrx_word' id='word_1_120' title='bbox 3036 573 3127 622; x_wconf 73' lang='lat' dir='ltr'>est</span> <span class='ocrx_word' id='word_1_121' title='bbox 3156 568 3626 638; x_wconf 88' lang='lat' dir='ltr'>obsequendum,</span> <span class='ocrx_word' id='word_1_122' title='bbox 3653 573 3712 623; x_wconf 84' lang='lat' dir='ltr'>et</span> 
     </span>
    </p>
   </div>
   <div class='ocr_carea' id='block_1_20' title="bbox 2060 657 3707 728">
    <p class='ocr_par' dir='ltr' id='par_1_20' title="bbox 2060 657 3707 728">
     <span class='ocr_line' id='line_1_20' title="bbox 2060 657 3707 728; baseline 0 -18"><span class='ocrx_word' id='word_1_123' title='bbox 2060 673 2190 727; x_wconf 72' lang='lat' dir='ltr'>quae</span> <span class='ocrx_word' id='word_1_124' title='bbox 2222 659 2507 728; x_wconf 88' lang='lat' dir='ltr'>probrosa</span> <span class='ocrx_word' id='word_1_125' title='bbox 2539 664 2628 712; x_wconf 90' lang='lat' dir='ltr'>est</span> <span class='ocrx_word' id='word_1_126' title='bbox 2657 664 2715 712; x_wconf 91' lang='lat' dir='ltr'>et</span> <span class='ocrx_word' id='word_1_127' title='bbox 2746 657 2934 728; x_wconf 82' lang='lat' dir='ltr'>turpis</span> <span class='ocrx_word' id='word_1_128' title='bbox 2969 658 3084 711; x_wconf 86' lang='lat' dir='ltr'>vita</span> <span class='ocrx_word' id='word_1_129' title='bbox 3136 662 3417 728; x_wconf 86' lang='lat' dir='ltr'>tanquam</span> <span class='ocrx_word' id='word_1_130' title='bbox 3462 657 3707 711; x_wconf 79' lang='lat' dir='ltr'>indiffe-</span> 
     </span>
    </p>
   </div>
   <div class='ocr_carea' id='block_1_21' title="bbox 2060 746 3708 819">
    <p class='ocr_par' dir='ltr' id='par_1_21' title="bbox 2060 746 3708 819">
     <span class='ocr_line' id='line_1_21' title="bbox 2060 746 3708 819; baseline 0.001 -20"><span class='ocrx_word' id='word_1_131' title='bbox 2060 762 2196 800; x_wconf 82' lang='lat' dir='ltr'>rens</span> <span class='ocrx_word' id='word_1_132' title='bbox 2219 753 2302 802; x_wconf 87' lang='lat' dir='ltr'>est</span> <span class='ocrx_word' id='word_1_133' title='bbox 2333 746 2623 819; x_wconf 85' lang='lat' dir='ltr'>eligenda,</span> <span class='ocrx_word' id='word_1_134' title='bbox 2649 753 2713 801; x_wconf 92' lang='lat' dir='ltr'>ut</span> <span class='ocrx_word' id='word_1_135' title='bbox 2743 748 2852 817; x_wconf 88' lang='lat' dir='ltr'>ipsi</span> <span class='ocrx_word' id='word_1_136' title='bbox 2886 747 3128 800; x_wconf 89' lang='lat' dir='ltr'>dicunt:</span> <span class='ocrx_word' id='word_1_137' title='bbox 3155 753 3256 800; x_wconf 89' lang='lat' dir='ltr'>aut</span> <span class='ocrx_word' id='word_1_138' title='bbox 3285 746 3708 816; x_wconf 52' lang='lat' dir='ltr'>cupiditati-bus</span> 
     </span>
    </p>
   </div>
   <div class='ocr_carea' id='block_1_22' title="bbox 2060 835 3710 907">
    <p class='ocr_par' dir='ltr' id='par_1_22' title="bbox 2060 835 3710 907">
     <span class='ocr_line' id='line_1_22' title="bbox 2060 835 3710 907; baseline 0 -17"><span class='ocrx_word' id='word_1_139' title='bbox 2060 841 2148 890; x_wconf 90' lang='lat' dir='ltr'>est</span> <span class='ocrx_word' id='word_1_140' title='bbox 2177 837 2420 889; x_wconf 89' lang='lat' dir='ltr'>omnino</span> <span class='ocrx_word' id='word_1_141' title='bbox 2454 836 2804 907; x_wconf 84' lang='lat' dir='ltr'>parendum.</span> <span class='ocrx_word' id='word_1_142' title='bbox 2834 842 2893 891; x_wconf 89' lang='lat' dir='ltr'>et</span> <span class='ocrx_word' id='word_1_143' title='bbox 2919 837 2964 889; x_wconf 90' lang='lat' dir='ltr'>si</span> <span class='ocrx_word' id='word_1_144' title='bbox 2998 837 3106 890; x_wconf 85' lang='lat' dir='ltr'>hoc</span> <span class='ocrx_word' id='word_1_145' title='bbox 3156 837 3235 890; x_wconf 93' lang='lat' dir='ltr'>ita</span> <span class='ocrx_word' id='word_1_146' title='bbox 3279 841 3390 901; x_wconf 92' lang='lat' dir='ltr'>est,</span> <span class='ocrx_word' id='word_1_147' title='bbox 3440 835 3710 890; x_wconf 86' lang='lat' dir='ltr'>facienda</span> 
     </span>
    </p>
   </div>
   <div class='ocr_carea' id='block_1_23' title="bbox 2059 924 3707 996">
    <p class='ocr_par' dir='ltr' id='par_1_23' title="bbox 2059 924 3707 996">
     <span class='ocr_line' id='line_1_23' title="bbox 2059 924 3707 996; baseline 0.001 -19"><span class='ocrx_word' id='word_1_148' title='bbox 2059 930 2197 977; x_wconf 89' lang='lat' dir='ltr'>sunt</span> <span class='ocrx_word' id='word_1_149' title='bbox 2228 925 2448 994; x_wconf 65' lang='lat' dir='ltr'>quaevis</span> <span class='ocrx_word' id='word_1_150' title='bbox 2471 924 2532 987; x_wconf 68' lang='grc'>’14</span> <span class='ocrx_word' id='word_1_151' title='bbox 2563 925 3033 996; x_wconf 89' lang='lat' dir='ltr'>impudicissima</span> <span class='ocrx_word' id='word_1_152' title='bbox 3063 931 3119 979; x_wconf 91' lang='lat' dir='ltr'>et</span> <span class='ocrx_word' id='word_1_153' title='bbox 3163 925 3422 979; x_wconf 82' lang='lat' dir='ltr'>maxime</span> <span class='ocrx_word' id='word_1_154' title='bbox 3458 925 3707 991; x_wconf 84' lang='lat' dir='ltr'>nefaria,</span> 
     </span>
    </p>
   </div>
   <div class='ocr_carea' id='block_1_24' title="bbox 2059 1013 3707 1084">
    <p class='ocr_par' dir='ltr' id='par_1_24' title="bbox 2059 1013 3707 1084">
     <span class='ocr_line' id='line_1_24' title="bbox 2059 1013 3707 1084; baseline 0.001 -20"><span class='ocrx_word' id='word_1_155' title='bbox 2059 1026 2158 1064; x_wconf 90' lang='lat' dir='ltr'>eos</span> <span class='ocrx_word' id='word_1_156' title='bbox 2186 1013 2513 1082; x_wconf 91' lang='lat' dir='ltr'>sequendo,</span> <span class='ocrx_word' id='word_1_157' title='bbox 2547 1015 2647 1083; x_wconf 86' lang='lat' dir='ltr'>qui</span> <span class='ocrx_word' id='word_1_158' title='bbox 2681 1013 2852 1068; x_wconf 91' lang='lat' dir='ltr'>nobis</span> <span class='ocrx_word' id='word_1_159' title='bbox 2883 1013 3283 1084; x_wconf 81' lang='lat' dir='ltr'>persuadent:</span> <span class='ocrx_word' id='word_1_160' title='bbox 3317 1018 3417 1067; x_wconf 88' lang='lat' dir='ltr'>aut</span> <span class='ocrx_word' id='word_1_161' title='bbox 3437 1020 3575 1066; x_wconf 90' lang='lat' dir='ltr'>sunt</span> <span class='ocrx_word' id='word_1_162' title='bbox 3595 1013 3707 1066; x_wconf 85' lang='lat' dir='ltr'>ali-</span> 
     </span>
    </p>
   </div>
   <div class='ocr_carea' id='block_1_25' title="bbox 2059 1100 3706 1174">
    <p class='ocr_par' dir='ltr' id='par_1_25' title="bbox 2059 1100 3706 1174">
     <span class='ocr_line' id='line_1_25' title="bbox 2059 1100 3706 1174; baseline 0 -21"><span class='ocrx_word' id='word_1_163' title='bbox 2059 1116 2190 1169; x_wconf 75' lang='lat' dir='ltr'>quae</span> <span class='ocrx_word' id='word_1_164' title='bbox 2215 1100 2584 1156; x_wconf 59' lang='lat' dir='ltr'>declinandis</span> <span class='ocrx_word' id='word_1_165' title='bbox 2607 1102 2983 1174; x_wconf 82' lang='lat' dir='ltr'>cupiditates,</span> <span class='ocrx_word' id='word_1_166' title='bbox 3009 1108 3061 1157; x_wconf 87' lang='lat' dir='ltr'>et</span> <span class='ocrx_word' id='word_1_167' title='bbox 3092 1118 3211 1156; x_wconf 89' lang='lat' dir='ltr'>non</span> <span class='ocrx_word' id='word_1_168' title='bbox 3237 1107 3327 1155; x_wconf 86' lang='lat' dir='ltr'>est</span> <span class='ocrx_word' id='word_1_169' title='bbox 3346 1101 3602 1172; x_wconf 87' lang='lat' dir='ltr'>amplius</span> <span class='ocrx_word' id='word_1_170' title='bbox 3622 1101 3706 1153; x_wconf 86' lang='lat' dir='ltr'>vi-</span> 
     </span>
    </p>
   </div>
   <div class='ocr_carea' id='block_1_26' title="bbox 2063 1189 3708 1261">
    <p class='ocr_par' dir='ltr' id='par_1_26' title="bbox 2063 1189 3708 1261">
     <span class='ocr_line' id='line_1_26' title="bbox 2063 1189 3708 1261; baseline -0.001 -18"><span class='ocrx_word' id='word_1_171' title='bbox 2063 1189 2313 1243; x_wconf 91' lang='lat' dir='ltr'>vendum</span> <span class='ocrx_word' id='word_1_172' title='bbox 2347 1191 2772 1257; x_wconf 73' lang='lat' dir='ltr'>indifferenter,</span> <span class='ocrx_word' id='word_1_173' title='bbox 2808 1207 3001 1261; x_wconf 89' lang='lat' dir='ltr'>neque</span> <span class='ocrx_word' id='word_1_174' title='bbox 3036 1196 3124 1244; x_wconf 92' lang='lat' dir='ltr'>est</span> <span class='ocrx_word' id='word_1_175' title='bbox 3154 1189 3532 1261; x_wconf 87' lang='lat' dir='ltr'>impudenter</span> <span class='ocrx_word' id='word_1_176' title='bbox 3580 1205 3708 1243; x_wconf 90' lang='lat' dir='ltr'>ser-</span> 
     </span>
    </p>
   </div>
   <div class='ocr_carea' id='block_1_27' title="bbox 2060 1277 3706 1351">
    <p class='ocr_par' dir='ltr' id='par_1_27' title="bbox 2060 1277 3706 1351">
     <span class='ocr_line' id='line_1_27' title="bbox 2060 1277 3706 1351; baseline 0 -21"><span class='ocrx_word' id='word_1_177' title='bbox 2060 1278 2335 1332; x_wconf 90' lang='lat' dir='ltr'>viendum</span> <span class='ocrx_word' id='word_1_178' title='bbox 2371 1279 2670 1333; x_wconf 84' lang='lat' dir='ltr'>vilissimis</span> <span class='ocrx_word' id='word_1_179' title='bbox 2703 1286 2762 1334; x_wconf 92' lang='lat' dir='ltr'>et</span> <span class='ocrx_word' id='word_1_180' title='bbox 2791 1279 3206 1351; x_wconf 80' lang='lat' dir='ltr'>abjectissimis</span> <span class='ocrx_word' id='word_1_181' title='bbox 3258 1279 3478 1332; x_wconf 83' lang='lat' dir='ltr'>nostris</span> <span class='ocrx_word' id='word_1_182' title='bbox 3526 1277 3706 1349; x_wconf 87' lang='lat' dir='ltr'>parti-</span> 
     </span>
    </p>
   </div>
   <div class='ocr_carea' id='block_1_28' title="bbox 2062 1367 3707 1440">
    <p class='ocr_par' dir='ltr' id='par_1_28' title="bbox 2062 1367 3707 1440">
     <span class='ocr_line' id='line_1_28' title="bbox 2062 1367 3707 1440; baseline -0.001 -18"><span class='ocrx_word' id='word_1_183' title='bbox 2062 1367 2191 1430; x_wconf 89' lang='lat' dir='ltr'>bus,</span> <span class='ocrx_word' id='word_1_184' title='bbox 2224 1368 2411 1422; x_wconf 84' lang='lat' dir='ltr'>ventri</span> <span class='ocrx_word' id='word_1_185' title='bbox 2444 1375 2502 1423; x_wconf 91' lang='lat' dir='ltr'>et</span> <span class='ocrx_word' id='word_1_186' title='bbox 2532 1369 2845 1440; x_wconf 88' lang='lat' dir='ltr'>pudendis,</span> <span class='ocrx_word' id='word_1_187' title='bbox 2879 1369 3018 1423; x_wconf 92' lang='lat' dir='ltr'>dum</span> <span class='ocrx_word' id='word_1_188' title='bbox 3053 1368 3377 1440; x_wconf 81' lang='lat' dir='ltr'>cupiditate</span> <span class='ocrx_word' id='word_1_189' title='bbox 3409 1367 3568 1422; x_wconf 88' lang='lat' dir='ltr'>ducti</span> <span class='ocrx_word' id='word_1_190' title='bbox 3601 1383 3707 1421; x_wconf 92' lang='lat' dir='ltr'>no-</span> 
     </span>
    </p>
   </div>
   <div class='ocr_carea' id='block_1_29' title="bbox 2061 1457 3708 1514">
    <p class='ocr_par' dir='ltr' id='par_1_29' title="bbox 2061 1457 3708 1514">
     <span class='ocr_line' id='line_1_29' title="bbox 2061 1457 3708 1514; baseline 0 -2"><span class='ocrx_word' id='word_1_191' title='bbox 2061 1463 2181 1512; x_wconf 89' lang='lat' dir='ltr'>stro</span> <span class='ocrx_word' id='word_1_192' title='bbox 2213 1457 2557 1512; x_wconf 82' lang='lat' dir='ltr'>blandimur</span> <span class='ocrx_word' id='word_1_193' title='bbox 2581 1459 2874 1513; x_wconf 79' lang='lat' dir='ltr'>cadaveri.</span> <span class='ocrx_word' id='word_1_194' title='bbox 2900 1459 3165 1514; x_wconf 83' lang='lat' dir='ltr'>Nutritur</span> <span class='ocrx_word' id='word_1_195' title='bbox 3188 1459 3347 1513; x_wconf 88' lang='lat' dir='ltr'>enim</span> <span class='ocrx_word' id='word_1_196' title='bbox 3373 1465 3432 1513; x_wconf 92' lang='lat' dir='ltr'>et</span> <span class='ocrx_word' id='word_1_197' title='bbox 3452 1458 3708 1512; x_wconf 83' lang='lat' dir='ltr'>viviﬁca-</span> 
     </span>
    </p>
   </div>
   <div class='ocr_carea' id='block_1_30' title="bbox 2060 1547 3705 1619">
    <p class='ocr_par' dir='ltr' id='par_1_30' title="bbox 2060 1547 3705 1619">
     <span class='ocr_line' id='line_1_30' title="bbox 2060 1547 3705 1619; baseline 0 -19"><span class='ocrx_word' id='word_1_198' title='bbox 2060 1552 2156 1600; x_wconf 91' lang='lat' dir='ltr'>tur</span> <span class='ocrx_word' id='word_1_199' title='bbox 2213 1547 2527 1618; x_wconf 88' lang='lat' dir='ltr'>cupiditas,</span> <span class='ocrx_word' id='word_1_200' title='bbox 2589 1547 2730 1601; x_wconf 88' lang='lat' dir='ltr'>dum</span> <span class='ocrx_word' id='word_1_201' title='bbox 2779 1549 2832 1602; x_wconf 92' lang='lat' dir='ltr'>ei</span> <span class='ocrx_word' id='word_1_202' title='bbox 2878 1549 3202 1619; x_wconf 88' lang='lat' dir='ltr'>voluptates</span> <span class='ocrx_word' id='word_1_203' title='bbox 3253 1547 3705 1602; x_wconf 90' lang='lat' dir='ltr'>ministrantur:</span> 
     </span>
    </p>
   </div>
   <div class='ocr_carea' id='block_1_31' title="bbox 2060 1636 3708 1708">
    <p class='ocr_par' dir='ltr' id='par_1_31' title="bbox 2060 1636 3708 1708">
     <span class='ocr_line' id='line_1_31' title="bbox 2060 1636 3708 1708; baseline 0 -18"><span class='ocrx_word' id='word_1_204' title='bbox 2060 1636 2562 1707; x_wconf 86' lang='lat' dir='ltr'>quemadmodum</span> <span class='ocrx_word' id='word_1_205' title='bbox 2587 1654 2792 1691; x_wconf 87' lang='lat' dir='ltr'>rursus</span> <span class='ocrx_word' id='word_1_206' title='bbox 2815 1639 2859 1691; x_wconf 90' lang='lat' dir='ltr'>si</span> <span class='ocrx_word' id='word_1_207' title='bbox 2887 1637 3247 1708; x_wconf 88' lang='lat' dir='ltr'>impediatur</span> <span class='ocrx_word' id='word_1_208' title='bbox 3269 1645 3325 1690; x_wconf 91' lang='lat' dir='ltr'>et</span> <span class='ocrx_word' id='word_1_209' title='bbox 3349 1636 3708 1691; x_wconf 89' lang='lat' dir='ltr'>interturbe-</span> 
     </span>
    </p>
   </div>
   <div class='ocr_carea' id='block_1_32' title="bbox 306 1712 1946 1796">
    <p class='ocr_par' dir='ltr' id='par_1_32' title="bbox 306 1712 1946 1793">
     <span class='ocr_line' id='line_1_32' title="bbox 306 1712 1946 1793; baseline 0.006 -27"><span class='ocrx_word' id='word_1_210' title='bbox 306 1712 462 1784; x_wconf 82' lang='grc' dir='ltr'>μένοι</span> <span class='ocrx_word' id='word_1_211' title='bbox 521 1715 611 1768; x_wconf 89' lang='grc' dir='ltr'>τὸν</span> <span class='ocrx_word' id='word_1_212' title='bbox 671 1713 898 1786; x_wconf 86' lang='grc' dir='ltr'>τρόπον,</span> <span class='ocrx_word' id='word_1_213' title='bbox 959 1714 1085 1769; x_wconf 87' lang='grc' dir='ltr'>ἀλλ’</span> <span class='ocrx_word' id='word_1_214' title='bbox 1143 1717 1178 1786; x_wconf 70' lang='grc' dir='ltr'>ἢ</span> <span class='ocrx_word' id='word_1_215' title='bbox 1230 1717 1292 1770; x_wconf 89' lang='grc' dir='ltr'>τὸ</span> <span class='ocrx_word' id='word_1_216' title='bbox 1347 1719 1638 1793; x_wconf 82' lang='grc' dir='ltr'>λεγόμενον</span> <span class='ocrx_word' id='word_1_217' title='bbox 1672 1717 1738 1787; x_wconf 78' lang='grc' dir='ltr'>δὴ</span> <span class='ocrx_word' id='word_1_218' title='bbox 1768 1726 1946 1789; x_wconf 78' lang='grc' dir='ltr'>τοῦτο,</span> 
     </span>
    </p>
   </div>
   <div class='ocr_carea' id='block_1_33' title="bbox 2060 1712 3709 1796">
    <p class='ocr_par' dir='ltr' id='par_1_33' title="bbox 2069 1723 3709 1796">
     <span class='ocr_line' id='line_1_33' title="bbox 2069 1723 3709 1796; baseline -0.002 -16"><span class='ocrx_word' id='word_1_219' title='bbox 2069 1733 2162 1780; x_wconf 90' lang='lat' dir='ltr'>tur</span> <span class='ocrx_word' id='word_1_220' title='bbox 2191 1726 2503 1780; x_wconf 84' lang='lat' dir='ltr'>tlaccescit.</span> <span class='ocrx_word' id='word_1_221' title='bbox 2541 1725 2846 1790; x_wconf 85' lang='lat' dir='ltr'>Quomodo</span> <span class='ocrx_word' id='word_1_222' title='bbox 2878 1733 3074 1780; x_wconf 87' lang='lat' dir='ltr'>autem</span> <span class='ocrx_word' id='word_1_223' title='bbox 3109 1726 3234 1779; x_wconf 80' lang='lat' dir='ltr'>fieri</span> <span class='ocrx_word' id='word_1_224' title='bbox 3267 1730 3478 1796; x_wconf 87' lang='lat' dir='ltr'>potest.</span> <span class='ocrx_word' id='word_1_225' title='bbox 3512 1731 3578 1779; x_wconf 92' lang='lat' dir='ltr'>ut</span> <span class='ocrx_word' id='word_1_226' title='bbox 3605 1723 3709 1794; x_wconf 88' lang='lat' dir='ltr'>qui</span> 
     </span>
    </p>
   </div>
   <div class='ocr_carea' id='block_1_34' title="bbox 302 1803 3714 1887">
    <p class='ocr_par' dir='ltr' id='par_1_34' title="bbox 302 1803 3714 1887">
     <span class='ocr_line' id='line_1_34' title="bbox 302 1803 3714 1887; baseline 0.003 -30"><span class='ocrx_word' id='word_1_227' title='bbox 302 1803 495 1859; x_wconf 90' lang='lat' dir='ltr'>victus</span> <span class='ocrx_word' id='word_1_228' title='bbox 529 1810 619 1860; x_wconf 88' lang='lat' dir='ltr'>est</span> <span class='ocrx_word' id='word_1_229' title='bbox 648 1820 682 1859; x_wconf 90' lang='lat' dir='ltr'>a</span> <span class='ocrx_word' id='word_1_230' title='bbox 707 1805 1107 1877; x_wconf 81' lang='lat' dir='ltr'>voluptatibus</span> <span class='ocrx_word' id='word_1_231' title='bbox 1139 1809 1423 1879; x_wconf 89' lang='lat' dir='ltr'>corporis,</span> <span class='ocrx_word' id='word_1_232' title='bbox 1453 1810 1701 1865; x_wconf 92' lang='lat' dir='ltr'>Domino</span> <span class='ocrx_word' id='word_1_233' title='bbox 1731 1813 2116 1879; x_wconf 87' lang='lat' dir='ltr'>assimiletur,</span> <span class='ocrx_word' id='word_1_234' title='bbox 2149 1822 2251 1869; x_wconf 89' lang='lat' dir='ltr'>aut</span> <span class='ocrx_word' id='word_1_235' title='bbox 2281 1815 2381 1869; x_wconf 90' lang='lat' dir='ltr'>Dei</span> <span class='ocrx_word' id='word_1_236' title='bbox 2433 1815 2647 1870; x_wconf 86' lang='lat' dir='ltr'>habeat</span> <span class='ocrx_word' id='word_1_237' title='bbox 2694 1814 3090 1887; x_wconf 75' lang='lat' dir='ltr'>cognitionem</span> <span class='ocrx_word' id='word_1_238' title='bbox 3113 1813 3140 1868; x_wconf 90' lang='lat'><strong>?</strong></span> <span class='ocrx_word' id='word_1_239' title='bbox 3187 1814 3390 1870; x_wconf 88' lang='lat' dir='ltr'>Omnis</span> <span class='ocrx_word' id='word_1_240' title='bbox 3421 1813 3579 1868; x_wconf 92' lang='lat' dir='ltr'>enim</span> <span class='ocrx_word' id='word_1_241' title='bbox 3611 1830 3714 1866; x_wconf 90' lang='lat' dir='ltr'>vo-</span> 
     </span>
    </p>
   </div>
   <div class='ocr_carea' id='block_1_35' title="bbox 296 1891 3712 1974">
    <p class='ocr_par' dir='ltr' id='par_1_35' title="bbox 296 1891 3712 1974">
     <span class='ocr_line' id='line_1_35' title="bbox 296 1891 3712 1974; baseline 0.003 -27"><span class='ocrx_word' id='word_1_242' title='bbox 296 1891 551 1964; x_wconf 85' lang='lat' dir='ltr'>luptatis</span> <span class='ocrx_word' id='word_1_243' title='bbox 581 1894 941 1965; x_wconf 84' lang='lat' dir='ltr'>principium</span> <span class='ocrx_word' id='word_1_244' title='bbox 975 1901 1064 1949; x_wconf 89' lang='lat' dir='ltr'>est</span> <span class='ocrx_word' id='word_1_245' title='bbox 1093 1897 1387 1966; x_wconf 88' lang='lat' dir='ltr'>cupiditas</span> <span class='ocrx_word' id='word_1_246' title='bbox 1421 1915 1433 1952; x_wconf 88' lang='lat'><strong>:</strong></span> <span class='ocrx_word' id='word_1_247' title='bbox 1467 1899 1762 1970; x_wconf 89' lang='lat' dir='ltr'>cupiditas</span> <span class='ocrx_word' id='word_1_248' title='bbox 1793 1907 1992 1958; x_wconf 84' lang='lat' dir='ltr'>autem</span> <span class='ocrx_word' id='word_1_249' title='bbox 2042 1910 2134 1960; x_wconf 84' lang='lat' dir='ltr'>est</span> <span class='ocrx_word' id='word_1_250' title='bbox 2176 1903 2448 1958; x_wconf 86' lang='lat' dir='ltr'>molestia</span> <span class='ocrx_word' id='word_1_251' title='bbox 2477 1911 2536 1958; x_wconf 88' lang='lat' dir='ltr'>et</span> <span class='ocrx_word' id='word_1_252' title='bbox 2565 1903 2921 1968; x_wconf 87' lang='lat' dir='ltr'>sollicitudo,</span> <span class='ocrx_word' id='word_1_253' title='bbox 2957 1921 3087 1974; x_wconf 65' lang='lat' dir='ltr'>quas</span> <span class='ocrx_word' id='word_1_254' title='bbox 3126 1909 3367 1974; x_wconf 90' lang='lat' dir='ltr'>propter</span> <span class='ocrx_word' id='word_1_255' title='bbox 3391 1907 3712 1974; x_wconf 80' lang='lat' dir='ltr'>egestatem</span> 
     </span>
    </p>
   </div>
   <div class='ocr_carea' id='block_1_36' title="bbox 297 1981 3714 2064">
    <p class='ocr_par' dir='ltr' id='par_1_36' title="bbox 297 1981 3714 2064">
     <span class='ocr_line' id='line_1_36' title="bbox 297 1981 3714 2064; baseline 0.002 -27"><span class='ocrx_word' id='word_1_256' title='bbox 297 1981 532 2053; x_wconf 81' lang='lat' dir='ltr'>aliquid</span> <span class='ocrx_word' id='word_1_257' title='bbox 572 1983 817 2054; x_wconf 88' lang='lat' dir='ltr'>appetit.</span> <span class='ocrx_word' id='word_1_258' title='bbox 853 1984 1042 2048; x_wconf 87' lang='lat' dir='ltr'>Quare</span> <span class='ocrx_word' id='word_1_259' title='bbox 1075 1985 1227 2039; x_wconf 91' lang='lat' dir='ltr'>nihil</span> <span class='ocrx_word' id='word_1_260' title='bbox 1258 1985 1422 2040; x_wconf 90' lang='lat' dir='ltr'>aliud</span> <span class='ocrx_word' id='word_1_261' title='bbox 1451 1988 1594 2042; x_wconf 85' lang='lat' dir='ltr'>mihi</span> <span class='ocrx_word' id='word_1_262' title='bbox 1627 1989 1920 2062; x_wconf 88' lang='lat' dir='ltr'>videntur,</span> <span class='ocrx_word' id='word_1_263' title='bbox 1953 1991 2054 2063; x_wconf 89' lang='lat' dir='ltr'>qui</span> <span class='ocrx_word' id='word_1_264' title='bbox 2086 1992 2238 2048; x_wconf 84' lang='lat' dir='ltr'>hanc</span> <span class='ocrx_word' id='word_1_265' title='bbox 2268 1993 2398 2048; x_wconf 77' lang='lat' dir='ltr'>vitm</span> <span class='ocrx_word' id='word_1_266' title='bbox 2431 1993 2721 2048; x_wconf 90' lang='lat' dir='ltr'>rationem</span> <span class='ocrx_word' id='word_1_267' title='bbox 2754 1993 3107 2064; x_wconf 87' lang='lat' dir='ltr'>suscipiunt,</span> <span class='ocrx_word' id='word_1_268' title='bbox 3153 2008 3330 2063; x_wconf 88' lang='lat' dir='ltr'>quam</span> <span class='ocrx_word' id='word_1_269' title='bbox 3373 1991 3532 2062; x_wconf 91' lang='lat' dir='ltr'>quod</span> <span class='ocrx_word' id='word_1_270' title='bbox 3566 1990 3714 2046; x_wconf 91' lang='lat' dir='ltr'>dici-</span> 
     </span>
    </p>
   </div>
   <div class='ocr_carea' id='block_1_37' title="bbox 293 2074 414 2140">
    <p class='ocr_par' dir='ltr' id='par_1_37' title="bbox 293 2074 414 2140">
     <span class='ocr_line' id='line_1_37' title="bbox 293 2074 414 2140; baseline 0 -15"><span class='ocrx_word' id='word_1_271' title='bbox 293 2074 414 2140; x_wconf 83' lang='lat' dir='ltr'>tur,</span> 
     </span>
    </p>
   </div>
   <div class='ocr_carea' id='block_1_38' title="bbox 367 2184 1746 2265">
    <p class='ocr_par' dir='ltr' id='par_1_38' title="bbox 367 2184 1746 2265">
     <span class='ocr_line' id='line_1_38' title="bbox 367 2184 1746 2265; baseline 0.004 -25"><span class='ocrx_word' id='word_1_272' title='bbox 367 2228 379 2240; x_wconf 98' lang='lat'>.</span> <span class='ocrx_word' id='word_1_273' title='bbox 429 2227 442 2240; x_wconf 93' lang='lat'>.</span> <span class='ocrx_word' id='word_1_274' title='bbox 487 2228 501 2243; x_wconf 93' lang='lat'>.</span> <span class='ocrx_word' id='word_1_275' title='bbox 545 2226 558 2242; x_wconf 92' lang='lat'>.</span> <span class='ocrx_word' id='word_1_276' title='bbox 605 2227 618 2241; x_wconf 92' lang='lat'>.</span> <span class='ocrx_word' id='word_1_277' title='bbox 661 2185 806 2260; x_wconf 88' lang='grc' dir='ltr'>Πρός</span> <span class='ocrx_word' id='word_1_278' title='bbox 851 2186 900 2240; x_wconf 91' lang='grc' dir='ltr'>τ’</span> <span class='ocrx_word' id='word_1_279' title='bbox 959 2184 1205 2262; x_wconf 69' lang='grc' dir='ltr'>αἴσχεσιν</span> <span class='ocrx_word' id='word_1_280' title='bbox 1266 2186 1433 2263; x_wconf 79' lang='grc' dir='ltr'>ἄλγεα</span> <span class='ocrx_word' id='word_1_281' title='bbox 1490 2190 1746 2265; x_wconf 74' lang='grc' dir='ltr'>πάσχειψ</span> 
     </span>
    </p>
   </div>
   <div class='ocr_carea' id='block_1_39' title="bbox 290 2297 1950 2378">
    <p class='ocr_par' dir='ltr' id='par_1_39' title="bbox 290 2297 1950 2378">
     <span class='ocr_line' id='line_1_39' title="bbox 290 2297 1950 2378; baseline 0.005 -23"><span class='ocrx_word' id='word_1_282' title='bbox 290 2297 620 2355; x_wconf 73' lang='grc' dir='ltr'>ἐπίσπαστον</span> <span class='ocrx_word' id='word_1_283' title='bbox 673 2300 886 2363; x_wconf 69' lang='grc' dir='ltr'>ἑαυτοῖς</span> <span class='ocrx_word' id='word_1_284' title='bbox 939 2301 1258 2377; x_wconf 73' lang='grc' dir='ltr'>αἱρούμενοι</span> <span class='ocrx_word' id='word_1_285' title='bbox 1309 2304 1474 2358; x_wconf 85' lang='grc' dir='ltr'>κακὸν</span> <span class='ocrx_word' id='word_1_286' title='bbox 1530 2307 1666 2378; x_wconf 78' lang='grc'>(25),</span> <span class='ocrx_word' id='word_1_287' title='bbox 1715 2310 1807 2361; x_wconf 93' lang='grc' dir='ltr'>νῦν</span> <span class='ocrx_word' id='word_1_288' title='bbox 1859 2309 1950 2364; x_wconf 83' lang='grc' dir='ltr'>καὶ</span> 
     </span>
    </p>
   </div>
   <div class='ocr_carea' id='block_1_40' title="bbox 291 2386 1952 2467">
    <p class='ocr_par' dir='ltr' id='par_1_40' title="bbox 291 2386 1952 2467">
     <span class='ocr_line' id='line_1_40' title="bbox 291 2386 1952 2467; baseline 0.005 -24"><span class='ocrx_word' id='word_1_289' title='bbox 291 2386 620 2463; x_wconf 74' lang='grc' dir='ltr'>ἐςῦστερον,</span> <span class='ocrx_word' id='word_1_290' title='bbox 682 2388 749 2446; x_wconf 70' lang='grc' dir='ltr'>Εἰ</span> <span class='ocrx_word' id='word_1_291' title='bbox 815 2392 909 2462; x_wconf 69' lang='grc' dir='ltr'>μέν</span> <span class='ocrx_word' id='word_1_292' title='bbox 966 2389 1057 2444; x_wconf 84' lang='grc' dir='ltr'>οῦν</span> <span class='ocrx_word' id='word_1_293' title='bbox 1117 2391 1290 2446; x_wconf 81' lang='grc' dir='ltr'>πάντα</span> <span class='ocrx_word' id='word_1_294' title='bbox 1347 2391 1492 2463; x_wconf 81' lang='grc' dir='ltr'>ἐξῆν,</span> <span class='ocrx_word' id='word_1_295' title='bbox 1553 2393 1642 2448; x_wconf 90' lang='grc' dir='ltr'>καί</span> <span class='ocrx_word' id='word_1_296' title='bbox 1683 2393 1854 2467; x_wconf 73' lang='grc' dir='ltr'>μηδὲν</span> <span class='ocrx_word' id='word_1_297' title='bbox 1885 2398 1952 2466; x_wconf 82' lang='grc' dir='ltr'>ἦν</span> 
     </span>
    </p>
   </div>
   <div class='ocr_carea' id='block_1_41' title="bbox 293 2474 1950 2561">
    <p class='ocr_par' dir='ltr' id='par_1_41' title="bbox 293 2474 1950 2561">
     <span class='ocr_line' id='line_1_41' title="bbox 293 2474 1950 2561; baseline 0.004 -29"><span class='ocrx_word' id='word_1_298' title='bbox 293 2474 419 2539; x_wconf 83' lang='grc' dir='ltr'>δέος</span> <span class='ocrx_word' id='word_1_299' title='bbox 465 2478 765 2554; x_wconf 86' lang='grc' dir='ltr'>ἀποτυχεῖν</span> <span class='ocrx_word' id='word_1_300' title='bbox 822 2478 922 2546; x_wconf 72' lang='grc' dir='ltr'>τῆς</span> <span class='ocrx_word' id='word_1_301' title='bbox 982 2477 1204 2544; x_wconf 83' lang='grc' dir='ltr'>ἐλπίδος</span> <span class='ocrx_word' id='word_1_302' title='bbox 1261 2477 1350 2535; x_wconf 75' lang='grc' dir='ltr'>διά</span> <span class='ocrx_word' id='word_1_303' title='bbox 1408 2481 1626 2554; x_wconf 75' lang='grc' dir='ltr'>πράξεις</span> <span class='ocrx_word' id='word_1_304' title='bbox 1683 2487 1950 2561; x_wconf 78' lang='grc' dir='ltr'>πονηράς,</span> 
     </span>
    </p>
   </div>
   <div class='ocr_carea' id='block_1_42' title="bbox 293 2574 1954 2656">
    <p class='ocr_par' dir='ltr' id='par_1_42' title="bbox 293 2574 1954 2656">
     <span class='ocr_line' id='line_1_42' title="bbox 293 2574 1954 2656; baseline 0.005 -26"><span class='ocrx_word' id='word_1_305' title='bbox 293 2575 428 2638; x_wconf 71' lang='grc' dir='ltr'>ἴσως</span> <span class='ocrx_word' id='word_1_306' title='bbox 452 2577 519 2646; x_wconf 87' lang='grc' dir='ltr'>ἦν</span> <span class='ocrx_word' id='word_1_307' title='bbox 550 2574 608 2631; x_wconf 74' lang='grc' dir='ltr'>ἄν</span> <span class='ocrx_word' id='word_1_308' title='bbox 639 2597 724 2639; x_wconf 90' lang='grc' dir='ltr'>τις</span> <span class='ocrx_word' id='word_1_309' title='bbox 771 2577 957 2640; x_wconf 74' lang='grc' dir='ltr'>αὐτοῖς</span> <span class='ocrx_word' id='word_1_310' title='bbox 1002 2578 1274 2656; x_wconf 70' lang='grc' dir='ltr'>πρόφασις</span> <span class='ocrx_word' id='word_1_311' title='bbox 1320 2584 1418 2634; x_wconf 81' lang='grc' dir='ltr'>τοῦ</span> <span class='ocrx_word' id='word_1_312' title='bbox 1475 2581 1627 2655; x_wconf 88' lang='grc' dir='ltr'>βιοῦν</span> <span class='ocrx_word' id='word_1_313' title='bbox 1677 2587 1858 2645; x_wconf 89' lang='grc' dir='ltr'>κακῶς</span> <span class='ocrx_word' id='word_1_314' title='bbox 1892 2605 1954 2639; x_wconf 83' lang='grc' dir='ltr'>τε</span> 
     </span>
    </p>
   </div>
   <div class='ocr_carea' id='block_1_43' title="bbox 290 2664 1948 2746">
    <p class='ocr_par' dir='ltr' id='par_1_43' title="bbox 290 2664 1948 2746">
     <span class='ocr_line' id='line_1_43' title="bbox 290 2664 1948 2746; baseline 0.004 -25"><span class='ocrx_word' id='word_1_315' title='bbox 290 2666 382 2721; x_wconf 78' lang='grc' dir='ltr'>καὶ</span> <span class='ocrx_word' id='word_1_316' title='bbox 417 2665 686 2728; x_wconf 79' lang='grc' dir='ltr'>ἐλεεινῶς.</span> <span class='ocrx_word' id='word_1_317' title='bbox 723 2666 839 2721; x_wconf 83' lang='grc' dir='ltr'>ἐπεὶ</span> <span class='ocrx_word' id='word_1_318' title='bbox 872 2664 930 2721; x_wconf 72' lang='grc' dir='ltr'><strong>δί</strong></span> <span class='ocrx_word' id='word_1_319' title='bbox 967 2668 1087 2742; x_wconf 86' lang='grc' dir='ltr'>βίος</span> <span class='ocrx_word' id='word_1_320' title='bbox 1133 2689 1218 2728; x_wconf 88' lang='grc' dir='ltr'>τις</span> <span class='ocrx_word' id='word_1_321' title='bbox 1266 2669 1403 2742; x_wconf 76' lang='grc' dir='ltr'>ἡμῖν</span> <span class='ocrx_word' id='word_1_322' title='bbox 1456 2669 1724 2746; x_wconf 85' lang='grc' dir='ltr'>μακάριος</span> <span class='ocrx_word' id='word_1_323' title='bbox 1753 2669 1824 2725; x_wconf 86' lang='grc' dir='ltr'>δι’</span> <span class='ocrx_word' id='word_1_324' title='bbox 1854 2673 1948 2727; x_wconf 86' lang='grc' dir='ltr'>ἐν-</span> 
     </span>
    </p>
   </div>
   <div class='ocr_carea' id='block_1_44' title="bbox 288 2753 1948 2834">
    <p class='ocr_par' dir='ltr' id='par_1_44' title="bbox 288 2753 1948 2834">
     <span class='ocr_line' id='line_1_44' title="bbox 288 2753 1948 2834; baseline 0.003 -23"><span class='ocrx_word' id='word_1_325' title='bbox 288 2755 476 2811; x_wconf 88' lang='grc' dir='ltr'>τολῶν</span> <span class='ocrx_word' id='word_1_326' title='bbox 521 2753 904 2824; x_wconf 80' lang='grc' dir='ltr'>ἐπιδέδεικται,</span> <span class='ocrx_word' id='word_1_327' title='bbox 962 2757 1008 2828; x_wconf 83' lang='grc' dir='ltr'>ᾦ</span> <span class='ocrx_word' id='word_1_328' title='bbox 1066 2759 1179 2833; x_wconf 78' lang='grc' dir='ltr'>χρὴ</span> <span class='ocrx_word' id='word_1_329' title='bbox 1237 2759 1438 2820; x_wconf 90' lang='grc' dir='ltr'>πάντας</span> <span class='ocrx_word' id='word_1_330' title='bbox 1494 2759 1818 2832; x_wconf 72' lang='grc' dir='ltr'>ἑπομένους,</span> <span class='ocrx_word' id='word_1_331' title='bbox 1871 2763 1948 2834; x_wconf 80' lang='grc' dir='ltr'>μὴ</span> 
     </span>
    </p>
   </div>
   <div class='ocr_carea' id='block_1_45' title="bbox 289 2854 1952 2934">
    <p class='ocr_par' dir='ltr' id='par_1_45' title="bbox 289 2854 1952 2934">
     <span class='ocr_line' id='line_1_45' title="bbox 289 2854 1952 2934; baseline 0.002 -24"><span class='ocrx_word' id='word_1_332' title='bbox 289 2855 705 2930; x_wconf 81' lang='grc' dir='ltr'>παρακούοντας</span> <span class='ocrx_word' id='word_1_333' title='bbox 731 2860 838 2910; x_wconf 89' lang='grc' dir='ltr'>τῶν</span> <span class='ocrx_word' id='word_1_334' title='bbox 873 2855 992 2932; x_wconf 83' lang='grc' dir='ltr'>είρη</span> <span class='ocrx_word' id='word_1_335' title='bbox 1013 2856 1186 2929; x_wconf 87' lang='grc' dir='ltr'>μένων</span> <span class='ocrx_word' id='word_1_336' title='bbox 1242 2855 1408 2926; x_wconf 88' lang='grc' dir='ltr'>τινὸς,</span> <span class='ocrx_word' id='word_1_337' title='bbox 1445 2854 1586 2930; x_wconf 75' lang='grc' dir='ltr'>μηδὲ</span> <span class='ocrx_word' id='word_1_338' title='bbox 1615 2857 1952 2934; x_wconf 81' lang='grc' dir='ltr'>ὀλιγωροῦν-</span> 
     </span>
    </p>
   </div>
   <div class='ocr_carea' id='block_1_46' title="bbox 289 2943 1947 3020">
    <p class='ocr_par' dir='ltr' id='par_1_46' title="bbox 289 2943 1947 3020">
     <span class='ocr_line' id='line_1_46' title="bbox 289 2943 1947 3020; baseline 0.002 -21"><span class='ocrx_word' id='word_1_339' title='bbox 289 2965 390 3006; x_wconf 85' lang='grc' dir='ltr'>τας</span> <span class='ocrx_word' id='word_1_340' title='bbox 419 2949 530 3000; x_wconf 90' lang='grc' dir='ltr'>τῶν</span> <span class='ocrx_word' id='word_1_341' title='bbox 562 2944 976 3018; x_wconf 78' lang='grc' dir='ltr'>προσηκόντων,</span> <span class='ocrx_word' id='word_1_342' title='bbox 1033 2943 1128 3000; x_wconf 75' lang='grc' dir='ltr'>κᾶν</span> <span class='ocrx_word' id='word_1_343' title='bbox 1187 2943 1482 3020; x_wconf 83' lang='grc' dir='ltr'>ἐλάχιστον</span> <span class='ocrx_word' id='word_1_344' title='bbox 1541 2945 1600 3020; x_wconf 67' lang='grc' dir='ltr'>ᾗ,</span> <span class='ocrx_word' id='word_1_345' title='bbox 1657 2945 1947 3020; x_wconf 70' lang='grc' dir='ltr'>’ἔπεσθαιῇ</span> 
     </span>
    </p>
   </div>
   <div class='ocr_carea' id='block_1_47' title="bbox 2137 2197 3182 2267">
    <p class='ocr_par' dir='ltr' id='par_1_47' title="bbox 2137 2197 3182 2267">
     <span class='ocr_line' id='line_1_47' title="bbox 2137 2197 3182 2267; baseline -0.001 -13"><span class='ocrx_word' id='word_1_346' title='bbox 2137 2197 2289 2254; x_wconf 83' lang='lat' dir='ltr'>Ultra</span> <span class='ocrx_word' id='word_1_347' title='bbox 2319 2199 2680 2267; x_wconf 80' lang='lat' dir='ltr'>ignominiam</span> <span class='ocrx_word' id='word_1_348' title='bbox 2708 2201 2908 2253; x_wconf 83' lang='lat' dir='ltr'>sentire</span> <span class='ocrx_word' id='word_1_349' title='bbox 2933 2198 3146 2254; x_wconf 87' lang='lat' dir='ltr'>dolores</span> <span class='ocrx_word' id='word_1_350' title='bbox 3169 2216 3182 2264; x_wconf 92' lang='lat'><strong>;</strong></span> 
     </span>
    </p>
   </div>
   <div class='ocr_carea' id='block_1_48' title="bbox 2059 2312 3700 2384">
    <p class='ocr_par' dir='ltr' id='par_1_48' title="bbox 2059 2312 3700 2384">
     <span class='ocr_line' id='line_1_48' title="bbox 2059 2312 3700 2384; baseline 0 -18"><span class='ocrx_word' id='word_1_351' title='bbox 2059 2317 2126 2367; x_wconf 91' lang='lat' dir='ltr'>ut</span> <span class='ocrx_word' id='word_1_352' title='bbox 2153 2313 2253 2383; x_wconf 88' lang='lat' dir='ltr'>qui</span> <span class='ocrx_word' id='word_1_353' title='bbox 2286 2313 2507 2368; x_wconf 90' lang='lat' dir='ltr'>malum</span> <span class='ocrx_word' id='word_1_354' title='bbox 2540 2330 2574 2368; x_wconf 88' lang='lat' dir='ltr'>a</span> <span class='ocrx_word' id='word_1_355' title='bbox 2604 2330 2666 2369; x_wconf 89' lang='lat' dir='ltr'>se</span> <span class='ocrx_word' id='word_1_356' title='bbox 2696 2315 3070 2380; x_wconf 82' lang='lat' dir='ltr'>accersitum,</span> <span class='ocrx_word' id='word_1_357' title='bbox 3105 2331 3264 2368; x_wconf 89' lang='lat' dir='ltr'>nunc</span> <span class='ocrx_word' id='word_1_358' title='bbox 3293 2318 3351 2368; x_wconf 90' lang='lat' dir='ltr'>et</span> <span class='ocrx_word' id='word_1_359' title='bbox 3389 2312 3448 2366; x_wconf 91' lang='lat' dir='ltr'>in</span> <span class='ocrx_word' id='word_1_360' title='bbox 3500 2316 3700 2384; x_wconf 88' lang='lat' dir='ltr'>poste-</span> 
     </span>
    </p>
   </div>
   <div class='ocr_carea' id='block_1_49' title="bbox 2059 2400 3704 2475">
    <p class='ocr_par' dir='ltr' id='par_1_49' title="bbox 2059 2400 3704 2475">
     <span class='ocr_line' id='line_1_49' title="bbox 2059 2400 3704 2475; baseline 0 -20"><span class='ocrx_word' id='word_1_361' title='bbox 2059 2418 2188 2456; x_wconf 89' lang='lat' dir='ltr'>rum</span> <span class='ocrx_word' id='word_1_362' title='bbox 2225 2402 2465 2474; x_wconf 80' lang='lat' dir='ltr'>eligant.</span> <span class='ocrx_word' id='word_1_363' title='bbox 2499 2403 2556 2456; x_wconf 89' lang='lat' dir='ltr'>Si</span> <span class='ocrx_word' id='word_1_364' title='bbox 2599 2418 2735 2475; x_wconf 85' lang='lat' dir='ltr'>ergo</span> <span class='ocrx_word' id='word_1_365' title='bbox 2767 2426 2794 2453; x_wconf 80' lang='grc' dir='ltr'>ιι</span> <span class='ocrx_word' id='word_1_366' title='bbox 2843 2404 3043 2458; x_wconf 88' lang='lat' dir='ltr'>omnia</span> <span class='ocrx_word' id='word_1_367' title='bbox 3085 2403 3355 2464; x_wconf 87' lang='lat' dir='ltr'>licerent,</span> <span class='ocrx_word' id='word_1_368' title='bbox 3399 2423 3425 2449; x_wconf 88' lang='grc'><strong>››</strong></span> <span class='ocrx_word' id='word_1_369' title='bbox 3475 2417 3586 2456; x_wconf 88' lang='lat' dir='ltr'>nec</span> <span class='ocrx_word' id='word_1_370' title='bbox 3631 2400 3704 2454; x_wconf 91' lang='lat' dir='ltr'>ti-</span> 
     </span>
    </p>
   </div>
   <div class='ocr_carea' id='block_1_50' title="bbox 2059 2490 3701 2563">
    <p class='ocr_par' dir='ltr' id='par_1_50' title="bbox 2059 2490 3701 2563">
     <span class='ocr_line' id='line_1_50' title="bbox 2059 2490 3701 2563; baseline 0.001 -20"><span class='ocrx_word' id='word_1_371' title='bbox 2059 2490 2343 2545; x_wconf 90' lang='lat' dir='ltr'>mendum</span> <span class='ocrx_word' id='word_1_372' title='bbox 2378 2497 2534 2545; x_wconf 89' lang='lat' dir='ltr'>esset</span> <span class='ocrx_word' id='word_1_373' title='bbox 2563 2509 2636 2547; x_wconf 90' lang='lat' dir='ltr'>ne</span> <span class='ocrx_word' id='word_1_374' title='bbox 2668 2508 2702 2546; x_wconf 92' lang='lat' dir='ltr'>a</span> <span class='ocrx_word' id='word_1_375' title='bbox 2733 2509 2833 2563; x_wconf 86' lang='lat' dir='ltr'>spe</span> <span class='ocrx_word' id='word_1_376' title='bbox 2867 2491 3274 2547; x_wconf 82' lang='lat' dir='ltr'>excideremus</span> <span class='ocrx_word' id='word_1_377' title='bbox 3299 2495 3540 2562; x_wconf 88' lang='lat' dir='ltr'>pr0pter</span> <span class='ocrx_word' id='word_1_378' title='bbox 3577 2505 3701 2544; x_wconf 87' lang='lat' dir='ltr'>ma-</span> 
     </span>
    </p>
   </div>
   <div class='ocr_carea' id='block_1_51' title="bbox 2059 2579 3700 2651">
    <p class='ocr_par' dir='ltr' id='par_1_51' title="bbox 2059 2579 3700 2651">
     <span class='ocr_line' id='line_1_51' title="bbox 2059 2579 3700 2651; baseline -0.001 -17"><span class='ocrx_word' id='word_1_379' title='bbox 2059 2579 2148 2635; x_wconf 87' lang='lat' dir='ltr'>las</span> <span class='ocrx_word' id='word_1_380' title='bbox 2178 2581 2466 2647; x_wconf 90' lang='lat' dir='ltr'>actiones,</span> <span class='ocrx_word' id='word_1_381' title='bbox 2499 2586 2656 2635; x_wconf 89' lang='lat' dir='ltr'>esset</span> <span class='ocrx_word' id='word_1_382' title='bbox 2684 2581 2932 2636; x_wconf 84' lang='lat' dir='ltr'>fortasse</span> <span class='ocrx_word' id='word_1_383' title='bbox 2965 2582 3049 2636; x_wconf 92' lang='lat' dir='ltr'>eis</span> <span class='ocrx_word' id='word_1_384' title='bbox 3097 2581 3313 2651; x_wconf 89' lang='lat' dir='ltr'>aliquis</span> <span class='ocrx_word' id='word_1_385' title='bbox 3361 2585 3700 2650; x_wconf 68' lang='lat' dir='ltr'>praatextus,</span> 
     </span>
    </p>
   </div>
   <div class='ocr_carea' id='block_1_52' title="bbox 2062 2667 3701 2733">
    <p class='ocr_par' dir='ltr' id='par_1_52' title="bbox 2062 2667 3701 2733">
     <span class='ocr_line' id='line_1_52' title="bbox 2062 2667 3701 2733; baseline -0.002 -11"><span class='ocrx_word' id='word_1_386' title='bbox 2062 2685 2169 2723; x_wconf 89' lang='lat' dir='ltr'>cur</span> <span class='ocrx_word' id='word_1_387' title='bbox 2190 2669 2344 2724; x_wconf 88' lang='lat' dir='ltr'>male</span> <span class='ocrx_word' id='word_1_388' title='bbox 2367 2670 2631 2724; x_wconf 87' lang='lat' dir='ltr'>viverent</span> <span class='ocrx_word' id='word_1_389' title='bbox 2653 2675 2710 2724; x_wconf 87' lang='lat' dir='ltr'>et</span> <span class='ocrx_word' id='word_1_390' title='bbox 2730 2669 3165 2724; x_wconf 69' lang='lat' dir='ltr'>miserabiliter.</span> <span class='ocrx_word' id='word_1_391' title='bbox 3191 2667 3479 2733; x_wconf 88' lang='lat' dir='ltr'>Quoniam</span> <span class='ocrx_word' id='word_1_392' title='bbox 3502 2672 3701 2720; x_wconf 89' lang='lat' dir='ltr'>autem</span> 
     </span>
    </p>
   </div>
   <div class='ocr_carea' id='block_1_53' title="bbox 2058 2758 3699 2828">
    <p class='ocr_par' dir='ltr' id='par_1_53' title="bbox 2058 2758 3699 2828">
     <span class='ocr_line' id='line_1_53' title="bbox 2058 2758 3699 2828; baseline -0.002 -18"><span class='ocrx_word' id='word_1_393' title='bbox 2058 2758 2175 2811; x_wconf 90' lang='lat' dir='ltr'>vita</span> <span class='ocrx_word' id='word_1_394' title='bbox 2203 2758 2377 2813; x_wconf 90' lang='lat' dir='ltr'>beata</span> <span class='ocrx_word' id='word_1_395' title='bbox 2408 2758 2580 2812; x_wconf 87' lang='lat' dir='ltr'>nobis</span> <span class='ocrx_word' id='word_1_396' title='bbox 2611 2764 2851 2812; x_wconf 89' lang='lat' dir='ltr'>ostensa</span> <span class='ocrx_word' id='word_1_397' title='bbox 2883 2764 2972 2812; x_wconf 90' lang='lat' dir='ltr'>est</span> <span class='ocrx_word' id='word_1_398' title='bbox 3015 2773 3119 2828; x_wconf 89' lang='lat' dir='ltr'>per</span> <span class='ocrx_word' id='word_1_399' title='bbox 3162 2761 3473 2827; x_wconf 83' lang='lat' dir='ltr'>praecepta,</span> <span class='ocrx_word' id='word_1_400' title='bbox 3521 2769 3699 2824; x_wconf 89' lang='lat' dir='ltr'>quam</span> 
     </span>
    </p>
   </div>
   <div class='ocr_carea' id='block_1_54' title="bbox 2057 2846 3699 2918">
    <p class='ocr_par' dir='ltr' id='par_1_54' title="bbox 2057 2846 3699 2918">
     <span class='ocr_line' id='line_1_54' title="bbox 2057 2846 3699 2918; baseline -0.004 -16"><span class='ocrx_word' id='word_1_401' title='bbox 2057 2854 2292 2918; x_wconf 86' lang='lat' dir='ltr'>oportet</span> <span class='ocrx_word' id='word_1_402' title='bbox 2319 2864 2526 2902; x_wconf 90' lang='lat' dir='ltr'>omnes</span> <span class='ocrx_word' id='word_1_403' title='bbox 2557 2854 2896 2918; x_wconf 88' lang='lat' dir='ltr'>sequentes,</span> <span class='ocrx_word' id='word_1_404' title='bbox 2929 2863 3039 2902; x_wconf 90' lang='lat' dir='ltr'>nec</span> <span class='ocrx_word' id='word_1_405' title='bbox 3059 2846 3284 2918; x_wconf 92' lang='lat' dir='ltr'>aliquid</span> <span class='ocrx_word' id='word_1_406' title='bbox 3316 2861 3542 2911; x_wconf 90' lang='lat' dir='ltr'>eorum,</span> <span class='ocrx_word' id='word_1_407' title='bbox 3567 2860 3699 2914; x_wconf 64' lang='lat' dir='ltr'>quas</span> 
     </span>
    </p>
   </div>
   <div class='ocr_carea' id='block_1_55' title="bbox 2056 2935 3698 3008">
    <p class='ocr_par' dir='ltr' id='par_1_55' title="bbox 2056 2935 3698 3008">
     <span class='ocr_line' id='line_1_55' title="bbox 2056 2935 3698 3008; baseline -0.002 -18"><span class='ocrx_word' id='word_1_408' title='bbox 2056 2935 2214 2990; x_wconf 89' lang='lat' dir='ltr'>dicta</span> <span class='ocrx_word' id='word_1_409' title='bbox 2233 2942 2390 3001; x_wconf 89' lang='lat' dir='ltr'>sunt,</span> <span class='ocrx_word' id='word_1_410' title='bbox 2415 2952 2726 3008; x_wconf 88' lang='lat' dir='ltr'>perperam</span> <span class='ocrx_word' id='word_1_411' title='bbox 2749 2935 3171 3006; x_wconf 87' lang='lat' dir='ltr'>intelligentes,</span> <span class='ocrx_word' id='word_1_412' title='bbox 3196 2951 3305 2989; x_wconf 91' lang='lat' dir='ltr'>nec</span> <span class='ocrx_word' id='word_1_413' title='bbox 3322 2950 3547 2999; x_wconf 83' lang='lat' dir='ltr'>eorum,</span> <span class='ocrx_word' id='word_1_414' title='bbox 3567 2949 3698 3002; x_wconf 67' lang='lat' dir='ltr'>quae</span> 
     </span>
    </p>
   </div>
   <div class='ocr_carea' id='block_1_56' title="bbox 291 3016 1946 3109">
    <p class='ocr_par' dir='ltr' id='par_1_56' title="bbox 291 3016 1943 3109">
     <span class='ocr_line' id='line_1_56' title="bbox 291 3016 1943 3109; baseline 0.002 -22"><span class='ocrx_word' id='word_1_415' title='bbox 291 3030 408 3088; x_wconf 82' lang='grc' dir='ltr'>ἄνὸ</span> <span class='ocrx_word' id='word_1_416' title='bbox 441 3016 612 3109; x_wconf 81' lang='grc' dir='ltr'>λόγος</span> <span class='ocrx_word' id='word_1_417' title='bbox 657 3035 884 3108; x_wconf 77' lang='grc' dir='ltr'>ἡγῆται·</span> <span class='ocrx_word' id='word_1_418' title='bbox 948 3033 995 3088; x_wconf 81' lang='grc' dir='ltr'>εἷ’</span> <span class='ocrx_word' id='word_1_419' title='bbox 1053 3016 1390 3108; x_wconf 73' lang='grc' dir='ltr'>σφαλείημεν</span> <span class='ocrx_word' id='word_1_420' title='bbox 1454 3016 1641 3106; x_wconf 80' lang='grc' dir='ltr'>αὐτοῦ,</span> <span class='ocrx_word' id='word_1_421' title='bbox 1692 3016 1943 3109; x_wconf 75' lang='grc' dir='ltr'>ἀθανάτῳ</span> 
     </span>
    </p>
   </div>
   <div class='ocr_carea' id='block_1_57' title="bbox 2060 3016 3702 3109">
    <p class='ocr_par' dir='ltr' id='par_1_57' title="bbox 2060 3023 3702 3094">
     <span class='ocr_line' id='line_1_57' title="bbox 2060 3023 3702 3094; baseline -0.002 -17"><span class='ocrx_word' id='word_1_422' title='bbox 2060 3023 2349 3091; x_wconf 87' lang='lat' dir='ltr'>convenit,</span> <span class='ocrx_word' id='word_1_423' title='bbox 2383 3023 2634 3094; x_wconf 89' lang='lat' dir='ltr'>aliquid,</span> <span class='ocrx_word' id='word_1_424' title='bbox 2665 3024 2775 3078; x_wconf 85' lang='lat' dir='ltr'>etsi</span> <span class='ocrx_word' id='word_1_425' title='bbox 2808 3025 2883 3078; x_wconf 91' lang='lat' dir='ltr'>sit</span> <span class='ocrx_word' id='word_1_426' title='bbox 2922 3023 3014 3078; x_wconf 86' lang='lat' dir='ltr'>vel</span> <span class='ocrx_word' id='word_1_427' title='bbox 3061 3023 3400 3089; x_wconf 89' lang='lat' dir='ltr'>minimum,</span> <span class='ocrx_word' id='word_1_428' title='bbox 3434 3027 3702 3076; x_wconf 89' lang='lat' dir='ltr'>contem-</span> 
     </span>
    </p>
   </div>
   <div class='ocr_carea' id='block_1_58' title="bbox 291 3130 1946 3206">
    <p class='ocr_par' dir='ltr' id='par_1_58' title="bbox 291 3130 1946 3206">
     <span class='ocr_line' id='line_1_58' title="bbox 291 3130 1946 3206; baseline 0.002 -21"><span class='ocrx_word' id='word_1_429' title='bbox 291 3132 447 3203; x_wconf 87' lang='grc' dir='ltr'>κακῷ</span> <span class='ocrx_word' id='word_1_430' title='bbox 504 3134 618 3204; x_wconf 81' lang='grc'>(26)</span> <span class='ocrx_word' id='word_1_431' title='bbox 673 3137 981 3206; x_wconf 72' lang='grc' dir='ltr'>περιπεσεῖν</span> <span class='ocrx_word' id='word_1_432' title='bbox 1041 3131 1274 3205; x_wconf 80' lang='grc' dir='ltr'>ἀνάγκη’</span> <span class='ocrx_word' id='word_1_433' title='bbox 1333 3130 1842 3202; x_wconf 70' lang='grc' dir='ltr'>κατακολουθήσασι</span> <span class='ocrx_word' id='word_1_434' title='bbox 1887 3131 1946 3188; x_wconf 76' lang='grc' dir='ltr'>δὲ</span> 
     </span>
    </p>
   </div>
   <div class='ocr_carea' id='block_1_59' title="bbox 288 3218 1942 3296">
    <p class='ocr_par' dir='ltr' id='par_1_59' title="bbox 288 3218 1942 3296">
     <span class='ocr_line' id='line_1_59' title="bbox 288 3218 1942 3296; baseline 0.001 -20"><span class='ocrx_word' id='word_1_435' title='bbox 288 3225 360 3296; x_wconf 75' lang='grc' dir='ltr'>τῇ</span> <span class='ocrx_word' id='word_1_436' title='bbox 417 3221 531 3292; x_wconf 70' lang='grc' dir='ltr'>θείᾳ</span> <span class='ocrx_word' id='word_1_437' title='bbox 583 3225 795 3296; x_wconf 66' lang='grc' dir='ltr'>Γραφῇ,</span> <span class='ocrx_word' id='word_1_438' title='bbox 855 3219 924 3276; x_wconf 84' lang='grc' dir='ltr'>δι’</span> <span class='ocrx_word' id='word_1_439' title='bbox 981 3224 1048 3290; x_wconf 73' lang='grc' dir='ltr'>ἧς</span> <span class='ocrx_word' id='word_1_440' title='bbox 1104 3218 1380 3275; x_wconf 80' lang='grc' dir='ltr'>ὁδεύουσιν</span> <span class='ocrx_word' id='word_1_441' title='bbox 1423 3221 1476 3275; x_wconf 83' lang='lat' dir='ltr'>o&#39;t</span> <span class='ocrx_word' id='word_1_442' title='bbox 1506 3223 1942 3292; x_wconf 78' lang='grc' dir='ltr'>πεπιστευκότες,</span> 
     </span>
    </p>
   </div>
   <div class='ocr_carea' id='block_1_60' title="bbox 288 3307 1944 3388">
    <p class='ocr_par' dir='ltr' id='par_1_60' title="bbox 288 3307 1944 3388">
     <span class='ocr_line' id='line_1_60' title="bbox 288 3307 1944 3388; baseline 0.001 -24"><span class='ocrx_word' id='word_1_443' title='bbox 288 3307 674 3381; x_wconf 77' lang='grc' dir='ltr'>ἐξομοιοῦσθαι</span> <span class='ocrx_word' id='word_1_444' title='bbox 705 3311 842 3365; x_wconf 77' lang='grc' dir='ltr'>κατά</span> <span class='ocrx_word' id='word_1_445' title='bbox 873 3307 1100 3382; x_wconf 77' lang='grc' dir='ltr'>δύναμιν</span> <span class='ocrx_word' id='word_1_446' title='bbox 1133 3314 1212 3382; x_wconf 81' lang='grc' dir='ltr'>τῷ</span> <span class='ocrx_word' id='word_1_447' title='bbox 1255 3310 1454 3384; x_wconf 75' lang='grc' dir='ltr'>Κυρίῳ,</span> <span class='ocrx_word' id='word_1_448' title='bbox 1507 3309 1605 3364; x_wconf 77' lang='grc' dir='ltr'>οὐκ</span> <span class='ocrx_word' id='word_1_449' title='bbox 1633 3307 1944 3388; x_wconf 72' lang='grc' dir='ltr'>ἀδιαφόρως</span> 
     </span>
    </p>
   </div>
   <div class='ocr_carea' id='block_1_61' title="bbox 293 3397 1944 3474">
    <p class='ocr_par' dir='ltr' id='par_1_61' title="bbox 293 3397 1944 3474">
     <span class='ocr_line' id='line_1_61' title="bbox 293 3397 1944 3474; baseline 0.001 -22"><span class='ocrx_word' id='word_1_450' title='bbox 293 3399 547 3474; x_wconf 87' lang='grc' dir='ltr'>βιωτέον,</span> <span class='ocrx_word' id='word_1_451' title='bbox 580 3398 725 3454; x_wconf 80' lang='grc' dir='ltr'>ἀλλά</span> <span class='ocrx_word' id='word_1_452' title='bbox 779 3400 1133 3474; x_wconf 77' lang='grc' dir='ltr'>καθαρευτέον</span> <span class='ocrx_word' id='word_1_453' title='bbox 1195 3398 1270 3459; x_wconf 84' lang='grc' dir='ltr'>εἰς</span> <span class='ocrx_word' id='word_1_454' title='bbox 1330 3397 1557 3472; x_wconf 69' lang='grc' dir='ltr'>δύναμιν</span> <span class='ocrx_word' id='word_1_455' title='bbox 1596 3404 1705 3454; x_wconf 91' lang='grc' dir='ltr'>τῶν</span> <span class='ocrx_word' id='word_1_456' title='bbox 1739 3397 1944 3468; x_wconf 64' lang='grc' dir='ltr'>ἡδονῶν</span> 
     </span>
    </p>
   </div>
   <div class='ocr_carea' id='block_1_62' title="bbox 290 3495 1948 3573">
    <p class='ocr_par' dir='ltr' id='par_1_62' title="bbox 290 3495 1948 3573">
     <span class='ocr_line' id='line_1_62' title="bbox 290 3495 1948 3573; baseline 0.001 -23"><span class='ocrx_word' id='word_1_457' title='bbox 290 3496 533 3551; x_wconf 72' lang='grc' dir='ltr'>καὶτῶν</span> <span class='ocrx_word' id='word_1_458' title='bbox 592 3495 920 3571; x_wconf 79' lang='grc' dir='ltr'>ἐπιθυμιῶν,</span> <span class='ocrx_word' id='word_1_459' title='bbox 979 3495 1342 3569; x_wconf 82' lang='grc' dir='ltr'>ἐπιμελητέον</span> <span class='ocrx_word' id='word_1_460' title='bbox 1402 3518 1460 3552; x_wconf 86' lang='grc' dir='ltr'>τε</span> <span class='ocrx_word' id='word_1_461' title='bbox 1514 3504 1615 3566; x_wconf 83' lang='grc' dir='ltr'>τῆς</span> <span class='ocrx_word' id='word_1_462' title='bbox 1673 3500 1948 3573; x_wconf 76' lang='grc' dir='ltr'>ψυχῆς,ᾗ</span> 
     </span>
    </p>
   </div>
   <div class='ocr_carea' id='block_1_63' title="bbox 290 3583 1944 3661">
    <p class='ocr_par' dir='ltr' id='par_1_63' title="bbox 290 3583 1944 3661">
     <span class='ocr_line' id='line_1_63' title="bbox 290 3583 1944 3661; baseline 0 -21"><span class='ocrx_word' id='word_1_463' title='bbox 290 3585 433 3658; x_wconf 87' lang='grc' dir='ltr'>πρὸς</span> <span class='ocrx_word' id='word_1_464' title='bbox 466 3585 615 3660; x_wconf 85' lang='grc' dir='ltr'>μόνῳ</span> <span class='ocrx_word' id='word_1_465' title='bbox 668 3591 749 3659; x_wconf 84' lang='grc' dir='ltr'>τῷ</span> <span class='ocrx_word' id='word_1_466' title='bbox 805 3586 944 3659; x_wconf 85' lang='grc' dir='ltr'>Θείῳ</span> <span class='ocrx_word' id='word_1_467' title='bbox 997 3583 1392 3642; x_wconf 83' lang='grc' dir='ltr'>διατελεστέον.</span> <span class='ocrx_word' id='word_1_468' title='bbox 1455 3587 1704 3661; x_wconf 85' lang='grc' dir='ltr'>Καθαρὸς</span> <span class='ocrx_word' id='word_1_469' title='bbox 1738 3587 1837 3661; x_wconf 84' lang='grc' dir='ltr'>γὰρ</span> <span class='ocrx_word' id='word_1_470' title='bbox 1871 3584 1944 3641; x_wconf 80' lang='grc' dir='ltr'>ὢν</span> 
     </span>
    </p>
   </div>
   <div class='ocr_carea' id='block_1_64' title="bbox 290 3672 1945 3750">
    <p class='ocr_par' dir='ltr' id='par_1_64' title="bbox 290 3672 1945 3750">
     <span class='ocr_line' id='line_1_64' title="bbox 290 3672 1945 3750; baseline 0.001 -21"><span class='ocrx_word' id='word_1_471' title='bbox 290 3675 384 3730; x_wconf 85' lang='grc' dir='ltr'>καὶ</span> <span class='ocrx_word' id='word_1_472' title='bbox 442 3678 618 3746; x_wconf 83' lang='grc' dir='ltr'>πάσης</span> <span class='ocrx_word' id='word_1_473' title='bbox 672 3675 861 3737; x_wconf 88' lang='grc' dir='ltr'>κακίας</span> <span class='ocrx_word' id='word_1_474' title='bbox 922 3672 1347 3750; x_wconf 83' lang='grc' dir='ltr'>ἀπηλλαγμένος</span> <span class='ocrx_word' id='word_1_475' title='bbox 1407 3676 1436 3730; x_wconf 83' lang='grc' dir='ltr'>ὁ</span> <span class='ocrx_word' id='word_1_476' title='bbox 1489 3679 1639 3743; x_wconf 92' lang='grc' dir='ltr'>νοῦς,</span> <span class='ocrx_word' id='word_1_477' title='bbox 1701 3673 1945 3736; x_wconf 88' lang='grc' dir='ltr'>δεκτικός</span> 
     </span>
    </p>
   </div>
   <div class='ocr_carea' id='block_1_65' title="bbox 289 3771 1947 3848">
    <p class='ocr_par' dir='ltr' id='par_1_65' title="bbox 289 3771 1947 3848">
     <span class='ocr_line' id='line_1_65' title="bbox 289 3771 1947 3848; baseline 0.001 -22"><span class='ocrx_word' id='word_1_478' title='bbox 289 3793 411 3834; x_wconf 85' lang='grc' dir='ltr'>πως</span> <span class='ocrx_word' id='word_1_479' title='bbox 442 3772 676 3848; x_wconf 77' lang='grc' dir='ltr'>ὑπάρχει</span> <span class='ocrx_word' id='word_1_480' title='bbox 733 3779 832 3842; x_wconf 82' lang='grc' dir='ltr'>τῆς</span> <span class='ocrx_word' id='word_1_481' title='bbox 887 3777 984 3828; x_wconf 86' lang='grc' dir='ltr'>τοῦ</span> <span class='ocrx_word' id='word_1_482' title='bbox 1044 3777 1177 3827; x_wconf 88' lang='grc' dir='ltr'>Θεοῦ</span> <span class='ocrx_word' id='word_1_483' title='bbox 1237 3771 1542 3845; x_wconf 82' lang='grc' dir='ltr'>δυνάμεως,</span> <span class='ocrx_word' id='word_1_484' title='bbox 1583 3773 1947 3847; x_wconf 81' lang='grc' dir='ltr'>ἀνισταμένης</span> 
     </span>
    </p>
   </div>
   <div class='ocr_carea' id='block_1_66' title="bbox 290 3859 1944 3938">
    <p class='ocr_par' dir='ltr' id='par_1_66' title="bbox 290 3859 1944 3938">
     <span class='ocr_line' id='line_1_66' title="bbox 290 3859 1944 3938; baseline 0.001 -23"><span class='ocrx_word' id='word_1_485' title='bbox 290 3861 345 3916; x_wconf 86' lang='grc' dir='ltr'>ἐν</span> <span class='ocrx_word' id='word_1_486' title='bbox 406 3861 553 3933; x_wconf 79' lang='grc' dir='ltr'>αὑτῷ</span> <span class='ocrx_word' id='word_1_487' title='bbox 610 3865 710 3927; x_wconf 74' lang='grc' dir='ltr'>τῆς</span> <span class='ocrx_word' id='word_1_488' title='bbox 771 3861 914 3926; x_wconf 87' lang='grc' dir='ltr'>θείας</span> <span class='ocrx_word' id='word_1_489' title='bbox 975 3861 1186 3926; x_wconf 80' lang='grc' dir='ltr'>εἰκόνος</span> <span class='ocrx_word' id='word_1_490' title='bbox 1295 3888 1322 3913; x_wconf 79' lang='grc' dir='ltr'><strong>ι(</strong></span> <span class='ocrx_word' id='word_1_491' title='bbox 1387 3863 1489 3919; x_wconf 83' lang='grc' dir='ltr'>Καὶ</span> <span class='ocrx_word' id='word_1_492' title='bbox 1549 3869 1652 3925; x_wconf 78' lang='grc' dir='ltr'>πᾶς</span> <span class='ocrx_word' id='word_1_493' title='bbox 1712 3864 1739 3916; x_wconf 90' lang='grc' dir='ltr'>ὁ</span> <span class='ocrx_word' id='word_1_494' title='bbox 1798 3859 1944 3938; x_wconf 80' lang='grc' dir='ltr'>ἔχων</span> 
     </span>
    </p>
   </div>
   <div class='ocr_carea' id='block_1_67' title="bbox 284 3957 1944 4036">
    <p class='ocr_par' dir='ltr' id='par_1_67' title="bbox 284 3957 1944 4036">
     <span class='ocr_line' id='line_1_67' title="bbox 284 3957 1944 4036; baseline 0.001 -22"><span class='ocrx_word' id='word_1_495' title='bbox 284 3961 391 4028; x_wconf 81' lang='grc' dir='ltr'>τήν</span> <span class='ocrx_word' id='word_1_496' title='bbox 447 3957 644 4016; x_wconf 82' lang='grc' dir='ltr'>ἐλπίδα</span> <span class='ocrx_word' id='word_1_497' title='bbox 695 3959 894 4030; x_wconf 78' lang='grc' dir='ltr'>ταύτην</span> <span class='ocrx_word' id='word_1_498' title='bbox 983 3959 1067 4014; x_wconf 81' lang='grc' dir='ltr'>ἐπὶ</span> <span class='ocrx_word' id='word_1_499' title='bbox 1127 3965 1206 4032; x_wconf 84' lang='grc' dir='ltr'>τῷ</span> <span class='ocrx_word' id='word_1_500' title='bbox 1276 3961 1466 4035; x_wconf 86' lang='grc' dir='ltr'>Κυρίῳ</span> <span class='ocrx_word' id='word_1_501' title='bbox 1522 3964 1656 4034; x_wconf 83' lang='grc'>(27),</span> <span class='ocrx_word' id='word_1_502' title='bbox 1714 3961 1944 4036; x_wconf 81' lang='grc' dir='ltr'>ἁγνίζει,</span> 
     </span>
    </p>
   </div>
   <div class='ocr_carea' id='block_1_68' title="bbox 287 4048 1944 4126">
    <p class='ocr_par' dir='ltr' id='par_1_68' title="bbox 287 4048 1944 4126">
     <span class='ocr_line' id='line_1_68' title="bbox 287 4048 1944 4126; baseline -0.001 -25"><span class='ocrx_word' id='word_1_503' title='bbox 287 4048 474 4126; x_wconf 77' lang='grc' dir='ltr'>φησὶν,</span> <span class='ocrx_word' id='word_1_504' title='bbox 535 4050 720 4104; x_wconf 71' lang='grc' dir='ltr'>ἑαυτὸν</span> <span class='ocrx_word' id='word_1_505' title='bbox 781 4053 914 4121; x_wconf 76' lang='grc'>(28),</span> <span class='ocrx_word' id='word_1_506' title='bbox 990 4049 1168 4112; x_wconf 79' lang='grc' dir='ltr'>καθὼς</span> <span class='ocrx_word' id='word_1_507' title='bbox 1235 4049 1442 4113; x_wconf 85' lang='grc' dir='ltr'>ἐκεῖνος</span> <span class='ocrx_word' id='word_1_508' title='bbox 1500 4050 1658 4125; x_wconf 76' lang='grc' dir='ltr'>ἁγνός</span> <span class='ocrx_word' id='word_1_509' title='bbox 1718 4049 1878 4107; x_wconf 88' lang='grc' dir='ltr'>ἐστιν.</span> <span class='ocrx_word' id='word_1_510' title='bbox 1917 4075 1944 4102; x_wconf 87' lang='grc'><strong>››</strong></span> 
     </span>
    </p>
   </div>
   <div class='ocr_carea' id='block_1_69' title="bbox 288 4142 1948 4225">
    <p class='ocr_par' dir='ltr' id='par_1_69' title="bbox 288 4142 1948 4225">
     <span class='ocr_line' id='line_1_69' title="bbox 288 4142 1948 4225; baseline 0.001 -23"><span class='ocrx_word' id='word_1_511' title='bbox 288 4152 426 4202; x_wconf 92' lang='grc' dir='ltr'>Θεοῦ</span> <span class='ocrx_word' id='word_1_512' title='bbox 457 4145 514 4202; x_wconf 75' lang='grc' dir='ltr'>δὲ</span> <span class='ocrx_word' id='word_1_513' title='bbox 543 4153 740 4223; x_wconf 89' lang='grc' dir='ltr'>γνῶσιν</span> <span class='ocrx_word' id='word_1_514' title='bbox 772 4142 958 4202; x_wconf 78' lang='grc' dir='ltr'>λαϐεῖν</span> <span class='ocrx_word' id='word_1_515' title='bbox 987 4153 1106 4211; x_wconf 91' lang='grc' dir='ltr'>τοῖς</span> <span class='ocrx_word' id='word_1_516' title='bbox 1162 4142 1238 4201; x_wconf 75' lang='grc' dir='ltr'>ἔτι</span> <span class='ocrx_word' id='word_1_517' title='bbox 1294 4148 1398 4202; x_wconf 83' lang='grc' dir='ltr'>ὑπὸ</span> <span class='ocrx_word' id='word_1_518' title='bbox 1446 4153 1556 4202; x_wconf 89' lang='grc' dir='ltr'>τῶν</span> <span class='ocrx_word' id='word_1_519' title='bbox 1597 4153 1780 4212; x_wconf 90' lang='grc' dir='ltr'>παθῶν</span> <span class='ocrx_word' id='word_1_520' title='bbox 1815 4150 1948 4225; x_wconf 86' lang='grc' dir='ltr'>ἀγο-</span> 
     </span>
    </p>
   </div>
   <div class='ocr_carea' id='block_1_70' title="bbox 291 4233 1943 4312">
    <p class='ocr_par' dir='ltr' id='par_1_70' title="bbox 291 4233 1943 4312">
     <span class='ocr_line' id='line_1_70' title="bbox 291 4233 1943 4312; baseline 0.001 -23"><span class='ocrx_word' id='word_1_521' title='bbox 291 4234 477 4309; x_wconf 86' lang='grc' dir='ltr'>μένοις</span> <span class='ocrx_word' id='word_1_522' title='bbox 509 4235 790 4290; x_wconf 76' lang='grc' dir='ltr'>ἀδ·3νατον’</span> <span class='ocrx_word' id='word_1_523' title='bbox 853 4235 1048 4290; x_wconf 82' lang='grc' dir='ltr'>οὐκοῦν</span> <span class='ocrx_word' id='word_1_524' title='bbox 1111 4233 1236 4290; x_wconf 80' lang='grc' dir='ltr'>οὐδέ</span> <span class='ocrx_word' id='word_1_525' title='bbox 1293 4243 1394 4304; x_wconf 79' lang='grc' dir='ltr'>τῆς</span> <span class='ocrx_word' id='word_1_526' title='bbox 1454 4233 1681 4298; x_wconf 86' lang='grc' dir='ltr'>ἐλπίδος</span> <span class='ocrx_word' id='word_1_527' title='bbox 1730 4243 1943 4312; x_wconf 81' lang='grc' dir='ltr'>τυχεῖν,</span> 
     </span>
    </p>
   </div>
   <div class='ocr_carea' id='block_1_71' title="bbox 290 4332 1945 4409">
    <p class='ocr_par' dir='ltr' id='par_1_71' title="bbox 290 4332 1945 4409">
     <span class='ocr_line' id='line_1_71' title="bbox 290 4332 1945 4409; baseline 0.001 -21"><span class='ocrx_word' id='word_1_528' title='bbox 290 4332 572 4407; x_wconf 85' lang='grc' dir='ltr'>μηδεμίαν</span> <span class='ocrx_word' id='word_1_529' title='bbox 631 4338 727 4388; x_wconf 86' lang='grc' dir='ltr'>τοῦ</span> <span class='ocrx_word' id='word_1_530' title='bbox 784 4337 916 4387; x_wconf 85' lang='grc' dir='ltr'>Θεοῦ</span> <span class='ocrx_word' id='word_1_531' title='bbox 972 4337 1172 4409; x_wconf 85' lang='grc' dir='ltr'>γνῶσιν</span> <span class='ocrx_word' id='word_1_532' title='bbox 1227 4335 1642 4404; x_wconf 82' lang='grc' dir='ltr'>πεποιημένοις·</span> <span class='ocrx_word' id='word_1_533' title='bbox 1703 4334 1795 4387; x_wconf 85' lang='grc' dir='ltr'>καὶ</span> <span class='ocrx_word' id='word_1_534' title='bbox 1849 4339 1945 4389; x_wconf 93' lang='grc' dir='ltr'>τοῦ</span> 
     </span>
    </p>
   </div>
   <div class='ocr_carea' id='block_1_72' title="bbox 290 4420 1941 4498">
    <p class='ocr_par' dir='ltr' id='par_1_72' title="bbox 290 4420 1941 4498">
     <span class='ocr_line' id='line_1_72' title="bbox 290 4420 1941 4498; baseline 0.001 -21"><span class='ocrx_word' id='word_1_535' title='bbox 290 4425 390 4496; x_wconf 78' lang='grc' dir='ltr'>μὲν</span> <span class='ocrx_word' id='word_1_536' title='bbox 449 4424 925 4498; x_wconf 77' lang='grc' dir='ltr'>ἀποτυγχάνοντος</span> <span class='ocrx_word' id='word_1_537' title='bbox 981 4420 1140 4476; x_wconf 82' lang='grc' dir='ltr'>τοῦδε</span> <span class='ocrx_word' id='word_1_538' title='bbox 1193 4425 1290 4476; x_wconf 83' lang='grc' dir='ltr'>τοῦ</span> <span class='ocrx_word' id='word_1_539' title='bbox 1342 4422 1534 4484; x_wconf 82' lang='grc' dir='ltr'>τέλους</span> <span class='ocrx_word' id='word_1_540' title='bbox 1584 4425 1618 4491; x_wconf 86' lang='grc' dir='ltr'>ἡ</span> <span class='ocrx_word' id='word_1_541' title='bbox 1670 4427 1768 4476; x_wconf 85' lang='grc' dir='ltr'>τοῦ</span> <span class='ocrx_word' id='word_1_542' title='bbox 1800 4428 1941 4478; x_wconf 83' lang='grc' dir='ltr'>Θεοῦ</span> 
     </span>
    </p>
   </div>
   <div class='ocr_carea' id='block_1_73' title="bbox 285 4515 1939 4598">
    <p class='ocr_par' dir='ltr' id='par_1_73' title="bbox 285 4515 1939 4598">
     <span class='ocr_line' id='line_1_73' title="bbox 285 4515 1939 4598; baseline 0 -22"><span class='ocrx_word' id='word_1_543' title='bbox 285 4520 475 4598; x_wconf 71' lang='grc' dir='ltr'>ἄγνοια</span> <span class='ocrx_word' id='word_1_544' title='bbox 503 4526 824 4597; x_wconf 82' lang='grc' dir='ltr'>κατηγορεῖν</span> <span class='ocrx_word' id='word_1_545' title='bbox 855 4515 1016 4575; x_wconf 80' lang='grc' dir='ltr'>ἔοικε·</span> <span class='ocrx_word' id='word_1_546' title='bbox 1051 4521 1111 4575; x_wconf 83' lang='grc' dir='ltr'>τὸ</span> <span class='ocrx_word' id='word_1_547' title='bbox 1157 4517 1214 4575; x_wconf 76' lang='grc' dir='ltr'>δὲ</span> <span class='ocrx_word' id='word_1_548' title='bbox 1244 4520 1458 4595; x_wconf 82' lang='grc' dir='ltr'>ἀγνοεῖν</span> <span class='ocrx_word' id='word_1_549' title='bbox 1490 4521 1581 4574; x_wconf 88' lang='grc' dir='ltr'>τὸν</span> <span class='ocrx_word' id='word_1_550' title='bbox 1615 4522 1743 4575; x_wconf 79' lang='grc' dir='ltr'>Θεὸν</span> <span class='ocrx_word' id='word_1_551' title='bbox 1777 4523 1811 4590; x_wconf 81' lang='grc' dir='ltr'>ἡ</span> <span class='ocrx_word' id='word_1_552' title='bbox 1847 4527 1939 4576; x_wconf 84' lang='grc' dir='ltr'>τοῦ</span> 
     </span>
    </p>
   </div>
   <div class='ocr_carea' id='block_1_74' title="bbox 289 4608 1936 4687">
    <p class='ocr_par' dir='ltr' id='par_1_74' title="bbox 289 4608 1936 4687">
     <span class='ocr_line' id='line_1_74' title="bbox 289 4608 1936 4687; baseline -0.002 -22"><span class='ocrx_word' id='word_1_553' title='bbox 289 4611 413 4687; x_wconf 89' lang='grc' dir='ltr'>βίου</span> <span class='ocrx_word' id='word_1_554' title='bbox 445 4609 698 4666; x_wconf 67' lang='grc' dir='ltr'>πολιτεία</span> <span class='ocrx_word' id='word_1_555' title='bbox 749 4610 1098 4685; x_wconf 87' lang='grc' dir='ltr'>παρίστησιν.</span> <span class='ocrx_word' id='word_1_556' title='bbox 1156 4608 1468 4664; x_wconf 74' lang='grc' dir='ltr'>Παντάπασι</span> <span class='ocrx_word' id='word_1_557' title='bbox 1523 4609 1624 4684; x_wconf 75' lang='grc' dir='ltr'>γάρ</span> <span class='ocrx_word' id='word_1_558' title='bbox 1674 4609 1936 4664; x_wconf 67' lang='grc' dir='ltr'>ἀδύνατον</span> 
     </span>
    </p>
   </div>
   <div class='ocr_carea' id='block_1_75' title="bbox 285 4706 1936 4782">
    <p class='ocr_par' dir='ltr' id='par_1_75' title="bbox 285 4706 1936 4782">
     <span class='ocr_line' id='line_1_75' title="bbox 285 4706 1936 4782; baseline -0.002 -17"><span class='ocrx_word' id='word_1_559' title='bbox 285 4711 400 4782; x_wconf 89' lang='grc' dir='ltr'>ἀμα</span> <span class='ocrx_word' id='word_1_560' title='bbox 428 4729 487 4764; x_wconf 88' lang='grc' dir='ltr'>τε</span> <span class='ocrx_word' id='word_1_561' title='bbox 543 4708 630 4763; x_wconf 81' lang='grc' dir='ltr'>καὶ</span> <span class='ocrx_word' id='word_1_562' title='bbox 691 4706 1030 4780; x_wconf 75' lang='grc' dir='ltr'>ἐπιστήμονα</span> <span class='ocrx_word' id='word_1_563' title='bbox 1087 4706 1242 4775; x_wconf 79' lang='grc' dir='ltr'>εἶναι,</span> <span class='ocrx_word' id='word_1_564' title='bbox 1303 4706 1390 4761; x_wconf 85' lang='grc' dir='ltr'>καὶ</span> <span class='ocrx_word' id='word_1_565' title='bbox 1421 4707 1520 4774; x_wconf 74' lang='grc' dir='ltr'>τὴν</span> <span class='ocrx_word' id='word_1_566' title='bbox 1550 4711 1645 4760; x_wconf 85' lang='grc' dir='ltr'>τοῦ</span> <span class='ocrx_word' id='word_1_567' title='bbox 1677 4706 1936 4780; x_wconf 86' lang='grc' dir='ltr'>σώματος</span> 
     </span>
    </p>
   </div>
   <div class='ocr_carea' id='block_1_76' title="bbox 355 4826 1656 4894">
    <p class='ocr_par' dir='ltr' id='par_1_76' title="bbox 355 4826 1656 4894">
     <span class='ocr_line' id='line_1_76' title="bbox 355 4826 1656 4894; baseline -0.005 -5"><span class='ocrx_word' id='word_1_568' title='bbox 355 4826 420 4889; x_wconf 58' lang='grc' dir='ltr'>’Β</span> <span class='ocrx_word' id='word_1_569' title='bbox 450 4830 511 4882; x_wconf 88' lang='grc' dir='ltr'>Ρ.</span> <span class='ocrx_word' id='word_1_570' title='bbox 545 4829 648 4882; x_wconf 83' lang='grc'>530</span> <span class='ocrx_word' id='word_1_571' title='bbox 678 4829 788 4882; x_wconf 86' lang='lat' dir='ltr'>ED.</span> <span class='ocrx_word' id='word_1_572' title='bbox 823 4829 1114 4894; x_wconf 78' lang='lat' dir='ltr'>POTTEB,</span> <span class='ocrx_word' id='word_1_573' title='bbox 1149 4828 1252 4880; x_wconf 93' lang='lat'>444</span> <span class='ocrx_word' id='word_1_574' title='bbox 1282 4827 1395 4880; x_wconf 87' lang='grc' dir='ltr'>ΕΙ).</span> <span class='ocrx_word' id='word_1_575' title='bbox 1429 4826 1656 4882; x_wconf 79' lang='lat' dir='ltr'>PARIS.</span> 
     </span>
    </p>
   </div>
   <div class='ocr_carea' id='block_1_77' title="bbox 355 4959 1935 5036">
    <p class='ocr_par' dir='ltr' id='par_1_77' title="bbox 355 4959 1935 5036">
     <span class='ocr_line' id='line_1_77' title="bbox 355 4959 1935 5036; baseline -0.002 -17"><span class='ocrx_word' id='word_1_576' title='bbox 355 4967 467 5036; x_wconf 74' lang='lat'>(24)</span> <span class='ocrx_word' id='word_1_577' title='bbox 499 4959 722 5035; x_wconf 81' lang='grc' dir='ltr'>Νεκρόν.</span> <span class='ocrx_word' id='word_1_578' title='bbox 757 4962 1227 5036; x_wconf 88' lang='lat' dir='ltr'>Sic__humanum</span> <span class='ocrx_word' id='word_1_579' title='bbox 1282 4979 1497 5033; x_wconf 87' lang='lat' dir='ltr'>corpus</span> <span class='ocrx_word' id='word_1_580' title='bbox 1554 4962 1836 5033; x_wconf 85' lang='lat' dir='ltr'>appellat,</span> <span class='ocrx_word' id='word_1_581' title='bbox 1869 4968 1935 5017; x_wconf 88' lang='lat' dir='ltr'>ut</span> 
     </span>
    </p>
   </div>
   <div class='ocr_carea' id='block_1_78' title="bbox 284 5034 1163 5162">
    <p class='ocr_par' dir='ltr' id='par_1_78' title="bbox 284 5034 1163 5162">
     <span class='ocr_line' id='line_1_78' title="bbox 284 5034 1163 5162; baseline -0.009 -68"><span class='ocrx_word' id='word_1_582' title='bbox 284 5034 561 5110; x_wconf 80' lang='lat' dir='ltr'>superius</span> <span class='ocrx_word' id='word_1_583' title='bbox 564 5036 776 5162; x_wconf 53' lang='lat' dir='ltr'>Ep.&#39;436</span> <span class='ocrx_word' id='word_1_584' title='bbox 809 5034 948 5087; x_wconf 90' lang='lat' dir='ltr'>edit.</span> <span class='ocrx_word' id='word_1_585' title='bbox 979 5035 1163 5089; x_wconf 86' lang='lat' dir='ltr'>Paris.</span> 
     </span>
     <span class='ocr_line' id='line_1_79' title="bbox 353 5107 1163 5162; baseline -0.007 0"><span class='ocrx_word' id='word_1_586' title='bbox 353 5112 463 5162; x_wconf 80' lang='lat'>(25)</span> <span class='ocrx_word' id='word_1_587' title='bbox 541 5107 553 5127; x_wconf 85' lang='grc'>’</span> <span class='ocrx_word' id='word_1_588' title='bbox 607 5125 949 5160; x_wconf 86' lang='grc' dir='ltr'>πισπαστον..</span> <span class='ocrx_word' id='word_1_589' title='bbox 984 5147 995 5159; x_wconf 94' lang='grc'><strong>.</strong></span> <span class='ocrx_word' id='word_1_590' title='bbox 1083 5125 1163 5157; x_wconf 66' lang='grc' dir='ltr'>και</span> 
     </span>
    </p>
   </div>
   <div class='ocr_carea' id='block_1_79' title="bbox 353 5103 1266 5179">
    <p class='ocr_par' dir='ltr' id='par_1_79' title="bbox 353 5103 1266 5179">
     <span class='ocr_line' id='line_1_80' title="bbox 353 5103 1266 5179; baseline -0.005 -15"><span class='ocrx_word' id='word_1_591' title='bbox 353 5103 463 5179; x_wconf 79' lang='grc'>(25)</span> <span class='ocrx_word' id='word_1_592' title='bbox 541 5103 949 5162; x_wconf 64' lang='grc' dir='ltr'>Ἐἶπίσπαστονη</span> <span class='ocrx_word' id='word_1_593' title='bbox 984 5147 995 5159; x_wconf 94' lang='grc'><strong>.</strong></span> <span class='ocrx_word' id='word_1_594' title='bbox 1083 5104 1266 5159; x_wconf 86' lang='grc' dir='ltr'>κακόν.</span> 
     </span>
    </p>
   </div>
   <div class='ocr_carea' id='block_1_80' title="bbox 286 5179 1226 5247">
    <p class='ocr_par' dir='ltr' id='par_1_80' title="bbox 286 5179 1226 5247">
     <span class='ocr_line' id='line_1_81' title="bbox 286 5179 1226 5247; baseline -0.005 -10"><span class='ocrx_word' id='word_1_595' title='bbox 286 5183 576 5237; x_wconf 84' lang='lat' dir='ltr'>Homerus</span> <span class='ocrx_word' id='word_1_596' title='bbox 609 5179 799 5247; x_wconf 87' lang='lat' dir='ltr'>Odyss.</span> <span class='ocrx_word' id='word_1_597' title='bbox 837 5182 899 5247; x_wconf 87' lang='grc' dir='ltr'>Σ,</span> <span class='ocrx_word' id='word_1_598' title='bbox 931 5194 1084 5242; x_wconf 85' lang='lat' dir='ltr'>vers,</span> <span class='ocrx_word' id='word_1_599' title='bbox 1117 5181 1184 5230; x_wconf 80' lang='lat'>72</span> <span class='ocrx_word' id='word_1_600' title='bbox 1213 5194 1226 5232; x_wconf 88' lang='lat'><strong>:</strong></span> 
     </span>
    </p>
   </div>
   <div class='ocr_carea' id='block_1_81' title="bbox 354 5270 1683 5350">
    <p class='ocr_par' dir='ltr' id='par_1_81' title="bbox 354 5270 1683 5350">
     <span class='ocr_line' id='line_1_82' title="bbox 354 5270 1683 5350; baseline -0.001 -20"><span class='ocrx_word' id='word_1_601' title='bbox 354 5279 426 5334; x_wconf 82' lang='lat' dir='ltr'>&#39;ll</span> <span class='ocrx_word' id='word_1_602' title='bbox 459 5276 604 5350; x_wconf 87' lang='grc' dir='ltr'>τάχα</span> <span class='ocrx_word' id='word_1_603' title='bbox 634 5279 773 5349; x_wconf 78' lang='grc' dir='ltr'>Ἱρος</span> <span class='ocrx_word' id='word_1_604' title='bbox 805 5271 959 5345; x_wconf 76' lang='grc' dir='ltr'>ἄϊρος</span> <span class='ocrx_word' id='word_1_605' title='bbox 991 5272 1316 5328; x_wconf 80' lang='grc' dir='ltr'>ἐπίσπαστον</span> <span class='ocrx_word' id='word_1_606' title='bbox 1365 5272 1530 5328; x_wconf 89' lang='grc' dir='ltr'>κακόν</span> <span class='ocrx_word' id='word_1_607' title='bbox 1558 5270 1683 5343; x_wconf 69' lang='grc' dir='ltr'>ἕξει.</span> 
     </span>
    </p>
   </div>
   <div class='ocr_carea' id='block_1_82' title="bbox 358 5364 1938 5432">
    <p class='ocr_par' dir='ltr' id='par_1_82' title="bbox 358 5364 1938 5432">
     <span class='ocr_line' id='line_1_83' title="bbox 358 5364 1938 5432; baseline -0.001 -10"><span class='ocrx_word' id='word_1_608' title='bbox 358 5370 514 5422; x_wconf 85' lang='lat' dir='ltr'>Certe</span> <span class='ocrx_word' id='word_1_609' title='bbox 571 5368 679 5420; x_wconf 86' lang='lat' dir='ltr'>cito</span> <span class='ocrx_word' id='word_1_610' title='bbox 735 5367 855 5418; x_wconf 80' lang='lat' dir='ltr'>Irus</span> <span class='ocrx_word' id='word_1_611' title='bbox 913 5365 1112 5432; x_wconf 63' lang='lat' dir='ltr'>infelix</span> <span class='ocrx_word' id='word_1_612' title='bbox 1169 5365 1487 5420; x_wconf 78' lang='lat' dir='ltr'>accersitum</span> <span class='ocrx_word' id='word_1_613' title='bbox 1541 5381 1573 5419; x_wconf 90' lang='lat' dir='ltr'>a</span> <span class='ocrx_word' id='word_1_614' title='bbox 1629 5381 1684 5420; x_wconf 86' lang='lat' dir='ltr'>se</span> <span class='ocrx_word' id='word_1_615' title='bbox 1733 5364 1938 5420; x_wconf 84' lang='lat' dir='ltr'>malum</span> 
     </span>
    </p>
   </div>
   <div class='ocr_carea' id='block_1_83' title="bbox 1532 5437 1797 5507">
    <p class='ocr_par' dir='ltr' id='par_1_83' title="bbox 1532 5437 1797 5507">
     <span class='ocr_line' id='line_1_84' title="bbox 1532 5437 1797 5507; baseline 0.011 -18"><span class='ocrx_word' id='word_1_616' title='bbox 1532 5437 1797 5507; x_wconf 53' lang='lat' dir='ltr'>[habebit</span> 
     </span>
    </p>
   </div>
   <div class='ocr_carea' id='block_1_84' title="bbox 286 5531 1937 5609">
    <p class='ocr_par' dir='ltr' id='par_1_84' title="bbox 286 5531 1937 5609">
     <span class='ocr_line' id='line_1_85' title="bbox 286 5531 1937 5609; baseline -0.004 -16"><span class='ocrx_word' id='word_1_617' title='bbox 286 5537 612 5609; x_wconf 50' lang='lat' dir='ltr'>Heiychius</span> <span class='ocrx_word' id='word_1_618' title='bbox 656 5553 667 5590; x_wconf 88' lang='lat'>:</span> <span class='ocrx_word' id='word_1_619' title='bbox 725 5533 1102 5609; x_wconf 71' lang='grc' dir='ltr'>’ῐίπίσπαστον,</span> <span class='ocrx_word' id='word_1_620' title='bbox 1163 5531 1524 5609; x_wconf 50' lang='grc' dir='ltr'>αῦθαίρετον,</span> <span class='ocrx_word' id='word_1_621' title='bbox 1563 5532 1730 5609; x_wconf 61' lang='grc' dir='ltr'>ὅπερΔ</span> <span class='ocrx_word' id='word_1_622' title='bbox 1765 5534 1937 5604; x_wconf 81' lang='grc' dir='ltr'>έαυτῷ</span> 
     </span>
    </p>
   </div>
   <div class='ocr_carea' id='block_1_85' title="bbox 280 5605 1935 5676">
    <p class='ocr_par' dir='ltr' id='par_1_85' title="bbox 280 5605 1935 5676">
     <span class='ocr_line' id='line_1_86' title="bbox 280 5605 1935 5676; baseline 0 -14"><span class='ocrx_word' id='word_1_623' title='bbox 280 5629 366 5669; x_wconf 82' lang='grc' dir='ltr'>τις</span> <span class='ocrx_word' id='word_1_624' title='bbox 408 5605 712 5662; x_wconf 70' lang='grc' dir='ltr'>’ἐπισπᾶται</span> <span class='ocrx_word' id='word_1_625' title='bbox 770 5605 954 5676; x_wconf 35' lang='grc' dir='ltr'>κακόν)</span> <span class='ocrx_word' id='word_1_626' title='bbox 1018 5605 1417 5676; x_wconf 85' lang='lat' dir='ltr'>Metaphoram</span> <span class='ocrx_word' id='word_1_627' title='bbox 1476 5605 1935 5662; x_wconf 32' lang='lat' dir='ltr'>aiunt‘ductam</span> 
     </span>
    </p>
   </div>
   <div class='ocr_carea' id='block_1_86' title="bbox 281 5675 1933 5753">
    <p class='ocr_par' dir='ltr' id='par_1_86' title="bbox 281 5675 1933 5753">
     <span class='ocr_line' id='line_1_87' title="bbox 281 5675 1933 5753; baseline -0.001 -21"><span class='ocrx_word' id='word_1_628' title='bbox 281 5680 406 5753; x_wconf 54' lang='lat' dir='ltr'>diro</span> <span class='ocrx_word' id='word_1_629' title='bbox 446 5683 563 5753; x_wconf 64' lang='grc' dir='ltr'>τῶν⁸</span> <span class='ocrx_word' id='word_1_630' title='bbox 622 5677 850 5753; x_wconf 85' lang='grc' dir='ltr'>ὀροίθων</span> <span class='ocrx_word' id='word_1_631' title='bbox 935 5675 1365 5748; x_wconf 71' lang='grc' dir='ltr'>δελεαζομένων,</span> <span class='ocrx_word' id='word_1_632' title='bbox 1427 5678 1513 5731; x_wconf 76' lang='grc' dir='ltr'>καὶ</span> <span class='ocrx_word' id='word_1_633' title='bbox 1578 5677 1790 5740; x_wconf 68' lang='grc' dir='ltr'>ἑαυτοῖς</span> <span class='ocrx_word' id='word_1_634' title='bbox 1844 5677 1933 5731; x_wconf 89' lang='grc' dir='ltr'>τὸν</span> 
     </span>
    </p>
   </div>
   <div class='ocr_carea' id='block_1_87' title="bbox 283 5750 966 5826">
    <p class='ocr_par' dir='ltr' id='par_1_87' title="bbox 283 5750 966 5826">
     <span class='ocr_line' id='line_1_88' title="bbox 283 5750 966 5826; baseline -0.004 -19"><span class='ocrx_word' id='word_1_635' title='bbox 283 5751 516 5826; x_wconf 78' lang='grc' dir='ltr'>ὀλεθρον</span> <span class='ocrx_word' id='word_1_636' title='bbox 547 5750 935 5823; x_wconf 80' lang='grc' dir='ltr'>ἐπισπωμένπν</span> <span class='ocrx_word' id='word_1_637' title='bbox 953 5791 966 5809; x_wconf 92' lang='grc'><strong>.</strong></span> 
     </span>
    </p>
   </div>
   <div class='ocr_carea' id='block_1_88' title="bbox 1357 5105 1930 5177">
    <p class='ocr_par' dir='ltr' id='par_1_88' title="bbox 1357 5105 1930 5177">
     <span class='ocr_line' id='line_1_89' title="bbox 1357 5105 1930 5177; baseline 0.003 -19"><span class='ocrx_word' id='word_1_638' title='bbox 1357 5105 1593 5160; x_wconf 88' lang='lat' dir='ltr'>Phrasis</span> <span class='ocrx_word' id='word_1_639' title='bbox 1679 5106 1930 5177; x_wconf 88' lang='lat' dir='ltr'>poetica.</span> 
     </span>
    </p>
   </div>
   <div class='ocr_carea' id='block_1_89' title="bbox 1735 4827 2238 4897">
    <p class='ocr_par' dir='ltr' id='par_1_89' title="bbox 1735 4827 2238 4897">
     <span class='ocr_line' id='line_1_90' title="bbox 1735 4827 2238 4897; baseline 0.006 -17"><span class='ocrx_word' id='word_1_640' title='bbox 1735 4827 1814 4897; x_wconf 88' lang='lat' dir='ltr'>(a)</span> <span class='ocrx_word' id='word_1_641' title='bbox 1847 4827 2032 4883; x_wconf 86' lang='lat' dir='ltr'>Galat.</span> <span class='ocrx_word' id='word_1_642' title='bbox 2065 4846 2116 4895; x_wconf 83' lang='grc' dir='ltr'>ν,</span> <span class='ocrx_word' id='word_1_643' title='bbox 2152 4829 2238 4884; x_wconf 91' lang='grc'><strong>13.</strong></span> 
     </span>
    </p>
   </div>
   <div class='ocr_carea' id='block_1_90' title="bbox 2054 3109 3702 3184">
    <p class='ocr_par' dir='ltr' id='par_1_90' title="bbox 2054 3109 3702 3184">
     <span class='ocr_line' id='line_1_91' title="bbox 2054 3109 3702 3184; baseline -0.003 -17"><span class='ocrx_word' id='word_1_644' title='bbox 2054 3119 2286 3173; x_wconf 89' lang='lat' dir='ltr'>nentes,</span> <span class='ocrx_word' id='word_1_645' title='bbox 2318 3112 2484 3183; x_wconf 90' lang='lat' dir='ltr'>sequi</span> <span class='ocrx_word' id='word_1_646' title='bbox 2517 3129 2633 3182; x_wconf 92' lang='lat' dir='ltr'>quo</span> <span class='ocrx_word' id='word_1_647' title='bbox 2655 3112 2818 3184; x_wconf 89' lang='lat' dir='ltr'>logos</span> <span class='ocrx_word' id='word_1_648' title='bbox 2851 3112 3051 3177; x_wconf 87' lang='lat' dir='ltr'>ducit;</span> <span class='ocrx_word' id='word_1_649' title='bbox 3074 3113 3234 3182; x_wconf 86' lang='lat' dir='ltr'>quia,</span> <span class='ocrx_word' id='word_1_650' title='bbox 3258 3112 3304 3166; x_wconf 89' lang='lat' dir='ltr'>si</span> <span class='ocrx_word' id='word_1_651' title='bbox 3337 3111 3408 3166; x_wconf 88' lang='lat' dir='ltr'>ab</span> <span class='ocrx_word' id='word_1_652' title='bbox 3430 3127 3498 3165; x_wconf 89' lang='lat' dir='ltr'>eo</span> <span class='ocrx_word' id='word_1_653' title='bbox 3529 3109 3702 3165; x_wconf 87' lang='lat' dir='ltr'>aber-</span> 
     </span>
    </p>
   </div>
   <div class='ocr_carea' id='block_1_91' title="bbox 2055 3202 3701 3269">
    <p class='ocr_par' dir='ltr' id='par_1_91' title="bbox 2055 3202 3701 3269">
     <span class='ocr_line' id='line_1_92' title="bbox 2055 3202 3701 3269; baseline -0.002 -11"><span class='ocrx_word' id='word_1_654' title='bbox 2055 3203 2404 3269; x_wconf 86' lang='lat' dir='ltr'>raverimus,</span> <span class='ocrx_word' id='word_1_655' title='bbox 2423 3204 2481 3257; x_wconf 92' lang='lat' dir='ltr'>in</span> <span class='ocrx_word' id='word_1_656' title='bbox 2507 3202 2729 3258; x_wconf 88' lang='lat' dir='ltr'>malum</span> <span class='ocrx_word' id='word_1_657' title='bbox 2750 3203 3086 3258; x_wconf 87' lang='lat' dir='ltr'>immortale</span> <span class='ocrx_word' id='word_1_658' title='bbox 3102 3203 3437 3258; x_wconf 86' lang='lat' dir='ltr'>incidamus</span> <span class='ocrx_word' id='word_1_659' title='bbox 3459 3218 3701 3256; x_wconf 86' lang='lat' dir='ltr'>necesse</span> 
     </span>
    </p>
   </div>
   <div class='ocr_carea' id='block_1_92' title="bbox 2055 3291 3701 3364">
    <p class='ocr_par' dir='ltr' id='par_1_92' title="bbox 2055 3291 3701 3364">
     <span class='ocr_line' id='line_1_93' title="bbox 2055 3291 3701 3364; baseline -0.001 -16"><span class='ocrx_word' id='word_1_660' title='bbox 2055 3299 2146 3349; x_wconf 85' lang='lat' dir='ltr'>est</span> <span class='ocrx_word' id='word_1_661' title='bbox 2172 3311 2186 3358; x_wconf 89' lang='lat'><strong>;</strong></span> <span class='ocrx_word' id='word_1_662' title='bbox 2219 3292 2266 3346; x_wconf 91' lang='lat' dir='ltr'>si</span> <span class='ocrx_word' id='word_1_663' title='bbox 2299 3292 2558 3347; x_wconf 90' lang='lat' dir='ltr'>divinam</span> <span class='ocrx_word' id='word_1_664' title='bbox 2577 3299 2776 3348; x_wconf 88' lang='lat' dir='ltr'>autem</span> <span class='ocrx_word' id='word_1_665' title='bbox 2795 3294 3160 3364; x_wconf 91' lang='lat' dir='ltr'>Scripturam</span> <span class='ocrx_word' id='word_1_666' title='bbox 3183 3293 3365 3349; x_wconf 84' lang='lat' dir='ltr'>secuti</span> <span class='ocrx_word' id='word_1_667' title='bbox 3390 3291 3701 3357; x_wconf 83' lang='lat' dir='ltr'>fuerimus,</span> 
     </span>
    </p>
   </div>
   <div class='ocr_carea' id='block_1_93' title="bbox 2057 3382 3704 3454">
    <p class='ocr_par' dir='ltr' id='par_1_93' title="bbox 2057 3382 3704 3454">
     <span class='ocr_line' id='line_1_94' title="bbox 2057 3382 3704 3454; baseline 0.001 -19"><span class='ocrx_word' id='word_1_668' title='bbox 2057 3398 2162 3454; x_wconf 89' lang='lat' dir='ltr'>per</span> <span class='ocrx_word' id='word_1_669' title='bbox 2193 3397 2369 3452; x_wconf 87' lang='lat' dir='ltr'>quam</span> <span class='ocrx_word' id='word_1_670' title='bbox 2403 3382 2838 3452; x_wconf 86' lang='lat' dir='ltr'>ingrediuntur,</span> <span class='ocrx_word' id='word_1_671' title='bbox 2866 3383 2965 3453; x_wconf 89' lang='lat' dir='ltr'>qui</span> <span class='ocrx_word' id='word_1_672' title='bbox 2986 3383 3389 3445; x_wconf 89' lang='lat' dir='ltr'>crediderunt,</span> <span class='ocrx_word' id='word_1_673' title='bbox 3415 3389 3479 3436; x_wconf 91' lang='lat' dir='ltr'>ut</span> <span class='ocrx_word' id='word_1_674' title='bbox 3501 3382 3704 3436; x_wconf 90' lang='lat' dir='ltr'>Domi-</span> 
     </span>
    </p>
   </div>
   <div class='ocr_carea' id='block_1_94' title="bbox 2057 3471 3702 3542">
    <p class='ocr_par' dir='ltr' id='par_1_94' title="bbox 2057 3471 3702 3542">
     <span class='ocr_line' id='line_1_95' title="bbox 2057 3471 3702 3542; baseline -0.001 -16"><span class='ocrx_word' id='word_1_675' title='bbox 2057 3487 2154 3538; x_wconf 93' lang='lat' dir='ltr'>no,</span> <span class='ocrx_word' id='word_1_676' title='bbox 2189 3471 2383 3542; x_wconf 90' lang='lat' dir='ltr'>quoad</span> <span class='ocrx_word' id='word_1_677' title='bbox 2417 3471 2541 3526; x_wconf 82' lang='lat' dir='ltr'>ﬁeri</span> <span class='ocrx_word' id='word_1_678' title='bbox 2568 3477 2781 3542; x_wconf 88' lang='lat' dir='ltr'>potest.</span> <span class='ocrx_word' id='word_1_679' title='bbox 2805 3472 3232 3538; x_wconf 90' lang='lat' dir='ltr'>assimilentur,</span> <span class='ocrx_word' id='word_1_680' title='bbox 3258 3488 3377 3526; x_wconf 90' lang='lat' dir='ltr'>non</span> <span class='ocrx_word' id='word_1_681' title='bbox 3407 3477 3494 3525; x_wconf 82' lang='lat' dir='ltr'>est</span> <span class='ocrx_word' id='word_1_682' title='bbox 3513 3471 3702 3525; x_wconf 84' lang='lat' dir='ltr'>viven-</span> 
     </span>
    </p>
   </div>
   <div class='ocr_carea' id='block_1_95' title="bbox 2056 3559 3701 3632">
    <p class='ocr_par' dir='ltr' id='par_1_95' title="bbox 2056 3559 3701 3632">
     <span class='ocr_line' id='line_1_96' title="bbox 2056 3559 3701 3632; baseline -0.001 -17"><span class='ocrx_word' id='word_1_683' title='bbox 2056 3560 2198 3615; x_wconf 89' lang='lat' dir='ltr'>dum</span> <span class='ocrx_word' id='word_1_684' title='bbox 2231 3560 2661 3627; x_wconf 70' lang='lat' dir='ltr'>indifferenter,</span> <span class='ocrx_word' id='word_1_685' title='bbox 2699 3561 2801 3615; x_wconf 90' lang='lat' dir='ltr'>sed</span> <span class='ocrx_word' id='word_1_686' title='bbox 2849 3578 2954 3632; x_wconf 90' lang='lat' dir='ltr'>pro</span> <span class='ocrx_word' id='word_1_687' title='bbox 3003 3562 3223 3616; x_wconf 78' lang='lat' dir='ltr'>viribus</span> <span class='ocrx_word' id='word_1_688' title='bbox 3268 3559 3523 3615; x_wconf 90' lang='lat' dir='ltr'>mundos</span> <span class='ocrx_word' id='word_1_689' title='bbox 3572 3576 3701 3615; x_wconf 90' lang='lat' dir='ltr'>esse</span> 
     </span>
    </p>
   </div>
   <div class='ocr_carea' id='block_1_96' title="bbox 2057 3649 3706 3722">
    <p class='ocr_par' dir='ltr' id='par_1_96' title="bbox 2057 3649 3706 3722">
     <span class='ocr_line' id='line_1_97' title="bbox 2057 3649 3706 3722; baseline 0.001 -19"><span class='ocrx_word' id='word_1_690' title='bbox 2057 3655 2291 3720; x_wconf 88' lang='lat' dir='ltr'>oportet</span> <span class='ocrx_word' id='word_1_691' title='bbox 2315 3666 2348 3703; x_wconf 93' lang='lat' dir='ltr'>a</span> <span class='ocrx_word' id='word_1_692' title='bbox 2370 3649 2769 3720; x_wconf 86' lang='lat' dir='ltr'>voluptatibus</span> <span class='ocrx_word' id='word_1_693' title='bbox 2786 3657 2845 3704; x_wconf 88' lang='lat' dir='ltr'>et</span> <span class='ocrx_word' id='word_1_694' title='bbox 2865 3650 3308 3722; x_wconf 86' lang='lat' dir='ltr'>cupiditatibus,</span> <span class='ocrx_word' id='word_1_695' title='bbox 3334 3665 3594 3720; x_wconf 87' lang='lat' dir='ltr'>curaque</span> <span class='ocrx_word' id='word_1_696' title='bbox 3615 3654 3706 3704; x_wconf 90' lang='lat' dir='ltr'>est</span> 
     </span>
    </p>
   </div>
   <div class='ocr_carea' id='block_1_97' title="bbox 2054 3737 3706 3811">
    <p class='ocr_par' dir='ltr' id='par_1_97' title="bbox 2054 3737 3706 3811">
     <span class='ocr_line' id='line_1_98' title="bbox 2054 3737 3706 3811; baseline 0 -17"><span class='ocrx_word' id='word_1_697' title='bbox 2054 3737 2315 3811; x_wconf 80' lang='lat' dir='ltr'>gerenda</span> <span class='ocrx_word' id='word_1_698' title='bbox 2345 3738 2584 3804; x_wconf 66' lang='lat' dir='ltr'>anima},</span> <span class='ocrx_word' id='word_1_699' title='bbox 2615 3756 2732 3809; x_wconf 91' lang='lat' dir='ltr'>qua</span> <span class='ocrx_word' id='word_1_700' title='bbox 2770 3740 2928 3811; x_wconf 91' lang='lat' dir='ltr'>apud</span> <span class='ocrx_word' id='word_1_701' title='bbox 2973 3740 3165 3795; x_wconf 90' lang='lat' dir='ltr'>solum</span> <span class='ocrx_word' id='word_1_702' title='bbox 3216 3741 3398 3794; x_wconf 91' lang='lat' dir='ltr'>Deum</span> <span class='ocrx_word' id='word_1_703' title='bbox 3434 3755 3706 3811; x_wconf 89' lang='lat' dir='ltr'>perseve-</span> 
     </span>
    </p>
   </div>
   <div class='ocr_carea' id='block_1_98' title="bbox 2055 3826 3704 3899">
    <p class='ocr_par' dir='ltr' id='par_1_98' title="bbox 2055 3826 3704 3899">
     <span class='ocr_line' id='line_1_99' title="bbox 2055 3826 3704 3899; baseline 0.001 -19"><span class='ocrx_word' id='word_1_704' title='bbox 2055 3826 2307 3881; x_wconf 90' lang='lat' dir='ltr'>randum</span> <span class='ocrx_word' id='word_1_705' title='bbox 2355 3831 2462 3881; x_wconf 91' lang='lat' dir='ltr'>est.</span> <span class='ocrx_word' id='word_1_706' title='bbox 2516 3829 2675 3883; x_wconf 85' lang='lat' dir='ltr'>Mens</span> <span class='ocrx_word' id='word_1_707' title='bbox 2728 3828 2907 3893; x_wconf 90' lang='lat' dir='ltr'>enim,</span> <span class='ocrx_word' id='word_1_708' title='bbox 2960 3845 3092 3899; x_wconf 64' lang='lat' dir='ltr'>quas</span> <span class='ocrx_word' id='word_1_709' title='bbox 3142 3833 3232 3883; x_wconf 90' lang='lat' dir='ltr'>est</span> <span class='ocrx_word' id='word_1_710' title='bbox 3279 3828 3502 3883; x_wconf 90' lang='lat' dir='ltr'>munda</span> <span class='ocrx_word' id='word_1_711' title='bbox 3545 3833 3603 3881; x_wconf 90' lang='lat' dir='ltr'>et</span> <span class='ocrx_word' id='word_1_712' title='bbox 3631 3827 3704 3882; x_wconf 92' lang='lat' dir='ltr'>ab</span> 
     </span>
    </p>
   </div>
   <div class='ocr_carea' id='block_1_99' title="bbox 2055 3915 3704 3988">
    <p class='ocr_par' dir='ltr' id='par_1_99' title="bbox 2055 3915 3704 3988">
     <span class='ocr_line' id='line_1_100' title="bbox 2055 3915 3704 3988; baseline 0.001 -18"><span class='ocrx_word' id='word_1_713' title='bbox 2055 3915 2216 3970; x_wconf 91' lang='lat' dir='ltr'>omni</span> <span class='ocrx_word' id='word_1_714' title='bbox 2241 3915 2604 3977; x_wconf 89' lang='lat' dir='ltr'>vitiolibera.</span> <span class='ocrx_word' id='word_1_715' title='bbox 2626 3922 2716 3970; x_wconf 90' lang='lat' dir='ltr'>est</span> <span class='ocrx_word' id='word_1_716' title='bbox 2733 3917 3171 3986; x_wconf 89' lang='lat' dir='ltr'>quodammodo</span> <span class='ocrx_word' id='word_1_717' title='bbox 3188 3922 3324 3988; x_wconf 85' lang='lat' dir='ltr'>apta</span> <span class='ocrx_word' id='word_1_718' title='bbox 3345 3916 3418 3971; x_wconf 87' lang='lat' dir='ltr'>ad</span> <span class='ocrx_word' id='word_1_719' title='bbox 3442 3920 3704 3987; x_wconf 87' lang='lat' dir='ltr'>potesta-</span> 
     </span>
    </p>
   </div>
   <div class='ocr_carea' id='block_1_100' title="bbox 2057 4002 3706 4075">
    <p class='ocr_par' dir='ltr' id='par_1_100' title="bbox 2057 4002 3706 4075">
     <span class='ocr_line' id='line_1_101' title="bbox 2057 4002 3706 4075; baseline 0.001 -19"><span class='ocrx_word' id='word_1_720' title='bbox 2057 4007 2173 4057; x_wconf 90' lang='lat' dir='ltr'>tem</span> <span class='ocrx_word' id='word_1_721' title='bbox 2207 4003 2309 4056; x_wconf 91' lang='lat' dir='ltr'>Dei</span> <span class='ocrx_word' id='word_1_722' title='bbox 2340 4002 2804 4074; x_wconf 74' lang='lat' dir='ltr'>suscnpiendam,</span> <span class='ocrx_word' id='word_1_723' title='bbox 2839 4021 2973 4060; x_wconf 89' lang='lat' dir='ltr'>cum</span> <span class='ocrx_word' id='word_1_724' title='bbox 3007 4005 3205 4059; x_wconf 90' lang='lat' dir='ltr'>divina</span> <span class='ocrx_word' id='word_1_725' title='bbox 3235 4004 3295 4059; x_wconf 93' lang='lat' dir='ltr'>in</span> <span class='ocrx_word' id='word_1_726' title='bbox 3335 4022 3404 4059; x_wconf 93' lang='lat' dir='ltr'>ea</span> <span class='ocrx_word' id='word_1_727' title='bbox 3435 4007 3706 4075; x_wconf 87' lang='lat' dir='ltr'>assurgat</span> 
     </span>
    </p>
   </div>
   <div class='ocr_carea' id='block_1_101' title="bbox 2053 4090 3700 4163">
    <p class='ocr_par' dir='ltr' id='par_1_101' title="bbox 2053 4090 3700 4163">
     <span class='ocr_line' id='line_1_102' title="bbox 2053 4090 3700 4163; baseline 0.001 -20"><span class='ocrx_word' id='word_1_728' title='bbox 2053 4090 2284 4162; x_wconf 88' lang='lat' dir='ltr'>imago:</span> <span class='ocrx_word' id='word_1_729' title='bbox 2323 4112 2349 4139; x_wconf 89' lang='grc'><strong>‹‹</strong></span> <span class='ocrx_word' id='word_1_730' title='bbox 2385 4092 2454 4144; x_wconf 86' lang='grc' dir='ltr'>Ει</span> <span class='ocrx_word' id='word_1_731' title='bbox 2510 4091 2852 4162; x_wconf 88' lang='lat' dir='ltr'>quicunque</span> <span class='ocrx_word' id='word_1_732' title='bbox 2904 4092 3082 4148; x_wconf 89' lang='lat' dir='ltr'>habet</span> <span class='ocrx_word' id='word_1_733' title='bbox 3112 4093 3264 4148; x_wconf 90' lang='lat' dir='ltr'>hanc</span> <span class='ocrx_word' id='word_1_734' title='bbox 3295 4109 3458 4163; x_wconf 90' lang='lat' dir='ltr'>spem</span> <span class='ocrx_word' id='word_1_735' title='bbox 3493 4092 3552 4145; x_wconf 91' lang='lat' dir='ltr'>in</span> <span class='ocrx_word' id='word_1_736' title='bbox 3587 4092 3700 4145; x_wconf 88' lang='lat' dir='ltr'>Do-</span> 
     </span>
    </p>
   </div>
   <div class='ocr_carea' id='block_1_102' title="bbox 2053 4179 3700 4252">
    <p class='ocr_par' dir='ltr' id='par_1_102' title="bbox 2053 4179 3700 4252">
     <span class='ocr_line' id='line_1_103' title="bbox 2053 4179 3700 4252; baseline -0.001 -18"><span class='ocrx_word' id='word_1_737' title='bbox 2053 4179 2238 4246; x_wconf 88' lang='lat' dir='ltr'>mino,</span> <span class='ocrx_word' id='word_1_738' title='bbox 2273 4179 2558 4250; x_wconf 89' lang='lat' dir='ltr'>seipsum,</span> <span class='ocrx_word' id='word_1_739' title='bbox 2609 4203 2636 4230; x_wconf 88' lang='grc'>‹‹</span> <span class='ocrx_word' id='word_1_740' title='bbox 2685 4181 2900 4252; x_wconf 88' lang='lat' dir='ltr'>inquit,</span> <span class='ocrx_word' id='word_1_741' title='bbox 2938 4205 2965 4231; x_wconf 86' lang='lat'>«</span> <span class='ocrx_word' id='word_1_742' title='bbox 3019 4182 3307 4237; x_wconf 90' lang='lat' dir='ltr'>mundum</span> <span class='ocrx_word' id='word_1_743' title='bbox 3352 4187 3700 4249; x_wconf 85' lang='lat' dir='ltr'>castumque</span> 
     </span>
    </p>
   </div>
   <div class='ocr_carea' id='block_1_103' title="bbox 2052 4268 3699 4341">
    <p class='ocr_par' dir='ltr' id='par_1_103' title="bbox 2052 4268 3699 4341">
     <span class='ocr_line' id='line_1_104' title="bbox 2052 4268 3699 4341; baseline -0.002 -18"><span class='ocrx_word' id='word_1_744' title='bbox 2052 4269 2212 4336; x_wconf 85' lang='lat' dir='ltr'>facit,</span> <span class='ocrx_word' id='word_1_745' title='bbox 2247 4278 2542 4340; x_wconf 88' lang='lat' dir='ltr'>quatenus</span> <span class='ocrx_word' id='word_1_746' title='bbox 2571 4270 2669 4324; x_wconf 90' lang='lat' dir='ltr'>ille</span> <span class='ocrx_word' id='word_1_747' title='bbox 2703 4277 2793 4325; x_wconf 90' lang='lat' dir='ltr'>est</span> <span class='ocrx_word' id='word_1_748' title='bbox 2813 4279 3009 4325; x_wconf 89' lang='lat' dir='ltr'>castus</span> <span class='ocrx_word' id='word_1_749' title='bbox 3031 4273 3128 4341; x_wconf 79' lang='grc' dir='ltr'>(ὁ).</span> <span class='ocrx_word' id='word_1_750' title='bbox 3157 4273 3226 4325; x_wconf 91' lang='lat' dir='ltr'>Ut</span> <span class='ocrx_word' id='word_1_751' title='bbox 3247 4272 3284 4324; x_wconf 91' lang='lat' dir='ltr'>ii</span> <span class='ocrx_word' id='word_1_752' title='bbox 3309 4276 3505 4324; x_wconf 87' lang='lat' dir='ltr'>autem</span> <span class='ocrx_word' id='word_1_753' title='bbox 3537 4268 3699 4320; x_wconf 91' lang='lat' dir='ltr'>acci-</span> 
     </span>
    </p>
   </div>
   <div class='ocr_carea' id='block_1_104' title="bbox 2054 4355 3704 4432">
    <p class='ocr_par' dir='ltr' id='par_1_104' title="bbox 2054 4355 3704 4432">
     <span class='ocr_line' id='line_1_105' title="bbox 2054 4355 3704 4432; baseline -0.002 -20"><span class='ocrx_word' id='word_1_754' title='bbox 2054 4359 2344 4430; x_wconf 79' lang='lat' dir='ltr'>piant&#39;Dei</span> <span class='ocrx_word' id='word_1_755' title='bbox 2366 4361 2787 4432; x_wconf 89' lang='lat' dir='ltr'>cognitionem,</span> <span class='ocrx_word' id='word_1_756' title='bbox 2817 4361 2916 4431; x_wconf 92' lang='lat' dir='ltr'>qui</span> <span class='ocrx_word' id='word_1_757' title='bbox 2936 4360 3132 4415; x_wconf 84' lang='lat' dir='ltr'>adhuc</span> <span class='ocrx_word' id='word_1_758' title='bbox 3152 4359 3448 4412; x_wconf 89' lang='lat' dir='ltr'>ducuntur</span> <span class='ocrx_word' id='word_1_759' title='bbox 3467 4355 3539 4410; x_wconf 89' lang='lat' dir='ltr'>ab</span> <span class='ocrx_word' id='word_1_760' title='bbox 3558 4357 3704 4410; x_wconf 81' lang='lat' dir='ltr'>aﬂ&#39;e-</span> 
     </span>
    </p>
   </div>
   <div class='ocr_carea' id='block_1_105' title="bbox 2055 4445 3700 4520">
    <p class='ocr_par' dir='ltr' id='par_1_105' title="bbox 2055 4445 3700 4520">
     <span class='ocr_line' id='line_1_106' title="bbox 2055 4445 3700 4520; baseline -0.003 -17"><span class='ocrx_word' id='word_1_761' title='bbox 2055 4447 2268 4511; x_wconf 91' lang='lat' dir='ltr'>ctibus,</span> <span class='ocrx_word' id='word_1_762' title='bbox 2295 4449 2539 4502; x_wconf 89' lang='lat' dir='ltr'>minime</span> <span class='ocrx_word' id='word_1_763' title='bbox 2563 4454 2756 4520; x_wconf 90' lang='lat' dir='ltr'>potest</span> <span class='ocrx_word' id='word_1_764' title='bbox 2774 4449 2898 4502; x_wconf 85' lang='lat' dir='ltr'>ﬁeri</span> <span class='ocrx_word' id='word_1_765' title='bbox 2924 4465 2936 4502; x_wconf 85' lang='lat'><strong>:</strong></span> <span class='ocrx_word' id='word_1_766' title='bbox 2961 4465 3096 4514; x_wconf 75' lang='lat' dir='ltr'>ergo</span> <span class='ocrx_word' id='word_1_767' title='bbox 3119 4464 3227 4501; x_wconf 91' lang='lat' dir='ltr'>nec</span> <span class='ocrx_word' id='word_1_768' title='bbox 3253 4452 3317 4500; x_wconf 92' lang='lat' dir='ltr'>ut</span> <span class='ocrx_word' id='word_1_769' title='bbox 3337 4445 3517 4500; x_wconf 80' lang='lat' dir='ltr'>tinem</span> <span class='ocrx_word' id='word_1_770' title='bbox 3539 4461 3700 4499; x_wconf 88' lang='lat' dir='ltr'>asse-</span> 
     </span>
    </p>
   </div>
   <div class='ocr_carea' id='block_1_106' title="bbox 2054 4534 3703 4607">
    <p class='ocr_par' dir='ltr' id='par_1_106' title="bbox 2054 4534 3703 4607">
     <span class='ocr_line' id='line_1_107' title="bbox 2054 4534 3703 4607; baseline -0.002 -18"><span class='ocrx_word' id='word_1_771' title='bbox 2054 4543 2333 4607; x_wconf 87' lang='lat' dir='ltr'>quantur,</span> <span class='ocrx_word' id='word_1_772' title='bbox 2369 4555 2502 4592; x_wconf 91' lang='lat' dir='ltr'>cum</span> <span class='ocrx_word' id='word_1_773' title='bbox 2535 4537 2758 4591; x_wconf 88' lang='lat' dir='ltr'>nullam</span> <span class='ocrx_word' id='word_1_774' title='bbox 2783 4537 3043 4592; x_wconf 87' lang='lat' dir='ltr'>habeant</span> <span class='ocrx_word' id='word_1_775' title='bbox 3064 4536 3163 4590; x_wconf 92' lang='lat' dir='ltr'>Dei</span> <span class='ocrx_word' id='word_1_776' title='bbox 3191 4534 3612 4604; x_wconf 83' lang='lat' dir='ltr'>cognitionem.</span> <span class='ocrx_word' id='word_1_777' title='bbox 3633 4535 3703 4587; x_wconf 90' lang='lat' dir='ltr'>Et</span> 
     </span>
    </p>
   </div>
   <div class='ocr_carea' id='block_1_107' title="bbox 2052 4624 3700 4695">
    <p class='ocr_par' dir='ltr' id='par_1_107' title="bbox 2052 4624 3700 4695">
     <span class='ocr_line' id='line_1_108' title="bbox 2052 4624 3700 4695; baseline -0.001 -16"><span class='ocrx_word' id='word_1_778' title='bbox 2052 4641 2186 4679; x_wconf 89' lang='lat' dir='ltr'>eum</span> <span class='ocrx_word' id='word_1_779' title='bbox 2205 4624 2441 4694; x_wconf 90' lang='lat' dir='ltr'>quidem</span> <span class='ocrx_word' id='word_1_780' title='bbox 2455 4625 2575 4694; x_wconf 89' lang='lat' dir='ltr'>,qui</span> <span class='ocrx_word' id='word_1_781' title='bbox 2591 4625 2746 4679; x_wconf 86' lang='lat' dir='ltr'>hunc</span> <span class='ocrx_word' id='word_1_782' title='bbox 2761 4625 2940 4680; x_wconf 83' lang='lat' dir='ltr'>ﬁnem</span> <span class='ocrx_word' id='word_1_783' title='bbox 2956 4641 3074 4680; x_wconf 92' lang='lat' dir='ltr'>non</span> <span class='ocrx_word' id='word_1_784' title='bbox 3088 4624 3700 4695; x_wconf 85' lang='lat' dir='ltr'>assequitur,accusa—</span> 
     </span>
    </p>
   </div>
   <div class='ocr_carea' id='block_1_108' title="bbox 2048 4711 3697 4786">
    <p class='ocr_par' dir='ltr' id='par_1_108' title="bbox 2048 4711 3697 4786">
     <span class='ocr_line' id='line_1_109' title="bbox 2048 4711 3697 4786; baseline 0 -21"><span class='ocrx_word' id='word_1_785' title='bbox 2048 4729 2110 4766; x_wconf 91' lang='lat' dir='ltr'>re</span> <span class='ocrx_word' id='word_1_786' title='bbox 2126 4713 2353 4767; x_wconf 91' lang='lat' dir='ltr'>videtur</span> <span class='ocrx_word' id='word_1_787' title='bbox 2367 4714 2466 4767; x_wconf 90' lang='lat' dir='ltr'>Dei</span> <span class='ocrx_word' id='word_1_788' title='bbox 2483 4714 2865 4784; x_wconf 87' lang='lat' dir='ltr'>ignoratio;ut</span> <span class='ocrx_word' id='word_1_789' title='bbox 2879 4715 3030 4768; x_wconf 90' lang='lat' dir='ltr'>Deus</span> <span class='ocrx_word' id='word_1_790' title='bbox 3043 4720 3241 4768; x_wconf 90' lang='lat' dir='ltr'>autem</span> <span class='ocrx_word' id='word_1_791' title='bbox 3257 4713 3560 4786; x_wconf 87' lang='lat' dir='ltr'>ignoretur</span> <span class='ocrx_word' id='word_1_792' title='bbox 3573 4711 3697 4765; x_wconf 85' lang='lat' dir='ltr'>elﬁ-</span> 
     </span>
    </p>
   </div>
   <div class='ocr_carea' id='block_1_109' title="bbox 2317 4829 2835 4899">
    <p class='ocr_par' dir='ltr' id='par_1_109' title="bbox 2317 4829 2835 4899">
     <span class='ocr_line' id='line_1_110' title="bbox 2317 4829 2835 4899; baseline 0.006 -17"><span class='ocrx_word' id='word_1_793' title='bbox 2317 4829 2389 4899; x_wconf 88' lang='lat' dir='ltr'>(b)</span> <span class='ocrx_word' id='word_1_794' title='bbox 2421 4831 2443 4882; x_wconf 87' lang='grc' dir='ltr'>Ι</span> <span class='ocrx_word' id='word_1_795' title='bbox 2471 4830 2636 4884; x_wconf 84' lang='lat' dir='ltr'>Joan.</span> <span class='ocrx_word' id='word_1_796' title='bbox 2673 4847 2750 4897; x_wconf 87' lang='grc' dir='ltr'>ιιι,</span> <span class='ocrx_word' id='word_1_797' title='bbox 2784 4832 2835 4886; x_wconf 89' lang='lat'>3.</span> 
     </span>
    </p>
   </div>
   <div class='ocr_carea' id='block_1_110' title="bbox 2119 4962 3699 5036">
    <p class='ocr_par' dir='ltr' id='par_1_110' title="bbox 2119 4962 3699 5036">
     <span class='ocr_line' id='line_1_111' title="bbox 2119 4962 3699 5036; baseline 0.005 -19"><span class='ocrx_word' id='word_1_798' title='bbox 2119 4967 2228 5033; x_wconf 85' lang='lat'>(26)</span> <span class='ocrx_word' id='word_1_799' title='bbox 2287 4962 2566 5034; x_wconf 59' lang='grc' dir='ltr'>Ἀθανάτῳ</span> <span class='ocrx_word' id='word_1_800' title='bbox 2647 4969 2814 5036; x_wconf 82' lang='grc' dir='ltr'>κακῷ.</span> <span class='ocrx_word' id='word_1_801' title='bbox 2903 4967 3140 5022; x_wconf 87' lang='lat' dir='ltr'>Phrasis</span> <span class='ocrx_word' id='word_1_802' title='bbox 3225 4968 3553 5033; x_wconf 87' lang='lat' dir='ltr'>Homerica,</span> <span class='ocrx_word' id='word_1_803' title='bbox 3627 4986 3699 5025; x_wconf 84' lang='lat' dir='ltr'>ex</span> 
     </span>
    </p>
   </div>
   <div class='ocr_carea' id='block_1_111' title="bbox 2046 5035 3702 5178">
    <p class='ocr_par' dir='ltr' id='par_1_111' title="bbox 2046 5035 3702 5178">
     <span class='ocr_line' id='line_1_112' title="bbox 2046 5035 3702 5178; baseline 0.004 -88"><span class='ocrx_word' id='word_1_804' title='bbox 2046 5035 2232 5178; x_wconf 55' lang='grc' dir='ltr'>ἓάἕῗὲ.</span> <span class='ocrx_word' id='word_1_805' title='bbox 2292 5038 2359 5102; x_wconf 83' lang='grc' dir='ltr'>Μ,</span> <span class='ocrx_word' id='word_1_806' title='bbox 2419 5053 2567 5091; x_wconf 89' lang='lat' dir='ltr'>vers.</span> <span class='ocrx_word' id='word_1_807' title='bbox 2631 5039 2716 5104; x_wconf 79' lang='lat' dir='ltr'>l8,</span> <span class='ocrx_word' id='word_1_808' title='bbox 2772 5035 2877 5093; x_wconf 89' lang='lat' dir='ltr'>ubi</span> <span class='ocrx_word' id='word_1_809' title='bbox 2933 5038 3005 5093; x_wconf 89' lang='lat' dir='ltr'>de</span> <span class='ocrx_word' id='word_1_810' title='bbox 3065 5039 3359 5111; x_wconf 81' lang='lat' dir='ltr'>Charybdi</span> <span class='ocrx_word' id='word_1_811' title='bbox 3394 5040 3520 5095; x_wconf 78' lang='lat' dir='ltr'>l1ch</span> <span class='ocrx_word' id='word_1_812' title='bbox 3553 5040 3702 5096; x_wconf 86' lang='lat' dir='ltr'>dicit</span> 
     </span>
     <span class='ocr_line' id='line_1_113' title="bbox 2089 5123 2261 5161; baseline -0.006 0"><span class='ocrx_word' id='word_1_813' title='bbox 2089 5124 2121 5161; x_wconf 96' lang='lat' dir='ltr'>o</span> <span class='ocrx_word' id='word_1_814' title='bbox 2249 5123 2261 5160; x_wconf 95' lang='lat'>:</span> 
     </span>
    </p>
   </div>
   <div class='ocr_carea' id='block_1_112' title="bbox 2045 5199 3694 5275">
    <p class='ocr_par' dir='ltr' id='par_1_112' title="bbox 2045 5199 3694 5275">
     <span class='ocr_line' id='line_1_114' title="bbox 2045 5199 3694 5275; baseline 0.004 -16"><span class='ocrx_word' id='word_1_815' title='bbox 2045 5205 2103 5259; x_wconf 77' lang='grc' dir='ltr'><em>Ἠ</em></span> <span class='ocrx_word' id='word_1_816' title='bbox 2161 5199 2216 5257; x_wconf 75' lang='grc' dir='ltr'>δὲ</span> <span class='ocrx_word' id='word_1_817' title='bbox 2271 5225 2356 5258; x_wconf 90' lang='grc' dir='ltr'>τοι</span> <span class='ocrx_word' id='word_1_818' title='bbox 2418 5205 2482 5259; x_wconf 81' lang='grc' dir='ltr'>οὗ</span> <span class='ocrx_word' id='word_1_819' title='bbox 2539 5205 2730 5275; x_wconf 71' lang='grc' dir='ltr'>θνητὴ,</span> <span class='ocrx_word' id='word_1_820' title='bbox 2789 5203 2914 5261; x_wconf 85' lang='grc' dir='ltr'>ἀλλ’</span> <span class='ocrx_word' id='word_1_821' title='bbox 2995 5204 3255 5262; x_wconf 84' lang='grc' dir='ltr'>ἀθάνατον</span> <span class='ocrx_word' id='word_1_822' title='bbox 3337 5207 3501 5263; x_wconf 88' lang='grc' dir='ltr'>κακόν</span> <span class='ocrx_word' id='word_1_823' title='bbox 3559 5206 3694 5265; x_wconf 84' lang='grc' dir='ltr'>ἐστι.</span> 
     </span>
    </p>
   </div>
   <div class='ocr_carea' id='block_1_113' title="bbox 2117 5296 3692 5365">
    <p class='ocr_par' dir='ltr' id='par_1_113' title="bbox 2117 5296 3692 5365">
     <span class='ocr_line' id='line_1_115' title="bbox 2117 5296 3692 5365; baseline 0.003 -17"><span class='ocrx_word' id='word_1_824' title='bbox 2117 5296 2222 5348; x_wconf 85' lang='lat' dir='ltr'>Illa</span> <span class='ocrx_word' id='word_1_825' title='bbox 2247 5311 2376 5349; x_wconf 84' lang='lat' dir='ltr'>sane</span> <span class='ocrx_word' id='word_1_826' title='bbox 2405 5311 2513 5350; x_wconf 92' lang='lat' dir='ltr'>non</span> <span class='ocrx_word' id='word_1_827' title='bbox 2553 5297 2823 5365; x_wconf 80' lang='lat' dir='ltr'>mortalis,</span> <span class='ocrx_word' id='word_1_828' title='bbox 2871 5297 2964 5353; x_wconf 87' lang='lat' dir='ltr'>sed</span> <span class='ocrx_word' id='word_1_829' title='bbox 3012 5300 3320 5355; x_wconf 81' lang='lat' dir='ltr'>immortale</span> <span class='ocrx_word' id='word_1_830' title='bbox 3362 5300 3566 5355; x_wconf 88' lang='lat' dir='ltr'>malum</span> <span class='ocrx_word' id='word_1_831' title='bbox 3595 5305 3692 5353; x_wconf 81' lang='lat' dir='ltr'>est.</span> 
     </span>
    </p>
   </div>
   <div class='ocr_carea' id='block_1_114' title="bbox 2121 5393 3321 5468">
    <p class='ocr_par' dir='ltr' id='par_1_114' title="bbox 2121 5393 3321 5468">
     <span class='ocr_line' id='line_1_116' title="bbox 2121 5393 3321 5468; baseline 0.003 -21"><span class='ocrx_word' id='word_1_832' title='bbox 2121 5395 2232 5464; x_wconf 82' lang='lat'>(27)</span> <span class='ocrx_word' id='word_1_833' title='bbox 2264 5393 2496 5468; x_wconf 25' lang='grc' dir='ltr'>ῘΕπὶΑτῷ</span> <span class='ocrx_word' id='word_1_834' title='bbox 2529 5395 2732 5468; x_wconf 87' lang='grc' dir='ltr'>Κυρίῳ.</span> <span class='ocrx_word' id='word_1_835' title='bbox 2767 5397 2885 5468; x_wconf 83' lang='grc' dir='ltr'>Ἐπ’</span> <span class='ocrx_word' id='word_1_836' title='bbox 2916 5396 3084 5468; x_wconf 75' lang='grc' dir='ltr'>αὐτῷ,</span> <span class='ocrx_word' id='word_1_837' title='bbox 3116 5401 3321 5455; x_wconf 83' lang='lat' dir='ltr'>Joann.</span> 
     </span>
    </p>
   </div>
   <div class='ocr_carea' id='block_1_115' title="bbox 2118 5464 3689 5542">
    <p class='ocr_par' dir='ltr' id='par_1_115' title="bbox 2118 5464 3689 5542">
     <span class='ocr_line' id='line_1_117' title="bbox 2118 5464 3689 5542; baseline 0.001 -23"><span class='ocrx_word' id='word_1_838' title='bbox 2118 5469 2231 5542; x_wconf 84' lang='lat'>(_28)</span> <span class='ocrx_word' id='word_1_839' title='bbox 2261 5464 2589 5537; x_wconf 80' lang='grc' dir='ltr'>Ἀγνίζει...,</span> <span class='ocrx_word' id='word_1_840' title='bbox 2614 5464 2620 5466; x_wconf 73' lang='grc'><em>’</em></span> <span class='ocrx_word' id='word_1_841' title='bbox 2646 5464 2855 5523; x_wconf 73' lang='grc' dir='ltr'>ἑαυτόν.</span> <span class='ocrx_word' id='word_1_842' title='bbox 2912 5464 3194 5542; x_wconf 69' lang='lat' dir='ltr'>Didymus</span> <span class='ocrx_word' id='word_1_843' title='bbox 3219 5470 3645 5542; x_wconf 58' lang='lat' dir='ltr'>inpomment.</span> <span class='ocrx_word' id='word_1_844' title='bbox 3674 5481 3689 5520; x_wconf 90' lang='lat'><strong><em>:</em></strong></span> 
     </span>
    </p>
   </div>
   <div class='ocr_carea' id='block_1_116' title="bbox 2048 5535 3688 5612">
    <p class='ocr_par' dir='ltr' id='par_1_116' title="bbox 2048 5535 3688 5612">
     <span class='ocr_line' id='line_1_118' title="bbox 2048 5535 3688 5612; baseline 0 -20"><span class='ocrx_word' id='word_1_845' title='bbox 2048 5559 2076 5612; x_wconf 54' lang='grc' dir='ltr'>ς</span> <span class='ocrx_word' id='word_1_846' title='bbox 2112 5539 2261 5592; x_wconf 92' lang='lat' dir='ltr'>Dum</span> <span class='ocrx_word' id='word_1_847' title='bbox 2295 5535 2438 5612; x_wconf 82' lang='lat' dir='ltr'>ergo</span> <span class='ocrx_word' id='word_1_848' title='bbox 2455 5545 2663 5612; x_wconf 17' lang='lat' dir='ltr'>Asperet</span> <span class='ocrx_word' id='word_1_849' title='bbox 2718 5535 3127 5612; x_wconf 82' lang='lat' dir='ltr'>unusquisque</span> <span class='ocrx_word' id='word_1_850' title='bbox 3156 5538 3437 5612; x_wconf 2' lang='lat' dir='ltr'>psimilem</span> <span class='ocrx_word' id='word_1_851' title='bbox 3471 5552 3531 5589; x_wconf 92' lang='lat' dir='ltr'>se</span> <span class='ocrx_word' id='word_1_852' title='bbox 3562 5535 3688 5592; x_wconf 84' lang='lat' dir='ltr'>fore</span> 
     </span>
    </p>
   </div>
   <div class='ocr_carea' id='block_1_117' title="bbox 2046 5609 3689 5684">
    <p class='ocr_par' dir='ltr' id='par_1_117' title="bbox 2046 5609 3689 5684">
     <span class='ocr_line' id='line_1_119' title="bbox 2046 5609 3689 5684; baseline 0.001 -21"><span class='ocrx_word' id='word_1_853' title='bbox 2046 5609 2186 5684; x_wconf 79' lang='lat' dir='ltr'>Deo,</span> <span class='ocrx_word' id='word_1_854' title='bbox 2214 5630 2238 5659; x_wconf 75' lang='grc' dir='ltr'>ιι</span> <span class='ocrx_word' id='word_1_855' title='bbox 2274 5609 2566 5684; x_wconf 66' lang='grc' dir='ltr'>ρειεὶίιίορι</span> <span class='ocrx_word' id='word_1_856' title='bbox 2619 5609 3088 5684; x_wconf 59' lang='grc' dir='ltr'>εθιῐιεῑίρε”ιιω,’«</span> <span class='ocrx_word' id='word_1_857' title='bbox 3120 5609 3287 5664; x_wconf 89' lang='lat' dir='ltr'>sicuti</span> <span class='ocrx_word' id='word_1_858' title='bbox 3344 5611 3434 5660; x_wconf 77' lang='lat' dir='ltr'>est</span> <span class='ocrx_word' id='word_1_859' title='bbox 3490 5615 3689 5663; x_wconf 85' lang='lat' dir='ltr'>castus</span> 
     </span>
    </p>
   </div>
   <div class='ocr_carea' id='block_1_118' title="bbox 2046 5679 2531 5737">
    <p class='ocr_par' dir='ltr' id='par_1_118' title="bbox 2046 5679 2531 5737">
     <span class='ocr_line' id='line_1_120' title="bbox 2046 5679 2531 5737; baseline 0.008 -4"><span class='ocrx_word' id='word_1_860' title='bbox 2046 5679 2169 5736; x_wconf 87' lang='lat' dir='ltr'>ille.</span> <span class='ocrx_word' id='word_1_861' title='bbox 2208 5703 2230 5731; x_wconf 75' lang='grc' dir='ltr'>ι</span> <span class='ocrx_word' id='word_1_862' title='bbox 2267 5682 2531 5737; x_wconf 69' lang='lat' dir='ltr'>Conucr.</span> 
     </span>
    </p>
   </div>
  </div>
