4048 6186
303 309 444 366 1149

1633 319 2073 377 ΒΤΒΟΜΔἸὋΜ
2110 324 2249 378 LIB.
2290 324 2388 379 Ill.

3578 332 3718 386 “50

297 433 544 506 κράτορα
576 431 742 505 μόνον
771 434 923 500 Θεὸν,
951 433 1042 488 καὶ
1091 432 1406 491 διδάσκουσι
1458 439 1534 510 μή
1579 435 1687 492 δεῖν
1722 437 1937 512 παραδὲ-

2071 453 2424 510 creaturam,
2462 453 2585 502 tum
2616 449 2677 503 in
2701 455 2971 504 sanctum
2988 451 3297 522 Opificem,
3324 453 3424 523 qui
3444 460 3532 510 est
3554 456 3719 511 solus

301 533 496 598 χεσθαι
527 523 706 596 γάμον
759 524 849 577 καὶ
906 522 1256 580 παιδοποιίαν
1319 523 1459 598 μηδὶ
1515 526 1844 603 ἀντεισάγειν
1877 534 1957 602 τῷ

296 611 494 683 κόσμῳ
553 608 928 685 δυσχήσοντας
980 612 1219 687 ἐτέρους,
1274 611 1416 685 μηδὲ
1473 615 1832 690 ἐπιχορηγεῖν
1879 622 1958 689 τῷ

301 702 516 772 θανάτῳ
545 702 777 776 τροφήν,
811 701 989 754 ἐκεῖνα
1048 701 1292 757 λεκτέοι·
1351 709 1567 774 πρῶτον
1629 705 1724 777 μὲν
1769 707 1830 760 τὸ
1859 711 1957 760 τοῦ

298 787 613 844 ἀποστόλου
648 790 919 845 ’[ωάθνου·
982 815 1008 842 ‹‹
1048 793 1146 847 Κιὶ
1207 796 1299 846 νῦν
1355 791 1699 867 ἀντίχριστοι
1751 794 1956 850 πολλοὶ

296 879 604 954 γεγόνασιν·
668 877 788 932 ὅθεν
846 877 1150 952 ἐγνώκαμεν
1213 885 1352 954 (40),
1411 883 1493 936 ὃτι
1570 883 1776 958 ἐσχάτη
1840 882 1956 956 ὥρα

294 966 462 1023 ἐστίν.
498 967 585 1038 Ἐξ
617 969 778 1038 ἡμῶν
809 966 1061 1040 ἐξῆλθον,
1108 968 1233 1024 ἀλλ’
1287 971 1389 1025 οὑκ
1435 971 1569 1040 ἦσαν
1605 972 1655 1042 ἐξ
1688 974 1870 1045 ἡμῶν·
1910 971 1956 1026 εἲ

291 1057 395 1132 γὰρ
445 1057 581 1126 ἦσαν
639 1055 691 1126 ἐξ
749 1059 930 1130 ἡμῶν,
993 1060 1386 1130 μεμενήκεισαν
1440 1058 1500 1114 ἂν
1555 1063 1882 1133 μεθ’ἡμῶν.
1925 1086 1953 1112 υ

295 1151 523 1200 Ἔπειτα
550 1146 637 1200 καὶ
673 1145 1057 1222 διαστρεπτὲον
1108 1147 1324 1216 αὐτοὺς,
1382 1153 1450 1204 τά
1511 1149 1598 1203 ὑπ’
1649 1150 1825 1204 αὐτῶν
1859 1170 1957 1227 φε-

297 1235 501 1307 ρόμενα
558 1231 903 1304 διαλύοντας,
961 1233 1070 1289 ὧδὲ
1126 1254 1268 1298 πως’
1333 1262 1359 1289 «
1390 1239 1477 1310 Τῇ
1507 1235 1754 1312 Σαλώμῃ
1785 1239 1812 1292 6
1844 1237 1951 1294 K6-

298 1345 420 1400 ριος
449 1325 856 1396 πυνθανομένῇ,
895 1323 1062 1399 μέχρι
1092 1325 1224 1379 πότε
1267 1327 1492 1390 θάνατος
1523 1327 1758 1393 ἰσχύσει,
1789 1352 1817 1378 ››
1848 1327 1958 1402 οὐχ

296 1411 374 1473 ὡς
403 1415 515 1485 (41)
546 1415 715 1466 κοικοῦ
765 1415 862 1466 τοῦ
919 1411 1039 1486 βίου
1097 1409 1253 1475 ὄντος
1312 1414 1400 1468 καὶ
1442 1421 1540 1484 τῆς
1591 1414 1821 1477 κτίσεως
1852 1436 1950 1469 πο-

289 1507 484 1575 νηρᾶς,
527 1525 553 1555 ι
586 1502 830 1576 Μέχριςν
861 1501 944 1568 ἂν,
1003 1503 1171 1570 εἶπεν,
1209 1503 1364 1575 ὑμεῖς
1420 1505 1473 1558 αἱ
1529 1509 1778 1579 γυναῖκες
1829 1504 1954 1559 τίκ-

287 1608 428 1646 τετε⁶
463 1613 491 1642 ››
533 1588 661 1645 ἀλλ’
707 1590 782 1652 ὡς
837 1593 936 1660 τὴν
992 1589 1320 1646 ἀκολουθίαν
1374 1595 1472 1661 τήν
1529 1595 1762 1671 φυσικήν
1791 1590 1951 1648 διδά-

295 1697 458 1734 σκων⁶
490 1680 692 1754 γενέσει
749 1678 848 1754 γὰρ
909 1680 1124 1742 πάντως
1180 1677 1365 1736 ’ἑπεται
1422 1681 1510 1736 καὶ
1571 1680 1762 1759 φθοραί.
1797 1685 1951 1757 Τρυ-

295 1775 404 1846 φῆς
439 1778 534 1841 μὲν
584 1767 676 1823 οὖν
726 1768 817 1822 καὶ
868 1768 1046 1839 πάσης
1087 1769 1354 1843 ἀκοσμίας
1395 1773 1542 1844 ἡμᾶς
1575 1773 1602 1826 ὁ
1634 1771 1804 1845 νόμος
1833 1771 1976 1844 ἐξά-μ

291 1877 411 1932 γειν
445 1857 780 1932 προῄρηται.
842 1859 944 1913 Καὶ
981 1858 1143 1913 τοῦτό
1175 1858 1316 1913 ἐστιν
1351 1859 1516 1915 αὑτοῦ
1546 1859 1728 1929 τέλος,
1764 1861 1822 1916 ἐκ
1848 1869 1948 1930 τῆς

290 1943 504 2009 ἀδικίας
559 1949 707 2019 ἡμᾶς
765 1946 842 2008 εἰς
903 1945 1249 2019 δικαιοσύνην
1312 1949 1559 2024 ὑπάγειν,
1627 1951 1837 2026 γάμους
1890 1972 1950 2006 τε

293 2033 658 2109 αἱρουμένους
713 2036 1020 2114 σώφρονας,
1079 2038 1168 2092 καὶ
1227 2036 1609 2109 παιδοποιίας,
1665 2039 1943 2095 καὶπολιθ

286 2124 457 2188 τείας.
518 2125 578 2182 Ὀ
637 2121 696 2179 δὲ
753 2125 951 2199 Κύριος
1003 2125 1064 2181 οὐ
1124 2126 1412 2182 καταλύειν
1469 2132 1582 2203 (42)
1637 2130 1730 2184 τὸν
1775 2129 1944 2203 νόμον

289 2213 618 2291 ἀφικνεῖται,
681 2213 828 2269 ἀλλὰ
884 2215 1199 2290 πληρῶσαι·
1259 2215 1553 2291 πληρῶσαι
1615 2215 1672 2272 δὲ
1724 2217 1831 2294 οὐχ
1870 2219 1945 2280 ὡς

289 2301 458 2358 ἐνδεεῖ
517 2307 646 2370 (43),
707 2301 856 2358 ἀλλὰ
911 2309 990 2376 τῷ
1044 2307 1140 2366 τὰς
1195 2306 1333 2360 κατὰ
1385 2306 1554 2378 νόμον
1613 2307 1949 2382 προφητείας

289 2391 561 2452 ἐπιτελεῖς
610 2392 850 2466 γενέσθαι
909 2395 1045 2448 κατὰ
1099 2396 1196 2462 τήν
1253 2394 1420 2450 αὑτοῦ
1476 2397 1793 2472 παρουσίανο
1828 2396 1944 2451 ἐπεὶ

287 2481 356 2535 τά
383 2486 485 2548 τῆς
518 2480 684 2555 ὀρθῆς
715 2479 1000 2545 πολιτείας
1050 2482 1139 2536 καὶ
1198 2489 1317 2545 τοῖς
1376 2481 1599 2547 δικαίως
1652 2480 1943 2560 βεϐιωκόσι

291 2570 399 2643 πρὸ
427 2573 527 2623 τοῦ
555 2568 731 2641 νόμου
763 2566 853 2624 διά
907 2575 1004 2625 τοῦ
1062 2569 1231 2646 λόγου
1289 2571 1638 2647 ἐκηρόσσετο.
1671 2575 1740 2631 Οἱ
1762 2575 1944 2630 τοίνυν

291 2656 524 2726 πολλοὶ,
556 2660 656 2728 τήν
717 2657 1026 2734 ἐγκράτειαν
1085 2659 1184 2716 οὐκ
1243 2660 1469 2732 εἰδότες,
1525 2662 1738 2735 σώματι
1788 2663 1947 2719 πολι-

289 2747 559 2816 τεύονται,
591 2745 719 2802 ἀλλ’
751 2747 813 2802 οὑ
844 2749 1132 2822 πνεύματι.
1170 2756 1240 2819 Γῆ
1294 2748 1351 2805 δί
1389 2751 1479 2805 καὶ
1512 2749 1710 2813 σποδὸς
1742 2753 1804 2806 τὸ
1835 2757 1946 2806 σῶ-

293 2858 370 2912 μα
427 2838 552 2892 ἄνευ
610 2835 941 2909 πνεύματος,
998 2838 1187 2893 αὐτίκα
1243 2841 1500 2914 μοιχείαν
1544 2841 1731 2913 (44)ἐξ
1790 2840 1942 2904 ἐνθυο

295 2929 518 3000 μήσεως
550 2926 722 3000 κρίνει
753 2927 781 2980 6
820 2926 1034 3000 Κύριος.
1092 2929 1158 2984 Τί
1214 2932 1315 3003 γάρ
1345 2949 1358 2997 ;
1419 2929 1520 2983 οὐκ
1577 2927 1690 2984 ἔστι
1721 2930 1808 2984 καὶ
1841 2931 1938 3003 γάο

295 3037 386 3089 μῳ
418 3016 696 3090 ἐγκρατῶς
726 3018 984 3091 χρῆσθαι,
1034 3017 1123 3071 καὶ
1187 3019 1262 3091 μή
1320 3024 1607 3093 πειρᾶσθαι
1641 3015 1882 3073 διαλύειν
1915 3020 1943 3074 ὃ

287 3129 316 3157 ι(
349 3104 652 3176 συνέζευξεν
706 3109 820 3178 (45)
875 3109 902 3160 ὸ
961 3105 1130 3174 Θεός;
1169 3131 1196 3157 ››
1255 3109 1493 3164 Τοιαῦτα
1523 3107 1623 3183 γάρ
1652 3105 1936 3162 διδάσκου-

284 3216 368 3249 σιν
413 3195 465 3249 oi
508 3201 608 3262 τῆς
657 3194 907 3269 συζυγίας
973 3196 1242 3267 μερισταὶ,
1302 3193 1374 3250 δι’
1431 3195 1521 3257 οὕς
1551 3196 1731 3251 καὶτὸ
1763 3193 1939 3269 ὄνομα

286 3283 697 3361 βλασφημεὺται
758 3287 893 3354 (46).
955 3287 1168 3359 Μιαράν
1229 3282 1287 3340 δί
1343 3286 1475 3339 εἶναι
1521 3286 1619 3354 τήν
1655 3285 1939 3340 συνουσίαν

282 3373 534 3449 λέγοντες
595 3373 767 3441 οὗτοι,
828 3373 880 3426 οἱ
933 3374 1030 3441 τὴν
1092 3373 1343 3428 σύστασιν
1390 3375 1481 3429 καὶ
1531 3374 1686 3429 αὑτοὶ
1737 3377 1854 3448 (47)
1885 3374 1946 3430 ἐκ

283 3461 566 3524 συνουσίας
614 3461 927 3539 εἰληφότες,
977 3466 1095 3525 πῶς
1138 3463 1238 3518 οὐκ
1285 3461 1344 3517 ἃν
1396 3465 1494 3518 εἶεν
1547 3465 1735 3539 μιαροί
1769 3491 1782 3531 ;
1816 3467 1942 3520 Τῶν

285 3551 347 3609 δὲ
379 3552 734 3628 άγιασθὲντων
764 3553 944 3627 ἅγιον,
979 3552 1154 3625 οἶμαι,
1212 3555 1302 3607 καὶ
1357 3553 1420 3608 τὸ
1479 3555 1715 3628 σπέρμα.
1756 3555 1940 3629 ἹΙγιά-

287 3645 412 3698 σθαι
449 3644 542 3714 μὶν
578 3641 669 3695 οὖν
702 3643 838 3713 ἡμῖν
867 3641 1072 3715 ὀφείλει
1124 3641 1187 3696 οὐ
1238 3643 1402 3714 μόνον
1443 3645 1504 3697 τὸ
1533 3647 1766 3716 πνεῦμα,
1796 3642 1942 3698 ἀλλὰ

201 3791 206 3794 _
283 3731 377 3787 καὶ
428 3733 457 3785 ὁ
513 3731 732 3800 τρόπος,
783 3729 934 3785 καὶὸ
970 3731 1108 3800 βίος,
1167 3731 1256 3786 καὶ
1312 3732 1374 3786 τὸ
1433 3736 1610 3804 σῶμα.
1659 3732 1804 3787 ἰιπεὶ
1834 3733 1938 3787 τίνι

287 3820 444 3895 λόγω
503 3821 531 3874 ὁ
589 3817 901 3880 ἀπόστολος
965 3821 1177 3882 Παῦλος
1233 3821 1491 3896 ἡγιάσθαι
1553 3822 1696 3896 λέγει
1761 3842 1784 3871 ι
1837 3822 1935 3890 τήν

277 3916 508 3989 γυναῖκα
539 3909 641 3964 ὑπὸ
669 3913 766 3963 τοῦ
826 3906 1044 3983 ἀνδρὸς,
1104 3910 1138 3980 ἢ
1199 3913 1289 3966 τὸν
1353 3909 1517 3986 ἃνδρα
1577 3910 1680 3966 ὑπό
1710 3917 1809 3980 τῆς
1840 3933 1937 3987 γυ-

276 4001 500 4067 ναικός;
538 4022 563 4048 n
594 3997 654 4052 Τί
685 3995 743 4052 δὲ
773 3998 914 4052 ἐστιν
976 3999 1108 4069 ὅπερ
1169 4001 1197 4054 ὁ
1252 4000 1451 4076 Κύριος
1500 4003 1617 4056 εἷπε
1647 4001 1782 4076 πρὸς
1813 4001 1938 4062 τοὺς

280 4089 407 4163 περὶ
436 4091 532 4142 τοῦ
565 4086 898 4141 ἀποστασίου
927 4087 1388 4161 πυνθανομένους,
1427 4114 1453 4138 ››
1491 4093 1548 4145 Ei
1594 4086 1792 4162 ἔξεστιν
1825 4093 1935 4162 (48)

281 4175 553 4232 ἀπολῦσαι
585 4182 838 4249 γυναῖκα,
874 4179 1142 4240 Μωυσέως
1197 4178 1625 4254 ἐπιτρέψαντος;
1663 4205 1690 4230 ››
1733 4203 1760 4231 ‹‹
1797 4182 1937 4254 Πρός

275 4273 378 4335 τήν
402 4262 839 4339 σκληροκαρδίαν
866 4266 1039 4338 ὑμῶν,
1065 4269 1252 4344 φησὶν,
1271 4271 1298 4320 ὁ
1325 4270 1567 4336 Μωυσῆς
1591 4271 1757 4323 ταῦτά
1780 4266 1937 4344 ἔγρα-

276 4351 398 4431 ψεντ
427 4355 580 4428 ὑμεῖς
606 4351 664 4409 δὶ
687 4354 786 4409 οὑκ
804 4352 1095 4430 ἄνὲγνωτε,
1120 4358 1203 4411 ὅτι
1221 4362 1300 4428 τῷ
1323 4357 1744 4432 πρωτοπλάστῳ
1764 4359 1934 4420 ὁΘεὸς

346 4517 412 4581 ιιι
443 4519 505 4573 Ρ.
537 4518 643 4572 532
673 4516 783 4571 ED.
818 4518 1112 4585 POTTER,
1145 4521 1249 4573 445
1283 4521 1393 4574 ED.
1429 4520 1658 4575 PARIS.

277 4591 454 4645 Marc.
487 4607 544 4658 x,
575 4591 626 4644 9.
707 4589 783 4658 (εἰ)
811 4589 833 4642 Ι
858 4590 986 4645 Cor.
1019 4606 1113 4658 vn,
1151 4593 1233 4645 14.

343 4733 456 4801 (40)
487 4727 851 4803 Ἐγνώ-καμεν.
886 4729 1252 4802 Γινώσκομεν,
1286 4735 1493 4789 Joanu.

343 4801 612 4892 (pupil
638 4801 737 4861 ὡς.
772 4802 1110 4894 §implicior
1136 4801 1450 4894 Ordoest,
1509 4803 1674 4888 εἶπεν
1711 4802 1922 4894 λςέχρις

268 4871 522 4949 ᾂνὺμεῖς
551 4871 611 4928 αἵ
635 4871 1161 4949 γυναῖκες’τίκτετΐ
1215 4876 1331 4949 οὐχ
1361 4876 1435 4939 ὡς
1467 4878 1760 4949 κακοὺᾼτοῦ
1798 4871 1923 4948 βίου

267 4941 426 5005 ὄντος
454 4946 542 4998 καὶ
570 4941 673 5013 τῆς
703 4943 930 5008 κτίσεως
972 4952 1235 5016 πονηρᾶς,
1289 4941 1416 5003 αλλ’
1467 4947 1612 5007 ὡς...
1645 4941 1916 5004 SYLBDRG.

268 5049 338 5059 —
361 5019 542 5073 Porro
568 5019 677 5073 hoc
699 5017 914 5072 Christi
939 5019 1012 5072 ad
1037 5021 1309 5076 Salomen
1338 5022 1560 5076 dictum
1585 5021 1799 5073 iterum
1823 5036 1922 5074 oc-

268 5091 458 5176 currit
487 5091 548 5144 in
578 5093 835 5176 Ecce}?!
873 5091 1192 5176 e‘i‘heodot.
1255 5110 1381 5176 pag.
1441 5096 1562 5176 79:3,
1611 5091 1752 5176 item
1784 5091 1918 5145 libri

271 5161 522 5234 hujusce
555 5179 682 5233 pag.
717 5162 821 5234 452
853 5161 991 5216 edit.
1029 5161 1450 5231 Paris.,i1biex
1484 5163 1793 5234 Evangelio
1828 5180 1916 5218 se-

265 5232 534 5288 cundum
564 5232 862 5304 [Egyptios
893 5240 1213 5304 sumptum,
1251 5243 1543 5292 memorat
1572 5232 1795 5290 auctor.

339 5252 534 5287 .nuum
564 5252 626 5287 λιι
670 5252 862 5302 ypuos
893 5252 1213 5304 sumptum,
1251 5252 1543 5292 memorat.
1572 5252 1795 5290 auccor.

339 5307 452 5367 (42»
486 5252 802 5358 Καταῖόειν.
864 5306 1064 5376 Matth.
1128 5324 1176 5374 ν,
1216 5311 1338 5376 t7:
1404 5307 1493 5373 Μὴ
1535 5305 1803 5376 νομίσητε
1834 5303 1917 5376 ὃτι

261 5373 437 5452 glow
483 5375 814 5452 καταλαῦσαι
843 5375 1139 5452 τὸννόμον
1193 5375 1226 5444 ἢ
1279 5379 1406 5439 τοὺς
1455 5373 1763 5452 προφήτας·
1819 5374 1916 5428 οὐκ

261 5445 440 5514 ἦλθον
472 5445 796 5521 καταλῦσαι,
831 5444 976 5498 ἀλλά
1008 5444 1323 5521 πληρῶσαι,

335 5521 449 5589 (43)
482 5515 702 5575 Ένδεεῖ.
736 5515 1166 5590 Οοιιεωοηιὶιίδ
1216 5520 1394 5589 ἐνδεῆ,
1438 5522 1530 5576 vel
1576 5516 1747 5573 ἐνδεᾶ.
1782 5521 1916 5574 5η-

268 5606 434 5644 BURG.

476 5662 768 5746 Μοέχείανἒ
800 5661 1068 5746 Respicit
1113 5665 1312 5746 Matth.
1363 5665 1692 5746 Υ,-18;“11“άς
1725 5659 1917 5746 6,9116-

265 5728 381 5807 φων
413 5728 642 5808 γυναῖκᾶ
671 5733 808 5805 πρὸς
842 5728 1289 5807 τὸἚπιθυμῆσαι
1319 5734 1486 5800 αὐτῆς
1517 5732 1627 5803 ἤδη
1657 5728 1912 5806 ἐμοίχευ-

1970 3182 2011 3230 U

1781 4521 1858 4592 (a)
1888 4522 1910 4574 Ι
1939 4523 2105 4576 Joan.
2141 4537 2198 4591 ιι,
2227 4524 2313 4588 18,
2349 4525 2434 4575 19.

2068 536 2220 591 Deus
2238 537 2620 609 omnipotens
2645 557 2658 603 ;
2686 545 2742 593 et
2764 539 2968 594 dicunt
2991 557 3111 594 non
3136 558 3262 597 esse
3283 543 3717 601 admittendum

2062 627 2511 681 matrimonium
2533 627 2927 683 etliberorum
2949 633 3442 700 procreationem,
3460 635 3716 697 nec’Isin

2063 716 2352 770 mundum
2387 733 2519 770 esse
2549 717 2916 772 inducendos
2949 719 3099 773 alios
3144 721 3412 776 infelices
3460 723 3714 792 futuros,

2063 820 2172 859 nec
2206 806 2707 876 suppeditandum
2746 808 2918 861 morti
2953 809 3406 875 nutrimentum,
3433 812 3556 867 haec
3581 819 3722 868 sunt

2062 895 2456 964 opponenda:
2494 897 2749 966 primum
2787 896 3029 966 quidem
3062 898 3208 952 illud
3258 901 3543 956 Joannis:
3578 925 3605 950 «
3653 905 3722 958 Et

2067 999 2227 1037 nunc
2247 984 2581 1038 antichristi
2601 985 2772 1038 multi
2798 985 2933 1040 facti
2956 992 3113 1052 sunt,
3139 987 3300 1042 unde
3323 989 3542 1044 scimus
3561 991 3718 1061 quod

2062 1072 2382 1126 novissima
2413 1073 2556 1127 hora
2597 1080 2705 1127 est.
2754 1075 2832 1128 Ex
2884 1074 3058 1129 nobis
3109 1077 3403 1138 exierunt,
3453 1078 3554 1132 sed
3599 1095 3717 1134 non

2063 1165 2232 1214 erant
2260 1177 2330 1215 ex
2360 1161 2549 1215 nobis.
2588 1163 2728 1216 Nam
2763 1163 2807 1217 si
2838 1163 3092 1218 fuissent
3119 1181 3186 1218 ex
3220 1165 3412 1233 nobis,
3439 1183 3714 1237 perman-

2063 1247 2279 1303 sissent
2294 1251 2496 1320 utique
2512 1251 2924 1321 nobiscum(a).
2938 1253 3196 1308 "Deinde
3211 1256 3541 1310 suntetiam
3560 1273 3716 1311 ever-

2062 1339 2245 1398 tendi.
2281 1345 2338 1392 et
2368 1339 2768 1406 dissolvenda,
2801 1357 2934 1411 quas
2961 1341 3034 1395 ab
3067 1342 3152 1395 eis
3201 1345 3552 1411 afferuntur,
3607 1346 3714 1400 hoc

2060 1427 2278 1482 modo:
2315 1450 2341 1477 α
2375 1428 2624 1483 Salomaa
2678 1429 3089 1501 interroganti,
3141 1449 3451 1502 quousque
3502 1435 3719 1506 vigebit

2060 1533 2245 1582 mors,
2280 1539 2306 1564 »
2342 1534 2459 1570 non
2489 1518 2655 1587 quasi
2688 1519 2803 1572 vita
2834 1526 2990 1573 esset
3029 1521 3206 1586 mala,
3254 1527 3312 1575 et
3363 1522 3517 1577 mala
3556 1540 3714 1578 crea-

2063 1611 2216 1671 tura,
2251 1624 2271 1651 ε
2295 1605 2599 1673 Dominus,
2625 1607 3044 1678 Quoadusque.
3070 1609 3285 1679 inquit,
3311 1627 3410 1664 vos
3436 1611 3717 1668 mulieres

2062 1695 2294 1766 paritis,
2329 1717 2354 1742 ››
2390 1695 2493 1749 sed
2526 1697 2692 1766 quasi
2729 1697 3061 1751 naturalem
3093 1698 3314 1752 docens
3341 1715 3714 1771 consequen-

2063 1784 2204 1838 tiam
2232 1800 2244 1837 :
2279 1788 2471 1838 ortum
2505 1785 2666 1838 enim
2694 1786 2939 1840 omnino
2960 1787 3229 1856 sequitur
3259 1787 3555 1843 interitus.
3579 1789 3715 1844 Vult

2056 1888 2192 1942 ergo
2223 1872 2315 1926 lex
2349 1873 2588 1943 quidem
2626 1890 2734 1928 nos
2777 1890 2812 1928 a
2842 1873 3075 1929 deliciis
3109 1875 3393 1946 omnique
3419 1876 3633 1948 probro
3662 1884 3720 1932 et

2054 1961 2342 2016 dedecore
2370 1961 2643 2017 educere.
2689 1963 2758 2016 Et
2788 1962 2884 2016 hic
2917 1968 3006 2016 est
3039 1963 3170 2034 ejus
3204 1964 3361 2031 finis,
3391 1970 3456 2018 ut
3486 1981 3594 2020 nos
3641 1967 3713 2021 ab

2053 2049 2346 2120 injustitia
2363 2051 2746 2121 adjustitiam
2763 2051 3148 2118 deducamur,
3167 2052 3419 2108 honesta
3434 2054 3710 2126 eligendo

2053 2139 2855 2196 matrimonia.etliberorum
2871 2142 3410 2211 procreationem,b
3423 2159 3594 2198 onam
3604 2161 3718 2214 que

2051 2227 2182 2282 vitai
2216 2228 2673 2283 institutionem.
2697 2230 2983 2284 Dominus
3021 2236 3227 2285 autem
3261 2255 3286 2280 «
3323 2247 3443 2286 non
3466 2233 3622 2286 venit
3645 2233 3719 2287 ad

2053 2317 2395 2372 solvendam
2428 2317 2640 2389 legem,
2672 2319 2775 2372 sed
2802 2319 2874 2373 ad
2900 2318 3279 2390 implendam
3299 2321 3375 2387 (ὁ)
3402 2337 3414 2373 :
3441 2341 3468 2368 ›ι
3501 2321 3574 2375 ad
3605 2321 3715 2376 im-

2051 2405 2330 2476 plendam
2359 2411 2579 2473 autem,
2613 2422 2734 2461 non
2766 2413 2832 2460 ut
2879 2406 2972 2462 cui
3019 2407 3250 2478 aliquid
3299 2407 3555 2475 deesset,
3606 2409 3709 2464 sed

2051 2494 2210 2564 quod
2241 2493 2386 2565 legis
2419 2495 2743 2566 prophetia:
2775 2512 2880 2566 per
2902 2496 3030 2567 ejus
3054 2496 3370 2552 adventum
3394 2497 3704 2569 completas

2049 2582 2288 2637 fuerint.
2325 2585 2466 2638 Nam
2502 2589 2662 2638 recta
2691 2584 2820 2638 vitm
2853 2585 3172 2653 institutio,
3226 2586 3298 2640 iis
3348 2586 3546 2649 etiam,
3601 2587 3701 2657 qui

2041 2671 2203 2742 juste
2221 2673 2493 2727 vixerunt
2509 2679 2644 2727 ante
2668 2672 2877 2744 legem.
2903 2690 3010 2743 per
3027 2674 3220 2744 Logon
3244 2674 3696 2743 praedicabatur.

2050 2759 2268 2830 Vulgus
2299 2775 2434 2830 ergo
2468 2759 2792 2822 hominum,
2825 2759 2982 2828 quod
3013 2775 3134 2813 non
3180 2760 3342 2813 novit
3377 2764 3692 2814 continen-

2048 2847 2216 2905 tiam.
2249 2864 2496 2918 corpore
2528 2848 2705 2902 vitam
2746 2847 2923 2919 degit.
2959 2848 3062 2902 sed
3091 2865 3212 2903 non
3261 2849 3510 2920 spiritu:
3565 2849 3696 2903 sine

2046 2935 2256 3006 spiritu
2285 2943 2482 2990 autem
2511 2953 2726 3006 corpus
2758 2936 2909 2990 nihil
2940 2936 3103 2991 aliud
3135 2944 3225 2991 est
3256 2954 3432 3008 quam
3455 2944 3609 2992 terra
3640 2945 3700 2993 et

2044 3025 2216 3080 cinis.
2249 3026 2375 3079 iam
2406 3025 2766 3080 adulterium
2790 3025 3021 3097 judicat
3061 3027 3349 3081 Dominus
3382 3043 3452 3082 ex
3477 3027 3695 3100 cogita-

2051 3114 2232 3170 tione.
2251 3113 2400 3179 Quid
2419 3114 2577 3168 enim
2596 3113 2623 3168 ?
2639 3129 2838 3169 annon
2860 3115 2998 3169 licet
3019 3115 3196 3170 etiam
3216 3117 3598 3172 continenter
3616 3118 3698 3172 uti

2051 3204 2519 3269 matrimonio,et
2534 3219 2652 3256 non
2671 3203 2873 3258 conari
2893 3203 3398 3276 dissolvere,quod
3417 3207 3700 3278 aconjun-

2051 3293 2139 3348 xit
2155 3293 2307 3347 Deus
2327 3292 2397 3364 (ο)
2414 3293 2442 3347 ?
2458 3314 2485 3341 »
2509 3291 2671 3346 Talia
2696 3293 2854 3347 enim
2877 3291 3095 3347 docent
3113 3295 3369 3366 conjugii
3395 3294 3703 3360 divisores,

2052 3387 2296 3452 propter
2312 3379 2469 3451 quod
2485 3397 2702 3435 nomen
2725 3381 2956 3452 probris
2973 3397 3040 3436 ac
3060 3382 3390 3437 maledictis
3407 3383 3707 3455 appetitur

2054 3471 2210 3524 inter
2237 3477 2460 3542 gentes.
2497 3469 2860 3525 Sceleratum
2905 3476 3106 3526 autem
3139 3471 3404 3527 dicentes
3442 3471 3539 3527 isti
3573 3487 3701 3529 esse

2053 3559 2296 3623 coitum,
2329 3557 2429 3628 qui
2463 3557 2572 3628 ipsi
2606 3575 2840 3628 quoque
2873 3575 3040 3614 suam
3080 3561 3400 3615 essentiam
3446 3578 3516 3615 ex
3540 3561 3698 3617 coitu

2050 3663 2352 3718 accepere,
2387 3647 2685 3717 quomodo
2717 3664 2835 3702 non
2868 3648 3089 3702 fuerint
3115 3649 3433 3704 scelerati?
3479 3652 3696 3707 Eorum

2049 3743 2270 3803 autem,
2303 3736 2403 3807 qui
2437 3742 2575 3790 sunt
2605 3736 2980 3803 sanctificati,
3023 3743 3294 3792 sanctum
3325 3754 3581 3810 quoque,
3632 3746 3699 3794 ut

2049 3833 2210 3897 puto,
2245 3841 2448 3880 semen
2482 3831 2586 3880 est.
2624 3827 2704 3880 Ac
2734 3825 2908 3881 nobis
2929 3827 3169 3896 quidem
3199 3827 3375 3882 debet
3405 3844 3532 3883 esse
3557 3845 3691 3884 san-

2048 3916 2360 3985 ctificatus,
2395 3931 2515 3969 non
2549 3914 2741 3970 solum
2767 3915 3031 3986 spiritus.
3057 3916 3159 3971 sed
3178 3923 3236 3971 et
3258 3933 3474 3986 mores,
3501 3924 3560 3972 et
3580 3918 3697 3974 vita

2049 4008 2350 4074 etcorpus.
2375 4005 2517 4058 Nam
2538 4019 2796 4074 quanam
2819 4005 3048 4060 ratione
3060 4005 3433 4062 dicitPaulus
3454 4013 3693 4078 aposto-

2047 4093 2139 4148 lus
2153 4109 2282 4148 esse
2299 4113 2322 4144 α
2342 4094 2770 4149 sanctificatam
2789 4095 3101 4150 mulierem
3115 4096 3447 4163 aviro,»aut
3462 4119 3489 4145 »
3503 4096 3690 4151 virum

2046 4183 2642 4254 amuliere(d)?»Quid
2657 4185 3142 4255 estautem,quod
3158 4186 3442 4240 Dominus
3455 4201 3690 4255 quoque

2045 4272 2194 4326 dixit
2224 4273 2316 4340 iis,
2341 4271 2440 4343 qui
2465 4273 2907 4344 interrogabant
2927 4272 2999 4328 de
3026 4273 3278 4328 divortio
3305 4290 3316 4326 :
3354 4295 3382 4323 α
3405 4276 3492 4327 An
3515 4272 3691 4327 liceat

2045 4378 2289 4416 uxorem
2305 4361 2627 4427 dimittere,
2647 4378 2780 4416 cum
2801 4363 3025 4433 Moyses
3039 4361 3100 4416 id
3113 4361 3491 4432 permiserit?
3512 4381 3541 4410 »
3557 4382 3583 4410 «
3601 4359 3689 4414 Ad

2561 4522 2634 4590 (ὁ)
2667 4520 2867 4576 Matth.
2899 4537 2953 4586 v,
2990 4523 3075 4573 17.
3204 4521 3274 4591 (c)
3304 4519 3450 4576 Ibid.
3484 4537 3600 4590 xxx,
3631 4522 3685 4576 6.

1959 4744 2004 4807 ι)
2036 4754 2120 4788 σεν
2155 4732 2321 4801 αὑτὴν
2351 4731 2420 4804 τῇ
2453 4727 2646 4807 καρδίᾳ
2677 4731 2869 4788 αὑτοῦ.

2105 4809 2216 4877 (αἲξ)
2236 4806 2302 4877 ’Ὀ
2326 4804 2644 4872 συνέζευξεν.
2671 4807 2870 4877 Matth.
2895 4823 3009 4864 xIx.
3035 4820 3116 4871 v1;
3143 4807 3678 4873 Marc.,Marc.,x.9:

2032 4873 2225 4933 ’Ὀόὑν
2260 4876 2287 4928 ὁ
2318 4877 2446 4950 Θεδς
2480 4875 2799 4950 συνέζευξεν,
2832 4873 3116 4946 ἄνθρωπος
3150 4877 3224 4944 μή
3262 4879 3567 4950 χωριζέτω.

2104 4951 2215 5019 (46)
2271 4949 2347 5029 ’.Γὸ
2406 4944 2579 5029 ὄνομα
2636 4944 3681 5029 βλασφημεῖται...-Νκοῐηξὲιι”ης]ῒιςξ5ὶὶᾶξ

2031 5037 2174 5074 num
2201 5020 2336 5081 vult,
2364 5027 2430 5074 ut
2451 5019 2726 5091 superius
2755 5019 2808 5091 ρ’.
2830 5024 2956 5085 428,
2983 5019 3123 5091 edit.
3150 5021 3336 5075 Paris.
3359 5020 3561 5074 Simile
3590 5025 3681 5091 est

2033 5092 2180 5168 illud
2212 5089 2607 5168 apostoli‘Jac.
2645 5109 2701 5168 [1,
2840 5092 2957 5168 Οὐκ
2995 5090 3159 5168 Δαὐτοὶ
3195 5091 3585 5168 βλασφημοῦσι
3612 5089 3676 5168 τὸ

2027 5161 2195 5240 καλὸν
2229 5158 2404 5240 ὄνομα
2427 5161 2488 5216 τὸ
2521 5158 2835 5240 ἐπικλπὶίῇν
2867 5163 2948 5240 ξαν
2989 5162 3148 5240 ὑμᾷς·
3183 5158 3242 5219 et
3272 5158 3438 5220 Romi
3475 5182 3532 5240 ῃ,
3563 5165 3673 5240 24)

2029 5235 2107 5310 Τὸ
2138 5235 2240 5309 γάρ
2268 5229 2445 5306 ὄνομα
2473 5238 2569 5289 τοῦ
2601 5229 2734 5290 Θεοῦ
2768 5231 2836 5289 δι’
2865 5229 3004 5307 ὑμᾶς
3025 5229 3444 5310 ⁷βλασφημεῖται
3475 5229 3527 5289 ἐν
3558 5238 3674 5294 τοῖς

2027 5305 2252 5370 ἔθνεσιν.

2098 5382 2212 5456 (47)
2244 5375 2554 5456 Καὶᾼαὺτοί.
2617 5378 2837 5456 Eodem
2895 5385 3240 5451 argumento
3278 5376 3673 5456 _Marcionitas

2027 5447 2470 5527 matrimonium
2527 5450 2910 5527 prohibentes
2948 5447 3673 5527 oppugnat-Tertullinus

2026 5523 2136 5577 sub
2169 5525 2349 5577 finem
2381 5522 2482 5576 lib.
2516 5538 2530 5574 ι
2563 5523 2770 5578 Contra
2799 5521 3067 5578 Marcion.
3094 5521 3162 5575 :’«
3195 5521 3402 5590 Utique
3431 5521 3591 5572 enim
3615 5522 3674 5571 et

2026 5595 2382 5664 Marcionex
2409 5593 2632 5664 nuptiis
2663 5599 2836 5649 natus
2871 5600 2977 5649 est.
3015 5616 3043 5642 ι)

2097 5668 2208 5736 (48)
2243 5663 2303 5720 Ei
2359 5660 2577 5736 ἔξεστιν.
2638 5665 2792 5726 Hinc.
2852 5664 3041 5720 verbis
3105 5660 3350 5736 paulum
3406 5662 3675 5734 mutatis,

2027 5733 2260 5795 exstant
2287 5733 2489 5794 Matth.
2521 5751 2639 5804 xix,
2671 5737 2705 5790 3
2737 5742 2796 5791 et
2825 5752 2949 5806 seq.
2976 5753 2991 5804 ;
3024 5735 3196 5789 Marc.
3229 5749 3285 5800 x,
3317 5733 3354 5787 2
3383 5738 3443 5788 et
3472 5749 3603 5806 seq.
