4048 6186
347 316 480 372 1151

1571 315 1980 370 CLEMENTIS
2013 316 2516 370 ALEXANDBINI

3618 315 3757 370 1152

345 443 626 500 duritiam
651 442 845 499 cordis
865 443 1064 507 vestri,
1090 442 1303 513 inquit,
1329 443 1555 513 Moyses
1577 441 1702 496 hzec
1724 441 1980 513 scripsit.

2113 437 2263 493 εἶπεν·
2302 463 2329 490 ‹‹
2361 440 2584 503 Ἐσεσθε
2613 441 2664 496 οἱ
2697 437 2793 494 δύο
2825 439 2903 503 είς
2953 441 3126 515 σάρκα
3173 437 3331 511 μίανε
3365 441 3524 494 Ὥστε
3555 439 3584 494 6
3615 439 3756 494 ἀπο-

353 537 462 588 Vos
508 541 707 587 autem
759 549 879 586 non
930 532 1178 604 legistis.
1230 530 1386 603 quod
1433 531 1796 602 protoplasto
1846 531 1999 586 Deus

347 625 410 691 >X<
443 621 627 676 dixit:
663 647 688 671 α
724 623 900 676 Eritis
928 621 1042 676 duo
1078 623 1137 676 in
1169 638 1344 676 carne
1371 621 1538 676 una?
1567 622 1755 686 Quare
1787 619 1887 690 qui
1910 619 1996 674 di-

349 712 532 767 mittit
554 728 818 774 uxorem,
849 719 1240 782 praeterquam
1262 709 1674 765 fornicationis
1692 725 1887 770 causa,
1912 709 2000 764 fa-

348 802 430 856 cit
463 818 590 856 eam
627 801 908 856 maechari
933 803 1027 869 (a).
1063 801 1174 855 Sed
1200 805 1333 871 post
1364 799 1883 863 resurrectionem,
1907 799 2000 852 in-

350 891 500 961 quit,
534 907 644 945 nec
675 907 918 945 uxorem
952 890 1195 955 ducunt,
1229 907 1337 944 nec
1369 889 1619 944 nubunt.
1647 888 1741 957 (b).
1768 888 1996 941 Etenim

354 979 425 1034 de
457 985 661 1034 ventre
695 986 754 1034 et
783 979 929 1034 cibis
955 978 1177 1034 dictum
1222 984 1347 1033 est:
1397 1001 1424 1026 ‹‹
1480 979 1637 1032 Escae
1681 977 1888 1038 ventri,
1943 981 2001 1031 et

352 1073 557 1122 venter
577 1069 728 1122 escis
745 1089 759 1132 ς
777 1069 929 1122 Deus
942 1074 1136 1122 autem
1155 1067 1391 1122 etillum
1409 1066 1996 1135 ethasdestruet(c);n

355 1156 463 1210 hos
495 1157 808 1228 impetens,
845 1157 943 1228 qui
996 1157 1186 1211 instar
1232 1172 1544 1227 caprorum
1595 1161 1653 1209 et
1696 1155 1996 1209 hircorum

357 1245 468 1300 sibi
501 1245 813 1299 vivendum
845 1261 973 1299 esse
1007 1250 1276 1311 censent,
1302 1261 1374 1300 ne
1409 1260 1613 1299 secure
1644 1261 1710 1298 ac
1733 1245 1862 1299 sine
1882 1250 1995 1298 ter-

355 1351 489 1389 rore
512 1341 848 1390 comessent
867 1340 924 1388 et
949 1334 1178 1388 coirent
1213 1334 1267 1388 Si
1283 1333 1775 1388 resurrectionem
1799 1334 1997 1403 itaque

354 1423 710 1494 receperint,
746 1430 811 1477 ut
831 1423 941 1494 ipsi
964 1423 1189 1491 dicunt,
1214 1429 1272 1478 et
1293 1422 1424 1478 ideo
1446 1423 1891 1478 matrimonium
1915 1427 2001 1476 in-

357 1512 600 1566 firmant
632 1518 691 1566 et
719 1511 1040 1584 abrogant;
1070 1529 1181 1566 nec
1211 1512 1545 1574 comedant,
1598 1528 1707 1566 nec
1755 1511 1997 1565 bibant:

354 1623 383 1649 «
418 1601 643 1656 destrui
677 1623 703 1650 ››
729 1602 888 1655 enim
915 1625 941 1651 ‹‹
966 1607 1229 1656 ventrem
1254 1607 1311 1654 et
1333 1600 1515 1667 cibos,
1544 1622 1564 1648 ι
1592 1600 1734 1655 dicit
1754 1602 1998 1671 Aposto-

353 1691 447 1747 lus
479 1691 538 1744 in
573 1691 1026 1744 resurrectione.
1047 1690 1349 1754 Quomodo
1372 1706 1507 1762 ergo
1531 1689 1819 1754 esuriunt,
1845 1694 1903 1741 et
1924 1687 2005 1742 si-

2106 527 2251 584 λύων
2283 533 2382 598 τήν
2413 537 2638 604 γυναῖκα
2681 531 2858 606 χωρὶς
2911 528 3079 606 λόγου
3123 529 3380 605 πορνείας
3409 537 3563 585 ποιεῖ
3594 531 3760 598 αὖτὴν

2107 622 2488 693 μοιχευθῆναι.
2525 619 2705 675 Ἀλλά
2756 625 2866 694 (49)
2922 621 3056 692 μετά
3101 621 3200 686 τὴν
3247 620 3558 687 ἀνάστασιν,
3593 621 3760 697 φησὶν

2103 712 2229 780 (50),
2289 707 2413 762 οὕτε
2471 714 2761 784 γαμοῦσιν,
2839 707 2964 766 οὔτε
3013 710 3352 784 γαμίζονται.
3416 733 3437 758 ι
3493 710 3596 766 Καὶ
3656 710 3762 784 γὰρ

2102 797 2224 871 περῖ
2272 804 2370 866 τῆς
2413 797 2628 860 κοιλίας
2679 800 2765 853 καὶ
2820 803 2930 853 τῶν
2991 799 3296 873 βρωμάτων
3345 796 3582 871 εἴρηταιι
3612 824 3641 850 α
3679 801 3764 856 Ti

2107 885 2369 959 βρώματα
2398 889 2467 957 τῆ
2495 887 2703 957 κοιλίᾳ,
2751 887 2840 942 καὶ
2899 889 2933 955 ἡ
2992 884 3177 941 κοιλία
3224 893 3342 948 τοῖς
3379 887 3696 962 βρώμασιν
3731 889 3760 942 6

2103 971 2159 1028 δὲ
2190 975 2317 1035 Θεὸς
2347 974 2436 1028 καὶ
2483 974 2685 1046 ταύτην
2735 975 2824 1029 καὶ
2865 978 3034 1029 ταῦτα
3081 977 3429 1050 καταργήσει.
3466 1002 3486 1028 ι
3524 974 3761 1037 τούτους

2103 1060 2470 1139 ἐπιῤῥαπίζων
2521 1062 2647 1124 τοὺς
2708 1061 2866 1132 δίκην
2941 1063 3163 1130 κάπρων
3231 1065 3319 1118 καὶ
3377 1064 3590 1140 τράγων
3659 1069 3757 1138 ζῇν

2103 1150 2410 1224 οἰομένους,
2462 1150 2548 1206 ἵνα
2607 1153 2682 1225 μή
2743 1149 2912 1213 ἀδεῶς
2971 1151 3222 1224 ἐσθίοιεν,
3259 1154 3346 1207 καὶ
3381 1152 3658 1228 ὀχεύοιεν.
3695 1154 3766 1209 Εἴ

2100 1245 2228 1316 γοῦν
2274 1241 2376 1308 τήν
2425 1240 2708 1295 ἀνάστασιν
2761 1239 3129 1319 ἀπειλήφασιν
3180 1245 3313 1312 (51),
3363 1241 3438 1303 ὼς
3469 1243 3629 1297 αὐτοὶ
3669 1241 3763 1296 λέ-

2101 1351 2282 1403 γουσι,
2314 1329 2401 1383 καί
2435 1327 2524 1384 διὰ
2551 1335 2715 1385 τοῦτο
2747 1331 2994 1384 ἀθετοῦσι
3023 1330 3112 1384 τὸν
3163 1331 3362 1404 γάμοψ
3399 1327 3543 1402 μηδέ
3572 1329 3762 1394 ἐσθιε-

2101 1439 2299 1487 τωσαν,
2353 1415 2494 1490 μηδε
2540 1421 2863 1476 πινέτωσαν·
2926 1443 2954 1470 ιι
2987 1421 3369 1494 καταργεῖσθαι
3402 1444 3429 1471 υ
3479 1420 3584 1494 γὰρ
3653 1417 3761 1498 ἔφη

2105 1535 2131 1559 υ
2165 1511 2264 1578 τήν
2291 1508 2506 1564 κοιλίαν
2532 1511 2620 1563 καὶ
2651 1511 2718 1564 τά
2772 1508 3036 1584 βρώματα
3071 1536 3091 1560 ι
3145 1511 3174 1564 6
3224 1509 3568 1571 Ἀπόστολος
3601 1509 3656 1565 ἐν
3686 1515 3757 1582 τῇ

2103 1597 2407 1656 ἀναστάσει.
2442 1603 2563 1660 Πῶς
2589 1597 2679 1652 οὖν
2731 1599 2821 1653 καὶ
2867 1603 3112 1666 πεινῶσι,
3154 1599 3243 1653 καὶ
3277 1596 3498 1672 διψῶσι,
3531 1600 3623 1654 καὶ
3654 1602 3759 1668 τήν

2108 1691 2280 1761 σάρκα
2310 1687 2608 1763 πάσχουσι,
2639 1688 2729 1743 καὶ
2757 1690 2825 1743 τά
2855 1686 3021 1753 ἄλλα,
3055 1690 3152 1742 ὅσα
3197 1691 3224 1742 ὁ
3275 1685 3364 1742 διά
3397 1689 3637 1761 Χριστοῦ
3670 1709 3760 1743 τε-

356 1781 537 1844 tiunt,
571 1783 625 1832 et
657 1778 852 1832 carnis
883 1778 1188 1849 patiuntur
1213 1779 1573 1841 affectiones,
1609 1783 1666 1832 et
1692 1778 1826 1841 alia,
1871 1792 1999 1847 qua:

2113 1775 2255 1831 λείαν
2284 1782 2384 1845 τήν
2417 1775 2882 1852 προσδοκωμένην
2930 1777 3216 1831 ἀνάστασιν
3259 1773 3442 1832 λαϐὼν
3475 1779 3540 1833 ού
3572 1778 3762 1832 πείσε-

356 1886 476 1924 non
503 1869 778 1938 patietur,
806 1868 907 1937 qui
939 1885 1044 1938 per
1071 1868 1367 1922 Christum
1399 1867 1627 1938 accepit
1655 1867 1997 1937 perfectam,

358 1975 490 2030 quae
527 1964 818 2029 speratur,
853 1958 1346 2012 resurrectionem
1368 1958 1395 2013 ‘I
1423 1958 1574 2022 Quin
1597 1957 1773 2012 etiam
1806 1956 1868 2022 ii,
1900 1956 2001 2026 qui

353 2048 562 2104 colunt
579 2047 760 2107 idola.
781 2064 816 2103 a
838 2047 986 2103 cibis
1009 2053 1067 2102 et
1085 2065 1295 2102 venere
1309 2047 1630 2102 abstinent.
1656 2069 1682 2095 ‹‹
1709 2048 1834 2100 Non
1861 2049 1951 2100 est
1975 2066 2001 2094 ››

353 2142 576 2198 autem,
596 2136 808 2206 inquit,
829 2153 1106 2208 «regnum
1124 2136 1402 2192 Deicibus
1416 2141 1658 2206 etpotus
1673 2136 1768 2203 (ά).
1790 2159 1811 2186 ι
1835 2135 2003 2190 Certe

357 2224 544 2295 magis
577 2241 811 2294 quoque
842 2242 998 2280 curm
1031 2230 1141 2292 est,
1176 2225 1275 2296 qui
1307 2225 1549 2296 angelos
1580 2223 1784 2279 colunt
1800 2228 1859 2278 et
1878 2223 2004 2277 dae-

360 2329 590 2377 mones,
624 2313 800 2367 simul
833 2329 865 2367 a
885 2313 1019 2367 vino
1051 2320 1110 2367 et
1137 2313 1416 2368 animatis
1434 2319 1491 2367 et
1511 2312 1688 2367 rebus
1705 2311 2004 2368 abstinere

357 2402 649 2456 venereis.
709 2402 1219 2467 Quemadmodum
1296 2408 1495 2458 autem
1554 2402 1858 2457 humilitas
1917 2405 2006 2456 est

360 2490 780 2557 mansuetudo,
832 2507 953 2545 non
1014 2497 1211 2545 autem
1269 2491 1510 2546 afflictio
1570 2491 1873 2562 corporis:
1923 2489 2006 2545 ita

361 2579 539 2635 etiam
571 2580 943 2634 continentia
965 2586 1055 2634 est
1075 2581 1288 2634 animae
1311 2580 1512 2647 virtus,
1539 2597 1669 2650 quae
1693 2597 1811 2634 non
1835 2586 1925 2633 est
1944 2580 2003 2634 in

357 2668 702 2734 manifesto,
734 2668 837 2722 sed
869 2669 930 2722 in
960 2669 1214 2724 occulto.
1249 2669 1396 2723 Sunt
1424 2675 1621 2724 autem
1654 2669 1851 2733 etiam,
1905 2667 2005 2738 qui

357 2757 808 2813 matrimonium
842 2763 1045 2828 aperte
1076 2758 1281 2813 dicunt
1310 2758 1786 2823 fornicationem,
1819 2762 1876 2811 et
1905 2756 2004 2810 de-

359 2852 615 2903 cernunt
645 2847 703 2900 id
737 2847 1018 2902 traditum
1052 2864 1179 2902 esse
1211 2864 1245 2902 a
1273 2847 1529 2902 diabolo.
1566 2847 1780 2901 Dicunt
1807 2851 2005 2902 autem

361 2935 604 3008 gloriosi
637 2935 732 2991 isti
778 2937 1102 3008 jactatores
1147 2954 1208 2991 se
1248 2937 1466 2991 imitari
1519 2937 1857 3001 Dominum,
1905 2936 2004 3006 qui

359 3041 555 3096 neque
581 3041 827 3080 uxorem
861 3025 1048 3089 duxit,
1073 3042 1267 3096 neque
1290 3026 1348 3080 in
1373 3025 1594 3080 mundo
1617 3023 1841 3096 aliquid
1869 3041 2007 3096 pos-

357 3113 546 3181 sedit;
581 3131 643 3169 se
676 3116 860 3187 magis
893 3132 1070 3186 quam
1102 3115 1201 3170 alii
1236 3115 1614 3186 Evangelium
1635 3113 2000 3170 intellexisse

354 3203 697 3276 gloriantes.
733 3204 829 3258 Eis
860 3211 1058 3259 autem
1100 3204 1243 3259 dicit
1275 3204 1611 3275 Scriptura:
1648 3225 1674 3252 «
1709 3204 1861 3257 Deus
1893 3219 1999 3257 su-

356 3292 556 3363 perbis
586 3293 830 3350 resistit.
866 3293 1198 3349 humilibus
1228 3301 1423 3349 autem
1455 3293 1556 3348 dat
1574 3293 1822 3364 gratiam
1857 3294 1944 3362 (e).
1973 3314 2000 3339 ››

358 3381 582 3437 Deinde
614 3385 888 3438 nesciunt
913 3399 1150 3438 causam
1183 3400 1288 3438 cur
1308 3383 1592 3438 Dominus
1615 3397 1858 3437 uxorem
1881 3397 2002 3435 non

360 3471 614 3525 duxerit.
642 3472 906 3528 Primum
929 3473 1193 3544 quidem,
1217 3472 1518 3544 propriam
1543 3472 1694 3526 I92
1719 3487 2003 3542 sponsam

361 3557 571 3612 habuit
621 3560 978 3616 Ecclesiam:
1025 3561 1240 3616 deinde
1289 3577 1445 3625 vero,
1493 3577 1603 3615 nec
1651 3560 1829 3614 homo
1878 3563 2006 3614 erat

361 3647 721 3714 communis,
754 3655 820 3704 ut
843 3666 990 3720 opus
1022 3649 1269 3705 haberet
1296 3649 1476 3704 etiam
1496 3649 1768 3720 adjutore
1801 3649 2002 3718 aliquo

362 3735 690 3790 secundum
709 3755 947 3793 carnem
970 3755 984 3803 ;
1006 3755 1201 3810 neque
1220 3746 1345 3793 erat
1360 3738 1414 3793 ei
1435 3755 1678 3794 necesse
1691 3753 2003 3810 procreare

355 3822 534 3890 filios,
565 3825 666 3895 qui
693 3833 895 3882 manet
916 3828 976 3882 in
998 3833 1309 3894 aaternum,
1332 3834 1390 3882 et
1410 3833 1584 3882 natus
1605 3833 1695 3882 est
1716 3827 1878 3882 solus
1899 3825 2002 3881 Dei

357 3911 560 3967 Filius.
591 3915 695 3969 Hic
716 3915 842 3986 ipse
866 3923 1064 3971 autem
1097 3917 1385 3972 Dominus
1405 3917 1584 3972 dicit:
1614 3939 1633 3964 ο
1657 3915 1820 3981 Quod
1849 3917 2002 3970 Deus

353 4001 685 4072 conjunxit,
710 4005 885 4060 homo
911 4022 986 4060 ne
1010 4012 1244 4078 separet
1263 4008 1347 4074 (f).
1376 4029 1402 4054 »
1425 4009 1496 4060 Et
1512 4023 1715 4061 rursus
1741 4023 1754 4062 :
1780 4031 1807 4056 »
1843 4006 2004 4064 Sicut

353 4094 553 4144 autem
578 4100 704 4148 erat
727 4094 786 4148 in
805 4094 1013 4150 diebus
1031 4097 1170 4160 Noe,
1196 4100 1366 4149 erant
1384 4095 1696 4160 nubentes,
1717 4101 1776 4150 et
1792 4097 2000 4168 nuptui

353 4177 586 4246 dantes,
621 4180 1007 4249 aedificantes,
1043 4189 1100 4237 et
1120 4182 1494 4254 plantantes;
1527 4190 1586 4238 et
1605 4185 1758 4238 sicut
1787 4191 1912 4240 erat
1942 4185 2002 4239 in

354 4265 566 4323 diebus
599 4271 722 4335 Lot,
759 4273 840 4326 ita
871 4272 982 4326 erit
1011 4272 1297 4327 adventus
1319 4271 1450 4325 Filii
1482 4272 1742 4326 hominis
1764 4274 1856 4342 (g).
1885 4294 1912 4321 ιι
1937 4275 2001 4329 Et

354 4355 509 4426 quod
528 4359 639 4415 hoc
657 4378 777 4416 non
797 4361 940 4417 dicit
963 4361 1034 4416 ad
1054 4366 1281 4434 gentes,
1297 4359 1576 4426 ostendit,
1602 4376 1736 4415 cum
1753 4361 1879 4432 subj
1890 4379 2002 4416 un-

421 4487 484 4551 ἄ(
515 4488 576 4541 Ρ.
611 4489 711 4541 533
745 4487 857 4540 ED.
893 4485 1185 4550 POTTER,
1219 4485 1322 4537 446
1355 4483 1464 4537 ΕΙ).
1500 4483 1727 4538 PARIS.

351 4576 453 4616 xu.
488 4559 597 4621 23;
629 4561 760 4613 Luc.
793 4575 888 4617 xx,
923 4559 1006 4610 35.
1088 4558 1158 4626 (c)
1191 4557 1210 4608 l
1242 4557 1371 4610 Cor.
1407 4573 1478 4620 v1,
1511 4557 1574 4609 13

355 4633 530 4686 Marc.
563 4647 618 4694 x,
652 4634 701 4683 9.
782 4632 858 4698 (g)
893 4629 1091 4682 Matth.
1126 4644 1280 4693 xxxv,
1312 4629 1417 4693 37;
1453 4627 1586 4681 Luc.
1621 4643 1753 4689 xvu,
1785 4630 1874 4682 28.

1833 4484 1906 4553 (α)
1941 4484 2140 4539 Matth.
2192 4502 2307 4549 xix,
2340 4485 2370 4538 3
2403 4501 2415 4551 ;
2455 4485 2628 4540 Marc.
2662 4501 2719 4546 x,
2751 4487 2803 4538 2.

1673 4555 1754 4624 (d)
1785 4557 1950 4613 Rom.
1983 4573 2098 4623 xxv,
2135 4560 2220 4610 17.

2108 1886 2229 1936 ται;
2265 1863 2429 1921 Ἀλλ’
2451 1867 2503 1920 οἱ
2534 1865 2622 1920 καὶ
2652 1868 2720 1921 τά
2761 1863 2966 1921 εἶ’δωλα
3017 1861 3306 1938 σεϐόμενοι
3358 1865 3669 1942 βρωμάτων
3701 1887 3762 1921 τε

2108 1954 2221 2027 ἃμα
2248 1956 2339 2009 καὶ
2370 1952 2706 2033 ἀφροδισίων
2733 1955 3053 2030 ἀπέχονται·
3091 1979 3118 2006 ‹‹
3150 1955 3266 2012 Ούκ
3297 1951 3407 2010 ἔστι
3439 1953 3497 2010 δὲ
3527 1959 3562 2026 ἡ
3600 1956 3760 2030 βασι-

2108 2041 2231 2098 λεία
2259 2048 2394 2099 Θεοῦ
2455 2044 2658 2119 βρῶσις
2712 2045 2800 2100 καὶ
2859 2044 3040 2112 πόσις,
3076 2069 3104 2096 ››
3162 2044 3348 2118 φησίν.
3404 2043 3638 2117 Ἀμέλει
3671 2042 3764 2099 διὰ

2109 2131 2394 2208 φροντίδος
2427 2133 2538 2188 ἑστί
2568 2133 2659 2187 καὶ
2689 2139 2808 2196 τοῖς
2841 2133 3061 2207 μάγοις,
3094 2131 3244 2187 οἷ’νου
3272 2153 3332 2188 τε
3367 2135 3508 2206 ὁμοῦ
3537 2133 3631 2188 καὶ
3669 2133 3778 2206 ἆμ-

2108 2221 2300 2297 ψύχων
2334 2223 2422 2276 καὶ
2475 2219 2810 2299 ἀφροδισίων
2857 2222 3178 2296 ἀπέχεσθαι,
3211 2220 3570 2294 λατρεύουσιν
3603 2221 3774 2297 ἀγγέ-

2110 2310 2234 2372 λοις
2293 2311 2383 2365 καὶ
2447 2307 2723 2381 δαίμοσιν.
2783 2311 2873 2372 Ὠς
2931 2309 2988 2365 δὲ
3038 2313 3072 2379 ἡ
3131 2310 3602 2386 ταπεινοφροσύνῃ
3661 2313 3776 2380 (52)

2107 2400 2354 2474 πραότης
2380 2398 2545 2471 ἐστὶν,
2579 2399 2714 2475 ούχῖ
2763 2397 2820 2454 δὲ
2869 2400 3142 2475 κακουχία
3193 2399 3470 2472 σώματος’
3501 2398 3649 2453 οὕτω
3678 2399 3774 2453 καὶ

2108 2493 2142 2559 ἡ
2174 2489 2456 2564 ἐγκράτεια
2485 2493 2673 2565 ψυχῆς
2705 2491 2892 2566 ἀρετὴ,
2947 2492 2980 2559 ἦ
3036 2488 3138 2544 ούκ
3187 2489 3239 2544 ἐν
3288 2494 3527 2566 φανερῷ,
3558 2487 3690 2544 ἀλλ’
3719 2488 3774 2543 ἐν

2111 2577 2428 2657 ἀποκρύφῳ.
2465 2579 2617 2636 Εἰσίν
2671 2580 2719 2632 0’
2777 2576 2829 2634 ο⁹ί
2877 2579 3129 2649 πορνείαν
3189 2576 3436 2653 ἄντικρυς
3464 2579 3558 2632 τὸν
3585 2579 3767 2653 γάμον

2111 2667 2327 2740 λὲγουσι
2359 2669 2449 2722 καὶ
2511 2669 2614 2723 ὑπὸ
2668 2672 2765 2723 τοῦ
2824 2664 3087 2723 διαϐόλου
3135 2667 3337 2737 ταύτην
3371 2664 3772 2740 παραδίδοσθαι

2111 2755 2520 2832 δογματίζουσι·
2555 2763 2841 2830 μιμεῖσθαι
2875 2755 2922 2811 δ’
2951 2757 3150 2820 αὐτοὺς
3175 2758 3226 2811 οἱ
3254 2755 3608 2831 μεγαλοῦχοί
3639 2778 3770 2833 φασι

2108 2847 2200 2902 τὸν
2262 2847 2481 2922 Κύριον,
2544 2849 2683 2920 μήτε
2738 2848 3011 2921 γήμαντα,
3074 2848 3216 2918 μήτε
3271 2867 3323 2900 τι
3355 2844 3406 2900 ἐν
3462 2850 3540 2918 τῷ
3569 2845 3768 2918 κόσμῳ

2109 2935 2466 3007 κτησάμενον⁸
2500 2936 2714 3008 μᾶλλον
2747 2937 2893 3011 παρά
2941 2936 3067 2997 τοὺς
3119 2933 3326 2995 ἄλλους
3356 2935 3669 3004 νενοηκέναι
3700 2937 3768 2990 τὸ

2113 3023 2442 3100 Εὐαγγὲλιον
2492 3025 2870 3099 καυχώμενοι.
2934 3025 3086 3100 Λέγει
3147 3022 3204 3078 δὶ
3261 3023 3447 3086 αὐτοῖς
3481 3026 3516 3094 ἡ
3552 3027 3766 3101 Γραφή-

2116 3139 2142 3164 ιι
2175 3112 2570 3188 Ὑπερηφάνοις
2632 3115 2659 3168 6
2718 3115 2849 3175 Θεὸς
2924 3114 3316 3180 ἀντιτάσσεται,
3369 3119 3650 3174 ταπεινοῖς
3708 3111 3773 3169 δδ

2115 3199 2307 3256 δίδωσι
2335 3202 2521 3276 χάριν.
2557 3227 2583 3252 ››
2618 3203 2730 3257 Εἶτ’
2760 3203 2863 3257 οὐκ
2891 3200 3033 3256 ἴσασι
3063 3203 3162 3270 τήν
3213 3201 3389 3256 αἶτίαν
3420 3206 3518 3256 τοῦ
3548 3203 3626 3275 μὴ
3658 3209 3772 3276 γῆ-

2114 3312 2211 3363 μαι
2241 3291 2333 3345 τὸν
2367 3289 2582 3366 Κύριον·
2611 3295 2832 3365 πρῶτον
2884 3290 2978 3364 μὲν
3031 3290 3158 3365 γάρ,
3206 3291 3304 3358 τὴν
3358 3288 3496 3345 ἰδίαν
3543 3290 3769 3364 νύμφην

2113 3380 2281 3454 εἶχεν,
2313 3381 2412 3447 τήν
2448 3377 2798 3448 Ἐκκλησίανο
2850 3377 3034 3434 ἔπειτα
3093 3377 3150 3432 δὶ
3204 3377 3328 3434 οὐδὲ
3377 3377 3665 3453 ἅνθρωπος
3695 3379 3770 3447 ἦν

2110 3469 2311 3535 κοινὸς,
2339 3467 2432 3523 *ίνα
2461 3468 2549 3522 καὶ
2587 3469 2793 3543 βοηθοῦ
2840 3489 2990 3532 τινος
3035 3469 3171 3523 κατὰ
3209 3467 3380 3543 σάρκα
3411 3465 3605 3540 δεηθῇ·
3640 3466 3774 3523 ούδὶ

2111 3558 2600 3626 τεκνοποιήσασθαι
2651 3557 2717 3626 ἦν
2763 3557 2910 3628 αύτῷ
2956 3557 3253 3632 ἀναγκαῖον
3293 3555 3487 3612 ἀϊδίων
3524 3558 3768 3629 μὲνοντι,

2119 3646 2209 3700 καὶ
2241 3646 2392 3718 μόνῳ
2425 3646 2534 3717 ι’ἱῷ
2554 3650 2688 3700 Θεοῦ
2713 3642 2986 3721 γεγονότι.
3013 3645 3191 3708 Αὐτός
3219 3644 3277 3700 δὲ
3309 3645 3467 3708 οὗτος
3497 3648 3526 3701 ὁ
3559 3645 3772 3722 Κύριος

2111 3735 2283 3808 λέγει·
2316 3759 2343 3786 (ι
2376 3735 2437 3790 Ὀ
2465 3733 2593 3796 Θεὸς
2627 3733 2950 3808 συνέζευξεν,
2983 3734 3269 3810 ἅνθρωπος
3303 3735 3381 3807 μὴ
3415 3735 3704 3810 χωριζέτω
3734 3759 3770 3786 ιι

2114 3825 2212 3879 Καὶ
2269 3823 2458 3878 πάλιν·
2521 3825 2783 3898 «Ἴὶσπερ
2843 3826 2956 3898 (53)
3011 3822 3069 3879 δὲ
3124 3824 3192 3894 ἦν
3245 3823 3296 3879 ἐν
3358 3830 3481 3888 ταῖς
3527 3826 3770 3900 ἡμέραις

2113 3918 2255 3979 Νῶε,
2339 3914 2476 3982 ἦσαν
2524 3917 2847 3988 γαμοῦντες,
2906 3914 3253 3988 γαμίζοντες,
3319 3911 3773 3987 οἰκοδομοῦντες,

2112 4003 2450 4080 φυτεύοντες,
2474 4003 2562 4057 καὶ
2586 4004 2659 4065 ὡς
2683 4003 2752 4071 ἦν
2775 4002 2828 4058 ἐν
2849 4009 2970 4067 ταῖς
2987 4003 3220 4078 ἡμέραις
3243 4004 3389 4074 Λὼτ,
3422 4004 3598 4066 οὕτως
3617 4002 3772 4060 ἔσται

2112 4095 2148 4162 ἡ
2180 4091 2450 4167 παρουσία
2499 4096 2599 4146 τοῦ
2665 4093 2792 4146 Υἱοῦ
2847 4096 2946 4146 τοῦ
3003 4093 3315 4168 ἀνθρώπου.
3349 4117 3376 4143 ››
3433 4094 3537 4148 Καὶ
3588 4092 3773 4148 δτιοί)

2112 4180 2250 4256 πρὸς
2293 4181 2362 4235 τὰ
2413 4179 2538 4251 ἔθνη
2599 4179 2766 4256 λέγει,
2826 4178 3086 4257 ἐπιφέρειο
3143 4205 3171 4232 ‹‹
3205 4186 3344 4255 Ἀρα
3374 4179 3550 4244 ἐλθὼν
3582 4183 3611 4234 6
3643 4181 3773 4243 Υἱὸς

2112 4273 2208 4324 τοῦ
2235 4269 2526 4344 ἀνθρώπου
2555 4272 2691 4342 (54),
2725 4270 2944 4340 τύρήσει
2973 4271 3073 4338 τήν
3105 4270 3284 4324 πίστιν
3319 4269 3406 4323 cui
3439 4277 3536 4338 τῆς
3567 4273 3710 4345 Tac;
3743 4294 3776 4322 ιι

2115 4365 2156 4413 Κ
2197 4358 2211 4376 \
2301 4359 2356 4414 ολ
2420 4378 2431 4390 .
2592 4358 2605 4378 9
2657 4359 2671 4376 \
2905 4365 2926 4374 -ι
3012 4358 3024 4374 ἳ
3293 4359 3305 4371 ι
3365 4355 3378 4376 9
3470 4358 3494 4392 ,Ι
3753 4359 3774 4380 \

2161 4380 2214 4413 αι
2245 4379 2318 4413 πα
2365 4380 2410 4412 ιν
2469 4383 2497 4410 ‹‹
2535 4361 2673 4415 Ουαι
2733 4356 2792 4414 δὶ
2834 4379 2952 4420 ταις
3008 4379 3059 4412 εν
3117 4378 3308 4432 γαστρι
3365 4378 3624 4433 εχοδσαις
3675 4380 3773 4413 και

2909 4483 2980 4546 (b)
3011 4483 3212 4538 Matth.
3241 4498 3382 4548 xxii,
3432 4485 3540 4548 30;
3587 4485 3770 4539 Marc.

2297 4556 2367 4627 te)
2394 4557 2513 4610 Jac.
2547 4572 2616 4620 iv,
2650 4557 2720 4622 6;
2753 4556 2777 4608 Ι
2807 4557 2962 4610 Petr.
2996 4573 3047 4622 v,
3076 4559 3128 4608 5.
3207 4557 3272 4621 (fl
3305 4554 3505 4609 Matth.
3541 4572 3658 4622 xu,
3689 4557 3768 4620 6;

429 4757 544 4825 (49)
575 4752 768 4811 Ἀλλά.
801 4760 954 4822 Hauc,
987 4754 1180 4810 verbis
1227 4771 1434 4809 rursus
1465 4753 1708 4825 paulum
1739 4754 2000 4817 variatis,
2030 4761 2077 4824 D
2109 4756 2310 4816 carnis,
2345 4769 2472 4822 cap.
2527 4755 2612 4817 19,
2643 4752 2794 4825 alios
2849 4752 3031 4806 fuisse
3091 4751 3424 4825 haereticos,
3455 4751 3558 4821 qui
3589 4751 3763 4807 dice-

359 4833 678 4922 pccurrunt
707 4827 907 4882 Matth.
940 4843 1084 4893 xxii,
1117 4828 1222 4892 30;
1258 4827 1429 4880 Marc.
1464 4842 1561 4892 xu,
1594 4827 1702 4892 23;
1739 4827 1872 4882 Luc.
1904 4843 2000 4887 xx,

355 4902 533 5042 #250)
565 4966 764 5036 Φησίν.
798 4969 855 5023 Si
887 4968 1020 5039 quis
1047 4967 1362 5039 pluraliter
1390 4965 1558 5022 malit
1586 4965 1733 5042 φασί,
1773 4985 1876 5040 per
1904 4983 2000 5022 me

353 5039 514 5094 licet.
547 5041 818 5095 SYLBURG.

428 5111 539 5181 (51)
571 5111 682 5174 Τήν
713 5108 990 5162 ἀνάστασιν
1048 5107 1142 5163 ἀπ.
1206 5110 1272 5163 Hi
1330 5109 1592 5164 hmretici
1624 5111 2002 5166 affirmabant

354 5179 443 5253 id,
472 5181 628 5250 quod
668 5187 803 5253 ante
836 5198 958 5253 eos,
1010 5181 1064 5236 S.
1117 5181 1298 5253 Paulo
1344 5181 1405 5234 in
1455 5181 1594 5253 vivis
1634 5190 1864 5253 agente,
1898 5181 1999 5237 alii

356 5247 649 5306 dixerant.
697 5251 796 5316 τήν
847 5251 1130 5303 ἀνάστασιν
1171 5247 1279 5317 ἤδη
1335 5251 1625 5322 γεγονέναι,
1672 5247 1700 5303 ἦ
1735 5247 2024 5308 resurre-'

355 5324 612 5378 ctionem
638 5322 904 5393 essejam
929 5323 1142 5377 factam
1170 5339 1181 5374 :
1215 5346 1234 5367 -
1267 5323 1316 5374 II
1336 5323 1481 5393 Tim.
1508 5341 1570 5388 ιι,
1597 5324 1681 5378 18.
1708 5325 1799 5377 Sic
1823 5326 2000 5378 etiam

355 5394 675 5451 Menander
731 5392 933 5448 dOCuit
989 5415 1014 5442 «
1047 5392 1546 5447 resurrectionem
1578 5410 1684 5464 per
1727 5395 1808 5455 id,
1843 5395 1999 5464 quod

353 5473 443 5522 est
472 5467 532 5522 in
564 5483 721 5532 eum,
758 5464 1051 5536 baptisma
1079 5463 1348 5535 accipere
1397 5464 1526 5534 ejus
1567 5463 1908 5535 discipulos.
1945 5472 2003 5521 et

349 5538 508 5594 ultra
538 5557 657 5594 non
691 5556 862 5610 posse
897 5536 1068 5610 mori,
1117 5551 1219 5606 seq
1270 5551 1644 5610 perseverare
1676 5553 1796 5591 non
1829 5554 2001 5610 sene-

353 5617 586 5666 scentes
614 5618 672 5666 et
692 5606 1071 5665 immortales
1098 5624 1110 5662 :
1148 5633 1168 5658 ιι
1208 5613 1274 5661 ut
1305 5606 1568 5661 referunt
1605 5610 1864 5663 lrenazus
1896 5609 1998 5665 lib.

352 5697 390 5740 ι.
415 5697 542 5753 cap.
577 5686 665 5750 2t,
700 5689 760 5737 et
786 5680 1186 5737 Tertullianus
1237 5678 1477 5753 lib.__De
1516 5681 1720 5746 anima,
1749 5696 1875 5752 cap.
1910 5684 1997 5738 50.

350 5751 635 5809 Memorat
663 5755 840 5811 etiam
885 5753 1286 5810 Tertullianus
1332 5751 1437 5807 lib.
1487 5753 1564 5808 De
1605 5751 2002 5809 resurreCtione

2113 4825 2254 4878 bant
2290 4845 2312 4874 α
2344 4824 2840 4878 resurrectionem
2865 4840 2994 4877 eam
3025 4823 3461 4880 vindicandam.
3487 4839 3607 4892 qua
3627 4825 3767 4893 quis

2115 4897 2274 4951 adita
2333 4896 2574 4950 veritate
2630 4895 3037 4951 redanimatus
3089 4901 3145 4949 et
3193 4894 3586 4949 reviviflcatus
3618 4896 3762 4962 Deo,

2113 4967 2463 5049 ignorantia»
2496 4976 2684 5022 morte
2716 4966 3004 5048 discussa,
3024 4965 3182 5049 velut
3205 4966 3277 5019 de
3311 4965 3585 5049 sepulcro
3610 4973 3765 5021 νείρ-

2113 5037 2194 5111 ris
2225 5038 2484 5093 hominis
2514 5039 2814 5111 eruperit:
2851 5079 2864 5092 .
2901 5083 2913 5093 .
2952 5081 2964 5094 .
2999 5037 3211 5111 exinde
3261 5038 3765 5093 resurrectionem

2113 5109 2229 5165 ﬁde
2259 5109 2639 5164 consecutos'
2668 5126 2803 5164 cum
2863 5110 3110 5164 Domino
3168 5125 3318 5175 esse,
3357 5123 3493 5162 cum
3528 5127 3664 5164 eum
3697 5112 3762 5165 in

2111 5181 2466 5251 baptismate
2495 5179 2820 5237 induerint.
2858 5204 2886 5232 »

2183 5249 2287 5322 (52)
2322 5251 2825 5325 Ταπεινοφροσύνλη.
2881 5252 3193 5325 Respicere
3243 5249 3474 5325 videtur
3531 5252 3758 5325 C_oloss.

2112 5309 2311 5397 11:23,:
2344 5324 2536 5397 ’Ἀτινά
2710 5309 2876 5397 λόγον
2941 5309 3056 5397 μέν-
3091 5316 3296 5397 ἔχοντα
3343 5320 3610 5397 σομφίαςλξν
3644 5322 3758 5377 ἐθε-

2114 5395 2465 5465 Λοθρησκείᾳ,
2520 5396 2610 5449 καὶ
2667 5390 3160 5471 ταπεινοφροσνόνῄξ
3216 5392 3303 5446 καὶ
3389 5390 3609 5466 ἀφειδίᾳ
3663 5398 3758 5448 τοῦ

2112 5467 2390 5536 σώματος.

2187 5541 2297 5607 (53)
2327 5540 2550 5611 Ὥσπερ.
2590 5543 2809 5594 Horum
2869 5554 3079 5594 sensus
3139 5537 3398 5592 occurrit
3456 5538 3595 5593 Luc.
3629 5555 3761 5604 xvn,

2111 5613 2218 5675 28;
2253 5611 2453 5666 Matth.
2489 5629 2639 5671 xxxv,
2675 5611 2762 5666 37.

2180 5683 2293 5752 (54)
2323 5682 2463 5752 ’ᾼρα
2506 5681 2677 5736 ἐλθὼν
2726 5682 2754 5734 ὁ
2803 5680 2926 5740 Υἱὸς
2979 5682 3079 5732 τοῦ
3128 5678 3245 5740 ἀνθ.
3290 5677 3354 5734 Ὀ
3379 5677 3504 5738 Υἱὸς
3529 5681 3627 5732 τοῦ
3656 5678 3753 5732 ἆν-

2180 5699 2293 5752 (οιιν)
2330 5699 2388 5736 Ἀ
2430 5701 2463 5734 α
2506 5699 2677 5736 εΛυων
2726 5699 2754 5734 0
2809 5699 2859 5734 ιι

2112 5752 2336 5825 θρώπου
2366 5699 2539 5816 ἐλθὼν
2571 5752 2693 5828 ἆρα,
2724 5754 2859 5809 Luc.
