4048 6186
335 220 476 277 1159
1566 214 1968 269 CLEMENTIE

2082 213 2520 271 LBXANDRINI
3612 215 3635 269 1
3650 213 3752 268 160

336 357 479 399 cens
510 337 1016 403 communionem,
1044 351 1164 390 non
1196 339 1394 391 autem
1424 335 1590 390 illam
1608 336 1897 392 incestam
1926 343 1968 392 e1

2098 335 2222 389 σατέ
2255 352 2343 407 με·
2404 334 2554 408 ξένος
2602 333 2783 409 ἤμην,
2842 336 2933 392 καὶ
2990 334 3317 411 συνηγάγετὲ
3375 351 3465 409 με·
3517 336 3752 408 γυμνὸς,

336 429 723 503 impudicam.
757 423 1062 492 Quomodo
1094 430 1291 480 autem
1322 424 1502 480 fuerit
1529 424 1582 479 is
1611 425 1713 495 qui
1754 426 1961 497 petite

2091 422 2182 479 καὶ
2239 419 2594 499 περιεϐάλετέ
2653 444 2739 498 με·
2818 427 2936 480 εἶτα
3011 424 3274 503 impiger
3343 448 3371 479 α
3427 424 3546 502 Ἐφ’
3622 423 3749 479 ὅσον

336 520 569 591 accipit,
606 522 663 573 et
692 518 743 571 is
774 516 874 586 qui
906 520 1230 577 mutuatur,
1256 513 1302 568 si
1329 513 1534 569 nullus
1555 513 1633 568 sit
1652 513 1753 584 qui
1773 513 1968 568 habear

2091 509 2386 584 ἐποιήσατε
2437 514 2520 568 ὲνῖ
2567 514 2781 570 τούτων
2827 519 2937 569 τῶν
2989 512 3319 588 ἐλαχίστων,
3369 514 3496 585 ἐμοὶ
3556 511 3751 583 ἐποιή-

336 615 394 665 et
416 608 516 663 det
536 612 742 662 mutuo
764 604 792 660 ?
810 602 961 670 Quid
982 620 1116 658 vero
1139 602 1168 658 ?
1189 605 1225 656 1
1240 604 1338 658 98
1360 601 1595 674 quando
1617 601 1762 657 dicit
1788 603 1986 657 Domi-

333 714 481 753 nus:
516 719 543 747 ιι
568 694 821 758 Esurivi,
847 699 907 748 et
928 708 1020 747 me
1042 692 1282 764 pavistis
1307 708 1321 757 ;
1346 691 1488 759 sitii,
1514 696 1573 745 et
1594 696 1802 763 potum
1835 690 1984 746 mihi

337 785 626 851 dedistis;
658 784 873 855 hospes
905 797 1091 850 eram,
1114 786 1174 836 et
1210 796 1304 836 me
1349 780 1713 853 collegistis;
1764 778 1983 843 nudus,

335 880 395 932 et
422 892 517 931 me
549 872 829 929 vestiistis
860 872 957 942 (a);
989 893 1015 916 »ι
1037 869 1254 925 deinde
1278 868 1583 941 subjungit
1603 885 1614 923 :
1634 890 1659 921 ε
1684 870 1984 934 Quatenus

334 963 562 1021 fecistis
593 963 694 1017 uni
727 962 940 1016 horum
973 960 1382 1025 minimarum,
1415 958 1561 1012 mihi
1589 957 1925 1029 fecistis(b).
1952 978 1981 1007 »

335 1051 614 1124 Nunquid
633 1050 868 1107 easdem
895 1065 1131 1120 quoque
1156 1046 1292 1102 tulit
1311 1046 1469 1119 leges
1491 1047 1551 1101 in
1567 1046 1760 1101 Veteri
1782 1049 1980 1100 Testa-

336 1147 538 1198 mento
559 1140 588 1195 ‘2
620 1163 647 1191 α
680 1140 788 1205 Qui
822 1137 923 1193 dat
952 1136 1249 1203 mendico,
1296 1136 1622 1191 faeneratur
1670 1136 1786 1190 Deo
1824 1136 1917 1207 (ο).
1952 1156 1980 1184 ››

302 1250 303 1257 η
332 1233 441 1286 Et:
482 1252 508 1283 ι
539 1231 618 1284 Ne
652 1227 1011 1283 abstinueris
1036 1241 1070 1280 a
1100 1223 1526 1280 benefaciendo
1560 1240 1742 1297 egeno
1788 1224 1886 1295 (d),
1952 1245 1980 1272 ››

333 1319 551 1390 inquit.
586 1320 655 1371 Et
679 1333 884 1371 rursus
909 1332 922 1370 :
957 1337 983 1364 α
1019 1314 1423 1386 Eleemosynae
1446 1318 1506 1368 et
1532 1312 1678 1368 fides
1699 1328 1774 1367 ne
1797 1318 1852 1367 te
1877 1310 1982 1366 de—

333 1409 642 1481 ficiant(e),
660 1430 687 1456 ››
703 1408 897 1478 inquit
933 1429 958 1453 α
975 1408 1323 1477 Paupertas:
1337 1404 1762 1460 antemuvirum
1778 1401 1942 1457 humi
1956 1433 1972 1442 -

329 1498 459 1566 liat,
491 1497 684 1554 ditant
712 1501 911 1552 autem
941 1511 1156 1550 manus
1185 1495 1443 1548 virorum
1470 1496 1559 1563 (f).
1596 1515 1623 1542 ι»
1666 1492 1981 1564 Subjungit

331 1593 572 1644 autem:
611 1608 637 1636 «
669 1586 778 1651 Qui
809 1584 1122 1656 pecuniam
1154 1598 1319 1638 suam
1351 1598 1472 1637 non
1504 1580 1670 1636 dedit
1715 1582 1789 1636 ad
1833 1597 1973 1635 usu-

2089 622 2232 657 σατε.
2268 627 2298 654 »
2326 602 2471 678 Οὐχὶ
2503 600 2561 657 δὲ
2588 602 2655 657 τὰ
2693 602 2829 659 αὐτὰ
2872 604 2961 658 καὶ
3010 600 3064 657 ἐν
3109 606 3179 676 τῇ
3234 601 3450 673 ῙΙαλαιᾷ
3501 604 3749 677 Διαθήκῃ

2087 691 2375 762 νομοθετεῖ
2406 711 2420 760 ;
2453 716 2482 742 «ι
2530 691 2587 745 ’Θ
2619 689 2803 753 διδοὺς
2849 695 2961 764 (84)
3005 696 3220 765 πτωχῷ
3265 688 3495 760 δανείζει
3541 695 3686 761 Θεῷ·
3720 716 3749 744 ιι

2086 777 2199 846 καὶ,
2245 802 2271 833 ι
2316 781 2407 850 Mi;
2457 779 2679 855 ἀπόσχῃ
2733 778 2790 835 εὖ
2846 784 3023 835 ποιεῖν
3081 776 3253 835 ἐνδεεῖ
3304 783 3435 852 (8:3),
3468 804 3495 830 ιι
3556 780 3750 858 φησίν.

2088 865 2191 925 Κσί
2221 865 2409 923 πάλιν·
2461 894 2481 921 ι
2518 868 2920 942 Ἐλεημοσύναι
2975 868 3065 924 καὶ
3111 867 3319 932 πίστεις
3376 869 3453 942 μὴ
3516 868 3739 924 ἐκλιπξε

2085 956 2264 1011 τωσάν
2297 977 2376 1027 σε,
2411 982 2439 1009 ››
2501 959 2667 1014 εἶπεν.
2729 983 2755 1009 ι(
2794 958 2953 1016 Ηενία
2988 983 3009 1008 ι
3067 955 3126 1013 δὶ
3186 982 3216 1009 ο(
3249 954 3419 1028 ἄνδρα
3468 963 3747 1014 ταπεινοῖ·

2090 1050 2274 1120 χεῖρες
2308 1042 2367 1099 δὲ
2395 1043 2603 1121 ἀνδρῶν
2636 1050 2767 1119 (86),
2797 1044 3203 1116 πλουτίζουσιν.
3238 1068 3264 1099 υ
3313 1047 3599 1124 Ἐπιφὲρει
3633 1050 3749 1119 (87)

2085 1129 2160 1188 δὲ·
2195 1134 2266 1188 ’Ἠ
2299 1128 2346 1187 δ’
2377 1131 2438 1187 ἂν
2466 1136 2598 1206 (88),
2631 1133 2691 1195 ’ὀς
2732 1132 2833 1187 οὐκ
2855 1130 3051 1188 ἔδωκεν
3092 1130 3179 1187 ἐπὶ
3212 1132 3361 1206 τόκῳ
3386 1133 3451 1188 τὸ
3479 1131 3749 1209 ἀργύριον

2085 1220 2271 1294 αὐτοῦ,
2305 1218 2600 1285 ἆποδεκτὸς
2633 1221 2850 1297 γίνεται·
2885 1246 2914 1275 υ
2945 1222 3059 1292 καὶ,
3095 1245 3123 1273 οι
3157 1222 3369 1296 Λύτρον
3400 1224 3511 1294 (89)
3545 1222 3744 1297 ψυχῆς

2084 1305 2301 1383 ἀνδρὸς,
2329 1310 2358 1365 ὁ
2390 1307 2530 1373 ἴδιος
2561 1308 2799 1373 πλοῦτος
2827 1309 3082 1387 κρίνεται.
3114 1332 3139 1362 ιι
3177 1309 3321 1386 Οὖγῖ
3354 1307 3613 1385 διασαφεῖ
3650 1308 3745 1365 ἇν-

2079 1419 2266 1473 τικρυς
2301 1443 2314 1469 ,
2381 1400 2457 1464 ὡς
2512 1401 2602 1455 οὗν
2660 1399 2711 1473 ἐξ
2767 1400 3020 1456 ἐναντίων
3074 1401 3103 1456 ὁ
3161 1400 3369 1475 κόσμος
3436 1399 3747 1476 σύγκειται,

2081 1487 2264 1559 ὣσπερ
2296 1487 2355 1544 ἐκ
2383 1494 2590 1563 θερμοῦ
2613 1489 2701 1545 καὶ
2736 1493 2955 1565 ψυχροῦ
2978 1495 3111 1561 (90),
3144 1492 3311 1564 ξηροῦ
3339 1511 3396 1546 τε
3417 1489 3510 1545 καὶ
3545 1490 3741 1565 ὑγροῦ,

2081 1576 2223 1633 οὕτω
2254 1584 2360 1633 κάκ
2385 1582 2493 1634 τῶν
2527 1576 2814 1649 διδόντων,
2845 1579 2949 1634 κάκ
2975 1584 3083 1633 τῶν
3136 1574 3530 1651 λαμϐανόντων
3555 1599 3571 1648 ;
3626 1581 3739 1633 Πάο

327 1695 478 1744 ram,
517 1678 584 1732 ιιι
611 1683 909 1747 acceptus.
943 1694 975 1728 ν
1012 1677 1115 1729 Et:
1162 1696 1190 1723 «
1239 1674 1500 1729 Pretium
1545 1672 1968 1745 redemptionis

2084 1665 2169 1720 λιν
2196 1687 2254 1721 τε
2284 1667 2350 1722 αὗ
2399 1667 2524 1722 ὅταν
2584 1665 2728 1742 εἴπῃ,
2785 1667 2901 1724 «bl
2961 1667 3137 1733 θέλεις
3193 1666 3400 1730 τέλειος
3456 1667 3739 1743 γενέσθαι,

323 1766 387 1831 >X<
417 1768 637 1829 anima.
668 1765 922 1837 proprias
940 1763 1289 1835 judicantur
1313 1763 1530 1817 divitia;
1562 1762 1641 1832 (g)
1696 1784 1724 1811 ››
1757 1767 1968 1817 Annon

2082 1753 2345 1825 πωλήσας
2380 1757 2450 1811 τὰ
2502 1756 2839 1832 ὑπάρχοντα,
2890 1753 2982 1819 δὸς
3038 1762 3309 1833 πτωχοῖς,
3367 1755 3586 1833 ἐλέγχει
3640 1757 3737 1811 τὸν

322 1861 525 1928 aperte
557 1853 798 1921 indicat,
831 1851 986 1924 quod
1028 1852 1180 1908 sicut
1208 1852 1466 1907 mundus
1492 1851 1869 1922 componitur
1901 1866 1972 1905 ex

325 1944 659 2007 contrariis,
688 1958 905 2014 nempe
935 1959 1006 1997 ex
1030 1940 1222 1997 calido
1255 1946 1315 1996 et
1346 1940 1579 2013 frigido,
1620 1939 1864 1996 humido
1911 1944 1972 1994 et

326 2034 503 2095 sicco,
538 2034 620 2088 ita
648 2032 823 2088 etiam
856 2048 927 2087 ex
953 2030 1025 2086 iis
1051 2031 1151 2102 qui
1183 2030 1346 2095 dant,
1379 2035 1438 2085 et
1466 2046 1533 2085 ex
1560 2030 1633 2084 iis
1682 2029 1781 2100 qui
1812 2028 1970 2084 acci-

320 2122 543 2195 piunt?
572 2123 642 2175 Et
666 2136 871 2176 rursus
892 2135 1026 2175 cum
1051 2119 1234 2173 dixit:
1260 2140 1288 2168 ‹‹
1312 2118 1369 2173 Si
1394 2120 1475 2172 vis
1499 2117 1793 2189 perfectus
1814 2133 1965 2184 esse,

323 2211 511 2266 vende
540 2227 673 2281 quas
703 2210 906 2276 habes,
939 2215 999 2263 et
1018 2208 1093 2263 da
1116 2208 1498 2279 pauperibus,
1537 2227 1560 2257 υ
1595 2207 1965 2262 refelliteum

325 2299 427 2370 qui
458 2298 824 2370 gloriabatur
844 2296 1002 2367 quod
1026 2321 1051 2347 ιι
1076 2296 1278 2351 omnia
1295 2297 1653 2367 ajuventute
1676 2301 1969 2367 praecepta

324 2392 693 2453 servaverat;
730 2408 757 2435 »
784 2402 905 2441 non
926 2386 1085 2440 enim
1108 2384 1454 2456 impleverat
1482 2383 1633 2439 illud
1658 2400 1670 2439 :
1696 2408 1722 2433 ιι
1749 2384 1966 2458 Diliges

320 2475 659 2548 proximum
679 2482 842 2530 tuum
858 2475 1011 2529 sicut
1028 2474 1281 2545 teipsum
1299 2473 1402 2544 1h):
1422 2498 1440 2520 -
1462 2479 1600 2529 tunc
1613 2478 1812 2529 autem
1830 2490 1964 2529 cum

319 2582 354 2621 a
384 2565 631 2620 Domino
663 2564 1069 2636 perﬁceretur,
1092 2561 1415 2618 docebatur
1442 2564 1886 2618 communicare
1908 2567 1968 2617 et

317 2653 611 2725 impertiri
644 2668 749 2723 per
777 2652 1145 2707 charitatem.
1174 2651 1428 2706 Honeste
1447 2667 1584 2722 ergo
1612 2667 1734 2706 non
1758 2651 1963 2722 prohi-

316 2742 446 2797 buit
474 2758 604 2797 esse
635 2740 900 2808 divitem,
932 2739 1037 2795 sed
1058 2756 1188 2796 esse
1210 2739 1453 2795 divitem
1475 2740 1696 2811 injuste
1719 2745 1779 2795 et
1796 2741 1962 2795 inex-

317 2830 637 2902 plebiliter.
678 2850 698 2878 ι
733 2829 1036 2884 Possessio
1063 2828 1289 2898 (enim.)
1322 2845 1453 2899 qua:
1483 2845 1619 2883 cum
1649 2829 1963 2900 iniquitate

317 2920 703 2986 acceleratur,
736 2918 932 2974 minor
962 2917 1230 2973 redditur
1261 2918 1345 2988 (ἱ).
1382 2940 1411 2966 ››
1444 2918 1836 2988 Sunt(enim.)
1858 2918 1960 2989 qui

316 3008 682 3064 seminantes
711 3006 1132 3077 multiplicant,
1164 3012 1225 3060 et
1253 3006 1355 3075 qui
1388 3005 1733 3077 colligentes
1760 3007 1961 3062 minus

295 3098 537 3165 ,habent
558 3098 644 3168 (j).
684 3118 710 3145 ››
744 3097 823 3151 De
856 3066 1072 3166 quibus
1105 3066 1391 3165 scriptum
1432 3066 1561 3149 est:
1591 3118 1617 3144 ‹‹
1652 3095 1957 3167 Dispersit,
1990 3066 2034 3137 θ

314 3187 480 3242 dedit
510 3184 888 3258 pauperibus.
913 3184 1151 3255 justitia
1180 3185 1309 3255 ejus
1337 3189 1541 3238 manet
1565 3184 1625 3238 in
1677 3185 1959 3240 saeculum

317 3274 519 3331 saeculi
546 3276 643 3345 (Ιε).
679 3295 706 3323 ››
739 3273 847 3339 Qui
871 3272 1031 3328 enim
1060 3295 1087 3321 ί(
1113 3272 1370 3326 seminat
1389 3278 1448 3325 et
1468 3272 1640 3343 plura
1661 3272 1903 3346 colligit,
1931 3294 1958 3320 ιι

313 3365 365 3419 is
396 3369 505 3430 est,
537 3364 636 3434 qui
669 3379 775 3433 per
805 3368 1102 3417 terrenam
1131 3367 1190 3415 et
1210 3360 1596 3431 temporalem
1628 3362 1960 3417 communi-

315 3454 609 3509 cationem
641 3468 707 3506 ac
752 3450 1255 3516 distributionem,
1303 3450 1564 3505 cmlestia
1605 3452 1863 3521 acquirit
1906 3457 1963 3506 et

316 3548 560 3596 aeterna.
593 3541 696 3593 Est
724 3544 920 3594 autem
964 3538 1142 3603 alius,
1176 3538 1275 3610 qui
1330 3539 1555 3593 nemini
1588 3539 1873 3610 impertit,
1906 3546 1963 3595 et

314 3630 614 3686 incassum
644 3651 672 3678 ‹‹
708 3629 1018 3684 thesauros
1047 3629 1109 3683 in
1141 3633 1299 3684 terra
1328 3628 1572 3700 colligit,
1616 3628 1716 3684 ubi
1765 3646 1961 3703 mrugo

316 3724 377 3774 et
407 3719 567 3772 tinea
595 3716 910 3772 destruunt
932 3719 1012 3783 tl).
1048 3737 1077 3766 »
1100 3718 1181 3772 De
1207 3734 1323 3788 quo
1347 3718 1631 3789 scriptum
1652 3724 1777 3773 est:
1801 3741 1829 3768 «
1853 3720 1959 3784 Qui

314 3806 853 3878 colligitmercedes
872 3805 1096 3878 colligit
1110 3806 1168 3860 in
1184 3823 1420 3861 saccum
1438 3807 1899 3880 perforatum(m)
1914 3852 1920 3858 .
1934 3830 1961 3857 »ι

315 3894 503 3963 Hujus
522 3917 547 3943 ιι
572 3910 818 3965 agrum»
847 3895 1135 3948 Dominus
1154 3894 1214 3949 in
1227 3895 1539 3968 Evangelio
1561 3896 1706 3951 dicit
1726 3920 1751 3945 ‹‹
1778 3897 1961 3954 fuisse

2075 1847 2438 1919 καυχώμενον
2481 1845 2566 1901 ἐπὶ
2611 1849 2693 1918 τῷ
2737 1845 2909 1908 πάσας
2952 1846 3047 1908 τὰς
3090 1845 3310 1908 ἐντολάς
3368 1844 3429 1900 ἐκ
3473 1844 3741 1916 νεότητος

2071 1936 2445 2007 τετηρηκέναι·
2495 1934 2557 1990 οὐ
2615 1938 2721 2009 γάρ
2779 1934 3137 2008 πεπληρώκει
3193 1933 3277 1999 τό,
3338 1960 3358 1984 ι
3405 1935 3737 2009 Ἀγαπήσεις

2072 2022 2164 2077 τὸν
2196 2021 2435 2093 πλησίον
2467 2045 2564 2079 σου
2594 2024 2668 2085 ὡς
2702 2024 2911 2079 ἔαυτόν·
2938 2048 2966 2075 ω
2996 2025 3120 2079 τότε
3143 2021 3221 2089 δὲ,
3257 2025 3359 2081 ὑπὸ
3385 2029 3485 2081 τοῦ
3519 2027 3735 2101 Κυρίου

2072 2111 2549 2186 συντελειούμενος
2578 2132 2593 2181 ;
2625 2109 2934 2168 ἐδιδάσκετο
2977 2109 3048 2168 δι’
3079 2113 3290 2189 ἀγάπην
3350 2112 3730 2187 μεταδιδόναι.

2074 2198 2265 2263 Καλῶς
2313 2201 2408 2255 οῦν
2458 2200 2716 2257 πλουτεῖν
2764 2202 2826 2257 οὗ
2873 2201 3181 2259 κεκώλυκεν
3209 2246 3225 2274 ,
3293 2201 3441 2260 ἀλλὰ
3494 2206 3601 2281 γὰρ
3660 2204 3727 2261 τὸ

2072 2287 2274 2352 ἀδίκως
2305 2289 2395 2344 καὶ
2444 2287 2742 2362 ἀπλήστως
2799 2290 3078 2348 πλουτεῖν·
3140 2298 3394 2363 «κτῆσις
3427 2293 3532 2369 γὰρ
3591 2293 3725 2349 ἐπι-

2072 2376 2416 2451 σπευδομὲνη
2447 2382 2557 2452 (91)
2600 2380 2736 2453 μετὰ
2774 2379 3005 2454 ἀνομίας
3058 2380 3295 2437 ἐλάττων
3346 2382 3576 2456 γίνεται.
3629 2383 3728 2439 Εἷ-

2071 2466 2123 2522 σὶ
2174 2473 2283 2541 (92)
2332 2468 2436 2543 γὰρ
2486 2467 2539 2523 οἳ
2576 2470 2885 2544 σπείροντες
2935 2466 3166 2526 πλείονα
3208 2474 3470 2540 ποιοῦσι,
3520 2472 3611 2526 καὶ
3674 2472 3727 2527 οἳ

2070 2558 2387 2632 συνάγοντες
2419 2557 2791 2614 ἐλαττοῦνται·
2827 2583 2857 2611 ››
2879 2559 3003 2635 περὶ
3034 2560 3109 2616 ὧν
3141 2561 3460 2635 γέγραπται·
3504 2561 3729 2637 Ἐσκόρ-

2068 2666 2240 2717 πισεν,
2274 2642 2472 2702 ἔδωκεν
2529 2652 2647 2711 τοῖς
2696 2646 2939 2717 πὲνησιν·
2973 2651 3008 2718 ὴ
3042 2645 3363 2719 δικαιοσύνη
3425 2649 3595 2705 αὐτοῦ
3631 2651 3728 2724 μισ

2067 2754 2145 2788 νει
2178 2736 2253 2796 εἰς
2300 2735 2391 2789 τὸν
2440 2733 2630 2791 αίῶνα·
2666 2760 2693 2787 ‹‹
2723 2737 2870 2809 ὁμὲν
2897 2736 2998 2811 γὰρ
3054 2736 3288 2812 σπείρων
3346 2736 3438 2792 καί
3490 2737 3729 2794 πλείονα

2067 2823 2308 2897 συνάγων
2341 2822 2499 2888 οὗτός
2540 2821 2681 2878 ἐστιν
2739 2824 2767 2879 ὁ
2826 2821 2918 2879 διὰ
2969 2831 3072 2894 τῆς
3128 2824 3368 2902 ἐπιγείου
3410 2827 3502 2882 καὶ
3564 2848 3735 2902 προσ-

2065 2912 2257 2987 καίρου
2289 2911 2629 2986 μεταδόσεως
2657 2914 2722 2970 τὰ
2763 2913 2986 2990 οὐράνια
3014 2916 3295 2988 κτώμενος
3346 2916 3440 2971 καὶ
3491 2917 3562 2973 τὰ
3591 2916 3728 2972 αίώ-

2067 3021 2174 3056 νια·
2217 2998 2399 3075 ἕτερος
2431 2998 2489 3057 δί
2527 3003 2556 3057 ὁ
2586 2999 2779 3075 μηδενὶ
2818 3000 3163 3073 μεταδιδοὺς,
3213 3029 3240 3057 ‹‹
3273 3009 3441 3067 κενῶς
3482 3005 3575 3061 καὶ
3623 3018 3731 3076 θη-

2070 3089 2336 3164 σαυρίζων
2368 3090 2457 3145 ἐπὶ
2496 3097 2597 3160 τῆς
2643 3098 2768 3165 γῆς,
2818 3090 2957 3147 ὅπου
3005 3093 3103 3162 σής
3159 3094 3247 3147 καὶ
3286 3094 3491 3170 βρῶτις
3533 3094 3733 3172 ἀφανί-

2074 3185 2171 3249 ζει·
2209 3205 2237 3231 ››
2270 3184 2390 3254 περί
2450 3179 2511 3235 οὗ
2566 3180 2865 3257 γέγραπται
2900 3206 2927 3233 ‹‹
2991 3182 3243 3257 Συνάγων
3298 3182 3428 3245 τοὺς
3468 3183 3731 3256 μισθοὺς,

2072 3272 2369 3347 συνήγαγεν
2402 3269 2478 3333 εἷς
2520 3267 2716 3342 δεσμὸν
2770 3273 3205 3346 τετρυπημένον.
3243 3298 3265 3326 ι
3322 3278 3533 3329 Τοῦτου
3564 3301 3590 3326 ιι
3626 3278 3727 3346 τὴν

2070 3362 2262 3435 χώραν
2316 3365 2424 3430 (93)
2477 3360 2829 3435 εὐφορῆσαι»
2890 3360 3039 3437 λέγει
3092 3362 3145 3417 ὲν
3198 3367 3280 3435 τῷ
3340 3364 3731 3439 Εὖαγγελίφὸ

2072 3449 2293 3522 Κύριος·
2326 3443 2510 3504 ἔπειτα
2538 3448 2667 3511 τοὺς
2712 3450 2961 3525 καρποὺς
3013 3452 3306 3506 ἀποθέσθαι
3359 3452 3730 3527 βουληθέντα,

2071 3536 2584 3613 οἷκοδομησόμενον
2617 3539 2900 3610 ἀποθήκας
2933 3541 3205 3613 μείζονας,
3247 3543 3385 3597 κατᾶ
3429 3545 3531 3609 τήν
3566 3563 3734 3617 προσ-

2073 3626 2382 3684 ωποποιίαν
2416 3626 2583 3684 εἶπεῖν
2616 3630 2753 3703 πρὸς
2779 3630 2989 3689 ἔαυτόν.
3043 3654 3072 3683 ι(
3100 3632 3291 3705 Ἔχεις
3320 3632 3498 3706 ἀγαθά
3545 3630 3736 3689 πολλᾶ

2073 3716 2405 3789 ἀποκείμενά
2434 3738 2519 3772 σοι
2550 3717 2628 3782 εἰς
2665 3716 2758 3787 ἔτη
2817 3717 3025 3775 πολλά·
3079 3720 3237 3796 φάγε,
3267 3721 3381 3789 πίε,
3415 3720 3732 3798 εὐφραίνου.

2073 3808 2286 3885 Ἀφρον
2318 3807 2433 3875 οὖν,
2466 3800 2588 3877 ἔφη’
2621 3808 2794 3882 ταύτῃ
2825 3809 2929 3883 γὰρ
2958 3811 3028 3881 τῇ
3058 3808 3208 3863 νυκτὶ
3247 3808 3347 3876 τήν
3394 3810 3586 3885 ψιχὴν
3634 3832 3736 3866 σου

2073 3895 2391 3950 ἀπαιτοῦσιν
2420 3895 2525 3950 ἀπὸ
2557 3898 2673 3949 σοῦ·
2704 3894 2737 3949 ’ά
2766 3898 2857 3950 οὖν
2886 3895 3215 3966 ἡτοίμασας,
3246 3896 3357 3951 τίνι
3385 3898 3617 3971 γένηται
3648 3918 3662 3968 ;
3696 3923 3729 3950 ιι

310 3982 568 4037 fertilem
599 3984 679 4050 (τι)
714 3998 727 4035 :
762 4005 791 4031 »
822 3982 1037 4037 deinde
1069 3999 1203 4037 cum
1234 3983 1413 4038 vellet
1440 3984 1667 4040 fructus
1690 4001 1998 4057 reponere,
2032 3992 2092 4041 et
2120 3990 2277 4042 esset
2308 4007 2331 4036 α
2368 3985 2597 4057 majora
2626 3986 2841 4042 horrea
2871 3985 3330 4051 aedificaturus,»
3362 3986 3475 4042 sibi
3507 3987 3733 4045 dixisse

314 4087 421 4143 per
452 4071 926 4143 prosopopmiam
964 4087 976 4124 :
1015 4092 1041 4121 ιι
1075 4071 1265 4126 Habes
1296 4071 1453 4127 bona
1480 4073 1669 4128 multa
1690 4075 1948 4144 reposita
1976 4074 2081 4135 tibi
2114 4074 2174 4129 in
2204 4074 2423 4129 multos
2453 4090 2663 4141 annos,
2697 4074 2825 4138 ede,
2859 4074 3017 4143 bibe,
3067 4075 3269 4131 laetare
3298 4092 3312 4129 :
3345 4076 3537 4131 Stulte
3567 4093 3733 4150 ergo,

312 4160 530 4231 inquit,
568 4159 678 4214 hac
711 4165 882 4215 nocte
906 4160 1166 4214 animam
1198 4165 1359 4215 tuam
1392 4177 1425 4215 a
1452 4166 1507 4215 te
1538 4167 1853 4232 repetunt;
1881 4181 2014 4235 qua;
2046 4180 2182 4236 ergo
2213 4164 2455 4234 parasti,
2489 4164 2661 4235 cujus
2691 4169 2868 4218 erunt
2895 4166 2973 4234 (a)
2994 4163 3022 4218 ?
3047 4184 3075 4217 ιι

378 4277 441 4339 ιιι
472 4279 536 4333 Ρ.
571 4277 674 4332 537
706 4278 817 4331 ΕΙ).
851 4277 1149 4349 ΡΟΤΤΕΒ,
1181 4278 1422 4331 449-450
1452 4277 1563 4332 ΕΙ).
1598 4277 1822 4333 PARIS.
1903 4278 1968 4349 (αξ

2082 4279 2212 4333 ttth.
2246 4296 2375 4342 xxv,
2409 4280 2498 4345 35,
2530 4280 2618 4333 36.

1368 4350 1439 4417 (Γ)
1468 4350 1632 4403 Prov.
1666 4366 1724 4412 κ,
1755 4351 1808 4404 4.
1899 4352 1976 4419 (g)
2003 4352 2169 4404 Prov.
2202 4367 2322 4413 xm,
2355 4354 2408 4406 8.

1854 4422 1930 4493 (Β)
1960 4423 1968 4476 1

2082 4421 2116 4477 ι.
2148 4438 2259 4492 cxi,
2293 4426 2346 4476 9.
2421 4421 2486 4492 (ι)
2517 4421 2720 4479 Matth.
2754 4438 2830 4489 γι,
2864 4424 2950 4478 19.
2993 4423 3089 4494 (m)
3118 4427 3259 4495 Agg.
3296 4441 3335 4490 ι,
3367 4428 3422 4481 7.
3478 4428 3559 4494 (τι)
3590 4426 3733 4482 Luc.

308 4348 385 4419 (ιι)
418 4350 585 4404 Prov.
620 4365 701 4405 ιιι.
733 4351 822 4402 27.
926 4349 996 4419 (ε)
1028 4346 1175 4402 lbid.
1209 4350 1261 4403 3.

311 4437 463 4486 xvm,
500 4421 584 4474 l8.
661 4423 727 4491 (ἱ)
758 4421 925 4475 Prov.
959 4436 1077 4486 xm,
1114 4422 1198 4473 11.
1274 4419 1349 4490 (j)
1379 4421 1545 4475 Prov.
1578 4437 1658 4485 χι,
1688 4423 1777 4477 23.

309 4508 405 4560 xu,
443 4494 628 4547 16-20.

2715 4279 2788 4346 (b)
2814 4279 2961 4334 lbid.
2994 4282 3083 4335 40.
3182 4280 3255 4348 (c)
3285 4282 3451 4336 Prov.
3486 4299 3607 4349 xix,
3642 4286 3734 4338 17.

2518 4350 2599 4416 (h‘
2634 4350 2835 4405 Matth.
2862 4368 2979 4412 xIx.
3017 4354 3116 4418 16;
3153 4353 3326 4408 Marc.
3355 4371 3413 4419 x,
3447 4356 3553 4420 l7;
3592 4355 3733 4409 Luc.

385 4607 592 4684 (84)_'0
625 4603 731 4662 διδ.
763 4609 934 4664 Prov.
969 4625 1084 4676 ιιι,
1128 4608 1192 4661 17
1219 4624 1232 4662 :
1287 4606 1525 4677 Δανείζει
1586 4607 1702 4681 Θεῷ
1734 4608 1761 4661 ὁ
1793 4604 1959 4663 ἐλεῶν

2082 4610 2235 4683 legit,
2269 4605 2509 4684 ἐπιφέρει
2539 4604 2596 4662 δε
2626 4604 2709 4662 ὅδ’
2760 4608 2849 4664 αὗ.
2912 4610 3208 4683 lnterpres
3255 4613 3621 4669 commation
3667 4613 3734 4668 id

314 4678 564 4734 πτωγόν.

386 4697 754 4824 ἒέῗϊίζνδ-εεῖ,
786 4744 999 4824 ’βδεῖ-δ,
1042 4749 1319 4824 Proverb.
1350 4751 1475 4824 _Sic
1503 4751 1777 4824 superius
1808 4746 1961 4819 ἐνδεῆ

313 4816 610 4877 mutatum
630 4820 705 4892 Ain
737 4816 1148 4892 év8:ai,_p.445
1177 4822 1299 4876 edit
1348 4822 1534 4878 Paris.

386 4894 499 5024 (86)
526 4888 787 4965 ’Δνδρῶν.
820 4888 1139 4961 Ἀνόῥείων,
1172 4893 1444 4948 PrOVPrb.

410 4965 504 5021 8⁸1)
536 4962 832 5024 Ἐπιφέρει.
874 4964 1015 5024 Quis
1074 4964 1197 5019 hinc
1256 4987 1284 5014 ‹‹
1318 4964 1444 5024 subj

410 4962 504 5038 87)
536 4962 832 5038 ’.Επιφέρε-ι.
874 4964 1015 5029 Quis
1074 4964 1209 5038 hinc
1256 4987 1284 5014 ‹‹
1318 4964 1625 5038 subjungit
1650 4964 1679 5019 ?
1708 4986 1735 5015 »ι
1797 4965 1965 5020 Certe

312 5051 435 5089 non
469 5034 913 5106 Salomongloco
946 5034 1623 5106 proverbiorum,‘que‘m
1656 5042 1832 5092 antea
1870 5052 1962 5091 re-

319 5104 553 5178 spexit}
588 5121 726 5178 nam
757 5104 817 5159 in
845 5122 913 5160 eo
945 5104 1071 5160 hinc
1100 5122 1218 5160 non
1244 5104 1641 5178 reperiuntur.
1675 5109 1843 5163 Forte
1874 5124 1966 5163 re-

318 5175 495 5259 spicit
526 5176 658 5259 Psal
706 5191 794 5259 xv,
828 5192 1101 5259 quocum
1129 5193 1180 5231 v.
1208 5181 1240 5259 l_
1266 5175 1692 5259 interrogatum
1716 5179 1962 5259 fuisset:

391 5245 596 5320 «Quis
631 5245 921 5320 habitabit
971 5246 1029 5300 in
1080 5254 1283 5302 monte
1343 5245 1691 5320 Domini?»
1738 5250 1967 5320 Aliquis

318 5313 601 5390 ἐπιφέρει,
633 5317 972 5390 respondet,
1010 5339 1037 5365 ››
1069 5334 1169 5390 ᾔνη
1192 5321 1246 5384 5,
1278 5319 1527 5390 eummibi
1560 5313 1967 5390 habitaturum

317 5383 605 5463 ességqui
634 5388 697 5442 τὸ
727 5383 982 5463 dmi»ng
1025 5383 1188 5463 αότοῦ
1242 5385 1365 5463 οὐκ,
1398 5385 1597 5442 ἔδωκεν
1656 5386 1745 5442 ἐπὶ
1801 5390 1965 5463 τόκῳ.

318 5460 551 5516 Similia
583 5460 905 5517 occurrunt
933 5460 1135 5513 Ezech.
1161 5475 1313 5521 xvm,
1346 5462 1396 5513 8.

389 5532 497 5605 (88y
523 5528 671 5605 "H__8f
703 5528 786 5605 ἄν.
814 5533 930 5605 Pro
954 5529 992 5605 ᾖ
1027 5526 1073 5583 δ’
1208 5546 1330 5605 non
1387 5531 1762 5605 incommode
1795 5549 1970 5605 repo-

313 5600 509 5659 sueris
569 5600 689 5658 ἰδοὺ
735 5602 894 5676 ἀνὴρ.
952 5603 1046 5658 Fr.
1098 5602 1308 5659 Junius
1358 5603 1578 5660 minori
1638 5600 1968 5661 mutatione

2073 4680 2385 4753 praeteriit;
2414 4680 2688 4738 SvLuunc.

2147 4754 2259 4829 (89)
2312 4750 2561 4829 ᾼύῌτρον.
2620 4752 2893 4829 _Pr_overb.
2958 4771 3080 4829 xm,
3130 4756 3221 4829 85
3266 4751 3473 4829 Λιξτρον
3524 4751 3733 4829 ῥνδρὸς

2073 4820 2258 4946 ψυχξξ
2319 4822 2346 4877 ὁ
2380 4820 2518 4885 ἴδιος
2577 4820 2842 4894 πλοῦτος,
2896 4823 3119 4897 πτωγὸς
3179 4820 3236 4878 δὶ
3285 4820 3393 4900 οὐχ
3441 4820 3731 4903 ὑφίσθαίεαι

2074 4915 2196 4946 απει
2243 4917 2290 4946 ν.

2243 4917 2290 4951 ν.

2074 4915 2540 5041 ῗπῗδόἷᾟιξυχρῇοὖ
2561 4966 2691 5041 _Hoc
2724 4967 2784 5020 in
2830 4965 2980 5021 Flor.
3009 4965 3151 5022 edit.
3197 4967 3483 5023 omissum
3519 4975 3731 5041 postu-

2073 5037 2159 5093 lat
2189 5036 2526 5093 antithesis.
2557 5038 2832 5093 Susum.

2147 5110 2261 5181 (91)
2319 5109 2569 5181 Κτῇσις.
2612 5151 2625 5163 .
2672 5151 2685 5164 .
2745 5102 3227 5181 ἐπισπευδομὲνῃῃ.
3287 5108 3551 5181 ’Ύπαρξις
3607 5108 3734 5164 ἐπι-

2147 5127 2261 5175 (91)
2321 5127 2525 5175 mum:
2556 5149 2569 5163 .
2612 5151 2625 5163 .
2672 5151 2685 5164 .
2745 5127 3180 5181 επισπευοομενῃ
3216 5150 3227 5161 .
3290 5127 3428 5162 ιπα
3468 5127 3551 5177 ξις
3607 5127 3732 5164 επι-

2076 5175 2542 5254 σπουδαζομὲνηξ.
2603 5180 2887 5254 ΡλῐξρνΘΓΪ).
2946 5184 3137 5254 κτῆσις
3194 5127 3732 5254 ἐπισπουέαζομὲνη,

2076 5250 2603 5318 ΟιθῐῐιριιεΡαξᾰαρ.
2639 5250 2742 5305 lib.
2777 5267 3021 5318 ni,vcap.
3054 5251 3162 5306 ult.

2148 5268 2351 5308 emens
2382 5268 2545 5307 νεαρ
2593 5294 2603 5304 .
2641 5268 2742 5305 ιιι).
2777 5268 2956 5318 ιιι,νοει
3009 5295 3021 5311 .
3054 5268 3162 5306 ult.

2148 5326 2258 5394 (92)
2300 5268 2651 5394 Είσίηείζῐζν
2707 5321 2760 5375 οἳ
2791 5269 3053 5394 -τὰ-ῗὲια
3093 5318 3445 5394 σπείροντες,
3506 5320 3734 5378 πλείονα

2076 5389 2327 5469 ποιοῦσιν
2366 5414 2378 5426 ·
2441 5390 2544 5449 είσὶ
2603 5389 2659 5447 δὲ
2717 5392 2807 5447 καὶ
2866 5391 2919 5446 οἳ
2978 5389 3294 5469 συνάγοντες
3352 5391 3729 5465 ἐλαττοῦνται,

2077 5465 2355 5521 Proverb.

2154 5538 2261 5612 (93)
2292 5536 2515 5612 X_u'ipav.
2548 5535 2717 5591 Lucas
2773 5552 3037 5605 sensum,
3069 5535 3263 5593 verbis
3307 5537 3555 5612 paulum
3598 5553 3732 5593 mu-

2080 5608 2220 5665 tatis
2246 5608 2495 5665 exhibet
2517 5612 2743 5664 auctor-
