4048 6186
233 279 362 335 1161

1559 280 2007 338 ΒΤΒΟΜΔΤΠΜ
2045 279 2180 334 LIB.
2221 281 2322 333 III.

3502 290 3644 344 1162

1735 459 1966 516 CAPUT
2006 459 2123 512 VII.

627 577 744 641 Qua
773 578 832 630 in
861 593 920 632 re
951 577 1392 633 Christianorum
1421 579 1761 633 continentia
1789 591 1907 631 eam
1955 591 2121 646 quam
2150 576 2255 630 sibi
2278 576 2564 631 vindicant
2593 578 2911 649 philosophi
2939 581 3250 636 antecellat.

297 727 360 780 Ἦ
395 726 489 799 μὶν
541 723 640 780 οὖν
692 727 1004 798 ἀνθρωπίνη
1059 726 1360 803 ἐγκράτεια,
1393 729 1427 798 ἡ
1459 729 1596 782 κατᾶ
1631 727 1760 790 τοὺς
1789 747 1875 804 φιν

2066 728 2335 783 Humana
2369 745 2507 800 ergo
2539 731 2930 798 continentia,
2965 749 3053 795 ea,
3096 733 3359 804 inquam,
3395 753 3524 807 quas
3557 745 3647 793 est

226 814 526 892 λοσὸφους,
581 813 724 890 λέγω
772 815 898 877 τοὺς
947 814 1257 887 Ἑλλήνων,
1306 817 1368 871 τὸ
1419 813 1781 891 διαμάχεσθαι
1810 817 1879 888 τῇ

226 903 510 974 ἐπιθυμίᾳ,
560 904 650 958 καὶ
709 906 782 975 μή
863 903 1207 980 ἐξυπηρετεῖν
1265 906 1401 977 αὐτῇ
1465 904 1539 966 εἷς
1608 905 1676 959 τὰ
1729 902 1878 979 ἔργα,

229 990 651 1067 ἐπαγγέλλεταιλ
684 995 718 1061 ἡ
749 995 869 1056 καθ’
901 995 1048 1065 ἡμᾶς
1097 991 1172 1058 δὲ,
1207 993 1267 1047 τὸ
1322 994 1396 1065 μή
1432 993 1738 1064 ἐπιθυμεῖν,
1773 991 1884 1066 οὐχ

224 1080 320 1135 ἵνα
347 1101 431 1143 τις
462 1081 741 1154 ἐπιθυμῶν
775 1085 1032 1156 καρτερῇ,
1083 1080 1212 1137 ἀλλ’
1260 1082 1410 1143 ὅπως
1448 1082 1537 1136 καὶ
1566 1085 1666 1135 τοῦ
1699 1080 1882 1143 ἐπιθυ·-

235 1175 356 1242 μεῖν
389 1168 802 1244 ἐγκρατεύηται.
865 1164 1056 1226 Λαϐεῖν
1119 1167 1176 1223 δὲ
1233 1167 1422 1232 ἄλλως
1480 1169 1578 1223 οὐκ
1633 1167 1744 1223 ἔστι
1783 1169 1880 1236 τήν

229 1258 544 1334 ἐγκράτειαν
573 1259 773 1328 ταύτην
872 1260 1058 1332 χάριτι
1080 1262 1178 1313 τοῦ
1205 1262 1364 1317 Θεοῦ.
1401 1258 1496 1312 Διά
1524 1262 1685 1312 τοῦτο
1719 1257 1882 1312 εἶπεν·

228 1372 257 1399 «ι
297 1347 535 1414 Αἰτεῖτε,
585 1348 676 1401 καὶ
736 1344 1024 1417 δοθήσεται
1083 1348 1233 1419 ὑμῖν.
1272 1372 1299 1398 »ι
1354 1349 1561 1417 Ταύτην
1595 1341 1757 1402 ἔλαϐε
1784 1347 1884 1414 τὴν

230 1437 394 1512 χάριν
446 1436 593 1490 καὶὸ
626 1438 891 1507 Μωϋσῆς,
944 1437 1007 1490 τὸ
1066 1433 1240 1498 ἐνδεὲς
1297 1440 1455 1508 σῶμα
1485 1435 1887 1511 περικείμενος,

228 1524 321 1579 ἵνα
350 1525 750 1595 τεσσαράκοντα
797 1524 1007 1599 ἠμὲρας
1053 1526 1192 1598 μήτε
1237 1526 1487 1599 πεινάσῃ,
1542 1526 1682 1597 μήτε
1724 1521 1891 1596 διψή-

239 1615 449 1689 σῃ.⁹Ως
496 1611 551 1668 δὲ
606 1613 865 1688 ὑγιαίνειν
916 1615 1137 1686 ἄμεινον
1180 1617 1276 1668 τοῦ
1324 1617 1584 1668 νοσοῦντα
1614 1613 1738 1688 περὶ
1772 1613 1889 1688 ὑγι-

238 1705 350 1766 είας
381 1703 744 1781 διαλέγεσθαι,
797 1703 940 1760 οὕτω
981 1706 1044 1759 τὸ
1095 1705 1230 1758 εἶναι
1280 1709 1396 1781 φῶς
1427 1708 1524 1759 τοῦ
1555 1703 1680 1779 περὶ
1712 1699 1893 1781 φωτὸς

238 1793 453 1858 λαλεῖν,
482 1794 634 1862 καὶὴ
666 1795 802 1848 κατᾶ
833 1792 1093 1863 ἀληθειαν
1144 1793 1429 1869 ἐγκράτεια
1476 1799 1575 1862 τῆς
1635 1793 1737 1846 ὑπὸ
1782 1795 1889 1846 τῶν

239 1882 556 1961 φιλοσόφών
591 1879 1011 1955 διδασκομὲνης.
1048 1883 1128 1939 Οὐ
1157 1884 1261 1958 γάρ
1295 1882 1433 1937 ὅπου
1463 1887 1599 1959 φῶς,
1632 1881 1744 1936 ἐκεῖ
1775 1881 1896 1936 σκό.

231 1989 345 2034 τος·
384 1970 511 2026 ἔνθα
546 1970 599 2026 Ve
630 1971 771 2025 ἐστιν
803 1971 1065 2043 ἐπιθυμία
1113 1971 1536 2047 ἐγκαθεζομένη,
1591 1970 1731 2043 μόνη
1765 1990 1891 2044 τυγ-

1995 833 2064 870 ex
2097 817 2393 871 sententia
2423 817 2916 889 philos0phorum
2952 821 3306 882 Greecorum.
3329 825 3645 894 proﬁtetur

1993 920 2254 976 pugnare
2283 922 2414 959 cum
2448 906 2794 976 cupiditate,
2827 913 2885 961 et
2913 909 2973 962 in
3008 908 3176 964 factis
3208 911 3258 964 ei
3301 928 3421 965 non
3454 913 3644 968 inser-

1993 993 2110 1046 vire
2137 1011 2150 1058 ;
2186 1010 2316 1063 quae
2352 1001 2440 1048 est
2463 1001 2658 1049 autem
2694 1013 2764 1051 ex
2786 1003 2989 1051 nostra
3011 999 3307 1055 sententia
3333 1001 3645 1055 continen-

1995 1082 2096 1143 tia,
2130 1099 2249 1136 non
2281 1084 2742 1154 concupiscere;
2775 1102 2896 1140 non
2932 1092 2997 1140 ut
3035 1088 3170 1158 quis
3218 1090 3644 1160 concupiscens

1997 1187 2058 1225 se
2089 1170 2320 1225 fortiter
2349 1178 2532 1243 gerat,
2567 1173 2669 1227 sed
2699 1179 2763 1228 ut
2785 1175 2962 1229 etiam
2995 1193 3029 1230 a
3077 1177 3552 1248 concupiscendo
3584 1194 3646 1234 se

1998 1261 2317 1315 contineat.
2353 1263 2472 1316 Non
2508 1268 2703 1332 potest
2728 1269 2924 1318 autem
2973 1282 3042 1320 ea
3089 1265 3261 1320 aliter
3313 1268 3647 1339 comparari

1999 1350 2388 1413 continentia,
2421 1351 2535 1405 nisi
2562 1353 2748 1424 gratia
2779 1353 2901 1408 Dei.
2929 1355 2997 1407 Et
3019 1355 3151 1409 ideo
3174 1355 3322 1410 dixit
3347 1373 3360 1410 :
3391 1377 3411 1404 ι
3438 1357 3647 1428 Petite,

2000 1443 2058 1492 et
2087 1437 2325 1493 dabitur
2344 1438 2508 1493 vobis
2531 1441 2625 1508 (a).
2653 1460 2678 1491 ι
2708 1442 2868 1497 Hanc
2889 1445 3139 1514 gratiam
3163 1446 3390 1516 Moyses
3414 1462 3651 1517 quoque

2001 1527 2247 1598 accepit,
2283 1528 2380 1599 qui
2416 1528 2660 1600 indigno
2688 1546 2933 1601 corpore
2957 1537 3084 1586 erat
3112 1533 3376 1602 indutus,
3406 1541 3474 1589 ut
3503 1552 3651 1605 qua-

2002 1614 2272 1687 draginta
2286 1616 2493 1670 diebus
2513 1634 2705 1688 neque
2719 1620 3195 1691 esuriret,neque
3210 1622 3418 1676 sitiret.
3437 1625 3650 1688 Quem-

2003 1705 2321 1759 admodum
2365 1711 2559 1760 autem
2609 1707 2826 1762 melius
2875 1714 2965 1762 est
3012 1726 3223 1764 sanum
3275 1727 3426 1778 esse,
3473 1728 3651 1782 quam

2004 1799 2386 1866 aegrotantem
2416 1796 2706 1851 disserere
2738 1797 2808 1850 de
2837 1798 3088 1854 sanitate
3115 1815 3128 1853 :
3161 1800 3244 1854 ita
3274 1800 3467 1856 lucem
3497 1818 3650 1869 esse,

2005 1899 2183 1954 quam
2210 1883 2372 1953 loqui
2406 1884 2476 1938 de
2508 1885 2678 1950 luce;
2712 1891 2770 1939 et
2802 1903 2932 1956 quae
2965 1892 3054 1941 est
3085 1904 3152 1942 ex
3182 1889 3426 1944 veritate
3461 1890 3651 1945 conti-

2006 1973 2232 2039 nentia,
2265 1989 2333 2028 ea
2363 1990 2494 2043 qua;
2546 1973 2791 2028 docetur
2818 1991 2852 2028 a
2892 1976 3282 2047 philosophis.
3333 1980 3458 2032 Non
3491 1979 3652 2033 enim

248 2063 512 2136 χάνουσα,
542 2060 637 2115 κᾶν
664 2065 733 2135 τῇ
783 2060 1024 2135 ἐνεργείᾳ
1071 2061 1324 2136 ἡσυχάζῃ
1357 2064 1425 2134 τῇ
1458 2056 1546 2114 διὰ
1574 2063 1670 2113 τοῦ
1703 2059 1894 2130 σώμα-

2006 2061 2104 2114 ιὺί
2139 2067 2228 2116 est
2257 2061 2379 2128 lux,
2413 2062 2538 2116 illic
2578 2063 2835 2117 tenebrze
2862 2081 2875 2130 ;
2903 2064 3004 2118 ubi
3036 2071 3234 2119 autem
3280 2065 3405 2120 sola
3436 2067 3656 2120 insidet

245 2172 360 2217 τος,
390 2155 460 2225 τῇ
496 2153 687 2224 μνήμῃ
716 2156 1052 2219 συνουσιάζει
1085 2152 1220 2223 πρὸς
1265 2151 1328 2204 τὸ
1380 2151 1455 2222 μή
1497 2147 1689 2224 παρόν.
1719 2148 1893 2210 Καθό-

249 2237 351 2295 λου
384 2237 441 2295 δὶ
489 2242 624 2312 ἡμῖν
677 2241 918 2314 προείτω
978 2243 1090 2312 (94)
1150 2240 1176 2293 ὁ
1232 2236 1395 2314 λόγος
1451 2237 1572 2312 περὶ
1605 2257 1663 2292 τε
1689 2238 1894 2312 γάμου,

244 2329 368 2403 περί
418 2350 477 2383 τε
522 2334 751 2404 τροφῆς,
800 2327 892 2382 καὶ
933 2331 1042 2382 τῶν
1092 2326 1304 2395 ἄλλων,
1357 2324 1528 2400 μηδὲν
1560 2327 1677 2380 κατ’
1708 2325 1896 2388 ἐπιθυ-

248 2418 376 2490 μίαν
407 2423 604 2482 ποιεῖν,
639 2416 816 2480 θέλειν
880 2413 934 2470 δὲ
991 2416 1130 2488 μόνα
1181 2414 1358 2470 ἐκεῖνα
1399 2415 1466 2469 τὰ
1497 2417 1783 2488 ἀναγκαῖα.
1817 2414 1892 2468 Οὐ

241 2505 344 2580 γὰρ
377 2503 533 2578 ἐσμεν
595 2505 885 2574 ἐπιθυμίας
943 2506 1061 2578 (95)
1118 2506 1297 2567 τέκνα,
1356 2503 1502 2559 ἀλλᾶ
1559 2503 1892 2576 θελήματος·

237 2594 326 2649 καὶ
381 2595 475 2648 τὸν
537 2592 624 2648 ἐπὶ
681 2590 1006 2663 παιδοποιίᾳ
1061 2594 1319 2666 γήμαντα
1367 2591 1675 2668 ἐγκράτειαν
1711 2592 1894 2645 ἀσκεῖν

241 2684 380 2758 χρή,
414 2683 488 2744 ὡς
524 2679 664 2755 μηδὶ
696 2680 976 2754 ἐπιθυμεῖν
1006 2688 1108 2750 τῆς
1136 2682 1388 2756 γυναικὸς
1429 2687 1528 2750 τῆς
1579 2681 1794 2750 ἑαυτοῦ,
1827 2679 1893 2748 ἦν

239 2773 446 2847 ἀγαπᾶν
483 2769 712 2849 ὀφείλει,
746 2775 929 2844 σεμνῷ
976 2770 1065 2824 καὶ
1115 2773 1353 2848 σώφρονι
1393 2767 1892 2841 παιδοποιούμενος

239 2860 534 2932 θελήματι.
569 2859 646 2917 Οὐ
698 2859 802 2934 γὰρ
850 2883 878 2910 ι(
912 2865 1012 2927 τῆς
1069 2859 1266 2932 σαρκὸς
1316 2859 1574 2932 πρόνοιαν
1617 2859 1892 2912 ποιεῖσθαι

237 2951 312 3014 εἰς
350 2949 643 3022 ἐπιθυμίας
672 2973 699 3001 ››
727 2947 1021 3021 ἐμάθομεν·
1057 2972 1085 2999 ‹‹
1110 2947 1477 3022 εὐσχημόνως
1500 2945 1557 3001 δὲ
1580 2949 1654 3008 ὡς
1676 2946 1726 3001 ἐν
1750 2947 1894 3019 ἡμὲ-

239 3059 305 3112 pq
336 3064 364 3091 »
412 3043 494 3110 τῷ
546 3041 784 3113 Χριστῷ,
835 3036 925 3090 καὶ
970 3041 1038 3109 τῇ
1085 3039 1331 3110 Κυριακῇ
1371 3040 1438 3110 τῇ
1473 3039 1708 3113 φωτεινῇ
1741 3035 1890 3110 ἀγω-

239 3131 333 3203 γῇ,
359 3152 386 3179 ι(
420 3127 867 3201 περιπατοῦντες,
902 3126 978 3198 μὴ
1010 3125 1223 3197 κώμοις
1273 3125 1362 3179 καὶ
1417 3124 1627 3195 μέθαις,
1663 3124 1740 3196 μὴ
1771 3122 1892 3177 κοίο

238 3237 356 3277 ταις
407 3215 497 3269 καὶ
545 3213 872 3289 ἀσελγείαις,
930 3213 1006 3287 μὴ
1057 3212 1193 3289 ἔρισι
1238 3212 1328 3267 καὶ
1376 3211 1586 3282 ζήλοις.
1634 3235 1664 3263 ››
1719 3209 1894 3268 Ἀλλὰ

241 3304 345 3380 γὰρ
378 3303 442 3358 οὗ
476 3303 639 3376 μόνον
685 3303 810 3376 περί
856 3323 908 3356 τι
957 3302 1012 3356 ’ὲν
1061 3300 1201 3363 εἶδος
1245 3303 1344 3370 τήν
1394 3301 1701 3378 ἐγκράτειαν
1735 3321 1895 3355 συνο-

243 3398 337 3468 ρᾷν
366 3394 655 3463 προσήκει,
708 3389 954 3446 τουτέστι
1001 3392 1068 3446 τὰ
1124 3387 1435 3467 ἀφροδίσια,
1495 3389 1638 3445 ἀλλὰ
1666 3391 1767 3464 γὰρ
1798 3388 1886 3444 καὶ

239 3482 362 3558 περὶ
393 3482 460 3536 τὰ
490 3479 653 3548 ἄλλα,
687 3481 786 3535 ’ὁσα
813 3478 1145 3535 σπαταλῶσα
1171 3480 1427 3552 ἐπιθυμεῖ
1456 3481 1490 3548 ἡ
1524 3479 1679 3553 ψυχή
1707 3481 1887 3551 ἡμῶν,

242 3570 340 3626 οὐκ
395 3568 705 3644 ἀρκουμὲνη
755 3573 872 3630 τοῖς
931 3569 1274 3644 ἀναγκαίοις,
1327 3569 1797 3643 περιεργαζομὲνη
1832 3564 1890 3623 Si

238 3663 336 3731 τὴν
371 3657 601 3736 χλιδήν.
634 3661 950 3736 Ἐγκράτειά
1006 3659 1147 3713 ἐστιν
1206 3658 1466 3734 ἀργυρίου
1512 3662 1888 3737 καταφρονεῖν·

240 3758 476 3830 τρυφῆς,
531 3751 804 3818 κτίσεως,
865 3750 987 3813 θέας
1041 3748 1640 3824 καταμεγαλοφρονεῖψ
1687 3747 1894 3820 στόμα-

241 3862 336 3903 τος
367 3845 608 3914 κρατεῖν,
643 3839 907 3914 κυριεύειν
967 3837 1220 3914 λογισμῷ
1269 3842 1378 3892 τῶν
1434 3842 1712 3914 πονηρῶν.
1744 3834 1886 3907 Ἤδη

247 3928 304 3985 δὲ
351 3928 442 3982 καὶ
493 3925 713 4002 ἄγγελοί
767 3929 876 3999 (96)
923 3947 1087 3994 τινες,
1137 3925 1386 4000 ἀκρατεῖς
1429 3925 1738 4002 γενόμενοι,
1777 3925 1891 3980 ἐπι-

245 4018 416 4090 θυμίᾳ
473 4015 718 4079 ἃλόντες,
803 4014 1090 4087 οὐρανόθεν
1177 4012 1334 4088 δεῦρο
1386 4018 1892 4070 καταπεπτὼκασιν.

249 4105 622 4165 Οὖαλεντῖνος
653 4102 710 4159 δὲ
741 4102 792 4159 ἐν
822 4106 891 4177 τῇ
922 4104 1058 4178 πρὸς
1089 4101 1436 4178 Ἀγαθόποδα
1465 4107 1578 4176 (97)
1609 4101 1893 4174 δπιστολῇ,

254 4224 273 4247 ι
315 4193 518 4262 Πάντα,
577 4193 765 4270 φησὶν,
824 4193 1142 4266 ὑπομείνας,
1200 4191 1464 4268 ἐγκρατὴς
1519 4191 1610 4265 ᾖν,
1669 4192 1898 4262 θεότητα

247 4285 463 4353 Ἰησοῦς
493 4279 788 4356 εἷργάζετο’
822 4281 977 4350 ἤσθιε
1033 4279 1124 4334 καὶ
1179 4277 1354 4334 ἔπινεν
1419 4277 1588 4346 ῖδίως,
1631 4280 1732 4335 οὐκ
1760 4280 1900 4336 ἀπο-

248 4369 436 4432 διδοὺς
485 4370 552 4425 τὰ
611 4370 897 4445 βρώματα.
956 4369 1208 4439 Τοσαύτη
1266 4370 1333 4438 ἧν
1393 4367 1540 4441 αὐτῷ
1593 4369 1902 4444 ἐγκρατείας

251 4458 508 4534 δύναμις,
541 4457 678 4513 ὣστε
725 4457 814 4512 καὶ
867 4458 943 4531 μὴ
1001 4465 1267 4535 φθαρῆναι
1324 4459 1428 4528 τήν
1481 4459 1691 4536 τροφὴν
1723 4457 1774 4513 ἂν
1805 4457 1899 4513 αὐ-

2002 2150 2318 2220 cupiditas,
2352 2151 2583 2205 etiamsi
2617 2152 2885 2222 quiescat
2915 2169 2948 2206 a
2976 2169 3261 2223 corporea
3284 2156 3654 2224 operatione,

1999 2244 2062 2294 at
2093 2239 2381 2293 memoria
2411 2256 2544 2294 cum
2576 2257 2666 2304 eo,
2702 2241 2861 2310 quod
2892 2257 3013 2295 non
3062 2247 3152 2296 est
3197 2259 3482 2312 praesens,
3515 2260 3659 2299 con-

1999 2327 2284 2398 greditur.
2321 2329 2660 2382 Generatim
2687 2328 2750 2391 ικ
2781 2335 2978 2384 autem
3011 2330 3182 2385 nobis
3212 2332 3495 2402 procedat
3525 2349 3660 2388 ora-

1999 2415 2078 2470 tio
2111 2416 2182 2470 de
2231 2416 2636 2484 matrimonio,
2670 2418 3059 2484 nutrimento,
3096 2425 3154 2473 et
3183 2419 3338 2488 aliis,
3390 2427 3457 2475 ut
3504 2419 3660 2476 nihil

1997 2505 2286 2558 faciamus
2309 2521 2378 2559 ex
2399 2505 2742 2576 cupiditate,
2767 2506 3015 2561 velimus
3041 2514 3241 2562 autem
3267 2526 3334 2563 ea
3357 2509 3501 2575 sola,
3524 2527 3656 2580 quae

1998 2598 2137 2646 sunt
2167 2593 2518 2648 necessaria.
2557 2595 2681 2647 Non
2715 2610 2920 2648 sumus
2947 2595 3105 2648 enim
3157 2596 3261 2649 filii
3291 2597 3652 2666 cupiditatis,

1998 2681 2100 2735 sed
2135 2681 2490 2746 voluntatis;
2529 2687 2586 2734 et
2618 2698 2775 2747 eum,
2809 2683 2908 2752 qui
2939 2699 3182 2737 uxorem
3218 2684 3385 2738 duxit
3413 2690 3654 2755 propter

1997 2770 2318 2824 liberorum
2349 2771 2844 2840 procreationem,
2891 2787 3164 2826 exercere
3198 2779 3430 2842 oportet
3461 2773 3650 2828 conti-

1996 2858 2282 2924 nentiam,
2315 2863 2380 2910 ut
2405 2874 2478 2910 ne
2507 2875 2672 2912 suam
2706 2858 2948 2928 quidem
2973 2861 3354 2930 concupiscat
3379 2878 3648 2928 uxorem,

1996 2962 2174 3017 quam
2193 2946 2368 2999 debet
2393 2946 2657 3018 diligere,
2679 2947 2930 3002 honesta
2948 2949 3323 3006 etmoderata
3340 2949 3648 3006 voluntate

1995 3051 2236 3105 operam
2264 3033 2411 3089 dans
2444 3034 2669 3088 liberis.
2697 3037 2823 3090 Non
2849 3037 3007 3092 enim
3039 3060 3065 3087 ‹‹
3099 3039 3298 3094 carnis
3323 3055 3527 3093 curam
3550 3055 3650 3111 ge-

1995 3138 2126 3176 rere
2147 3122 2220 3177 ad
2247 3122 2759 3194 concupiscentias
2784 3146 2810 3174 ››
2839 3123 3193 3192 didicimus;
3221 3148 3246 3175 «
3273 3126 3521 3181 honeste
3544 3144 3650 3182 au-

1995 3217 2112 3266 tem
2147 3218 2430 3282 tanquam
2459 3212 2518 3265 in
2552 3212 2669 3280 die,
2698 3235 2725 3261 »
2758 3212 3013 3282 Christo,
3049 3221 3107 3269 et
3130 3215 3434 3271 Dominica
3453 3215 3654 3272 lucida

1993 3301 2126 3356 vita:
2157 3300 2557 3370 institutione,
2597 3323 2623 3353 ιι
2659 3301 3058 3374 ambulantes,
3093 3321 3213 3359 non
3244 3305 3307 3358 in
3353 3321 3654 3360 comessa-

2001 3389 2262 3444 tionibus
2292 3395 2352 3444 et
2378 3389 2783 3456 ebrietatibus,
2821 3408 2942 3446 non
2983 3393 3046 3446 in
3097 3392 3394 3448 cubilibus
3435 3399 3492 3448 et
3538 3395 3652 3449 im—

2002 3479 2325 3551 pudicitiis,
2346 3495 2464 3533 non
2484 3479 2544 3533 in
2563 3479 2769 3535 litibus
2791 3486 2850 3534 et
2870 3481 3353 3538 contentionibus
3377 3483 3471 3551 (b).
3500 3505 3526 3532 η
3551 3484 3650 3538 Ve-

2001 3586 2131 3623 rum
2160 3569 2318 3623 enim
2340 3585 2474 3623 vero
2507 3587 2628 3623 non
2663 3575 2896 3641 oportet
2925 3571 3302 3626 considerare
3333 3570 3645 3627 continen-

1999 3659 2140 3712 tiam
2157 3658 2348 3712 inuno
2364 3658 2556 3712 solum
2575 3674 2811 3730 genere,
2837 3675 3050 3730 nempe
3074 3659 3133 3714 in
3159 3659 3336 3715 rebus
3356 3660 3644 3732 venereis,

2002 3747 2103 3803 sed
2119 3747 2372 3802 etiamin
2387 3747 2842 3818 quibuscunque
2858 3748 3012 3815 aliis,
3032 3765 3163 3818 qua)
3182 3749 3484 3804 luxuriosa
3500 3767 3645 3804 con-

2002 3835 2253 3907 cupiscit
2283 3836 2500 3903 anima,
2537 3853 2657 3890 non
2686 3842 2966 3890 contenta
2999 3838 3373 3905 necessariis,
3401 3838 3504 3893 sed
3536 3838 3650 3892 sol-

2003 3925 2164 3980 licita
2195 3924 2267 3979 de
2297 3923 2548 3978 deliciis.
2583 3925 2964 3980 Continentia
2993 3931 3081 3981 est
3113 3928 3429 3998 pecuniam
3451 3927 3652 3998 despi-

2004 4030 2136 4068 cere
2161 4031 2178 4078 ;
2200 4013 2581 4083 voluptatem,
2607 4014 3070 4084 possessionem,
3101 4015 3504 4086 spectaculum
3527 4032 3652 4070 ma-

2004 4120 2117 4176 gno
2150 4109 2208 4157 et
2238 4102 2470 4156 excelso
2503 4101 2702 4157 animo
2743 4108 3126 4158 contemnere
3156 4121 3169 4169 ;
3215 4121 3281 4159 os
3329 4105 3655 4170 continere,

2005 4193 2235 4248 ratione
2262 4209 2392 4262 qua)
2424 4196 2562 4247 sunt
2603 4191 2760 4247 mala
2797 4193 3052 4247 vincere.
3103 4194 3227 4248 Iam
3278 4209 3412 4247 vero
3462 4191 3659 4262 angeli
3707 4212 3709 4214 ·

2009 4297 2244 4353 quoque
2273 4281 2542 4352 quidam,
2573 4297 2707 4336 cum
2737 4281 2992 4336 fuissent
3023 4280 3488 4348 incontinentes,
3522 4279 3656 4333 victi

2010 4371 2353 4443 cupiditate,
2385 4371 2501 4424 huc
2531 4386 2561 4423 e
2593 4369 2739 4424 coelo
2771 4369 3140 4424 deciderunt.
3178 4367 3524 4422 Valentinus
3554 4383 3659 4421 au-

2009 4466 2128 4515 tem
2162 4461 2221 4514 in
2252 4458 2514 4530 Epistola
2548 4457 2622 4512 ad
2653 4455 3097 4528 Agathopodem
3126 4472 3138 4509 :
3171 4478 3198 4504 «
3243 4456 3387 4510 Cum
3436 4455 3659 4521 omnia,

321 4690 388 4754 ἦ(
418 4687 482 4741 Ρ.
512 4686 618 4741 538
638 4685 750 4740 ED.
784 4685 1076 4753 POTTER,
1097 4685 1327 4739 450-451
1378 4683 1491 4739 ED.
1524 4681 1752 4738 PARIS.
1811 4680 1887 4755 (a)

2005 4680 2121 4737 .tth.
2155 4695 2250 4747 vn,
2277 4681 2330 4733 7.
2364 4677 2442 4749 (b)
2471 4677 2639 4732 Rom.
2670 4691 2796 4742 χιιι,
2833 4676 2920 4741 12,
2954 4672 3040 4740 13,
3074 4672 3162 4729 14.

324 4906 441 4988 (94)
489 4904 759 4988 ΠροείτωΙ.
809 4907 874 4961 In
909 4905 1149 4988 Δπροείτω
1192 4905 1436 4988 vestigia
1476 4907 1615 4958 sunt
1644 4887 1894 4973 duplicis

2013 4915 2178 4988 nunc.
2201 4926 2269 4935 —
2292 4892 2461 4988 Conf;
2491 4908 2622 4963 quin
2649 4890 3062 4946 adnotavimus
3094 4889 3168 4946 ad
3209 4889 3389 4945 ﬁnem
3419 4887 3665 4957 Pwdag.,

253 4975 588 5051 scriptura),
619 4977 835 5051 προέτω
867 4985 927 5051 et.
950 4975 1200 5051 itpo‘itm.
1222 4975 1494 5051 SYLnURG.

327 5046 442 5122 (95)
475 5048 561 5122 Uti
585 5046 875 5122 Vibidiam
911 5046 1292 5122 im'ﬁespicit
1336 5049 1487 5102 forte
1527 5047 1691 5122 Joan.
1725 5062 1763 5111 ι,
1799 5046 1903 5122 1_3_3

253 5111 491 5192 Οῗνῗοῦκ
544 5111 609 5192 ἐξ
653 5111 923 5191 αἱμάτων,
979 5119 1112 5192 οὐδὲΔ
1147 5111 1468 5192 θελήματος
1523 5115 1752 5192 σαρκὸς,
1785 5111 1910 5168 οὐδὲ

253 5189 315 5245 ἐκ
342 5189 662 5266 θελήματος
690 5189 917 5266 ἀνδρὸς,
940 5191 1065 5266 άλλῗ
1098 5190 1157 5244 ἐκ
1187 5195 1322 5245 Θεοῦ
1346 5190 1729 5263 ἐγεννήθησαν.

329 5265 446 5332 (96)
470 5258 762 5338 Ἄγγελοι.
795 5258 1009 5338 Ὀρὶηἱο
1057 5258 1480 5338 ἱειειηνθῐςῐιιιω
1515 5258 1912 5338 quorumdam

257 5327 616 5408 d‘e'an'geli's'.
648 5327 862 5393 hausta
907 5344 995 5391 est
1043 5353 1113 5391 ex
1159 5335 1260 5408 illo
1311 5327 1914 5408 Genes._'v1:_'l86vtec_

262 5403 321 5459 δὲ
352 5406 405 5459 οἱ
437 5403 546 5460 υἱοὶ
575 5411 670 5461 τοῦ
719 5412 853 5462 Θεοῦ
895 5407 994 5489 τας
1045 5406 1337 5489 θυγατερας
1354 5408 1474 5489 ’τῶ-ν
1507 5403 1825 5488 ἀνθρώπων,
1859 5406 1918 5457 et

303 5494 398 5533 uaa
419 5486 784 5556 sequuntur:
812 5480 912 5536 sed
936 5477 1171 5556 decepit
1190 5479 1328 5556 il_los
1354 5477 1739 5556 Hebraismus
1755 5492 1774 5556 ,ε
1801 5489 1918 5544 qua

303 5496 398 5533 ua:
419 5496 784 5551 sequuntur:
812 5496 912 5536 seu
936 5496 1171 5549 decepit
1190 5496 1328 5532 lllOS
1354 5496 1736 5532 nenraismus
1762 5496 1774 5529 :
1801 5496 1918 5544 qua

258 5496 336 5604 ﬂe
370 5568 434 5606 re
466 5558 526 5607 et
555 5554 887 5608 Munsterus
936 5551 997 5605 in
1046 5566 1182 5605 eum
1226 5549 1444 5617 locum,
1480 5554 1538 5603 et
1577 5547 1919 5602 Notationes

262 5628 486 5679 nostrai
519 5623 582 5680 in
612 5623 890 5683 homilias
947 5623 1002 5678 S.
1037 5623 1279 5676 Patrum
1324 5637 1458 5694 pag.
1503 5621 1630 5676 560.
1681 5618 1748 5673 Η.
1783 5618 1922 5672 SYL-

587 5746 674 5806 ΡΑ
687 5761 856 5808 τιοι..
906 5746 1018 5807 Gn.
1064 5743 1225 5808 VIII.

2017 4971 2120 5026 lib.
2157 4985 2234 5029 ιιι,
2269 4982 2395 5029 cap.
2429 4968 2482 5019 2.

2085 4982 2610 5112 ἲθῖιίζιξιῗξθόξέοδέ
2660 5033 2744 5089 Cl.
2808 5033 3054 5112 Grabius
3106 5032 3402 5112 Spicileg._
3431 5048 3666 5112 $2130.11,

2019 5103 2199 5185 p.33,
2229 5103 2496 5185 adhunc
2532 5106 2880 5185 _Clementi_s
2922 5105 3129 5185 locum
3177 5103 3669 5185 haecadnotavit:

2026 5175 2052 5234 ἶ‹
2081 5177 2551 5255 Agathopus._ad
2605 5194 2782 5255 quem
2841 5177 3185 5255 Valentinus
3234 5175 3462 5255 litteras
3491 5175 3672 5240 dedit,

2025 5248 2181 5310 idem
2212 5248 2361 5308 forte
2394 5251 2507 5304 fuit
2537 5266 2670 5304 cum
2713 5248 2816 5302 illo
2869 5249 2970 5318 qui
3018 5249 3072 5303 S.
3106 5248 3397 5319 lgnatium
3427 5251 3674 5319 Romam

2024 5327 2098 5383 ad
2145 5323 2496 5394 martyrium
2555 5320 2878 5376 adductum
2937 5318 3271 5394 comitatus
3312 5325 3420 5394 est.
3453 5340 3480 5367 »
3513 5318 3674 5394 Idem

2027 5387 2384 5454 existimavit
2441 5393 2525 5470 (ll.
2575 5394 2924 5470 _Pear_sonus
2983 5390 3193 5445 Adnot.
3259 5387 3678 5470 inAlnizecv‘erba

2026 5469 2353 5541 lgnatianze
2381 5463 2646 5541 epistolae
2675 5463 3118 5541 ad§q1yrnzgo§
3160 5477 3286 5541 cap.
3325 5461 3420 5513 10:
3455 5456 3679 5541 «btlnqivo

2028 5529 2118 5594 κῖιὶ
2148 5539 2309 5593 Ῥέων
2343 5529 2793 5608 Ἀγαθόπουνηοῖ
2843 5529 3297 5608 ἐπηκολούθησαν
3333 5548 3440 5608 μοι..
3489 5547 3511 5575 α
3549 5529 3682 5608 Phi-

2029 5613 2234 5669 lonem
2263 5615 2322 5666 et
2349 5601 2537 5664 Reum
2567 5605 2972 5680 Agathopoda,
2996 5604 3098 5676 qui
3127 5617 3223 5658 me
3255 5601 3442 5656 secuti
3462 5605 3620 5660 sunt.
3652 5621 3681 5650 υ

3285 5722 3358 5782 37
