4054 6200
418 275 560 330 1163

1646 273 2054 330 CLEMENTIS
2092 269 2594 326 ALEXANDle

3688 269 3796 323 ιιει

419 403 636 474 inquit,
687 400 1095 467 sustinuisset,
1141 407 1269 457 erat
1317 403 1652 468 continens,
1705 400 2068 455 divinitatem

2188 394 2287 469 τῷ·
2351 395 2467 450 ἐπεὶ
2526 396 2586 449 τὸ
2641 392 2947 468 φθείρεσθαι
3000 394 3161 457 αὐτὸς
3215 394 3314 451 οὐκ
3369 397 3535 471 εἶχεν.
3575 420 3602 448 ιι
3647 397 3801 468 Ἡμεῖς

421 492 532 547 sibi
565 493 931 562 comparavit
957 493 1126 546 Jesus
1151 509 1164 556 ;
1200 491 1413 546 edebat
1439 499 1496 546 et
1517 490 1754 545 bibebat
1789 489 2075 560 peculiari

417 580 615 646 modo,
648 597 771 636 non
801 580 1059 635 reddens
1090 580 1254 634 cibos
1281 598 1294 646 ;
1327 587 1492 634 tanta
1525 581 1575 633 ei
1605 580 1798 633 inerat
1828 578 1912 632 vis
1935 594 2074 632 con-

418 671 711 733 tinentiaa,
738 677 804 725 ut
834 672 1013 724 etiam
1045 670 1477 724 nutrimentum
1512 671 1574 723 in
1607 686 1673 723 eo
1725 684 1846 723 non
1891 667 2078 721 inter-

418 759 573 826 ierit,
609 759 890 830 quoniam
916 759 1042 830 ipse
1070 776 1190 813 non
1241 759 1448 813 habuit
1498 758 1829 812 interitum.
1885 777 1912 805 ››
1964 757 2077 809 Nos

421 864 556 920 ergo
587 853 828 918 propter
860 847 1241 901 dilectionem
1275 847 1336 899 in
1371 845 1705 912 Dominum,
1751 851 1809 898 et
1838 849 2079 916 propter

416 938 614 1008 ipsum
645 938 963 991 honestum
1010 936 1428 1007 amplectimur
1445 934 1902 1000 continentiam,
1927 939 2074 987 tem-

417 1027 585 1099 plum
616 1026 865 1096 Spiritus
900 1026 1360 1081 sanctiﬁcantes.
1409 1025 1733 1079 Honestum
1778 1023 1940 1077 enim
1964 1026 2073 1087 est,

421 1136 449 1166 ‹‹
475 1120 719 1186 propter
730 1131 979 1187 regnum
1000 1114 1283 1169 cwlorum
1300 1115 1559 1184 scipsum
1575 1118 1831 1167 castrare
1846 1112 1923 1182 (α)
1951 1132 1978 1160 ››
2001 1111 2073 1165 ab

420 1205 584 1258 omni
617 1203 963 1274 cupiditate,
1008 1208 1065 1256 et
1112 1225 1138 1252 «
1188 1203 1511 1257 emundare
1562 1200 1990 1256 conscientiam
2043 1215 2076 1254 a

421 1293 674 1348 mortuis
709 1293 1008 1363 operibus,
1043 1292 1116 1346 ad
1141 1292 1514 1346 serviendum
1541 1293 1658 1345 Deo
1682 1289 1901 1344 viventi
1922 1288 2016 1360 (1)).
2044 1309 2071 1337 »

419 1382 526 1446 Qui
558 1387 758 1436 autem
791 1386 1032 1452 propter
1061 1381 1262 1435 odium
1291 1380 1570 1435 adversus
1603 1395 1841 1434 carnem
1871 1394 2073 1432 susce-

419 1476 587 1540 ptum
620 1486 654 1524 a
684 1470 982 1542 conjugali
1015 1471 1456 1540 conjunctione,
1493 1475 1550 1522 et
1572 1484 1773 1522 eorum
1810 1467 1910 1536 qui
1933 1482 2074 1521 con-

417 1559 665 1614 veniunt
705 1559 974 1613 ciborum
1024 1559 1500 1631 participatione,
1552 1557 1793 1611 liberari
1840 1555 2071 1610 deside-

417 1654 574 1706 rant.
606 1647 829 1702 indocti
860 1654 1000 1701 sunt
1031 1653 1088 1702 et
1109 1647 1300 1718 impii,
1338 1652 1398 1701 et
1424 1646 1648 1716 absque
1673 1645 1902 1700 ratione
1933 1662 2072 1699 con-

2191 486 2285 558 μὲν
2318 483 2414 538 οὖν
2447 481 2518 537 δι’
2549 483 2758 557 ἀγάπην
2804 486 2904 551 τήν
2955 486 3089 559 πρὸς
3130 485 3224 539 τὸν
3277 485 3471 560 Κύριον
3517 484 3611 539 καὶ
3639 484 3701 539 δι’
3727 487 3802 539 αὑ-

2185 572 2247 628 rd
2278 574 2340 628 τὸ
2379 572 2547 627 καλὸν
2607 572 2920 647 ἐγκράτειαν
2980 573 3350 644 ἀσπάζόμεθα,
3407 574 3499 629 τὸν
3561 574 3691 629 νεὼν
3731 573 3804 628 τοῦ

2188 662 2505 734 Πνεύματος
2537 665 2648 734 (98)
2683 663 3019 734 ἁγιάζοντες·
3053 661 3222 716 καλὸν
3268 663 3370 736 γάρ
3418 688 3446 714 ιι
3483 661 3576 717 διά
3602 664 3697 730 τήν
3730 664 3808 737 βα·

2189 751 2394 805 σιλείαν
2420 755 2527 805 τῶν
2581 749 2823 825 οὐρανῶν
2872 749 3205 826 εύνουχίζειν
3239 757 3346 824 (99)
3383 753 3572 806 ἑαυτὸν
3611 777 3631 800 ι
3665 753 3811 819 πάσης

2187 839 2502 911 ἐπιθυμίας,
2535 863 2564 890 ‹‹
2595 839 2686 893 καὶ
2740 840 3045 910 καθαρίζειν
3105 842 3205 908 τήν
3259 839 3570 911 συνείδησιν
3622 840 3721 895 ἀπὸ
3744 863 3810 896 v3-

2185 932 2331 1003 κρῶν
2365 923 2534 1004 ἔργων
2565 928 2643 990 εἷς
2671 928 2733 982 τὸ
2780 927 3058 1003 λατρεύειν
3109 933 3228 1000 Θεῷ
3273 935 3454 998 ζῶντι.
3488 955 3510 980 ι
3569 931 3639 986 Οἱ
3669 928 3722 983 δέ
3743 928 3815 984 διὰ

2185 1018 2248 1071 τὸ
2282 1022 2439 1090 μῖσος
2463 1019 2526 1072 τὸ
2559 1017 2692 1090 πρὸς
2720 1019 2821 1087 τὴν
2854 1021 3026 1092 σάρκα
3079 1022 3180 1083 τῆς
3237 1019 3373 1073 κατὰ
3421 1021 3603 1094 γάμον
3645 1035 3817 1074 συναΑο

2188 1103 2362 1180 λαγῆς
2394 1107 2484 1160 καὶ
2531 1112 2633 1175 τῆς
2683 1110 2791 1160 τῶν
2846 1106 3197 1175 καθηκόντων
3253 1108 3563 1182 βρωμάτων
3600 1107 3818 1181 μεταλήο

2187 1197 2332 1268 ψεως
2387 1193 2702 1270 ἀχαρίστως
2760 1193 3203 1250 ἀπαλλάττεσθαι
3258 1201 3558 1260 ποθοῦντες
3613 1198 3818 1269 ἀμαθεῖς

2184 1304 2242 1337 τε
2292 1285 2383 1338 καὶ
2437 1283 2602 1351 ἄθεοι,
2662 1282 2884 1358 ἀλόγως
2936 1283 3411 1360 ἐγκρατευόμενοι,
3478 1286 3720 1360 καθάπερ
3767 1285 3822 1339 τά

2187 1369 2418 1426 πλεῖστα
2445 1377 2554 1427 τῶν
2587 1371 2776 1428 ἄλλων
2827 1373 3014 1430 ἐθνῶν.
3068 1381 3393 1448 Βραχμᾶναι
3424 1380 3506 1447 (1)
3537 1380 3670 1448 γοῦν
3713 1372 3821 1429 οὔτε

2189 1455 2440 1536 ἔμψυχον
2474 1462 2765 1531 ἐσθίουσιν,
2823 1460 2946 1517 οὔτε
3003 1464 3145 1517 οἶνον
3201 1463 3468 1518 πίνουσιν·
3504 1462 3634 1520 ἀλλ’
3656 1464 3706 1517 οἱ
3738 1465 3818 1534 μὲν

2190 1547 2364 1603 αὐτῶν
2398 1552 2516 1613 καθ’
2573 1550 2800 1621 ἑκάστην
2855 1552 3088 1624 ἡμέραν,
3140 1551 3215 1614 ὡς
3261 1555 3452 1626 ἡμεῖς,
3503 1553 3607 1620 τήν
3633 1553 3817 1629 τροφήν

2188 1638 2523 1713 προσίενται,
2581 1635 2709 1693 ἔνιοι
2769 1637 2814 1694 δ’
2867 1641 3042 1695 αὐτῶν
3106 1638 3195 1695 διά
3245 1646 3413 1717 τριῶν
3473 1644 3722 1716 ἡμερῶν,
3757 1641 3820 1701 ὥς

418 1737 704 1802 tinentes,
739 1736 893 1790 sicut
921 1736 1052 1790 alia)
1083 1741 1289 1807 gentes
1334 1736 1627 1806 plurimae.
1676 1735 2068 1789 Brachmanes

2190 1748 2351 1805 φησιν
2396 1725 2746 1800 Ἀλέξανδρος
2804 1730 2831 1783 ὁ
2889 1727 3214 1804 Πολυΐστωρ
3272 1730 3326 1784 ἑν
3383 1735 3506 1792 τοῖς
3570 1727 3817 1791 Ἰνδικοῖς·

420 1824 663 1896 quidem
699 1829 856 1878 certe
890 1841 1084 1894 neque
1131 1825 1460 1879 animatum
1510 1823 1850 1889 comedunt,
1885 1840 2076 1893 neque

419 1916 625 1968 vinum
659 1914 915 1977 bibunt;
948 1913 1050 1968 sed
1077 1913 1262 1984 aliqui
1291 1913 1533 1984 quidem
1578 1929 1647 1966 ex
1692 1912 1764 1966 iis
1813 1912 2076 1982 quotidie

421 2005 575 2059 sicut
611 2020 722 2058 nos
755 2003 911 2056 I94
932 2001 1128 2056 cibum
1163 2003 1442 2072 capiunt;
1476 2001 1752 2055 nonnulli
1786 2008 1983 2055 autem
2008 2017 2078 2055 ex

423 2093 499 2146 iis
531 2092 703 2145 tertio
737 2107 974 2161 quoque
1007 2090 1122 2156 die,
1157 2096 1221 2144 ut
1249 2091 1332 2144 ait
1360 2090 1694 2144 Alexander
1739 2089 2079 2162 Polyhistor

423 2187 486 2249 ᾧ
516 2180 576 2233 in
607 2179 811 2233 Indicis
836 2197 849 2244 ;
875 2185 1128 2234 mortem
1151 2185 1349 2234 autem
1371 2184 1781 2244 contemnunt,
1809 2184 1866 2232 et
1886 2179 2076 2232 vivere

423 2267 598 2320 nihili
616 2267 847 2322 faciunt
873 2285 884 2334 ;
911 2268 1163 2321 credunt
1187 2268 1347 2322 enim
1374 2284 1502 2322 esse
1526 2267 2072 2338 regenerationem;

422 2354 607 2425 aliqui
641 2360 840 2409 autem
873 2355 1076 2409 colunt
1115 2356 1427 2410 Herculem
1461 2361 1517 2409 et
1543 2358 1788 2410 Panem.
1840 2355 1946 2420 Qui
1974 2372 2074 2409 au-

421 2449 541 2498 tem
575 2460 644 2498 ex
674 2444 834 2498 Indis
869 2451 1152 2498 vocantur
1184 2443 1406 2514 Σεμνοί,
1443 2446 1553 2499 hoc
1599 2451 1706 2507 est,
1755 2445 2072 2511 venerandi,

420 2533 564 2588 nudi
596 2538 777 2588 totam
811 2534 989 2588 vitam
1035 2534 1406 2606 transigunt:
1460 2535 1500 2587 ii
1553 2536 1856 2588 veritatem
1907 2551 2077 2588 exer-

421 2628 576 2689 cent,
639 2627 698 2677 et
745 2622 944 2677 futura
988 2623 1338 2693 praedicunt,
1387 2629 1446 2677 et
1505 2624 1709 2677 colunt
1755 2624 2074 2693 quamdam

418 2711 810 2783 pyramidem.
845 2711 955 2765 sub
988 2729 1100 2782 qua
1145 2713 1487 2766 existimant
1516 2712 1768 2783 alicujus
1800 2712 1895 2766 dei
1941 2727 2076 2766 ossa

416 2802 703 2872 reposita.
738 2802 938 2871 Neque
970 2817 1105 2855 vero
1141 2801 1676 2872 GymnOSOphistae,
1708 2818 1817 2855 nec
1851 2801 1951 2872 qui
1985 2799 2076 2854 di-

413 2896 631 2946 cuntur
659 2887 880 2960 Σεμνοί,
913 2895 1162 2944 utuntur
1188 2891 1560 2956 mulieribus,
1595 2891 1707 2945 hoc
1740 2891 1898 2946 enim
1921 2907 2073 2961 prai-

2185 1823 2582 1895 καταφρονοῦσι
2643 1817 2699 1874 δὲ
2757 1820 3010 1887 θανάτου,
3065 1821 3152 1874 καὶ
3207 1822 3334 1894 παρ’
3381 1819 3544 1876 οὐδὲν
3578 1823 3818 1894 ἡγοῦνται

2183 1907 2245 1960 τὸ
2276 1911 2395 1980 ζῇν·
2446 1907 2722 1970 πείθονται
2781 1907 2884 1979 γὰρ
2943 1909 3074 1963 εἶναι
3127 1907 3570 1984 παλιγγενεσίαν·
3602 1905 3634 1962 ἃ
3671 1905 3724 1961 δὲ
3750 1910 3817 1979 (2)

2186 1991 2436 2050 σέϐουσιν
2463 1995 2731 2071 Ἡρακλέα
2767 1997 2858 2052 καὶ
2909 2003 3073 2052 Πᾶνα.
3105 1998 3172 2054 Οἱ
3201 1995 3543 2070 καλούμενοι
3575 1996 3633 2052 δὶ
3664 2003 3817 2067 Σεμι-

2184 2085 2266 2138 νοὶ
2297 2085 2404 2139 τῶν
2467 2082 2646 2139 Ἰνδῶν
2701 2085 2901 2160 γυμνοὶ
2960 2083 3270 2141 διαιτῶνται
3329 2087 3419 2140 τὸν
3481 2088 3662 2142 πάντα
3693 2085 3814 2161 βίον·

2185 2173 2334 2227 οὗτοι
2364 2174 2462 2241 τήν
2495 2172 2752 2244 ἀλήθειαν
2806 2175 3052 2242 ἀσκοῦσι,
3094 2175 3184 2228 καὶ
3214 2175 3338 2250 περὶ
3368 2179 3478 2230 τῶν
3515 2173 3816 2249 μελλόντων

2183 2263 2592 2337 προμηνύουσι,
2651 2263 2739 2317 καὶ
2801 2258 3016 2318 σέϐουσί
3072 2285 3194 2318 τινα
3259 2262 3572 2339 πυραμίδα,
3629 2264 3713 2340 ὑφ’
3761 2261 3815 2330 ἦν

2185 2352 2342 2406 ὀστέα
2369 2353 2516 2413 τινὸς
2573 2353 2695 2416 θεοῦ
2751 2353 3065 2425 νομίζουσιν
3126 2353 3467 2416 ἀποκεῖσθαι.
3521 2351 3662 2410 Οὔτε
3697 2351 3750 2406 δὲ
3777 2352 3818 2405 οἱ

2184 2440 2616 2518 Γυμνοσοφισταὶ
2643 2437 2754 2494 οὔθ’
2785 2441 2836 2494 οἱ
2861 2441 3155 2515 λεγόμενοι
3185 2442 3387 2513 Σεμνοὶ
3417 2444 3627 2517 γυναιξὶ
3653 2447 3819 2518 χρῶν-

2181 2549 2289 2583 ται·
2324 2529 2469 2604 παρᾶ
2517 2531 2674 2607 φύσιν
2732 2530 2837 2605 γάρ
2894 2536 3056 2585 τοῦτο
3115 2533 3203 2585 κιοί
3235 2533 3561 2606 παράνομον
3594 2529 3815 2586 δοκοῦσι·

2184 2615 2256 2672 δι’
2299 2614 2366 2687 ἤν
2421 2617 2594 2672 αἰτίαν
2655 2625 2788 2696 σφᾶς
2845 2618 3043 2680 αὐτοὺς
3101 2618 3292 2694 ἁγνοὺς
3347 2625 3608 2696 τηροῦσι·
3641 2624 3819 2696 παρθε-

2183 2706 2398 2761 νεύουσι
2428 2705 2485 2762 δὲ
2510 2708 2599 2763 καὶ
2635 2709 2856 2780 Σεμναί.
2891 2713 3118 2763 Δοκοῦσι
3170 2707 3227 2763 δὲ
3275 2716 3620 2784 παρατηρεῖν
3650 2712 3711 2764 τά
3738 2711 3817 2765 ού-

2185 2797 2360 2871 ράνια,
2388 2798 2476 2852 καὶ
2537 2795 2625 2851 διὰ
2674 2804 2775 2866 τῆς
2829 2798 3036 2853 τούτων
3068 2798 3422 2871 σημειώσεως
3452 2805 3569 2856 τῶν
3603 2800 3816 2874 μελλόν-

2182 2907 2289 2940 των
2323 2886 2790 2960 προμαντεύεσθαί
2825 2908 2967 2945 τινα.

413 2984 504 3033 ter
532 2984 807 3034 naturam
841 2984 897 3033 et
927 2978 1201 3048 iniquum
1233 2995 1364 3032 esse
1417 2979 1793 3046 existimant;
1857 2996 1972 3050 qua
2026 2977 2097 3032 de
2153 2993 2334 3032 causa
2384 2977 2609 3049 seipsos
2667 2983 2861 3033 castos
2919 2985 3289 3036 conservant.
3337 2981 3614 3054 Virgines
3642 2988 3816 3040 autem

413 3073 555 3123 sunt
582 3067 761 3123 etiam
793 3067 1097 3129 mulieres,
1128 3084 1259 3137 quaa
1302 3066 1584 3122 dicuntur
1631 3066 1853 3138 Σεμναί,
1909 3069 2019 3121 hoc
2070 3070 2175 3133 est,
2227 3066 2567 3122 veneranda.
2622 3066 2906 3122 Videntur
2952 3075 3152 3124 autem
3200 3069 3521 3127 observare
3551 3072 3812 3143 caelestia,

413 3162 471 3212 et
497 3173 606 3228 per
635 3172 841 3212 eorum
873 3156 1369 3228 significationem
1401 3156 1674 3227 quaedam
1703 3156 1904 3212 futura
1932 3155 2276 3228 praedicere.

1905 3301 2131 3356 CAPUT
2180 3299 2322 3356 VIII.

409 3418 552 3474 Loca
580 3418 638 3474 S.
671 3418 983 3488 Scriptura
1010 3418 1079 3471 ab
1112 3417 1468 3495 haereticisjn
1500 3418 1832 3495 uituperiam
1861 3414 2208 3472 matrimonii
2237 3415 2480 3495 adducta
2514 3418 2801 3495 implicat,-
2857 3425 2910 3495 _e_t
2958 3421 3140 3488 primo
3192 3421 3357 3477 verba
3384 3423 3644 3495 Apostoli
3671 3425 3808 3480 Rom.

1227 3506 1300 3557 γι,
1336 3489 1428 3558 Μ,
1463 3490 1532 3543 ab
1564 3489 1946 3544 haereticorum
1963 3504 2224 3559 perversa
2253 3489 2709 3557 interpretatione
2739 3490 3006 3546 vindicat.

477 3613 768 3679 Quoniam
799 3619 996 3671 autem
1030 3615 1130 3686 qui
1163 3615 1549 3670 introducunt
1571 3615 2056 3682 indifferentiam,
2093 3619 2134 3685 C

407 3718 632 3774 paucas
657 3704 946 3775 quasdam
967 3706 1298 3775 Scripturas
1330 3705 1775 3775 detorquentes,
1799 3706 2063 3760 titillanti

412 3807 536 3846 suae
569 3792 855 3863 voluptati
879 3809 976 3847 eas
1009 3795 1316 3865 suffragari
1349 3795 1728 3861 existimant;
1763 3801 1888 3849 tum
1913 3813 2061 3866 prin-

408 3880 578 3951 cipue
615 3881 783 3934 illam
815 3898 1089 3950 quoque:
1125 3905 1151 3931 «
1182 3885 1495 3937 Peccatum
1529 3884 1688 3938 enim
1732 3884 1906 3938 vestri
1940 3901 2061 3938 non

407 3967 816 4022 dominabitur
841 3986 854 4035 ;
881 3985 1002 4024 non
1027 3971 1167 4024 estis
1188 3971 1343 4024 enim
1365 3971 1471 4024 sub
1497 3972 1645 4044 lege.
1669 3972 1772 4027 sed
1801 3973 1908 4028 sub
1931 3990 2059 4044 gra-

401 4057 486 4112 tia
509 4057 612 4127 (c);
652 4079 670 4106 ι
711 4062 768 4110 et
792 4057 1023 4127 aliquas
1068 4058 1215 4112 alias
1243 4058 1606 4128 hujusmodi,
1642 4077 1895 4130 quarum
1928 4066 2062 4132 post

402 4146 532 4201 hinc
560 4163 681 4200 non
708 4152 797 4201 est
825 4146 1040 4200 rationi
1063 4152 1535 4201 consentaneum
1559 4153 1623 4200 ut
1651 4148 1865 4203 faciam
1888 4165 2054 4203 men-

405 4237 630 4291 tionem
661 4237 804 4307 (non
835 4235 995 4290 enim
1029 4252 1237 4291 navem
1269 4235 1498 4289 instruo
1547 4235 1903 4307 piraticam),
1954 4254 2058 4309 age

401 4325 607 4396 paucis
625 4340 831 4378 eorum
851 4329 1268 4395 argumentum
1284 4321 1734 4394 perfringamus.
1754 4323 1884 4393 Ipse
1899 4323 2057 4378 enim

406 4413 671 4486 egregius
693 4412 1006 4483 Apostolus
1027 4413 1087 4466 in
1107 4412 1324 4478 verbis,
1345 4429 1475 4482 quas
1490 4411 1784 4482 praedicta)
1808 4411 2056 4467 dictioni

403 4500 729 4573 subjungit,
765 4501 1038 4555 intentati
1073 4501 1340 4555 criminis
1395 4500 1603 4554 afferet
1650 4499 2052 4556 solutionem:

405 4611 433 4639 ‹‹
470 4590 621 4655 Quid
653 4590 835 4661 ergo?
877 4590 1277 4661 peccabimus,
1331 4590 1473 4660 quia
1519 4606 1642 4643 non
1689 4606 1895 4645 sumus
1946 4591 2054 4647 sub

400 4679 550 4753 lege,
572 4678 675 4734 sed
694 4679 802 4734 sub
819 4680 1006 4747 gratia
1026 4679 1054 4734 ?
1071 4680 1237 4734 Absit
1253 4678 1354 4751 (d).
1376 4699 1403 4729 ι)
1434 4678 1595 4734 Adeo
1623 4679 1819 4735 divine
1845 4685 1901 4735 et
1925 4699 2057 4753 pro-

2246 3613 2392 3669 Ἐπεὶ
2430 3610 2486 3666 δὲ
2519 3613 2570 3666 οἱ
2599 3614 2697 3682 τὴν
2747 3611 3066 3692 ἀδιαφορίαν
3129 3613 3458 3693 εἲσάγοντες,
3510 3618 3814 3696 βιαζομινοί

2168 3721 2317 3770 τινας
2375 3699 2565 3775 ὀλίγας
2617 3702 2852 3780 Γραφάς,
2905 3710 3227 3778 συνηγορεῖν
3286 3706 3464 3762 αὐτῶν
3512 3712 3584 3782 τῇ
3615 3705 3808 3778 ἡδυπα-

2173 3789 2291 3861 θείᾳ
2321 3788 2546 3845 οἷόνται·
2598 3792 2730 3867 ἀτὰρ
2781 3790 2846 3860 δὴ
2907 3794 3182 3864 κάκείνην·
3245 3820 3274 3848 ‹‹
3305 3798 3587 3872 Ἀμαρτία
3612 3799 3714 3876 γάρ
3737 3802 3806 3871 (3)

2173 3879 2327 3951 ὑμῶν
2381 3879 2442 3933 ού
2495 3881 2786 3954 κυριεύσει·
2841 3881 2902 3936 ού
2955 3883 3060 3958 γὰρ
3121 3883 3240 3940 ἐστε
3301 3886 3406 3940 ὑπὸ
3463 3887 3664 3960 νόμον,
3692 3882 3802 3942 ἀλλ’

2171 3968 2274 4022 ὑπὸ
2307 3967 2493 4043 χάριν·
2527 3994 2553 4020 υ
2583 3970 2674 4024 καὶ
2702 3992 2850 4034 τινας
2883 3969 3056 4036 ἆλΑας
3094 3973 3375 4044 τοιαύτας,
3405 3975 3482 4029 ὧν
3521 3975 3612 4031 ἐπὶ
3639 3973 3806 4032 τοιού·

2165 4080 2283 4120 τοις
2318 4067 2628 4132 μεμνῆσθαι
2659 4063 2762 4117 οὐκ
2795 4060 3046 4138 εὔλογον.
3071 4064 3158 4135 (οὐ
3195 4065 3299 4139 γὰρ
3332 4065 3672 4136 ἐπισκευάζω
3690 4070 3802 4120 ναῦν

2173 4151 2537 4223 μειρατικήν.)
2567 4151 2695 4228 φέρε
2725 4148 2791 4220 δὴ
2833 4149 2922 4206 διὰ
2973 4153 3227 4228 βραχέων
3260 4153 3615 4228 διακόψωμεν
3642 4156 3802 4212 αὐτῶν

2167 4238 2269 4306 τὴν
2305 4237 2642 4313 ἐγχείρησιν·
2675 4241 2837 4303 αὐτὸς
2876 4242 2978 4315 γάρ
3028 4243 3057 4296 ὁ
3104 4248 3350 4317 γενναῖος
3385 4243 3719 4305 Ἀπόστολος
3745 4246 3803 4315 τῇ

2168 4325 2544 4402 προείρημένῃ
2580 4326 2722 4399 λέξει
2767 4327 3036 4404 ἐπιφέρων
3087 4329 3418 4386 ἀπολύσεται
3447 4334 3512 4388 τὸ
3546 4332 3798 4409 ἔγκλημ’

2168 4437 2194 4466 ‹‹
2229 4415 2294 4471 Τί
2327 4414 2457 4485 οὖν,
2506 4418 2910 4493 ἁμαρτήσωμεν
2958 4421 3058 4492 (4),
3109 4418 3195 4476 ὅτι
3243 4417 3343 4476 οὔκ
3384 4421 3549 4495 ἐσμεν
3583 4423 3684 4478 ὑπὸ
3713 4420 3800 4475 νό-

2169 4525 2288 4577 μον,
2322 4503 2448 4560 ἀλλ’
2503 4506 2605 4561 ὑπὸ
2636 4507 2840 4582 χάριν;
2899 4509 2992 4576 Μὴ
3052 4507 3287 4583 γένοιτο.
3324 4532 3348 4563 ι
3407 4509 3600 4573 Οὕτως
3629 4511 3801 4572 ἓνθέως

2163 4593 2253 4648 καὶ
2303 4600 2660 4672 προφητικῶς
2707 4595 2993 4652 καταλεύει
3038 4597 3386 4675 παραχρῆμα
3434 4601 3537 4671 τὴν
3579 4618 3803 4679 σοφιστι-

2161 4683 2263 4752 κὴν
2296 4689 2399 4752 τῆς
2429 4679 2634 4753 ἡδονῆς
2664 4685 2890 4760 τέχνην.
2943 4682 3016 4739 Ού
3067 4685 3324 4741 συνίεισιν
3368 4686 3485 4759 οὖν,
3521 4689 3598 4751 ὡς
3623 4684 3797 4754 ἔοικεν,

399 4770 633 4842 phetice
665 4785 696 4824 e
726 4768 968 4840 vestigio
999 4769 1267 4824 dissolvit
1293 4773 1479 4824 artem
1502 4768 1817 4839 voluptatis
1848 4771 2049 4841 sophi-

2182 4769 2246 4826 ἔτι
2277 4795 2306 4824 ‹‹
2338 4770 2478 4833 Τοὺς
2525 4773 2730 4836 πάντας
2777 4775 2928 4846 ἡμᾶς
2974 4778 3356 4853 φανερωθῆναι
3405 4776 3488 4832 δεῖ
3518 4774 3800 4853 ἔμπροσθεν

468 4895 637 4976 ξιτ-(ιι)
668 4893 868 4976 Matth.
899 4911 1015 4961 ιιι,
1047 4897 1132 4949 12.
1168 4893 1244 4966 (b)
1276 4893 1450 4949 Hebr.
1485 4911 1563 4962 Ix,
1598 4896 1684 4949 14.
1711 4893 1774 4957 ›ι‹
1799 4897 1861 4951 Ρ.
1904 4897 2008 4950 539
2046 4899 2068 4951 Ι

2192 4900 2485 4963 POTTER,
2519 4903 2646 4971 451,
2697 4903 2802 4957 452
2851 4904 2966 4958 ED.
3009 4904 3236 4960 PARIS.
3293 4905 3384 4976 (c).
3419 4907 3588 4962 Rom.
3621 4921 3693 4976 γι,
3723 4903 3798 4959 ιι.

401 4965 480 5036 (οι)
510 4965 786 5031 lbid.,15.

407 5087 716 5215 16(εὶῗζΤὸν
771 5088 904 5142 νεὼν
965 5092 1060 5143 τοῦ
1113 5086 1450 5162 Πνεύματος.
1511 5090 1675 5148 Conf.
1736 5093 1931 5148 ICor.
1965 5112 2048 5166 ιιι,

437 5200 1010 5321 ’νίθρί.Εύν2υχίζειν.’
1043 5233 1306 5319 Respicit
1345 5234 1550 5331 μελίαι.
1606 5251 1722 5331 ξιξ,
1759 5239 1862 5324 ιεε
1895 5234 2046 5331 Γιθξσξν

401 5303 675 5396 ξύγοῦχοι,
707 5301 931 5391 οἵτινες-
960 5301 1283 5378 εὐνούχισαν
1345 5304 1565 5365 ἑαυτοὺς
1619 5301 1709 5357 διά
1759 5307 1857 5374 τὴν
1895 5307 2051 5381 βασι-

402 5373 688 5430 λείαν’τῶν
723 5373 995 5448 οὐρανῶν,
1127 5373 1160 5378 ’⁷
1818 5373 1823 5374 ν
1895 5373 1904 5381 -

403 5453 548 5529 Eli)
602 5449 960 5529 Βρὲιχμᾶνα-ι...
1007 5447 1088 5500 De
1154 5447 1532 5529 philosophis
1605 5446 1828 5503 Indicis
1888 5453 2044 5529 conf.

402 5519 864 5593 Strabo,'Geogr.
899 5519 1000 5575 lib.
1026 5536 1133 5585 xv;
1157 5519 1470 5586 Eusebius,
1491 5521 1736 5588 Pravpar.
1775 5525 2043 5592 evangel.,

398 5589 503 5646 lib.
536 5609 611 5659 γι,
643 5609 692 5649 c.
729 5596 830 5658 t0;
865 5592 1242 5660 Recogm‘tion.
1291 5589 1616 5647 Clementis
1657 5589 1761 5648 lib.
1808 5609 1881 5662 xx,
1915 5611 2042 5666 cap.

2161 5099 2287 5222 %O;_
2327 5096 2601 5222 Cleitnens
2655 5104 2879 5168 noster,
2935 5101 3135 5158 Strom.
3197 5118 3238 5170 1,
3298 5119 3431 5175 pag.
3485 5105 3611 5171 305,
3667 5097 3792 5157 odit.

2206 5184 2369 5222 ιιι-ιε..
2402 5185 2432 5222 e
2463 5186 2514 5222 c.

2206 5184 2369 5228 8.!‘18.,
2402 5184 2514 5225 etc.

2231 5240 2305 5308 (2)
2334 5239 2401 5316 ᾊ
2428 5235 2504 5296 δὶ.
2539 5243 2748 5314 Aptius
2794 5241 3062 5316 legemus
3095 5242 3148 5296 οἱ
3179 5239 3260 5315 δὶ,
3291 5246 3383 5301 vel
3411 5241 3548 5314 οἵδε,
3578 5249 3643 5301 ut
3673 5255 3790 5301 mox

2159 5309 2329 5366 οὗτοι.
2365 5309 2645 5371 ΞῩῙιΒυΒὸ.

2227 5384 2301 5452 (3)
2334 5381 2461 5452 Γάρ.
2495 5384 2581 5448 Δέ,
2615 5389 2783 5443 Rom.

2160 5523 2170 5534 .
2227 5454 2304 5534 (ίξ)
2335 5458 2781 5529 Ἀκαρτήσωμεν.
2853 5457 3318 5516 Convenientius

2160 5525 2335 5580 indic.
2367 5527 2568 5588 modo.
2601 5536 2669 5584 ut
2699 5530 2864 5588 ναίει.
2899 5529 3023 5586 Βώ.
3057 5532 3230 5588 Rom.
3263 5548 3338 5588 vx.
3369 5529 3604 5588 Eadm.-

2156 5525 2335 5601 indic.
2367 5525 2675 5601 modo,_u_t'
2699 5529 3023 5601 Vulg._Bib.
3057 5532 3230 5588 Rom.
3263 5548 3338 5589 vx.

2154 5597 2204 5650 II
2233 5597 2360 5652 Cor.
2396 5615 2451 5669 ν,
2479 5595 2669 5655 casia:
2694 5604 2791 5656 τοῦ
2813 5595 3093 5675 σώματος.
3128 5601 3414 5664 3mm
3493 5599 3500 5606 ’
3643 5629 3654 5644 ο
