4054 6200
253 293 397 350 1165

1587 289 2035 349 ΒΤΒΟΜΔΤΠΜ
2073 287 2186 342 LIB
2249 287 2348 341 ΠΙ.

3531 292 3672 348 1166

255 421 356 472 τοῦ
390 418 640 493 βήματος
669 419 768 472 τοῦ
799 419 1055 493 Χριστοῦ,
1106 415 1193 472 ἵνα
1237 413 1540 489 κομίσηται
1573 413 1795 474 ἕκαστος
1827 408 1912 466 διὰ

2025 411 2252 466 sticam.
2280 412 2405 466 Non
2423 409 2769 485 intelligunt
2785 430 2942 488 ergo,
2966 413 3292 483 utvidetur,
3309 415 3467 488 quod
3491 437 3516 468 α
3542 433 3674 474 om-

253 511 352 562 τοῦ
385 507 641 578 σώματος
698 507 836 580 πρὸς
895 504 926 560 ἃ
985 505 1204 581 ἔπραξεν
1257 505 1364 561 εἶ’τε
1421 505 1616 582 ἀγαθὸν
1672 500 1780 557 εἷ’τε
1807 521 1906 555 κα-

251 596 366 651 κὸν.
402 593 548 651 »ἵνα
597 594 631 649 ’ἁ
679 593 770 650 διὰ
814 600 912 650 τοῦ
956 597 1211 669 σώματος
1260 594 1453 668 ἔπραξὲ
1490 614 1592 662 τις,
1623 588 1903 664 ἀπολάϐῃ.

259 688 463 740 α”Ωστε
495 683 550 739 εἶ’
573 705 658 745 τις
691 685 742 738 ἐν
770 687 1012 759 Χριστῷ,
1044 686 1203 754 καινὴ
1235 684 1476 748 κτίσιςη»
1502 681 1599 736 οὐκ
1625 680 1700 736 ἔτι
1733 681 1909 752 ἀμαρο

249 777 470 844 τητική.
523 798 551 824 ‹‹
602 774 676 827 Τά
727 774 933 848 ἀρχαῖα
961 773 1265 847 παρῆλθεν,
1301 799 1327 824 ››
1369 769 1787 842 ἀπελουσαμεθα
1817 768 1908 821 τὸν

257 865 377 940 βίον
408 865 501 919 τὸν
532 863 790 920 παλαιόν’
820 887 845 912 ‹‹
873 860 1014 920 Ἰδοὺ
1039 868 1116 936 (5)
1139 864 1242 938 γὰρ
1264 864 1454 939 γέγονε
1475 861 1653 929 καινὰ,
1681 882 1708 909 ››
1733 856 1911 932 ἁγνεία

253 954 315 1010 ἐκ
365 953 642 1029 πορνείας,
691 953 781 1008 καὶ
851 952 1134 1028 ἐγκράτεια
1200 951 1248 1024 ἐξ
1300 950 1580 1026 ἀκρασίας,
1635 944 1911 1002 δικαιοσύ-

252 1065 319 1114 νη
354 1043 410 1114 ἐξ
442 1039 676 1104 ἀδικίας.
732 1065 756 1095 α
802 1040 901 1104 Τίς
936 1041 1038 1116 γὰρ
1074 1041 1286 1116 μετοχή
1319 1038 1634 1112 δικαιοσύνῃ
1669 1036 1755 1090 καὶ
1791 1034 1911 1088 ἀνο-

260 1132 401 1206 μίας
433 1131 579 1202 ἢτίς
623 1133 698 1203 (6)
755 1129 1012 1185 κοινωνία
1073 1129 1211 1208 φωτὶ
1267 1130 1402 1203 πρὸς
1462 1127 1690 1194 σκότος;
1745 1122 1826 1186 τίς
1856 1119 1913 1177 δὲ

257 1221 621 1299 συμφώνησιν
655 1223 893 1294 Χριστοῦ
925 1225 1062 1295 πρὸς
1109 1215 1307 1292 Βελίαρ
1335 1237 1348 1285 ;
1398 1215 1480 1279 τίς
1531 1213 1682 1290 μερὶς
1711 1214 1788 1284 (7)
1819 1231 1910 1266 πι-

257 1315 370 1383 στῷ
432 1309 549 1383 μετ’
601 1307 875 1378 ἀπίστου;
930 1308 1016 1369 τίς
1076 1304 1133 1362 δὲ
1189 1305 1568 1381 συγκατάθεσις
1621 1307 1736 1374 ναῷ
1780 1303 1912 1354 Θεοῦ

261 1400 381 1472 μετ’
415 1396 699 1468 εἷδώλωνς
751 1396 963 1460 Ταύτας
1011 1394 1100 1450 οῦν
1157 1394 1376 1470 ἔχοντες
1423 1395 1518 1456 τὰς
1558 1389 1910 1467 ἐπαγγελίας,

256 1487 641 1564 καθαρίσωμεν
693 1486 913 1547 ἑαυτοὺς
970 1485 1076 1540 ἀπὸ
1133 1483 1333 1546 παντὸς
1387 1482 1677 1557 μολυσμοῦ
1717 1478 1914 1564 σαρκὸς

254 1579 346 1632 καὶ
404 1562 762 1651 ήπνεύματος,
835 1573 1205 1636 ἐπιτελοῦντες
1282 1571 1591 1648 ἁγιωσύνην
1651 1569 1701 1624 ἐν
1757 1562 1914 1642 φόϐῳ

258 1670 418 1722 Θεοῦ.
456 1690 486 1718 »

2026 517 2132 555 nes
2151 517 2258 554 nos
2280 502 2893 571 oportetmanifestari
2917 510 3054 559 ante
3075 505 3332 560 tribunal
3351 506 3587 574 Christi,
3606 513 3672 562 ut

2023 588 2243 644 referat
2271 591 2683 662 unusquisque
2715 609 2821 663 per
2859 609 3073 664 corpus
3098 611 3168 650 ea
3187 611 3317 665 quae
3348 595 3506 660 fecit,
3553 597 3670 652 sive

2021 678 2271 746 bonum,
2309 681 2427 735 sive
2458 681 2682 736 malum
2716 682 2789 754 (ιι)
2816 699 2827 736 :
2863 706 2888 732 ››
2924 689 2989 738 ut
3019 701 3149 754 quae
3174 701 3279 756 per
3298 702 3512 756 corpus
3536 687 3675 741 fecit

2022 769 2260 839 aliquis.
2296 771 2562 841 recipiat.
2599 795 2625 822 «
2661 773 2851 836 Quare
2895 773 2942 827 si
2994 774 3128 844 quis
3175 779 3264 828 est
3311 774 3372 829 in
3420 776 3673 842 Christo,

2022 873 2173 911 nova
2203 864 2474 913 creatura
2501 865 2609 925 est,
2648 884 2674 909 »
2707 877 2816 916 nec
2857 861 3116 932 amplius
3148 865 3403 934 peccatis
3434 864 3672 920 dedita:

2023 968 2050 994 «
2087 948 2294 1002 Vetera
2324 948 2762 1018 praeterierunt,
2801 974 2821 1003 ι
2851 951 3029 1006 vitam
3051 952 3357 1023 antiquam
3379 955 3670 1010 exuimus.

2026 1056 2050 1086 α
2084 1037 2230 1090 Ecce
2263 1037 2425 1091 enim
2457 1054 2604 1092 nova
2625 1037 2777 1094 facta
2800 1046 2939 1094 sunt
2958 1041 3053 1111 (ὁ),
3076 1061 3103 1089 ››
3130 1042 3370 1097 castitas
3397 1060 3466 1097 ex
3487 1043 3671 1098 forni-

2023 1126 2276 1192 catione,
2299 1131 2356 1180 et
2373 1127 2762 1196 continentia,
2787 1145 2855 1183 ex
2878 1130 3586 1204 incontinentia,justitia
3602 1151 3674 1188 ex

2023 1212 2335 1285 injustitia.
2378 1239 2396 1264 ι
2433 1217 2570 1281 Quae
2615 1223 2704 1270 est
2733 1218 2892 1272 enim
2924 1219 3297 1290 participatio
3321 1220 3571 1292 justitia:
3616 1228 3674 1278 et

2023 1301 2330 1374 injustitiaa
2353 1303 2379 1358 ‘2
2396 1310 2497 1359 aut
2518 1322 2649 1376 quae
2674 1306 2792 1362 luci
2810 1324 2944 1363 cum
2961 1307 3222 1363 tenebris
3235 1311 3485 1365 societas
3498 1312 3524 1366 ‘I
3540 1329 3672 1383 qua:

2025 1396 2114 1445 est
2143 1396 2343 1447 autem
2372 1395 2684 1449 conventio
2716 1396 2947 1451 Christo
2970 1413 3105 1452 cum
3130 1398 3311 1453 Belial
3335 1399 3362 1454 ?
3383 1417 3513 1471 quaa
3537 1418 3673 1472 pars

2024 1485 2112 1534 est
2143 1481 2305 1535 ﬁdeli
2340 1499 2477 1537 cum
2509 1483 2741 1538 inﬁdeli
2763 1485 2790 1539 ‘I
2820 1503 2952 1555 qua)
2979 1492 3068 1541 est
3114 1493 3314 1542 autem
3358 1491 3672 1546 consensio

2023 1570 2246 1640 templo
2276 1571 2376 1626 Dei
2410 1589 2542 1627 cum
2577 1573 2753 1628 idolis
2775 1574 2843 1645 (ο)
2865 1574 2892 1629 ?
2916 1576 3027 1629 Has
3059 1593 3194 1649 ergo
3217 1576 3506 1635 habentes
3536 1597 3674 1651 pro-

2023 1657 2361 1727 missiones,
2392 1661 2752 1717 mundemus
2784 1679 2892 1717 nos
2915 1663 3075 1735 ipsos
3097 1663 3167 1719 ab
3201 1667 3363 1720 omni
3395 1668 3672 1739 inquina-

258 1764 464 1814 mento
492 1756 686 1813 carnis
713 1760 772 1811 et
801 1755 1062 1828 spiritus,
1095 1754 1475 1828 perﬁcientes
1505 1750 1881 1807 sanctitatem
1911 1746 1977 1802 in
2009 1747 2218 1802 timore
2248 1749 2352 1804 Dei
2382 1751 2480 1821 (d).

1784 1873 2014 1928 CAPUT
2053 1874 2147 1927 ΧΙ.

479 1975 698 2028 Dictum
728 1972 935 2029 Christi
964 1973 1037 2027 ad
1065 1971 1320 2027 Salomen
1350 1970 1600 2039 exponit,
1631 1965 1779 2036 quod
1808 1965 2162 2088 tlalnqugmtin
2192 1963 2529 2034 vituperium
2559 1968 2886 2036 nuptiarum
2903 1969 3190 2038 prolatum
3216 1971 3460 2028 haeretici

1793 2051 1826 2088 a
1871 2050 1972 2088 eaa
2012 2050 2082 2088 an
2117 2077 2129 2088 .

1793 2050 2129 2103 auegaoant.

327 2160 399 2218 Oi.
451 2157 510 2215 δὶ
559 2159 1006 2233 ἀντιτασσόμενοι
1049 2157 1120 2232 τῇ
1166 2157 1336 2212 κτίσει
1385 2159 1484 2210 τοῦ
1531 2157 1667 2209 Θεοῦ
1695 2149 1785 2208 διὰ
1811 2156 1912 2220 τῆς

2089 2153 2198 2216 Qui
2232 2159 2432 2208 autem
2459 2155 2561 2208 Dei
2592 2161 2878 2210 creaturas
2900 2157 3190 2212 resistunt
3213 2176 3320 2228 per
3342 2162 3676 2231 speciosam

255 2251 514 2329 εὐφήμου
543 2249 855 2324 ἐγκρατείας
905 2249 1126 2302 κάκεῖνα
1173 2246 1389 2320 λέγουσι
1437 2245 1506 2298 τὰ
1553 2242 1690 2318 πρὸς
1726 2239 1915 2297 Σαλώ-

260 2360 372 2410 μην
404 2338 688 2414 εἰρημένα,
720 2339 795 2392 ὧν
827 2337 1091 2411 πρότερον
1151 2338 1226 2408 (8)
1279 2334 1650 2405 ἐμνήσθημεν
1694 2330 1912 2408 φέρεται

258 2425 338 2497 δὲ,
369 2428 549 2498 οἶμαι,
609 2427 660 2482 ἐν
716 2432 795 2497 τῷ
845 2427 962 2480 κατ’
1017 2423 1355 2498 Αἰγυπτίους
1398 2419 1742 2496 Εὖαγγελίῳ.
1771 2419 1911 2474 Φασὶ

257 2517 385 2592 γὰρ,
417 2516 502 2570 ὅτι
533 2516 692 2577 αὐτὸς
722 2517 865 2570 εἶπεν
919 2516 947 2568 6
1001 2514 1220 2587 Σωτήρ·
1276 2535 1305 2564 ι(
1355 2509 1562 2566 Ἦλθον
1611 2507 1908 2564 καταλῦσαι

256 2608 323 2660 τὰ
353 2601 486 2680 ἔργα
513 2612 614 2674 τῆς
671 2603 915 2675 θηλείαςο
979 2628 1006 2655 ‹‹
1049 2601 1278 2672 θηλείας
1313 2602 1410 2673 μὶν
1438 2603 1539 2664 τῆς
1594 2597 1908 2669 ἐπιθυμίας,

256 2687 390 2768 ἔργα
418 2691 478 2748 δὲ
506 2693 756 2768 γέννησιν
786 2693 876 2747 καὶ
908 2692 1132 2770 φθοράν.
1167 2689 1235 2746 Τί
1286 2688 1375 2744 οῦν
1425 2686 1486 2742 ἃν
1537 2687 1737 2742 εἴποιεν
1764 2706 1776 2755 ;
1814 2693 1909 2740 Κα-

255 2783 464 2854 τελύθη
497 2785 532 2852 ἠ
565 2780 840 2852 διοίκησις
869 2781 1003 2852 αὕτη
1031 2803 1045 2850 ς
1086 2780 1198 2835 Οὐκ
1235 2777 1296 2834 ἂν
1343 2781 1591 2856 φήσαιεν
1631 2778 1777 2850 μένει
1807 2777 1909 2851 γὰρ

254 2871 343 2926 ἐπὶ
375 2879 479 2940 τῆς
507 2871 675 2940 αὐτῆς
725 2869 1041 2943 οἰκονομίας
1073 2871 1102 2923 6
1145 2868 1372 2940 κόσμος.
1429 2864 1584 2922 Ἀλλ’
1625 2865 1726 2920 οὐκ
1755 2863 1909 2937 ἐψεύ-

260 2981 395 3015 σατο
427 2961 456 3014 6
490 2960 706 3034 Κύριος·
737 2964 816 3030 τῷ
857 2957 973 3014 ὄντι
1013 2958 1114 3034 γὰρ
1165 2957 1232 3012 τὰ
1284 2963 1384 3025 τῆς
1438 2953 1728 3026 ἐπιθυμίας
1753 2951 1912 3007 κατὲ-

261 3046 425 3104 λυσεν
457 3043 608 3123 ἔργα,
642 3046 1027 3125 φιλαργυρίαν,
1059 3043 1420 3124 φιλονεικίαν,
1453 3039 1790 3120 φιλοδοξίαν,
1819 3063 1910 3115 γυ-

255 3133 640 3210 ναικομανίαν,
689 3134 1096 3210 παιδεραστίαν,
1146 3132 1471 3210 ὀψοφαγίαν,
1522 3130 1780 3197 ἀσωτίαν,
1820 3129 1911 3184 καὶ

253 3227 326 3282 τὰ
351 3226 572 3290 τούτοις
623 3226 810 3298 ὅμοια.
867 3224 1091 3282 Τούτων
1150 3220 1208 3278 δὲ
1255 3224 1291 3292 ἡ
1339 3222 1546 3297 γένεσις
1595 3219 1771 3298 φθορὰ
1809 3226 1910 3289 τῆς

254 3319 467 3391 ψυχῆς,
502 3313 555 3369 εἷ’
586 3335 647 3391 γε
699 3335 720 3364 ε
746 3314 934 3388 νεκροὶ
984 3317 1062 3386 (9)
1108 3317 1226 3370 τοῖς
1257 3310 1666 3384 παραπτώμασι
1699 3333 1728 3361 ››
1757 3310 1912 3383 γινό-

257 3416 420 3477 μεθα’
455 3405 546 3458 καὶ
593 3403 729 3474 αὕτη
773 3406 808 3472 ἡ
859 3401 1054 3473 θήλεια
1105 3399 1336 3474 ἀκρασία
1377 3399 1465 3468 ἦν.
1502 3399 1708 3453 Γὲνεσιν
1735 3396 1792 3452 δὲ
1821 3398 1910 3453 καὶ

253 3494 458 3573 φθορὰν
490 3494 591 3562 τὴν
625 3492 677 3547 ἐν
725 3492 895 3548 κτίσει
951 3490 1382 3580 προηγουμένως
1431 3488 1672 3580 *γίνεσθαι
1704 3486 1904 3580 ἀνάγκη
1937 3513 1980 3580 C

259 3583 432 3658 μέχρι
507 3581 809 3645 παντελοῦς
881 3579 1206 3656 διακρίσεως
1269 3578 1359 3632 καὶ
1418 3577 1904 3639 ἀποκαταστάσεως

257 3670 530 3746 ἐκλογῆς,
564 3669 631 3726 δι’
663 3668 731 3740 ἤν
761 3671 851 3726 καὶ
892 3671 948 3725 αἱ
994 3674 1075 3742 τῷ
1117 3668 1315 3742 κόσμῳ
1342 3668 1789 3744 συμπεφυρμέναι
1823 3667 1917 3722 οὐ-

261 3762 374 3816 σίαι
406 3765 476 3834 τῇ
504 3760 801 3831 οἰκειότητι
850 3759 1269 3835 προσνέμονται.
1311 3759 1470 3820 Ὅθεν
1522 3755 1766 3822 εἰκότως,
1815 3777 1913 3810 πε·-

262 3852 316 3928 ρὶ
351 3849 660 3913 συντελείας
713 3847 1020 3922 μηνύσατος
1070 3852 1167 3902 τοῦ
1223 3846 1424 3921 Λόγου,
1456 3848 1490 3915 ἡ
1528 3844 1772 3918 Σαλώμη
1803 3867 1914 3923 φη-

261 3942 335 3995 σί·
380 3965 404 3993 ο
437 3940 620 4014 Μέχρι
667 3938 811 3999 τίνος
861 3939 912 3992 οἱ
961 3937 1238 4012 ἄνθρωποι
1295 3935 1690 3990 ἀποθανοῦνται
1723 3953 1780 4002 ;»
1817 3930 1912 3988 ἄν·

261 4041 486 4106 θρωπον
518 4026 576 4083 δὲ
602 4028 765 4083 καλεῖ
792 4029 827 4096 ἡ
880 4027 1068 4104 Γραφή
1124 4027 1236 4099 (10)
1275 4023 1471 4100 διχῶς,
1517 4025 1610 4078 τόν
1641 4045 1700 4078 τε
1730 4022 1914 4101 φαινό-

263 4139 426 4192 μενον
455 4118 546 4172 καὶ
579 4118 679 4185 τήν
729 4117 941 4190 ψυχήν·
996 4113 1161 4169 πάλιν
1217 4134 1276 4169 τε
1333 4111 1397 4167 αὖ
1451 4113 1542 4168 τὸν
1602 4113 1910 4184 σωζόμενον

257 4207 474 4262 καὶτὸν
513 4208 610 4279 μή.
666 4204 768 4262 Καὶ
817 4205 1040 4267 θάνατος
1090 4206 1278 4278 ψυχῆς
1325 4204 1360 4272 ἡ
1411 4201 1649 4276 ἁμαρτία
1679 4198 1911 4276 λέγεται.

261 4298 359 4353 Διὸ
417 4296 508 4352 καὶ
573 4293 1110 4369 παρατετηρημένως
1195 4291 1543 4364 ἀποκρίνεται
1603 4291 1632 4344 6
1691 4290 1912 4363 Κύριος

262 4411 293 4441 α
327 4387 546 4460 Μέχρις
601 4388 710 4455 (11)
767 4381 828 4438 ἂν
883 4382 1136 4437 τίκτωσιν
1191 4381 1246 4435 αἱ
1300 4385 1567 4457 γυναῖκες,
1599 4401 1629 4432 ι)
1668 4381 1915 4435 τουτέστι

2017 2239 2185 2295 illam
2217 2243 2671 2305 continentiam,
2709 2244 2815 2300 illa
2854 2261 3092 2316 quoque
3141 2246 3368 2317 dicunt,
3418 2267 3550 2321 quas
3600 2251 3674 2307 ad

2019 2329 2294 2386 Salomen
2327 2331 2485 2387 dicta
2527 2338 2687 2400 sunt,
2729 2351 2983 2404 quorum
3033 2335 3198 2405 prius
3247 2339 3672 2396 meminimus:

2018 2419 2317 2475 habentur
2342 2426 2562 2487 autem,
2595 2428 2662 2476 ut
2693 2423 2988 2489 existimo,
3018 2424 3079 2478 in
3107 2426 3419 2497 Evangelia
3469 2446 3676 2485 secunc

2018 2508 2160 2564 dum
2189 2519 2253 2582 ›ι‹
2284 2512 2602 2582 tEgyptios.
2639 2513 2822 2566 Aiunt
2847 2513 3008 2567 enim
3039 2512 3234 2583 ipsum
3267 2517 3487 2572 dixisse
3541 2521 3677 2574 Ser-

2017 2604 2276 2653 vatorem
2305 2617 2317 2653 :
2350 2621 2374 2651 α
2411 2602 2554 2655 Veni
2574 2601 2648 2655 ad
2668 2602 3110 2660 dissolvendum
3135 2621 3314 2676 opera
3341 2605 3580 2660 feminae
3602 2625 3624 2670 ;
3649 2630 3675 2655 »

2017 2687 2256 2743 feminae
2289 2689 2550 2758 quidem,
2586 2691 2967 2761 cupiditatis;
2994 2711 3174 2765 opera
3196 2698 3392 2748 autem
3426 2710 3678 2765 genera-

2019 2779 2246 2831 tionem
2279 2783 2338 2832 et
2377 2777 2703 2832 interitum.
2762 2780 2908 2844 Quid
2963 2799 3096 2855 ergo
3141 2782 3445 2836 dixerint?
3494 2784 3676 2838 Desiit

2020 2868 2145 2922 haec
2202 2867 2690 2922 administratio?
2733 2871 2857 2923 Non
2903 2870 3197 2926 dixerint:
3253 2878 3455 2926 manet
3512 2873 3671 2926 enim

2020 2955 2280 3010 mundus
2313 2956 2372 3009 in
2404 2955 2608 3010 eadem
2633 2960 2982 3014 oeconomia.
3011 2960 3119 3014 Sed
3141 2975 3259 3013 non
3283 2960 3500 3015 falsum
3525 2962 3675 3016 dixit

2021 3044 2306 3099 Dominus
2332 3061 2345 3110 ;
2379 3061 2582 3100 revera
2613 3047 2772 3100 enim
2806 3064 2984 3118 opera
3016 3049 3285 3103 dissolvit
3305 3050 3670 3120 cupiditatis,

2020 3133 2348 3196 avaritiam,
2381 3135 2851 3202 contentionem,
2885 3137 3088 3209 gloria:
3111 3137 3522 3208 cupiditatem,
3547 3156 3674 3194 mu-

2020 3222 2234 3277 lierum
2266 3222 2543 3277 insanum
2575 3239 2864 3291 amorem,
2910 3225 3287 3297 pmdicatum,
3324 3228 3672 3300 ingluviem,

2019 3311 2223 3366 luxum
2256 3316 2317 3365 et
2346 3311 2780 3382 profusionem,
2814 3319 2872 3367 et
2921 3331 3051 3384 quae
3099 3321 3241 3369 sunt
3287 3317 3378 3370 his
3429 3317 3666 3372 similia.

2020 3402 2240 3455 Horum
2263 3406 2461 3455 autem
2482 3407 2667 3468 ortus,
2690 3408 2778 3457 est
2797 3403 3010 3458 anima:
3034 3405 3308 3460 interitus
3335 3422 3347 3458 :
3373 3407 3668 3476 siquidem

2020 3512 2048 3539 ‹‹
2085 3489 2316 3544 delictis
2350 3491 2567 3544 mortui
2596 3511 2624 3538 »
2649 3491 2945 3546 efﬁcimur
2967 3495 3050 3562 le).
3077 3495 3157 3548 Ea
3173 3510 3307 3549 vero
3336 3495 3559 3550 femina
3583 3501 3672 3551 est

2019 3579 2499 3649 intemperantia.
2519 3580 2723 3634 Ortum
2747 3585 2943 3635 autem
2964 3587 3021 3636 et
3040 3582 3345 3637 interitum
3369 3590 3666 3641 creatura-

2022 3685 2155 3722 rum
2200 3674 2443 3739 propter
2488 3669 2754 3740 ipsorum
2800 3676 3042 3726 naturas
3093 3672 3222 3727 ﬁeri
3269 3690 3510 3729 necesse
3556 3680 3666 3744 est,

2022 3774 2210 3828 usque
2243 3757 2314 3812 ad
2333 3757 2655 3828 perfectam
2678 3759 3125 3816 distinctionem
3152 3768 3209 3816 et
3228 3764 3667 3819 restitutionem

2025 3846 2353 3910 electionis,
2388 3863 2495 3917 per
2525 3863 2726 3917 quam,
2761 3865 2891 3918 quae
2912 3849 3091 3905 etiam
3120 3857 3258 3906 sunt
3288 3854 3509 3908 mundo
3542 3870 3671 3925 per-

2024 3935 2213 3990 mistae
2234 3941 2292 3989 et
2308 3935 2569 3990 confusas
2594 3935 2964 4003 substantiae,
2988 3941 3335 4011 proprietati
3360 3960 3479 3997 suae
3497 3943 3672 3997 resti-

2026 4030 2293 4079 tuuntur.
2328 4024 2493 4079 Unde
2527 4025 2736 4080 merito
2770 4043 2904 4081 cum
2939 4028 3012 4082 de
3035 4032 3549 4086 consummatione
3573 4032 3674 4084 Lo-

2025 4130 2128 4186 gos
2159 4115 2390 4169 locutus
2418 4114 2632 4173 fuerat.
2662 4115 2746 4170 ait
2783 4116 3055 4172 Salome:
3106 4141 3134 4167 «
3178 4121 3494 4190 Quousque
3543 4136 3671 4173 mo-

2025 4204 2257 4258 rientur
2286 4204 2558 4258 homines
2580 4205 2608 4259 ‘t
2638 4226 2666 4254 »
2700 4205 3013 4261 Hominem
3054 4214 3252 4262 autem
3303 4215 3470 4263 vocat
3520 4207 3676 4261 Scri-

2025 4300 2200 4366 ptura
2221 4293 2573 4364 dupliciter:
2609 4299 2667 4347 et
2690 4311 2850 4361 eum,
2876 4295 2975 4365 qui
3000 4302 3263 4365 apparet,
3299 4302 3358 4350 et
3373 4297 3671 4359 animam;

2029 4387 2088 4437 et
2145 4399 2279 4437 eum
2330 4399 2558 4446 rursus,
2605 4382 2706 4451 qui
2760 4389 3044 4448 servatur,
3095 4389 3154 4436 et
3198 4400 3334 4437 eum
3381 4383 3479 4454 qui
3530 4400 3672 4438 non.

338 4506 415 4577 (α)
441 4505 492 4558 ΙΙ
522 4504 652 4558 Cor.
680 4519 733 4568 v,
767 4505 852 4557 10.
876 4501 962 4628 ἑὸ)
991 4500 1163 4567 Ibid.,
1199 4502 1285 4570 16,
1318 4501 1404 4555 17.
1439 4499 1510 4571 (c)
1541 4499 1591 4553 Il
1638 4499 1768 4554 Cor.
1826 4516 1904 4567 v1,

338 4581 393 4643 2,
420 4577 524 4630 453
558 4576 669 4629 ΕΙ).
702 4575 870 4629 PARI
919 4616 933 4630 .
962 4574 1030 4644 (ε)
1062 4572 1275 4644 Ephes.
1306 4589 1366 4635 ιι,
1397 4575 1449 4626 5.

2025 4525 2052 4567 .-,
2115 4501 2200 4565 15,
2237 4500 2322 4553 16.
2357 4497 2434 4564 (d)
2465 4498 2515 4552 Il
2545 4497 2674 4551 Cor.
2708 4514 2801 4564 vn,
2833 4497 2889 4552 1.
2918 4497 2983 4561 »Β
3012 4500 3075 4555 P.
3103 4502 3208 4554 540
3237 4500 3348 4555 ED.
3381 4501 3676 4568 POTTER,

263 4575 393 4643 152,
420 4577 524 4630 453
558 4576 669 4629 ΕΙ).
702 4575 870 4629 PARI

364 4695 418 4754 5)
447 4684 613 4760 Ἰδού.
661 4683 884 4760 ἸδοῦΑγ

361 4753 417 4834 6)
450 4757 651 4834 'Hﬁic.
682 4757 789 4834 Tt;
809 4753 887 4813 δὲ’.
922 4753 1133 4834 ῙῙ-Ορις.
1165 4774 1240 4813 v1.

358 4823 420 4903 7)
454 4829 651 4906 Βελίαρ
676 4850 706 4906 ;Δ
737 4831 821 4891 τίς
875 4850 958 4906 μί..
984 4827 1226 4906 ΒελᾼίαΑς
1382 4823 1470 4887 τίς
1503 4846 1563 4899 μ.
1598 4827 1648 4884 ΙΙ
1677 4829 1805 4883 Cor.
1841 4844 1920 4896 V1,

263 4898 370 4963 ubi
402 4898 1042 4976 inoxat‘z'c'énayyiliac,
1078 4898 1373 4976 ἀγαπητοὶ,
1403 4909 1526 4976 καθ,

340 4978 419 5048 (8)
453 4974 743 5048 Πρότερον.
778 4969 998 5046 Nempe
1029 4991 1085 5046 p.
1110 4969 1212 5029 445
1237 4972 1376 5028 edit.
1402 4971 1611 5039 Paris.,
1638 4969 1736 5025 ubi
1764 4970 1918 5026 conf.

269 5049 577 5105 adnotata.

341 5118 668 5202 (9)‘Neepo_t.
697 5117 1196 5202 Respicit'Ephes.
1231 5118 1407 5202 11,.‘5:
1449 5112 1546 5202 Καὶ
1583 5107 1742 5199 ὄντας
1771 5111 1921 5202 ημῖξς

265 5184 492 5263 νεκροὺς
545 5184 663 5253 τοῖς
715 5184 1123 5264 παραπτώμασι
1173 5184 1610 5254 συνεζωοποίησε
1652 5188 1732 5256 τῷ
1785 5184 1921 5257 Χρί-

269 5283 463 5412 ᾳᾟο),
487 5335 695 5412 Γραιρῄ.
730 5334 950 5412 IIHCpE.
974 5348 1050 5386 1v.
1084 5330 1170 5386 Ad
1193 5330 1428 5412 dicth
1460 5328 1532 5383 de
1563 5332 1755 5412 morte
1779 5343 1924 5412 per-

270 5398 622 5463 tin‘etist'ud'
644 5398 808 5461 Pauli
840 5405 863 5458 Ι
893 5404 1039 5458 Tim.
1072 5420 1103 5456 v
1131 5422 1142 5458 :
1193 5401 1257 5457 Ἣ
1313 5398 1370 5455 δὲ
1411 5399 1743 5453 σπαταλῶσα
1777 5401 1924 5466 ζῶσα

263 5479 513 5546 τέθνηκε⁹
549 5484 608 5532 et
637 5478 763 5532 hmo
801 5474 1074 5546 Philonis
1108 5489 1249 5546 pag.
1301 5475 1360 5528 41
1397 5490 1410 5527 :
1450 5469 1630 5546 ΔΦῦσει
1682 5470 1775 5546 μὲν
1824 5468 1924 5524 οὐκ

266 5544 381 5620 ἔστι
413 5541 662 5620 θάνατος,
692 5545 808 5620 καθ’
862 5543 942 5620 δν-
971 5541 1270 5620 χωρίζετξιιι
1318 5543 1484 5620 ψυχή-
1506 5541 1611 5620 ἀπᾷ
1641 5541 1919 5620 σωματος

266 5621 297 5677 6
330 5619 390 5677 δὶ
419 5619 507 5677 ἐπὶ
537 5611 781 5694 τιμωρίᾳ
825 5611 1155 5690 συνίσταται,
1203 5611 1343 5672 ὅταν
1381 5611 1436 5686 ἥ’
1462 5613 1617 5692 ψυχὴ
1663 5611 1756 5668 τὸν
1799 5611 1922 5688 ἀρε-

985 4575 1030 4643 e)
1062 4572 1275 4644 Ephes.
1306 4589 1366 4635 ιι,
1397 4575 1449 4626 5.

337 4694 356 4904 Ξ

949 4705 1037 4740 ονε
1081 4683 1243 4738 καινὰ
1286 4682 1355 4738 τὰ
1398 4683 1588 4740 πάντα.
1620 4685 1672 4739 ΙΙ
1701 4684 1832 4740 Cor.
1865 4700 1913 4739 v.
1954 4686 1999 4751 D
2029 4687 2130 4757 τῆς
2160 4679 2281 4757 βίον
2313 4681 2544 4754 Θνήσκῃ,
2575 4677 2668 4757 τρν
2721 4677 2779 4757 δὲ
2825 4679 3018 4744 κακίας
3069 4685 3134 4757 ζῇ
3179 4682 3367 4757 μόνον.
3401 4685 3474 4742 Εὖ
3507 4681 3565 4739 δὶ
3589 4684 3682 4740 καὶ

2031 4755 2060 4829 6
2088 4749 2463 4829 Ἡράκλειτος,
2493 4749 2630 4829 κατὰ
2674 4754 2838 4829 τοῦτο
2889 4749 3578 4829 Μωυσέωςάκολουτήσαε
3603 4760 3682 4829 τῷ

2033 4823 2298 4901 δόγματι,
2325 4824 2480 4901 φησίς
2510 4823 2700 4901 Ζῶμεν
2743 4823 2836 4901 τὸν
2884 4825 3100 4880 ἐκείνων
3136 4829 3385 4899 θάνατον,
3418 4823 3681 4900 τεθνήκαλ

2036 4894 2222 4971 μενδὶ
2246 4894 2767 4971 τρν-ἐκείνωνςβίον.
2801 4899 3073 4956 SYLBURG.

2103 4971 2212 5045 (11)
2238 4968 2479 5045 ,Μέγὶριςτ
2514 4968 2673 5045 Infra
2723 4968 2810 5045 in_
2836 4973 3097 5045 Excerpt.
3130 4989 3198 5045 ex
3233 4972 3681 5045 Th_eodot.,_pag.

2033 5039 2322 5116 79_9._edit.
2350 5041 2536 5116 Paris.
2565 5058 2576 5094 :
2600 5041 2763 5116 *Οταν
2792 5041 2819 5094 6
2843 5039 3040 5116 Σωτὴρ
3063 5043 3197 5116 πρὸς
3224 5040 3503 5116 Σαλώμην
3531 5039 3683 5116 λέγῇ,

2034 5136 2061 5162 ‹‹
2090 5109 2271 5186 Μὲχρι
2307 5111 2431 5189 τότε
2459 5111 2592 5164 εἶναι
2625 5111 2872 5189 θάνατον,
2907 5109 3070 5189 ἅχρίς
3107 5109 3186 5189 ’ἂν
3231 5115 3284 5168 αἱ
3331 5109 3580 5189 γυναῖκες
3609 5109 3687 5189 iri.-

2031 5179 2258 5263 κτωσὶν.ζ
2293 5208 2318 5263 ξ)
2351 5182 2413 5263 οῦ
2443 5184 2544 5250 τήν
2603 5181 2813 5263 γένεσιν
2861 5179 3099 5254 κακίζων
3145 5179 3355 5263 ἔλεγεν,¹
3397 5186 3685 5263 ἀναγκαίαν

2033 5255 2198 5308 οὖσαν
2233 5253 2322 5309 διὰ
2355 5256 2448 5321 τὴν
2487 5253 2756 5323 σπτηρίαν
2809 5260 2917 5310 τῶν
2963 5253 3346 5315 πιστευόντωνξ
3382 5284 3406 5309 ‹‹
3441 5253 3685 5325 Quando

2033 5328 2304 5383 Servator
2335 5328 2586 5384 Salomm
2621 5327 2806 5384 dixit:
2837 5331 2914 5384 Eo
2937 5347 3106 5400 usque
3125 5334 3242 5398 fore
3267 5339 3514 5396 mortem,
3548 5345 3689 5400 quo-

2032 5415 2203 5470 usque
2232 5401 2487 5455 mulieres
2510 5406 2797 5469 parerent,
2837 5418 2955 5456 non
2989 5399 3220 5457 locutus
3252 5409 3342 5456 est
3371 5403 3482 5455 ista
3512 5401 3573 5453 in
3604 5399 3686 5451 vi-

2034 5472 2331 5541 tuperium
2379 5471 2796 5540 venerationis,
2825 5489 2956 5542 qua)
2997 5473 3202 5545 utique
3233 5471 3568 5527 necessaria
3601 5473 3692 5525 est

2034 5549 2277 5598 oronter
2307 5488 2569 5598 saﬁutem
2602 5542 2888 5598 ﬁdelium.
2925 5567 2954 5594 »

2033 5549 2277 5615 prOpter
2307 5542 2569 5600 salutem
2602 5542 2888 5600 ﬁdelium.
2925 5567 2954 5594 »
