  <div class='ocr_page' id='page_1' title='image "/cluster/home/n/w/nwhite01/storage/ocr_20150623/8/hvd.32044073501298/587.png"; bbox 0 0 4048 6186; ppageno 0'>
   <div class='ocr_carea' id='block_1_1' title="bbox 387 333 527 389">
    <p class='ocr_par' dir='ltr' id='par_1_1' title="bbox 387 333 527 389">
     <span class='ocr_line' id='line_1_1' title="bbox 387 333 527 389; baseline -0.007 -2"><span class='ocrx_word' id='word_1_1' title='bbox 387 333 527 389; x_wconf 76' lang='grc'><strong>1167</strong></span> 
     </span>
    </p>
   </div>
   <div class='ocr_carea' id='block_1_2' title="bbox 1621 322 2568 381">
    <p class='ocr_par' dir='ltr' id='par_1_2' title="bbox 1621 322 2568 381">
     <span class='ocr_line' id='line_1_2' title="bbox 1621 322 2568 381; baseline 0 0"><span class='ocrx_word' id='word_1_2' title='bbox 1621 324 2028 381; x_wconf 71' lang='lat' dir='ltr'>CLEMENTIB</span> <span class='ocrx_word' id='word_1_3' title='bbox 2064 322 2461 379; x_wconf 64' lang='lat' dir='ltr'><strong>ALEXAND]!</strong></span> <span class='ocrx_word' id='word_1_4' title='bbox 2471 326 2568 381; x_wconf 73' lang='lat' dir='ltr'>[NI</span> 
     </span>
    </p>
   </div>
   <div class='ocr_carea' id='block_1_3' title="bbox 3664 330 3792 383">
    <p class='ocr_par' dir='ltr' id='par_1_3' title="bbox 3664 330 3792 383">
     <span class='ocr_line' id='line_1_3' title="bbox 3664 330 3792 383; baseline 0 0"><span class='ocrx_word' id='word_1_5' title='bbox 3664 330 3792 383; x_wconf 84' lang='grc'><strong>1168</strong></span> 
     </span>
    </p>
   </div>
   <div class='ocr_carea' id='block_1_4' title="bbox 386 445 2031 527">
    <p class='ocr_par' dir='ltr' id='par_1_4' title="bbox 386 451 2029 525">
     <span class='ocr_line' id='line_1_4' title="bbox 386 451 2029 525; baseline -0.009 -7"><span class='ocrx_word' id='word_1_6' title='bbox 386 464 538 518; x_wconf 87' lang='lat' dir='ltr'>Mors</span> <span class='ocrx_word' id='word_1_7' title='bbox 570 462 769 515; x_wconf 88' lang='lat' dir='ltr'>autem</span> <span class='ocrx_word' id='word_1_8' title='bbox 800 455 1015 510; x_wconf 78' lang='lat' dir='ltr'>animae</span> <span class='ocrx_word' id='word_1_9' title='bbox 1046 451 1263 509; x_wconf 90' lang='lat' dir='ltr'>dicitur</span> <span class='ocrx_word' id='word_1_10' title='bbox 1278 457 1607 525; x_wconf 89' lang='lat' dir='ltr'>peccatum.</span> <span class='ocrx_word' id='word_1_11' title='bbox 1641 453 1830 517; x_wconf 81' lang='lat' dir='ltr'>Quare</span> <span class='ocrx_word' id='word_1_12' title='bbox 1861 455 2029 505; x_wconf 82' lang='lat' dir='ltr'>caute</span> 
     </span>
    </p>
   </div>
   <div class='ocr_carea' id='block_1_5' title="bbox 2145 445 3791 527">
    <p class='ocr_par' dir='ltr' id='par_1_5' title="bbox 2149 445 3791 527">
     <span class='ocr_line' id='line_1_5' title="bbox 2149 445 3791 527; baseline 0.005 -26"><span class='ocrx_word' id='word_1_13' title='bbox 2149 447 2346 523; x_wconf 69' lang='grc' dir='ltr'>μέχρις</span> <span class='ocrx_word' id='word_1_14' title='bbox 2377 445 2438 502; x_wconf 74' lang='grc' dir='ltr'>ἂν</span> <span class='ocrx_word' id='word_1_15' title='bbox 2471 451 2525 504; x_wconf 79' lang='grc' dir='ltr'>αἱ</span> <span class='ocrx_word' id='word_1_16' title='bbox 2557 449 2834 525; x_wconf 80' lang='grc' dir='ltr'>ἐπιθυμίαι</span> <span class='ocrx_word' id='word_1_17' title='bbox 2891 452 3172 527; x_wconf 76' lang='grc' dir='ltr'>ἐνεργῶσι.</span> <span class='ocrx_word' id='word_1_18' title='bbox 3223 474 3251 507; x_wconf 75' lang='grc' dir='ltr'>α</span> <span class='ocrx_word' id='word_1_19' title='bbox 3291 452 3392 508; x_wconf 83' lang='grc' dir='ltr'>Διᾶ</span> <span class='ocrx_word' id='word_1_20' title='bbox 3417 456 3585 509; x_wconf 68' lang='grc' dir='ltr'>τοῦτο</span> <span class='ocrx_word' id='word_1_21' title='bbox 3617 457 3791 527; x_wconf 77' lang='grc' dir='ltr'>ὥσπερ</span> 
     </span>
    </p>
   </div>
   <div class='ocr_carea' id='block_1_6' title="bbox 386 544 2036 619">
    <p class='ocr_par' dir='ltr' id='par_1_6' title="bbox 386 544 2036 619">
     <span class='ocr_line' id='line_1_6' title="bbox 386 544 2036 619; baseline -0.006 -12"><span class='ocrx_word' id='word_1_22' title='bbox 386 558 446 608; x_wconf 89' lang='lat' dir='ltr'>et</span> <span class='ocrx_word' id='word_1_23' title='bbox 474 550 842 606; x_wconf 83' lang='lat' dir='ltr'>considerate</span> <span class='ocrx_word' id='word_1_24' title='bbox 873 546 1197 619; x_wconf 82' lang='lat' dir='ltr'>respondet</span> <span class='ocrx_word' id='word_1_25' title='bbox 1240 547 1524 601; x_wconf 85' lang='lat' dir='ltr'>Dominus</span> <span class='ocrx_word' id='word_1_26' title='bbox 1547 562 1559 599; x_wconf 90' lang='lat'>:</span> <span class='ocrx_word' id='word_1_27' title='bbox 1582 567 1607 594; x_wconf 86' lang='lat'><strong>«</strong></span> <span class='ocrx_word' id='word_1_28' title='bbox 1643 544 2036 614; x_wconf 88' lang='lat' dir='ltr'>Quoadusque</span> 
     </span>
    </p>
   </div>
   <div class='ocr_carea' id='block_1_7' title="bbox 391 633 2038 714">
    <p class='ocr_par' dir='ltr' id='par_1_7' title="bbox 391 633 2038 714">
     <span class='ocr_line' id='line_1_7' title="bbox 391 633 2038 714; baseline -0.005 -18"><span class='ocrx_word' id='word_1_29' title='bbox 391 641 735 714; x_wconf 90' lang='lat' dir='ltr'>pepererint</span> <span class='ocrx_word' id='word_1_30' title='bbox 748 638 1085 697; x_wconf 79' lang='lat' dir='ltr'>mulieres.»</span> <span class='ocrx_word' id='word_1_31' title='bbox 1109 637 1219 691; x_wconf 88' lang='lat' dir='ltr'>hoc</span> <span class='ocrx_word' id='word_1_32' title='bbox 1233 635 1568 706; x_wconf 82' lang='lat' dir='ltr'>est,quandi</span> <span class='ocrx_word' id='word_1_33' title='bbox 1580 652 1614 689; x_wconf 91' lang='lat' dir='ltr'>u</span> <span class='ocrx_word' id='word_1_34' title='bbox 1633 633 2038 705; x_wconf 88' lang='lat' dir='ltr'>operabuntur</span> 
     </span>
    </p>
   </div>
   <div class='ocr_carea' id='block_1_8' title="bbox 390 723 2035 801">
    <p class='ocr_par' dir='ltr' id='par_1_8' title="bbox 390 723 2035 801">
     <span class='ocr_line' id='line_1_8' title="bbox 390 723 2035 801; baseline -0.006 -15"><span class='ocrx_word' id='word_1_35' title='bbox 390 729 765 801; x_wconf 75' lang='lat' dir='ltr'>cupiditates.</span> <span class='ocrx_word' id='word_1_36' title='bbox 788 751 815 777; x_wconf 79' lang='grc' dir='ltr'>ι(</span> <span class='ocrx_word' id='word_1_37' title='bbox 831 726 1050 781; x_wconf 90' lang='lat' dir='ltr'>Etideo</span> <span class='ocrx_word' id='word_1_38' title='bbox 1073 724 1574 796; x_wconf 83' lang='lat' dir='ltr'>quemadmodum</span> <span class='ocrx_word' id='word_1_39' title='bbox 1599 740 1705 795; x_wconf 91' lang='lat' dir='ltr'>per</span> <span class='ocrx_word' id='word_1_40' title='bbox 1719 739 1903 777; x_wconf 89' lang='lat' dir='ltr'>unum</span> <span class='ocrx_word' id='word_1_41' title='bbox 1926 723 2001 776; x_wconf 91' lang='lat' dir='ltr'>ho</span> <span class='ocrx_word' id='word_1_42' title='bbox 2021 751 2035 762; x_wconf 86' lang='lat'><strong>-</strong></span> 
     </span>
    </p>
   </div>
   <div class='ocr_carea' id='block_1_9' title="bbox 391 812 2041 889">
    <p class='ocr_par' dir='ltr' id='par_1_9' title="bbox 391 812 2041 889">
     <span class='ocr_line' id='line_1_9' title="bbox 391 812 2041 889; baseline -0.005 -15"><span class='ocrx_word' id='word_1_43' title='bbox 391 819 614 874; x_wconf 84' lang='lat' dir='ltr'>minem</span> <span class='ocrx_word' id='word_1_44' title='bbox 646 822 953 889; x_wconf 89' lang='lat' dir='ltr'>peccatum</span> <span class='ocrx_word' id='word_1_45' title='bbox 984 817 1439 887; x_wconf 70' lang='lat' dir='ltr'>ingressum‘est</span> <span class='ocrx_word' id='word_1_46' title='bbox 1465 814 1524 868; x_wconf 90' lang='lat' dir='ltr'>in</span> <span class='ocrx_word' id='word_1_47' title='bbox 1576 812 1888 877; x_wconf 87' lang='lat' dir='ltr'>mundum,</span> <span class='ocrx_word' id='word_1_48' title='bbox 1934 827 2041 882; x_wconf 91' lang='lat' dir='ltr'>per</span> 
     </span>
    </p>
   </div>
   <div class='ocr_carea' id='block_1_10' title="bbox 391 902 2039 981">
    <p class='ocr_par' dir='ltr' id='par_1_10' title="bbox 391 902 2039 981">
     <span class='ocr_line' id='line_1_10' title="bbox 391 902 2039 981; baseline -0.005 -17"><span class='ocrx_word' id='word_1_49' title='bbox 391 915 702 981; x_wconf 87' lang='lat' dir='ltr'>peccatum</span> <span class='ocrx_word' id='word_1_50' title='bbox 734 922 969 978; x_wconf 91' lang='lat' dir='ltr'>quoque</span> <span class='ocrx_word' id='word_1_51' title='bbox 1003 921 1162 959; x_wconf 89' lang='lat' dir='ltr'>mors</span> <span class='ocrx_word' id='word_1_52' title='bbox 1193 904 1265 958; x_wconf 90' lang='lat' dir='ltr'>ad</span> <span class='ocrx_word' id='word_1_53' title='bbox 1298 920 1506 958; x_wconf 89' lang='lat' dir='ltr'>omnes</span> <span class='ocrx_word' id='word_1_54' title='bbox 1537 902 1809 958; x_wconf 87' lang='lat' dir='ltr'>homines</span> <span class='ocrx_word' id='word_1_55' title='bbox 1831 918 2039 973; x_wconf 86' lang='lat' dir='ltr'>perva-</span> 
     </span>
    </p>
   </div>
   <div class='ocr_carea' id='block_1_11' title="bbox 396 991 2038 1068">
    <p class='ocr_par' dir='ltr' id='par_1_11' title="bbox 396 991 2038 1068">
     <span class='ocr_line' id='line_1_11' title="bbox 396 991 2038 1068; baseline -0.005 -15"><span class='ocrx_word' id='word_1_56' title='bbox 396 999 473 1053; x_wconf 89' lang='lat' dir='ltr'>sit</span> <span class='ocrx_word' id='word_1_57' title='bbox 498 1002 789 1068; x_wconf 86' lang='lat' dir='ltr'>quatenus</span> <span class='ocrx_word' id='word_1_58' title='bbox 820 1012 1028 1050; x_wconf 90' lang='lat' dir='ltr'>omnes</span> <span class='ocrx_word' id='word_1_59' title='bbox 1049 999 1443 1066; x_wconf 88' lang='lat' dir='ltr'>peccaverunt</span> <span class='ocrx_word' id='word_1_60' title='bbox 1466 1010 1479 1059; x_wconf 87' lang='lat'><strong>;</strong></span> <span class='ocrx_word' id='word_1_61' title='bbox 1506 998 1563 1047; x_wconf 90' lang='lat' dir='ltr'>et</span> <span class='ocrx_word' id='word_1_62' title='bbox 1592 991 1859 1065; x_wconf 83' lang='lat' dir='ltr'>regnavit</span> <span class='ocrx_word' id='word_1_63' title='bbox 1878 1006 2038 1045; x_wconf 90' lang='lat' dir='ltr'>mors</span> 
     </span>
    </p>
   </div>
   <div class='ocr_carea' id='block_1_12' title="bbox 394 1079 2036 1156">
    <p class='ocr_par' dir='ltr' id='par_1_12' title="bbox 394 1079 2036 1156">
     <span class='ocr_line' id='line_1_12' title="bbox 394 1079 2036 1156; baseline -0.005 -14"><span class='ocrx_word' id='word_1_64' title='bbox 394 1087 466 1143; x_wconf 88' lang='lat' dir='ltr'>ab</span> <span class='ocrx_word' id='word_1_65' title='bbox 500 1086 687 1141; x_wconf 84' lang='lat' dir='ltr'>Adam</span> <span class='ocrx_word' id='word_1_66' title='bbox 709 1101 898 1156; x_wconf 90' lang='lat' dir='ltr'>usque</span> <span class='ocrx_word' id='word_1_67' title='bbox 923 1084 996 1139; x_wconf 90' lang='lat' dir='ltr'>ad</span> <span class='ocrx_word' id='word_1_68' title='bbox 1019 1085 1256 1155; x_wconf 88' lang='lat' dir='ltr'>Moysen</span> <span class='ocrx_word' id='word_1_69' title='bbox 1279 1084 1371 1151; x_wconf 83' lang='grc' dir='ltr'>(α),</span> <span class='ocrx_word' id='word_1_70' title='bbox 1407 1104 1432 1132; x_wconf 74' lang='grc' dir='ltr'>ιι</span> <span class='ocrx_word' id='word_1_71' title='bbox 1464 1082 1660 1152; x_wconf 86' lang='lat' dir='ltr'>inquit</span> <span class='ocrx_word' id='word_1_72' title='bbox 1684 1079 2036 1152; x_wconf 84' lang='lat' dir='ltr'>Apostolus;</span> 
     </span>
    </p>
   </div>
   <div class='ocr_carea' id='block_1_13' title="bbox 394 1170 2039 1232">
    <p class='ocr_par' dir='ltr' id='par_1_13' title="bbox 394 1170 2039 1232">
     <span class='ocr_line' id='line_1_13' title="bbox 394 1170 2039 1232; baseline -0.005 -1"><span class='ocrx_word' id='word_1_73' title='bbox 394 1176 655 1232; x_wconf 84' lang='lat' dir='ltr'>naturali</span> <span class='ocrx_word' id='word_1_74' title='bbox 678 1180 876 1231; x_wconf 88' lang='lat' dir='ltr'>autem</span> <span class='ocrx_word' id='word_1_75' title='bbox 905 1173 1117 1228; x_wconf 80' lang='lat' dir='ltr'>divinae</span> <span class='ocrx_word' id='word_1_76' title='bbox 1140 1172 1483 1229; x_wconf 50' lang='lat' dir='ltr'>oeconomiae</span> <span class='ocrx_word' id='word_1_77' title='bbox 1504 1170 1855 1225; x_wconf 87' lang='lat' dir='ltr'>necessitate</span> <span class='ocrx_word' id='word_1_78' title='bbox 1878 1184 2039 1223; x_wconf 87' lang='lat' dir='ltr'>mors</span> 
     </span>
    </p>
   </div>
   <div class='ocr_carea' id='block_1_14' title="bbox 393 1259 2040 1337">
    <p class='ocr_par' dir='ltr' id='par_1_14' title="bbox 393 1259 2040 1337">
     <span class='ocr_line' id='line_1_14' title="bbox 393 1259 2040 1337; baseline -0.005 -17"><span class='ocrx_word' id='word_1_79' title='bbox 393 1266 664 1336; x_wconf 83' lang='lat' dir='ltr'>sequitur</span> <span class='ocrx_word' id='word_1_80' title='bbox 692 1264 1138 1337; x_wconf 81' lang='lat' dir='ltr'>generationem</span> <span class='ocrx_word' id='word_1_81' title='bbox 1161 1280 1173 1317; x_wconf 93' lang='lat'><strong>:</strong></span> <span class='ocrx_word' id='word_1_82' title='bbox 1207 1267 1265 1317; x_wconf 92' lang='lat' dir='ltr'>et</span> <span class='ocrx_word' id='word_1_83' title='bbox 1293 1261 1558 1332; x_wconf 89' lang='lat' dir='ltr'>corporis</span> <span class='ocrx_word' id='word_1_84' title='bbox 1581 1264 1639 1315; x_wconf 89' lang='lat' dir='ltr'>et</span> <span class='ocrx_word' id='word_1_85' title='bbox 1658 1259 1873 1315; x_wconf 70' lang='lat' dir='ltr'>animas</span> <span class='ocrx_word' id='word_1_86' title='bbox 1897 1274 2040 1313; x_wconf 89' lang='lat' dir='ltr'>con-</span> 
     </span>
    </p>
   </div>
   <div class='ocr_carea' id='block_1_15' title="bbox 383 1348 2041 1427">
    <p class='ocr_par' dir='ltr' id='par_1_15' title="bbox 383 1348 2041 1427">
     <span class='ocr_line' id='line_1_15' title="bbox 383 1348 2041 1427; baseline -0.005 -18"><span class='ocrx_word' id='word_1_87' title='bbox 383 1354 761 1427; x_wconf 90' lang='lat' dir='ltr'>junctionem</span> <span class='ocrx_word' id='word_1_88' title='bbox 791 1351 1179 1423; x_wconf 87' lang='lat' dir='ltr'>consequitur</span> <span class='ocrx_word' id='word_1_89' title='bbox 1209 1367 1413 1406; x_wconf 90' lang='lat' dir='ltr'>eorum</span> <span class='ocrx_word' id='word_1_90' title='bbox 1458 1349 1791 1405; x_wconf 88' lang='lat' dir='ltr'>dissolutio.</span> <span class='ocrx_word' id='word_1_91' title='bbox 1844 1348 1900 1402; x_wconf 90' lang='lat' dir='ltr'>Si</span> <span class='ocrx_word' id='word_1_92' title='bbox 1950 1351 2041 1402; x_wconf 87' lang='lat' dir='ltr'>est</span> 
     </span>
    </p>
   </div>
   <div class='ocr_carea' id='block_1_16' title="bbox 392 1436 2035 1513">
    <p class='ocr_par' dir='ltr' id='par_1_16' title="bbox 392 1436 2035 1513">
     <span class='ocr_line' id='line_1_16' title="bbox 392 1436 2035 1513; baseline -0.004 -16"><span class='ocrx_word' id='word_1_93' title='bbox 392 1447 588 1497; x_wconf 89' lang='lat' dir='ltr'>autem</span> <span class='ocrx_word' id='word_1_94' title='bbox 622 1448 863 1513; x_wconf 87' lang='lat' dir='ltr'>propter</span> <span class='ocrx_word' id='word_1_95' title='bbox 892 1441 1222 1496; x_wconf 87' lang='lat' dir='ltr'>doctrinam</span> <span class='ocrx_word' id='word_1_96' title='bbox 1254 1439 1690 1511; x_wconf 89' lang='lat' dir='ltr'>etagnitionem</span> <span class='ocrx_word' id='word_1_97' title='bbox 1712 1436 2035 1509; x_wconf 90' lang='lat' dir='ltr'>generatio,</span> 
     </span>
    </p>
   </div>
   <div class='ocr_carea' id='block_1_17' title="bbox 2144 534 3789 615">
    <p class='ocr_par' dir='ltr' id='par_1_17' title="bbox 2144 534 3789 615">
     <span class='ocr_line' id='line_1_17' title="bbox 2144 534 3789 615; baseline 0.005 -25"><span class='ocrx_word' id='word_1_98' title='bbox 2144 534 2212 590; x_wconf 90' lang='grc' dir='ltr'>δι’</span> <span class='ocrx_word' id='word_1_99' title='bbox 2245 538 2361 600; x_wconf 75' lang='grc' dir='ltr'>ἑνὸς</span> <span class='ocrx_word' id='word_1_100' title='bbox 2395 535 2688 605; x_wconf 68' lang='grc' dir='ltr'>ἄνθρώπου</span> <span class='ocrx_word' id='word_1_101' title='bbox 2718 542 2753 610; x_wconf 76' lang='grc' dir='ltr'><strong>ἠ</strong></span> <span class='ocrx_word' id='word_1_102' title='bbox 2804 540 3045 614; x_wconf 82' lang='grc' dir='ltr'>ἁμαρτία</span> <span class='ocrx_word' id='word_1_103' title='bbox 3097 540 3173 603; x_wconf 70' lang='grc' dir='ltr'>εἲς</span> <span class='ocrx_word' id='word_1_104' title='bbox 3220 542 3315 598; x_wconf 79' lang='grc' dir='ltr'>τὸν</span> <span class='ocrx_word' id='word_1_105' title='bbox 3365 543 3573 615; x_wconf 76' lang='grc' dir='ltr'>κόσμον</span> <span class='ocrx_word' id='word_1_106' title='bbox 3610 541 3789 612; x_wconf 80' lang='grc' dir='ltr'>εἰσῆλ-</span> 
     </span>
    </p>
   </div>
   <div class='ocr_carea' id='block_1_18' title="bbox 2143 625 3795 706">
    <p class='ocr_par' dir='ltr' id='par_1_18' title="bbox 2143 625 3795 706">
     <span class='ocr_line' id='line_1_18' title="bbox 2143 625 3795 706; baseline 0.005 -26"><span class='ocrx_word' id='word_1_107' title='bbox 2143 627 2221 693; x_wconf 87' lang='grc' dir='ltr'>θε,</span> <span class='ocrx_word' id='word_1_108' title='bbox 2253 628 2339 682; x_wconf 79' lang='grc' dir='ltr'>καὶ</span> <span class='ocrx_word' id='word_1_109' title='bbox 2375 625 2465 683; x_wconf 78' lang='grc' dir='ltr'>διὰ</span> <span class='ocrx_word' id='word_1_110' title='bbox 2518 635 2617 699; x_wconf 88' lang='grc' dir='ltr'>τῆς</span> <span class='ocrx_word' id='word_1_111' title='bbox 2675 630 2944 706; x_wconf 76' lang='grc' dir='ltr'>ἁμαρτίας</span> <span class='ocrx_word' id='word_1_112' title='bbox 3000 631 3029 684; x_wconf 83' lang='grc' dir='ltr'><strong>ὁ</strong></span> <span class='ocrx_word' id='word_1_113' title='bbox 3088 632 3318 693; x_wconf 70' lang='grc' dir='ltr'>θάνατος</span> <span class='ocrx_word' id='word_1_114' title='bbox 3348 636 3459 705; x_wconf 81' lang='grc'><strong>(12)</strong></span> <span class='ocrx_word' id='word_1_115' title='bbox 3495 632 3572 694; x_wconf 86' lang='grc' dir='ltr'>είς</span> <span class='ocrx_word' id='word_1_116' title='bbox 3601 635 3795 695; x_wconf 84' lang='grc' dir='ltr'>πάντας</span> 
     </span>
    </p>
   </div>
   <div class='ocr_carea' id='block_1_19' title="bbox 2144 717 3793 799">
    <p class='ocr_par' dir='ltr' id='par_1_19' title="bbox 2144 717 3793 799">
     <span class='ocr_line' id='line_1_19' title="bbox 2144 717 3793 799; baseline 0.005 -27"><span class='ocrx_word' id='word_1_117' title='bbox 2144 718 2465 791; x_wconf 77' lang='grc' dir='ltr'>ἀνθρώπους</span> <span class='ocrx_word' id='word_1_118' title='bbox 2513 717 2753 789; x_wconf 77' lang='grc' dir='ltr'>διῆλθεν,</span> <span class='ocrx_word' id='word_1_119' title='bbox 2810 718 2892 799; x_wconf 81' lang='grc' dir='ltr'>ἐφ’</span> <span class='ocrx_word' id='word_1_120' title='bbox 2946 721 2991 793; x_wconf 83' lang='grc' dir='ltr'>ᾧ</span> <span class='ocrx_word' id='word_1_121' title='bbox 3045 722 3239 784; x_wconf 84' lang='grc' dir='ltr'>πάντες</span> <span class='ocrx_word' id='word_1_122' title='bbox 3290 724 3522 796; x_wconf 84' lang='grc' dir='ltr'>ἣματον·</span> <span class='ocrx_word' id='word_1_123' title='bbox 3568 722 3658 778; x_wconf 63' lang='grc' dir='ltr'>καὶ</span> <span class='ocrx_word' id='word_1_124' title='bbox 3689 726 3793 797; x_wconf 81' lang='grc'><strong>(13)</strong></span> 
     </span>
    </p>
   </div>
   <div class='ocr_carea' id='block_1_20' title="bbox 2145 802 3786 887">
    <p class='ocr_par' dir='ltr' id='par_1_20' title="bbox 2145 802 3786 887">
     <span class='ocr_line' id='line_1_20' title="bbox 2145 802 3786 887; baseline 0.004 -26"><span class='ocrx_word' id='word_1_125' title='bbox 2145 802 2484 864; x_wconf 76' lang='grc' dir='ltr'>ἐϐασίλευσεν</span> <span class='ocrx_word' id='word_1_126' title='bbox 2518 811 2546 865; x_wconf 87' lang='grc' dir='ltr'><strong>ὁ</strong></span> <span class='ocrx_word' id='word_1_127' title='bbox 2576 811 2804 872; x_wconf 86' lang='grc' dir='ltr'>θάνατος</span> <span class='ocrx_word' id='word_1_128' title='bbox 2853 810 2961 865; x_wconf 81' lang='grc' dir='ltr'>ἀπὸ</span> <span class='ocrx_word' id='word_1_129' title='bbox 3008 807 3194 883; x_wconf 76' lang='grc' dir='ltr'>Ἀδάμ</span> <span class='ocrx_word' id='word_1_130' title='bbox 3229 813 3397 887; x_wconf 63' lang='grc' dir='ltr'>μέχρι</span> <span class='ocrx_word' id='word_1_131' title='bbox 3429 813 3732 880; x_wconf 77' lang='grc' dir='ltr'>Μωϋσὲως,</span> <span class='ocrx_word' id='word_1_132' title='bbox 3765 839 3786 867; x_wconf 76' lang='grc' dir='ltr'>ι</span> 
     </span>
    </p>
   </div>
   <div class='ocr_carea' id='block_1_21' title="bbox 2145 896 3793 975">
    <p class='ocr_par' dir='ltr' id='par_1_21' title="bbox 2145 896 3793 975">
     <span class='ocr_line' id='line_1_21' title="bbox 2145 896 3793 975; baseline 0.004 -24"><span class='ocrx_word' id='word_1_133' title='bbox 2145 898 2308 974; x_wconf 79' lang='grc' dir='ltr'>φησὶν</span> <span class='ocrx_word' id='word_1_134' title='bbox 2342 900 2371 953; x_wconf 85' lang='grc' dir='ltr'><strong>ὁ</strong></span> <span class='ocrx_word' id='word_1_135' title='bbox 2402 898 2763 960; x_wconf 85' lang='grc' dir='ltr'>Ἀπόστολος·</span> <span class='ocrx_word' id='word_1_136' title='bbox 2796 903 2997 974; x_wconf 78' lang='grc' dir='ltr'>φυσικῇ</span> <span class='ocrx_word' id='word_1_137' title='bbox 3052 896 3111 954; x_wconf 68' lang='grc' dir='ltr'>δὲ</span> <span class='ocrx_word' id='word_1_138' title='bbox 3157 900 3359 975; x_wconf 75' lang='grc' dir='ltr'>ἀνάγκῃ</span> <span class='ocrx_word' id='word_1_139' title='bbox 3399 900 3543 964; x_wconf 83' lang='grc' dir='ltr'>θείας</span> <span class='ocrx_word' id='word_1_140' title='bbox 3578 902 3793 957; x_wconf 79' lang='grc' dir='ltr'>οἰκονο-</span> 
     </span>
    </p>
   </div>
   <div class='ocr_carea' id='block_1_22' title="bbox 2148 984 3793 1066">
    <p class='ocr_par' dir='ltr' id='par_1_22' title="bbox 2148 984 3793 1066">
     <span class='ocr_line' id='line_1_22' title="bbox 2148 984 3793 1066; baseline 0.004 -27"><span class='ocrx_word' id='word_1_141' title='bbox 2148 986 2275 1059; x_wconf 89' lang='grc' dir='ltr'>μίας</span> <span class='ocrx_word' id='word_1_142' title='bbox 2305 987 2506 1062; x_wconf 70' lang='grc' dir='ltr'>γενέσει</span> <span class='ocrx_word' id='word_1_143' title='bbox 2556 989 2781 1052; x_wconf 83' lang='grc' dir='ltr'>θάνατος</span> <span class='ocrx_word' id='word_1_144' title='bbox 2821 984 3030 1047; x_wconf 73' lang='grc' dir='ltr'>ἕπεται.</span> <span class='ocrx_word' id='word_1_145' title='bbox 3083 989 3171 1044; x_wconf 87' lang='grc' dir='ltr'>καὶ</span> <span class='ocrx_word' id='word_1_146' title='bbox 3230 987 3442 1062; x_wconf 78' lang='grc' dir='ltr'>συνόδῳ</span> <span class='ocrx_word' id='word_1_147' title='bbox 3485 993 3676 1066; x_wconf 81' lang='grc' dir='ltr'>ψυχῆς</span> <span class='ocrx_word' id='word_1_148' title='bbox 3707 991 3793 1047; x_wconf 83' lang='grc' dir='ltr'>καὶ</span> 
     </span>
    </p>
   </div>
   <div class='ocr_carea' id='block_1_23' title="bbox 2145 1074 3794 1147">
    <p class='ocr_par' dir='ltr' id='par_1_23' title="bbox 2145 1074 3794 1147">
     <span class='ocr_line' id='line_1_23' title="bbox 2145 1074 3794 1147; baseline 0.004 -18"><span class='ocrx_word' id='word_1_149' title='bbox 2145 1075 2398 1147; x_wconf 89' lang='grc' dir='ltr'>σώματος</span> <span class='ocrx_word' id='word_1_150' title='bbox 2442 1078 2477 1146; x_wconf 75' lang='grc' dir='ltr'>ἡ</span> <span class='ocrx_word' id='word_1_151' title='bbox 2526 1077 2732 1132; x_wconf 78' lang='grc' dir='ltr'>τούτων</span> <span class='ocrx_word' id='word_1_152' title='bbox 2781 1074 3027 1141; x_wconf 79' lang='grc' dir='ltr'>διάλυσις</span> <span class='ocrx_word' id='word_1_153' title='bbox 3085 1076 3396 1143; x_wconf 76' lang='grc' dir='ltr'>ἀκολουθεῖ.</span> <span class='ocrx_word' id='word_1_154' title='bbox 3431 1078 3496 1137; x_wconf 74' lang='grc' dir='ltr'>Εἰ</span> <span class='ocrx_word' id='word_1_155' title='bbox 3528 1077 3589 1134; x_wconf 77' lang='grc' dir='ltr'>δὶ</span> <span class='ocrx_word' id='word_1_156' title='bbox 3616 1077 3794 1136; x_wconf 71' lang='grc' dir='ltr'>ἕνεκεν</span> 
     </span>
    </p>
   </div>
   <div class='ocr_carea' id='block_1_24' title="bbox 2147 1160 3794 1244">
    <p class='ocr_par' dir='ltr' id='par_1_24' title="bbox 2147 1160 3794 1244">
     <span class='ocr_line' id='line_1_24' title="bbox 2147 1160 3794 1244; baseline 0.004 -25"><span class='ocrx_word' id='word_1_157' title='bbox 2147 1167 2432 1238; x_wconf 81' lang='grc' dir='ltr'>μαθήσεως</span> <span class='ocrx_word' id='word_1_158' title='bbox 2489 1160 2589 1222; x_wconf 69' lang='grc' dir='ltr'>καῖ</span> <span class='ocrx_word' id='word_1_159' title='bbox 2637 1167 2987 1242; x_wconf 82' lang='grc' dir='ltr'>ἐπιγνώσεως</span> <span class='ocrx_word' id='word_1_160' title='bbox 3040 1170 3075 1238; x_wconf 76' lang='grc' dir='ltr'><strong>ἡ</strong></span> <span class='ocrx_word' id='word_1_161' title='bbox 3130 1168 3358 1244; x_wconf 75' lang='grc' dir='ltr'>γένεσις.</span> <span class='ocrx_word' id='word_1_162' title='bbox 3415 1169 3794 1226; x_wconf 82' lang='grc' dir='ltr'>ἀποκαταστά-</span> 
     </span>
    </p>
   </div>
   <div class='ocr_carea' id='block_1_25' title="bbox 2143 1251 3795 1329">
    <p class='ocr_par' dir='ltr' id='par_1_25' title="bbox 2143 1251 3795 1329">
     <span class='ocr_line' id='line_1_25' title="bbox 2143 1251 3795 1329; baseline 0.004 -20"><span class='ocrx_word' id='word_1_163' title='bbox 2143 1275 2278 1317; x_wconf 87' lang='grc' dir='ltr'>σεως</span> <span class='ocrx_word' id='word_1_164' title='bbox 2310 1251 2368 1310; x_wconf 74' lang='grc' dir='ltr'>δὲ</span> <span class='ocrx_word' id='word_1_165' title='bbox 2393 1258 2502 1329; x_wconf 79' lang='grc'><strong>(14)</strong></span> <span class='ocrx_word' id='word_1_166' title='bbox 2542 1259 2577 1326; x_wconf 76' lang='grc' dir='ltr'><strong>ἡ</strong></span> <span class='ocrx_word' id='word_1_167' title='bbox 2628 1254 2897 1320; x_wconf 79' lang='grc' dir='ltr'>διάλυσις·</span> <span class='ocrx_word' id='word_1_168' title='bbox 2952 1257 3027 1317; x_wconf 82' lang='grc' dir='ltr'>ὡς</span> <span class='ocrx_word' id='word_1_169' title='bbox 3071 1254 3130 1312; x_wconf 65' lang='grc' dir='ltr'>δὲ</span> <span class='ocrx_word' id='word_1_170' title='bbox 3176 1257 3322 1313; x_wconf 69' lang='grc' dir='ltr'>αἶτία</span> <span class='ocrx_word' id='word_1_171' title='bbox 3352 1260 3582 1323; x_wconf 84' lang='grc' dir='ltr'>θανάτου</span> <span class='ocrx_word' id='word_1_172' title='bbox 3615 1256 3708 1314; x_wconf 79' lang='grc' dir='ltr'>διᾶ</span> <span class='ocrx_word' id='word_1_173' title='bbox 3734 1259 3795 1315; x_wconf 75' lang='grc' dir='ltr'>τὸ</span> 
     </span>
    </p>
   </div>
   <div class='ocr_carea' id='block_1_26' title="bbox 2140 1343 3795 1422">
    <p class='ocr_par' dir='ltr' id='par_1_26' title="bbox 2140 1343 3795 1422">
     <span class='ocr_line' id='line_1_26' title="bbox 2140 1343 3795 1422; baseline 0.004 -23"><span class='ocrx_word' id='word_1_174' title='bbox 2140 1343 2336 1400; x_wconf 80' lang='grc' dir='ltr'>τίκτειν</span> <span class='ocrx_word' id='word_1_175' title='bbox 2367 1348 2402 1415; x_wconf 79' lang='grc' dir='ltr'><strong>ἡ</strong></span> <span class='ocrx_word' id='word_1_176' title='bbox 2434 1347 2569 1422; x_wconf 85' lang='grc' dir='ltr'>γυνή</span> <span class='ocrx_word' id='word_1_177' title='bbox 2600 1345 2903 1419; x_wconf 79' lang='grc' dir='ltr'>νομίζεται,</span> <span class='ocrx_word' id='word_1_178' title='bbox 2937 1346 3082 1403; x_wconf 73' lang='grc' dir='ltr'>οὕτω</span> <span class='ocrx_word' id='word_1_179' title='bbox 3132 1348 3224 1403; x_wconf 89' lang='grc' dir='ltr'>καί</span> <span class='ocrx_word' id='word_1_180' title='bbox 3275 1353 3420 1419; x_wconf 88' lang='grc' dir='ltr'>ζωῆς</span> <span class='ocrx_word' id='word_1_181' title='bbox 3448 1347 3539 1405; x_wconf 78' lang='grc' dir='ltr'>διὰ</span> <span class='ocrx_word' id='word_1_182' title='bbox 3567 1351 3670 1420; x_wconf 80' lang='grc' dir='ltr'>τήν</span> <span class='ocrx_word' id='word_1_183' title='bbox 3704 1350 3795 1406; x_wconf 79' lang='grc' dir='ltr'>αὖ·</span> 
     </span>
    </p>
   </div>
   <div class='ocr_carea' id='block_1_27' title="bbox 2142 1432 3793 1513">
    <p class='ocr_par' dir='ltr' id='par_1_27' title="bbox 2142 1432 3793 1513">
     <span class='ocr_line' id='line_1_27' title="bbox 2142 1432 3793 1513; baseline 0.004 -24"><span class='ocrx_word' id='word_1_184' title='bbox 2142 1435 2241 1503; x_wconf 81' lang='grc' dir='ltr'>τήν</span> <span class='ocrx_word' id='word_1_185' title='bbox 2275 1432 2449 1488; x_wconf 78' lang='grc' dir='ltr'>αἰτίαν</span> <span class='ocrx_word' id='word_1_186' title='bbox 2482 1433 2815 1510; x_wconf 71' lang='grc' dir='ltr'>λεχθήσεται</span> <span class='ocrx_word' id='word_1_187' title='bbox 2861 1439 3112 1511; x_wconf 77' lang='grc' dir='ltr'>ἡγεμών.</span> <span class='ocrx_word' id='word_1_188' title='bbox 3168 1437 3376 1493; x_wconf 80' lang='grc' dir='ltr'>Αὐτίκα</span> <span class='ocrx_word' id='word_1_189' title='bbox 3406 1440 3440 1507; x_wconf 77' lang='grc' dir='ltr'><strong>ἡ</strong></span> <span class='ocrx_word' id='word_1_190' title='bbox 3472 1442 3793 1513; x_wconf 79' lang='grc' dir='ltr'>προκατάρ-</span> 
     </span>
    </p>
   </div>
   <div class='ocr_carea' id='block_1_28' title="bbox 390 1520 2031 1604">
    <p class='ocr_par' dir='ltr' id='par_1_28' title="bbox 390 1527 2031 1593">
     <span class='ocr_line' id='line_1_28' title="bbox 390 1527 2031 1593; baseline -0.004 -8"><span class='ocrx_word' id='word_1_191' title='bbox 390 1530 786 1586; x_wconf 86' lang='lat' dir='ltr'>restitutionis</span> <span class='ocrx_word' id='word_1_192' title='bbox 816 1547 995 1587; x_wconf 88' lang='lat' dir='ltr'>causa</span> <span class='ocrx_word' id='word_1_193' title='bbox 1024 1531 1137 1584; x_wconf 91' lang='lat' dir='ltr'>erit</span> <span class='ocrx_word' id='word_1_194' title='bbox 1156 1529 1491 1585; x_wconf 89' lang='lat' dir='ltr'>dissolutio.</span> <span class='ocrx_word' id='word_1_195' title='bbox 1515 1527 1816 1593; x_wconf 87' lang='lat' dir='ltr'>Quomodo</span> <span class='ocrx_word' id='word_1_196' title='bbox 1838 1531 2031 1581; x_wconf 87' lang='lat' dir='ltr'>autem</span> 
     </span>
    </p>
   </div>
   <div class='ocr_carea' id='block_1_29' title="bbox 2145 1520 3789 1604">
    <p class='ocr_par' dir='ltr' id='par_1_29' title="bbox 2145 1520 3789 1604">
     <span class='ocr_line' id='line_1_29' title="bbox 2145 1520 3789 1604; baseline 0.005 -28"><span class='ocrx_word' id='word_1_197' title='bbox 2145 1522 2274 1593; x_wconf 80' lang='grc' dir='ltr'>ξασα</span> <span class='ocrx_word' id='word_1_198' title='bbox 2302 1529 2401 1592; x_wconf 89' lang='grc' dir='ltr'>τῆς</span> <span class='ocrx_word' id='word_1_199' title='bbox 2430 1520 2789 1598; x_wconf 74' lang='grc' dir='ltr'>παραϐάσεως</span> <span class='ocrx_word' id='word_1_200' title='bbox 2823 1526 2932 1599; x_wconf 80' lang='grc'><strong>(15)</strong></span> <span class='ocrx_word' id='word_1_201' title='bbox 2970 1548 2991 1578; x_wconf 78' lang='grc' dir='ltr'>ι</span> <span class='ocrx_word' id='word_1_202' title='bbox 3028 1525 3143 1596; x_wconf 75' lang='grc' dir='ltr'>ζωὴ</span> <span class='ocrx_word' id='word_1_203' title='bbox 3177 1550 3207 1578; x_wconf 81' lang='grc'><strong>››</strong></span> <span class='ocrx_word' id='word_1_204' title='bbox 3256 1530 3366 1598; x_wconf 82' lang='grc'><strong>(16)</strong></span> <span class='ocrx_word' id='word_1_205' title='bbox 3407 1529 3789 1604; x_wconf 73' lang='grc' dir='ltr'>προσηγορεῦ-</span> 
     </span>
    </p>
   </div>
   <div class='ocr_carea' id='block_1_30' title="bbox 393 1610 2031 1692">
    <p class='ocr_par' dir='ltr' id='par_1_30' title="bbox 393 1612 2031 1688">
     <span class='ocr_line' id='line_1_30' title="bbox 393 1612 2031 1688; baseline -0.005 -13"><span class='ocrx_word' id='word_1_206' title='bbox 393 1620 766 1675; x_wconf 85' lang='lat' dir='ltr'>existimatur</span> <span class='ocrx_word' id='word_1_207' title='bbox 790 1619 1009 1674; x_wconf 89' lang='lat' dir='ltr'>mulier</span> <span class='ocrx_word' id='word_1_208' title='bbox 1038 1634 1215 1672; x_wconf 86' lang='lat' dir='ltr'>causa</span> <span class='ocrx_word' id='word_1_209' title='bbox 1252 1618 1483 1685; x_wconf 89' lang='lat' dir='ltr'>mortis,</span> <span class='ocrx_word' id='word_1_210' title='bbox 1517 1622 1830 1688; x_wconf 82' lang='lat' dir='ltr'>prapterea</span> <span class='ocrx_word' id='word_1_211' title='bbox 1878 1612 2031 1685; x_wconf 92' lang='lat' dir='ltr'>quod</span> 
     </span>
    </p>
   </div>
   <div class='ocr_carea' id='block_1_31' title="bbox 2145 1610 3789 1692">
    <p class='ocr_par' dir='ltr' id='par_1_31' title="bbox 2145 1610 3789 1692">
     <span class='ocr_line' id='line_1_31' title="bbox 2145 1610 3789 1692; baseline 0.005 -27"><span class='ocrx_word' id='word_1_212' title='bbox 2145 1621 2211 1682; x_wconf 91' lang='grc' dir='ltr'>θη</span> <span class='ocrx_word' id='word_1_213' title='bbox 2245 1610 2334 1666; x_wconf 83' lang='grc' dir='ltr'>διὰ</span> <span class='ocrx_word' id='word_1_214' title='bbox 2361 1613 2459 1681; x_wconf 80' lang='grc' dir='ltr'>τήν</span> <span class='ocrx_word' id='word_1_215' title='bbox 2500 1620 2601 1682; x_wconf 88' lang='grc' dir='ltr'>τῆς</span> <span class='ocrx_word' id='word_1_216' title='bbox 2647 1610 2916 1691; x_wconf 84' lang='grc' dir='ltr'>διαδοχῆς</span> <span class='ocrx_word' id='word_1_217' title='bbox 2968 1612 3170 1685; x_wconf 76' lang='grc' dir='ltr'>αἰτίαν,</span> <span class='ocrx_word' id='word_1_218' title='bbox 3212 1620 3321 1670; x_wconf 79' lang='grc' dir='ltr'>τῶν</span> <span class='ocrx_word' id='word_1_219' title='bbox 3350 1636 3410 1671; x_wconf 90' lang='grc' dir='ltr'>τε</span> <span class='ocrx_word' id='word_1_220' title='bbox 3438 1617 3789 1692; x_wconf 75' lang='grc' dir='ltr'>γεννωμένων</span> 
     </span>
    </p>
   </div>
   <div class='ocr_carea' id='block_1_32' title="bbox 392 1702 2031 1780">
    <p class='ocr_par' dir='ltr' id='par_1_32' title="bbox 392 1702 2031 1780">
     <span class='ocr_line' id='line_1_32' title="bbox 392 1702 2031 1780; baseline -0.004 -17"><span class='ocrx_word' id='word_1_221' title='bbox 392 1709 586 1780; x_wconf 87' lang='lat' dir='ltr'>pariat</span> <span class='ocrx_word' id='word_1_222' title='bbox 609 1725 622 1762; x_wconf 87' lang='lat'><strong><em>:</em></strong></span> <span class='ocrx_word' id='word_1_223' title='bbox 656 1709 737 1762; x_wconf 89' lang='lat' dir='ltr'>ita</span> <span class='ocrx_word' id='word_1_224' title='bbox 755 1709 933 1763; x_wconf 91' lang='lat' dir='ltr'>etiam</span> <span class='ocrx_word' id='word_1_225' title='bbox 956 1708 1185 1762; x_wconf 85' lang='lat' dir='ltr'>dicetur</span> <span class='ocrx_word' id='word_1_226' title='bbox 1204 1706 1324 1761; x_wconf 81' lang='lat' dir='ltr'>dux</span> <span class='ocrx_word' id='word_1_227' title='bbox 1341 1706 1472 1760; x_wconf 72' lang='lat' dir='ltr'>vitae</span> <span class='ocrx_word' id='word_1_228' title='bbox 1497 1711 1737 1776; x_wconf 91' lang='lat' dir='ltr'>propter</span> <span class='ocrx_word' id='word_1_229' title='bbox 1766 1702 2031 1759; x_wconf 85' lang='lat' dir='ltr'>eamdem</span> 
     </span>
    </p>
   </div>
   <div class='ocr_carea' id='block_1_33' title="bbox 2145 1702 3788 1780">
    <p class='ocr_par' dir='ltr' id='par_1_33' title="bbox 2145 1702 3788 1780">
     <span class='ocr_line' id='line_1_33' title="bbox 2145 1702 3788 1780; baseline 0.006 -27"><span class='ocrx_word' id='word_1_230' title='bbox 2145 1703 2250 1754; x_wconf 80' lang='grc' dir='ltr'>τῶν</span> <span class='ocrx_word' id='word_1_231' title='bbox 2280 1720 2340 1755; x_wconf 87' lang='grc' dir='ltr'>τε</span> <span class='ocrx_word' id='word_1_232' title='bbox 2369 1702 2787 1777; x_wconf 85' lang='grc' dir='ltr'>ἁμαρτανόντων</span> <span class='ocrx_word' id='word_1_233' title='bbox 2847 1705 2961 1776; x_wconf 82' lang='grc'><strong>(17)</strong></span> <span class='ocrx_word' id='word_1_234' title='bbox 3016 1704 3244 1780; x_wconf 86' lang='grc' dir='ltr'>γίνεται,</span> <span class='ocrx_word' id='word_1_235' title='bbox 3306 1706 3521 1778; x_wconf 76' lang='grc' dir='ltr'>ὁμοίως</span> <span class='ocrx_word' id='word_1_236' title='bbox 3568 1705 3788 1764; x_wconf 81' lang='grc' dir='ltr'>δικαίων</span> 
     </span>
    </p>
   </div>
   <div class='ocr_carea' id='block_1_34' title="bbox 392 1786 2031 1869">
    <p class='ocr_par' dir='ltr' id='par_1_34' title="bbox 392 1794 2031 1866">
     <span class='ocr_line' id='line_1_34' title="bbox 392 1794 2031 1866; baseline -0.004 -14"><span class='ocrx_word' id='word_1_237' title='bbox 392 1813 652 1853; x_wconf 90' lang='lat' dir='ltr'>causam.</span> <span class='ocrx_word' id='word_1_238' title='bbox 682 1796 938 1851; x_wconf 88' lang='lat' dir='ltr'>Proinde</span> <span class='ocrx_word' id='word_1_239' title='bbox 978 1813 1109 1866; x_wconf 66' lang='lat' dir='ltr'>quas</span> <span class='ocrx_word' id='word_1_240' title='bbox 1157 1795 1321 1866; x_wconf 90' lang='lat' dir='ltr'>prior</span> <span class='ocrx_word' id='word_1_241' title='bbox 1371 1794 1668 1848; x_wconf 85' lang='lat' dir='ltr'>inchoavit</span> <span class='ocrx_word' id='word_1_242' title='bbox 1710 1798 2031 1865; x_wconf 87' lang='lat' dir='ltr'>transgres-</span> 
     </span>
    </p>
   </div>
   <div class='ocr_carea' id='block_1_35' title="bbox 2145 1786 3794 1869">
    <p class='ocr_par' dir='ltr' id='par_1_35' title="bbox 2148 1786 3794 1867">
     <span class='ocr_line' id='line_1_35' title="bbox 2148 1786 3794 1867; baseline 0.006 -25"><span class='ocrx_word' id='word_1_243' title='bbox 2148 1787 2223 1850; x_wconf 88' lang='grc' dir='ltr'>ὡς</span> <span class='ocrx_word' id='word_1_244' title='bbox 2251 1788 2342 1843; x_wconf 79' lang='grc' dir='ltr'>καί</span> <span class='ocrx_word' id='word_1_245' title='bbox 2370 1786 2595 1857; x_wconf 74' lang='grc' dir='ltr'>ἀδίκων,</span> <span class='ocrx_word' id='word_1_246' title='bbox 2656 1793 2863 1867; x_wconf 73' lang='grc' dir='ltr'>μήτηρ,</span> <span class='ocrx_word' id='word_1_247' title='bbox 2923 1791 3148 1848; x_wconf 72' lang='grc' dir='ltr'>ἑκάστου</span> <span class='ocrx_word' id='word_1_248' title='bbox 3207 1792 3370 1866; x_wconf 76' lang='grc' dir='ltr'>ἡμῶν</span> <span class='ocrx_word' id='word_1_249' title='bbox 3402 1795 3593 1851; x_wconf 72' lang='grc' dir='ltr'>ἑαυτὸν</span> <span class='ocrx_word' id='word_1_250' title='bbox 3626 1794 3794 1852; x_wconf 84' lang='grc' dir='ltr'>δικαι-</span> 
     </span>
    </p>
   </div>
   <div class='ocr_carea' id='block_1_36' title="bbox 393 1884 2037 1955">
    <p class='ocr_par' dir='ltr' id='par_1_36' title="bbox 393 1884 2037 1955">
     <span class='ocr_line' id='line_1_36' title="bbox 393 1884 2037 1955; baseline -0.005 -13"><span class='ocrx_word' id='word_1_251' title='bbox 393 1887 645 1954; x_wconf 88' lang='lat' dir='ltr'>sionem,</span> <span class='ocrx_word' id='word_1_252' title='bbox 707 1885 840 1940; x_wconf 81' lang='lat' dir='ltr'>Vita</span> <span class='ocrx_word' id='word_1_253' title='bbox 892 1891 983 1940; x_wconf 90' lang='lat' dir='ltr'>est</span> <span class='ocrx_word' id='word_1_254' title='bbox 1025 1884 1323 1955; x_wconf 86' lang='lat' dir='ltr'>appellata</span> <span class='ocrx_word' id='word_1_255' title='bbox 1362 1884 1459 1951; x_wconf 81' lang='lat' dir='ltr'>(b),</span> <span class='ocrx_word' id='word_1_256' title='bbox 1514 1887 1756 1953; x_wconf 86' lang='lat' dir='ltr'>prOpter</span> <span class='ocrx_word' id='word_1_257' title='bbox 1798 1894 2037 1936; x_wconf 85' lang='lat' dir='ltr'>causam</span> 
     </span>
    </p>
   </div>
   <div class='ocr_carea' id='block_1_37' title="bbox 393 1970 2041 2045">
    <p class='ocr_par' dir='ltr' id='par_1_37' title="bbox 393 1970 2041 2045">
     <span class='ocr_line' id='line_1_37' title="bbox 393 1970 2041 2045; baseline -0.005 -15"><span class='ocrx_word' id='word_1_258' title='bbox 393 1975 822 2032; x_wconf 89' lang='lat' dir='ltr'>successionis:</span> <span class='ocrx_word' id='word_1_259' title='bbox 848 1979 907 2029; x_wconf 92' lang='lat' dir='ltr'>et</span> <span class='ocrx_word' id='word_1_260' title='bbox 927 1990 1154 2037; x_wconf 88' lang='lat' dir='ltr'>eorum,</span> <span class='ocrx_word' id='word_1_261' title='bbox 1180 1973 1277 2044; x_wconf 90' lang='lat' dir='ltr'>qui</span> <span class='ocrx_word' id='word_1_262' title='bbox 1301 1977 1684 2045; x_wconf 79' lang='lat' dir='ltr'>generantur,</span> <span class='ocrx_word' id='word_1_263' title='bbox 1706 1976 1760 2026; x_wconf 87' lang='lat' dir='ltr'>et</span> <span class='ocrx_word' id='word_1_264' title='bbox 1779 1970 1879 2041; x_wconf 89' lang='lat' dir='ltr'>qui</span> <span class='ocrx_word' id='word_1_265' title='bbox 1903 1985 2041 2041; x_wconf 87' lang='lat' dir='ltr'>pec-</span> 
     </span>
    </p>
   </div>
   <div class='ocr_carea' id='block_1_38' title="bbox 395 2062 2036 2135">
    <p class='ocr_par' dir='ltr' id='par_1_38' title="bbox 395 2062 2036 2135">
     <span class='ocr_line' id='line_1_38' title="bbox 395 2062 2036 2135; baseline -0.004 -15"><span class='ocrx_word' id='word_1_266' title='bbox 395 2068 553 2130; x_wconf 90' lang='lat' dir='ltr'>cant,</span> <span class='ocrx_word' id='word_1_267' title='bbox 587 2070 707 2120; x_wconf 85' lang='lat' dir='ltr'>tam</span> <span class='ocrx_word' id='word_1_268' title='bbox 731 2065 1032 2135; x_wconf 88' lang='lat' dir='ltr'>justorum</span> <span class='ocrx_word' id='word_1_269' title='bbox 1066 2078 1245 2133; x_wconf 88' lang='lat' dir='ltr'>quam</span> <span class='ocrx_word' id='word_1_270' title='bbox 1293 2062 1673 2132; x_wconf 79' lang='lat' dir='ltr'>injustorum,</span> <span class='ocrx_word' id='word_1_271' title='bbox 1708 2066 1899 2115; x_wconf 90' lang='lat' dir='ltr'>mater</span> <span class='ocrx_word' id='word_1_272' title='bbox 1927 2063 2036 2125; x_wconf 91' lang='lat' dir='ltr'>est,</span> 
     </span>
    </p>
   </div>
   <div class='ocr_carea' id='block_1_39' title="bbox 393 2149 2036 2223">
    <p class='ocr_par' dir='ltr' id='par_1_39' title="bbox 393 2149 2036 2223">
     <span class='ocr_line' id='line_1_39' title="bbox 393 2149 2036 2223; baseline -0.002 -17"><span class='ocrx_word' id='word_1_273' title='bbox 393 2169 755 2223; x_wconf 90' lang='lat' dir='ltr'>unoquoque</span> <span class='ocrx_word' id='word_1_274' title='bbox 786 2159 1055 2207; x_wconf 87' lang='lat' dir='ltr'>nostrum</span> <span class='ocrx_word' id='word_1_275' title='bbox 1081 2152 1344 2222; x_wconf 89' lang='lat' dir='ltr'>seipsum</span> <span class='ocrx_word' id='word_1_276' title='bbox 1362 2149 1754 2222; x_wconf 85' lang='lat' dir='ltr'>justificante,</span> <span class='ocrx_word' id='word_1_277' title='bbox 1775 2149 1863 2203; x_wconf 86' lang='lat' dir='ltr'>vel</span> <span class='ocrx_word' id='word_1_278' title='bbox 1896 2164 2036 2203; x_wconf 86' lang='lat' dir='ltr'>con-</span> 
     </span>
    </p>
   </div>
   <div class='ocr_carea' id='block_1_40' title="bbox 392 2236 2038 2309">
    <p class='ocr_par' dir='ltr' id='par_1_40' title="bbox 392 2236 2038 2309">
     <span class='ocr_line' id='line_1_40' title="bbox 392 2236 2038 2309; baseline -0.002 -15"><span class='ocrx_word' id='word_1_279' title='bbox 392 2244 484 2295; x_wconf 89' lang='lat' dir='ltr'>tra</span> <span class='ocrx_word' id='word_1_280' title='bbox 521 2240 963 2297; x_wconf 87' lang='lat' dir='ltr'>inobedientem</span> <span class='ocrx_word' id='word_1_281' title='bbox 996 2241 1409 2296; x_wconf 89' lang='lat' dir='ltr'>constituente.</span> <span class='ocrx_word' id='word_1_282' title='bbox 1445 2238 1609 2293; x_wconf 90' lang='lat' dir='ltr'>Unde</span> <span class='ocrx_word' id='word_1_283' title='bbox 1641 2254 1761 2292; x_wconf 91' lang='lat' dir='ltr'>non</span> <span class='ocrx_word' id='word_1_284' title='bbox 1784 2254 1887 2309; x_wconf 90' lang='lat' dir='ltr'>ego</span> <span class='ocrx_word' id='word_1_285' title='bbox 1913 2236 2038 2306; x_wconf 89' lang='lat' dir='ltr'>qui-</span> 
     </span>
    </p>
   </div>
   <div class='ocr_carea' id='block_1_41' title="bbox 397 2327 2041 2401">
    <p class='ocr_par' dir='ltr' id='par_1_41' title="bbox 397 2327 2041 2401">
     <span class='ocr_line' id='line_1_41' title="bbox 397 2327 2041 2401; baseline -0.002 -17"><span class='ocrx_word' id='word_1_286' title='bbox 397 2327 532 2384; x_wconf 89' lang='lat' dir='ltr'>dem</span> <span class='ocrx_word' id='word_1_287' title='bbox 566 2329 822 2384; x_wconf 86' lang='lat' dir='ltr'>arbitror</span> <span class='ocrx_word' id='word_1_288' title='bbox 850 2329 1198 2401; x_wconf 90' lang='lat' dir='ltr'>Apostolum</span> <span class='ocrx_word' id='word_1_289' title='bbox 1229 2328 1550 2383; x_wconf 83' lang='lat' dir='ltr'>abhorrere</span> <span class='ocrx_word' id='word_1_290' title='bbox 1575 2327 1777 2392; x_wconf 88' lang='lat' dir='ltr'>vitam,</span> <span class='ocrx_word' id='word_1_291' title='bbox 1801 2343 1932 2396; x_wconf 74' lang='lat' dir='ltr'>qum</span> <span class='ocrx_word' id='word_1_292' title='bbox 1949 2330 2041 2382; x_wconf 89' lang='lat' dir='ltr'>est</span> 
     </span>
    </p>
   </div>
   <div class='ocr_carea' id='block_1_42' title="bbox 391 2414 2040 2495">
    <p class='ocr_par' dir='ltr' id='par_1_42' title="bbox 391 2414 2040 2495">
     <span class='ocr_line' id='line_1_42' title="bbox 391 2414 2040 2495; baseline -0.001 -24"><span class='ocrx_word' id='word_1_293' title='bbox 391 2417 455 2482; x_wconf 70' lang='lat' dir='ltr'>&gt;X&lt;</span> <span class='ocrx_word' id='word_1_294' title='bbox 482 2418 543 2471; x_wconf 90' lang='lat' dir='ltr'>in</span> <span class='ocrx_word' id='word_1_295' title='bbox 575 2434 777 2485; x_wconf 86' lang='lat' dir='ltr'>carne,</span> <span class='ocrx_word' id='word_1_296' title='bbox 810 2435 945 2473; x_wconf 90' lang='lat' dir='ltr'>cum</span> <span class='ocrx_word' id='word_1_297' title='bbox 978 2417 1124 2471; x_wconf 89' lang='lat' dir='ltr'>dicit</span> <span class='ocrx_word' id='word_1_298' title='bbox 1148 2433 1223 2495; x_wconf 23' lang='lat' dir='ltr'>:‘u</span> <span class='ocrx_word' id='word_1_299' title='bbox 1257 2416 1367 2471; x_wconf 91' lang='lat' dir='ltr'>Sed</span> <span class='ocrx_word' id='word_1_300' title='bbox 1398 2416 1460 2470; x_wconf 91' lang='lat' dir='ltr'>in</span> <span class='ocrx_word' id='word_1_301' title='bbox 1500 2416 1663 2470; x_wconf 87' lang='lat' dir='ltr'>omni</span> <span class='ocrx_word' id='word_1_302' title='bbox 1705 2414 1940 2484; x_wconf 83' lang='lat' dir='ltr'>ﬁducia,</span> <span class='ocrx_word' id='word_1_303' title='bbox 1971 2418 2040 2470; x_wconf 88' lang='lat' dir='ltr'>ut</span> 
     </span>
    </p>
   </div>
   <div class='ocr_carea' id='block_1_43' title="bbox 397 2506 2038 2581">
    <p class='ocr_par' dir='ltr' id='par_1_43' title="bbox 397 2506 2038 2581">
     <span class='ocr_line' id='line_1_43' title="bbox 397 2506 2038 2581; baseline -0.002 -17"><span class='ocrx_word' id='word_1_304' title='bbox 397 2525 649 2581; x_wconf 88' lang='lat' dir='ltr'>semper,</span> <span class='ocrx_word' id='word_1_305' title='bbox 686 2526 843 2564; x_wconf 90' lang='lat' dir='ltr'>nunc</span> <span class='ocrx_word' id='word_1_306' title='bbox 871 2524 1107 2579; x_wconf 87' lang='lat' dir='ltr'>quoque</span> <span class='ocrx_word' id='word_1_307' title='bbox 1136 2508 1404 2562; x_wconf 87' lang='lat' dir='ltr'>Christus</span> <span class='ocrx_word' id='word_1_308' title='bbox 1454 2506 1930 2579; x_wconf 83' lang='lat' dir='ltr'>magniﬁcabitur</span> <span class='ocrx_word' id='word_1_309' title='bbox 1974 2506 2038 2561; x_wconf 90' lang='lat' dir='ltr'>in</span> 
     </span>
    </p>
   </div>
   <div class='ocr_carea' id='block_1_44' title="bbox 395 2596 2035 2669">
    <p class='ocr_par' dir='ltr' id='par_1_44' title="bbox 395 2596 2035 2669">
     <span class='ocr_line' id='line_1_44' title="bbox 395 2596 2035 2669; baseline -0.002 -16"><span class='ocrx_word' id='word_1_310' title='bbox 395 2613 639 2669; x_wconf 88' lang='lat' dir='ltr'>corpore</span> <span class='ocrx_word' id='word_1_311' title='bbox 673 2612 831 2664; x_wconf 82' lang='lat' dir='ltr'>meo;</span> <span class='ocrx_word' id='word_1_312' title='bbox 873 2597 991 2652; x_wconf 88' lang='lat' dir='ltr'>sive</span> <span class='ocrx_word' id='word_1_313' title='bbox 1038 2613 1143 2668; x_wconf 89' lang='lat' dir='ltr'>per</span> <span class='ocrx_word' id='word_1_314' title='bbox 1188 2597 1387 2660; x_wconf 88' lang='lat' dir='ltr'>vitam,</span> <span class='ocrx_word' id='word_1_315' title='bbox 1440 2596 1560 2651; x_wconf 85' lang='lat' dir='ltr'>sive</span> <span class='ocrx_word' id='word_1_316' title='bbox 1608 2612 1714 2666; x_wconf 90' lang='lat' dir='ltr'>per</span> <span class='ocrx_word' id='word_1_317' title='bbox 1761 2600 2035 2650; x_wconf 89' lang='lat' dir='ltr'>mortem.</span> 
     </span>
    </p>
   </div>
   <div class='ocr_carea' id='block_1_45' title="bbox 395 2685 2039 2741">
    <p class='ocr_par' dir='ltr' id='par_1_45' title="bbox 395 2685 2039 2741">
     <span class='ocr_line' id='line_1_45' title="bbox 395 2685 2039 2741; baseline -0.001 -1"><span class='ocrx_word' id='word_1_318' title='bbox 395 2687 533 2741; x_wconf 87' lang='lat' dir='ltr'>Mihi</span> <span class='ocrx_word' id='word_1_319' title='bbox 561 2688 719 2741; x_wconf 89' lang='lat' dir='ltr'>enim</span> <span class='ocrx_word' id='word_1_320' title='bbox 747 2686 934 2741; x_wconf 88' lang='lat' dir='ltr'>vivere</span> <span class='ocrx_word' id='word_1_321' title='bbox 965 2687 1233 2741; x_wconf 87' lang='lat' dir='ltr'>Christus</span> <span class='ocrx_word' id='word_1_322' title='bbox 1267 2690 1324 2740; x_wconf 87' lang='lat' dir='ltr'>et</span> <span class='ocrx_word' id='word_1_323' title='bbox 1374 2685 1523 2740; x_wconf 90' lang='lat' dir='ltr'>mori</span> <span class='ocrx_word' id='word_1_324' title='bbox 1553 2685 1807 2740; x_wconf 90' lang='lat' dir='ltr'>lucrum.</span> <span class='ocrx_word' id='word_1_325' title='bbox 1844 2685 1901 2739; x_wconf 90' lang='lat' dir='ltr'>Si</span> <span class='ocrx_word' id='word_1_326' title='bbox 1931 2701 2039 2739; x_wconf 90' lang='lat' dir='ltr'>au-</span> 
     </span>
    </p>
   </div>
   <div class='ocr_carea' id='block_1_46' title="bbox 393 2773 2038 2845">
    <p class='ocr_par' dir='ltr' id='par_1_46' title="bbox 393 2773 2038 2845">
     <span class='ocr_line' id='line_1_46' title="bbox 393 2773 2038 2845; baseline -0.001 -14"><span class='ocrx_word' id='word_1_327' title='bbox 393 2779 515 2831; x_wconf 83' lang='lat' dir='ltr'>tem</span> <span class='ocrx_word' id='word_1_328' title='bbox 546 2777 736 2831; x_wconf 87' lang='lat' dir='ltr'>vivere</span> <span class='ocrx_word' id='word_1_329' title='bbox 768 2776 829 2829; x_wconf 92' lang='lat' dir='ltr'>in</span> <span class='ocrx_word' id='word_1_330' title='bbox 861 2791 1059 2840; x_wconf 90' lang='lat' dir='ltr'>carne,</span> <span class='ocrx_word' id='word_1_331' title='bbox 1092 2779 1151 2830; x_wconf 90' lang='lat' dir='ltr'>et</span> <span class='ocrx_word' id='word_1_332' title='bbox 1181 2775 1293 2830; x_wconf 90' lang='lat' dir='ltr'>hoc</span> <span class='ocrx_word' id='word_1_333' title='bbox 1336 2790 1570 2845; x_wconf 89' lang='lat' dir='ltr'>quoque</span> <span class='ocrx_word' id='word_1_334' title='bbox 1621 2774 1768 2828; x_wconf 90' lang='lat' dir='ltr'>mihi</span> <span class='ocrx_word' id='word_1_335' title='bbox 1811 2773 2038 2830; x_wconf 78' lang='lat' dir='ltr'>fructus</span> 
     </span>
    </p>
   </div>
   <div class='ocr_carea' id='block_1_47' title="bbox 395 2863 2035 2938">
    <p class='ocr_par' dir='ltr' id='par_1_47' title="bbox 395 2863 2035 2938">
     <span class='ocr_line' id='line_1_47' title="bbox 395 2863 2035 2938; baseline -0.002 -17"><span class='ocrx_word' id='word_1_336' title='bbox 395 2866 613 2937; x_wconf 86' lang='lat' dir='ltr'>operis.</span> <span class='ocrx_word' id='word_1_337' title='bbox 647 2865 788 2937; x_wconf 90' lang='lat' dir='ltr'>quid</span> <span class='ocrx_word' id='word_1_338' title='bbox 819 2865 1033 2938; x_wconf 90' lang='lat' dir='ltr'>eligam</span> <span class='ocrx_word' id='word_1_339' title='bbox 1062 2864 1285 2927; x_wconf 91' lang='lat' dir='ltr'>nescio,</span> <span class='ocrx_word' id='word_1_340' title='bbox 1318 2870 1378 2920; x_wconf 92' lang='lat' dir='ltr'>et</span> <span class='ocrx_word' id='word_1_341' title='bbox 1406 2869 1673 2919; x_wconf 87' lang='lat' dir='ltr'>coarctor</span> <span class='ocrx_word' id='word_1_342' title='bbox 1692 2880 1762 2919; x_wconf 87' lang='lat' dir='ltr'>ex</span> <span class='ocrx_word' id='word_1_343' title='bbox 1783 2863 2035 2935; x_wconf 89' lang='lat' dir='ltr'>duobus,</span> 
     </span>
    </p>
   </div>
   <div class='ocr_carea' id='block_1_48' title="bbox 394 2952 2037 3026">
    <p class='ocr_par' dir='ltr' id='par_1_48' title="bbox 394 2952 2037 3026">
     <span class='ocr_line' id='line_1_48' title="bbox 394 2952 2037 3026; baseline -0.001 -17"><span class='ocrx_word' id='word_1_344' title='bbox 394 2955 641 3026; x_wconf 89' lang='lat' dir='ltr'>cupiens</span> <span class='ocrx_word' id='word_1_345' title='bbox 671 2954 911 3022; x_wconf 86' lang='lat' dir='ltr'>resolvi,</span> <span class='ocrx_word' id='word_1_346' title='bbox 945 2960 1003 3010; x_wconf 92' lang='lat' dir='ltr'>et</span> <span class='ocrx_word' id='word_1_347' title='bbox 1031 2971 1161 3010; x_wconf 89' lang='lat' dir='ltr'>esse</span> <span class='ocrx_word' id='word_1_348' title='bbox 1191 2970 1328 3008; x_wconf 84' lang='lat' dir='ltr'>cum</span> <span class='ocrx_word' id='word_1_349' title='bbox 1354 2953 1584 3008; x_wconf 89' lang='lat' dir='ltr'>Christo</span> <span class='ocrx_word' id='word_1_350' title='bbox 1610 2968 1623 3008; x_wconf 88' lang='lat'>:</span> <span class='ocrx_word' id='word_1_351' title='bbox 1656 2953 1845 3008; x_wconf 90' lang='lat' dir='ltr'>multo</span> <span class='ocrx_word' id='word_1_352' title='bbox 1876 2952 2037 3009; x_wconf 89' lang='lat' dir='ltr'>enim</span> 
     </span>
    </p>
   </div>
   <div class='ocr_carea' id='block_1_49' title="bbox 391 3042 2037 3115">
    <p class='ocr_par' dir='ltr' id='par_1_49' title="bbox 391 3042 2037 3115">
     <span class='ocr_line' id='line_1_49' title="bbox 391 3042 2037 3115; baseline -0.001 -16"><span class='ocrx_word' id='word_1_353' title='bbox 391 3043 644 3099; x_wconf 90' lang='lat' dir='ltr'>melius:</span> <span class='ocrx_word' id='word_1_354' title='bbox 675 3060 918 3099; x_wconf 89' lang='lat' dir='ltr'>manere</span> <span class='ocrx_word' id='word_1_355' title='bbox 950 3050 1149 3100; x_wconf 90' lang='lat' dir='ltr'>autem</span> <span class='ocrx_word' id='word_1_356' title='bbox 1179 3042 1241 3097; x_wconf 91' lang='lat' dir='ltr'>in</span> <span class='ocrx_word' id='word_1_357' title='bbox 1272 3059 1473 3112; x_wconf 87' lang='lat' dir='ltr'>carne,</span> <span class='ocrx_word' id='word_1_358' title='bbox 1505 3047 1597 3097; x_wconf 92' lang='lat' dir='ltr'>est</span> <span class='ocrx_word' id='word_1_359' title='bbox 1618 3042 1804 3115; x_wconf 88' lang='lat' dir='ltr'>magis</span> <span class='ocrx_word' id='word_1_360' title='bbox 1832 3059 2037 3098; x_wconf 85' lang='lat' dir='ltr'>neces-</span> 
     </span>
    </p>
   </div>
   <div class='ocr_carea' id='block_1_50' title="bbox 389 3132 2108 3240">
    <p class='ocr_par' dir='ltr' id='par_1_50' title="bbox 389 3132 2108 3240">
     <span class='ocr_line' id='line_1_50' title="bbox 389 3132 2108 3240; baseline -0.001 -52"><span class='ocrx_word' id='word_1_361' title='bbox 389 3134 613 3189; x_wconf 86' lang='lat' dir='ltr'>sarium</span> <span class='ocrx_word' id='word_1_362' title='bbox 644 3139 886 3205; x_wconf 88' lang='lat' dir='ltr'>propter</span> <span class='ocrx_word' id='word_1_363' title='bbox 914 3150 1013 3188; x_wconf 88' lang='lat' dir='ltr'>vos</span> <span class='ocrx_word' id='word_1_364' title='bbox 1043 3132 1131 3204; x_wconf 89' lang='lat' dir='ltr'>(c).</span> <span class='ocrx_word' id='word_1_365' title='bbox 1169 3155 1196 3182; x_wconf 88' lang='grc'><strong>››</strong></span> <span class='ocrx_word' id='word_1_366' title='bbox 1229 3133 1341 3186; x_wconf 89' lang='lat' dir='ltr'>Per</span> <span class='ocrx_word' id='word_1_367' title='bbox 1370 3132 1497 3186; x_wconf 71' lang='lat' dir='ltr'>haec</span> <span class='ocrx_word' id='word_1_368' title='bbox 1526 3132 1707 3199; x_wconf 90' lang='lat' dir='ltr'>enim,</span> <span class='ocrx_word' id='word_1_369' title='bbox 1757 3136 1824 3186; x_wconf 89' lang='lat' dir='ltr'>ut</span> <span class='ocrx_word' id='word_1_370' title='bbox 1868 3137 2033 3203; x_wconf 89' lang='lat' dir='ltr'>puto,</span> <span class='ocrx_word' id='word_1_371' title='bbox 2065 3172 2108 3240; x_wconf 64' lang='grc' dir='ltr'>α</span> 
     </span>
    </p>
   </div>
   <div class='ocr_carea' id='block_1_51' title="bbox 389 3220 2033 3294">
    <p class='ocr_par' dir='ltr' id='par_1_51' title="bbox 389 3220 2033 3294">
     <span class='ocr_line' id='line_1_51' title="bbox 389 3220 2033 3294; baseline -0.001 -17"><span class='ocrx_word' id='word_1_372' title='bbox 389 3227 590 3294; x_wconf 87' lang='lat' dir='ltr'>aperte</span> <span class='ocrx_word' id='word_1_373' title='bbox 612 3222 892 3288; x_wconf 88' lang='lat' dir='ltr'>ostendit,</span> <span class='ocrx_word' id='word_1_374' title='bbox 927 3222 1118 3277; x_wconf 84' lang='lat' dir='ltr'>exitus</span> <span class='ocrx_word' id='word_1_375' title='bbox 1139 3221 1381 3293; x_wconf 90' lang='lat' dir='ltr'>quidem</span> <span class='ocrx_word' id='word_1_376' title='bbox 1405 3238 1435 3276; x_wconf 90' lang='lat' dir='ltr'>e</span> <span class='ocrx_word' id='word_1_377' title='bbox 1457 3238 1703 3292; x_wconf 91' lang='lat' dir='ltr'>corpore</span> <span class='ocrx_word' id='word_1_378' title='bbox 1719 3220 2033 3292; x_wconf 86' lang='lat' dir='ltr'>perfectio-</span> 
     </span>
    </p>
   </div>
   <div class='ocr_carea' id='block_1_52' title="bbox 386 3310 2034 3381">
    <p class='ocr_par' dir='ltr' id='par_1_52' title="bbox 386 3310 2034 3381">
     <span class='ocr_line' id='line_1_52' title="bbox 386 3310 2034 3381; baseline 0 -15"><span class='ocrx_word' id='word_1_379' title='bbox 386 3327 546 3380; x_wconf 89' lang='lat' dir='ltr'>nem,</span> <span class='ocrx_word' id='word_1_380' title='bbox 580 3328 709 3367; x_wconf 91' lang='lat' dir='ltr'>esse</span> <span class='ocrx_word' id='word_1_381' title='bbox 741 3312 804 3367; x_wconf 86' lang='lat' dir='ltr'>in</span> <span class='ocrx_word' id='word_1_382' title='bbox 835 3311 935 3367; x_wconf 90' lang='lat' dir='ltr'>Dei</span> <span class='ocrx_word' id='word_1_383' title='bbox 958 3310 1338 3366; x_wconf 92' lang='lat' dir='ltr'>dilectionem</span> <span class='ocrx_word' id='word_1_384' title='bbox 1365 3326 1377 3364; x_wconf 92' lang='lat'><strong>:</strong></span> <span class='ocrx_word' id='word_1_385' title='bbox 1404 3310 1533 3381; x_wconf 85' lang='lat' dir='ltr'>ejus</span> <span class='ocrx_word' id='word_1_386' title='bbox 1548 3315 1745 3364; x_wconf 90' lang='lat' dir='ltr'>autem</span> <span class='ocrx_word' id='word_1_387' title='bbox 1777 3326 2034 3381; x_wconf 65' lang='lat' dir='ltr'>prmsen-</span> 
     </span>
    </p>
   </div>
   <div class='ocr_carea' id='block_1_53' title="bbox 388 3398 2035 3473">
    <p class='ocr_par' dir='ltr' id='par_1_53' title="bbox 388 3398 2035 3473">
     <span class='ocr_line' id='line_1_53' title="bbox 388 3398 2035 3473; baseline 0 -19"><span class='ocrx_word' id='word_1_388' title='bbox 388 3399 484 3455; x_wconf 75' lang='lat' dir='ltr'>tiaa</span> <span class='ocrx_word' id='word_1_389' title='bbox 515 3401 577 3455; x_wconf 90' lang='lat' dir='ltr'>in</span> <span class='ocrx_word' id='word_1_390' title='bbox 609 3416 807 3463; x_wconf 87' lang='lat' dir='ltr'>carne,</span> <span class='ocrx_word' id='word_1_391' title='bbox 840 3417 911 3455; x_wconf 86' lang='lat' dir='ltr'>ex</span> <span class='ocrx_word' id='word_1_392' title='bbox 941 3405 1107 3473; x_wconf 89' lang='lat' dir='ltr'>grato</span> <span class='ocrx_word' id='word_1_393' title='bbox 1151 3399 1350 3454; x_wconf 88' lang='lat' dir='ltr'>animo</span> <span class='ocrx_word' id='word_1_394' title='bbox 1403 3398 1730 3470; x_wconf 77' lang='lat' dir='ltr'>profectam</span> <span class='ocrx_word' id='word_1_395' title='bbox 1779 3399 2035 3454; x_wconf 89' lang='lat' dir='ltr'>toleran-</span> 
     </span>
    </p>
   </div>
   <div class='ocr_carea' id='block_1_54' title="bbox 388 3487 2039 3561">
    <p class='ocr_par' dir='ltr' id='par_1_54' title="bbox 388 3487 2039 3561">
     <span class='ocr_line' id='line_1_54' title="bbox 388 3487 2039 3561; baseline -0.001 -18"><span class='ocrx_word' id='word_1_396' title='bbox 388 3489 556 3556; x_wconf 89' lang='lat' dir='ltr'>tiam,</span> <span class='ocrx_word' id='word_1_397' title='bbox 589 3494 833 3560; x_wconf 88' lang='lat' dir='ltr'>propter</span> <span class='ocrx_word' id='word_1_398' title='bbox 863 3506 986 3555; x_wconf 91' lang='lat' dir='ltr'>eos,</span> <span class='ocrx_word' id='word_1_399' title='bbox 1019 3488 1119 3560; x_wconf 93' lang='lat' dir='ltr'>qui</span> <span class='ocrx_word' id='word_1_400' title='bbox 1143 3488 1332 3544; x_wconf 87' lang='lat' dir='ltr'>salute</span> <span class='ocrx_word' id='word_1_401' title='bbox 1363 3488 1649 3561; x_wconf 84' lang='lat' dir='ltr'>indigent.</span> <span class='ocrx_word' id='word_1_402' title='bbox 1683 3487 1831 3553; x_wconf 86' lang='lat' dir='ltr'>Quid</span> <span class='ocrx_word' id='word_1_403' title='bbox 1854 3503 1987 3543; x_wconf 91' lang='lat' dir='ltr'>vero</span> <span class='ocrx_word' id='word_1_404' title='bbox 2011 3487 2039 3541; x_wconf 86' lang='lat'><strong>?</strong></span> 
     </span>
    </p>
   </div>
   <div class='ocr_carea' id='block_1_55' title="bbox 389 3576 2035 3649">
    <p class='ocr_par' dir='ltr' id='par_1_55' title="bbox 389 3576 2035 3649">
     <span class='ocr_line' id='line_1_55' title="bbox 389 3576 2035 3649; baseline -0.001 -17"><span class='ocrx_word' id='word_1_405' title='bbox 389 3592 511 3632; x_wconf 89' lang='lat' dir='ltr'>non</span> <span class='ocrx_word' id='word_1_406' title='bbox 533 3577 714 3632; x_wconf 89' lang='lat' dir='ltr'>etiam</span> <span class='ocrx_word' id='word_1_407' title='bbox 732 3593 824 3644; x_wconf 87' lang='lat' dir='ltr'>ea,</span> <span class='ocrx_word' id='word_1_408' title='bbox 848 3595 978 3649; x_wconf 74' lang='lat' dir='ltr'>quea</span> <span class='ocrx_word' id='word_1_409' title='bbox 1003 3578 1284 3648; x_wconf 91' lang='lat' dir='ltr'>deinceps</span> <span class='ocrx_word' id='word_1_410' title='bbox 1307 3581 1657 3648; x_wconf 89' lang='lat' dir='ltr'>sequuntur,</span> <span class='ocrx_word' id='word_1_411' title='bbox 1692 3576 1876 3644; x_wconf 82' lang='lat' dir='ltr'>exiis,</span> <span class='ocrx_word' id='word_1_412' title='bbox 1903 3593 2035 3647; x_wconf 64' lang='lat' dir='ltr'>qua;</span> 
     </span>
    </p>
   </div>
   <div class='ocr_carea' id='block_1_56' title="bbox 391 3664 2035 3737">
    <p class='ocr_par' dir='ltr' id='par_1_56' title="bbox 391 3664 2035 3737">
     <span class='ocr_line' id='line_1_56' title="bbox 391 3664 2035 3737; baseline -0.001 -17"><span class='ocrx_word' id='word_1_413' title='bbox 391 3664 550 3721; x_wconf 84' lang='lat' dir='ltr'>dicta</span> <span class='ocrx_word' id='word_1_414' title='bbox 581 3671 722 3721; x_wconf 91' lang='lat' dir='ltr'>sunt</span> <span class='ocrx_word' id='word_1_415' title='bbox 749 3666 821 3721; x_wconf 91' lang='lat' dir='ltr'>ad</span> <span class='ocrx_word' id='word_1_416' title='bbox 853 3666 1151 3734; x_wconf 90' lang='lat' dir='ltr'>Salomen,</span> <span class='ocrx_word' id='word_1_417' title='bbox 1197 3667 1346 3723; x_wconf 78' lang='lat'>195</span> <span class='ocrx_word' id='word_1_418' title='bbox 1403 3665 1771 3737; x_wconf 85' lang='lat' dir='ltr'>subjungunt</span> <span class='ocrx_word' id='word_1_419' title='bbox 1818 3666 1881 3733; x_wconf 90' lang='lat' dir='ltr'>ii,</span> <span class='ocrx_word' id='word_1_420' title='bbox 1933 3665 2035 3736; x_wconf 92' lang='lat' dir='ltr'>qui</span> 
     </span>
    </p>
   </div>
   <div class='ocr_carea' id='block_1_57' title="bbox 390 3752 2032 3827">
    <p class='ocr_par' dir='ltr' id='par_1_57' title="bbox 390 3752 2032 3827">
     <span class='ocr_line' id='line_1_57' title="bbox 390 3752 2032 3827; baseline 0.002 -20"><span class='ocrx_word' id='word_1_421' title='bbox 390 3752 620 3824; x_wconf 88' lang='lat' dir='ltr'>quidvis</span> <span class='ocrx_word' id='word_1_422' title='bbox 678 3755 875 3827; x_wconf 88' lang='lat' dir='ltr'>potius</span> <span class='ocrx_word' id='word_1_423' title='bbox 932 3771 1110 3826; x_wconf 91' lang='lat' dir='ltr'>quam</span> <span class='ocrx_word' id='word_1_424' title='bbox 1161 3771 1292 3826; x_wconf 76' lang='lat' dir='ltr'>quas</span> <span class='ocrx_word' id='word_1_425' title='bbox 1344 3771 1412 3809; x_wconf 82' lang='lat' dir='ltr'>ex</span> <span class='ocrx_word' id='word_1_426' title='bbox 1468 3755 1734 3821; x_wconf 87' lang='lat' dir='ltr'>veritate,</span> <span class='ocrx_word' id='word_1_427' title='bbox 1786 3771 2032 3827; x_wconf 86' lang='lat' dir='ltr'>evange-</span> 
     </span>
    </p>
   </div>
   <div class='ocr_carea' id='block_1_58' title="bbox 390 3841 2030 3916">
    <p class='ocr_par' dir='ltr' id='par_1_58' title="bbox 390 3841 2030 3916">
     <span class='ocr_line' id='line_1_58' title="bbox 390 3841 2030 3916; baseline 0.002 -20"><span class='ocrx_word' id='word_1_428' title='bbox 390 3841 568 3898; x_wconf 85' lang='lat' dir='ltr'>licam</span> <span class='ocrx_word' id='word_1_429' title='bbox 598 3844 863 3916; x_wconf 88' lang='lat' dir='ltr'>regulam</span> <span class='ocrx_word' id='word_1_430' title='bbox 896 3850 1035 3899; x_wconf 89' lang='lat' dir='ltr'>sunt</span> <span class='ocrx_word' id='word_1_431' title='bbox 1051 3843 1237 3900; x_wconf 88' lang='lat' dir='ltr'>secuti</span> <span class='ocrx_word' id='word_1_432' title='bbox 1262 3843 1288 3898; x_wconf 87' lang='lat'><strong>?</strong></span> <span class='ocrx_word' id='word_1_433' title='bbox 1307 3845 1451 3898; x_wconf 89' lang='lat' dir='ltr'>Cum</span> <span class='ocrx_word' id='word_1_434' title='bbox 1473 3861 1542 3900; x_wconf 90' lang='lat' dir='ltr'>ea</span> <span class='ocrx_word' id='word_1_435' title='bbox 1562 3844 1723 3898; x_wconf 92' lang='lat' dir='ltr'>enim</span> <span class='ocrx_word' id='word_1_436' title='bbox 1747 3843 1992 3899; x_wconf 84' lang='lat' dir='ltr'>dixisset</span> <span class='ocrx_word' id='word_1_437' title='bbox 2016 3860 2030 3899; x_wconf 91' lang='lat'><strong>:</strong></span> 
     </span>
    </p>
   </div>
   <div class='ocr_carea' id='block_1_59' title="bbox 390 3932 2032 4004">
    <p class='ocr_par' dir='ltr' id='par_1_59' title="bbox 390 3932 2032 4004">
     <span class='ocr_line' id='line_1_59' title="bbox 390 3932 2032 4004; baseline 0.002 -18"><span class='ocrx_word' id='word_1_438' title='bbox 390 3953 417 3980; x_wconf 76' lang='grc' dir='ltr'>ιι</span> <span class='ocrx_word' id='word_1_439' title='bbox 450 3933 628 3987; x_wconf 83' lang='lat' dir='ltr'>Recte</span> <span class='ocrx_word' id='word_1_440' title='bbox 659 3948 794 4004; x_wconf 85' lang='lat' dir='ltr'>ergo</span> <span class='ocrx_word' id='word_1_441' title='bbox 825 3932 959 3999; x_wconf 91' lang='lat' dir='ltr'>feci,</span> <span class='ocrx_word' id='word_1_442' title='bbox 984 3949 1115 4003; x_wconf 63' lang='lat' dir='ltr'>qua;</span> <span class='ocrx_word' id='word_1_443' title='bbox 1137 3949 1258 3987; x_wconf 90' lang='lat' dir='ltr'>non</span> <span class='ocrx_word' id='word_1_444' title='bbox 1284 3933 1486 4003; x_wconf 88' lang='lat' dir='ltr'>peperi</span> <span class='ocrx_word' id='word_1_445' title='bbox 1513 3949 1525 3986; x_wconf 91' lang='lat'>:</span> <span class='ocrx_word' id='word_1_446' title='bbox 1552 3955 1579 3982; x_wconf 84' lang='lat'><strong>»</strong></span> <span class='ocrx_word' id='word_1_447' title='bbox 1603 3933 1848 4003; x_wconf 89' lang='lat' dir='ltr'>scilicet,</span> <span class='ocrx_word' id='word_1_448' title='bbox 1871 3933 2032 4004; x_wconf 90' lang='lat' dir='ltr'>quod</span> 
     </span>
    </p>
   </div>
   <div class='ocr_carea' id='block_1_60' title="bbox 386 4021 2034 4094">
    <p class='ocr_par' dir='ltr' id='par_1_60' title="bbox 386 4021 2034 4094">
     <span class='ocr_line' id='line_1_60' title="bbox 386 4021 2034 4094; baseline 0.003 -21"><span class='ocrx_word' id='word_1_449' title='bbox 386 4021 688 4091; x_wconf 86' lang='lat' dir='ltr'>generatio</span> <span class='ocrx_word' id='word_1_450' title='bbox 720 4037 842 4075; x_wconf 89' lang='lat' dir='ltr'>non</span> <span class='ocrx_word' id='word_1_451' title='bbox 874 4026 1029 4075; x_wconf 91' lang='lat' dir='ltr'>esset</span> <span class='ocrx_word' id='word_1_452' title='bbox 1059 4027 1122 4075; x_wconf 91' lang='lat' dir='ltr'>ut</span> <span class='ocrx_word' id='word_1_453' title='bbox 1154 4026 1385 4090; x_wconf 89' lang='lat' dir='ltr'>oportet</span> <span class='ocrx_word' id='word_1_454' title='bbox 1428 4028 1767 4093; x_wconf 87' lang='lat' dir='ltr'>assumpta;</span> <span class='ocrx_word' id='word_1_455' title='bbox 1818 4022 2034 4094; x_wconf 79' lang='lat' dir='ltr'>excipit</span> 
     </span>
    </p>
   </div>
   <div class='ocr_carea' id='block_1_61' title="bbox 382 4108 2025 4177">
    <p class='ocr_par' dir='ltr' id='par_1_61' title="bbox 382 4108 2025 4177">
     <span class='ocr_line' id='line_1_61' title="bbox 382 4108 2025 4177; baseline 0.001 -12"><span class='ocrx_word' id='word_1_456' title='bbox 382 4109 692 4177; x_wconf 88' lang='lat' dir='ltr'>Dominus,</span> <span class='ocrx_word' id='word_1_457' title='bbox 725 4108 967 4164; x_wconf 88' lang='lat' dir='ltr'>dicens:</span> <span class='ocrx_word' id='word_1_458' title='bbox 996 4131 1024 4158; x_wconf 76' lang='grc' dir='ltr'>ι(</span> <span class='ocrx_word' id='word_1_459' title='bbox 1071 4108 1243 4165; x_wconf 92' lang='lat' dir='ltr'>Omni</span> <span class='ocrx_word' id='word_1_460' title='bbox 1294 4108 1479 4164; x_wconf 88' lang='lat' dir='ltr'>herba</span> <span class='ocrx_word' id='word_1_461' title='bbox 1521 4126 1778 4177; x_wconf 87' lang='lat' dir='ltr'>vescere,</span> <span class='ocrx_word' id='word_1_462' title='bbox 1825 4127 1894 4166; x_wconf 89' lang='lat' dir='ltr'>ea</span> <span class='ocrx_word' id='word_1_463' title='bbox 1922 4128 2025 4166; x_wconf 84' lang='lat' dir='ltr'>au-</span> 
     </span>
    </p>
   </div>
   <div class='ocr_carea' id='block_1_62' title="bbox 382 4196 2031 4269">
    <p class='ocr_par' dir='ltr' id='par_1_62' title="bbox 382 4196 2031 4269">
     <span class='ocr_line' id='line_1_62' title="bbox 382 4196 2031 4269; baseline 0.001 -15"><span class='ocrx_word' id='word_1_464' title='bbox 382 4202 524 4266; x_wconf 84' lang='lat' dir='ltr'>tem,</span> <span class='ocrx_word' id='word_1_465' title='bbox 557 4216 688 4269; x_wconf 76' lang='lat' dir='ltr'>quae</span> <span class='ocrx_word' id='word_1_466' title='bbox 719 4196 899 4252; x_wconf 88' lang='lat' dir='ltr'>habet</span> <span class='ocrx_word' id='word_1_467' title='bbox 927 4196 1409 4264; x_wconf 89' lang='lat' dir='ltr'>amaritudinem,</span> <span class='ocrx_word' id='word_1_468' title='bbox 1441 4213 1517 4251; x_wconf 91' lang='lat' dir='ltr'>ne</span> <span class='ocrx_word' id='word_1_469' title='bbox 1561 4199 1836 4253; x_wconf 89' lang='lat' dir='ltr'>vescaris.</span> <span class='ocrx_word' id='word_1_470' title='bbox 1864 4220 1892 4248; x_wconf 83' lang='lat'>»</span> <span class='ocrx_word' id='word_1_471' title='bbox 1918 4201 2031 4254; x_wconf 88' lang='lat' dir='ltr'>Per</span> 
     </span>
    </p>
   </div>
   <div class='ocr_carea' id='block_1_63' title="bbox 380 4286 2027 4360">
    <p class='ocr_par' dir='ltr' id='par_1_63' title="bbox 380 4286 2027 4360">
     <span class='ocr_line' id='line_1_63' title="bbox 380 4286 2027 4360; baseline 0 -17"><span class='ocrx_word' id='word_1_472' title='bbox 380 4288 507 4344; x_wconf 62' lang='lat' dir='ltr'>hac</span> <span class='ocrx_word' id='word_1_473' title='bbox 523 4287 683 4343; x_wconf 91' lang='lat' dir='ltr'>enim</span> <span class='ocrx_word' id='word_1_474' title='bbox 703 4286 1015 4360; x_wconf 83' lang='lat' dir='ltr'>significat,</span> <span class='ocrx_word' id='word_1_475' title='bbox 1040 4304 1170 4342; x_wconf 89' lang='lat' dir='ltr'>esse</span> <span class='ocrx_word' id='word_1_476' title='bbox 1193 4286 1255 4341; x_wconf 91' lang='lat' dir='ltr'>in</span> <span class='ocrx_word' id='word_1_477' title='bbox 1274 4290 1477 4341; x_wconf 87' lang='lat' dir='ltr'>nostra</span> <span class='ocrx_word' id='word_1_478' title='bbox 1496 4291 1805 4357; x_wconf 84' lang='lat' dir='ltr'>potestate,</span> <span class='ocrx_word' id='word_1_479' title='bbox 1828 4294 1887 4343; x_wconf 87' lang='lat' dir='ltr'>et</span> <span class='ocrx_word' id='word_1_480' title='bbox 1905 4304 2027 4343; x_wconf 91' lang='lat' dir='ltr'>non</span> 
     </span>
    </p>
   </div>
   <div class='ocr_carea' id='block_1_64' title="bbox 2145 1873 3787 1952">
    <p class='ocr_par' dir='ltr' id='par_1_64' title="bbox 2145 1873 3787 1952">
     <span class='ocr_line' id='line_1_64' title="bbox 2145 1873 3787 1952; baseline 0.007 -23"><span class='ocrx_word' id='word_1_481' title='bbox 2145 1880 2353 1947; x_wconf 80' lang='grc' dir='ltr'>οὖντος,</span> <span class='ocrx_word' id='word_1_482' title='bbox 2411 1877 2447 1948; x_wconf 75' lang='grc' dir='ltr'>ἢ</span> <span class='ocrx_word' id='word_1_483' title='bbox 2505 1873 2743 1952; x_wconf 84' lang='grc' dir='ltr'>ἔμπαλιν</span> <span class='ocrx_word' id='word_1_484' title='bbox 2803 1880 2998 1950; x_wconf 74' lang='grc' dir='ltr'>ἀπειθῆ</span> <span class='ocrx_word' id='word_1_485' title='bbox 3055 1884 3573 1952; x_wconf 77' lang='grc' dir='ltr'>κατασκευάζοντος.</span> <span class='ocrx_word' id='word_1_486' title='bbox 3632 1887 3787 1950; x_wconf 89' lang='grc' dir='ltr'>Ὃθεν</span> 
     </span>
    </p>
   </div>
   <div class='ocr_carea' id='block_1_65' title="bbox 2142 1963 3794 2047">
    <p class='ocr_par' dir='ltr' id='par_1_65' title="bbox 2142 1963 3794 2047">
     <span class='ocr_line' id='line_1_65' title="bbox 2142 1963 3794 2047; baseline 0.007 -28"><span class='ocrx_word' id='word_1_487' title='bbox 2142 1964 2251 2041; x_wconf 82' lang='grc' dir='ltr'>οὐχ</span> <span class='ocrx_word' id='word_1_488' title='bbox 2279 1968 2526 2041; x_wconf 74' lang='grc' dir='ltr'>ἡγοῦμαι</span> <span class='ocrx_word' id='word_1_489' title='bbox 2572 1963 2751 2043; x_wconf 80' lang='grc' dir='ltr'>ἔγωγε</span> <span class='ocrx_word' id='word_1_490' title='bbox 2802 1970 3158 2041; x_wconf 67' lang='grc' dir='ltr'>μυσάττεσθαι</span> <span class='ocrx_word' id='word_1_491' title='bbox 3206 1973 3305 2042; x_wconf 82' lang='grc' dir='ltr'>τὴν</span> <span class='ocrx_word' id='word_1_492' title='bbox 3356 1970 3407 2027; x_wconf 78' lang='grc' dir='ltr'>ἒν</span> <span class='ocrx_word' id='word_1_493' title='bbox 3459 1974 3620 2047; x_wconf 82' lang='grc' dir='ltr'>σαρκὶ</span> <span class='ocrx_word' id='word_1_494' title='bbox 3652 1976 3794 2045; x_wconf 79' lang='grc' dir='ltr'>ζωὴν</span> 
     </span>
    </p>
   </div>
   <div class='ocr_carea' id='block_1_66' title="bbox 2141 2054 3790 2138">
    <p class='ocr_par' dir='ltr' id='par_1_66' title="bbox 2141 2054 3790 2138">
     <span class='ocr_line' id='line_1_66' title="bbox 2141 2054 3790 2138; baseline 0.005 -29"><span class='ocrx_word' id='word_1_495' title='bbox 2141 2054 2235 2109; x_wconf 85' lang='grc' dir='ltr'>τὸν</span> <span class='ocrx_word' id='word_1_496' title='bbox 2268 2056 2625 2125; x_wconf 87' lang='grc' dir='ltr'>Ἀπόστολον,</span> <span class='ocrx_word' id='word_1_497' title='bbox 2683 2059 2922 2128; x_wconf 84' lang='grc' dir='ltr'>ὁπηνίκα</span> <span class='ocrx_word' id='word_1_498' title='bbox 2978 2058 3037 2113; x_wconf 80' lang='grc' dir='ltr'>ἂν</span> <span class='ocrx_word' id='word_1_499' title='bbox 3097 2063 3194 2136; x_wconf 83' lang='grc' dir='ltr'>φῇ.</span> <span class='ocrx_word' id='word_1_500' title='bbox 3256 2084 3283 2112; x_wconf 80' lang='grc' dir='ltr'>ιι</span> <span class='ocrx_word' id='word_1_501' title='bbox 3335 2059 3496 2119; x_wconf 83' lang='grc' dir='ltr'>Ἀλλ’</span> <span class='ocrx_word' id='word_1_502' title='bbox 3546 2062 3601 2117; x_wconf 80' lang='grc' dir='ltr'>ἐν</span> <span class='ocrx_word' id='word_1_503' title='bbox 3646 2065 3790 2138; x_wconf 74' lang='grc' dir='ltr'>μάσῃ</span> 
     </span>
    </p>
   </div>
   <div class='ocr_carea' id='block_1_67' title="bbox 2143 2143 3792 2227">
    <p class='ocr_par' dir='ltr' id='par_1_67' title="bbox 2143 2143 3792 2227">
     <span class='ocr_line' id='line_1_67' title="bbox 2143 2143 3792 2227; baseline 0.005 -29"><span class='ocrx_word' id='word_1_504' title='bbox 2143 2143 2441 2220; x_wconf 76' lang='grc' dir='ltr'>παῤῥησίᾳ,</span> <span class='ocrx_word' id='word_1_505' title='bbox 2474 2147 2549 2208; x_wconf 86' lang='grc' dir='ltr'>ὡς</span> <span class='ocrx_word' id='word_1_506' title='bbox 2580 2146 2831 2217; x_wconf 79' lang='grc' dir='ltr'>πάντοτε,</span> <span class='ocrx_word' id='word_1_507' title='bbox 2880 2148 2969 2203; x_wconf 80' lang='grc' dir='ltr'>καὶ</span> <span class='ocrx_word' id='word_1_508' title='bbox 3018 2152 3113 2203; x_wconf 75' lang='grc' dir='ltr'>νῦν</span> <span class='ocrx_word' id='word_1_509' title='bbox 3163 2152 3629 2225; x_wconf 70' lang='grc' dir='ltr'>μεγαλυνθήσεται</span> <span class='ocrx_word' id='word_1_510' title='bbox 3661 2154 3792 2227; x_wconf 85' lang='grc' dir='ltr'>Χρι-</span> 
     </span>
    </p>
   </div>
   <div class='ocr_carea' id='block_1_68' title="bbox 2143 2234 3792 2309">
    <p class='ocr_par' dir='ltr' id='par_1_68' title="bbox 2143 2234 3792 2309">
     <span class='ocr_line' id='line_1_68' title="bbox 2143 2234 3792 2309; baseline 0.004 -19"><span class='ocrx_word' id='word_1_511' title='bbox 2143 2235 2265 2297; x_wconf 87' lang='grc' dir='ltr'>στὸς</span> <span class='ocrx_word' id='word_1_512' title='bbox 2296 2235 2350 2289; x_wconf 75' lang='grc' dir='ltr'>ἒν</span> <span class='ocrx_word' id='word_1_513' title='bbox 2381 2238 2461 2306; x_wconf 79' lang='grc' dir='ltr'>τῷ</span> <span class='ocrx_word' id='word_1_514' title='bbox 2490 2235 2705 2307; x_wconf 87' lang='grc' dir='ltr'>σώματί</span> <span class='ocrx_word' id='word_1_515' title='bbox 2753 2257 2858 2309; x_wconf 87' lang='grc' dir='ltr'>μου</span> <span class='ocrx_word' id='word_1_516' title='bbox 2907 2235 3014 2292; x_wconf 75' lang='grc' dir='ltr'>εἴτε</span> <span class='ocrx_word' id='word_1_517' title='bbox 3062 2234 3151 2292; x_wconf 80' lang='grc' dir='ltr'>διὰ</span> <span class='ocrx_word' id='word_1_518' title='bbox 3197 2242 3343 2308; x_wconf 86' lang='grc' dir='ltr'>ζωῆς</span> <span class='ocrx_word' id='word_1_519' title='bbox 3371 2239 3480 2294; x_wconf 78' lang='grc' dir='ltr'>εἴτε</span> <span class='ocrx_word' id='word_1_520' title='bbox 3509 2237 3602 2295; x_wconf 75' lang='grc' dir='ltr'>διά</span> <span class='ocrx_word' id='word_1_521' title='bbox 3632 2243 3792 2297; x_wconf 85' lang='grc' dir='ltr'>θανά-</span> 
     </span>
    </p>
   </div>
   <div class='ocr_carea' id='block_1_69' title="bbox 2138 2321 3794 2404">
    <p class='ocr_par' dir='ltr' id='par_1_69' title="bbox 2138 2321 3794 2404">
     <span class='ocr_line' id='line_1_69' title="bbox 2138 2321 3794 2404; baseline 0.004 -27"><span class='ocrx_word' id='word_1_522' title='bbox 2138 2345 2256 2381; x_wconf 90' lang='grc' dir='ltr'>του,</span> <span class='ocrx_word' id='word_1_523' title='bbox 2289 2321 2414 2396; x_wconf 77' lang='grc' dir='ltr'>ἐμοὶ</span> <span class='ocrx_word' id='word_1_524' title='bbox 2444 2325 2548 2399; x_wconf 70' lang='grc' dir='ltr'>γὰρ</span> <span class='ocrx_word' id='word_1_525' title='bbox 2577 2325 2639 2380; x_wconf 86' lang='grc' dir='ltr'>τὸ</span> <span class='ocrx_word' id='word_1_526' title='bbox 2692 2328 2786 2397; x_wconf 76' lang='grc' dir='ltr'>ζῇν</span> <span class='ocrx_word' id='word_1_527' title='bbox 2828 2326 3082 2399; x_wconf 88' lang='grc' dir='ltr'>Χριστὸς,</span> <span class='ocrx_word' id='word_1_528' title='bbox 3130 2326 3221 2381; x_wconf 80' lang='grc' dir='ltr'>καὶ</span> <span class='ocrx_word' id='word_1_529' title='bbox 3262 2327 3325 2382; x_wconf 87' lang='grc' dir='ltr'>τὸ</span> <span class='ocrx_word' id='word_1_530' title='bbox 3357 2328 3647 2385; x_wconf 86' lang='grc' dir='ltr'>ἀποθανεῖν</span> <span class='ocrx_word' id='word_1_531' title='bbox 3675 2331 3794 2404; x_wconf 68' lang='grc' dir='ltr'>κιρ-</span> 
     </span>
    </p>
   </div>
   <div class='ocr_carea' id='block_1_70' title="bbox 2142 2410 3793 2495">
    <p class='ocr_par' dir='ltr' id='par_1_70' title="bbox 2142 2410 3793 2495">
     <span class='ocr_line' id='line_1_70' title="bbox 2142 2410 3793 2495; baseline 0.005 -28"><span class='ocrx_word' id='word_1_532' title='bbox 2142 2410 2253 2475; x_wconf 90' lang='grc' dir='ltr'>δος.</span> <span class='ocrx_word' id='word_1_533' title='bbox 2288 2412 2355 2470; x_wconf 73' lang='lat' dir='ltr'>Ei‘</span> <span class='ocrx_word' id='word_1_534' title='bbox 2383 2410 2441 2468; x_wconf 74' lang='grc' dir='ltr'>δὲ</span> <span class='ocrx_word' id='word_1_535' title='bbox 2467 2414 2530 2468; x_wconf 86' lang='grc' dir='ltr'>τὸ</span> <span class='ocrx_word' id='word_1_536' title='bbox 2581 2417 2676 2487; x_wconf 82' lang='grc' dir='ltr'>ζῇν</span> <span class='ocrx_word' id='word_1_537' title='bbox 2727 2412 2781 2470; x_wconf 81' lang='grc' dir='ltr'>ἐν</span> <span class='ocrx_word' id='word_1_538' title='bbox 2836 2414 3017 2490; x_wconf 81' lang='grc' dir='ltr'>σαρκὶ,</span> <span class='ocrx_word' id='word_1_539' title='bbox 3061 2415 3151 2469; x_wconf 81' lang='grc' dir='ltr'>καὶ</span> <span class='ocrx_word' id='word_1_540' title='bbox 3184 2418 3294 2490; x_wconf 90' lang='grc'><strong>(18)</strong></span> <span class='ocrx_word' id='word_1_541' title='bbox 3323 2418 3485 2472; x_wconf 79' lang='grc' dir='ltr'>τοῦτό</span> <span class='ocrx_word' id='word_1_542' title='bbox 3539 2438 3636 2491; x_wconf 87' lang='grc' dir='ltr'>μοι</span> <span class='ocrx_word' id='word_1_543' title='bbox 3666 2440 3793 2495; x_wconf 87' lang='grc' dir='ltr'>καρ-</span> 
     </span>
    </p>
   </div>
   <div class='ocr_carea' id='block_1_71' title="bbox 2140 2498 3790 2582">
    <p class='ocr_par' dir='ltr' id='par_1_71' title="bbox 2140 2498 3790 2582">
     <span class='ocr_line' id='line_1_71' title="bbox 2140 2498 3790 2582; baseline 0.005 -26"><span class='ocrx_word' id='word_1_544' title='bbox 2140 2503 2242 2564; x_wconf 86' lang='grc' dir='ltr'>πὸς</span> <span class='ocrx_word' id='word_1_545' title='bbox 2271 2498 2449 2578; x_wconf 82' lang='grc' dir='ltr'>ἔργου·</span> <span class='ocrx_word' id='word_1_546' title='bbox 2498 2502 2551 2557; x_wconf 90' lang='grc' dir='ltr'>τί</span> <span class='ocrx_word' id='word_1_547' title='bbox 2594 2503 2918 2575; x_wconf 76' lang='grc' dir='ltr'>αἱρήσομαι,</span> <span class='ocrx_word' id='word_1_548' title='bbox 2969 2502 3031 2559; x_wconf 77' lang='grc' dir='ltr'>οὗ</span> <span class='ocrx_word' id='word_1_549' title='bbox 3074 2504 3349 2578; x_wconf 83' lang='grc' dir='ltr'>γνωρίζω·</span> <span class='ocrx_word' id='word_1_550' title='bbox 3397 2507 3790 2582; x_wconf 78' lang='grc' dir='ltr'>θυνὲχομαίτε</span> 
     </span>
    </p>
   </div>
   <div class='ocr_carea' id='block_1_72' title="bbox 2143 2588 3788 2668">
    <p class='ocr_par' dir='ltr' id='par_1_72' title="bbox 2143 2588 3788 2668">
     <span class='ocr_line' id='line_1_72' title="bbox 2143 2588 3788 2668; baseline 0.004 -24"><span class='ocrx_word' id='word_1_551' title='bbox 2143 2590 2203 2645; x_wconf 81' lang='grc' dir='ltr'>ἐκ</span> <span class='ocrx_word' id='word_1_552' title='bbox 2227 2595 2336 2646; x_wconf 82' lang='grc' dir='ltr'>τῶν</span> <span class='ocrx_word' id='word_1_553' title='bbox 2366 2588 2484 2660; x_wconf 65' lang='grc' dir='ltr'>δύο,</span> <span class='ocrx_word' id='word_1_554' title='bbox 2515 2592 2615 2660; x_wconf 78' lang='grc' dir='ltr'>τήν</span> <span class='ocrx_word' id='word_1_555' title='bbox 2648 2591 2936 2663; x_wconf 76' lang='grc' dir='ltr'>ἐπιθυμίαν</span> <span class='ocrx_word' id='word_1_556' title='bbox 2969 2590 3116 2668; x_wconf 81' lang='grc' dir='ltr'>ἔχων</span> <span class='ocrx_word' id='word_1_557' title='bbox 3165 2591 3242 2655; x_wconf 79' lang='grc' dir='ltr'>ἔίς</span> <span class='ocrx_word' id='word_1_558' title='bbox 3287 2594 3351 2649; x_wconf 83' lang='grc' dir='ltr'>τὸ</span> <span class='ocrx_word' id='word_1_559' title='bbox 3379 2594 3672 2668; x_wconf 80' lang='grc' dir='ltr'>ἀναλῦσαι,</span> <span class='ocrx_word' id='word_1_560' title='bbox 3699 2597 3788 2653; x_wconf 82' lang='grc' dir='ltr'>καὶ</span> 
     </span>
    </p>
   </div>
   <div class='ocr_carea' id='block_1_73' title="bbox 2144 2680 3787 2759">
    <p class='ocr_par' dir='ltr' id='par_1_73' title="bbox 2144 2680 3787 2759">
     <span class='ocr_line' id='line_1_73' title="bbox 2144 2680 3787 2759; baseline 0.005 -25"><span class='ocrx_word' id='word_1_561' title='bbox 2144 2682 2236 2734; x_wconf 84' lang='grc' dir='ltr'>σὺν</span> <span class='ocrx_word' id='word_1_562' title='bbox 2268 2682 2487 2755; x_wconf 84' lang='grc' dir='ltr'>Χριστῷ</span> <span class='ocrx_word' id='word_1_563' title='bbox 2516 2682 2667 2736; x_wconf 76' lang='grc' dir='ltr'>εἶναι·</span> <span class='ocrx_word' id='word_1_564' title='bbox 2700 2680 2900 2754; x_wconf 85' lang='grc' dir='ltr'>πολλῷ</span> <span class='ocrx_word' id='word_1_565' title='bbox 2929 2683 3032 2757; x_wconf 72' lang='grc' dir='ltr'>γάρ</span> <span class='ocrx_word' id='word_1_566' title='bbox 3074 2688 3375 2754; x_wconf 64' lang='grc' dir='ltr'>κρεῖττοονσ</span> <span class='ocrx_word' id='word_1_567' title='bbox 3413 2685 3478 2741; x_wconf 86' lang='grc' dir='ltr'>τὸ</span> <span class='ocrx_word' id='word_1_568' title='bbox 3509 2683 3571 2741; x_wconf 68' lang='grc' dir='ltr'>δὲ</span> <span class='ocrx_word' id='word_1_569' title='bbox 3601 2686 3787 2759; x_wconf 67' lang='grc' dir='ltr'>ἐπιμέ-</span> 
     </span>
    </p>
   </div>
   <div class='ocr_carea' id='block_1_74' title="bbox 2141 2769 3787 2846">
    <p class='ocr_par' dir='ltr' id='par_1_74' title="bbox 2141 2769 3787 2846">
     <span class='ocr_line' id='line_1_74' title="bbox 2141 2769 3787 2846; baseline 0.005 -23"><span class='ocrx_word' id='word_1_570' title='bbox 2141 2791 2251 2825; x_wconf 88' lang='grc' dir='ltr'>νειν</span> <span class='ocrx_word' id='word_1_571' title='bbox 2281 2774 2348 2844; x_wconf 81' lang='grc' dir='ltr'>τῇ</span> <span class='ocrx_word' id='word_1_572' title='bbox 2396 2771 2553 2844; x_wconf 80' lang='grc' dir='ltr'>σαρκὶ</span> <span class='ocrx_word' id='word_1_573' title='bbox 2606 2770 3021 2846; x_wconf 81' lang='grc' dir='ltr'>ἀναγκαιότερον</span> <span class='ocrx_word' id='word_1_574' title='bbox 3079 2769 3153 2827; x_wconf 88' lang='grc' dir='ltr'>δι’</span> <span class='ocrx_word' id='word_1_575' title='bbox 3211 2774 3370 2845; x_wconf 82' lang='grc' dir='ltr'>ὑμᾶς·</span> <span class='ocrx_word' id='word_1_576' title='bbox 3404 2797 3433 2826; x_wconf 73' lang='grc' dir='ltr'>ι»</span> <span class='ocrx_word' id='word_1_577' title='bbox 3492 2773 3787 2846; x_wconf 72' lang='grc' dir='ltr'>ἐνεδείξατο</span> 
     </span>
    </p>
   </div>
   <div class='ocr_carea' id='block_1_75' title="bbox 2142 2857 3786 2935">
    <p class='ocr_par' dir='ltr' id='par_1_75' title="bbox 2142 2857 3786 2935">
     <span class='ocr_line' id='line_1_75' title="bbox 2142 2857 3786 2935; baseline 0.004 -20"><span class='ocrx_word' id='word_1_578' title='bbox 2142 2858 2269 2935; x_wconf 70' lang='grc' dir='ltr'>γάρ,</span> <span class='ocrx_word' id='word_1_579' title='bbox 2303 2859 2479 2932; x_wconf 77' lang='grc' dir='ltr'>οἶμαι,</span> <span class='ocrx_word' id='word_1_580' title='bbox 2512 2857 2602 2915; x_wconf 89' lang='grc' dir='ltr'>διά</span> <span class='ocrx_word' id='word_1_581' title='bbox 2644 2860 2857 2916; x_wconf 80' lang='grc' dir='ltr'>τούτων</span> <span class='ocrx_word' id='word_1_582' title='bbox 2913 2865 3100 2935; x_wconf 80' lang='grc' dir='ltr'>σαφῶς</span> <span class='ocrx_word' id='word_1_583' title='bbox 3153 2868 3255 2931; x_wconf 87' lang='grc' dir='ltr'>τῆς</span> <span class='ocrx_word' id='word_1_584' title='bbox 3315 2863 3408 2935; x_wconf 78' lang='grc' dir='ltr'>μὶν</span> <span class='ocrx_word' id='word_1_585' title='bbox 3460 2861 3651 2935; x_wconf 78' lang='grc' dir='ltr'>ἐξόδου</span> <span class='ocrx_word' id='word_1_586' title='bbox 3691 2870 3786 2921; x_wconf 74' lang='grc' dir='ltr'>τοῦ</span> 
     </span>
    </p>
   </div>
   <div class='ocr_carea' id='block_1_76' title="bbox 2143 2947 3788 3025">
    <p class='ocr_par' dir='ltr' id='par_1_76' title="bbox 2143 2947 3788 3025">
     <span class='ocr_line' id='line_1_76' title="bbox 2143 2947 3788 3025; baseline 0.004 -23"><span class='ocrx_word' id='word_1_587' title='bbox 2143 2947 2395 3020; x_wconf 87' lang='grc' dir='ltr'>σώματος</span> <span class='ocrx_word' id='word_1_588' title='bbox 2424 2950 2525 3018; x_wconf 80' lang='grc' dir='ltr'>τήν</span> <span class='ocrx_word' id='word_1_589' title='bbox 2557 2950 2693 3025; x_wconf 84' lang='grc' dir='ltr'>πρὸς</span> <span class='ocrx_word' id='word_1_590' title='bbox 2747 2949 2877 3005; x_wconf 85' lang='grc' dir='ltr'>Θεὸν</span> <span class='ocrx_word' id='word_1_591' title='bbox 2920 2950 3129 3024; x_wconf 85' lang='grc' dir='ltr'>ἀγάπην</span> <span class='ocrx_word' id='word_1_592' title='bbox 3178 2949 3460 3007; x_wconf 84' lang='grc' dir='ltr'>τελείωσιν</span> <span class='ocrx_word' id='word_1_593' title='bbox 3497 2954 3659 3021; x_wconf 78' lang='grc' dir='ltr'>εἶναι,</span> <span class='ocrx_word' id='word_1_594' title='bbox 3691 2961 3788 3025; x_wconf 84' lang='grc' dir='ltr'>τῆς</span> 
     </span>
    </p>
   </div>
   <div class='ocr_carea' id='block_1_77' title="bbox 2143 3033 3791 3115">
    <p class='ocr_par' dir='ltr' id='par_1_77' title="bbox 2143 3033 3791 3115">
     <span class='ocr_line' id='line_1_77' title="bbox 2143 3033 3791 3115; baseline 0.004 -24"><span class='ocrx_word' id='word_1_595' title='bbox 2143 3033 2200 3091; x_wconf 75' lang='grc' dir='ltr'>δὲ</span> <span class='ocrx_word' id='word_1_596' title='bbox 2225 3035 2279 3091; x_wconf 76' lang='grc' dir='ltr'>ἐν</span> <span class='ocrx_word' id='word_1_597' title='bbox 2304 3039 2459 3112; x_wconf 86' lang='grc' dir='ltr'>σαρκί</span> <span class='ocrx_word' id='word_1_598' title='bbox 2488 3039 2793 3110; x_wconf 80' lang='grc' dir='ltr'>παρουσίας</span> <span class='ocrx_word' id='word_1_599' title='bbox 2820 3040 2922 3108; x_wconf 76' lang='grc' dir='ltr'>τήν</span> <span class='ocrx_word' id='word_1_600' title='bbox 2965 3040 3292 3115; x_wconf 81' lang='grc' dir='ltr'>εὐχάριστον</span> <span class='ocrx_word' id='word_1_601' title='bbox 3325 3038 3415 3096; x_wconf 79' lang='grc' dir='ltr'>διὰ</span> <span class='ocrx_word' id='word_1_602' title='bbox 3439 3041 3575 3104; x_wconf 77' lang='grc' dir='ltr'>τοὺς</span> <span class='ocrx_word' id='word_1_603' title='bbox 3607 3049 3791 3113; x_wconf 84' lang='grc' dir='ltr'>σωθῆ-</span> 
     </span>
    </p>
   </div>
   <div class='ocr_carea' id='block_1_78' title="bbox 2144 3122 3790 3204">
    <p class='ocr_par' dir='ltr' id='par_1_78' title="bbox 2144 3122 3790 3204">
     <span class='ocr_line' id='line_1_78' title="bbox 2144 3122 3790 3204; baseline 0.004 -25"><span class='ocrx_word' id='word_1_604' title='bbox 2144 3146 2231 3180; x_wconf 91' lang='grc' dir='ltr'>ναι</span> <span class='ocrx_word' id='word_1_605' title='bbox 2265 3122 2553 3199; x_wconf 62' lang='grc' dir='ltr'>δεομένους</span> <span class='ocrx_word' id='word_1_606' title='bbox 2590 3127 2894 3199; x_wconf 78' lang='grc' dir='ltr'>ὑπομονήν.</span> <span class='ocrx_word' id='word_1_607' title='bbox 2924 3128 2993 3185; x_wconf 85' lang='grc' dir='ltr'>Τί</span> <span class='ocrx_word' id='word_1_608' title='bbox 3025 3125 3120 3196; x_wconf 74' lang='grc' dir='ltr'>δὶς</span> <span class='ocrx_word' id='word_1_609' title='bbox 3151 3127 3283 3203; x_wconf 77' lang='grc' dir='ltr'>οὐχὶ</span> <span class='ocrx_word' id='word_1_610' title='bbox 3309 3130 3402 3185; x_wconf 79' lang='grc' dir='ltr'>καὶ</span> <span class='ocrx_word' id='word_1_611' title='bbox 3430 3130 3499 3185; x_wconf 80' lang='grc' dir='ltr'>τὰ</span> <span class='ocrx_word' id='word_1_612' title='bbox 3528 3131 3656 3204; x_wconf 77' lang='grc' dir='ltr'>ἑξῆς</span> <span class='ocrx_word' id='word_1_613' title='bbox 3685 3136 3790 3188; x_wconf 81' lang='grc' dir='ltr'>τῶν</span> 
     </span>
    </p>
   </div>
   <div class='ocr_carea' id='block_1_79' title="bbox 2147 3214 3794 3294">
    <p class='ocr_par' dir='ltr' id='par_1_79' title="bbox 2147 3214 3794 3294">
     <span class='ocr_line' id='line_1_79' title="bbox 2147 3214 3794 3294; baseline 0.006 -26"><span class='ocrx_word' id='word_1_614' title='bbox 2147 3215 2282 3286; x_wconf 85' lang='grc' dir='ltr'>πρὸς</span> <span class='ocrx_word' id='word_1_615' title='bbox 2310 3214 2590 3289; x_wconf 83' lang='grc' dir='ltr'>Σαλώμην</span> <span class='ocrx_word' id='word_1_616' title='bbox 2628 3215 2934 3291; x_wconf 76' lang='grc' dir='ltr'>εἰρημένων</span> <span class='ocrx_word' id='word_1_617' title='bbox 2980 3215 3324 3294; x_wconf 73' lang='grc' dir='ltr'>ἑπιφίρουσιν</span> <span class='ocrx_word' id='word_1_618' title='bbox 3358 3218 3413 3274; x_wconf 82' lang='grc' dir='ltr'>οἱ</span> <span class='ocrx_word' id='word_1_619' title='bbox 3440 3219 3620 3276; x_wconf 86' lang='grc' dir='ltr'>πάντα</span> <span class='ocrx_word' id='word_1_620' title='bbox 3652 3219 3794 3294; x_wconf 74' lang='grc' dir='ltr'>μᾶλ-</span> 
     </span>
    </p>
   </div>
   <div class='ocr_carea' id='block_1_80' title="bbox 2147 3301 3797 3382">
    <p class='ocr_par' dir='ltr' id='par_1_80' title="bbox 2147 3301 3797 3382">
     <span class='ocr_line' id='line_1_80' title="bbox 2147 3301 3797 3382; baseline 0.004 -24"><span class='ocrx_word' id='word_1_621' title='bbox 2147 3301 2244 3358; x_wconf 88' lang='grc' dir='ltr'>λον</span> <span class='ocrx_word' id='word_1_622' title='bbox 2276 3303 2312 3374; x_wconf 76' lang='grc' dir='ltr'><strong>ἢ</strong></span> <span class='ocrx_word' id='word_1_623' title='bbox 2336 3308 2419 3377; x_wconf 77' lang='grc' dir='ltr'>τῷ</span> <span class='ocrx_word' id='word_1_624' title='bbox 2445 3305 2581 3360; x_wconf 71' lang='grc' dir='ltr'>κατὰ</span> <span class='ocrx_word' id='word_1_625' title='bbox 2607 3306 2708 3374; x_wconf 75' lang='grc' dir='ltr'>τήν</span> <span class='ocrx_word' id='word_1_626' title='bbox 2740 3304 3000 3375; x_wconf 73' lang='grc' dir='ltr'>ἀλήθειαν</span> <span class='ocrx_word' id='word_1_627' title='bbox 3031 3305 3373 3382; x_wconf 77' lang='grc' dir='ltr'>εὖάγγελικῷ</span> <span class='ocrx_word' id='word_1_628' title='bbox 3403 3308 3797 3379; x_wconf 76' lang='grc' dir='ltr'>στοιχήσαντες</span> 
     </span>
    </p>
   </div>
   <div class='ocr_carea' id='block_1_81' title="bbox 2144 3393 3796 3469">
    <p class='ocr_par' dir='ltr' id='par_1_81' title="bbox 2144 3393 3796 3469">
     <span class='ocr_line' id='line_1_81' title="bbox 2144 3393 3796 3469; baseline 0.005 -22"><span class='ocrx_word' id='word_1_629' title='bbox 2144 3393 2369 3463; x_wconf 77' lang='grc' dir='ltr'>κανόνις</span> <span class='ocrx_word' id='word_1_630' title='bbox 2430 3395 2690 3467; x_wconf 78' lang='grc' dir='ltr'>Φαμένης</span> <span class='ocrx_word' id='word_1_631' title='bbox 2745 3395 2848 3469; x_wconf 72' lang='grc' dir='ltr'>γὰρ</span> <span class='ocrx_word' id='word_1_632' title='bbox 2905 3394 3096 3465; x_wconf 74' lang='grc' dir='ltr'>αὐτῆς.</span> <span class='ocrx_word' id='word_1_633' title='bbox 3153 3420 3182 3448; x_wconf 86' lang='grc'>‹‹</span> <span class='ocrx_word' id='word_1_634' title='bbox 3209 3396 3408 3460; x_wconf 80' lang='grc' dir='ltr'>Καλῶς</span> <span class='ocrx_word' id='word_1_635' title='bbox 3441 3396 3537 3453; x_wconf 74' lang='grc' dir='ltr'>οὖν</span> <span class='ocrx_word' id='word_1_636' title='bbox 3566 3398 3796 3469; x_wconf 77' lang='grc' dir='ltr'>ἐποίησα</span> 
     </span>
    </p>
   </div>
   <div class='ocr_carea' id='block_1_82' title="bbox 2148 3481 3792 3563">
    <p class='ocr_par' dir='ltr' id='par_1_82' title="bbox 2148 3481 3792 3563">
     <span class='ocr_line' id='line_1_82' title="bbox 2148 3481 3792 3563; baseline 0.004 -26"><span class='ocrx_word' id='word_1_637' title='bbox 2148 3483 2225 3555; x_wconf 81' lang='grc' dir='ltr'><strong>μή</strong></span> <span class='ocrx_word' id='word_1_638' title='bbox 2254 3487 2504 3538; x_wconf 64' lang='grc' dir='ltr'>τεκοῦσαι⁸</span> <span class='ocrx_word' id='word_1_639' title='bbox 2539 3508 2566 3535; x_wconf 87' lang='grc'><strong>››</strong></span> <span class='ocrx_word' id='word_1_640' title='bbox 2628 3486 2704 3546; x_wconf 85' lang='grc' dir='ltr'>ὡς</span> <span class='ocrx_word' id='word_1_641' title='bbox 2763 3484 2830 3539; x_wconf 81' lang='grc' dir='ltr'>οὗ</span> <span class='ocrx_word' id='word_1_642' title='bbox 2885 3481 3115 3548; x_wconf 87' lang='grc' dir='ltr'>δεόντως</span> <span class='ocrx_word' id='word_1_643' title='bbox 3171 3491 3275 3554; x_wconf 87' lang='grc' dir='ltr'>τῆς</span> <span class='ocrx_word' id='word_1_644' title='bbox 3327 3487 3592 3562; x_wconf 69' lang='grc' dir='ltr'>γενέσεως</span> <span class='ocrx_word' id='word_1_645' title='bbox 3620 3508 3792 3563; x_wconf 82' lang='grc' dir='ltr'>παρα·</span> 
     </span>
    </p>
   </div>
   <div class='ocr_carea' id='block_1_83' title="bbox 2145 3566 3791 3648">
    <p class='ocr_par' dir='ltr' id='par_1_83' title="bbox 2145 3566 3791 3648">
     <span class='ocr_line' id='line_1_83' title="bbox 2145 3566 3791 3648; baseline 0.003 -23"><span class='ocrx_word' id='word_1_646' title='bbox 2145 3566 2582 3645; x_wconf 76' lang='grc' dir='ltr'>λαυϐανομὲνης,</span> <span class='ocrx_word' id='word_1_647' title='bbox 2641 3566 2925 3645; x_wconf 78' lang='grc' dir='ltr'>ἀμείϐεται</span> <span class='ocrx_word' id='word_1_648' title='bbox 2983 3571 3156 3648; x_wconf 73' lang='grc' dir='ltr'>λέγων</span> <span class='ocrx_word' id='word_1_649' title='bbox 3217 3574 3245 3629; x_wconf 83' lang='grc' dir='ltr'>ὁ</span> <span class='ocrx_word' id='word_1_650' title='bbox 3295 3573 3514 3648; x_wconf 77' lang='grc' dir='ltr'>Κύριος·</span> <span class='ocrx_word' id='word_1_651' title='bbox 3551 3600 3581 3629; x_wconf 78' lang='grc' dir='ltr'>(ι</span> <span class='ocrx_word' id='word_1_652' title='bbox 3617 3580 3791 3633; x_wconf 81' lang='grc' dir='ltr'>υᾶσαν</span> 
     </span>
    </p>
   </div>
   <div class='ocr_carea' id='block_1_84' title="bbox 2143 3657 3786 3744">
    <p class='ocr_par' dir='ltr' id='par_1_84' title="bbox 2143 3657 3786 3744">
     <span class='ocr_line' id='line_1_84' title="bbox 2143 3657 3786 3744; baseline 0.002 -29"><span class='ocrx_word' id='word_1_653' title='bbox 2143 3661 2281 3736; x_wconf 86' lang='grc' dir='ltr'>φάγε</span> <span class='ocrx_word' id='word_1_654' title='bbox 2314 3660 2568 3734; x_wconf 86' lang='grc' dir='ltr'>βοτάνην·</span> <span class='ocrx_word' id='word_1_655' title='bbox 2599 3662 2700 3730; x_wconf 78' lang='grc' dir='ltr'>τὴν</span> <span class='ocrx_word' id='word_1_656' title='bbox 2748 3659 2807 3717; x_wconf 81' lang='grc' dir='ltr'>δὶ</span> <span class='ocrx_word' id='word_1_657' title='bbox 2862 3682 3081 3737; x_wconf 87' lang='grc' dir='ltr'>πικριαν</span> <span class='ocrx_word' id='word_1_658' title='bbox 3140 3657 3373 3738; x_wconf 80' lang='grc' dir='ltr'>ἔχουσαν</span> <span class='ocrx_word' id='word_1_659' title='bbox 3407 3665 3484 3737; x_wconf 81' lang='grc' dir='ltr'>μὴ</span> <span class='ocrx_word' id='word_1_660' title='bbox 3516 3667 3720 3744; x_wconf 75' lang='grc' dir='ltr'>φάγῃς·</span> <span class='ocrx_word' id='word_1_661' title='bbox 3756 3689 3786 3718; x_wconf 73' lang='grc' dir='ltr'>ιο</span> 
     </span>
    </p>
   </div>
   <div class='ocr_carea' id='block_1_85' title="bbox 2141 3747 3786 3829">
    <p class='ocr_par' dir='ltr' id='par_1_85' title="bbox 2141 3747 3786 3829">
     <span class='ocr_line' id='line_1_85' title="bbox 2141 3747 3786 3829; baseline 0.004 -27"><span class='ocrx_word' id='word_1_662' title='bbox 2141 3749 2396 3821; x_wconf 86' lang='grc' dir='ltr'>σημαίνει</span> <span class='ocrx_word' id='word_1_663' title='bbox 2425 3749 2530 3825; x_wconf 73' lang='grc' dir='ltr'>γὰρ</span> <span class='ocrx_word' id='word_1_664' title='bbox 2560 3749 2650 3805; x_wconf 83' lang='grc' dir='ltr'>καὶ</span> <span class='ocrx_word' id='word_1_665' title='bbox 2680 3747 2772 3804; x_wconf 80' lang='grc' dir='ltr'>διὰ</span> <span class='ocrx_word' id='word_1_666' title='bbox 2798 3749 3030 3821; x_wconf 82' lang='grc' dir='ltr'>τούτων,</span> <span class='ocrx_word' id='word_1_667' title='bbox 3074 3749 3158 3829; x_wconf 80' lang='grc' dir='ltr'>ἐφ’</span> <span class='ocrx_word' id='word_1_668' title='bbox 3206 3754 3341 3824; x_wconf 71' lang='grc' dir='ltr'>ἡμῖν</span> <span class='ocrx_word' id='word_1_669' title='bbox 3376 3753 3536 3822; x_wconf 76' lang='grc' dir='ltr'>εἶναι,</span> <span class='ocrx_word' id='word_1_670' title='bbox 3569 3756 3659 3809; x_wconf 83' lang='grc' dir='ltr'>καὶ</span> <span class='ocrx_word' id='word_1_671' title='bbox 3688 3754 3786 3810; x_wconf 77' lang='grc' dir='ltr'>οὐκ</span> 
     </span>
    </p>
   </div>
   <div class='ocr_carea' id='block_1_86' title="bbox 2141 3837 3784 3919">
    <p class='ocr_par' dir='ltr' id='par_1_86' title="bbox 2141 3837 3784 3919">
     <span class='ocr_line' id='line_1_86' title="bbox 2141 3837 3784 3919; baseline 0.003 -25"><span class='ocrx_word' id='word_1_672' title='bbox 2141 3837 2192 3910; x_wconf 67' lang='grc' dir='ltr'><strong>ἐξ</strong></span> <span class='ocrx_word' id='word_1_673' title='bbox 2223 3839 2478 3914; x_wconf 80' lang='grc' dir='ltr'>ὰναγκης,</span> <span class='ocrx_word' id='word_1_674' title='bbox 2529 3844 2667 3893; x_wconf 73' lang='grc' dir='ltr'>κατὰ</span> <span class='ocrx_word' id='word_1_675' title='bbox 2722 3839 2961 3895; x_wconf 86' lang='grc' dir='ltr'>κώλυσιν</span> <span class='ocrx_word' id='word_1_676' title='bbox 3020 3838 3268 3910; x_wconf 71' lang='grc' dir='ltr'>ἐντολῆς,</span> <span class='ocrx_word' id='word_1_677' title='bbox 3307 3840 3435 3912; x_wconf 80' lang='grc' dir='ltr'>ἤτοι</span> <span class='ocrx_word' id='word_1_678' title='bbox 3463 3843 3566 3912; x_wconf 84' lang='grc' dir='ltr'>τήν</span> <span class='ocrx_word' id='word_1_679' title='bbox 3597 3842 3784 3919; x_wconf 73' lang='grc' dir='ltr'>ἐγκρά-</span> 
     </span>
    </p>
   </div>
   <div class='ocr_carea' id='block_1_87' title="bbox 2137 3927 3783 4008">
    <p class='ocr_par' dir='ltr' id='par_1_87' title="bbox 2137 3927 3783 4008">
     <span class='ocr_line' id='line_1_87' title="bbox 2137 3927 3783 4008; baseline 0.002 -25"><span class='ocrx_word' id='word_1_680' title='bbox 2137 3950 2284 3983; x_wconf 91' lang='grc' dir='ltr'>τειαν</span> <span class='ocrx_word' id='word_1_681' title='bbox 2314 3927 2350 3996; x_wconf 76' lang='grc' dir='ltr'><strong>ἢ</strong></span> <span class='ocrx_word' id='word_1_682' title='bbox 2381 3928 2592 3982; x_wconf 80' lang='grc' dir='ltr'>καὶτὸν</span> <span class='ocrx_word' id='word_1_683' title='bbox 2638 3928 2842 4004; x_wconf 80' lang='grc' dir='ltr'>γάμον·</span> <span class='ocrx_word' id='word_1_684' title='bbox 2892 3928 2981 3984; x_wconf 84' lang='grc' dir='ltr'>καὶ</span> <span class='ocrx_word' id='word_1_685' title='bbox 3039 3930 3123 3985; x_wconf 86' lang='grc' dir='ltr'>’ὁτι</span> <span class='ocrx_word' id='word_1_686' title='bbox 3172 3931 3201 3984; x_wconf 85' lang='grc' dir='ltr'><strong>ὁ</strong></span> <span class='ocrx_word' id='word_1_687' title='bbox 3247 3931 3426 4005; x_wconf 88' lang='grc' dir='ltr'>γάμος</span> <span class='ocrx_word' id='word_1_688' title='bbox 3458 3934 3783 4008; x_wconf 78' lang='grc' dir='ltr'>συνεργάζεο</span> 
     </span>
    </p>
   </div>
   <div class='ocr_carea' id='block_1_88' title="bbox 2135 4017 3776 4098">
    <p class='ocr_par' dir='ltr' id='par_1_88' title="bbox 2135 4017 3776 4098">
     <span class='ocr_line' id='line_1_88' title="bbox 2135 4017 3776 4098; baseline 0.001 -22"><span class='ocrx_word' id='word_1_689' title='bbox 2135 4020 2225 4076; x_wconf 87' lang='grc' dir='ltr'>ταί</span> <span class='ocrx_word' id='word_1_690' title='bbox 2252 4041 2305 4074; x_wconf 92' lang='grc' dir='ltr'>τι</span> <span class='ocrx_word' id='word_1_691' title='bbox 2333 4022 2402 4092; x_wconf 79' lang='grc' dir='ltr'>τῇ</span> <span class='ocrx_word' id='word_1_692' title='bbox 2433 4018 2622 4087; x_wconf 84' lang='grc' dir='ltr'>κτίσει,</span> <span class='ocrx_word' id='word_1_693' title='bbox 2680 4017 3128 4098; x_wconf 79' lang='grc' dir='ltr'>προσδιασαφῶν.</span> <span class='ocrx_word' id='word_1_694' title='bbox 3185 4027 3274 4094; x_wconf 72' lang='grc' dir='ltr'>Μή</span> <span class='ocrx_word' id='word_1_695' title='bbox 3319 4023 3444 4085; x_wconf 79' lang='grc' dir='ltr'>ποτ’</span> <span class='ocrx_word' id='word_1_696' title='bbox 3473 4022 3568 4078; x_wconf 72' lang='grc' dir='ltr'>οὖν</span> <span class='ocrx_word' id='word_1_697' title='bbox 3601 4022 3776 4098; x_wconf 81' lang='grc' dir='ltr'>ἁμάρ-</span> 
     </span>
    </p>
   </div>
   <div class='ocr_carea' id='block_1_89' title="bbox 2134 4108 3780 4188">
    <p class='ocr_par' dir='ltr' id='par_1_89' title="bbox 2134 4108 3780 4188">
     <span class='ocr_line' id='line_1_89' title="bbox 2134 4108 3780 4188; baseline 0.002 -25"><span class='ocrx_word' id='word_1_698' title='bbox 2134 4108 2287 4181; x_wconf 89' lang='grc' dir='ltr'>τημά</span> <span class='ocrx_word' id='word_1_699' title='bbox 2313 4131 2397 4172; x_wconf 89' lang='grc' dir='ltr'>τις</span> <span class='ocrx_word' id='word_1_700' title='bbox 2427 4110 2664 4185; x_wconf 81' lang='grc' dir='ltr'>ἡγείσθω</span> <span class='ocrx_word' id='word_1_701' title='bbox 2693 4111 2785 4166; x_wconf 88' lang='grc' dir='ltr'>τὸν</span> <span class='ocrx_word' id='word_1_702' title='bbox 2833 4112 3009 4185; x_wconf 85' lang='grc' dir='ltr'>γάμον</span> <span class='ocrx_word' id='word_1_703' title='bbox 3057 4112 3149 4168; x_wconf 86' lang='grc' dir='ltr'>τὸν</span> <span class='ocrx_word' id='word_1_704' title='bbox 3193 4113 3332 4167; x_wconf 87' lang='grc' dir='ltr'>κατά</span> <span class='ocrx_word' id='word_1_705' title='bbox 3384 4113 3592 4188; x_wconf 84' lang='grc' dir='ltr'>Λόγον,</span> <span class='ocrx_word' id='word_1_706' title='bbox 3624 4112 3671 4168; x_wconf 82' lang='grc' dir='ltr'>εί</span> <span class='ocrx_word' id='word_1_707' title='bbox 3702 4113 3780 4185; x_wconf 81' lang='grc' dir='ltr'><strong>μή</strong></span> 
     </span>
    </p>
   </div>
   <div class='ocr_carea' id='block_1_90' title="bbox 2136 4196 3783 4278">
    <p class='ocr_par' dir='ltr' id='par_1_90' title="bbox 2136 4196 3783 4278">
     <span class='ocr_line' id='line_1_90' title="bbox 2136 4196 3783 4278; baseline 0.002 -25"><span class='ocrx_word' id='word_1_708' title='bbox 2136 4199 2333 4273; x_wconf 79' lang='grc' dir='ltr'>πικράν</span> <span class='ocrx_word' id='word_1_709' title='bbox 2367 4204 2471 4271; x_wconf 86' lang='grc'><strong>(19)</strong></span> <span class='ocrx_word' id='word_1_710' title='bbox 2522 4196 2897 4273; x_wconf 75' lang='grc' dir='ltr'>ὑπολαμϐάνει</span> <span class='ocrx_word' id='word_1_711' title='bbox 2947 4199 3363 4278; x_wconf 74' lang='grc' dir='ltr'>παιδοτροφίαν·</span> <span class='ocrx_word' id='word_1_712' title='bbox 3410 4201 3654 4264; x_wconf 85' lang='grc' dir='ltr'>πολλοῖς</span> <span class='ocrx_word' id='word_1_713' title='bbox 3680 4201 3783 4277; x_wconf 78' lang='grc' dir='ltr'>γὰρ</span> 
     </span>
    </p>
   </div>
   <div class='ocr_carea' id='block_1_91' title="bbox 2136 4285 3781 4367">
    <p class='ocr_par' dir='ltr' id='par_1_91' title="bbox 2136 4285 3781 4367">
     <span class='ocr_line' id='line_1_91' title="bbox 2136 4285 3781 4367; baseline 0.001 -24"><span class='ocrx_word' id='word_1_714' title='bbox 2136 4285 2375 4362; x_wconf 78' lang='grc' dir='ltr'>ἔμπαλιν</span> <span class='ocrx_word' id='word_1_715' title='bbox 2425 4288 2639 4344; x_wconf 84' lang='grc' dir='ltr'>ἀτεκνία</span> <span class='ocrx_word' id='word_1_716' title='bbox 2688 4288 3087 4365; x_wconf 85' lang='grc' dir='ltr'>λυπηρότατον·</span> <span class='ocrx_word' id='word_1_717' title='bbox 3140 4290 3269 4363; x_wconf 78' lang='grc' dir='ltr'>μήτ’</span> <span class='ocrx_word' id='word_1_718' title='bbox 3312 4288 3373 4346; x_wconf 74' lang='grc' dir='ltr'>ἂν</span> <span class='ocrx_word' id='word_1_719' title='bbox 3549 4291 3719 4367; x_wconf 76' lang='grc' dir='ltr'>πικρὰ</span> <span class='ocrx_word' id='word_1_720' title='bbox 3745 4292 3781 4359; x_wconf 76' lang='grc' dir='ltr'><strong>ἡ</strong></span> 
     </span>
    </p>
   </div>
   <div class='ocr_carea' id='block_1_92' title="bbox 379 4367 2031 4456">
    <p class='ocr_par' dir='ltr' id='par_1_92' title="bbox 379 4375 2016 4449">
     <span class='ocr_line' id='line_1_92' title="bbox 379 4375 2016 4449; baseline 0 -16"><span class='ocrx_word' id='word_1_721' title='bbox 379 4393 507 4434; x_wconf 87' lang='lat' dir='ltr'>esse</span> <span class='ocrx_word' id='word_1_722' title='bbox 527 4378 931 4434; x_wconf 85' lang='lat' dir='ltr'>necessarium</span> <span class='ocrx_word' id='word_1_723' title='bbox 957 4393 1028 4432; x_wconf 84' lang='lat' dir='ltr'>ex</span> <span class='ocrx_word' id='word_1_724' title='bbox 1047 4375 1443 4449; x_wconf 90' lang='lat' dir='ltr'>prohibitione</span> <span class='ocrx_word' id='word_1_725' title='bbox 1457 4375 1759 4447; x_wconf 82' lang='lat' dir='ltr'>praecepti,</span> <span class='ocrx_word' id='word_1_726' title='bbox 1773 4375 2016 4433; x_wconf 84' lang='lat' dir='ltr'>velcon-</span> 
     </span>
    </p>
   </div>
   <div class='ocr_carea' id='block_1_93' title="bbox 2145 4367 3781 4456">
    <p class='ocr_par' dir='ltr' id='par_1_93' title="bbox 2145 4375 3781 4456">
     <span class='ocr_line' id='line_1_93' title="bbox 2145 4375 3781 4456; baseline -0.001 -23"><span class='ocrx_word' id='word_1_727' title='bbox 2145 4375 2451 4433; x_wconf 73' lang='grc' dir='ltr'>παιδοποιία</span> <span class='ocrx_word' id='word_1_728' title='bbox 2479 4377 2735 4456; x_wconf 87' lang='grc' dir='ltr'>φαίνηταί</span> <span class='ocrx_word' id='word_1_729' title='bbox 2778 4400 2910 4448; x_wconf 89' lang='grc' dir='ltr'>τινι,</span> <span class='ocrx_word' id='word_1_730' title='bbox 2966 4383 3424 4455; x_wconf 78' lang='grc' dir='ltr'>μεταπερισπῶσα</span> <span class='ocrx_word' id='word_1_731' title='bbox 3468 4385 3578 4436; x_wconf 80' lang='grc' dir='ltr'>τῶν</span> <span class='ocrx_word' id='word_1_732' title='bbox 3622 4377 3781 4444; x_wconf 82' lang='grc' dir='ltr'>θείων</span> 
     </span>
    </p>
   </div>
   <div class='ocr_carea' id='block_1_94' title="bbox 448 4515 2031 4594">
    <p class='ocr_par' dir='ltr' id='par_1_94' title="bbox 448 4515 2031 4590">
     <span class='ocr_line' id='line_1_94' title="bbox 448 4515 2031 4590; baseline 0.001 -17"><span class='ocrx_word' id='word_1_733' title='bbox 448 4518 523 4590; x_wconf 84' lang='grc' dir='ltr'><strong>(α)</strong></span> <span class='ocrx_word' id='word_1_734' title='bbox 553 4522 720 4576; x_wconf 83' lang='lat' dir='ltr'>Rom.</span> <span class='ocrx_word' id='word_1_735' title='bbox 752 4536 804 4586; x_wconf 88' lang='lat' dir='ltr'>v,</span> <span class='ocrx_word' id='word_1_736' title='bbox 836 4521 901 4572; x_wconf 89' lang='lat'>12</span> <span class='ocrx_word' id='word_1_737' title='bbox 940 4521 1024 4573; x_wconf 73' lang='grc'><strong>14.</strong></span> <span class='ocrx_word' id='word_1_738' title='bbox 1057 4518 1132 4590; x_wconf 91' lang='lat' dir='ltr'>(b)</span> <span class='ocrx_word' id='word_1_739' title='bbox 1164 4519 1306 4574; x_wconf 88' lang='lat' dir='ltr'>Gen.</span> <span class='ocrx_word' id='word_1_740' title='bbox 1340 4533 1418 4583; x_wconf 83' lang='grc' dir='ltr'>ιιι,</span> <span class='ocrx_word' id='word_1_741' title='bbox 1448 4520 1538 4574; x_wconf 86' lang='lat'>20.</span> <span class='ocrx_word' id='word_1_742' title='bbox 1560 4515 1624 4580; x_wconf 71' lang='grc' dir='ltr'>’κ</span> <span class='ocrx_word' id='word_1_743' title='bbox 1652 4518 1714 4571; x_wconf 93' lang='grc' dir='ltr'>Ρ.</span> <span class='ocrx_word' id='word_1_744' title='bbox 1750 4519 1845 4572; x_wconf 81' lang='grc'><strong>541</strong></span> <span class='ocrx_word' id='word_1_745' title='bbox 1881 4519 1991 4574; x_wconf 87' lang='grc' dir='ltr'>ΕΙ).</span> <span class='ocrx_word' id='word_1_746' title='bbox 2025 4521 2031 4575; x_wconf 74' lang='grc' dir='ltr'>ζ</span> 
     </span>
    </p>
   </div>
   <div class='ocr_carea' id='block_1_95' title="bbox 2145 4515 3672 4594">
    <p class='ocr_par' dir='ltr' id='par_1_95' title="bbox 2145 4521 3672 4594">
     <span class='ocr_line' id='line_1_95' title="bbox 2145 4521 3672 4594; baseline 0.001 -19"><span class='ocrx_word' id='word_1_747' title='bbox 2145 4521 2318 4576; x_wconf 69' lang='lat' dir='ltr'>.‘TER.</span> <span class='ocrx_word' id='word_1_748' title='bbox 2350 4521 2476 4589; x_wconf 80' lang='grc'>453,</span> <span class='ocrx_word' id='word_1_749' title='bbox 2511 4522 2617 4576; x_wconf 69' lang='lat' dir='ltr'>431i-</span> <span class='ocrx_word' id='word_1_750' title='bbox 2644 4522 2762 4577; x_wconf 83' lang='grc' dir='ltr'><strong>ΕΙ).</strong></span> <span class='ocrx_word' id='word_1_751' title='bbox 2800 4521 3029 4578; x_wconf 82' lang='lat' dir='ltr'>PARIS.</span> <span class='ocrx_word' id='word_1_752' title='bbox 3061 4521 3134 4593; x_wconf 78' lang='grc' dir='ltr'><strong>(ο)</strong></span> <span class='ocrx_word' id='word_1_753' title='bbox 3163 4521 3357 4594; x_wconf 87' lang='lat' dir='ltr'>Philip</span> <span class='ocrx_word' id='word_1_754' title='bbox 3407 4538 3445 4590; x_wconf 86' lang='grc' dir='ltr'>ι,</span> <span class='ocrx_word' id='word_1_755' title='bbox 3474 4522 3672 4577; x_wconf 73' lang='grc'>20-24.</span> 
     </span>
    </p>
   </div>
   <div class='ocr_carea' id='block_1_96' title="bbox 373 4661 2017 4806">
    <p class='ocr_par' dir='ltr' id='par_1_96' title="bbox 373 4661 2017 4806">
     <span class='ocr_line' id='line_1_96' title="bbox 442 4661 2017 4787; baseline 0 -69"><span class='ocrx_word' id='word_1_756' title='bbox 442 4664 557 4787; x_wconf 54' lang='grc'><strong>812)</strong></span> <span class='ocrx_word' id='word_1_757' title='bbox 583 4663 841 4723; x_wconf 86' lang='grc' dir='ltr'>Θάνατος.</span> <span class='ocrx_word' id='word_1_758' title='bbox 876 4662 1024 4720; x_wconf 90' lang='lat' dir='ltr'>Bibl.</span> <span class='ocrx_word' id='word_1_759' title='bbox 1081 4662 1331 4732; x_wconf 82' lang='lat' dir='ltr'>addunt,</span> <span class='ocrx_word' id='word_1_760' title='bbox 1368 4662 1459 4716; x_wconf 79' lang='grc' dir='ltr'>καὶ</span> <span class='ocrx_word' id='word_1_761' title='bbox 1501 4661 1675 4724; x_wconf 69' lang='grc' dir='ltr'>οὕτως</span> <span class='ocrx_word' id='word_1_762' title='bbox 1705 4661 1781 4725; x_wconf 81' lang='grc' dir='ltr'>εἰς</span> <span class='ocrx_word' id='word_1_763' title='bbox 1813 4663 2017 4727; x_wconf 88' lang='grc' dir='ltr'>πάντας</span> 
     </span>
     <span class='ocr_line' id='line_1_97' title="bbox 373 4732 2015 4806; baseline 0.004 -19"><span class='ocrx_word' id='word_1_764' title='bbox 373 4732 433 4788; x_wconf 75' lang='grc' dir='ltr'>ἂν</span> <span class='ocrx_word' id='word_1_765' title='bbox 476 4752 694 4806; x_wconf 89' lang='grc' dir='ltr'>ρωπους</span> <span class='ocrx_word' id='word_1_766' title='bbox 726 4734 754 4787; x_wconf 84' lang='grc' dir='ltr'>ὁ</span> <span class='ocrx_word' id='word_1_767' title='bbox 781 4734 1026 4797; x_wconf 82' lang='grc' dir='ltr'>θάνατος.</span> <span class='ocrx_word' id='word_1_768' title='bbox 1051 4735 1209 4806; x_wconf 89' lang='lat' dir='ltr'>quod</span> <span class='ocrx_word' id='word_1_769' title='bbox 1232 4735 1591 4791; x_wconf 90' lang='lat' dir='ltr'>commation</span> <span class='ocrx_word' id='word_1_770' title='bbox 1615 4752 1720 4806; x_wconf 89' lang='lat' dir='ltr'>per</span> <span class='ocrx_word' id='word_1_771' title='bbox 1744 4736 2015 4793; x_wconf 84' lang='lat' dir='ltr'>librario-</span> 
     </span>
    </p>
   </div>
   <div class='ocr_carea' id='block_1_97' title="bbox 372 4807 2016 4879">
    <p class='ocr_par' dir='ltr' id='par_1_97' title="bbox 372 4807 2016 4879">
     <span class='ocr_line' id='line_1_98' title="bbox 372 4807 2016 4879; baseline 0.002 -17"><span class='ocrx_word' id='word_1_772' title='bbox 372 4824 505 4879; x_wconf 87' lang='lat' dir='ltr'>rum</span> <span class='ocrx_word' id='word_1_773' title='bbox 538 4807 961 4879; x_wconf 83' lang='lat' dir='ltr'>negligentiam</span> <span class='ocrx_word' id='word_1_774' title='bbox 990 4813 1233 4879; x_wconf 82' lang='lat' dir='ltr'>prOpter</span> <span class='ocrx_word' id='word_1_775' title='bbox 1254 4808 1482 4870; x_wconf 80' lang='grc' dir='ltr'>θάνατος</span> <span class='ocrx_word' id='word_1_776' title='bbox 1514 4808 1832 4879; x_wconf 90' lang='lat' dir='ltr'>repetitum</span> <span class='ocrx_word' id='word_1_777' title='bbox 1864 4809 2016 4865; x_wconf 79' lang='lat' dir='ltr'>exci-</span> 
     </span>
    </p>
   </div>
   <div class='ocr_carea' id='block_1_98' title="bbox 374 4877 811 4934">
    <p class='ocr_par' dir='ltr' id='par_1_98' title="bbox 374 4877 811 4934">
     <span class='ocr_line' id='line_1_99' title="bbox 374 4877 811 4934; baseline -0.002 -2"><span class='ocrx_word' id='word_1_778' title='bbox 374 4878 531 4934; x_wconf 89' lang='lat' dir='ltr'>disse</span> <span class='ocrx_word' id='word_1_779' title='bbox 561 4877 811 4932; x_wconf 79' lang='lat' dir='ltr'>videtur.</span> 
     </span>
    </p>
   </div>
   <div class='ocr_carea' id='block_1_99' title="bbox 442 4945 1094 5017">
    <p class='ocr_par' dir='ltr' id='par_1_99' title="bbox 442 4945 1094 5017">
     <span class='ocr_line' id='line_1_100' title="bbox 442 4945 1094 5017; baseline 0.005 -14"><span class='ocrx_word' id='word_1_780' title='bbox 442 4951 553 5017; x_wconf 72' lang='lat'>(13)</span> <span class='ocrx_word' id='word_1_781' title='bbox 586 4948 711 5003; x_wconf 85' lang='grc' dir='ltr'>Καὶ.</span> <span class='ocrx_word' id='word_1_782' title='bbox 745 4945 901 5004; x_wconf 79' lang='grc' dir='ltr'>Ἀλλ’</span> <span class='ocrx_word' id='word_1_783' title='bbox 928 4950 1094 5017; x_wconf 71' lang='lat' dir='ltr'>Rom.</span> 
     </span>
    </p>
   </div>
   <div class='ocr_carea' id='block_1_100' title="bbox 441 5013 1018 5090">
    <p class='ocr_par' dir='ltr' id='par_1_100' title="bbox 441 5013 1018 5090">
     <span class='ocr_line' id='line_1_101' title="bbox 441 5013 1018 5090; baseline 0.012 -20"><span class='ocrx_word' id='word_1_784' title='bbox 441 5013 553 5089; x_wconf 72' lang='grc'><strong>(14)</strong></span> <span class='ocrx_word' id='word_1_785' title='bbox 588 5018 671 5072; x_wconf 77' lang='grc' dir='ltr'>Δὲ.</span> <span class='ocrx_word' id='word_1_786' title='bbox 706 5019 903 5074; x_wconf 87' lang='lat' dir='ltr'>Malim</span> <span class='ocrx_word' id='word_1_787' title='bbox 929 5013 1018 5090; x_wconf 73' lang='grc' dir='ltr'>δή.</span> 
     </span>
    </p>
   </div>
   <div class='ocr_carea' id='block_1_101' title="bbox 438 5090 2008 5164">
    <p class='ocr_par' dir='ltr' id='par_1_101' title="bbox 438 5090 2008 5164">
     <span class='ocr_line' id='line_1_102' title="bbox 438 5090 2008 5164; baseline 0.004 -21"><span class='ocrx_word' id='word_1_788' title='bbox 438 5090 546 5161; x_wconf 83' lang='grc'><strong>(15)</strong></span> <span class='ocrx_word' id='word_1_789' title='bbox 580 5092 961 5164; x_wconf 71' lang='grc' dir='ltr'>ῌαραοάσεῳς.</span> <span class='ocrx_word' id='word_1_790' title='bbox 1014 5093 1336 5164; x_wconf 77' lang='lat' dir='ltr'>Bespicere</span> <span class='ocrx_word' id='word_1_791' title='bbox 1384 5093 1626 5164; x_wconf 22' lang='lat' dir='ltr'>‘videtur</span> <span class='ocrx_word' id='word_1_792' title='bbox 1683 5092 1703 5148; x_wconf 91' lang='grc' dir='ltr'>Ι</span> <span class='ocrx_word' id='word_1_793' title='bbox 1760 5094 1912 5150; x_wconf 90' lang='lat' dir='ltr'>Tim.</span> <span class='ocrx_word' id='word_1_794' title='bbox 1947 5112 2008 5163; x_wconf 84' lang='grc' dir='ltr'>ιι,</span> 
     </span>
    </p>
   </div>
   <div class='ocr_carea' id='block_1_102' title="bbox 368 5157 2010 5239">
    <p class='ocr_par' dir='ltr' id='par_1_102' title="bbox 368 5157 2010 5239">
     <span class='ocr_line' id='line_1_103' title="bbox 368 5157 2010 5239; baseline 0.003 -24"><span class='ocrx_word' id='word_1_795' title='bbox 368 5157 467 5239; x_wconf 58' lang='grc' dir='ltr'>μὶ</span> <span class='ocrx_word' id='word_1_796' title='bbox 503 5157 942 5239; x_wconf 45' lang='grc' dir='ltr'>Καὶῼηᾉδάμρὺκ</span> <span class='ocrx_word' id='word_1_797' title='bbox 997 5157 1279 5233; x_wconf 62' lang='grc' dir='ltr'>ἠπατήθη·</span> <span class='ocrx_word' id='word_1_798' title='bbox 1311 5167 1346 5233; x_wconf 78' lang='grc' dir='ltr'>ἡ</span> <span class='ocrx_word' id='word_1_799' title='bbox 1380 5160 1437 5217; x_wconf 74' lang='grc' dir='ltr'>δὲ</span> <span class='ocrx_word' id='word_1_800' title='bbox 1463 5166 1620 5239; x_wconf 81' lang='grc' dir='ltr'>γυνὴ,</span> <span class='ocrx_word' id='word_1_801' title='bbox 1654 5157 2010 5235; x_wconf 77' lang='grc' dir='ltr'>ἂπατηθεῖσα,</span> 
     </span>
    </p>
   </div>
   <div class='ocr_carea' id='block_1_103' title="bbox 362 5227 987 5309">
    <p class='ocr_par' dir='ltr' id='par_1_103' title="bbox 362 5227 987 5309">
     <span class='ocr_line' id='line_1_104' title="bbox 362 5227 987 5309; baseline 0.002 -23"><span class='ocrx_word' id='word_1_802' title='bbox 362 5229 414 5286; x_wconf 76' lang='grc' dir='ltr'>ἐν</span> <span class='ocrx_word' id='word_1_803' title='bbox 440 5227 987 5309; x_wconf 13' lang='grc' dir='ltr'>,παραϐάσειλγὲγονε</span> 
     </span>
    </p>
   </div>
   <div class='ocr_carea' id='block_1_104' title="bbox 429 5306 2007 5378">
    <p class='ocr_par' dir='ltr' id='par_1_104' title="bbox 429 5306 2007 5378">
     <span class='ocr_line' id='line_1_105' title="bbox 429 5306 2007 5378; baseline 0.003 -19"><span class='ocrx_word' id='word_1_804' title='bbox 429 5306 542 5378; x_wconf 84' lang='grc'><strong>(16)</strong></span> <span class='ocrx_word' id='word_1_805' title='bbox 572 5306 717 5376; x_wconf 80' lang='grc' dir='ltr'>Ζωή.</span> <span class='ocrx_word' id='word_1_806' title='bbox 754 5306 832 5361; x_wconf 83' lang='lat' dir='ltr'>De</span> <span class='ocrx_word' id='word_1_807' title='bbox 856 5306 993 5361; x_wconf 25' lang='lat' dir='ltr'>’Evaa</span> <span class='ocrx_word' id='word_1_808' title='bbox 1023 5306 1423 5378; x_wconf 88' lang='lat' dir='ltr'>appellatione</span> <span class='ocrx_word' id='word_1_809' title='bbox 1473 5307 1535 5360; x_wconf 92' lang='lat' dir='ltr'>in</span> <span class='ocrx_word' id='word_1_810' title='bbox 1569 5306 1839 5361; x_wconf 85' lang='lat' dir='ltr'>eamdem</span> <span class='ocrx_word' id='word_1_811' title='bbox 1871 5326 2007 5363; x_wconf 89' lang='lat' dir='ltr'>sen-</span> 
     </span>
    </p>
   </div>
   <div class='ocr_carea' id='block_1_105' title="bbox 360 5380 2007 5521">
    <p class='ocr_par' dir='ltr' id='par_1_105' title="bbox 360 5380 2007 5521">
     <span class='ocr_line' id='line_1_106' title="bbox 360 5380 2007 5448; baseline 0.001 -18"><span class='ocrx_word' id='word_1_812' title='bbox 360 5380 606 5433; x_wconf 90' lang='lat' dir='ltr'>tentiam</span> <span class='ocrx_word' id='word_1_813' title='bbox 632 5380 786 5433; x_wconf 85' lang='lat' dir='ltr'>infra</span> <span class='ocrx_word' id='word_1_814' title='bbox 817 5394 1053 5447; x_wconf 90' lang='lat' dir='ltr'>quoque</span> <span class='ocrx_word' id='word_1_815' title='bbox 1086 5380 1361 5432; x_wconf 89' lang='lat' dir='ltr'>meminit</span> <span class='ocrx_word' id='word_1_816' title='bbox 1398 5383 1604 5431; x_wconf 89' lang='lat' dir='ltr'>auctor</span> <span class='ocrx_word' id='word_1_817' title='bbox 1635 5394 1689 5447; x_wconf 92' lang='lat' dir='ltr'>p.</span> <span class='ocrx_word' id='word_1_818' title='bbox 1728 5380 1849 5442; x_wconf 78' lang='lat'>197,</span> <span class='ocrx_word' id='word_1_819' title='bbox 1882 5380 2007 5448; x_wconf 86' lang='lat'>201,</span> 
     </span>
     <span class='ocr_line' id='line_1_107' title="bbox 360 5447 2005 5521; baseline -0.002 -17"><span class='ocrx_word' id='word_1_820' title='bbox 360 5455 417 5521; x_wconf 71' lang='lat' dir='ltr'>et</span> <span class='ocrx_word' id='word_1_821' title='bbox 440 5450 695 5521; x_wconf 87' lang='lat' dir='ltr'>Philo_p.</span> <span class='ocrx_word' id='word_1_822' title='bbox 732 5451 852 5521; x_wconf 71' lang='lat'>136.</span> <span class='ocrx_word' id='word_1_823' title='bbox 884 5450 953 5521; x_wconf 81' lang='lat' dir='ltr'>_l_l.</span> <span class='ocrx_word' id='word_1_824' title='bbox 988 5448 1147 5502; x_wconf 83' lang='lat' dir='ltr'>SYLB.</span> <span class='ocrx_word' id='word_1_825' title='bbox 1175 5478 1240 5487; x_wconf 96' lang='lat'>—</span> <span class='ocrx_word' id='word_1_826' title='bbox 1274 5448 1483 5521; x_wconf 79' lang='lat' dir='ltr'>Genes.</span> <span class='ocrx_word' id='word_1_827' title='bbox 1504 5450 1718 5521; x_wconf 75' lang='lat' dir='ltr'>111,_2O_:</span> <span class='ocrx_word' id='word_1_828' title='bbox 1754 5447 1854 5521; x_wconf 71' lang='lat' dir='ltr'>Kal</span> <span class='ocrx_word' id='word_1_829' title='bbox 1886 5447 2005 5521; x_wconf 77' lang='grc' dir='ltr'>ἐκά-</span> 
     </span>
    </p>
   </div>
   <div class='ocr_carea' id='block_1_106' title="bbox 358 5513 2004 5591">
    <p class='ocr_par' dir='ltr' id='par_1_106' title="bbox 358 5513 2004 5591">
     <span class='ocr_line' id='line_1_108' title="bbox 358 5513 2004 5591; baseline 0.002 -20"><span class='ocrx_word' id='word_1_830' title='bbox 358 5514 509 5572; x_wconf 87' lang='grc' dir='ltr'>λεσεν</span> <span class='ocrx_word' id='word_1_831' title='bbox 545 5513 723 5591; x_wconf 71' lang='grc' dir='ltr'>Ἀδάμ</span> <span class='ocrx_word' id='word_1_832' title='bbox 769 5518 832 5572; x_wconf 79' lang='grc' dir='ltr'>τὸ</span> <span class='ocrx_word' id='word_1_833' title='bbox 881 5513 1055 5591; x_wconf 76' lang='grc' dir='ltr'>ὄνομα</span> <span class='ocrx_word' id='word_1_834' title='bbox 1098 5521 1199 5584; x_wconf 89' lang='grc' dir='ltr'>τῆς</span> <span class='ocrx_word' id='word_1_835' title='bbox 1244 5516 1500 5591; x_wconf 81' lang='grc' dir='ltr'>γυναικὸς</span> <span class='ocrx_word' id='word_1_836' title='bbox 1546 5515 1711 5570; x_wconf 78' lang='grc' dir='ltr'>αὐτοῦ</span> <span class='ocrx_word' id='word_1_837' title='bbox 1742 5519 1887 5588; x_wconf 82' lang='grc' dir='ltr'>Ζωή,</span> <span class='ocrx_word' id='word_1_838' title='bbox 1921 5518 2004 5575; x_wconf 78' lang='grc' dir='ltr'>ὅτι</span> 
     </span>
    </p>
   </div>
   <div class='ocr_carea' id='block_1_107' title="bbox 360 5585 1192 5660">
    <p class='ocr_par' dir='ltr' id='par_1_107' title="bbox 360 5585 1192 5660">
     <span class='ocr_line' id='line_1_109' title="bbox 360 5585 1192 5660; baseline -0.001 -18"><span class='ocrx_word' id='word_1_839' title='bbox 360 5591 545 5660; x_wconf 76' lang='grc' dir='ltr'>μήτηρ</span> <span class='ocrx_word' id='word_1_840' title='bbox 575 5585 789 5644; x_wconf 81' lang='grc' dir='ltr'>πάντων</span> <span class='ocrx_word' id='word_1_841' title='bbox 816 5592 924 5660; x_wconf 73' lang='grc' dir='ltr'>τῷν</span> <span class='ocrx_word' id='word_1_842' title='bbox 957 5585 1192 5654; x_wconf 80' lang='grc' dir='ltr'>ζώντων.</span> 
     </span>
    </p>
   </div>
   <div class='ocr_carea' id='block_1_108' title="bbox 430 5657 2005 5736">
    <p class='ocr_par' dir='ltr' id='par_1_108' title="bbox 430 5657 2005 5736">
     <span class='ocr_line' id='line_1_110' title="bbox 430 5657 2005 5736; baseline 0.003 -23"><span class='ocrx_word' id='word_1_843' title='bbox 430 5657 544 5732; x_wconf 51' lang='grc'><strong>(17⁷)</strong></span> <span class='ocrx_word' id='word_1_844' title='bbox 591 5657 1062 5736; x_wconf 79' lang='grc' dir='ltr'>Ἀμαρτανόντων.</span> <span class='ocrx_word' id='word_1_845' title='bbox 1127 5657 1370 5714; x_wconf 84' lang='lat' dir='ltr'>Videtur</span> <span class='ocrx_word' id='word_1_846' title='bbox 1422 5658 1739 5732; x_wconf 80' lang='lat' dir='ltr'>legendum</span> <span class='ocrx_word' id='word_1_847' title='bbox 1794 5660 2005 5726; x_wconf 79' lang='grc' dir='ltr'>ἀποθα-</span> 
     </span>
    </p>
   </div>
   <div class='ocr_carea' id='block_1_109' title="bbox 359 5377 1604 5447">
    <p class='ocr_par' dir='ltr' id='par_1_109' title="bbox 359 5377 1604 5447">
     <span class='ocr_line' id='line_1_111' title="bbox 359 5377 1604 5447; baseline -0.002 -17"><span class='ocrx_word' id='word_1_848' title='bbox 359 5378 606 5433; x_wconf 90' lang='lat' dir='ltr'>tentiam</span> <span class='ocrx_word' id='word_1_849' title='bbox 632 5378 786 5433; x_wconf 85' lang='lat' dir='ltr'>infra</span> <span class='ocrx_word' id='word_1_850' title='bbox 817 5394 1053 5447; x_wconf 90' lang='lat' dir='ltr'>quoque</span> <span class='ocrx_word' id='word_1_851' title='bbox 1072 5377 1361 5432; x_wconf 87' lang='lat' dir='ltr'>meminit</span> <span class='ocrx_word' id='word_1_852' title='bbox 1398 5383 1604 5431; x_wconf 91' lang='lat' dir='ltr'>auctor</span> 
     </span>
    </p>
   </div>
   <div class='ocr_carea' id='block_1_110' title="bbox 2117 5664 2569 5736">
    <p class='ocr_par' dir='ltr' id='par_1_110' title="bbox 2117 5664 2569 5736">
     <span class='ocr_line' id='line_1_112' title="bbox 2117 5664 2569 5736; baseline 0.009 -18"><span class='ocrx_word' id='word_1_853' title='bbox 2117 5668 2284 5719; x_wconf 91' lang='lat' dir='ltr'>retur</span> <span class='ocrx_word' id='word_1_854' title='bbox 2323 5664 2452 5736; x_wconf 79' lang='grc' dir='ltr'>μήτ’</span> <span class='ocrx_word' id='word_1_855' title='bbox 2483 5664 2569 5723; x_wconf 82' lang='grc' dir='ltr'>αὖ.</span> 
     </span>
    </p>
   </div>
   <div class='ocr_carea' id='block_1_111' title="bbox 2123 4663 2611 4723">
    <p class='ocr_par' dir='ltr' id='par_1_111' title="bbox 2123 4663 2611 4723">
     <span class='ocr_line' id='line_1_113' title="bbox 2123 4663 2611 4723; baseline 0.008 -4"><span class='ocrx_word' id='word_1_856' title='bbox 2123 4663 2328 4721; x_wconf 85' lang='grc' dir='ltr'>νόντων</span> <span class='ocrx_word' id='word_1_857' title='bbox 2341 4709 2353 4722; x_wconf 94' lang='grc'><strong>.</strong></span> <span class='ocrx_word' id='word_1_858' title='bbox 2388 4667 2611 4723; x_wconf 77' lang='lat' dir='ltr'>LOWTH.</span> 
     </span>
    </p>
   </div>
   <div class='ocr_carea' id='block_1_112' title="bbox 2194 4737 3772 4811">
    <p class='ocr_par' dir='ltr' id='par_1_112' title="bbox 2194 4737 3772 4811">
     <span class='ocr_line' id='line_1_114' title="bbox 2194 4737 3772 4811; baseline 0.002 -18"><span class='ocrx_word' id='word_1_859' title='bbox 2194 4738 2309 4811; x_wconf 84' lang='lat'>(18)</span> <span class='ocrx_word' id='word_1_860' title='bbox 2340 4737 2464 4811; x_wconf 57' lang='grc' dir='ltr'>Καί.</span> <span class='ocrx_word' id='word_1_861' title='bbox 2499 4740 2681 4795; x_wconf 85' lang='lat' dir='ltr'>Abest</span> <span class='ocrx_word' id='word_1_862' title='bbox 2709 4755 2743 4794; x_wconf 86' lang='lat' dir='ltr'>a</span> <span class='ocrx_word' id='word_1_863' title='bbox 2772 4738 3056 4811; x_wconf 86' lang='lat' dir='ltr'>Ph_ilipp.,</span> <span class='ocrx_word' id='word_1_864' title='bbox 3080 4798 3081 4801; x_wconf 31' lang='grc' dir='ltr'><strong>η</strong></span> <span class='ocrx_word' id='word_1_865' title='bbox 3108 4737 3209 4794; x_wconf 90' lang='lat' dir='ltr'>ubi</span> <span class='ocrx_word' id='word_1_866' title='bbox 3262 4755 3421 4809; x_wconf 82' lang='lat' dir='ltr'>mox,</span> <span class='ocrx_word' id='word_1_867' title='bbox 3460 4739 3554 4811; x_wconf 76' lang='grc' dir='ltr'>καὶ</span> <span class='ocrx_word' id='word_1_868' title='bbox 3582 4738 3636 4794; x_wconf 89' lang='grc' dir='ltr'>τί</span> <span class='ocrx_word' id='word_1_869' title='bbox 3659 4739 3772 4811; x_wconf 76' lang='grc' dir='ltr'>αἱρ.</span> 
     </span>
    </p>
   </div>
   <div class='ocr_carea' id='block_1_113' title="bbox 2123 4805 3772 4887">
    <p class='ocr_par' dir='ltr' id='par_1_113' title="bbox 2123 4805 3772 4887">
     <span class='ocr_line' id='line_1_115' title="bbox 2123 4805 3772 4887; baseline 0.002 -23"><span class='ocrx_word' id='word_1_870' title='bbox 2123 4805 2301 4887; x_wconf 65' lang='lat' dir='ltr'>Dein,</span> <span class='ocrx_word' id='word_1_871' title='bbox 2325 4805 2629 4887; x_wconf 69' lang='grc' dir='ltr'>συνέχομαι</span> <span class='ocrx_word' id='word_1_872' title='bbox 2688 4810 2791 4887; x_wconf 81' lang='grc' dir='ltr'>γάρ</span> <span class='ocrx_word' id='word_1_873' title='bbox 2849 4805 3350 4887; x_wconf 44' lang='grc' dir='ltr'>ὶν”τ.·’Βιιζευῐῃ,</span> <span class='ocrx_word' id='word_1_874' title='bbox 3407 4805 3618 4883; x_wconf 66' lang='grc' dir='ltr'>⁷μολλιῖίι</span> <span class='ocrx_word' id='word_1_875' title='bbox 3667 4805 3772 4887; x_wconf 72' lang='grc' dir='ltr'>γάρ</span> 
     </span>
    </p>
   </div>
   <div class='ocr_carea' id='block_1_114' title="bbox 2126 4877 3403 4955">
    <p class='ocr_par' dir='ltr' id='par_1_114' title="bbox 2126 4877 3403 4955">
     <span class='ocr_line' id='line_1_116' title="bbox 2126 4877 3403 4955; baseline 0.003 -22"><span class='ocrx_word' id='word_1_876' title='bbox 2126 4877 2338 4951; x_wconf 75' lang='grc' dir='ltr'>μᾶλλον</span> <span class='ocrx_word' id='word_1_877' title='bbox 2370 4877 2542 4955; x_wconf 66' lang='grc' dir='ltr'>κρεῗτξ</span> <span class='ocrx_word' id='word_1_878' title='bbox 2575 4877 2837 4955; x_wconf 69' lang='lat' dir='ltr'>tandem,</span> <span class='ocrx_word' id='word_1_879' title='bbox 2865 4879 3138 4954; x_wconf 73' lang='grc' dir='ltr'>ἐπιμένειν</span> <span class='ocrx_word' id='word_1_880' title='bbox 3170 4880 3221 4935; x_wconf 84' lang='grc' dir='ltr'>ἐν</span> <span class='ocrx_word' id='word_1_881' title='bbox 3253 4877 3403 4955; x_wconf 31' lang='grc' dir='ltr'>τῇίσ.</span> 
     </span>
    </p>
   </div>
   <div class='ocr_carea' id='block_1_115' title="bbox 2193 4948 3770 5026">
    <p class='ocr_par' dir='ltr' id='par_1_115' title="bbox 2193 4948 3770 5026">
     <span class='ocr_line' id='line_1_117' title="bbox 2193 4948 3770 5026; baseline 0.003 -20"><span class='ocrx_word' id='word_1_882' title='bbox 2193 4956 2305 5026; x_wconf 68' lang='lat'>(19)</span> <span class='ocrx_word' id='word_1_883' title='bbox 2336 4948 2560 5026; x_wconf 71' lang='grc' dir='ltr'>Πικράν.</span> <span class='ocrx_word' id='word_1_884' title='bbox 2593 4948 2979 5026; x_wconf 84' lang='lat' dir='ltr'>Eademvoce</span> <span class='ocrx_word' id='word_1_885' title='bbox 3009 4972 3155 5011; x_wconf 90' lang='lat' dir='ltr'>usus</span> <span class='ocrx_word' id='word_1_886' title='bbox 3185 4960 3276 5010; x_wconf 87' lang='lat' dir='ltr'>est</span> <span class='ocrx_word' id='word_1_887' title='bbox 3296 4948 3432 5010; x_wconf 58' lang='lat' dir='ltr'>&#39;hac</span> <span class='ocrx_word' id='word_1_888' title='bbox 3463 4954 3529 5009; x_wconf 89' lang='lat' dir='ltr'>in</span> <span class='ocrx_word' id='word_1_889' title='bbox 3563 4972 3627 5011; x_wconf 90' lang='lat' dir='ltr'>re</span> <span class='ocrx_word' id='word_1_890' title='bbox 3656 4958 3770 5011; x_wconf 77' lang='lat' dir='ltr'>Me-</span> 
     </span>
    </p>
   </div>
   <div class='ocr_carea' id='block_1_116' title="bbox 2121 5023 3402 5096">
    <p class='ocr_par' dir='ltr' id='par_1_116' title="bbox 2121 5023 3402 5096">
     <span class='ocr_line' id='line_1_118' title="bbox 2121 5023 3402 5096; baseline 0.002 -19"><span class='ocrx_word' id='word_1_891' title='bbox 2121 5023 2352 5079; x_wconf 87' lang='lat' dir='ltr'>nander</span> <span class='ocrx_word' id='word_1_892' title='bbox 2379 5023 2536 5096; x_wconf 87' lang='lat' dir='ltr'>apud</span> <span class='ocrx_word' id='word_1_893' title='bbox 2567 5024 2724 5096; x_wconf 89' lang='lat' dir='ltr'>apud</span> <span class='ocrx_word' id='word_1_894' title='bbox 2755 5025 3052 5081; x_wconf 72' lang='lat' dir='ltr'>Stobaaum</span> <span class='ocrx_word' id='word_1_895' title='bbox 3084 5042 3262 5083; x_wconf 87' lang='lat' dir='ltr'>serm.</span> <span class='ocrx_word' id='word_1_896' title='bbox 3294 5027 3402 5080; x_wconf 65' lang='lat'>74:</span> 
     </span>
    </p>
   </div>
   <div class='ocr_carea' id='block_1_117' title="bbox 2798 5118 3521 5193">
    <p class='ocr_par' dir='ltr' id='par_1_117' title="bbox 2798 5118 3521 5193">
     <span class='ocr_line' id='line_1_119' title="bbox 2798 5118 3521 5193; baseline -0.007 -13"><span class='ocrx_word' id='word_1_897' title='bbox 2798 5166 2812 5180; x_wconf 90' lang='lat'>.</span> <span class='ocrx_word' id='word_1_898' title='bbox 2857 5165 2870 5177; x_wconf 93' lang='lat'>.</span> <span class='ocrx_word' id='word_1_899' title='bbox 2917 5167 2930 5180; x_wconf 96' lang='lat'>.</span> <span class='ocrx_word' id='word_1_900' title='bbox 2969 5123 3040 5178; x_wconf 84' lang='grc' dir='ltr'>’Ἠ</span> <span class='ocrx_word' id='word_1_901' title='bbox 3085 5118 3166 5176; x_wconf 76' lang='grc' dir='ltr'>δεῖ</span> <span class='ocrx_word' id='word_1_902' title='bbox 3195 5123 3290 5190; x_wconf 79' lang='grc' dir='ltr'>ζῆν</span> <span class='ocrx_word' id='word_1_903' title='bbox 3327 5121 3521 5193; x_wconf 82' lang='grc' dir='ltr'>μόνον,</span> 
     </span>
    </p>
   </div>
   <div class='ocr_carea' id='block_1_118' title="bbox 2189 5189 3486 5267">
    <p class='ocr_par' dir='ltr' id='par_1_118' title="bbox 2189 5189 3486 5267">
     <span class='ocr_line' id='line_1_120' title="bbox 2189 5189 3486 5267; baseline 0.001 -20"><span class='ocrx_word' id='word_1_904' title='bbox 2290 5190 2494 5267; x_wconf 54' lang='grc' dir='ltr'>πατέρα</span> <span class='ocrx_word' id='word_1_905' title='bbox 2538 5189 2751 5267; x_wconf 80' lang='grc' dir='ltr'>παίδων</span> <span class='ocrx_word' id='word_1_906' title='bbox 2774 5266 2779 5267; x_wconf 12' lang='grc' dir='ltr'>ί</span> <span class='ocrx_word' id='word_1_907' title='bbox 2799 5193 3083 5267; x_wconf 79' lang='grc' dir='ltr'>άποθανειν</span> <span class='ocrx_word' id='word_1_908' title='bbox 3127 5189 3486 5267; x_wconf 75' lang='grc' dir='ltr'>γεννωμένων</span> 
     </span>
    </p>
   </div>
   <div class='ocr_carea' id='block_1_119' title="bbox 2190 5261 3460 5340">
    <p class='ocr_par' dir='ltr' id='par_1_119' title="bbox 2190 5261 3460 5340">
     <span class='ocr_line' id='line_1_121' title="bbox 2190 5261 3460 5340; baseline 0.002 -21"><span class='ocrx_word' id='word_1_909' title='bbox 2190 5261 2349 5319; x_wconf 76' lang='grc' dir='ltr'>Οὕτω</span> <span class='ocrx_word' id='word_1_910' title='bbox 2375 5261 2439 5319; x_wconf 81' lang='grc' dir='ltr'><strong>τὸ</strong></span> <span class='ocrx_word' id='word_1_911' title='bbox 2474 5264 2609 5337; x_wconf 86' lang='grc' dir='ltr'>μετά</span> <span class='ocrx_word' id='word_1_912' title='bbox 2634 5266 2783 5320; x_wconf 81' lang='grc' dir='ltr'>ταῦτ’</span> <span class='ocrx_word' id='word_1_913' title='bbox 2815 5265 2925 5320; x_wconf 68' lang='grc' dir='ltr'>εστὶ</span> <span class='ocrx_word' id='word_1_914' title='bbox 2954 5270 3053 5321; x_wconf 80' lang='grc' dir='ltr'>τοῦ</span> <span class='ocrx_word' id='word_1_915' title='bbox 3087 5261 3209 5340; x_wconf 81' lang='grc' dir='ltr'>βίόυ</span> <span class='ocrx_word' id='word_1_916' title='bbox 3239 5261 3460 5339; x_wconf 73' lang='grc' dir='ltr'>πικρόν.</span> 
     </span>
    </p>
   </div>
   <div class='ocr_carea' id='block_1_120' title="bbox 2819 5355 3321 5411">
    <p class='ocr_par' dir='ltr' id='par_1_120' title="bbox 2819 5355 3321 5411">
     <span class='ocr_line' id='line_1_122' title="bbox 2819 5355 3321 5411; baseline 0.006 -3"><span class='ocrx_word' id='word_1_917' title='bbox 2819 5393 2833 5408; x_wconf 92' lang='grc'><strong>.</strong></span> <span class='ocrx_word' id='word_1_918' title='bbox 2880 5395 2893 5410; x_wconf 93' lang='grc'><strong>.</strong></span> <span class='ocrx_word' id='word_1_919' title='bbox 2939 5396 2952 5410; x_wconf 94' lang='grc'><strong>.</strong></span> <span class='ocrx_word' id='word_1_920' title='bbox 2993 5358 3110 5411; x_wconf 83' lang='lat' dir='ltr'>Aut</span> <span class='ocrx_word' id='word_1_921' title='bbox 3136 5355 3321 5411; x_wconf 61' lang='grc' dir='ltr'>εκιὶὸί</span> 
     </span>
    </p>
   </div>
   <div class='ocr_carea' id='block_1_121' title="bbox 2194 5426 3647 5498">
    <p class='ocr_par' dir='ltr' id='par_1_121' title="bbox 2194 5426 3647 5498">
     <span class='ocr_line' id='line_1_123' title="bbox 2194 5426 3647 5498; baseline 0.003 -19"><span class='ocrx_word' id='word_1_922' title='bbox 2194 5426 2520 5498; x_wconf 66' lang='lat' dir='ltr'>Vipendum,</span> <span class='ocrx_word' id='word_1_923' title='bbox 2551 5432 2649 5480; x_wconf 86' lang='lat' dir='ltr'>aut</span> <span class='ocrx_word' id='word_1_924' title='bbox 2678 5427 2858 5482; x_wconf 85' lang='lat' dir='ltr'>sobole</span> <span class='ocrx_word' id='word_1_925' title='bbox 2879 5433 3046 5482; x_wconf 85' lang='lat' dir='ltr'>enata</span> <span class='ocrx_word' id='word_1_926' title='bbox 3074 5428 3418 5482; x_wconf 86' lang='lat' dir='ltr'>moriendum</span> <span class='ocrx_word' id='word_1_927' title='bbox 3444 5431 3611 5498; x_wconf 75' lang='lat' dir='ltr'>patri</span> <span class='ocrx_word' id='word_1_928' title='bbox 3628 5445 3647 5483; x_wconf 89' lang='lat'><strong><em>:</em></strong></span> 
     </span>
    </p>
   </div>
   <div class='ocr_carea' id='block_1_122' title="bbox 2184 5496 3541 5570">
    <p class='ocr_par' dir='ltr' id='par_1_122' title="bbox 2184 5496 3541 5570">
     <span class='ocr_line' id='line_1_124' title="bbox 2184 5496 3541 5570; baseline 0.003 -20"><span class='ocrx_word' id='word_1_929' title='bbox 2184 5496 2341 5551; x_wconf 84' lang='lat' dir='ltr'>Adeo</span> <span class='ocrx_word' id='word_1_930' title='bbox 2375 5504 2453 5551; x_wconf 79' lang='lat' dir='ltr'>est</span> <span class='ocrx_word' id='word_1_931' title='bbox 2481 5499 2760 5563; x_wconf 79' lang='lat' dir='ltr'>acerbum,</span> <span class='ocrx_word' id='word_1_932' title='bbox 2790 5498 3068 5570; x_wconf 81' lang='lat' dir='ltr'>quidquid</span> <span class='ocrx_word' id='word_1_933' title='bbox 3096 5505 3175 5554; x_wconf 87' lang='lat' dir='ltr'>est</span> <span class='ocrx_word' id='word_1_934' title='bbox 3203 5501 3329 5554; x_wconf 56' lang='lat' dir='ltr'>vita</span> <span class='ocrx_word' id='word_1_935' title='bbox 3353 5496 3541 5570; x_wconf 62' lang='lat' dir='ltr'>super.</span> 
     </span>
    </p>
   </div>
   <div class='ocr_carea' id='block_1_123' title="bbox 2188 5591 3774 5723">
    <p class='ocr_par' dir='ltr' id='par_1_123' title="bbox 2188 5591 3774 5723">
     <span class='ocr_line' id='line_1_125' title="bbox 2188 5591 3774 5671; baseline 0.004 -26"><span class='ocrx_word' id='word_1_936' title='bbox 2188 5592 2303 5664; x_wconf 85' lang='lat'>(20)</span> <span class='ocrx_word' id='word_1_937' title='bbox 2340 5593 2486 5661; x_wconf 80' lang='grc' dir='ltr'>Μήτ’</span> <span class='ocrx_word' id='word_1_938' title='bbox 2516 5591 2596 5651; x_wconf 79' lang='grc' dir='ltr'>ἄν.</span> <span class='ocrx_word' id='word_1_939' title='bbox 2629 5597 2741 5650; x_wconf 89' lang='lat' dir='ltr'>Pro</span> <span class='ocrx_word' id='word_1_940' title='bbox 2774 5594 2903 5666; x_wconf 82' lang='grc' dir='ltr'>μήτ’</span> <span class='ocrx_word' id='word_1_941' title='bbox 2950 5591 3012 5650; x_wconf 78' lang='grc' dir='ltr'>ἄν</span> <span class='ocrx_word' id='word_1_942' title='bbox 3061 5612 3181 5653; x_wconf 90' lang='lat' dir='ltr'>non</span> <span class='ocrx_word' id='word_1_943' title='bbox 3214 5597 3416 5653; x_wconf 90' lang='lat' dir='ltr'>minus</span> <span class='ocrx_word' id='word_1_944' title='bbox 3445 5602 3581 5670; x_wconf 88' lang='lat' dir='ltr'>apte</span> <span class='ocrx_word' id='word_1_945' title='bbox 3615 5598 3774 5671; x_wconf 87' lang='lat' dir='ltr'>lege-</span> 
     </span>
     <span class='ocr_line' id='line_1_126' title="bbox 2188 5664 2879 5723; baseline 0.007 -5"><span class='ocrx_word' id='word_1_946' title='bbox 2188 5668 2284 5719; x_wconf 89' lang='lat' dir='ltr'>tur</span> <span class='ocrx_word' id='word_1_947' title='bbox 2323 5664 2452 5723; x_wconf 79' lang='grc' dir='ltr'>μήτ’</span> <span class='ocrx_word' id='word_1_948' title='bbox 2483 5664 2569 5723; x_wconf 83' lang='grc' dir='ltr'>αὖ.</span> <span class='ocrx_word' id='word_1_949' title='bbox 2605 5666 2879 5723; x_wconf 76' lang='lat' dir='ltr'>SYLBUBG.</span> 
     </span>
    </p>
   </div>
  </div>
