4048 6186
315 271 454 330 1169

1647 279 2098 337 STROMATUM
2132 281 2268 334 LIB.
2309 283 2410 336 III.

3593 287 3732 341 1170

311 395 402 452 διὰ
425 397 518 460 τὰς
551 394 840 474 χρειώδεις
869 396 1159 474 ἀσχολίας.
1195 401 1287 469 Μὴ
1322 402 1503 476 φέρων
1537 399 1582 456 δ’
1615 403 1772 467 οὗτος
1802 403 1950 458 εὐκο-

2082 405 2412 472 tinentiam,
2447 404 2537 458 vel
2569 404 2746 459 etiam
2763 405 3214 462 matrimonium
3240 413 3327 464 :et
3348 409 3505 480 quod
3521 413 3732 467 matri-

311 486 424 550 λως
451 489 542 542 τὸν
578 490 798 561 μονήρη
839 489 980 564 βίον,
1015 489 1272 563 ἐπιθυμεῖ
1323 496 1419 545 τοῦ
1477 492 1677 566 γάμου·
1739 492 1852 547 ἐπεὶ
1908 495 1970 548 τὸ

311 577 594 650 εὐάρεστον
649 579 783 649 μετὰ
861 580 1218 656 σωφροσύνης
1299 575 1557 650 ἀϐλαϐὲς,
1634 581 1723 636 καὶ
1781 582 1970 655 κύριος

306 667 533 729 ’ἕκαστος
563 669 724 739 ἡμῶν
755 668 1012 743 τυγχάνει
1043 671 1142 737 τῆς
1200 669 1324 743 περὶ
1379 671 1580 725 τέκνων
1611 673 1774 744 γονῆς
1820 671 1972 745 αἱρέ-

310 777 468 819 σεως.
508 761 731 831 Συνορῶ
766 754 812 810 δ’
835 757 985 819 ὅπως
1017 761 1086 831 τῇ
1131 760 1398 835 προφάσει
1427 763 1524 814 τοῦ
1571 761 1754 834 γάμου
1785 761 1838 814 οἱ
1871 761 1966 832 μὲν

309 844 688 920 ἀπισχημὲνοι
719 850 830 918 (21)
858 845 1054 900 τούτου
1100 849 1175 919 μή
1237 849 1372 902 κατὰ
1424 851 1524 917 τὴν
1581 848 1736 922 ἁγίαν
1766 853 1965 923 γνῶσιν

308 935 384 996 εἷς
438 935 849 1009 μισανθρωπίαν
928 935 1292 1011 ὑπερῥύησαν,
1341 938 1429 992 καὶ
1482 937 1544 992 τὸ
1589 944 1688 1006 τῆς
1758 938 1968 1013 ἀγάπης

307 1021 524 1098 οἷ’χεται
555 1024 682 1099 παρ’
713 1023 918 1086 αὐτοῖς·
957 1026 1008 1079 οἱ
1041 1023 1117 1092 δὲ,
1151 1025 1490 1102 ἐνσχεθέντες
1545 1027 1635 1081 καὶ
1684 1024 1965 1096 ἡδυπαθή-

304 1134 491 1175 σαντες
511 1117 579 1187 τῇ
609 1117 706 1168 τοῦ
737 1113 911 1185 νόμου
962 1121 1348 1191 συμπεριφορᾷ
1404 1122 1539 1185 (22),
1597 1115 1671 1181 ὥς
1728 1136 1890 1194 φησιν
1938 1117 1966 1172 6

306 1204 629 1280 Προφήτης,
653 1205 1139 1277 παρωμοιώθησαν
1172 1211 1290 1268 τοῖς
1331 1208 1604 1276 κτήνεσιν.

2081 495 2347 548 monium
2383 495 2667 548 creationi
2695 493 2921 565 aliquid
2975 498 3149 550 affert
3185 498 3409 563 auxilii,
3445 508 3731 570 praeterea

2081 585 2404 655 explicans.
2433 587 2512 639 Ne
2544 585 2678 654 quis
2709 602 2844 656 ergo
2875 603 3009 640 eum
3043 587 3366 658 deliquisse
3410 590 3726 658 existimet,

2080 673 2179 743 qui
2214 673 2536 727 secundum
2584 673 2777 743 Logon
2832 675 3278 728 matrimonium
3329 677 3549 741 inierit,
3611 679 3727 732 nisi

2079 763 2374 816 existimet
2429 778 2690 816 amaram
2751 778 2878 816 esse
2938 763 3195 818 ﬁliorum
3254 765 3723 822 educationem:

2077 857 2284 904 contra
2316 855 2536 915 tamen,
2567 850 2882 919 permultis
2930 851 3161 904 videtur
3212 868 3340 906 esse
3370 853 3723 909 molestissi-

2078 953 2240 991 mum
2276 935 2478 990 liberis
2509 952 2730 990 carere.
2767 939 2967 1006 Neque
2998 953 3201 992 amara
3224 940 3501 1010 cuiquam
3528 940 3723 996 videa-

2077 1032 2173 1080 tur
2205 1026 2526 1080 liberorum
2561 1027 2912 1096 procreatio,
2942 1045 3009 1081 eo
3053 1028 3211 1097 quod
3250 1030 3502 1100 negotiis
3533 1030 3725 1101 impli-

2077 1121 2237 1169 catos
2267 1131 2302 1169 a
2333 1115 2546 1169 divinis
2575 1116 2899 1170 abstrahat.
2932 1119 3029 1171 Est
3060 1118 3240 1183 enim,
3291 1119 3389 1188 qui
3423 1119 3597 1174 vitam
3631 1137 3723 1174 so-

2076 1205 2334 1259 litariam
2369 1206 2539 1260 facile
2571 1206 2693 1260 fere
2724 1223 2844 1260 non
2893 1206 3119 1274 valens,
3152 1209 3374 1278 expetit
3413 1209 3725 1263 matrimo-

303 1295 473 1349 nium
510 1311 524 1348 :
559 1293 1043 1365 quandoquidem
1078 1313 1170 1350 res
1201 1303 1384 1368 grata,
1422 1314 1540 1368 qua
1561 1297 1697 1368 quis
1731 1300 2133 1368 temperanter
2192 1294 2426 1361 fruitur,
2489 1301 2547 1349 et
2595 1295 2838 1350 innoxia
2874 1313 2885 1348 ς
2929 1302 2986 1349 et
3014 1297 3426 1368 unusquisque
3450 1303 3722 1353 nostrum

302 1390 551 1439 eatenus
583 1384 672 1438 sui
696 1383 976 1439 dominus
1011 1391 1119 1451 est,
1145 1392 1210 1440 ut
1240 1386 1437 1457 eligat,
1497 1403 1571 1441 an
1631 1387 1772 1442 velit
1830 1386 2049 1441 liberos
2104 1400 2438 1455 procreare.
2491 1385 2763 1456 Intelligo
2795 1391 3014 1451 autem,
3047 1386 3206 1455 quod
3236 1386 3419 1456 aliqui
3453 1387 3716 1457 quidem,

301 1473 402 1543 qui
437 1478 726 1544 praetextu
758 1474 1123 1528 matrimonii
1155 1474 1574 1530 difﬁcultatum
1606 1475 1680 1530 ab
1739 1491 1806 1530 eo
1864 1475 2302 1537 abstinuerunt,
2364 1490 2484 1526 non
2533 1474 2954 1527 convenienter
3002 1479 3219 1529 sanctae
3261 1476 3582 1546 cognitioni
3641 1476 3716 1531 ad

300 1564 800 1619 inhumanitatem
832 1570 890 1618 et
915 1564 1115 1619 odium
1152 1566 1461 1621 hominum
1506 1566 1906 1631 deﬂuxerunt,
1941 1571 2000 1619 et
2027 1565 2182 1635 perit
2224 1564 2381 1636 apud
2428 1564 2586 1635 ipsos
2635 1564 2892 1618 charitas
2926 1584 2939 1630 ;
2974 1565 3072 1618 alii
3106 1572 3303 1619 autem
3335 1567 3713 1621 matrimonio

297 1651 485 1724 ligati,
519 1658 578 1706 et
605 1651 772 1706 luxui
803 1667 873 1706 ac
929 1653 1328 1724 voluptatibus
1386 1653 1594 1722 dediti,
1653 1655 1779 1726 lege
1834 1652 2272 1724 quodammodo
2331 1668 2432 1708 eos
2491 1652 2833 1719 comitante,
2866 1651 3125 1719 fuerunt,
3160 1659 3225 1707 ut
3254 1653 3338 1708 ait
3393 1655 3708 1725 Propheta,

298 1763 326 1791 «
361 1741 677 1796 assimilati
699 1741 994 1812 jumentis
1019 1744 1120 1814 (a).
1156 1763 1186 1792 »

1831 1831 2063 1887 CAPUT
2110 1831 2176 1884 Χ.

1273 1923 1448 1977 Verba
1479 1922 1682 1978 Christi
1711 1922 1910 1979 Matth.
1943 1921 2104 1986 xvni,
2136 1922 2224 1986 20,
2248 1920 2473 1989 mystice
2501 1920 2750 1988 exponit.

375 2015 530 2077 Τίνες
563 2012 620 2070 δὲ
641 2039 668 2067 ‹‹
695 2016 746 2070 οἱ
778 2013 874 2070 δύο
905 2017 995 2070 καὶ
1041 2021 1189 2090 τρεῖς
1246 2016 1608 2093 ὑπᾶρχουσιν,
1637 2016 1691 2072 ἐν
1727 2017 1950 2089 ὀνόματι

2131 2017 2382 2081 Quinam
2414 2020 2552 2069 sunt
2583 2021 2780 2069 autem
2806 2015 2892 2069 illi
2926 2041 2950 2064 (ι
3005 2016 3120 2070 duo
3151 2023 3210 2070 et
3246 2021 3385 2083 tres,
3438 2016 3538 2088 qui
3571 2034 3713 2072 con-

302 2105 542 2179 Χριστοῦ
608 2104 986 2180 συναγόμενοι,
1045 2133 1068 2160 ι
1106 2108 1233 2181 παρ’
1290 2109 1373 2168 οἷς
1435 2131 1456 2158 ι
1523 2107 1685 2180 μέσος
1735 2105 1876 2160 ἐστὶν
1927 2106 1955 2160 6

303 2191 504 2263 Κύριος
537 2212 552 2259 ;
584 2217 614 2245 ››
641 2192 676 2262 ἤ
706 2191 834 2268 οὐχὶ
867 2191 1032 2268 ἄνδρα
1087 2195 1177 2249 καὶ
1233 2201 1463 2271 γυναῖκα
1491 2195 1580 2250 καὶ
1609 2198 1795 2250 τέκνον
1827 2193 1954 2256 τοὺς

299 2287 447 2356 τρεῖς
482 2280 630 2356 λέγει
683 2305 697 2352 ;
754 2283 837 2337 ὅτι
893 2281 1046 2358 ἀνδρὶ
1103 2286 1238 2356 γυνή
1309 2281 1398 2338 διὰ
1449 2289 1583 2340 Θεοῦ
1641 2284 1952 2357 ἁρμόζεται.

301 2369 476 2427 Ἀλλὰ
510 2371 608 2424 κᾶν
672 2369 910 2440 εὕζωνός
957 2393 1037 2433 τις
1095 2374 1227 2428 εἶναι
1278 2372 1429 2446 θέλῃ,
1473 2373 1580 2448 οὐχ
1634 2373 1954 2447 αἱρούμενος

297 2462 400 2529 τήν
447 2459 798 2516 παιδοποιίαν
857 2458 946 2516 διὰ
1013 2463 1110 2529 τήν
1172 2462 1222 2516 ἐν
1271 2461 1592 2535 παιδοποιίᾳ
1664 2462 1953 2538 ἀσχολίαν,

298 2555 537 2618 Μενὲτω,
593 2550 756 2626 φησὶν
815 2551 844 2604 6
927 2551 1280 2617 Ἀπόστολος,
1341 2550 1548 2627 ἄγαμος
1605 2558 1732 2623 (23),
1797 2576 1819 2605 ε
1880 2553 1954 2614 ὠς

297 2637 472 2712 κάγώ.
504 2662 531 2689 ››
581 2639 882 2694 Βούλεσθαι
911 2639 1013 2714 γὰρ
1063 2639 1240 2714 λέγειν
1296 2641 1388 2695 τὸν
1441 2641 1642 2716 Κύριον
1699 2641 1953 2716 ἐξηγοῦν-

294 2748 409 2794 ται,
447 2727 579 2799 μετᾶ
613 2728 707 2800 μὲν
761 2733 870 2782 τῶν
923 2727 1216 2794 πλειόνων,
1273 2730 1364 2786 τὸν
1420 2732 1764 2807 Δημιουργὸν
1821 2731 1953 2785 εἶναι

295 2817 392 2872 τὸν
417 2815 790 2892 γενεσιουργὸν
846 2817 994 2887 Θεὸν,
1053 2817 1187 2890 μετὰ
1245 2815 1301 2873 δὲ
1356 2823 1452 2874 τοῦ
1511 2820 1644 2888 ἐνὸς,
1675 2824 1772 2874 τοῦ
1801 2818 1953 2875 ἐκλε-

299 2911 456 2973 κτοῦ,
483 2907 575 2960 τὸν
610 2909 862 2980 Σωτῆρα,
896 2905 1071 2962 αλλου
1103 2905 1362 2974 δηλονότι
1422 2913 1554 2963 Θεοῦ
1610 2913 1706 2962 τοῦ
1752 2909 1954 2982 ἀγαθοῦ

300 2996 423 3050 rte»
455 2995 751 3072 πεφυκότα.
784 2995 860 3052 Τὸ
892 2993 940 3050 δ’
971 2996 1080 3072 οὐχ
1118 2995 1291 3059 οὕτως
1347 2995 1484 3072 ἔχει’
1519 2997 1644 3053 ἀλλ’
1693 2995 1803 3052 ἔστι
1856 2998 1949 3071 μὲν

297 3084 390 3139 καὶ
444 3085 578 3155 μετᾶ
631 3089 738 3138 τῶν
796 3087 1092 3164 σωφρόνως
1140 3086 1433 3160 γημάντων
1482 3087 1572 3142 καὶ
1631 3108 1949 3156 τεκνοποιη-

298 3173 502 3228 σάντων
532 3175 559 3228 6
591 3174 720 3236 Θεὸς
748 3171 818 3228 δι’
839 3176 986 3229 Υἱοῦ·
1014 3171 1124 3229 ἔστι
1184 3173 1242 3230 δὲ
1285 3175 1372 3231 καὶ
1434 3178 1568 3249 μετᾶ
1602 3174 1699 3231 τοῦ
1752 3176 1951 3251 ἐγκρα-

294 3264 628 3336 τευσαμὲνου
658 3263 893 3338 λογικῶς
925 3265 952 3318 6
982 3263 1140 3327 αὐτὸς
1173 3264 1432 3328 ὡσαύτως
1457 3266 1606 3328 Θεός.
1643 3266 1759 3323 Εἶεν
1813 3263 1859 3320 δ’
1891 3267 1948 3320 ἃν

295 3356 387 3407 καὶ
419 3351 606 3417 ἄλλως
635 3355 686 3408 οἱ
721 3354 814 3425 μὶν
843 3359 987 3429 τρεῖς
1019 3353 1189 3425 θυμός
1221 3359 1328 3427 (24)
1359 3377 1416 3410 τε
1443 3356 1532 3410 καὶ
1565 3355 1825 3428 ἐπιθυμία
1854 3358 1940 3411 καί

296 3439 722 3516 λογισμὸς,σὰρξ
742 3446 850 3515 (25)
884 3441 941 3498 δὲ
969 3445 1058 3498 καὶ
1089 3445 1242 3518 ψυχὴ
1273 3444 1363 3499 καὶ
1384 3449 1596 3517 πνεῦμα
1625 3447 1741 3500 κατ’
1769 3443 1938 3500 ἄλλον

295 3530 480 3605 λόγον·
513 3530 657 3606 τάχα
689 3529 746 3586 δὲ
776 3532 861 3586 καὶ
894 3533 994 3600 τὴν
1035 3530 1227 3601 κλῆσιν
1281 3535 1380 3604 τήν
1430 3555 1489 3588 τε
1546 3532 1785 3609 ἐκλογὴν
1822 3532 1942 3589 δευ-

289 3620 472 3694 τὲραν,
505 3621 594 3675 καὶ
625 3619 808 3694 τρίτον
838 3622 900 3676 τὸ
932 3621 1006 3683 είς
1035 3624 1133 3689 τήν
1180 3624 1396 3698 πρώτην
1451 3624 1620 3696 τιμήν
1677 3645 1942 3679 κατατασ-

291 3710 523 3781 σόμενον
608 3711 782 3785 γὲνος,
859 3710 1148 3764 αἰνίσσεται
1222 3713 1256 3780 ἡ
1340 3713 1710 3787 προειρημένη
1765 3715 1940 3785 τριάς·

294 3800 415 3872 μεθ’
438 3799 510 3852 ὧν
543 3801 578 3868 ἡ
638 3800 1044 3854 πανεπίσκοπος
1102 3805 1202 3854 τοῦ
1261 3805 1394 3856 Θεοῦ
1447 3799 1675 3873 δύναμις
1726 3802 1944 3875 ἀμερῶς

293 3890 636 3962 μεριστή.”0
687 3889 865 3944 τοίνυν
922 3894 1040 3951 ταῖς
1097 3893 1233 3945 κατά
1287 3889 1442 3966 φύσιν
1501 3889 1788 3966 ἐνεργείαις
1845 3894 1942 3960 τῆς

291 3981 483 4052 ψυχῆς
520 3977 570 4032 ἐν
628 3975 799 4033 δέοντι
860 3979 1151 4053 χρώμενος
1205 3979 1460 4052 ἐπιθυμεῖ
1511 3981 1604 4053 μὶν
1663 3985 1768 4035 τῶν
1826 3982 1944 4036 κατ’

293 4065 564 4135 ἀ).λήλων
593 4070 724 4139 (26),
759 4073 907 4139 μισεῖ
937 4065 994 4122 δὲ
1048 4069 1114 4124 τὰ
1176 4068 1506 4144 βλάπτοντα,
1549 4070 1726 4132 καθὼς
1775 4071 1828 4124 αἱ
1861 4068 1942 4124 ἐν·

289 4153 453 4211 τολαὶ
511 4159 620 4228 (27)
673 4159 1120 4230 προστάττουσιν·
1179 4183 1205 4210 ‹‹
1270 4157 1678 4232 Ἐνευλογήσεις
1731 4183 1760 4210 ››
1817 4159 1941 4235 γὰρ,

2059 2111 2376 2177 gregantur
2401 2105 2459 2158 in
2488 2105 2730 2158 nomine
2754 2105 3011 2169 Domini,
3038 2106 3099 2159 in
3135 2128 3160 2153 ››
3184 2122 3436 2176 quorum
3457 2105 3521 2168 ἄ(
3541 2128 3568 2154 ‹‹
3586 2122 3702 2161 me-

2060 2195 2159 2248 dio
2192 2217 2219 2242 »
2243 2199 2332 2248 est
2362 2194 2646 2247 Dominus
2673 2195 2738 2257 (bf
2763 2193 2790 2247 ?
2809 2211 3007 2248 annon
3025 2195 3212 2248 virum
3238 2201 3294 2248 et
3324 2195 3639 2249 mulierem
3656 2199 3714 2249 et

2061 2283 2250 2337 ﬁlium
2284 2281 2586 2346 tresdicit,
2619 2282 2902 2351 quoniam
2963 2282 3180 2336 mulier
3229 2299 3360 2336 cum
3422 2283 3543 2337 viro
3603 2299 3709 2353 per

2061 2376 2246 2429 Deum
2295 2373 2725 2445 conjungitur?
2763 2373 2927 2438 Quod
2978 2374 3026 2427 si
3085 2374 3385 2429 accinctus
3415 2375 3549 2445 quis
3581 2391 3709 2430 esse

2059 2463 2198 2518 velit
2227 2469 2285 2518 et
2314 2463 2641 2534 expeditus,
2675 2479 2793 2517 non
2851 2463 3052 2516 volens
3112 2481 3423 2534 procreare
3469 2465 3709 2531 liberos,

2059 2560 2300 2625 propter
2325 2569 2477 2619 eam,
2511 2570 2641 2623 quas
2674 2559 2764 2606 est
2814 2553 2874 2606 in
2907 2554 3290 2623 procreandis
3321 2553 3545 2619 liberis,
3581 2570 3709 2608 mo-

2059 2645 2293 2700 lestiam
2319 2650 2378 2698 et
2407 2644 2881 2714 occupationem,
2913 2666 2940 2692 «
2974 2651 3230 2710 maneat,
3267 2666 3291 2691 »
3325 2645 3520 2714 inquit
3549 2646 3704 2714 Apo-

2061 2734 2266 2792 stolus.
2293 2733 2515 2802 absque
2547 2749 2727 2786 uxore
2759 2755 2785 2780 ιι
2821 2737 2885 2785 ut
2915 2748 3020 2803 ego
3053 2734 3145 2802 (ο).
3207 2754 3233 2779 ››
3292 2732 3540 2796 Quidam
3573 2746 3706 2785 vero

2059 2823 2300 2878 effatum
2333 2819 2564 2874 Domini
2597 2824 2918 2888 exponunt,
2952 2835 3019 2873 ac
3041 2820 3088 2872 si
3121 2819 3386 2886 dixisset,
3420 2836 3552 2872 cum
3576 2818 3708 2890 plu-

2056 2912 2222 2965 ribus
2252 2909 2490 2980 quidem
2522 2924 2652 2962 esse
2674 2909 3010 2963 Creatorem
3042 2925 3108 2963 ac
3133 2908 3446 2980 praesidem
3463 2925 3711 2980 genera-

2059 3000 2236 3054 tionis
2267 3000 2452 3052 Deum
2492 3015 2505 3065 ;
2537 3013 2672 3052 cum
2700 3014 2817 3052 uno
2849 3004 3069 3063 autem,
3104 3015 3315 3068 nempe
3345 2998 3552 3056 electo.
3578 2998 3712 3053 Ser-

2055 3095 2336 3150 vatorem,
2369 3087 2468 3157 qui
2501 3087 2770 3152 alterius,
2811 3087 2949 3142 boni
2982 3088 3228 3153 scilicet,
3262 3088 3364 3141 Dei
3397 3087 3577 3142 Filius
3609 3087 3705 3141 sit.

2056 3180 2175 3233 Hoc
2197 3184 2393 3232 autem
2427 3193 2546 3230 non
2578 3176 2659 3231 ita
2685 3176 2862 3232 habet
2892 3193 2909 3230 :
2941 3176 3044 3231 sed
3094 3183 3183 3231 est
3239 3177 3478 3247 quidem
3528 3177 3706 3231 etiam

2055 3284 2188 3323 cum
2219 3267 2312 3332 iis,
2344 3265 2442 3336 qui
2481 3266 2730 3320 honeste
2763 3281 2829 3319 ac
2875 3265 3179 3319 moderate
3233 3268 3290 3319 in
3323 3264 3702 3320 matrimonio

2054 3357 2264 3411 versati
2327 3359 2485 3422 sunt,
2545 3360 2603 3409 et
2659 3355 2877 3409 liberos
2936 3361 3344 3426 susceperunt,
3400 3356 3551 3409 Deus
3599 3371 3708 3426 per

2056 3446 2270 3502 Filium
2306 3461 2318 3501 :
2346 3450 2434 3499 est
2461 3451 2659 3499 autem
2691 3444 2871 3499 etiam
2903 3461 3035 3498 cum
3094 3461 3182 3511 eo,
3237 3444 3336 3515 qui
3371 3443 3697 3499 secundum

2050 3536 2249 3607 logon,
2282 3551 2385 3590 seu
2416 3535 2730 3597 rationem,
2780 3534 2891 3587 fuit
2936 3535 3269 3602 continens,
3335 3533 3491 3589 idem
3523 3535 3696 3589 Deus.

2052 3624 2295 3678 Fuerint
2322 3628 2519 3677 autem
2543 3622 2715 3676 aliter
2744 3637 2979 3692 quoque
3013 3627 3131 3676 tres
3161 3622 3422 3692 quidem,
3457 3622 3564 3686 ira,
3597 3637 3698 3676 cu-

2051 3712 2286 3784 piditas.
2318 3718 2375 3766 et
2405 3712 2554 3767 ratio
2589 3728 2600 3764 :
2631 3727 2766 3766 caro
2799 3717 2998 3766 autem
3021 3718 3079 3764 et
3109 3711 3308 3766 anima
3339 3717 3398 3766 et
3428 3710 3698 3782 spiritus,

2051 3805 2167 3858 alia
2190 3803 2435 3857 ratione.
2472 3805 2638 3857 Forte
2659 3808 2858 3858 autem
2889 3808 2948 3857 et
2975 3803 3340 3857 vocationem
3372 3808 3430 3856 et
3460 3801 3703 3856 electio-

2052 3909 2186 3948 nem
2214 3892 2558 3959 secundam,
2593 3899 2652 3946 et
2673 3892 2910 3946 tertium
2958 3908 3165 3964 genus,
3211 3890 3369 3962 quod
3423 3891 3483 3945 in
3512 3890 3701 3962 primo

2052 3983 2276 4037 honore
2308 3982 2653 4046 collocatur,
2706 3981 2904 4036 innuit
2962 3982 3072 4035 tria
3119 3981 3284 4052 prius
3341 3980 3498 4035 dicta
3531 3995 3701 4035 :cum

2054 4071 2272 4141 quibus
2296 4077 2404 4137 est,
2465 4087 2598 4141 quas
2647 4070 2846 4124 omnia
2897 4069 3252 4135 considerat,
3285 4069 3387 4125 Dei
3419 4073 3700 4141 potestas,

2052 4160 2275 4231 absque
2309 4160 2594 4215 divisione
2629 4159 2846 4214 cadens
2905 4159 2964 4212 in
3019 4158 3390 4214 divisionem.
3425 4158 3533 4222 Qui
3564 4172 3701 4228 ergo

368 4283 445 4356 (α)
477 4284 631 4340 Psal.
666 4301 854 4354 mm,
879 4289 966 4340 2t.
988 4284 1052 4348 >X<
1081 4288 1145 4340 P.
1179 4287 1283 4341 542
1310 4289 1423 4342 ED.
1466 4288 1760 4353 POTTER,
1796 4288 1917 4356 454,
1947 4320 1950 4328 .

2082 4289 2192 4341 ED.
2227 4289 2454 4342 PARlS.
2491 4287 2564 4356 (ὁ)
2601 4286 2799 4341 Matth.
2835 4301 2989 4351 xvm,
3021 4288 3110 4338 20.
3140 4283 3214 4354 (c)
3238 4285 3259 4336 Ι
3282 4284 3412 4337 Cor.
3445 4299 3542 4348 vn,
3575 4285 3625 4335 7.

365 4407 968 4485 (2l)__’_Amax7Hiévoz.
1052 4412 1332 4466 Usitatius
1423 4410 1820 4485 ἀπεσχημένοι,
1882 4418 1945 4466 ut

291 4497 429 4536 cum
462 4481 624 4555 alibi,
651 4481 773 4555 tum
806 4499 934 4555 pag.
975 4486 1095 4547 196,
1120 4485 1243 4537 238.
1275 4485 1545 4538 SYLBURG.

365 4555 478 4628 (22)
509 4553 621 4628 To}
653 4552 826 4628 νόμου
883 4552 1284 4628 συμπεριφορᾷ.
1341 4555 1767 4628 lntelligit,_ttt
1816 4553 1941 4624 opi-

291 4640 426 4688 nor,
460 4624 889 4697 indulgentiam
922 4624 1454 4697 plurium‘uxorum
1507 4624 1776 4681 l’atribus
1803 4643 1942 4679 con-

293 4711 546 4770 cessam,
580 4714 628 4770 v.
663 4715 790 4770 pag.
855 4701 978 4752 461.
1033 4699 1247 4752 Lowru.
1305 4729 1371 4737 —
1405 4698 1505 4752 Vel
1555 4699 1613 4751 id
1645 4697 1945 4767 intelligit,

291 4766 452 4840 quod
485 4767 545 4821 in
578 4766 780 4824 Latina
831 4771 1097 4824 versione
1147 4770 1568 4840 expressimus,
1627 4766 1948 4823 nonnullos

295 4839 545 4921 scilicet.
581 4846 866 4921 przrtextu
899 4839 1286 4921 matrimonii,
1319 4857 1386 4894 ac
1418 4841 1664 4921 proinde
1701 4841 1846 4921 lege:
1882 4846 1949 4921 ut

295 4909 408 4963 sibi
443 4909 822 4982 persuadent,
850 4909 1431 4982 permittente,carni
1466 4913 1718 4966 nimium
1751 4909 1948 4982 indul-

290 4976 466 5106 gere}
492 4999 625 5037 cum
658 5001 688 5038 e
713 4976 1011 5050 contra,ut
1034 4992 1236 5056 postea
1257 4984 1428 5038 dicit:
1452 4982 1754 5058 Σωφρόνως
1786 4976 1945 5035 ἐϐού-

335 5071 423 5104 ετο
477 5058 596 5106 ταῖς
650 5059 911 5106 γαμεταῖς
969 5061 1205 5106 vcinam
1261 5055 1389 5106 τοὺς
1445 5051 1664 5106 ἄνδρας.
1723 5053 1808 5106 καὶ
1856 5051 1945 5106 ἐπὶ

335 5071 423 5128 ετο
477 5058 596 5128 ταῖς
650 5059 911 5128 γαμεταῖς
969 5051 1205 5128 χρῆσθαι
1261 5051 1664 5128 τοὺςῗᾶνδρἀ,
1723 5053 1808 5106 καὶ
1856 5051 1945 5107 ἐπὶ

295 5122 437 5197 μόνῃ
467 5122 810 5195 παιδοποιίᾳ·
843 5149 869 5176 ‹‹
934 5122 1044 5182 Lex
1105 5129 1256 5182 viros
1289 5122 1592 5181 moderate
1621 5133 1680 5182 et
1709 5132 1948 5197 propter

295 5196 486 5268 solam
518 5197 844 5254 liberorum
874 5200 1346 5268 procreationem
1397 5198 1678 5254 uxoribus
1714 5196 1816 5253 luti
1848 5215 1944 5252 vo-

292 5267 409 5322 luit
443 5286 455 5323 :
490 5285 542 5338 p.
579 5273 684 5324 456
709 5271 846 5324 edit.
878 5267 1062 5324 Paris.
1097 5271 1263 5325 Conf.
1293 5271 1511 5340 Paedog.
1547 5271 1650 5326 lib.
1688 5287 1748 5334 ιι,
1785 5287 1834 5324 c.
1859 5273 1943 5324 10.

377 5340 490 5421 (23)
521 5341 791 5412 Ἅγαμος.
824 5343 940 5396 Ηοο
972 5359 1078 5421 vox
1101 5359 1218 5421 non
1253 5343 1446 5421 solum
1487 5359 1622 5421 eum
1654 5341 1948 5421 significat

295 5413 397 5489 qui
429 5429 736 5484 nunquam
768 5430 1010 5489 uxorem
1039 5413 1224 5489 duxit,
1269 5414 1371 5489 sed
1427 5415 1626 5489 etiam‘
1653 5414 1942 5489 eumqui,

293 5485 478 5574 uxore
511 5492 763 5574 rn'orrtua,
796 5485 1135 5574 aliam‘rnon.
1159 5486 1328 5574 duxit
1350 5503 1362 5540 :
1387 5491 1451 5538 ut
1475 5485 1631 5574 apud
1684 5485 1942 5570 Latinos,

295 5556 523 5630 αδηερε.-
548 5559 581 5630 ΙΔ
627 5557 758 5630 Cor.
811 5574 906 5623 VII,
968 5558 1054 5622 10,
1291 5554 1660 5630 [ξαραγγέλλω
1717 5561 1944 5629 γυναῖκα

292 5629 401 5685 ἀπὸ
433 5624 626 5702 ἀνδρὸς
651 5627 727 5700 μή
760 5634 1123 5703 χωρισθῆναι’
1161 5626 1248 5682 ἐὰν
1310 5624 1498 5683 sui?
1537 5624 1813 5704 χωρισθῇ,
1849 5647 1942 5701 με·

2479 4406 2504 4430 >Ι
2548 4413 2600 4430 ιο
2646 4407 2662 4430 .9,
2709 4405 2788 4430 3-3

2054 4410 2188 4465 νὲτω
2211 4411 2446 4484 ἄγαμος,
2469 4406 2504 4476 ἤ
2535 4413 2614 4478 τῷ
2637 4405 2789 4476 ἀνδρῖ
2821 4404 3240 4479 καταλλαγήτω.

2127 4486 2237 4551 (24)
2259 4475 2468 4552 ’Θοᾷμὸς.
2496 4475 2761 4550 Respicit
2793 4475 3162 4552 Platonicam
3192 4477 3405 4552 animai
3458 4475 3700 4529 divisio-

2059 4548 2192 4608 nem
2219 4548 2277 4609 in
2307 4548 2530 4625 partem
2557 4548 3100 4625 co'ncupiscibilem.
3134 4548 3700 4625 irascibilem_et‘ra-

2061 4620 2344 4680 tionalem
2381 4643 2393 4678 :
2427 4625 2497 4677 de
2526 4639 2640 4692 qua
2672 4622 2944 4692 superius
2975 4621 3047 4674 ad
3075 4620 3435 4690 principium
3477 4620 3698 4688 Pwdag.

2059 4697 2161 4751 lib.
2199 4715 2284 4764 ιιι,
2315 4697 2536 4749 dictum
2559 4701 2665 4747 est.

2129 4769 2240 4836 (25)
2269 4759 2434 4833 'zatsg.
2461 4765 2590 4818 Alia
2620 4765 2895 4818 humanae
2930 4768 3155 4836 natura:
3187 4761 3427 4836 divisio.
3451 4759 3700 4836 Sic‘Chle-

2059 4831 2274 4894 mentis
2306 4831 2632 4920 discipulus
2687 4835 2965 4920 Drigenes
2995 4834 3264 4920 I’hilocal.
3319 4850 3374 4920 p.
3408 4835 3438 4887 8
3465 4831 3566 4919 :"0
3599 4831 3697 4920 6w,-

2058 4920 2274 4983 θρωπος
2307 4901 2625 4975 συνέστηκεν
2683 4903 2741 4958 ἐκ
2791 4901 3043 4976 σώματος
3074 4905 3163 4956 καὶ
3195 4901 3378 4977 ψυχῆς
3409 4902 3499 4983 καὶ
3549 4901 3705 4956 πνεύ-

2061 4975 2250 5053 ματος·
2290 5004 2310 5033 ι
2349 4983 2530 5035 Homo
2563 4996 2635 5053 ex
2662 4994 2929 5053 corpore,
2990 4978 3190 5053 anima
3208 4975 3281 5053 et
3302 4975 3544 5053 ‘spiritu
3565 4993 3696 5032 con-

2058 5048 2188 5110 stat.
2228 5078 2255 5103 »
2288 5056 2547 5107 lrenaaus
2577 5051 2678 5104 lib.
2714 5048 2966 5116 v,'initio
2999 5066 3048 5103 c.
3076 5049 3110 5102 9
3131 5066 3183 5101 ;‹‹
3207 5048 3508 5102 Perfectus
3523 5048 3699 5104 homo

2055 5132 2287 5181 constat
2315 5141 2512 5188 carne,
2545 5122 2743 5176 animo
2777 5129 2835 5175 et
2865 5120 3140 5192 spiritucf
3165 5121 3456 5192 Antehos
3487 5120 3704 5192 D.Pau-

2054 5198 2147 5252 lus
2183 5201 2200 5252 l
2234 5199 2440 5252 Thess.
2473 5213 2524 5254 ν.
2556 5198 2644 5250 2λί,
2669 5194 2816 5264 dixit
2849 5210 2860 5246 ε
2892 5187 3063 5264 Ᾱύτος
3099 5187 3156 5264 8}:
3188 5190 3377 5264 6636;
3415 5196 3515 5264 τῇς
3548 5189 3701 5264 siper-

2054 5289 2152 5337 νης
2184 5270 2394 5341 ἁγιάσαι
2425 5265 2561 5338 ὑμᾶς
2595 5262 2876 5341 ὁλοτελεῖς
2902 5264 2924 5341 _!
2957 5263 3046 5317 καὶ
3098 5260 3411 5341 ὁλόκληρον
3445 5260 3607 5341 ὑμῴν’
3637 5263 3697 5341 τρ

2054 5332 2266 5410 πνεῦμα
2295 5338 2382 5393 καὶ
2509 5339 2662 5410 ψυχή
2717 5336 2804 5389 καὶ
2862 5336 2931 5410 τὸΔ
2984 5339 3142 5410 σῶμα
3190 5332 3489 5406 ἀμέμπτως
3547 5332 3599 5386 ἐν
3629 5335 3698 5404 τῇ

2052 5407 2324 5483 παρουσίᾳ
2346 5415 2441 5483 τοῦ
2459 5407 2670 5483 Κυρίου
2706 5407 2970 5474 τηρηθείη
3008 5408 3019 5462 ί

2125 5469 2234 5554 (26)
2269 5469 2390 5537 Κατ’
2420 5469 2706 5550 ἀλλήλων.
2754 5469 2989 5554 Rectius
3047 5478 3360 5548 conjuncte
3417 5469 3700 5542 καταλλή-

2053 5555 2188 5620 λων,
2225 5580 2250 5606 ‹‹
2285 5555 2783 5611 convenientium.
2820 5576 2847 5600 ››
2889 5553 3159 5607 SYLBUBG.

2125 5617 2236 5702 (27)
2267 5627 2337 5683 Αἱ
2367 5623 2604 5682 ἐντολαί.
2639 5627 2772 5681 Hzec
2803 5625 2866 5679 in
2887 5624 2942 5679 S.
2978 5623 3276 5692 Scriptura
3294 5617 3514 5674 frustra
3530 5634 3698 5689 quaa-
