4048 6186
350 289 487 345 1171

1582 279 1994 338 CLEMENTIS
2027 280 2526 341 ALEXAme

3638 280 3780 336 1172

347 413 562 471 anima
577 409 974 471 naturalibus,
1005 407 1090 464 ita
1113 410 1180 464 ut
1203 410 1455 480 oportet,
1486 407 1676 462 utitur
1704 406 2001 477 operatio-

2121 404 2273 479 φησὶ,
2307 430 2338 458 ιι
2366 407 2458 462 τὸν
2517 404 2870 483 εὐλογοῦντα,
2921 404 3015 462 καὶ
3069 404 3349 482 καταράσῃ
3395 403 3490 460 τὸν
3528 407 3786 479 καταρώ-

350 500 857 567 nibus,desiderat
885 498 1127 570 quidem
1163 514 1391 569 ea,qum
1409 503 1551 552 sunt
1570 494 2003 559 convenientia,

351 593 487 649 odio
517 597 716 647 autem
740 588 920 645 habet
963 604 1052 655 ea,
1113 605 1246 659 quas
1294 587 1539 653 lwdunt,
1588 586 1745 641 sicut
1790 585 2009 657 jubent

349 680 672 738 mandata:
709 701 736 729 ‹‹
770 678 1093 735 Benedices
1126 699 1153 727 »
1215 679 1398 745 enim,
1447 676 1665 748 inquit,
1700 698 1728 727 ιι
1761 675 2008 730 benedi-

348 771 529 836 centi,
563 776 621 824 et
649 769 973 824 maledices
1032 768 1429 823 maledicenti.
1463 787 1490 819 ι
1535 764 1781 832 Quando
1807 771 2005 821 autem

350 860 465 928 his,
502 860 590 915 ira
618 858 848 914 scilicet
875 864 934 914 et
986 856 1332 929 cupiditate,
1382 856 1654 928 superior
1690 856 1902 923 factus,
1948 859 2009 910 et

352 955 638 1005 creaturas
671 965 873 1004 amore
902 963 1038 1002 vere
1068 948 1315 1003 affectus
1348 952 1589 1019 propter
1618 945 1895 1016 eum,qui
1917 949 2009 999 est

353 1042 509 1096 Deus
534 1044 594 1095 et
623 1040 866 1094 effector
895 1038 1184 1100 omnium,
1208 1036 1473 1109 gnostice
1521 1036 1701 1091 vitam
1733 1035 2004 1089 institue-

350 1130 447 1188 rit.
468 1134 527 1184 et
547 1128 832 1183 Salvatori
855 1127 1067 1184 similis
1099 1127 1375 1194 evadens,
1406 1126 1641 1182 facilem
1667 1131 2008 1197 temperan—

351 1219 449 1274 tim
479 1217 748 1273 habitum
779 1217 1248 1289 acquisiverit,et
1276 1214 1905 1287 cognitionem,ﬁdem,
1939 1229 2006 1269 ac

351 1305 733 1361 dilectionem
757 1304 1417 1376 conjunxerit,simplici
1442 1304 1553 1359 hac
1573 1303 1633 1358 in
1665 1307 1831 1375 parte
1845 1301 2006 1374 judi-

353 1394 444 1451 cio
501 1399 698 1459 utens,
731 1399 791 1449 et
845 1410 982 1451 vere
1040 1391 1327 1464 spiritalis
1378 1392 1592 1456 factus,
1646 1408 1722 1447 ne
1778 1406 2008 1457 earum,

354 1498 486 1554 quas
517 1498 587 1537 ex
617 1483 706 1537 ira
735 1487 795 1537 et
824 1482 1147 1554 cupiditate
1203 1482 1554 1553 procedunt,
1585 1479 2008 1553 cogitationum

355 1571 602 1626 omnino
635 1587 841 1643 capax,
872 1572 947 1626 ad
980 1570 1215 1626 Domini
1248 1571 1572 1643 imaginem
1602 1569 1675 1625 ab
1703 1569 1836 1641 ipso
1867 1568 2008 1624 arti-

357 1660 467 1715 ﬁce
500 1660 758 1715 efﬁcitur
784 1661 963 1715 homo
993 1660 1313 1731 perfectus,
1344 1660 1396 1715 is
1454 1675 1599 1715 sane
1647 1659 1857 1731 dignus
1879 1659 2008 1731 jam

2118 514 2298 567 μενον.
2361 520 2383 547 ι
2442 498 2609 554 Ὅταν
2668 493 2726 552 δὲ
2762 542 2776 563 ,
2829 495 2921 551 καὶ
2991 495 3200 552 τούτων
3264 490 3626 569 ὑπεραναεὰς,
3684 498 3783 549 τοῦ

2112 584 2292 655 θυμοῦ
2321 585 2410 640 καὶ
2441 588 2542 650 τῆς
2572 584 2885 659 ἐπιθυμίας,
2921 582 3070 661 ἔργῳ
3127 585 3387 659 ἀγαπήσῃ
3447 584 3550 651 τήν
3604 581 3783 638 κτίσιν

2116 669 2206 728 διὰ
2246 675 2339 729 τὸν
2399 676 2650 732 ἁπάντων
2706 674 2837 732 Θεόν
2899 696 2958 731 τε
3014 674 3104 730 καὶ
3163 674 3425 745 ποιητὴν,
3459 678 3789 749 γνωστικιῖκ

2119 762 2405 837 βιώσεται,
2462 761 2570 836 ἕξιν
2620 764 2935 841 ἐγκρατείας
2988 766 3189 819 ἄπονον
3271 762 3786 840 περιπεποιημένος

2113 856 2250 907 κατὰ
2276 855 2377 922 τήν
2408 855 2545 928 πρὸς
2580 855 2673 909 τὸν
2717 860 2951 928 Σωτῆρα
3006 852 3351 926 ἐξομοίωσιν,
3416 852 3623 914 ἐνώσας
3680 854 3784 922 τήν

2112 946 2337 1017 γνῶσιν,
2367 942 2571 1013 ⁴πίστιν,
2621 943 2856 1019 ἀγάπην,
2912 945 2990 1005 εἷς
3040 940 3115 997 ὤν
3166 940 3372 998 ἐνθένδε
3413 942 3516 1011 τήν
3575 942 3787 1015 κρίσιν,

2114 1030 2205 1085 καὶ
2235 1032 2601 1105 πνευματικὸς
2647 1028 2840 1101 ὅντως,
2900 1029 3277 1108 ἆπαράδεκτος
3325 1034 3439 1086 τῶν
3495 1031 3638 1086 κατὰ
3691 1031 3790 1086 τὸν

2116 1120 2289 1193 θυμὸν
2329 1120 2421 1175 καὶ
2468 1121 2569 1190 τήν
2626 1119 2918 1194 ἐπιθυμίαν
2975 1118 3352 1196 διαλογισμῶν
3411 1120 3588 1190 πάντη
3650 1121 3791 1174 παν-

2113 1210 2283 1278 τως,ὁ
2312 1212 2430 1265 κατ’
2461 1209 2651 1265 εἰκόνα
2674 1208 3070 1282 ἐκτελούμενος
3099 1213 3199 1264 τοῦ
3232 1207 3431 1283 Κυρίου
3453 1209 3592 1284 πρὸς
3614 1207 3788 1264 αὐτοῦ

2113 1302 2213 1352 τοῦ
2236 1297 2491 1374 τεχνίτου
2522 1297 2811 1373 ἄνθρωπος
2837 1296 3075 1368 τέλειος,
3135 1294 3283 1371 ἄξιος
3338 1294 3448 1368 ἢδη
3481 1300 3581 1352 τοῦ
3613 1294 3750 1353 ἀδελ
3770 1327 3787 1338 -

2116 1388 2217 1459 φὺς
2234 1390 2348 1461 (28)
2379 1387 2517 1463 πρὸς
2536 1391 2634 1443 τοῦ
2655 1386 2858 1458 Κυρίου
2881 1387 3270 1461 ὀνομάζεσθαι·
3297 1387 3465 1465 φίλος
3483 1387 3597 1460 ἅμα
3621 1386 3787 1448 οὗτος

2115 1475 2205 1531 καὶ
2238 1477 2355 1539 υἱός
2387 1476 2748 1540 ἐστιν.οῧτως
2768 1477 2864 1531 «οἱ
2895 1474 2993 1531 δύο
3020 1476 3111 1531 καὶ
3142 1477 3195 1531 οἳ
3223 1481 3371 1551 τρεῖς
3390 1499 3417 1526 ιο
3449 1474 3539 1530 ἐπὶ
3566 1474 3786 1529 τὸαύτὸ

2125 1586 2153 1619 ι
2181 1564 2524 1639 συνάγονται,
2551 1589 2573 1617 ι
2606 1565 2700 1621 τὸν
2719 1565 3021 1641 γνῶστικὸν
3046 1562 3355 1641 ἄνθρωπον.
3386 1562 3490 1635 Εἴη
3523 1560 3574 1618 δ’
3600 1562 3668 1618 ἂν
3686 1562 3784 1619 καὶ

2115 1657 2153 1725 ἡ
2176 1655 2409 1728 ὁμόνοια
2432 1659 2542 1710 τῶν
2596 1652 2824 1710 πολλῶν
2885 1653 2994 1709 ἀπὸ
3020 1657 3127 1709 τῶν
3168 1657 3339 1730 τριῶν
3369 1652 3782 1729 ἆριθμουμένη,

357 1754 467 1813 est,
497 1749 598 1819 qui
629 1750 811 1803 frater
839 1766 874 1804 a
908 1749 1153 1804 Domino
1178 1748 1543 1816 nominetur,
1590 1749 1641 1803 is
1694 1748 1874 1802 simul
1920 1753 2007 1803 est

2121 1745 2238 1815 μεθ’
2258 1744 2333 1799 ὧν
2364 1745 2392 1798 ὁ
2424 1743 2649 1820 Κύριος,
2677 1746 2712 1813 ἡ
2745 1742 2845 1816 μία
2876 1741 3193 1813 Ἐκκλησία,
3228 1743 3259 1797 ὁ
3289 1744 3368 1805 εἷς
3397 1743 3782 1816 ἄνθρωπος,τὸ

2163 1834 2176 1854 ι
2340 1835 2354 1854 ς
2404 1831 2427 1854 .ν
2511 1837 2583 1854 ,οη
2680 1836 2694 1854 .
2893 1833 2908 1853 ς
2989 1834 3008 1854 κ
3121 1833 3221 1854 λι
3266 1832 3281 1854 ς
3380 1827 3773 1854 εις-..-Αεμιη

358 1838 585 1892 amicus
618 1844 676 1891 et
706 1837 884 1893 ﬁlius.
919 1838 1012 1893 Sic
1034 1854 1169 1907 ergo
1195 1860 1222 1886 ιι
1255 1836 1370 1892 duo
1403 1843 1463 1893 et
1504 1843 1623 1892 tres
1656 1859 1683 1885 »
1716 1837 1778 1892 in
1801 1837 2011 1893 eodem

355 1947 385 1975 «
418 1933 874 2000 congregantur.
906 1948 934 1978 ιι
969 1944 1187 1998 nempe
1221 1928 1283 1981 in
1305 1926 1547 1981 homine
1578 1926 1865 1999 gnostico.
1901 1927 2012 1981 Po-

354 2015 496 2071 terit
531 2016 709 2071 etiam
742 2016 1065 2071 multorum
1088 2031 1325 2088 quoque
1355 2016 1675 2071 concordia
1720 2031 1791 2070 ex
1821 2014 2011 2069 tribus

359 2104 672 2171 aestimata,
713 2122 849 2160 cum
895 2106 1112 2177 quibus
1162 2112 1253 2161 est
1306 2106 1616 2172 Dominus,
1676 2104 2012 2177 signiﬁcare

356 2209 540 2248 unam
574 2194 919 2261 Ecclesiam,
951 2212 1138 2250 unum
1198 2196 1525 2262 hominem,
1575 2210 1761 2267 genus
1800 2210 2007 2249 unum.

356 2284 572 2336 Annon
604 2299 738 2337 cum
769 2300 888 2338 uno
920 2284 1161 2354 quidem
1209 2284 1409 2339 Iudaeo
1434 2284 1500 2347 ›ι‹
1529 2289 1654 2338 erat
1703 2283 2009 2349 Dominus,

356 2385 491 2423 cum
527 2370 715 2442 legem
748 2372 884 2426 tulit
917 2388 930 2425 :
962 2378 1023 2427 at
1052 2373 1434 2443 prophetans,
1460 2377 1520 2427 et
1545 2372 1859 2427 Jeremiam
1873 2372 2009 2426 mit-

356 2461 487 2512 tens
516 2458 896 2530 Babylonem,
915 2461 1244 2530 quinetiam
1267 2477 1368 2516 eos
1397 2461 1499 2532 qui
1527 2467 1698 2515 erant
1725 2477 1795 2515 ex
1820 2461 2012 2533 genti-

354 2545 468 2601 bus
494 2563 710 2603 vocans
741 2566 848 2620 per
868 2550 1646 2622 prophetiam,congregavit
1665 2550 1812 2604 duos
1828 2566 2012 2622 popu-

354 2633 485 2689 los:
518 2638 730 2693 tertius
760 2645 960 2693 autem
986 2644 1076 2693 est
1103 2639 1393 2711 unus,qui
1424 2656 1494 2695 ex
1519 2638 1750 2694 duobus
1781 2661 1809 2689 α
1840 2654 2008 2695 crea-

354 2727 454 2778 tur
483 2725 545 2779 in
573 2741 793 2782 novum
824 2726 1149 2788 hominem.
1175 2744 1291 2798 quo
1322 2728 1658 2784 inambulat
1686 2734 1746 2783 et
1775 2728 2007 2783 inhabi-

355 2816 444 2868 tat
470 2832 499 2862 ››
530 2814 592 2869 in
624 2814 755 2886 ipsa
784 2814 1094 2872 Ecclesia?
1123 2818 1194 2871 Et
1222 2817 1315 2872 lex
1347 2818 1526 2872 simul
1577 2823 1637 2873 et
1683 2819 2009 2890 propheta,

354 2918 479 2958 una
506 2919 641 2961 cum
672 2904 986 2978 Evangelio
1016 2906 1078 2960 in
1109 2906 1354 2962 nomine
1383 2907 1597 2963 Christi
1629 2914 2063 2981 congregantur

2118 1834 2271 1911 γένος
2300 1835 2363 1890 τὸ
2404 1831 2479 1891 ἐν.
2511 1837 2583 1890 ’Ἠ
2617 1836 2750 1907 μήτι
2783 1833 2919 1907 μετᾶ
2950 1834 3045 1907 μὲν
3075 1836 3174 1889 τοῦ
3203 1832 3322 1895 ἐνὸς
3375 1835 3475 1886 τοῦ
3503 1827 3780 1886 Ἰουδαίου

2121 1925 2149 1979 ὁ
2200 1924 2399 2000 Κύριος
2455 1926 2769 1998 νομοθετῶν
2822 1924 2890 1993 ἦν
2971 1920 3333 1999 προφητεύων
3388 1918 3447 1976 δὶ
3498 1918 3639 1992 ἤδη,
3685 1921 3775 1975 καὶ

2119 2014 2213 2069 τὸν
2242 2010 2506 2089 Ἱερεμίαν
2553 2010 2910 2068 ἀποστέλλων
2969 2010 3046 2074 είς
3109 2005 3425 2073 Βαϐυλῶνα,
3482 2006 3636 2064 me:
3692 2009 3783 2062 καὶ

2119 2102 2246 2166 τοὺς
2302 2102 2353 2174 ἐξ
2412 2102 2578 2158 ἐθνῶν
2623 2100 2715 2157 διὰ
2764 2108 2866 2172 τῆς
2920 2101 3254 2179 προφητείας
3309 2099 3517 2167 καλῶν,
3578 2104 3786 2173 συιῆγε

2121 2192 2292 2255 λαοὺς
2346 2191 2473 2254 τοὺς
2521 2190 2640 2247 δύοο
2697 2191 2881 2267 τρίτος
2940 2189 2999 2247 δὶ
3050 2191 3118 2261 ἦν
3172 2187 3234 2245 ἐκ
3284 2193 3393 2244 τῶν
3469 2186 3620 2244 δυεῖν
3669 2189 3786 2260 (29)

2126 2302 2156 2337 α
2182 2282 2501 2355 κτιζόμενος
2529 2307 2556 2334 ι)
2590 2283 2668 2343 εἷς
2699 2305 2729 2332 (ι
2788 2279 2868 2342 είς
2923 2280 3106 2335 καινὸν
3142 2275 3450 2354 ἄνθρωπον,
3482 2277 3531 2349 ᾧ
3573 2274 3645 2346 δὴ
3675 2275 3783 2349 ἐμ-

2121 2375 2486 2445 περιπατεῖτε
2514 2371 2604 2425 καὶ
2635 2373 2939 2425 κατοικεῖ»
2999 2367 3051 2423 ἐν
3107 2366 3245 2441 αύτῇ
3290 2370 3361 2441 τῇ
3423 2363 3736 2438 Ἐκκλησία
3768 2390 3783 2432 ;

2119 2460 2310 2534 Νόμος
2337 2480 2394 2515 τε
2424 2460 2565 2533 ὁμοῦ
2594 2460 2685 2514 καὶ
2716 2465 2995 2535 προφῆται
3050 2458 3145 2513 σὺν
3198 2455 3288 2512 καὶ
3343 2459 3425 2528 τῷ
3455 2453 3782 2530 Εὐαγγελίφ

2121 2547 2174 2604 ἐν
2255 2548 2486 2622 ὀνόματι
2553 2551 2792 2623 Χριστοῦ
2855 2547 2934 2611 είς
2987 2547 3115 2620 μίαν
3175 2544 3491 2621 συνάγονται
3551 2548 3780 2619 γνῶσιν.

2120 2636 2330 2695 Οὐκοῦν
2363 2638 2416 2693 οἱ
2447 2634 2538 2693 διὰ
2569 2643 2728 2711 μῖσος
2789 2638 2867 2710 μή
2924 2640 3257 2713 γαμοῦντες,
3286 2634 3324 2704 ἢ
3357 2632 3426 2689 δι’
3485 2631 3779 2707 ἐπιθυμίαν

2122 2723 2433 2803 ἀδιαφόρως
2485 2730 2554 2800 τῇ
2607 2725 2765 2799 σαρκὶ
2824 2726 3263 2801 καταχρώμενοι,
3313 2723 3415 2778 οὐκ
3461 2719 3519 2778 ἐν
3562 2723 3782 2799 ἀριθμῷ

2117 2820 2223 2871 τῶν
2257 2817 2581 2888 σωζομένων
2615 2814 2856 2885 ἐκείνων,
2883 2816 3005 2887 μτθ⁹
3037 2815 3112 2868 ὧν
3147 2814 3177 2868 ὁ
3201 2812 3429 2888 Κύριος.

2119 2906 2181 2963 in
2230 2923 2412 2962 unam
2465 2906 2886 2977 cognitionem.
2941 2906 3049 2972 Qui
3107 2922 3245 2979 ergo
3292 2909 3542 2977 propter
3577 2902 3779 2959 odium

355 3008 603 3048 uxorem
634 3009 757 3049 non
788 2994 1033 3062 ducunt,
1067 2996 1155 3049 vel
1182 3002 1425 3067 propter
1454 2997 2000 3069 concupiscentiam
2043 3013 2221 3053 carne
2267 2995 2676 3052 indifferenter
2721 2996 3069 3059 abutuntur,
3101 3011 3224 3051 non
3257 3000 3397 3049 sunt
3433 2993 3496 3048 in
3530 3008 3779 3049 numero

355 3079 600 3138 illorum
630 3082 734 3154 qui
771 3090 1099 3152 servantur,
1135 3102 1272 3142 cum
1313 3085 1529 3158 quibus
1559 3092 1651 3142 est
1678 3087 1987 3143 Dominus.

1895 3235 2124 3290 CAPUT
2170 3235 2265 3290 XI.

1164 3332 1324 3401 Legis
1350 3337 1404 3387 et
1431 3330 1639 3386 Christi
1668 3331 1990 3388 mandatum
2018 3332 2088 3388 ab
2116 3348 2229 3388 non
2254 3331 2683 3403 concupiscendo
2703 3332 2954 3402 exponit.

428 3454 530 3509 His
561 3454 646 3509 sic
692 3453 968 3521 ostensis,
1000 3470 1106 3527 age
1138 3454 1490 3526 Scripturas,
1523 3473 1656 3526 quae
1699 3456 2007 3512 adversan-

2202 3454 2417 3510 Τούτων
2449 3452 2555 3510 ὦδε
2582 3450 3055 3528 ἐπιδεδειγμένων,
3114 3453 3261 3532 φέρε.
3323 3450 3523 3508 ὁπόσαι
3569 3452 3785 3516 τούτοις

361 3550 461 3599 tur
486 3544 768 3613 sophistis
800 3544 1115 3613 haereticis,
1132 3544 1255 3615 jam
1290 3544 1740 3610 adducamus,et
1760 3546 2007 3619 regulam

2129 3549 2246 3606 τοῖς
2275 3545 2409 3599 κατὰ
2454 3545 2549 3602 τὰς
2606 3544 2837 3617 αἱρέσεις
2900 3547 3181 3621 σοφισταῖς
3233 3540 3601 3597 ἐναντιοῦνται
3646 3549 3780 3619 Γρα-

240 3671 253 3679 .
363 3632 748 3687 continentiae
780 3632 1107 3687 secundum
1140 3633 1316 3705 logon
1350 3650 1453 3688 seu
1483 3634 1775 3689 rationem
1805 3634 2007 3689 obser-

2130 3633 2256 3719 φαὶ,
2289 3631 2398 3706 ἤδη
2450 3632 2821 3711 παραθώμεθα
2869 3633 2963 3689 τὸν
3011 3631 3211 3688 κανόνα
3266 3633 3366 3701 τῆς
3424 3633 3564 3687 κατᾶ
3614 3628 3781 3707 λόγον

358 3719 611 3775 vandam
669 3720 1063 3777 declaramus.
1114 3722 1221 3787 Qui
1306 3738 1442 3777 vero
1528 3723 1827 3797 intelligit,
1888 3742 2007 3796 qua

2126 3718 2475 3799 τηρουμένης
2532 3721 2842 3799 ἐγκρατείας
2901 3723 3222 3795 μηνύοντες.
3281 3721 3516 3794 Ἑκάστῃ
3573 3718 3633 3776 δὲ
3674 3726 3781 3776 τῶν

356 3808 663 3881 Scriptura
692 3810 907 3880 cuique
940 3809 1151 3865 hmresi
1194 3812 1492 3868 contraria
1549 3813 1644 3875 sit,
1705 3830 1835 3869 eam
1868 3818 2007 3869 tem-

2127 3813 2385 3889 αἱρέσεων
2411 3814 2509 3883 τήν
2559 3813 2772 3875 οίκείως
2820 3811 3173 3885 ἐνισταμένην
3220 3811 3442 3886 Γραφὴν
3497 3811 3528 3865 ὁ
3586 3812 3781 3866 συνιὼν

354 3898 581 3970 pestive
612 3898 953 3953 adhibendo
986 3899 1269 3955 refutabit
1299 3903 1536 3973 eos,qui
1560 3901 2007 3974 dogmataman-

2126 3898 2516 3977 ἐπιλεγόμενος
2537 3902 2675 3956 κατὰ
2702 3901 2914 3976 καιρὸν,
2972 3900 3239 3973 χρήσεται
3288 3900 3426 3974 πρὸς
3484 3898 3779 3955 κατάλυσιν

356 3985 511 4042 datis
560 3987 859 4041 contraria
912 3988 1165 4059 ﬁngunt.
1227 3992 1417 4061 Atque
1470 3996 1537 4045 ut
1595 3991 1667 4046 ab
1717 3992 1835 4047 alto
1888 4009 2015 4048 rem

356 4079 718 4145 repetamus,
747 4073 841 4129 lex
865 4074 1128 4147 quidem,
1156 4077 1311 4132 sicut
1338 4078 1504 4148 prius
1531 4080 1809 4149 diximus,
1842 4081 2012 4147 illud,

360 4186 387 4216 ιι
427 4165 553 4218 Non
584 4164 971 4235 concupisces
1002 4182 1249 4222 uxorem
1283 4168 1535 4239 proximi
1564 4170 1647 4223 tui
1668 4170 1765 4240 (a),
1791 4193 1818 4221 ››
1849 4172 2014 4243 prius

358 4251 711 4309 exclamavit
729 4257 867 4310 ante
889 4254 1269 4327 conjunctam
1288 4257 1523 4312 Domini
1538 4258 1597 4311 in
1631 4260 1785 4313 Novo
1815 4261 2011 4315 Testa-

355 4347 556 4398 mento
588 4359 812 4405 vocem,
864 4360 994 4415 qua:
1050 4343 1195 4399 dicit
1224 4362 1295 4400 ex
1334 4361 1440 4400 sua
1495 4346 1682 4418 ipsius
1714 4364 1967 4419 persona
1996 4366 2009 4404 :

354 4453 383 4482 ‹‹
415 4431 737 4488 Audivistis
768 4431 960 4505 legem
992 4434 1441 4507 praecipientem
1468 4452 1481 4490 :
1516 4437 1641 4491 Non
1671 4438 2009 4493 mmchabe-

351 4520 455 4575 ris.
491 4522 606 4593 Ego
637 4528 837 4578 autem
858 4521 988 4578 dico
1015 4541 1027 4578 :
1061 4524 1186 4579 Non
1245 4525 1633 4597 concupisces
1654 4526 1751 4597 (b).
1782 4549 1811 4576 ››
1841 4528 2008 4593 Quod

351 4608 513 4664 enim
542 4610 719 4667 vellet
764 4602 861 4668 lex
917 4613 1072 4669 viros
1129 4613 1216 4669 uti
1258 4614 1561 4671 moderate
1590 4614 1896 4687 uxoribus,
1949 4624 2008 4673 et

421 4751 485 4817 -x«
514 4756 575 4810 P.
610 4758 712 4812 543
741 4759 854 4813 ED.
880 4760 1172 4828 POTTER,
1196 4763 1300 4816 455
1333 4764 1442 4816 ED.
1480 4764 1707 4818 PARIS.
1741 4764 1815 4832 (α)
1847 4764 2007 4818 Exod

354 4900 580 4970 rentur.
598 4898 875 4970 'Respicit
900 4902 1052 4970 torte
1083 4900 1225 4955 Gen.
1259 4919 1360 4966 xu,
1420 4905 1473 4969 3,
1514 4903 1616 4959 ubi
1676 4904 1829 4959 Deus
1879 4905 2009 4959 ait:

355 4964 657 5048 Εύλογήσω
712 4964 841 5031 τοὺς
897 4968 1255 5048 εὐλογοῦντάς
1315 4964 1401 5037 σε,
1447 4964 1537 5028 καὶ
1590 4972 1719 5038 τοὺς
1762 4994 2007 5048 καταρω-

403 5033 568 5097 ἐνούς
613 5058 669 5113 σε
724 5033 1095 5113 καταράσομαθ
1152 5046 1242 5099 vel
1297 5033 1439 5101 Gen.
1511 5033 1715 5112 χινιι,⁷
1757 5051 1845 5105 29.
1902 5033 2006 5104 ‘ubi

384 5122 592 5193 saacus
621 5110 835 5193 Iacobo
864 5110 950 5193 sic
1000 5110 1301 5193 benedicit
1334 5134 1347 5171 :
1406 5110 1894 5193 'O__xata,dgbuev6c
1949 5138 2007 5193 σε

355 5174 764 5263 ἐπιικαταρατος·
814 5182 843 5235 ὁ
901 5178 948 5234 δ’
998 5181 1260 5263 εύλογῷν-
1304 5207 1363 5239 σε
1410 5174 1820 5263 ηύλογημένος.
1881 5174 2005 5247 Nisi

356 5252 553 5329 potius
569 5252 804 5329 hagcex
830 5252 1168 5329 apocrypho
1201 5257 1351 5329 libro
1396 5252 1580 5329 petita
1614 5252 1860 5316 fuerint.

428 5317 1143 5397 (28)_’_A_Belcpdc.'liespi'cit
1201 5327 1371 5382 Hebr.
1400 5317 1467 5397 ἰι,
1522 5335 1605 5396 11,
1657 5332 1757 5385 ubi
1809 5334 2004 5387 Domi-

428 5341 542 5387 (κο)
592 5341 1143 5446 aoeupoc.nespicit
1202 5341 1371 5382 Henr.
1407 5346 1467 5400 ιι,
1522 5341 1605 5396 11,
1657 5341 1757 5385 ubi
1809 5341 2004 5387 Domi-

358 5408 500 5478 nus_
530 5392 764 5462 dicitur,
842 5393 940 5446 οὐκ
1027 5396 1415 5468 παισχύνεσθαι
1489 5398 1758 5476 ἀδελφοὺς
1812 5400 2007 5464 αὐτοὺς

358 5480 565 5521 καΑων.

429 5539 542 5608 (29)
571 5538 695 5593 Τῶν
727 5534 890 5591 δυεῖν.
918 5536 1181 5662 Respicit
1204 5538 1418 5610 Ephes.
1480 5558 1545 5605 ιι,
1593 5542 1659 5594 10
1686 5557 1699 5596 :
1731 5541 1845 5599 Ἰνα
1875 5541 2002 5606 τοὺς

429 5625 456 5659 ο
510 5609 668 5662 κτίσῃ
699 5606 752 5662 ἐν
803 5608 978 5662 δαυτῶ
1003 5624 1028 5660 ι
1056 5628 1082 5662 ς
1110 5603 1203 5662 ἵνα
1258 5608 1440 5662 καινὸν
1491 5608 1797 5662 ἄνθρωπον-
1828 5619 2000 5662 ποιῶ.

359 5599 456 5659 δύο
510 5599 668 5684 κτίσῃ
699 5606 752 5664 ἐν
803 5608 978 5679 δαυτῷ
1003 5599 1082 5669 είς
1110 5603 1203 5664 ἵνα
1249 5599 1440 5663 ἶιαινὸν
1491 5599 1798 5684 ἄνθρωπον,
1828 5599 2000 5669 ποιῶί

2121 3995 2230 4048 τῶν
2260 3992 2404 4069 παρᾶ
2432 3993 2527 4057 τὰς
2556 3989 2782 4056 ἐντολὰς
2838 3989 3305 4067 δογματιζόντων.
3353 3992 3603 4056 Ἀνωθεν
3688 3992 3780 4064 μὶν

2124 4082 2214 4136 οὗν
2267 4082 2296 4137 ὁ
2354 4083 2548 4155 νόμος,
2653 4080 2834 4158 ὥσπερ
2918 4081 3353 4157 προειρήκαμεν,
3406 4079 3490 4151 τὸ,
3577 4102 3609 4130 ιι
3672 4078 3787 4137 Οὐκ

2123 4171 2480 4244 ἐπιθυμήσεις
2536 4174 2636 4237 τῆς
2702 4174 2803 4225 τοῦ
2881 4167 3142 4240 πλησίον,
3223 4174 3327 4239 τῆς
3403 4171 3503 4224 τοῦ
3582 4168 3782 4243 Κυρίου

2121 4260 2431 4336 προσεχοῦς
2464 4259 2600 4314 κατᾶ
2640 4259 2741 4329 τήν
2790 4260 2926 4317 Νέαν
2982 4260 3262 4329 Διαθήκην
3308 4264 3522 4337 φωνῆς,
3572 4278 3784 4334 προσα-

2120 4348 2482 4427 ναπεφώνηκε
2526 4352 2662 4417 (30),
2712 4353 2813 4417 τῆς
2866 4345 3036 4417 αὐτῆς
3093 4344 3542 4422 αὖτοπροσώπως
3589 4343 3784 4420 Λεγούο

2120 4456 2240 4509 σης·
2298 4464 2317 4488 ι
2379 4436 2675 4492 Ἠκούσατε
2731 4440 2828 4491 to?)
2913 4434 3084 4509 νόμου
3154 4433 3598 4511 παραγγὲλοντος

2119 4527 2196 4586 Οὐ
2230 4526 2563 4603 μοιχεύσεις·
2614 4524 2726 4601 ἐγὼ
2786 4523 2844 4581 δέ
2901 4523 3071 4600 λέγω·
3136 4524 3248 4579 Οὐκ
3302 4523 3687 4596 ἐπιθυμήσεις.
3748 4548 3776 4573 »ι

2117 4622 2237 4672 Ὅτι
2266 4617 2369 4693 γὰρ
2403 4615 2701 4696 σωφρόνως
2747 4610 3014 4671 ἐϐούλετο
3069 4620 3190 4677 ταῖς
3234 4618 3504 4689 γαμεταῖς
3532 4619 3776 4689 χρῆσθαι

2018 4807 2029 4819 .
2064 4782 2159 4833 xx,
2195 4766 2279 4820 17.
2314 4765 2388 4837 (b)
2407 4765 2613 4821 Matth.
2648 4781 2703 4833 v,
2735 4767 2827 4834 27,
2857 4764 2948 4818 28.

2120 4902 2812 4981 εἷ’ρήνηςθβποκαταλλάξῃ
2870 4901 3005 4981 τοὺς
3050 4903 3407 4981 ,ἀμφοτέρως
3451 4898 3624 4981 “Pi

2164 4971 2448 5062 axi._l_:)ein
2490 4980 2539 5033 II
2595 4978 2725 5062 991‘.
2761 4971 2862 5062 vin,
2910 4980 2976 5062 id
3003 4971 3433 5062 ::l‘piicn'7&pn
3452 4971 3603 5062 ναὸς,
3639 4974 3772 5062 Θεοῦ

2147 5068 2236 5102 στε
2268 5053 2491 5117 ζῶντος,
2523 5049 2705 5108 καθὼς
2761 5042 2905 5100 εἶπεν
2947 5047 2976 5101 ὁ
3033 5042 3184 5110 Θεὸς,
3243 5042 3329 5099 ὂτί
3364 5042 3689 5114 ’Ἐνοικήσω
3718 5042 3769 5097 ἐν

2115 5119 2323 5188 αὐτοῖς,
2355 5122 2445 5175 καί
2477 5120 2928 5195 ἐμπεριπατήσω.

2189 5195 2299 5272 (39)
2359 5188 2919 5272 Προσαναιπεφώνηκε.
3002 5191 3198 5272 Forte"
3252 5188 3449 5261 aptius
3528 5204 3766 5262 προανα-

2115 5262 2424 5340 πεφώνηκε,
2466 5285 2487 5313 ι
2522 5262 3075 5336 prius'exclamavit.
3105 5283 3134 5311 »
3166 5262 3444 5317 Snsunc.

2186 5338 2436 5406 (31)Τοῦ
2492 5335 2668 5406 νόμου
2725 5328 3230 5406 παραγγέλλοντος.
3271 5334 3764 5406 Interpretamen-

2186 5348 2293 5406 (31)
2325 5348 2436 5392 Τοῦ
2492 5348 2668 5407 νόμου
2725 5348 3230 5409 παραγγεΛΛοντος.
3271 5348 3760 5402 interpretamen-

2114 5412 2237 5462 tum
2270 5408 2612 5471 Clementis,
2667 5407 2791 5478 qui,
2850 5405 3335 5478 verbisipaulum
3395 5400 3760 5478 mutatis,_§.

2114 5478 2430 5551 Scriptura:
2475 5469 2718 5551 sensum
2748 5469 3030 5551 e'xhibet._
3056 5469 3383 5551 'l’lxo'iaau,
3441 5470 3526 5527 ὅτι
3571 5469 3757 5547 ὲρρἑη

2113 5547 2384 5625 ἀρχαίοις,
2417 5552 2564 5608 dicit
2586 5550 2853 5607 Christus
2877 5547 3036 5620 apud
3083 5547 3443 5605 Mattheun.
