4048 6186
247 273 388 330 1173

1582 270 2026 330 ΒΤΒΟΜΔΊὌΜ
2063 273 2177 329 LIB
2188 312 2201 328 .
2245 276 2344 331 III.

3526 284 3664 342 1174

241 397 372 457 τοὺς
403 392 604 466 ἄνδρας
637 392 665 448 6
695 391 866 466 νόμος
915 390 1006 447 καὶ
1053 391 1140 450 ἐπὶ
1203 389 1341 467 μόνῃ
1388 395 1498 466 (32)
1546 389 1880 464 παιδοποιίᾳ,

2005 403 2250 467 propter
2305 399 2495 455 solam
2553 401 2879 458 liberorum
2938 402 3402 475 susceptionem,
3464 423 3534 462 ex
3595 424 3661 463 eo

246 484 415 556 δῆλον
449 483 510 540 ἐκ
538 488 638 539 τοῦ
670 481 899 538 κωλύειν
937 481 1030 554 μὲν
1063 485 1131 556 τῇ
1167 506 1194 534 .‹
1218 481 1567 557 αἶ’χμαλώτῳ
1602 505 1625 535 ι)
1658 485 1769 556 (33)
1793 504 1898 536 πα-

247 581 517 651 ραχρῆμα
575 573 960 647 ἐπιμίγνυσθαι
1015 571 1107 626 τὸν
1167 568 1396 646 ἄγαμον·
1457 571 1895 645 ἐπιθυμήσαντος

244 663 302 721 δὲ
359 665 520 734 απαξ,
550 664 842 738 τριάκοντα
871 665 1082 724 πενθεῖν
1143 657 1448 736 ἐπιτρέπειν
1499 659 1733 736 ἡμέρας,
1779 682 1894 716 κει-

246 755 452 830 ραμένη
486 753 575 808 καὶ
605 751 701 816 τὰς
734 751 946 826 τρίχας·
1003 749 1049 804 εἰ
1083 747 1140 804 δὲ
1190 747 1318 823 μηδ’
1351 749 1521 812 οὕτως
1578 750 1894 824 μαραίνοιτο

242 847 279 914 ἡ
311 841 597 916 ἐπιθυμία,
626 842 750 896 τότε
792 836 1255 910 παιδοποιεῖσθαι,
1292 835 1762 912 δεδοκιμασμένης
1792 847 1893 909 τῆς

245 935 427 1009 ὁρμῆς
486 938 584 1001 τῆς
649 928 1007 1005 κυριευούσης
1073 929 1208 983 κατά
1256 930 1358 999 τῆν
1405 929 1740 1003 προθεσμίαν
1795 934 1892 984 τοῦ

242 1022 472 1099 χρόνου,
518 1020 594 1083 είς
639 1016 812 1095 ὄρεξιν
842 1016 1096 1094 εὔλογον.
1154 1020 1310 1082 Ὅθεν
1359 1017 1420 1074 οὗ
1468 1016 1689 1091 δείξειας
1734 1017 1893 1093 ἐγκύ-

245 1132 374 1185 μονι
414 1109 796 1181 πλησιάσαντα
848 1112 956 1164 τῶν
1000 1102 1378 1183 πρεσϐυτέρων
1437 1108 1560 1163 τινὰ
1605 1108 1742 1162 κατά
1791 1108 1890 1176 τήν

240 1202 483 1279 Γραφήν⁸
520 1197 648 1255 ἀλλ’
679 1197 898 1272 ὕστερον
958 1195 1092 1270 μετά
1129 1218 1189 1252 τε
1243 1198 1340 1265 τήν
1397 1196 1692 1272 κυοφορίαν
1756 1197 1892 1268 μετά

235 1310 296 1346 τε
317 1291 422 1359 τήν
451 1293 547 1344 τοῦ
604 1287 890 1364 τεχθέντος
939 1286 1346 1362 γαλακτουχίαν
1394 1285 1573 1361 εὕροις
1604 1285 1662 1341 ἃν
1723 1284 1889 1341 πάλιν

235 1378 373 1453 πρὸς
401 1382 510 1433 τῶν
545 1375 753 1453 ἀνδρῶν
779 1376 1184 1453 γινωσκομένοις
1215 1376 1311 1439 τὰς
1356 1381 1633 1450 γυναῖκας.
1683 1375 1891 1430 Αὐτίκα

233 1467 430 1524 τοῦτον
481 1469 730 1543 εὑρήσεις
788 1467 879 1521 τὸν
940 1467 1141 1521 σκοπὸν
1196 1465 1404 1520 καὶτὸν
1457 1470 1558 1519 τοῦ
1612 1467 1889 1528 Μωυσέως

235 1559 446 1633 πατέρα
501 1554 874 1635 φυλάσσοντα,
926 1555 1160 1630 τριετίαν
1218 1553 1542 1610 διαλιπόντα
1599 1556 1733 1628 μετά
1786 1556 1886 1624 τὴν

232 1651 332 1702 τοῦ
392 1647 604 1720 Ἀαρὼν
662 1645 970 1716 ἀποκύησιν
1005 1689 1020 1716 ,
1077 1646 1407 1721 γεννήσαντα
1459 1645 1552 1700 τὸν
1609 1645 1840 1700 Μωυσέα
1872 1687 1884 1700 .

230 1739 303 1794 Ἠ
358 1757 416 1792 τε
477 1734 540 1792 αὖ
574 1737 828 1805 Λευῖτική
863 1731 1033 1812 φυλὴ,
1067 1738 1257 1789 τοῦτον
1291 1733 1634 1809 φυλάσσουσα
1661 1737 1752 1789 τὸν
1785 1741 1883 1803 τῆς

2010 484 2237 542 clarum
2272 493 2380 556 est,
2415 490 2572 559 quod
2618 492 2896 562 prohibet
2926 493 3165 562 quidem
3199 511 3358 561 eum,
3411 496 3511 566 qui
3543 514 3663 553 non

2008 575 2186 631 habet
2216 594 2481 642 uxorem,
2517 581 2715 633 statim
2738 599 2872 635 cum
2906 604 2933 629 ‹‹
2963 583 3190 652 captiva
3222 605 3248 632 ››
3283 583 3498 640 habere
3523 603 3664 642 con-

2007 666 2384 720 suetudinem
2431 670 2525 737 (a).
2577 670 2743 733 Quod
2788 670 2834 723 si
2868 672 3054 725 semel
3087 671 3534 740 desideraverit,
3584 676 3663 744 ei,

2005 772 2141 810 cum
2174 761 2346 810 tonsa
2393 757 2573 812 fuerit
2621 759 2892 829 capillos,
2942 761 3284 830 permittere
3339 768 3407 818 ut
3463 763 3663 835 lugeat

2003 845 2248 916 triginta
2278 844 2509 902 diebus.
2546 847 2603 900 Si
2635 855 2833 901 autem
2865 863 2940 901 ne
2973 849 3057 902 sic
3097 849 3338 919 quidem
3396 867 3660 907 emarce-

2004 939 2128 988 seat
2153 934 2468 1004 cupiditas,
2504 940 2643 990 tunc
2677 936 2884 991 liberis
2913 953 3155 1008 operam
3177 939 3339 1006 dare,
3372 956 3506 995 cum
3527 959 3658 1012 quas

2003 1022 2346 1078 dominatur
2378 1024 2679 1095 impulsio,
2699 1026 2947 1097 probata
2980 1028 3056 1081 sit
3074 1029 3370 1097 prmﬁnito
3392 1035 3658 1101 tempore

2001 1119 2404 1168 consentanea
2425 1115 2642 1170 rationi
2666 1117 2972 1186 appetitio.
3009 1117 3174 1171 Unde
3205 1117 3438 1172 nullum
3471 1136 3541 1173 ex
3567 1136 3661 1174 ve-

2001 1201 2226 1256 teribus
2271 1217 2340 1255 ex
2389 1202 2690 1274 Scriptura
2741 1204 3096 1274 ostenderis,
3148 1205 3248 1276 qui
3298 1223 3435 1261 cum
3469 1225 3658 1280 prnig-

2001 1295 2180 1345 nante
2214 1307 2338 1345 rem
2370 1291 2647 1348 habuerit
2675 1310 2688 1347 :
2738 1294 2841 1348 sed
2874 1299 3186 1366 postquam
3228 1296 3477 1366 gestavit
3527 1302 3656 1352 ute-

1999 1396 2154 1446 rum,
2188 1385 2247 1434 et
2274 1386 2590 1452 postquam
2640 1383 2864 1437 editum
2893 1383 3077 1438 fetum
3136 1401 3171 1438 a
3210 1384 3361 1440 lacte
3404 1384 3653 1458 depulit,

1999 1485 2208 1524 rursus
2237 1485 2272 1523 a
2303 1470 2440 1524 viris
2487 1473 2751 1543 cognitas
2783 1472 2966 1527 fuisse
3015 1489 3247 1529 uxores.
3305 1476 3432 1530 Jam
3490 1476 3653 1531 hunc

1998 1559 2152 1613 196
2204 1575 2449 1630 scopum
2497 1565 2558 1614 et
2617 1560 2958 1616 institutum
3004 1562 3268 1618 invenies
3315 1570 3651 1620 servantem

1999 1648 2210 1718 Moysis
2231 1654 2482 1719 patrem,
2514 1667 2650 1704 cum
2682 1651 3007 1705 triennium
3043 1658 3177 1722 post
3207 1655 3500 1708 Aaronem
3524 1655 3652 1710 edi-

1999 1742 2122 1792 tum
2167 1738 2610 1807 intermisisset,
2665 1739 2940 1812 genuisse
2990 1742 3268 1811 Moysem.
3329 1743 3398 1795 Et
3442 1759 3650 1798 rursus

235 1825 446 1904 φύσεως
494 1825 663 1898 νόμον
711 1825 770 1879 ἐκ
824 1828 978 1892 Θεοῦ,
1029 1821 1266 1878 ἐλάττων
1326 1824 1417 1878 τὸν
1448 1824 1679 1897 ἀριθμὸν
1739 1824 1880 1897 παρά

1995 1827 2246 1882 Levitica
2290 1828 2500 1893 tribus,
2535 1846 2777 1884 servans
2806 1829 2959 1884 hanc
2991 1836 3218 1884 natura:
3248 1831 3439 1903 legem
3467 1848 3500 1886 a
3531 1834 3648 1888 Deo

229 1917 328 1981 τάς
367 1914 541 1978 ἄλλας
593 1915 670 1977 εἰς
725 1915 824 1982 τῆν
869 1911 1426 1989 προκατηγγελμένην
1478 1912 1697 1982 εἰσῆλθε
1751 1920 1880 1987 γῆν.

231 2005 294 2061 οὐ
343 2005 446 2081 γάρ
497 2003 697 2080 ῥᾳδίως
727 2003 936 2074 αὐξάνει
986 2004 1140 2078 γένος
1171 2003 1248 2065 εἷς
1288 2001 1697 2073 πολυπληθίαν,
1732 2023 1881 2056 σπει-

228 2095 436 2170 ράντων
498 2095 594 2167 μὲν
648 2098 757 2149 τῶν
813 2090 1020 2163 ἀνδρῶν
1075 2096 1183 2146 τῶν
1224 2092 1315 2146 τὸν
1351 2094 1485 2147 κατά
1525 2091 1650 2154 τοὺς
1679 2093 1882 2163 νόμους

226 2185 410 2258 γάμον
472 2180 935 2257 ἀναδεδεγμένων,
976 2181 1350 2252 ἀναμενόντων
1410 2178 1469 2235 δὲ
1510 2183 1571 2235 οὐ
1601 2181 1700 2248 τήν
1751 2201 1879 2235 κυο-

227 2275 420 2353 φορίαν
457 2274 647 2345 μόνον.
681 2269 828 2326 ἀλλά
856 2271 945 2326 καὶ
973 2271 1071 2340 τὴν
1105 2270 1570 2346 γαλακατουχίαν.
1600 2271 1762 2328 Ὀθεν
1804 2269 1882 2324 εἷ’-

226 2363 402 2426 κότως
431 2363 523 2418 καὶ
555 2363 582 2418 ὁ
618 2365 881 2430 Μωυσῆς,
922 2362 1038 2416 κατ’
1075 2359 1261 2436 ὀλίγον
1297 2360 1370 2421 εἰς
1401 2358 1715 2434 ἐγκράτειαν
1746 2379 1881 2432 προ-

230 2449 473 2522 ϐιὸάζων
500 2451 630 2516 τοὺς
663 2448 982 2517 Ἰουδαίους,
1029 2454 1194 2525 τριῶν
1227 2451 1450 2525 ἡμερῶν
1483 2449 1619 2503 κατα
1645 2449 1707 2503 τὸ
1759 2449 1881 2518 έξῆς

229 2543 651 2616 ἀπεσχημένους
708 2537 1036 2614 ἀφροδισίου
1091 2535 1322 2608 ἡδονῆς,
1380 2534 1698 2612 προσέταξεν
1753 2535 1882 2591 ἐπα-

227 2631 409 2687 κούειν
457 2635 564 2685 τῶν
608 2629 764 2693 θείων
815 2626 1022 2702 λόγων.
1057 2652 1084 2680 ‹‹
1118 2628 1308 2699 Ἡμεῖς
1339 2624 1430 2681 οῦν
1460 2627 1579 2680 ναοὶ
1608 2631 1705 2680 τοῦ
1749 2631 1882 2680 Θεοῦ

227 2720 412 2792 ἐσμεν,
445 2719 622 2780 καθὼς
683 2719 824 2772 εἶπεν
858 2718 886 2772 6
917 2719 1210 2790 προφήτης
1247 2720 1381 2789 (34),
1437 2716 1520 2770 ὅτι
1579 2718 1882 2785 Ἐνοικήσω

227 2810 278 2865 ἐν
326 2809 510 2870 αὐτοῖς
558 2807 647 2862 καὶ
681 2807 1128 2880 έμπεριπατήσω³
1178 2805 1266 2860 καὶ
1298 2801 1490 2879 ἔσομαι
1522 2806 1699 2860 αὐτῶν
1729 2805 1878 2874 Θεὸς,

225 2900 316 2954 καὶ
347 2899 499 2953 αὐτοὶ
532 2895 742 2953 ἔσονταί
779 2917 886 2968 μου
926 2895 1080 2956 λαός’
1119 2916 1142 2947 ι
1197 2893 1283 2948 ἐὰν
1332 2896 1466 2948 κατά
1513 2894 1608 2956 τάς
1655 2893 1880 2958 ἐντολὰς

223 2988 663 3060 πολιτευώμεθα,
723 2984 830 3040 εἷ’τε
881 2986 909 3039 6
952 2985 1072 3039 καθ’
1118 2980 1343 3038 ἕκαστον
1393 2985 1578 3055 ἡμῶν,
1625 2980 1732 3036 εἴτε
1787 2983 1875 3036 καὶ

223 3077 393 3151 ἀθρόα
447 3078 480 3145 ἡ
528 3073 849 3145 Ἐκκλησία.
903 3097 932 3126 ι(
965 3073 1058 3128 Διὸ
1107 3071 1345 3143 έξέλθενε
1374 3071 1434 3126 ἐκ
1475 3072 1641 3144 μέσου
1699 3069 1875 3125 αὐτῶν

1988 1915 2286 1983 traditam,
2317 1917 2450 1970 aliis
2481 1933 2730 1972 numero
2763 1918 2959 1973 minor
2990 1919 3254 1990 ingressa
3300 1925 3390 1973 est
3435 1921 3497 1975 in
3530 1926 3648 1975 ter-

1988 2022 2116 2060 ram
2171 2007 2548 2076 promissam.
2603 2009 2729 2061 Non
2775 2009 2934 2063 enim
2983 2007 3155 2062 facile
3213 2010 3650 2080 multiplicatur

1987 2111 2193 2166 genus,
2227 2112 2362 2149 cum
2399 2096 2503 2149 viri
2536 2097 2776 2166 quidem
2809 2098 3128 2164 seminant,
3161 2097 3425 2170 legitimo
3451 2100 3646 2170 juncti

1988 2185 2410 2250 matrimonio;
2445 2191 2790 2255 exspectant
2849 2193 3045 2240 autem
3095 2204 3215 2240 non
3249 2187 3441 2242 solum
3489 2187 3646 2241 uteri

1989 2273 2401 2345 gestationem,
2436 2274 2538 2328 sed
2571 2277 2749 2329 etiam
2781 2292 2814 2329 a
2846 2275 2995 2330 lacte
3028 2276 3645 2346 depulsionem.Unde

1990 2363 2202 2417 merito
2225 2364 2451 2433 Moyses
2473 2380 2706 2434 quoque
2729 2363 2962 2418 Iudaeos
2979 2364 3287 2434 paulatim,
3313 2365 3646 2435 provehens

1990 2451 2064 2506 ad
2086 2451 2537 2513 continentiam,
2566 2470 2701 2507 cum
2731 2455 2794 2518 ’Β
2821 2476 2848 2502 ‹‹
2874 2453 3063 2508 tribus
3086 2453 3296 2510 diebus
3319 2454 3392 2526 (ὁ)
3420 2476 3446 2505 ››
3477 2453 3644 2510 dein-

1991 2555 2130 2609 ceps
2152 2539 2656 2610 consequentibus
2680 2558 2712 2595 a
2730 2557 2982 2596 venerea
3009 2541 3307 2611 voluptate
3330 2542 3647 2598 abstinuis-

1993 2629 2565 2701 sent,jussitaudire
2587 2630 2763 2685 verba
2787 2631 2906 2684 llei.
2935 2653 2962 2679 ‹‹
2999 2632 3113 2686 Nos
3136 2647 3272 2697 ergo
3299 2631 3397 2686 Dei
3422 2631 3647 2702 templa

1992 2735 2216 2785 sumus,
2252 2719 2401 2774 sicut
2435 2720 2582 2774 dixit
2612 2720 2938 2790 propheta:
2972 2719 3319 2774 Inhabitabo
3354 2720 3414 2774 in
3445 2721 3552 2786 eis,
3587 2724 3646 2774 et

1990 2806 2394 2872 inambulabo,
2423 2811 2481 2860 et
2512 2823 2610 2860 ero
2645 2823 2850 2861 eorum
2876 2808 3116 2864 Deus.et
3145 2807 3258 2878 ipsi
3285 2813 3641 2862 eruntmeus

1987 2895 2264 2966 populus,
2305 2917 2332 2941 »
2365 2895 2410 2949 si
2447 2913 2514 2950 ex
2546 2897 2856 2966 praeceptis
2879 2896 3055 2951 vitam
3089 2896 3492 2954 instituamus.
3520 2896 3640 2950 sive

1987 2983 2204 3053 singuli
2238 2989 2530 3051 nostrum,
2563 2985 2679 3039 sive
2711 2989 2836 3038 tota
2871 2985 3049 3039 simul
3079 2985 3360 3040 Ecclesia.
3394 3007 3420 3033 «
3449 2986 3640 3050 Quare

1987 3072 2338 3144 egredimini
2373 3089 2402 3126 e
2434 3073 2630 3127 medio
2667 3073 2953 3144 ipsorum,
2986 3080 3046 3129 et
3080 3074 3462 3144 separamini,
3495 3073 3639 3129 dicit

370 3142 740 3240 ἀφορίσθητε,
799 3161 944 3236 λέγει
1005 3142 1220 3234 Κύριος”
1282 3160 1371 3216 καὶ
1429 3142 1734 3235 ἀκαθάρτου
1797 3161 1872 3232 μή

1994 3159 2295 3224 Dominus,
2343 3165 2401 3214 et
2446 3161 2822 3216 immundum
2877 3180 2950 3218 ne
2985 3163 3279 3234 tangatis;
3315 3168 3373 3217 et
3401 3178 3505 3234 ego
3535 3180 3638 3218 vos

223 3255 470 3317 ἅπτεσθε·
522 3252 671 3327 κάγὼ
725 3248 1032 3323 εἰσδέξομαι
1096 3251 1235 3322 ὑμᾶς
1267 3293 1280 3320 ,
1341 3250 1432 3304 καὶ
1493 3247 1686 3322 ἔσομαι
1747 3249 1874 3322 ὑμῖν

223 3343 300 3407 είς
332 3339 557 3418 πατέρα,
590 3343 678 3398 καὶ
714 3341 869 3413 ὑμεῖς
899 3339 1077 3403 ἔσεσθέ
1129 3361 1222 3412 μοι
1272 3339 1347 3402 εἷς
1397 3338 1546 3402 υἱοὺς
1578 3339 1668 3393 καὶ
1718 3340 1878 3413 θυγα-

224 3433 402 3506 τέρας,
456 3431 599 3507 λέγει
655 3429 850 3504 Κύριος
898 3427 1313 3504 παντοκράτωρ.
1348 3453 1377 3480 ››
1427 3427 1504 3485 Ού
1560 3432 1667 3482 τῶν
1720 3448 1878 3502 γεγα-

231 3521 512 3595 μηκότων,
567 3520 640 3581 ὥς
689 3540 866 3597 φασιν,
901 3517 1047 3572 ἀλλὰ
1072 3522 1180 3572 τῶν
1214 3516 1377 3581 ἐθνῶν
1406 3523 1513 3572 τῶι
1555 3517 1605 3571 ἐν
1652 3519 1878 3592 πορνεία

232 3610 497 3687 βιούντων
533 3607 635 3676 ἔτι,
666 3609 802 3681 πρὸς
836 3605 892 3662 δὲ
912 3606 999 3662 καὶ
1031 3607 1138 3661 τῶν
1168 3605 1586 3681 προειρημένων
1620 3608 1873 3682 αἱρέσεων

230 3701 614 3778 ἀφορισθῆναι,
660 3698 734 3761 ὡς
779 3697 1093 3770 ἀκαθάρτων
1140 3697 1230 3750 καὶ
1262 3697 1432 3760 ἀθέων
1479 3695 1689 3751 κελεύει
1746 3717 1878 3771 προ-

230 3793 476 3867 φητικῶς
509 3790 680 3860 ἡμᾶς.
711 3789 866 3850 Ὅθεν
893 3785 982 3840 καὶ
1015 3786 1042 3839 6
1076 3782 1291 3846 Παῦλος
1321 3786 1456 3857 πρὸς
1486 3784 1614 3847 τοὺς
1647 3786 1874 3857 ὁμοίους

227 3877 651 3951 ἀποτεινόμενος
679 3881 797 3937 τοῖς
821 3875 1156 3951 εἰρημένοις,
1187 3900 1206 3924 ι
1234 3874 1445 3937 Ταύτας
1477 3873 1567 3930 οῦν
1590 3873 1742 3950 ἔχετε
1765 3878 1876 3948 (35)

226 3969 324 4030 τάς
405 3966 730 4044 ἐπαγγελίας
805 3965 960 4044 φησὶν
990 4009 1005 4033 ,
1092 3964 1407 4041 ἀγαπητοί·
1493 3963 1873 4038 καθαρίσωμεν

233 4057 439 4113 ὶαυτῶν
492 4057 586 4118 τὰς
659 4053 884 4131 καρδίας
941 4055 1046 4109 ἀπὸ
1102 4055 1300 4116 παντὸς
1351 4053 1640 4128 μολυσμοῦ
1680 4055 1874 4129 σαρκὸς

222 4146 316 4201 καὶ
383 4145 714 4217 πνεύματος,
791 4144 1163 4204 ἐπιτελοῦντες
1237 4145 1540 4218 ἀγιωσύνην
1616 4143 1668 4198 ἐν
1720 4139 1876 4222 φόϐῳ

224 4239 382 4293 Θεοῦ.
417 4235 582 4304 Ζηλῶ
627 4234 729 4309 γὰρ
785 4234 925 4306 ὑμᾶς
971 4237 1106 4288 Θεοῦ
1152 4234 1328 4304 ζήλῳο
1380 4235 1716 4305 ἡρμοσάμην
1774 4234 1875 4308 γὰρ

228 4327 372 4398 ὑμᾶς
405 4322 482 4378 ἐνὶ
513 4321 690 4398 ἀνδρὶ,
721 4321 982 4397 παρθένον
1025 4323 1196 4396 ἁγνὴν
1245 4324 1586 4396 παραστῆσαι
1630 4326 1738 4394 (36)
1796 4327 1876 4394 τῷ

222 4416 456 4490 Χριστῇ.
494 4437 521 4464 ››
554 4411 851 4480 Ἐκκλησία
895 4409 953 4466 δὲ
987 4409 1162 4466 ἄλλον
1193 4410 1254 4465 ού
1303 4416 1490 4484 γαμεῖ,
1523 4411 1614 4464 τὸν
1643 4412 1877 4487 νυμφίον

1988 3249 2330 3320 suscipiam,
2381 3256 2440 3304 et
2482 3267 2582 3304 ero
2636 3251 2798 3306 vobis
2851 3252 2912 3306 in
2944 3258 3194 3324 patrem,
3227 3257 3285 3306 et
3313 3269 3413 3308 vos
3471 3252 3640 3306 eritis

1985 3339 2130 3394 mihi
2163 3339 2226 3393 in
2282 3339 2438 3394 ﬁlios
2496 3345 2553 3394 et
2613 3340 2766 3395 ﬁlias
2826 3341 2968 3395 dicit
3023 3341 3306 3396 Dominus
3367 3341 3638 3412 omnipo-

1985 3434 2118 3483 tens
2150 3430 2243 3499 (ε).
2278 3451 2304 3476 ››
2347 3431 2472 3483 Non
2528 3429 2600 3484 ab
2636 3430 2730 3497 iis,
2765 3431 2866 3500 qui
2920 3447 3132 3485 uxores
3190 3430 3510 3498 duxerunt,
3573 3435 3638 3485 ut

1984 3518 2171 3582 aiunt,
2206 3517 2309 3573 sed
2339 3534 2373 3572 a
2401 3519 2696 3589 gentibus,
2733 3537 2863 3589 qua:
2895 3520 3087 3575 adhuc
3117 3519 3391 3574 vivebant
3419 3519 3479 3574 in
3514 3520 3635 3574 for-

1985 3607 2306 3670 nicatione,
2355 3614 2643 3678 praeterea
2687 3614 2884 3663 autem
2915 3626 2950 3663 a
2981 3610 3145 3680 prius
3194 3626 3432 3680 quoque
3465 3607 3638 3663 dictis

1986 3696 2333 3763 haeresibus,
2366 3703 2431 3752 ut
2459 3698 2783 3752 immundis
2817 3705 2874 3752 et
2897 3699 3116 3769 impiis,
3150 3698 3495 3770 prophetice
3526 3714 3636 3753 nos

1977 3788 2151 3861 jubet
2181 3789 2462 3859 separari.
2500 3789 2663 3845 Unde
2698 3791 2874 3844 etiam
2910 3790 3128 3845 Paulus
3179 3807 3415 3860 quoque
3463 3789 3642 3846 verba

1985 3877 2243 3950 dirigens
2271 3878 2343 3933 ad
2377 3895 2497 3943 eos,
2534 3880 2633 3949 qui
2669 3885 2837 3935 erant
2868 3880 2961 3946 iis,
2995 3879 3094 3950 qui
3126 3879 3266 3934 dicti
3297 3885 3454 3945 sunt,
3481 3879 3641 3934 simi-

1984 3967 2110 4022 les:
2173 3988 2200 4015 «
2261 3968 2374 4022 Has
2433 3984 2570 4040 ergo
2633 3969 3058 4040 promissiones
3112 3969 3323 4023 habete
3359 4011 3372 4035 ,
3422 3969 3639 4040 inquit,

1986 4056 2187 4111 dilecti
2214 4073 2226 4109 :
2273 4057 2631 4113 mundemus
2663 4059 2840 4114 corda
2889 4064 3093 4113 nostra
3123 4057 3194 4113 ab
3226 4058 3388 4112 omni
3438 4057 3640 4127 inqui-

1985 4151 2266 4201 namento
2289 4147 2486 4201 carnis
2509 4153 2567 4202 et
2590 4147 3241 4218 spiritus,perﬁcientes
3263 4147 3637 4201 sanctitatem

1986 4235 2046 4288 in
2071 4236 2281 4288 timore
2303 4235 2401 4288 Dei
2423 4236 2525 4304 (d).
2558 4235 2691 4289 Zelo
2717 4235 2877 4289 enim
2910 4251 3010 4288 vos
3027 4234 3148 4288 zelo
3182 4234 3284 4287 Dei
3311 4250 3323 4298 ;
3346 4231 3636 4301 despondi

1987 4325 2150 4378 enim
2209 4341 2310 4378 vos
2370 4325 2471 4379 uni
2520 4325 2676 4391 viro,
2736 4322 3023 4393 virginem
3083 4326 3305 4376 castam
3358 4318 3636 4374 exhibere

1985 4413 2215 4468 Christo
2244 4415 2332 4484 (ο).
2372 4437 2398 4464 ››
2429 4416 2497 4468 Et
2526 4411 2788 4466 Ecclesia
2819 4411 3058 4481 quidem
3091 4410 3190 4463 alii
3223 4425 3341 4463 non
3364 4408 3638 4480 jungitur

221 4502 554 4575 κεκτημένην
582 4501 708 4558 ἀλλ’
741 4504 768 4556 6
797 4503 916 4556 καθ’
946 4499 1168 4556 ’ἕκαστον
1216 4503 1400 4573 ἡμῶν,
1441 4502 1502 4569 ἣν
1549 4500 1610 4554 ἂν
1669 4501 1875 4571 βούλη-

1994 4502 2388 4569 matrimonio,
2423 4517 2558 4557 cum
2593 4516 2877 4571 sponsum
2899 4499 3145 4553 habeat:
3179 4497 3283 4552 sed
3312 4496 3636 4567 unusquis-

224 4614 315 4648 ναι
365 4593 503 4647 κατά
554 4593 645 4646 τὸν
678 4591 846 4664 νόμον
897 4596 1113 4667 γαμεῖν,
1169 4591 1260 4645 τὸν
1309 4593 1525 4664 πρῶτον
1579 4587 1726 4664 λέγω
1776 4591 1875 4665 γά-

227 4704 337 4757 μον
367 4684 503 4755 (37),
555 4675 672 4756 ἔχει
716 4681 815 4749 τὴν
870 4678 1136 4753 ἐξουσίαν.
1196 4673 1486 4751 Φοϐοῦμαι
1547 4675 1604 4732 δὲ
1655 4681 1874 4751 μήπως,

226 4773 303 4834 ὡς
363 4771 391 4826 6
445 4765 566 4846 ὅφις
628 4769 960 4841 ἐξηπάτησεν
995 4765 1132 4824 Εὕαν
1166 4772 1279 4841 (38)
1322 4768 1373 4822 ἐν
1426 4772 1494 4840 τῇ
1553 4770 1876 4844 πανουργίᾳ,

1989 4611 2101 4664 que
2121 4597 2393 4647 nostrum
2422 4589 2601 4644 habet
2631 4593 2982 4660 potestatem
3013 4586 3637 4657 ducendi,quamcun-

1989 4699 2102 4753 que
2133 4680 2292 4747 velit,
2341 4679 2667 4753 legitimam
2717 4693 2961 4732 uxorem
2996 4677 3058 4732 in
3105 4676 3335 4748 primis,
3366 4675 3632 4747 inquam,

1990 4769 2231 4841 nuptiis.
2281 4792 2307 4818 «
2338 4771 2556 4824 Vereor
2586 4772 2785 4823 autem
2825 4784 2920 4831 ne,
2955 4767 3107 4821 sicut
3131 4781 3373 4836 serpens
3403 4765 3638 4820 seduxit

303 4908 383 4979 (a)
417 4909 584 4981 Deut.
615 4924 744 4981 ιιι.
767 4909 852 4981 ιι,
887 4906 968 4981 ιε.
1007 4907 1092 4961 13.
1167 4904 1230 4968 ›ι‹
1258 4907 1321 4960 Ρ.
1355 4906 1460 4981 δέει
1492 4905 1602 4981 ιιι).
1638 4905 1880 4981 POTTEI

1997 4906 2202 4960 56-457
2233 4904 2345 4959 ΕΙ).
2380 4902 2610 4958 PABIS.
2690 4901 2765 4972 (ὁ)
2796 4900 2976 4956 Exod.
3000 4918 3115 4966 χιχ,
3149 4903 3237 4954 20.
3315 4901 3388 4973 (c)
3420 4898 3472 4954 II
3499 4898 3631 4956 Cor.

228 4977 318 5047 γι,
343 4983 487 5049 1,1“1,
523 4980 606 5035 18.
684 4979 763 5049 (d)
795 4979 844 5033 Il
875 4979 1006 5034 Cor.
1039 4993 1137 5044 vn,
1174 4982 1222 5032 1.
1299 4977 1370 5048 (θ)
1401 4977 1452 5030 ΙΙ
1482 4977 1613 5031 Cor.
1655 4993 1734 5045 xx,
1767 4980 1820 5032 2.

298 5119 568 5194 (32)ng11-2
606 5118 746 5194 μόνῃ
779 5140 838 5175 π.
884 5119 1048 5176 Conf.
1097 5121 1346 5190 Pwdag.,
1375 5119 1480 5175 lib.
1514 5136 1574 5187 ιι,
1609 5137 1658 5176 c.
1698 5123 1781 5188 lO,
1816 5137 1872 5191 p.

229 5197 336 5250 192
366 5191 508 5248 edit.
541 5191 728 5249 Paris.

297 5267 412 5338 (373)
441 5262 823 5338 Αἷχμαλώτῳ.
875 5263 1036 5319 Conf.
1085 5264 1287 5320 Strom.
1321 5279 1380 5330 ιι,
1414 5279 1544 5336 pag.
1580 5264 1682 5317 399
1732 5261 1873 5318 edit.

226 5337 418 5394 Paris.

300 5410 412 5475 (34)
466 5407 725 5479 Ἡμεῖς...
785 5405 1346 5482 προφήτηςηὙμεςῐς
1401 5406 1526 5482 γάρ.
1558 5404 1683 5459 ναὸς
1743 5407 1876 5482 Θεοῦ

223 5477 344 5534 ἱστε
405 5476 626 5548 ζῶντος,
683 5476 862 5548 καθὼς
909 5476 1062 5532 ἐἶπεν
1124 5478 1151 5532 6
1210 5477 1364 5546 Θεός,
1405 5476 1455 5534 II
1480 5476 1619 5534 Cor.
1667 5494 1743 5544 v1,
1777 5477 1876 5532 ubi

223 5569 386 5610 mox.
419 5547 628 5607 ἔσονταί
663 5572 756 5624 μοι
790 5547 845 5608 λ.

301 5624 415 5697 (35)
445 5620 673 5700 Ἔχετε.
712 5625 976 5698 Ἔχοντες
1025 5623 1234 5695 ILCor.
1269 5639 1366 5693 γιι,
1389 5620 1489 5678 ubi
1519 5637 1678 5690 mox,
1709 5621 1877 5676 καθα-

1986 5118 2123 5189 ρίσω
2133 5136 2227 5186 μεν
2256 5113 2476 5189 ἑαυτοὺς
2506 5113 2604 5189 ἀπ,

2058 5183 2468 5263 (36)]Ιαρθένον
2522 5187 2684 5263 ἀγνήν
2734 5190 3098 5260 παραστῆσαι.
3150 5183 3636 5241 Subaudiendum

1987 5258 2158 5315 ὥστε.
2178 5262 2458 5316 SYLBURG.

2057 5337 2170 5398 (37)
2202 5332 2304 5387 Τὸν
2363 5335 2582 5402 πρῶτον
2644 5329 2695 5386 λ.
2758 5328 2962 5404 γάμον.
2997 5329 3162 5386 Conf.
3191 5347 3247 5402 p.
3280 5329 3383 5383 428
3416 5332 3475 5380 et
3507 5327 3632 5378 461.

1988 5406 2451 5544 ιο(ζδ)1”Εξηπάτ.
2482 5470 2579 5531 Eii.
2612 5468 2752 5528 Εὕαν
2784 5469 3118 5542 ἐξηπάτησεν
3145 5469 3197 5524 έν
3228 5471 3296 5540 τῇ
3322 5462 3634 5537 πανουργίᾳ

1986 5547 2172 5616 αὐτοῦ,
2206 5546 2350 5601 οὕτω
2383 5550 2584 5624 φθαρῇ,
2618 5548 2668 5602 ΙΙ
2697 5547 2826 5602 Cor.
2858 5563 2934 5600 ιι.
