4048 6186
381 269 522 326 1175

381 481 665 552 plicitate,
693 494 823 548 quas
846 477 906 530 in
933 475 1164 530 Christo
1187 480 1276 529 est
1304 476 1398 543 (α),
1437 495 1462 520 ››
1494 473 1589 543 pie
1622 469 1944 526 admodum
1977 472 2036 522 et

383 569 641 626 doctoris
673 567 860 622 instar
881 565 1030 619 dixit
1051 564 1368 634 Apostolus
1408 561 1695 626 Quocirca
1718 557 2036 614 admirabi-

385 660 458 715 lis
491 672 728 728 quoque
785 657 1031 709 Petrus:
1094 675 1121 701 »
1179 651 1544 708 Charissimi.
1587 648 1801 718 inquit,
1855 646 2033 701 obse-

387 765 484 803 cro
518 763 618 800 vos
648 751 934 814 tanquam
966 741 1225 796 advenas
1255 746 1314 795 et
1343 739 1709 810 peregrinos.
1742 735 2036 789 abstinete

384 855 487 891 vos
516 853 551 890 a
580 833 918 890 carnalibus
949 830 1282 897 desideriis,
1317 846 1446 898 quae
1479 827 1739 881 militant
1757 825 2036 880 adversus

387 926 680 988 animam,
741 920 1250 977 conversationem
1306 923 1561 971 vestram
1619 916 1778 969 inter
1832 918 2036 985 gentes

385 1015 672 1070 habentes
720 1012 974 1065 bonam:
1030 1008 1312 1079 quoniam
1366 1005 1450 1060 sic
1488 1012 1578 1059 est
1606 1003 1878 1058 voluntas
1911 1000 2034 1065 Dei,

383 1111 450 1160 ut
478 1104 628 1157 bene
659 1101 946 1156 facientes
975 1097 1384 1152 obmutescere
1417 1094 1645 1149 faciatis
1696 1089 2040 1161 impruden-

387 1194 538 1248 tium
589 1191 897 1245 hominum
935 1185 1363 1258 ignorantiam;
1398 1183 1566 1254 quasi
1603 1181 1793 1244 liberi,
1829 1185 1887 1233 et
1916 1194 2036 1232 non

389 1281 557 1353 quasi
593 1279 858 1334 velamen
882 1277 1171 1331 habentes
1201 1274 1446 1330 malitiaa
1479 1268 1944 1335 libertatem,sed
1974 1274 2041 1321 ut

391 1371 540 1426 servi
573 1369 675 1424 Dei
695 1368 828 1438 (b).»
855 1365 1140 1420 Similiter
1159 1364 1335 1418 etiam
1359 1362 1566 1418 scribit
1587 1359 1804 1414 Paulus
1826 1359 1887 1412 in
1911 1357 2039 1428 Epi-

392 1460 545 1515 stola
575 1458 648 1512 ad
699 1460 1031 1512 Romanos:
1087 1475 1114 1504 ι(
1146 1455 1252 1519 Qui
1287 1453 1502 1508 mortui
1539 1468 1743 1506 sumus
1775 1452 2036 1521 peccato,

1611 256 2021 315 CLEMEan
2054 256 2554 312 ALEXANDBlNI

287 431 292 434 -
379 394 556 447 Evam
579 389 639 444 in
659 386 896 451 astutia,
921 387 1382 456 corrumpantur
1402 399 1616 439 sensus
1636 382 1809 436 vestri
1829 398 1864 436 a
1889 397 2026 435 sen-

2159 378 2317 449 ρθαρῇ
2346 377 2414 431 τὰ
2441 378 2691 449 νοήματα
2725 376 2878 449 ὑμῶν
2907 374 3014 430 ἀπὸ
3055 381 3156 443 τῆς
3207 373 3528 445 ἁπλότητος
3574 379 3673 445 τῆς
3721 377 3795 438 εἷς

3653 255 3788 311 1176

2135 466 2226 520 τὸν
2287 465 2536 537 Χριστόν·
2593 488 2620 516 ››
2681 461 2890 538 σφόδρα
2941 459 3192 524 εὐλαϐῶς
3242 465 3331 518 καὶ
3391 462 3794 526 διδασκαλικῶς

2138 553 2349 630 εἴρηκεν
2402 557 2430 609 ὁ
2481 553 2838 615 Ἀπόστολος.
2893 553 2987 607 Διὸ
3017 553 3105 608 καὶ
3157 553 3184 607 ὁ
3235 553 3538 625 θαυμάσιος
3596 555 3795 629 Πέτρος

2137 644 2320 720 φησίν·
2361 665 2387 696 ι
2419 642 2740 719 Ἀγαπητοί,
2774 641 3078 716 παρακαλῶ
3111 643 3186 703 ὡς
3215 643 3516 716 παροίκους
3547 645 3642 698 καί
3674 665 3802 718 παρα

2139 730 2467 805 επιδήμους,
2519 734 2817 806 ἀπέχεσθαι
2867 737 2974 786 τῶν
3028 737 3301 806 σαρκικῶν
3351 732 3692 804 ἐπιθυμιῶν,
3725 731 3802 786 α’ίο

2137 842 2276 883 τινες
2337 821 2715 895 πρατενῦονται
2765 823 2900 875 κατά
2940 825 3040 886 τῆς
3071 823 3278 894 ψυχῆς,
3310 823 3408 888 τὴν
3453 821 3803 898 ἀναστροφὴν

2145 910 2295 980 ὑμῶν
2324 907 2500 976 καλὴν
2545 907 2763 984 ἔχοντες
2799 912 2908 981 (39)
2941 908 2992 962 ἐν
3035 914 3152 970 τοῖς
3200 905 3424 972 ἔθνεσιν·
3481 909 3566 963 ὅτι
3630 909 3805 970 οὕτως

2141 997 2252 1052 ἐστὶ
2283 998 2345 1052 τὸ
2372 995 2590 1070 θέλημα
2631 1001 2729 1052 τοῦ
2760 1002 2915 1065 Θεοῦ,
2943 999 3432 1070 ἀγαθοποιοῦντας,
3467 1003 3680 1075 φιμοῦν
3708 1001 3804 1068 τήν

2140 1091 2247 1140 τῶν
2295 1085 2541 1163 ἀφρόνων
2592 1086 2896 1162 ἀνθρώπων
2945 1085 3200 1161 ἐργασίαν
3251 1091 3386 1157 (40)·
3454 1088 3529 1149 ὡς
3589 1085 3812 1142 ἐλεύθε-

2142 1194 2250 1246 ροι,
2290 1176 2380 1229 καὶ
2434 1175 2510 1248 μή
2562 1176 2637 1238 ὡς
2686 1173 3045 1248 ἐπικάλυμμα
3079 1172 3300 1251 ἔχοντες
3331 1183 3430 1245 τῆς
3462 1176 3664 1238 κακίας
3710 1179 3808 1245 τήν

2141 1261 2471 1339 ἐλευθερίαν,
2504 1262 2632 1319 ἀλλ’
2664 1267 2737 1326 ὡς
2768 1262 2960 1319 δοῦλοι
2991 1269 3146 1320 Θεοῦ.
3197 1288 3225 1315 ››
3274 1266 3518 1337 Ὁμοίως
3552 1263 3612 1320 δὲ
3658 1266 3752 1321 καὶ
3784 1268 3810 1321 6

2144 1354 2361 1416 Παῦλος
2419 1354 2471 1410 ἐν
2525 1360 2596 1429 τῇ
2652 1356 2790 1430 πρὸς
2846 1355 3155 1427 Ῥωμαίους
3235 1353 3500 1430 ἐπιστολῇ
3562 1359 3809 1435 γράφει·

2145 1467 2172 1494 «ι
2227 1441 2434 1508 Ο’ίτινες
2491 1444 2831 1517 ἀπεθάνομεν
2880 1444 2950 1519 τῇ
3030 1445 3318 1517 ἁμαρτίᾳ,
3384 1450 3503 1509 πῶς
3565 1444 3648 1501 ἔτι
3710 1450 3810 1517 ζή-

392 1548 688 1620 quomodo
732 1547 926 1601 adhuc
954 1545 1216 1598 vivemus
1245 1543 1307 1596 in
1357 1543 1484 1613 ipso
1507 1541 1534 1595 ?
1559 1539 1850 1605 Quoniam
1877 1541 2041 1591 vetus

2159 1553 2309 1605 τομεν
2383 1534 2434 1588 ἐν
2490 1535 2678 1609 αὖτῇ;
2739 1536 2861 1592 Ὅτι
2919 1536 2947 1589 ὁ
3006 1532 3241 1598 παλαιὸς
3297 1537 3457 1606 ἡμῶν
3521 1537 3814 1612 ἄνθρωπος

392 1641 569 1694 homo
619 1642 825 1692 noster
872 1634 1053 1690 simul
1102 1639 1192 1688 est
1239 1633 1578 1699 cruciﬁxus,
1610 1636 1676 1686 ut
1703 1630 2043 1683 destruatur

2159 1624 2584 1698 τυνεσταυρώθη,
2638 1623 2730 1678 ἵνα
2774 1624 3090 1699 καταργηθῇ
3139 1624 3201 1677 τὸ
3257 1624 3418 1696 σῶμα
3473 1632 3577 1694 τῆς
3628 1627 3814 1700 ἆμαρ-

392 1744 607 1798 corpus
639 1725 862 1797 peccati
884 1725 975 1793 (ο),
1009 1746 1035 1772 ››
1059 1739 1246 1793 usque
1269 1722 1343 1777 ad
1376 1720 1558 1775 illud:
1593 1743 1622 1769 «
1658 1721 1856 1788 Neque
1884 1716 2042 1770 exhi-

2159 1709 2289 1809 πίας,
2321 1736 2346 1762 ››
2373 1709 2502 1783 ἕως,
2535 1737 2562 1763 ι(
2598 1710 2751 1782 Μηδὲ
2793 1713 3145 1787 παριστάνετε
3172 1713 3240 1766 τὰ
3274 1711 3416 1784 μέλη
3455 1715 3611 1786 ὑμῶν
3663 1716 3814 1771 ὅπλα

391 1817 524 1872 bete
554 1814 824 1870 membra
853 1818 1063 1878 vestra,
1097 1827 1262 1866 arma
1291 1809 1600 1880 injustitiae
1633 1813 1870 1884 peccato
1903 1807 2034 1876 (ἀμ

393 1907 584 1976 Atque
616 1903 764 1958 adeo
788 1918 922 1958 cum
954 1903 1013 1956 in
1037 1902 1197 1955 hunc
1226 1900 1424 1954 locum
1457 1897 1817 1959 devenerim,
1849 1895 2051 1949 videor

391 1995 540 2049 mihi
571 2010 692 2048 non
724 2009 850 2048 esse
893 1991 1421 2063 praatermissurus,
1455 1988 1600 2058 quin
1629 1992 1852 2048 notem,
1888 1983 2047 2055 quod

399 2081 676 2137 eumdem
711 2082 893 2134 Deum
927 2095 1031 2150 per
1064 2078 1249 2149 legem
1284 2083 1344 2131 et
1371 2077 1690 2147 prOphetas
1722 2080 1781 2128 et
1803 2076 2050 2143 Evange-

395 2170 542 2224 lium
572 2169 854 2240 praedicet
876 2165 1374 2238 Apostolus.Illud
1406 2166 1564 2221 enim
1592 2181 1604 2217 :
1631 2187 1658 2212 «
1686 2165 1809 2217 Non
1828 2178 2051 2217 concu-

395 2258 610 2329 pisces,
645 2280 672 2306 »
705 2257 863 2327 quod
891 2257 1175 2326 scriptum
1227 2261 1314 2309 est
1342 2255 1404 2308 in
1449 2252 1782 2324 Evangelio,
1819 2251 1929 2322 legi
1963 2256 2049 2304 at-

398 2345 609 2400 tribuit
639 2346 700 2399 in
731 2343 994 2415 Epistola
1022 2344 1095 2398 ad
1127 2347 1443 2408 Romanos,
1477 2342 1670 2396 sciens
1703 2356 1831 2395 esse
1862 2355 2049 2394 unum

401 2451 559 2499 eum,
593 2434 693 2504 qui
723 2433 1061 2504 praedicavit
1091 2449 1195 2502 per
1242 2431 1432 2502 legem
1466 2436 1523 2485 et
1553 2429 1892 2500 prophetas,
1943 2431 2053 2484 Pa-

401 2528 575 2583 trem.
628 2528 686 2576 et
733 2522 832 2592 qui
868 2538 973 2592 per
1022 2521 1216 2591 ipsum
1250 2526 1339 2573 est
1367 2519 1776 2574 annuntiatus.
1813 2517 1965 2571 Dicit
1990 2521 2052 2583 ἦ(

402 2613 562 2667 enim
585 2629 597 2665 :
623 2634 649 2661 ‹‹
674 2611 824 2676 Quid
847 2611 1113 2665 dicemus
1144 2610 1155 2663 l
1177 2611 1290 2664 Lex
1309 2615 1477 2663 estne
1499 2607 1846 2679 peccatum?
1861 2605 2047 2660 Absit.

401 2702 514 2756 Sed
564 2706 871 2771 peccatum
903 2717 1021 2753 non
1064 2698 1329 2770 cognovi,
1363 2697 1478 2752 nisi
1519 2713 1625 2767 per
1654 2696 1863 2766 legem.
1898 2696 2046 2748 Con-

399 2789 828 2860 cupiscentiam
878 2789 1035 2843 enim
1069 2804 1188 2848 non
1221 2786 1648 2858 cognovissem,
1689 2785 1804 2839 nisi
1835 2784 1929 2838 lex
1959 2783 2045 2838 di-

399 2884 596 2934 ceret:
630 2881 754 2934 Non
793 2878 1180 2948 concupisces
1226 2878 1316 2948 (ε).
1351 2898 1377 2923 υ
1408 2875 1571 2940 Quod
1604 2875 1652 2930 si
1684 2875 1747 2937 ii,
1783 2875 1881 2944 qui
1916 2877 2050 2928 sunt

399 2967 642 3023 diversaa
667 2967 1426 3037 sententim,repugnantes,
1444 2963 1785 3018 existiment
1801 2962 2048 3016 Paulum

2151 1797 2365 1863 ἀδικίας
2420 1806 2490 1875 τῇ
2542 1802 2798 1876 ἁμαρτίᾳ.
2836 1823 2860 1855 ι
2916 1802 3024 1858 Καὶ
3085 1799 3152 1870 δὴ
3213 1799 3439 1856 ἐνταῦθα
3487 1805 3814 1877 γενόμενος,

2153 1887 2298 1944 δοκῶ
2358 1911 2450 1963 μοι
2512 1892 2589 1964 μὴ
2647 1891 3005 1966 παραλείψειν
3069 1891 3538 1963 ἀνεπισημείωτον
3589 1892 3674 1948 δτι
3719 1896 3814 1949 τὸν

2152 1979 2311 2034 αὐτὸν
2380 1979 2512 2034 Θεὸν
2560 1978 2670 2035 διὰ
2743 1981 2917 2053 νόμου
2982 1980 3072 2034 καὶ
3131 1985 3434 2057 προφητῶν
3488 1982 3577 2037 καὶ
3643 1982 3816 2059 Εῦαγ-

2153 2066 2344 2142 γελίου
2377 2071 2404 2124 6
2435 2069 2776 2131 Ἀπὸστολος
2818 2069 3102 2142 κηρύσσει·
3154 2069 3217 2122 τὸ
3274 2069 3395 2144 γὰρ,
3457 2096 3478 2119 ο
3533 2071 3652 2129 Οὐκ
3693 2071 3815 2126 ἐπι-

2157 2157 2443 2229 θυμήσεις,
2524 2182 2546 2211 ι
2634 2157 2686 2212 ἐν
2752 2162 2831 2229 τῷ
2889 2154 3209 2233 Ηύαγγελίῳ
3272 2161 3676 2233 γεγραμμένον,
3738 2167 3817 2234 τῷ

2153 2244 2308 2316 νόμῳ
2339 2246 2678 2319 περιτίθησιν
2712 2246 2764 2302 ἐν
2795 2250 2864 2320 τῇ
2895 2245 3030 2322 πρὸς
3060 2244 3368 2315 Ῥωμαίους
3400 2247 3692 2322 ἐπιστολῇ,
3722 2246 3816 2304 ἕνα

2156 2331 2314 2395 εἰδὼς
2381 2337 2472 2389 τὸν
2557 2334 2646 2390 διὰ
2719 2337 2892 2409 νόμου
2969 2335 3058 2388 καὶ
3119 2340 3419 2412 προφητῶν
3479 2338 3812 2412 κηρύξαντα,

2154 2421 2245 2476 καί
2301 2423 2393 2478 τὸν
2468 2423 2539 2478 δι’
2616 2425 2782 2481 αὐτοῦ
2857 2423 3305 2499 εὐαγγελισθὲν-τα
3369 2428 3598 2500 Πατέρα.
3665 2430 3808 2498 Φησὶ

2154 2509 2278 2584 γάρ·
2315 2536 2341 2563 «ι
2375 2512 2439 2567 Τί
2469 2513 2697 2588 ἐροῦμεν
2730 2519 2844 2588 (41)
2871 2533 2885 2583 ;
2917 2516 2978 2572 Ὁ
3008 2514 3177 2587 νόμος
3222 2520 3461 2594 ἁμαρτίᾳ
3486 2521 3597 2591 (42)
3641 2543 3657 2584 ς
3714 2520 3808 2586 Mf.

2154 2600 2390 2672 γένοιτο.
2427 2602 2603 2658 ’ὶλΛὰ
2639 2607 2739 2674 τὴν
2790 2607 3055 2679 ἁμαρτίαν
3117 2608 3215 2664 οὐκ
3275 2607 3444 2684 ἔγνων
3505 2607 3554 2663 εἲ
3608 2609 3687 2681 μή
3719 2605 3811 2662 διὰ

2153 2690 2350 2763 νόμου·
2407 2695 2508 2763 τήν
2565 2715 2624 2748 τε
2666 2695 2768 2770 γὰρ
2801 2694 3088 2768 ἐπιθυμίαν
3149 2699 3251 2753 οὐκ
3307 2695 3483 2772 ᾔδειν,
3538 2699 3584 2754 εί
3653 2699 3729 2771 μὴ
3786 2699 3812 2752 6

2154 2779 2324 2854 νόμος
2355 2779 2558 2856 ἔλεγεν·
2593 2783 2703 2839 Οὐκ
2745 2784 3124 2857 ἐπιθυμήσεις.
3163 2811 3189 2835 ιι
3216 2787 3327 2844 Κᾶν
3388 2789 3440 2842 οἱ
3486 2787 3809 2842 ἀντιτασσό-

2160 2891 2314 2943 μενοι
2343 2875 2452 2926 τῶν
2484 2870 2834 2944 ἑτεροδόξων,
2868 2877 3441 2949 προσαποτεινόμενον
3469 2878 3562 2932 τὸν
3593 2875 3809 2932 Παῦλον

2153 2964 2232 3032 τῷ
2267 2959 2492 3034 Κτίστῃ,
2525 2960 2798 3035 είρηκέναι
2825 2959 3145 3019 ὑπολάϐωσι
3175 2967 3243 3019 τά
3273 2967 3420 3037 ἐξῆς·
3453 2993 3480 3019 ‹‹
3515 2965 3656 3025 Οἶδα
3685 2968 3812 3040 γαρ,

398 3056 573 3111 verba
604 3073 711 3111 sua
738 3057 1090 3128 dirigentem
1123 3055 1401 3110 adversus
1435 3054 1794 3110 Creatorem.
1827 3051 2047 3106 dixisse

703 3145 775 3160 ..
1251 3150 1261 3160 .
1371 3159 1377 3160 ,
1656 3141 1798 3160 φεμ
1900 3141 2044 3160 μω,

2163 3047 2245 3104 ὅτι
2275 3049 2374 3104 οὐκ
2403 3049 2545 3104 οῗκεῖ
2575 3049 2624 3105 ἐν
2659 3049 2810 3124 ἐμοὶ,
2840 3056 3112 3108 τουτέστιν
3145 3054 3196 3108 ἐν
3223 3059 3290 3129 τῇ
3325 3056 3482 3129 σαρκί
3513 3078 3643 3127 μου,
3680 3056 3814 3128 ἀγα-

2166 3137 2222 3160 Α]
2265 3157 2276 3160 _
2384 3137 2431 3160 1\
2451 3137 2502 3160 δ’
2544 3139 2557 3160 9
2857 3141 2870 3160 Ι
3102 3143 3116 3160 \
3443 3146 3454 3160 Ι
3681 3146 3696 3160 ι
3789 3147 3805 3160 ι

402 3163 490 3212 ea,
525 3163 654 3216 quas
686 3145 966 3216 deinceps
1012 3150 1381 3214 sequuntur:
1421 3165 1440 3188 ι
1480 3142 1616 3195 Novi
1647 3141 1828 3203 enim,
1892 3141 2049 3210 quod

402 3252 522 3289 non
565 3234 793 3290 habitat
841 3233 903 3287 in
954 3249 1070 3292 me.
1121 3233 1233 3286 hoc
1283 3237 1393 3294 est,
1426 3230 1486 3283 in
1529 3245 1704 3284 carne
1737 3245 1888 3292 mea,
1952 3228 2058 3283 bo-

403 3341 547 3378 num
570 3327 640 3393 (Γ)
668 3341 682 3388 ;
726 3345 752 3372 »
783 3323 984 3395 legant
1013 3338 1102 3381 ea.
1136 3338 1267 3392 quae
1296 3321 1458 3391 prius
1488 3319 1644 3373 dicta
1675 3324 1849 3382 sunt;
1879 3322 1937 3371 et
1965 3335 2054 3385 ea,

405 3429 537 3483 quae
570 3417 1037 3482 consequuntur.
1073 3410 1242 3464 Prius
1275 3409 1432 3463 enim
1458 3408 1642 3461 dixit:
1677 3429 1702 3455 ‹‹
1739 3407 1850 3460 Sed
1882 3406 2057 3460 inha-

405 3501 604 3555 bitans
636 3501 697 3554 in
731 3517 823 3555 me
859 3506 1200 3571 peccatum;
1238 3521 1266 3548 »
1300 3503 1541 3570 propter
1571 3495 1728 3567 quod
1751 3501 2060 3551 consenta-

410 3605 590 3642 neum
623 3596 750 3644 erat
803 3589 1001 3644 dicere
1055 3588 1247 3643 illud:
1289 3611 1315 3637 ‹‹
1355 3589 1477 3642 Non
1511 3586 1737 3641 habitat
1764 3585 1826 3639 in
1881 3601 2058 3640 carne

409 3693 541 3731 mea
573 3677 792 3732 bonum
815 3679 912 3748 (ἡ).
936 3697 962 3728 ο
987 3679 1433 3747 Consequenter
1455 3676 1762 3747 subjunxit
1786 3691 1798 3729 :
1823 3697 1849 3723 ‹‹
1883 3675 1939 3728 Si
1962 3691 2060 3729 au-

408 3771 526 3819 tem
578 3767 736 3835 quod
786 3767 946 3830 nolo,
995 3767 1104 3820 hoc
1137 3783 1241 3837 ego
1273 3765 1444 3826 facio,
1479 3781 1598 3818 non
1631 3764 1838 3834 utique
1869 3780 1974 3835 ego
2000 3764 2061 3818 id

408 3854 753 3924 operor,sed
768 3855 926 3924 quod
951 3855 1245 3909 inhabitat
1269 3855 1330 3908 in
1349 3871 1443 3908 me
1468 3858 1771 3924 peccatum
1801 3869 1814 3905 :
1852 3874 1878 3900 »
1904 3853 2061 3923 quod

408 3963 436 3990 «
466 3957 826 4013 repugnans,
859 3965 886 3993 »ι
919 3943 1130 4012 inquit,
1156 3965 1181 3991 ‹‹
1208 3942 1319 4013 legi
1354 3964 1381 3990 ››
1406 3942 1508 3996 Dei
1533 3947 1593 3995 et
1618 3964 1642 3990 «
1674 3942 1892 3995 mentis
1916 3959 2062 3996 mea:

409 4031 662 4100 captivat
713 4047 807 4085 me
859 4032 919 4085 in
949 4032 1073 4102 lege
1107 4031 1354 4101 peccati,
1383 4047 1514 4100 quae
1547 4036 1636 4084 est
1666 4031 1726 4083 in
1778 4030 2062 4085 membris

410 4120 578 4175 meis.
631 4120 807 4174 Miser
839 4137 942 4191 ego
997 4121 1195 4183 homo,
1229 4120 1363 4190 quis
1405 4135 1498 4172 me
1533 4118 1809 4172 liberabit
1840 4119 1910 4173 de
1942 4137 2064 4173 cor-

410 4224 552 4278 pore
584 4209 794 4263 mortis
816 4208 993 4278 hujus
1018 4208 1094 4276 (h)
1128 4207 1155 4262 ‘I
1176 4229 1203 4257 »
1227 4209 1296 4260 Et
1316 4223 1522 4260 rursus
1554 4209 1877 4275 (nunquam
1905 4207 2062 4260 enim

411 4297 616 4366 quovis
649 4297 823 4351 modo
848 4295 1110 4367 juvando
1146 4295 1518 4366 defatigatur)
1555 4308 1674 4346 non
1710 4301 1940 4348 veretur
1971 4311 2061 4347 ve-

406 4385 516 4440 luti
549 4385 940 4440 concludere:
974 4407 1002 4435 α
1037 4386 1149 4440 Lex
1177 4384 1334 4439 enim
1366 4383 1609 4454 spiritus
1643 4381 1913 4438 liberavit
1968 4401 2059 4439 me

2163 3137 2277 3201 θόν·
2315 3162 2343 3189 ι»
2376 3137 2502 3194 ἀλλ’
2533 3139 3014 3214 ἀναγινωσκόντων
3059 3143 3125 3197 τὰ
3155 3146 3545 3220 προειρημένα,
3605 3146 3696 3198 καί
3753 3147 3816 3197 τὶ

2161 3227 2546 3306 ἐπιφερόμενα·
2579 3236 2807 3304 προεῖπε
2837 3232 2963 3308 γὰρ,
2998 3257 3026 3285 ‹‹
3059 3231 3211 3289 Ἀλλ’
3245 3236 3279 3303 ἡ
3333 3235 3559 3289 οἰκοῦσα
3589 3235 3640 3289 ἐν
3693 3235 3814 3307 ἐμοὶ

2163 3318 2428 3391 ἁμαρτίαν
2460 3344 2486 3368 »ι
2515 3317 2586 3373 δι’
2615 3320 2682 3388 ἣν
2715 3319 3017 3385 ἀκόλουθον
3048 3324 3113 3391 ἦν
3131 3321 3322 3391 εἰπεῖν,
3350 3349 3377 3374 ‹‹
3404 3325 3529 3381 ’Ότι
3558 3325 3659 3379 οῦκ
3681 3323 3819 3378 οἶκεῖ

2165 3407 2216 3464 ἰν
2247 3411 2315 3480 τῇ
2344 3405 2498 3480 σαρκί
2533 3427 2637 3479 μου
2662 3409 2920 3482 ἀγαθόν.»
2947 3410 3265 3482 Ἐπομένως
3288 3410 3584 3487 ἐπήγαγεν·
3616 3438 3641 3463 «
3672 3411 3735 3469 Ei
3758 3409 3812 3464 δὲ

2164 3497 2193 3552 ’ὁ
2226 3495 2286 3551 οῦ
2321 3495 2485 3562 θέλω,
2516 3501 2678 3551 τοῦτο
2711 3497 2817 3573 ἐγὼ
2849 3502 2962 3571 (43)
2993 3504 3157 3569 ποιῶ,
3210 3501 3312 3556 οὐκ
3343 3499 3420 3556 ἔτι
3472 3501 3578 3576 ἐγὼ
3629 3522 3812 3576 κατερ-

2165 3586 2403 3661 γάζομαι
2455 3586 2609 3652 αὐτο,
2669 3584 2797 3640 ἀλλ’
2839 3589 2873 3656 ἡ
2925 3587 3150 3643 οἷ’κοῦσα
3203 3589 3255 3644 ἓν
3289 3588 3414 3663 ἐμοὶ
3466 3592 3725 3664 ἁμαρτία·
3788 3612 3811 3644 ι

2165 3674 2309 3746 ἥτις,
2361 3699 2388 3726 ‹‹
2424 3676 2944 3748 ἀντιστρατευομενη
2978 3680 3092 3750 (44)
3123 3683 3202 3750 τῷ
3231 3681 3388 3753 νόμῳ
3418 3685 3516 3734 τοῦ
3549 3685 3683 3735 Θεοῦ
3726 3682 3813 3734 καὶ

2163 3769 2260 3818 τοῦ
2290 3764 2414 3825 νοός
2450 3784 2575 3837 μου,
2613 3787 2640 3814 ››
2662 3763 2847 3841 φησὶν,
2881 3790 2908 3816 ‹‹
2937 3765 3338 3841 αθχμαλωτίζει
3377 3790 3445 3841 με
3475 3767 3530 3824 ἕν
3562 3775 3643 3841 τῷ
3669 3771 3817 3842 νόμῳ

2163 3859 2263 3920 τῆς
2322 3852 2608 3924 ἁμαρτίας,
2659 3856 2738 3923 τῷ
2787 3849 2900 3908 ὄντι
2957 3853 3009 3908 ἐν
3057 3861 3176 3917 τοῖς
3209 3855 3399 3928 μέλισί
3435 3879 3563 3931 μου.
3623 3857 3817 3913 Ταλαί-

2166 3962 2352 4016 πωρος
2385 3941 2490 4017 ἐγὼ
2519 3943 2822 4015 ἄνθρωπος·
2872 3943 2956 4004 τίς
3006 3965 3071 4017 με
3123 3943 3335 4020 ῥύσεται
3366 3945 3424 4001 ἐκ
3472 3951 3574 4001 τοῦ
3633 3947 3813 4020 σώμα-

2165 4053 2257 4092 τος
2283 4035 2378 4085 τοῦ
2411 4031 2636 4094 θανάτου
2659 4030 2897 4099 τούτους
2949 4057 2975 4083 ››
3009 4031 3173 4087 πάλιν
3232 4054 3290 4088 τε
3342 4032 3407 4088 αῦ
3441 4038 3655 4109 (κάμνει
3711 4037 3813 4112 γὰρ

2167 4117 2281 4176 οὐδ’
2339 4119 2488 4181 ὅπως
2532 4141 2617 4183 τις
2646 4119 2736 4174 οῦν
2766 4123 2876 4193 (45)
2907 4120 3185 4196 ὠφελῶν)
3219 4122 3316 4178 οὐκ
3347 4125 3494 4180 ὀκνεῖ
3522 4126 3813 4202 ἐπιλέγειν·

2170 4234 2197 4260 ‹‹
2228 4210 2290 4266 '0
2348 4210 2452 4283 γὰρ
2485 4210 2657 4280 νόμος
2683 4213 2779 4264 τοῦ
2837 4209 3146 4282 πνεύματος
3196 4214 3309 4285 (4-6)
3356 4213 3700 4289 ἧλευθέρωσέ
3751 4235 3814 4288 με

2170 4300 2274 4352 ἀπὸ
2319 4303 2416 4353 τοῦ
2473 4300 2647 4371 νόμου
2694 4305 2794 4369 τῆς
2849 4300 3116 4374 ἁμαρτίας
3176 4303 3266 4357 καὶ
3319 4309 3417 4359 τοῦ
3477 4307 3726 4370 θανάτου·
3783 4329 3809 4358 ι»

2171 4387 2283 4442 ἐπεὶ
2317 4412 2343 4437 ε(
2378 4386 2466 4441 διὰ
2503 4392 2599 4442 τοῦ
2644 4389 2771 4443 Υἱοῦ
2830 4389 2857 4442 ὁ
2909 4391 3038 4450 Θεὸς
3070 4390 3346 4466 κατέκρινε
3395 4395 3496 4462 τήν
3558 4395 3812 4471 ἁμαρτίαν

409 4489 443 4527 a
474 4475 599 4546 lege
629 4475 854 4545 peccati
889 4479 948 4529 et
1004 4475 1214 4528 mortis
1243 4490 1256 4527 :
1292 4498 1312 4525 ι
1343 4472 1624 4544 quoniam
1658 4491 1682 4520 ιι
1714 4488 1820 4542 per
1850 4471 2050 4528 Filium

2171 4475 2221 4530 ἐν
2280 4481 2348 4549 τῇ
2406 4477 2584 4550 σαρκὶ,
2637 4475 2727 4531 ’ίνα
2780 4479 2842 4532 τὸ
2901 4475 3178 4552 δικαίωμα
3213 4459 3311 4536 ⁶ιίοῦ
3342 4459 3518 4556 νόμου
3549 4459 3811 4558 πληρωθῇ

411 4565 564 4618 Deus
595 4565 1011 4620 condemnavit
1041 4569 1348 4636 peccatum
1386 4564 1448 4618 in
1479 4579 1678 4629 carne,
1739 4566 1803 4615 ut
1849 4562 2064 4632 justiﬁ-

412 4653 564 4707 catio
595 4653 741 4726 legis
773 4653 1093 4723 impleatur
1121 4653 1182 4708 in
1215 4653 1405 4722 nobis,
1441 4653 1539 4723 qui
1581 4668 1701 4706 non
1733 4651 2062 4707 secundum

484 4773 555 4838 (α)
589 4770 633 4823 II
661 4769 792 4824 Cor.
829 4786 906 4832 χι,
937 4771 987 4822 3.

411 4841 533 4907 457,
567 4842 669 4894 458
703 4841 812 4894 ED.
850 4841 1075 4895 PARIS.

415 4957 594 5080 II(332‘)
653 4953 836 5021 Καλὴν
897 4953 987 5029 ἔχ.
1049 4957 1134 5012 Ἐν
1192 4961 1309 5018 τοῖς
1367 4953 1568 5019 ἔθνεσιν
1615 4954 1833 5031 ἔχοντες
1861 4954 2060 5026 καλήν,

513 5043 542 5079 e
576 5043 621 5080 r.
659 5044 722 5080 ιι.

513 5043 722 5081 ειπ.ιμ

1154 4841 1221 4911 (e)
1257 4844 1421 4897 Rom.
1459 4858 1553 4905 vn,
1585 4844 1634 4895 7.

484 5097 599 5169 (40)
628 5095 936 5169 Ἐργασίαν.
999 5098 1291 5169 Ἀγνωσίαν
1351 5101 1368 5154 l
1420 5103 1575 5156 PetI‘.
1609 5119 1667 5157 ll.
1702 5103 1759 5156 Si
1791 5105 2065 5162 Clemen-

412 5167 487 5246 tis
521 5165 836 5248 lectionem
870 5165 1210 5248 sequamur,
1243 5188 1518 5248 «sensus
1554 5177 1873 5248 »_Aposto|i
1929 5182 2060 5244 erit,

412 5240 608 5307 inquit
636 5240 852 5296 Estius.
906 5263 932 5288 ‹‹
991 5242 1058 5294 Ut
1097 5243 1238 5295 dum
1288 5240 1681 5308 benefacitisf
1711 5240 2061 5304 adversariae

411 5309 629 5433 lingluaa
664 5326 783 5363 non.
817 5310 1073 5364 habeant
1102 5313 1257 5381 quod
1285 5314 1503 5378 dicant,
1539 5322 1595 5368 et
1627 5318 1687 5368 in
1720 5334 1834 5386 quo
1886 5336 2062 5374 occu-

411 5397 524 5433 nen
560 5399 645 5433 ur.
686 5405 705 5429 ι

455 5397 705 5436 θηιυΓ.ι

411 5398 645 5452 pentur.
686 5405 705 5429 ι

481 5456 593 5521 (41)
621 5451 689 5508 Τί
717 5450 801 5524 Ep.
821 5449 887 5506 Τί
921 5449 1010 5524 οῦν
1044 5449 1119 5524 ἐρ.
1157 5454 1321 5524 Rom.
1358 5469 1452 5507 vn.

484 5526 595 5596 (42)
638 5522 914 5600 ’(1Ανόμος
969 5522 1226 5600 ἁμαρτίᾳ.
1283 5524 1539 5591 Rectius,
1599 5523 1634 5600 _6
1685 5525 1853 5597 νόμος
1881 5530 2058 5600 ἁμαρ.

452 5551 595 5612 ν(καί.)
656 5551 699 5579 υ
746 5551 913 5594 νυμυς
969 5551 1226 5594 αμαμῖιᾳ.
1283 5551 1539 5591 ιιῠυιιυδ,
1606 5551 1634 5577 0
1685 5551 1853 5597 νομος
1881 5551 1993 5600 αμα
2039 5563 2054 5574 -

411 5612 519 5660 τια,
552 5596 868 5667 utrobique
927 5595 1218 5651 nominat.
1280 5611 1442 5664 casu,
1501 5597 1655 5652 utin
1715 5600 1878 5674 Vulg.
1933 5551 2054 5662 Bib.

1065 4770 1142 4841 (b)
1173 4771 1196 4822 Ι
1225 4771 1382 4824 Petr.
1419 4787 1476 4829 ιι,
1512 4773 1594 4835 11,
1633 4771 1717 4834 12,
1757 4768 1960 4841 15,16.
2037 4772 2087 4839 (ε

2007 4773 2106 4848 (ε)
2139 4776 2304 4848 Boni.
2331 4777 2491 4848 7\'_1,2,
2527 4777 2576 4830 6.

1713 4842 1782 4910 (Γ)
1813 4839 1959 4896 Ibid.
2000 4843 2080 4898 18.

2172 4565 2224 4620 ἐν
2281 4569 2443 4638 ἡμῖν,
2499 4571 2614 4628 τοῖς
2668 4568 2742 4639 μή
2800 4567 2936 4622 κατά
2990 4570 3160 4645 σάρκα
3207 4578 3620 4642 περιπατοῦσιν,
3675 4574 3814 4630 ἀλλὰ

2170 4656 2306 4710 κατά
2359 4659 2593 4728 πνεῦμα,
2651 4679 2680 4708 ››
2740 4656 2883 4731 Πρὸς
2927 4659 3144 4720 τούτοις
3189 4655 3268 4714 ἔτι
3299 4658 3696 4740 ἐπισαφηνίζων
3749 4665 3814 4718 τά

2330 4791 2414 4856 χι,
2439 4777 2506 4856 2,
2527 4777 2576 4830 6.
2637 4774 2735 4856 ((1)
2748 4775 2929 4856 ¹ιιῄςιζ
2940 4777 3170 4856 33.311
3193 4779 3252 4856 ι).
3286 4781 3388 4834 545
3412 4782 3524 4838 ED.
3550 4783 3806 4838 POTTEB

2158 4849 2235 4915 (g)
2258 4845 2406 4900 Ibid.
2445 4850 2526 4900 17·
2610 4847 2688 4917 (h)
2719 4847 2865 4900 Ibid.
2901 4850 2992 4916 20,
3024 4850 3112 4915 23,
3146 4853 3233 4906 24.

2174 4964 2339 5018 Rom.
2374 4980 2471 5018 vn.
2508 4963 2779 5019 SYLBURG.

2245 5035 2359 5110 (43)
2389 5034 2563 5110 Τξῖλτο
2590 5032 2718 5110 ἐγώ·
2756 5034 2896 5110 Ἐγὼ
2926 5038 3112 5110 τρῑνςο-
3148 5040 3314 5110 Rem-

2247 5104 2890 5185 (44)Λ’Ί1τις,’ἁντιττρ.
2951 5104 3150 5185 Βλέπω
3209 5105 3266 5161 δὲ
3321 5107 3504 5185 ἕτερον
3557 5112 3714 5185 νόμον
3756 5113 3806 5169 ἐν

2171 5181 2288 5236 τοῖς
2324 5172 2510 5256 μὲλεσί
2556 5197 2660 5256 μου
2701 5172 3247 5256 ἀντιστρατευόμενον
3277 5186 3357 5252 τῷ
3386 5172 3543 5256 ν’όμῳ
3572 5172 3662 5240 τοῦ
3691 5187 3804 5246 νοός

2175 5247 2434 5338 peclatus;
2458 5247 2949 5338 αἰχμαλωτίζοντά
2981 5270 3048 5338 με
3076 5247 3154 5320 τῷ
3182 5252 3306 5324 νόμ.
3330 5247 3524 5312 Bonl:
3544 5275 3641 5314 VII.

2242 5322 2354 5409 (435)
2598 5320 2748 5382 ὅπως
2800 5316 2918 5409 τις¹
2943 5316 3082 5409 οὖν.¹
3116 5316 3171 5377 Si
3213 5316 3498 5409 legamus,
3532 5327 3643 5383 οῦδ⁸
3670 5329 3804 5391 ὅπως

2168 5411 2222 5470 τι
2253 5394 2367 5470 οὖν,
2402 5394 2827 5470 restringemus
2849 5394 2922 5470 ad
2941 5394 3442 5470 Paulum,alioqui
3465 5404 3802 5465 generaliter

2167 5463 2408 5538 dictum
2423 5463 2777 5538 extendetur
2803 5466 2875 5521 ad
2909 5463 3652 5538 quemcunque-Synnas.

2168 5601 2179 5623 ’
2248 5533 2724 5618 44θ)ΙΙνεύματος.
2789 5533 3104 5608 lived—pato:
3159 5533 3259 5608 τῆξ
3314 5544 3461 5610 ζωῆς
3509 5540 3561 5596 ἐν
3609 5543 3804 5617 Χριστῷ

2185 5607 2369 5662 ιησου,
2401 5609 2568 5662 Rom.

2211 5623 2369 5678 ησου,
2401 5623 2568 5663 nom.
