4048 6186
277 291 421 349 1177

1612 289 2063 347 ΒΤΒΟΜΔἸὌΜ
2098 287 2236 342 LIB.
2276 289 2376 342 III.

3557 293 3696 349 1178

273 414 667 491 προειρημένα,
699 407 913 484 ἐπιϐοᾷ’
949 436 978 465 κ
1008 412 1083 469 Τὸ
1113 413 1207 486 μὲν
1241 417 1400 487 σῶμα
1427 414 1618 488 νεκρὸν
1650 410 1721 467 δι’
1753 413 1926 486 ἆμαρ-

2056 427 2284 467 3arnem
2316 411 2719 478 ambulamus,
2744 412 2847 468 sed
2872 413 3201 471 secundum
3232 413 3510 488 spiritum
3544 419 3641 490 (a).
3668 440 3689 467 ι

274 505 414 561 τίαν·
452 527 479 555 ››
512 502 724 573 δηλῶν,
758 503 832 565 ὡς
865 501 947 556 ὅτι
1009 503 1086 576 μὴ
1136 503 1293 568 νεὼς,
1341 504 1513 567 τάφος
1560 501 1607 557 δ’
1658 502 1796 557 ἐστὶν
1855 501 1935 556 ἔτι

275 600 377 664 τῆς
409 596 596 668 ψυχῆς
631 594 763 666 («ﬁ-7)“
799 592 1038 661 ὁπηνίκα
1083 591 1183 667 γάρ
1238 593 1467 667 ἁγιασθῆ
1498 592 1577 664 τῷ
1611 596 1749 664 Θεῷ,
1800 616 1827 644 ‹‹
1858 591 1935 648 Τὸ

278 684 501 754 Πνεῦμα
525 684 661 754 (48),
696 679 982 747 nimiast,
1035 705 1063 731 «
1096 684 1194 735 τοῦ
1243 678 1552 755 ἐγείραντος
1610 679 1670 735 ἐκ
1729 685 1933 756 νεκρῶν

278 774 490 844 Ἰησοῦν
521 770 663 825 οἰκεῖ
719 769 770 825 ἐν
833 771 977 843 ὑμῖν·
1037 770 1095 832 ὃς
1141 773 1472 841 ζωοποιήσει
1531 772 1621 826 καὶ
1659 772 1728 826 τά
1766 772 1937 841 θνητά

276 859 504 933 σώματα
535 859 689 932 ὑμῶν
738 855 828 913 διά
873 863 968 912 τοῦ
1020 857 1357 920 ἐνοικοῦντος
1405 859 1570 913 αὐτοῦ
1616 858 1933 932 Πνεῦματος

277 947 330 1005 ἐν
377 949 531 1022 ὑμῖν.
568 971 596 999 ››
626 945 792 1011 Αὖθις
848 945 962 1012 06v,
1017 952 1136 1007 τοῖς
1185 944 1508 1023 φιληδόνοις
1547 945 1927 1017 ἐπιπλήττων,

278 1034 456 1093 ἐκεῖνα
507 1036 854 1112 προστίθησι·
891 1060 919 1087 ιι
951 1036 1026 1091 Τὸ
1083 1035 1188 1109 γὰρ
1239 1034 1497 1109 φρόνημα
1551 1041 1652 1104 τῆς
1713 1036 1931 1109 σαρκὸς,

280 1127 527 1191 θάνατος.
571 1126 693 1182 *Οτι
724 1125 780 1178 οῖ
810 1124 945 1179 κατὰ
1001 1124 1172 1197 σάρκα
1232 1128 1426 1193 ζῶντες
1484 1124 1551 1179 τά
1603 1130 1704 1194 τῆς
1738 1126 1933 1200 σαρκὸς

279 1218 598 1295 φρονοῦσιν·
653 1213 745 1269 καὶ
809 1213 872 1268 τὸ
930 1211 1187 1289 φρόνημα
1230 1220 1331 1283 τῆς
1389 1218 1584 1289 σαρκὸς
1642 1209 1814 1289 ἔχθρα
1858 1213 1933 1276 εἷς

276 1299 429 1361 Θεόνο
461 1308 542 1377 τῷ
572 1302 674 1379 γάρ
727 1301 885 1376 νόμῳ
938 1306 1036 1357 τοῦ
1092 1307 1227 1357 Θεοῦ
1286 1302 1395 1378 οὐχ
1453 1302 1830 1361 ὑποτάσσεται.
1865 1304 1932 1361 Οἳ

281 1390 340 1449 δὶ
395 1392 449 1449 ἐν
508 1393 664 1467 σαρκὶ
718 1391 930 1454 ὄντες»
989 1390 1119 1467 οὐχ,
1180 1391 1255 1454 ὥς
1312 1413 1455 1455 τινες
1514 1390 1932 1476 δογματίζουσι,

286 1505 310 1535 ι
344 1486 462 1556 Θεῷ
492 1482 678 1556 ἀρέσαι
726 1480 788 1536 οὐ
821 1477 1097 1549 δύνανται,
1132 1504 1161 1531 ››
1203 1477 1326 1536 ἀλλ’
1374 1483 1447 1542 ὼς
1500 1483 1930 1557 προειρήκαμεν.

282 1575 420 1632 Εἶτα
458 1572 595 1643 πρὸς
642 1568 1057 1639 ἆντιδιαστολήν
1087 1567 1266 1625 τούτω
1313 1574 1383 1645 τῇ
1413 1569 1715 1643 Ἐκκλησία
1745 1570 1930 1649 φησίν·

285 1663 522 1735 «Ὑμεῖς
557 1658 615 1716 δὲ
645 1656 743 1715 οὔκ
773 1659 889 1714 ἐστε
919 1659 972 1713 ἐν
1000 1658 1178 1734 σαρκὶ,
1210 1657 1337 1714 ἀλλ’
1368 1658 1422 1714 ἐν
1460 1658 1753 1732 πνεύματι,
1784 1659 1932 1737 εἷ’περ

279 1755 497 1823 πνεῦμα
522 1754 658 1805 Θεοῦ
688 1748 830 1804 οῗκεῖ
854 1747 906 1804 ἐν
943 1748 1093 1822 ὑμῖν.
1127 1747 1190 1805 Ei
1224 1744 1282 1804 δέ
1308 1769 1394 1810 τις
1444 1753 1658 1822 πνεῦμα
1700 1753 1933 1822 Χριστοῦ

283 1840 387 1898 οὐκ
416 1836 557 1915 ἔχει,
590 1841 748 1902 οὗτος
799 1837 898 1893 οὐκ
953 1836 1094 1892 ἔστιν
1146 1836 1332 1895 αὐτοῦ.
1393 1837 1454 1893 Εἰ
1515 1834 1573 1893 δὲ
1620 1838 1849 1912 Χριστὸς
1882 1837 1934 1894 ἐν

282 1928 436 2003 ὖμῖν,
456 1928 520 1983 τὸ
555 1927 651 2001 μὶν
680 1930 838 2000 σῶμα
867 1926 1055 2002 νεκρὸν
1090 1922 1160 1980 δι’
1189 1923 1481 2002 ἁμαρτίαν,
1512 1927 1575 1981 τὸ
1624 1924 1683 1982 δὲ
1725 1931 1939 2000 πνεῦμα

288 2019 404 2088 ζωή
456 2014 546 2072 διὰ
577 2015 947 2087 δικαιοσύνην.
978 2017 1120 2090 ’Δρα
1176 2013 1293 2081 οὖν,
1353 2012 1605 2093 ἀδελφοὶ,
1661 2013 1936 2092 ὀφειλέται

283 2107 449 2183 ἐσμὲν
482 2108 544 2163 οὐ
572 2111 642 2173 τῆ
669 2107 824 2182 σαρκὶ
876 2110 974 2162 τοῦ
1031 2107 1166 2160 κατὰ
1224 2105 1393 2180 σάρκα
1425 2109 1543 2179 ζῇνσ
1576 2104 1622 2161 εἰ
1652 2107 1754 2181 γὰρ
1803 2106 1939 2161 κατὰ

287 2198 460 2271 σάρκα
511 2201 662 2267 ζῆτε,
725 2193 957 2270 μέλλετε
1011 2195 1393 2265 ἀποθνήσκειν*
1446 2194 1496 2248 εἴ
1551 2191 1608 2249 δὲ
1660 2195 1940 2267 πνεύματα

284 2289 381 2351 τάς
410 2290 634 2363 πράξεις
664 2292 762 2343 τοῦ
817 2285 1072 2360 σώματος
1132 2287 1441 2353 θανατοῦτε,
1475 2286 1719 2356 ζήσεσθε.
1770 2288 1935 2343 ’Όσοι

286 2379 391 2455 γὰρ
450 2376 717 2451 πνεύματι
775 2380 909 2433 Θεοῦ
960 2377 1201 2451 ἄγονται,
1233 2372 1384 2430 οὗτοί
1415 2373 1547 2429 εἰσιν
1581 2374 1691 2429 υἱοὶ
1722 2379 1876 2433 Θεοῦ.
1909 2399 1937 2429 ι)

289 2466 393 2526 Καὶ
424 2468 564 2540 πρὸς
590 2468 688 2535 τήν
721 2465 983 2542 εὐγένειαν
1015 2467 1105 2520 καὶ
1136 2464 1274 2539 πρὸς
1326 2466 1424 2533 τήν
1479 2462 1786 2537 ἐλευθερίαν
1839 2465 1939 2531 τὴν

287 2554 682 2617 καταπτύστως
740 2556 842 2610 ὑπὸ
923 2558 1032 2610 τῶν
1120 2550 1446 2629 ἑτεροδόξων
1535 2552 1890 2629 εἶ’σαγομένην
1926 2597 1940 2621 ,

291 2642 376 2700 ἐπ’
406 2642 660 2720 ἀσελγείᾳ
686 2643 1088 2719 καυχωμένων,
1122 2642 1362 2721 ἐπιφέρει
1396 2639 1588 2719 λέγων’
1652 2666 1677 2694 (ε
1709 2640 1788 2700 Οὐ
1841 2643 1944 2718 γὰρ

297 2728 525 2791 ἐλάϐετε
554 2738 764 2808 πνεῦμα
795 2730 1047 2794 δουλείας
1076 2735 1245 2788 πάλιν
1285 2731 1361 2794 εἰς
1417 2727 1608 2809 φόϐον,
1640 2731 1768 2788 ἀλλ’
1817 2730 1947 2786 ἐλά-

291 2816 417 2876 ϐετε
469 2819 684 2895 πνεῦμα
736 2820 1001 2882 υἱοθεσίας
1035 2866 1051 2891 ,
1112 2819 1163 2875 ἐν
1222 2820 1268 2892 ᾧ
1325 2825 1629 2895 κράζομεν,
1689 2813 1860 2876 Ἀϐϐἆ
1916 2820 1945 2873 ὁ

293 2912 505 2984 Πατήρ·
546 2934 575 2962 »
621 2911 922 2979 τουτέστιν,
975 2908 1051 2972 εῗς
1090 2914 1250 2964 τοῦτο
1300 2905 1594 2981 ἐλάϐομεν,
1637 2905 1732 2962 ⁴ἶνα
1776 2908 1947 2984 γινώ-

292 3021 510 3074 σκωμεν
558 3006 780 3069 τοῦτον,
821 3002 867 3073 ᾧ
914 3000 1356 3076 προσευχόμεθα,
1405 3000 1498 3054 τὸν
1543 3003 1622 3071 τῷ
1681 2998 1796 3054 ὅντι
1840 3020 1945 3054 πα-

297 3091 450 3166 τέρα,
479 3092 574 3146 τὸν
605 3095 714 3147 τῶν
741 3086 911 3146 ὄντων
950 3085 1115 3163 μόνον
1158 3086 1387 3161 Πατέρα,
1418 3089 1510 3143 τὸν
1544 3088 1621 3151 εἰς
1672 3087 1947 3163 σωτηρίαν

2045 500 2266 555 Prmter
2296 502 2420 555 hanc
2450 501 2642 557 adhuc
2673 501 2983 558 declarans
3013 521 3105 570 ea,
3148 521 3279 575 quae
3328 507 3492 577 prius
3542 507 3702 564 dicta

2042 595 2200 654 sunt,
2236 590 2565 646 exclamat:
2600 614 2628 641 (ι
2662 592 2885 663 Corpus
2931 593 3174 663 quidem
3223 601 3524 651 mortuum
3555 614 3691 668 pro-

2038 684 2172 750 pter
2201 685 2511 750 peccatum
2538 696 2550 733 :
2578 703 2596 727 -
2630 680 2976 752 signiﬁcans
3002 682 3061 737 id
3085 699 3205 737 non
3230 700 3359 739 esse
3382 685 3699 756 templum,

2042 767 2144 823 sed
2177 768 2518 839 sepulcrum
2549 769 2784 824 animas.
2809 772 3055 835 Quando
3080 772 3240 826 enim
3260 774 3696 830 sanctificatum

2040 855 2221 912 fuerit
2248 859 2387 925 Deo,
2422 881 2450 908 ‹‹
2485 858 2736 930 Spiritus
2767 861 2921 932 ejus,
2947 883 2975 910 ››
3009 862 3206 926 infert,
3241 885 3267 912 ‹‹
3300 864 3400 934 qui
3444 865 3699 920 suscita-

2041 945 2123 999 vit
2149 946 2349 1000 Jesum
2372 962 2406 1002 a
2428 947 2701 1011 mortuis,
2726 949 2957 1004 habitat
2982 951 3044 1005 in
3076 951 3235 1006 vobis
3262 969 3274 1005 :
3309 953 3411 1022 qui
3441 954 3695 1008 viviﬁca-

2041 1033 2131 1088 bit
2161 1034 2340 1090 etiam
2371 1036 2648 1091 mortalia
2687 1044 2881 1093 vestra
2901 1056 3171 1111 corpora,
3199 1057 3306 1112 per
3343 1041 3472 1112 ejus
3514 1042 3697 1113 Spiri-

2042 1127 2191 1189 tum,
2220 1125 2321 1194 qui
2351 1124 2580 1180 habitat
2600 1126 2662 1180 in
2683 1126 2848 1184 vobis
2869 1128 2964 1199 (ὁ).
2991 1152 3016 1177 n
3052 1131 3274 1185 Rursus
3307 1130 3507 1201 itaque
3531 1130 3696 1185 volu-

2042 1212 2265 1285 ptarios
2297 1214 2637 1286 increpans,
2671 1216 2775 1272 illa
2803 1218 3046 1290 adjicit:
3113 1243 3133 1268 ι
3166 1220 3490 1276 Prudentia
3531 1221 3693 1276 enim

2040 1302 2261 1368 carnis,
2295 1319 2492 1371 mors;
2528 1305 2810 1376 quoniam
2860 1308 2961 1378 qui
3019 1324 3092 1363 ex
3145 1326 3323 1364 carne
3374 1310 3591 1378 vivunt,
3627 1327 3697 1366 ea

2040 1408 2172 1463 qua;
2205 1398 2344 1447 sunt
2365 1393 2586 1459 carnis,
2619 1395 2880 1467 cogitant
2906 1413 2918 1463 ;
2955 1402 3014 1452 et
3042 1398 3361 1470 prudentia
3386 1400 3584 1455 carnis
3605 1405 3697 1455 est

2042 1497 2176 1537 cum
2196 1482 2313 1537 Deo
2340 1497 2544 1551 gerere
2568 1483 2912 1541 inimicitias
2938 1503 2950 1551 ;
2977 1485 3089 1558 legi
3113 1488 3273 1542 enim
3300 1488 3400 1542 Dei
3424 1505 3544 1543 non
3564 1488 3697 1543 sub-

2034 1569 2263 1642 jicitur.
2298 1571 2406 1636 Qui
2437 1577 2637 1627 autem
2662 1579 2801 1628 sunt
2823 1574 2884 1628 in
2918 1590 3116 1643 carne,
3153 1600 3174 1629 ο
3212 1593 3332 1631 non
3356 1582 3420 1632 ut
3449 1577 3695 1648 quidam

2042 1658 2393 1729 decernunt,
2428 1682 2455 1710 «
2490 1661 2608 1716 Deo
2646 1660 2883 1733 placere
2926 1680 3047 1718 non
3099 1671 3369 1735 possunt,
3404 1687 3432 1714 ››
3484 1666 3587 1720 sed
3632 1672 3698 1721 ut

2041 1749 2207 1821 prius
2269 1748 2548 1804 diximus.
2608 1750 2833 1806 Deinde
2888 1755 2953 1806 ut
3010 1767 3112 1807 eos
3168 1752 3513 1826 distinguat,
3548 1753 3695 1809 dicit

2044 1838 2361 1894 Ecclesiae:
2393 1857 2424 1891 (ι
2460 1840 2571 1894 Vos
2602 1846 2802 1895 autem
2850 1857 2969 1895 non
3002 1843 3146 1898 estis
3179 1844 3321 1898 ιοπ
3382 1843 3443 1897 in
3494 1859 3695 1905 carne,

2045 1928 2150 1984 sed
2180 1930 2241 1983 in
2264 1928 2498 2001 spiritu,
2525 1930 2574 1984 si
2606 1929 2847 2001 quidem
2871 1931 3115 2003 spiritus
3139 1933 3238 1987 Dei
3264 1933 3491 1989 habitat
3512 1934 3572 1988 in
3597 1950 3698 1987 vo-

2044 2020 2156 2076 bis.
2188 2020 2246 2076 Si
2269 2020 2402 2091 quis
2432 2025 2631 2075 autem
2671 2021 2946 2092 spiritum
2997 2022 3214 2078 Christi
3258 2041 3380 2078 non
3416 2023 3610 2085 habet,
3646 2024 3697 2077 is

2046 2126 2165 2165 non
2196 2116 2287 2165 est
2314 2109 2464 2181 ejus.
2499 2110 2555 2165 Si
2588 2116 2787 2165 autem
2828 2112 3096 2167 Christus
3145 2112 3206 2167 in
3246 2113 3430 2179 vobis,
3482 2129 3697 2184 corpus

2046 2199 2289 2269 quidem
2312 2204 2401 2253 est
2420 2204 2718 2253 mortuum
2745 2216 2851 2269 per
2878 2207 3207 2271 peccatum,
3234 2202 3478 2272 spiritus
3499 2207 3698 2257 autem

2046 2288 2208 2343 vivus
2234 2305 2341 2360 per
2360 2288 2680 2360 justitiam.
2718 2288 3021 2345 Debitores
3054 2290 3254 2360 itaque
3303 2307 3533 2357 sumus,
3580 2290 3700 2346 fra-

2048 2382 2189 2445 tres,
2224 2395 2341 2433 non
2374 2379 2561 2443 carni,
2591 2383 2656 2433 ut
2682 2379 3010 2435 secundum
3035 2396 3275 2437 carnem
3316 2382 3598 2440 vivamus.
3644 2380 3701 2438 Si

2050 2468 2211 2522 enim
2239 2467 2569 2523 secundum
2600 2484 2843 2524 carnem
2869 2468 3081 2535 vivitis,
3115 2470 3258 2524 estis
3306 2470 3579 2525 morituri
3606 2486 3617 2523 :
3659 2469 3709 2524 si

2049 2573 2184 2611 vero
2221 2557 2432 2629 spiritu
2469 2557 2625 2613 facta
2670 2558 2868 2613 carnis
2922 2558 3435 2627 mortificaveritis,
3481 2559 3701 2613 vivetis.

2052 2646 2402 2717 Quicunque
2434 2647 2593 2700 enim
2613 2648 2825 2718 spiritu
2845 2647 2946 2701 Dei
2978 2652 3253 2719 aguntur,
3283 2651 3348 2714 ›ι‹
3371 2647 3568 2701 iisunt
3591 2645 3697 2699 filii

2051 2736 2175 2791 Dei.
2199 2759 2218 2783 ι
2239 2737 2309 2789 Et
2320 2733 2601 2789 adversus
2616 2734 2989 2789 nobilitatem
3005 2734 3353 2789 etadversus
3366 2733 3702 2788 libertatem

2052 2839 2183 2893 quae
2197 2822 2640 2878 exsecrabiliter
2651 2822 2723 2877 ab
2738 2822 2969 2893 iis,quas
2985 2823 3378 2877 suntdiversaa
3394 2822 3705 2878 sententiae

2051 2912 2582 2983 introducitur,qui
2603 2911 2675 2966 de
2690 2912 2935 2966 libidine
2948 2910 3436 2985 gloriantur,subj
3449 2912 3615 2982 ungit
3628 2912 3711 2966 di-

2053 3016 2223 3056 cens:
2245 3022 2273 3049 «
2295 3002 2420 3056 Non
2448 3000 2606 3055 enim
2623 3000 2939 3071 accepistis
2961 3001 3237 3073 spiritum
3257 3001 3558 3056 servitutis
3579 3017 3646 3054 ru
3657 3018 3709 3054 r-

2054 3107 2154 3146 sus
2177 3090 2238 3145 in
2271 3090 2568 3155 timorem,
2604 3089 2706 3145 sed
2740 3090 3053 3161 accepistis
3079 3091 3353 3162 spiritum
3376 3089 3713 3162 adoptionis

291 3163 622 3236 παιδεύοντα
675 3181 752 3243 ὡς
808 3182 1033 3254 πατέρα,
1065 3179 1153 3234 καὶ
1209 3180 1300 3233 τὸν
1329 3172 1496 3255 φόϐον
1550 3176 1766 3232 ἀπειλεῖ
1811 3180 1943 3249 (49).

2061 3180 2345 3246 filiorum,
2379 3180 2441 3234 in
2473 3197 2590 3252 quo
2623 3179 2973 3241 clamamus,
2998 3179 3163 3234 Abba
3191 3181 3365 3234 Pater
3390 3180 3494 3248 (c);
3532 3199 3558 3227 ο»
3593 3178 3711 3233 hoc

294 3275 405 3332 est.
438 3272 512 3328 ad
542 3273 656 3328 hoc
685 3272 1047 3347 accepimus,
1080 3275 1146 3326 ut
1176 3286 1602 3343 cognoscamus
1633 3284 1790 3336 eum,
1825 3285 2003 3340 quem
2036 3286 2296 3337 oramus,
2329 3269 2428 3341 qui
2488 3274 2579 3327 est
2634 3284 2766 3324 vere
2816 3270 2989 3323 Pater
3036 3269 3137 3339 qui
3186 3285 3388 3324 rerum
3443 3267 3710 3323 omnium
3778 3318 3781 3323 .

291 3359 460 3417 solus
490 3366 581 3417 est
599 3363 792 3429 Pater,
825 3361 926 3432 qui
956 3360 1031 3416 ad
1062 3359 1317 3415 salutem
1347 3358 1543 3413 erudit
1571 3364 1630 3414 et
1658 3358 1907 3431 castigat
1930 3363 2000 3413 ut
2030 3365 2218 3431 pater,
2251 3363 2311 3414 et
2340 3358 2612 3413 timorem
2644 3358 2923 3413 minatur.

1810 3504 2038 3560 CAPUT
2075 3504 2197 3559 XII.

589 3607 767 3664 Verba
792 3603 1047 3673 Apostoli
1074 3606 1107 3659 Ι
1130 3604 1255 3659 Cor.
1288 3619 1380 3670 vn,
1416 3605 1469 3669 5,
1503 3603 1591 3670 39,
1624 3602 1715 3672 40,
1745 3601 1968 3673 aliaque
2006 3604 2064 3658 S.
2114 3603 2417 3672 Scriptura.v
2466 3602 2584 3657 loca
2611 3601 2797 3657 eodem
2824 3602 3133 3672 spectantia
3162 3600 3427 3671 explicat.

368 3724 435 3780 Ἦ
466 3719 524 3777 δὲ
571 3719 633 3776 ἐκ
680 3719 979 3797 συμφώνου
1009 3720 1120 3790 (50)
1163 3716 1301 3788 πρὸς
1355 3715 1543 3791 καιρὸν
1601 3714 1951 3789 σχολάζουσα

293 3815 367 3886 τῇ
424 3812 708 3886 προσευχῇ
773 3805 1003 3882 συζυγία
1058 3803 1373 3881 ἐγκρατείας
1432 3803 1542 3859 ἐστὶ
1604 3800 1947 3859 διδασκαλία’

295 3901 605 3976 προσέθηκε
639 3901 743 3974 γὰρ
803 3898 866 3952 τὸ
924 3898 1017 3970 μὶν
1049 3920 1077 3948 ‹‹
1112 3893 1171 3949 ἐκ
1200 3894 1520 3973 συμφώνου,
1554 3918 1583 3945 ››
1636 3891 1728 3948 ’ίνα
1759 3896 1835 3967 μή
1867 3914 1951 3955 τις

300 3988 534 4064 διαλύσῃ
566 3988 658 4043 τὸν
702 3985 902 4061 γάμον,
939 4008 966 4039 ι
995 3985 1135 4058 πρὸς
1173 3983 1365 4058 καὶρὸν
1397 3979 1472 4050 δὲ,
1507 4007 1532 4033 υ
1566 3983 1640 4044 ὡς
1688 3983 1787 4054 μή,
1817 3983 1954 4037 κατὰ

296 4079 543 4152 ἀνάγκην
603 4071 939 4145 ἐπιτηδεύων
998 4073 1097 4141 τὴν
1158 4070 1473 4147 ἐγκράτειαν
1505 4073 1534 4125 ὁ
1574 4073 1777 4146 γήμας,
1831 4069 1956 4125 ὀλι-

297 4169 473 4241 σθήσῃ
529 4164 663 4220 ποτὶ
723 4163 801 4225 είς
866 4161 1159 4237 άμαρτίαν,
1219 4158 1400 4239 φειδοῖ
1453 4160 1548 4232 μὶν
1605 4166 1705 4229 τῆς
1763 4161 1955 4216 ἑαυτοῦ

298 4255 578 4330 συζυγίας,
612 4250 872 4324 ἐπιθυμίᾳ
902 4248 959 4306 δὲ
991 4247 1261 4324 ἀλλοτρίᾳ
1309 4248 1639 4324 περιπεσών.
1689 4254 1753 4327 ’ῼ
1799 4245 1955 4324 λόγῳ

295 4345 512 4402 καὶτὸν
544 4344 881 4418 ἀσχημονεῖν
915 4342 1023 4413 (51)
1071 4339 1258 4394 ἑαυτὸν
1316 4337 1404 4393 ἐπὶ
1461 4341 1531 4410 τῇ
1589 4339 1953 4413 παρθενοτρο·

300 4434 399 4510 φίᾳ
448 4425 911 4504 ὑπολαμϐάνοντα
957 4429 1141 4489 καλῶς
1204 4426 1281 4488 εἰς
1336 4425 1512 4501 γάμον
1571 4423 1826 4481 ἐκδώσειν
1854 4429 1954 4496 τήν

303 4525 569 4598 θυγατερα
620 4516 829 4594 ἔλεγεν.
885 4518 958 4576 Ἥ
1014 4515 1266 4591 πρόθεσίς
1321 4536 1381 4570 τε
1436 4516 1689 4584 ἐκάστου,
1747 4519 1849 4570 τοῦ
1898 4536 1959 4571 τε

2131 3717 2296 3783 Quod
2328 3722 2527 3773 autem
2565 3740 2584 3763 ι
2621 3733 2693 3772 ex
2721 3732 3018 3772 consensu
3050 3715 3124 3770 ad
3171 3720 3406 3787 tempus
3455 3714 3713 3769 orationi

2060 3810 2227 3861 vacat
2249 3828 2276 3855 ››
2307 3805 2672 3878 conjugium,
2705 3804 2977 3861 doctrina
2998 3810 3089 3860 est
3103 3803 3511 3859 continentia).
3540 3803 3715 3873 Adje-

2062 3895 2145 3951 cit
2179 3895 2340 3949 enim
2372 3894 2523 3948 illud
2556 3893 2819 3965 quidem,
2866 3916 2894 3942 ‹‹
2929 3909 2998 3948 ex
3051 3908 3367 3960 consensu,
3412 3913 3441 3941 n
3474 3908 3547 3946 ne
3579 3891 3713 3962 quis

2062 3983 2411 4040 dissolveret
2442 3983 2923 4051 matrimonium;
2958 3980 3033 4037 ad
3056 3987 3289 4053 tempus
3319 3985 3517 4036 autem
3550 3980 3650 4051 (ἀ),
3687 4002 3714 4030 ››

2062 4090 2162 4142 ne,
2185 4073 2327 4129 dum
2344 4089 2415 4128 ex
2435 4072 2790 4129 necessitate
2809 4077 3043 4129 exercet
3063 4071 3492 4126 continentiam
3517 4070 3587 4137 is,
3613 4070 3712 4141 qui

2064 4180 2309 4220 uxorem
2351 4164 2605 4232 duxerit,
2639 4163 2876 4219 labatur
2905 4162 2964 4217 in
3006 4168 3331 4234 peccatum,
3356 4166 3415 4216 et
3438 4161 3579 4215 dum
3610 4176 3716 4213 suo

2065 4254 2343 4327 conjugio
2375 4254 2584 4326 parcit.
2618 4252 2882 4309 alienum
2905 4251 3308 4323 concupiscat.
3333 4250 3457 4314 Qua
3484 4248 3716 4303 ratione

2067 4358 2225 4410 eum,
2258 4342 2357 4413 qui
2382 4358 2443 4397 se
2472 4340 2750 4396 indecore
2782 4355 2985 4412 gerere
3009 4338 3328 4401 existimat,
3356 4334 3516 4406 quod
3541 4333 3716 4406 virgi-

2066 4447 2203 4486 nem
2227 4431 2367 4497 alat,
2400 4435 2558 4485 recte
2589 4445 2719 4484 eam
2757 4427 2903 4483 dicit
2950 4443 3078 4481 esse
3130 4430 3381 4496 nuptum
3413 4422 3716 4478 daturum.

2067 4522 2282 4575 Verum
2314 4517 2749 4588 unusquisque,
2784 4521 2903 4570 tam
2937 4516 2985 4569 is
3016 4515 3120 4586 qui
3170 4513 3502 4568 castitatem
3554 4510 3719 4567 dele-

383 4578 395 4598 ι
502 4578 511 4594 Ι
728 4578 739 4594 Ι
1059 4578 1067 4591 l
1136 4578 1147 4581 ν
1675 4578 1685 4584 -

300 4614 492 4669 ἐαυτὸν
543 4609 961 4685 εὐνουχίσαντος
1004 4611 1101 4663 τοῦ
1152 4628 1210 4661 τε
1271 4606 1337 4661 αὗ
1386 4605 1550 4681 γάμῳ
1607 4603 1696 4660 διὰ
1750 4603 1943 4661 παιδο-

2065 4608 2168 4682 git,
2200 4622 2379 4679 quam
2411 4607 2461 4659 is
2491 4578 2592 4676 qui
2616 4578 2858 4676 propter
2886 4578 3212 4657 liberorum
3241 4601 3716 4674 procreationem
3774 4628 3783 4639 ι

294 4702 482 4758 ποιίαν
532 4699 900 4770 συζεύξαντος,
949 4693 1231 4757 ἀνένδοτος
1291 4694 1425 4769 πρὸς
1478 4696 1540 4750 τὸ
1570 4697 1732 4764 ἧττον
1765 4691 1957 4768 διαμέ-

2067 4696 2330 4768 seipsum
2360 4692 2672 4765 conjunxit
2701 4692 3105 4758 matrimonio,
3139 4692 3200 4746 in
3251 4708 3358 4747 suo
3411 4690 3717 4762 pr0posito

369 4849 448 4920 (a)
479 4844 955 4920 Romlv11_1,2_,_§,
989 4842 1147 4920 ικαὶ)
1168 4841 1354 4920 _Ibid.,
1392 4830 1598 4920 10,11.
1633 4841 1706 4914 (ο)
1737 4840 1883 4897 Ibid.
1910 4842 1943 4895 5

2079 4844 2131 4910 7,
2165 4842 2219 4910 8,
2246 4843 2300 4907 9,
2336 4841 2425 4910 ιο,
2460 4840 2546 4904 12,
2582 4838 2667 4907 13,
2703 4838 2788 4905 11,
2824 4839 2911 4893 15.
2958 4837 3022 4903 -ι‹
3050 4838 3115 4893 P.
3146 4838 3249 4892 316
3279 4836 3394 4890 ED.
3422 4835 3717 4902 POTTER,

298 4913 559 4991 658,459
589 4918 702 4974 ΕΙ).
737 4914 967 4972 PABIS.
996 4914 1074 4986 (ἀ)
1107 4915 1131 4969 Ι
1159 4913 1288 4969 Cor.
1324 4931 1422 4975 vu.
1464 4916 1516 4967 5.

373 5062 918 5145 £47)“Tii?0‘<.'._‘tﬁc
959 5060 1166 5145 ψυχῆς.
1218 5059 1383 5114 Plato
1415 5059 1496 5145 ,in
1544 5059 1767 5145 (iratqu
1819 5074 1951 5145 pag.

304 5129 414 5196 275
439 5129 584 5191 ζ’Καὶ
610 5129 716 5209 γάρ
749 5137 900 5209 σῆμα
954 5129 1121 5209 τινί-ξς¹
1156 5150 1314 5209 φασιν
1368 5129 1502 5209 αὐτὸ
1557 5131 1765 5209 ςσῶμα)
1801 5129 1954 5209 ,εἶναι

300 5215 404 5276 τῆς
459 5198 645 5281 ψυχῆς
883 5198 1228 5281 τεθαμμένης
1285 5202 1351 5281 ἐνΔ
1389 5205 1469 5272 τῷ
1524 5204 1613 5253 νῦν
1638 5273 1648 5281 _
1672 5198 1900 5281 παρόντι
1937 5219 1951 5233 ·

305 5301 329 5330 ι
359 5272 590 5350 Corpus
617 5272 783 5336 enim
814 5277 926 5350 hoc
955 5272 1171 5330 anima:
1188 5273 1524 5350 sepulcrum
1551 5272 1789 5343 quidam
1824 5290 1953 5350 esse

299 5344 548 5409 tradunt
605 5368 618 5405 :
678 5348 849 5421 quasi
908 5347 1037 5418 ipsa
1103 5344 1382 5419 prementi
1441 5346 1504 5401 in
1556 5351 1821 5417 tempore
1882 5344 1957 5398 sit

306 5423 888 5565 se?4%l)ta'l'6,:ﬂ_vc6pa_.
940 5489 1078 5554 Qua;
1126 5494 1486 5565 sequuntur,
1521 5485 1865 5565 imperfecte
1896 5492 1955 5542 et

299 5559 596 5693 ἑαιὶιιιξιαιιὲ
621 5559 712 5618 διὰ
764 5560 989 5634 μνήμης
1019 5559 1239 5617 recitat
1257 5566 1464 5616 auctor
1514 5575 1585 5614 ex
1633 5560 1800 5615 Rom.
1833 5574 1951 5624 vin,

343 5676 443 5709 »νυ
488 5676 531 5708 '9
562 5676 618 5691 νο

2136 5056 2249 5123 (49)
2308 5053 2432 5111 Ἐάν
2488 5052 2580 5106 τὸν
2636 5047 2805 5126 φόϐον
2893 5051 3112 5108 ἀπειλεῖ
3190 5052 3425 5126 Exponi
3470 5056 3713 5124 potest,

2070 5148 2093 5176 ι
2129 5128 2406 5209 idemque
2436 5123 2933 5209 timorem‘abigit
2953 5143 2970 5209 _:
3008 5146 3043 5209 ν,
3094 5130 3160 5180 ut
3184 5123 3305 5209 non
3332 5123 3431 5209 ‘ad
3480 5127 3717 5209 Patrem

2065 5195 3233 5271 spectetfquemadmodum'existimavit
3262 5197 3576 5267 interpres,
3612 5195 3713 5249 sed

2062 5272 2136 5327 ad
2169 5270 2443 5342 spiritum
2466 5268 2826 5340 adoptionis,
2851 5285 3026 5340 quem
3051 5269 3299 5340 opponit
3328 5266 3561 5340 spiritui
3586 5282 3711 5321 ser-

2060 5341 2261 5398 vitutis
2292 5358 2360 5397 ac
2390 5341 2641 5396 timoris.

2134 5418 2242 5484 (50)
2275 5414 2372 5468 Ἐκ
2419 5412 2738 5484 συμφώνου,
2803 5411 3134 5484 Respicit}
3168 5412 3312 5484 _Cor.
3345 5425 3441 5484 vn,
3493 5409 3565 5459 5:
3618 5403 3712 5484 Μὴ

2134 5433 2242 5484 (DU)
2275 5433 2372 5468 ’ὡκ
2419 5433 2481 5465 συ
2532 5433 2738 5473 φωνου.
2803 5433 3064 5483 nesplcu
3110 5433 3134 5465 ι
3181 5433 3312 5465 υοτ.
3349 5433 3441 5469 vu,
3493 5433 3523 5459 υ
3552 5447 3563 5458 .
3618 5433 3712 5471 ινιη

2061 5483 2411 5561 ἀποστερεῖτε
2456 5433 2764 5561 ἀλλήλους,
2800 5480 2844 5561 εἰ
2881 5483 2956 5555 μή
2989 5503 3044 5561 τι
3071 5477 3130 5535 ἃν
3164 5477 3223 5561 ἐκ
3248 5477 3543 5561 συμφώνου
3575 5474 3714 5561 πρὸς

2058 5550 2390 5630 καιρὸνίτίνα
2417 5554 2733 5630 σχολάζητε
2762 5555 2829 5626 τῇ
2858 5550 3084 5630 νηστεία
3111 5550 3199 5606 καὶ
3236 5550 3305 5616 τῆ
3330 5550 3638 5630 προσευχῇ.

2135 5578 2148 5610 ι
2191 5577 2270 5623 ον,
2309 5577 2390 5611 ινα
2417 5577 2733 5630 σχοΑαςητε
2762 5577 2829 5626 τῃ
2862 5577 3084 5624 νηστειᾳ
3111 5577 3199 5606 και
3236 5577 3303 5616 τη
3332 5577 3371 5602 π
3411 5577 3419 5598 ι

2130 5577 2241 5702 (gl)
2275 5627 2664 5703 Ἀσχημονεῖν.
2697 5625 2958 5698 Respicit
2985 5627 3011 5681 Ι
3037 5626 3167 5682 Cor.
3201 5638 3295 5689 vn,
3328 5577 3419 5678 3g.
