4048 6186
276 282 417 345 1181

1609 288 2056 353 meum
2101 293 2236 348 LIB.
2276 295 2380 348 III.

3553 284 3695 343 1182

274 412 374 487 μὲν
404 408 499 475 τὰς
544 408 795 476 ἕντολάς.
826 410 891 471 Ἦ
948 408 1173 489 δευτὲρα
1230 411 1289 471 δὲ
1343 417 1618 490 περικοπή
1693 436 1929 491 μονογα-

2045 435 2293 491 serpens
2314 418 2548 490 decepit
2560 418 2735 473 Evam
2757 415 2858 487 (a),
2879 437 2907 465 »
2935 430 3067 487 quas
3096 433 3118 464 ι
3146 414 3305 471 vita»
3322 413 3560 480 dicitur,
3580 430 3689 470 nos

276 502 407 575 μίαν
442 502 685 573 ’ίσ-τησιν-
749 503 812 557 οὐ
870 504 999 579 γὰρ,
1061 505 1135 567 ὥς
1184 525 1324 567 τινες
1382 503 1738 580 ἐξηγήσαντο,
1787 504 1930 562 δέσιν

275 591 537 665 γυναικὸς
581 591 719 666 πρὸς
780 589 951 668 ἄνδρα
1005 593 1104 660 τήν
1153 593 1349 669 σαρκὸς
1404 596 1543 670 πρὸς
1597 596 1697 664 τήν
1728 595 1931 670 φθορὰν

274 678 586 749 ἐπιπλοκὴν
648 679 950 754 μηνύεσθαι
1012 681 1411 753 ὑποτοπητέον·
1466 689 1575 739 τῶν
1623 686 1726 761 γὰρ
1781 683 1933 741 ἄντι-

273 789 407 845 κρυς
438 764 687 842 διαϐόλῳ
707 770 1129 838 προσαπτόντων
1188 773 1289 841 τήν
1340 777 1439 827 τοῦ
1492 772 1673 848 γάμου
1731 772 1934 850 εὕρεσιν

275 857 448 923 ἀθέων
482 858 782 932 ἀνθρώπων
808 857 1051 913 ἐπίνοιαν
1105 864 1405 935 κατηγορεῖ
1455 861 1545 915 καὶ
1586 863 1700 935 (60)
1747 859 1936 917 κινδυ-

272 946 411 1004 νεύει
447 947 899 1024 βλασφημεῖσθαι
932 949 960 1004 ὁ
981 949 1307 1023 νομοθέτης.
1342 951 1613 1007 Τατιανὸν
1657 952 1810 1025 οἶμαι
1840 953 1931 1008 τὸν

274 1035 452 1111 Σύρον
473 1037 540 1091 τά
566 1040 792 1092 τοιαῦτα
836 1034 1053 1111 τολμᾷν
1116 1035 1488 1113 δογματίζειν.
1542 1041 1741 1117 Γράφει
1799 1041 1932 1116 γοόν

271 1125 409 1182 κατά
438 1123 583 1197 Λέξιν
629 1125 682 1181 ἰν
735 1130 815 1198 τῷ
865 1125 994 1200 Περὶ
1041 1131 1138 1180 τοῦ
1196 1128 1333 1182 κατᾶ
1378 1129 1470 1183 τὸν
1532 1133 1769 1205 Σωτῆρα
1818 1151 1927 1186 κα-

268 1218 593 1290 ταρτισμοῦο
626 1214 956 1292 Συμφωνίαν
1016 1217 1130 1289 (61)
1192 1215 1286 1289 μὶν
1346 1215 1437 1271 οὖν
1500 1217 1728 1291 ἁρμόζει
1759 1239 1935 1291 προσ-

268 1307 434 1380 anxir
492 1303 753 1360 κοινωνία
805 1301 864 1359 δὲ
911 1310 1120 1382 φθορᾶς
1168 1303 1290 1360 λύει
1339 1306 1441 1374 τὴν
1497 1304 1728 1381 ἔντευξιν
1788 1312 1929 1381 (62).

269 1392 419 1450 Πάνυ
448 1397 583 1469 γοῦν
637 1390 1035 1464 δυσωπητικῶς
1069 1390 1160 1449 διὰ
1212 1397 1313 1463 τῆς
1371 1398 1781 1473 συγχωρήσεως
1812 1396 1932 1471 εἵρ-

268 1502 378 1558 γει·
410 1480 577 1537 πάλιν
605 1482 710 1557 γὰρ
773 1506 801 1533 ι(
850 1481 939 1538 ἐπὶ
997 1483 1162 1539 ταύτὸ
1223 1507 1251 1535 ι)
1309 1486 1674 1560 συγχωρήσας
1707 1510 1736 1539 ‹‹
1766 1486 1930 1562 γενέ-

270 1572 393 1628 σθαι
425 1567 517 1626 διὰ
533 1572 625 1626 τὸν
658 1577 887 1626 σατανᾶν
936 1570 1026 1627 καὶ
1079 1572 1180 1642 τὴν
1238 1572 1521 1648 ἀκρασίαν,
1581 1598 1610 1629 ››
1670 1575 1763 1630 τὸν
1810 1596 1934 1631 πει-

274 1660 611 1732 σθησόμενον
639 1682 666 1712 ιι
698 1657 819 1716 δυσὶ
847 1660 1062 1736 κυρίοις
1097 1660 1321 1733 μὲλλειν
1347 1659 1626 1719 δουλεύειν
1665 1688 1685 1715 ι
1722 1664 1933 1743 ἀπεφή-

2046 525 2283 580 quoque
2302 508 2527 564 inducti
2551 507 2782 564 callidis
2805 506 3121 562 haeresium
3149 505 3468 568 illecebris,
3495 511 3693 560 trans-

2042 597 2382 671 grediamur
2443 597 2741 653 mandata.
2802 596 3070 651 Secunda
3143 601 3340 651 autem
3400 593 3692 666 particula

2045 689 2250 744 statuit
2274 688 2711 760 monogamiam
2737 703 2750 741 :
2787 703 2905 743 non
2936 686 3118 753 enim,
3138 691 3203 740 ut
3223 684 3466 756 quidam
3488 680 3692 738 existi-

2044 783 2303 842 marunt.
2326 776 2595 832 mulieris
2611 792 2744 831 cum
2759 776 2880 830 viro
2893 774 3295 848 alligationem
3307 815 3320 841 ,
3342 773 3687 830 carniscum

2042 866 2287 923 interitu
2326 866 2777 927 connexionem,
2830 862 3149 937 signiﬁcari
3197 863 3528 935 putandum
3560 867 3687 918 est:

2043 955 2365 1027 impiorum
2395 956 2555 1010 enim
2584 955 2917 1012 hominum.
2950 953 3052 1025 qui
3085 953 3449 1009 matrimonii
3486 952 3688 1007 inven-

2041 1044 2267 1100 tionem
2297 1044 2532 1100 diabolo
2562 1050 2763 1116 aperte
2787 1043 3074 1110 tribuunt,
3107 1042 3450 1115 opinionem
3485 1058 3690 1113 repre-

2041 1133 2270 1199 hendit,
2303 1133 2461 1189 unde
2492 1134 2554 1189 in
2593 1133 2925 1206 periculum
2957 1132 3118 1188 venit
3147 1132 3449 1206 legislator
3476 1148 3551 1187 ne
3593 1132 3689 1187 in-

2041 1229 2308 1281 cessatur
2362 1222 2724 1279 maledictis.
2792 1222 3105 1278 Tatianum
3168 1222 3426 1278 arbitror
3474 1223 3689 1292 Syrum

2043 1312 2185 1368 talia
2212 1312 2430 1368 audere
2461 1312 2736 1385 dogmata
2766 1312 3023 1368 tradere.
3070 1312 3170 1367 His
3206 1311 3396 1367 verbis
3442 1309 3686 1382 quidem

2041 1407 2199 1459 certe
2231 1402 2438 1457 scribit
2466 1402 2528 1457 in
2559 1401 2712 1457 libro
2760 1404 2837 1457 De
2858 1400 3204 1473 perfectione
3230 1401 3527 1457 secundum
3550 1402 3688 1456 Ser-

2040 1499 2285 1547 vatorem
2314 1508 2327 1546 :
2352 1511 2379 1545 α
2400 1493 2769 1547 Consensum
2790 1491 3032 1561 quidem
3055 1490 3363 1563 conjungit
3392 1490 3646 1546 orationi
3672 1505 3687 1543 :

2042 1582 2382 1637 communio
2411 1587 2611 1637 autem
2638 1597 2743 1635 seu
2786 1580 3150 1650 conjunctio,
3199 1581 3475 1635 interitus
3515 1579 3692 1635 solvit

2042 1670 2610 1743 interpellationem.
2628 1669 2964 1726 Admodum
2976 1675 3135 1724 certe
3152 1669 3578 1740 circumspecte
3591 1686 3686 1724 ar-

271 1770 403 1845 νατο
428 1746 518 1804 διὰ
551 1749 645 1822 μὶν
679 1749 998 1827 συμφωνίας
1050 1754 1191 1823 Θεῷ,
1240 1748 1331 1807 διὰ
1390 1748 1448 1807 δὶ
1502 1755 1605 1817 τῆς
1659 1753 1929 1832 ἀσυμφω-

2042 1766 2135 1816 cet
2167 1776 2274 1831 per
2302 1761 2774 1816 concessionem.
2808 1760 2953 1814 Nam
2992 1775 3125 1813 cum
3172 1775 3381 1814 rursus
3420 1758 3693 1829 permisit

270 1836 390 1900 νίας
420 1838 651 1913 ἀκρασίᾳ
679 1838 769 1894 καὶ
809 1838 1033 1915 πορνείᾳ
1090 1839 1181 1894 καὶ
1233 1835 1503 1913 διαϐόλῳ.
1563 1865 1591 1892 ›»
1636 1844 1819 1898 Ταῦτα
1874 1840 1933 1899 δὲ

270 1947 431 2002 φησι,
464 1928 557 1983 τὸν
588 1926 930 1984 Ἀπόστολον
962 1927 1350 2005 ἐξηγούμενος.
1401 1930 1691 2009 Σοφίζεται
1722 1930 1781 1987 δὶ
1829 1932 1931 2001 τὴν

266 2015 556 2087 ἀλήθειαν,
598 2014 670 2072 δι’
730 2016 973 2088 ἀληθοῦς
1028 2016 1226 2092 ψεῦδος
1274 2020 1705 2091 κατασκευάζων·
1766 2022 1932 2097 ἀκρα-

267 2104 387 2162 σίαν
432 2107 530 2180 μὲν
586 2108 691 2182 γάρ
749 2107 840 2162 καὶ
918 2106 1171 2179 πορνείαν
1250 2104 1547 2166 διαϐολικὰ
1593 2111 1727 2166 εἶναι
1782 2114 1928 2183 πάθη

266 2195 359 2252 καὶ
385 2200 551 2268 ἡμεῖς
580 2194 988 2274 ὁμολογοῦμεν
1015 2198 1199 2275 γάμου
1257 2195 1317 2254 δί
1342 2204 1441 2255 τοῦ
1486 2201 1769 2278 σώφρονος
1831 2221 1927 2275 μεο

269 2285 471 2342 σιτεύει
503 2285 808 2361 συμφωνία,
839 2286 927 2343 ἐπί
955 2307 1013 2342 τε
1049 2289 1149 2357 τὴν
1200 2287 1372 2364 εὐχὴν
1401 2287 1677 2365 ἐγκρατῶς
1707 2288 1928 2364 ἄγουσα,

268 2376 360 2435 hci
386 2398 448 2434 τε
473 2378 577 2447 τήν
609 2374 961 2434 παιδοποιίαν
1017 2379 1151 2452 μετᾶ
1201 2379 1534 2452 σεμνότητος
1558 2381 1927 2459 νυμφεύουσα.

270 2471 480 2532 Γνῶσις
502 2470 633 2544 γοῦν
662 2466 753 2524 καὶ
803 2467 833 2523 6
887 2474 987 2537 τῆς
1031 2465 1391 2533 παιδοποιίας
1417 2470 1608 2545 καιρὸς
1637 2470 1773 2542 πρὸς
1827 2477 1928 2540 τῆς

270 2562 490 2633 Γραφῆς
522 2554 758 2629 εἴρηται,
790 2553 1006 2612 ἰπειδὰν
1035 2560 1132 2631 φῇ·
1170 2581 1199 2610 ιι
1254 2559 1435 2632 Ἔγνω
1467 2555 1523 2613 δὶ
1583 2555 1761 2633 Ἀδάμ
1787 2556 1927 2613 Εὕαν

268 2648 371 2716 τὴν
430 2651 664 2721 γυναῖκα
716 2644 903 2701 αὐτοῦ·
989 2645 1079 2702 καὶ
1147 2641 1498 2702 συλλαὸοὗσα
1553 2642 1727 2703 ἔτεκεν
1787 2649 1926 2704 υἱόν·

269 2736 361 2791 καὶ
425 2735 746 2808 ἰπωνόμασε
796 2735 861 2790 τὸ
948 2732 1124 2807 ὄνομα
1180 2734 1345 2790 αὐτοῦ
1417 2737 1555 2808 Σήθ*
1616 2736 1931 2809 Ἐξανέστη-

270 2847 332 2883 σε
362 2830 474 2899 (63)
503 2828 608 2902 γάρ
642 2846 736 2899 μοι
769 2827 799 2882 6
830 2827 960 2889 Θεὸς
992 2827 1209 2902 σπὲρμα
1246 2823 1431 2903 ἓτερον
1486 2826 1604 2883 ἀντὶ
1668 2823 1865 2886 νΑόελ.
1901 2852 1929 2881 ››

269 2917 459 2991 Ὁρᾷς,
510 2916 586 2979 είς
637 2915 762 2972 τίνα’
818 2916 1239 2995 βλασφημοῦσιν
1274 2917 1326 2971 οὶ
1378 2918 1777 2992 μυσαττόμενοι
1827 2918 1926 2986 τήν

274 3006 533 3083 σώφρονα
562 3006 795 3082 σπορὰν,
823 3005 914 3061 καὶ
942 3010 1024 3079 τῷ
1081 3004 1326 3080 διαϐόλῳ
1383 3007 1785 3081 προσάπτεσθαι
1816 3010 1928 3079 (64)

265 3097 503 3172 γένεσινο
537 3094 598 3151 οὗ
628 3094 727 3170 γὰρ
760 3096 888 3151 Θεὸν
944 3094 1136 3158 ἁπλῶς
1186 3100 1478 3171 προσεῖπεν
1511 3095 1539 3150 ὁ
1576 3100 1644 3169 τῇ
1674 3099 1774 3150 τοῦ
1831 3096 1930 3170 ἄρ-

272 3196 410 3261 θρου
463 3183 721 3260 προτάσει
774 3184 869 3239 τὸν
929 3183 1343 3259 παντοκράτορα
1417 3181 1695 3254 δηλώσας.
1752 3185 1815 3239 Ἦ
1873 3182 1932 3240 δὲ

274 3273 512 3353 ἆπιφορά
528 3277 626 3330 τοῦ
654 3272 1017 3332 ’Δποστόλουο
1083 3298 1111 3325 ‹‹
1172 3273 1277 3330 Καὶ
1335 3271 1503 3329 πάλιν
1565 3278 1677 3346 (65)
1724 3271 1812 3329 ἐπὶ
1868 3274 1932 3331 τὸ

269 3364 408 3420 αὐτὸ
437 3362 647 3439 γίνεσθε
674 3384 703 3416 ι
764 3359 856 3417 διὰ
912 3363 1004 3418 τὸν
1062 3368 1323 3433 Σατανᾶν,
1387 3362 1561 3417 ἐκεῖνο
1616 3361 1932 3438 προανακό-

270 3472 417 3521 sui,
455 3453 533 3524 μὴ
564 3449 641 3511 εἰς
672 3449 965 3525 ἆπιθυμίας
1021 3451 1206 3526 ὲτέρας
1263 3448 1597 3527 ἐκτραπῆναι
1656 3469 1810 3508 ποτε·
1870 3451 1933 3508 οὐ

272 3543 385 3616 γὰρ
432 3540 794 3615 ἀποκρούεται
847 3538 1059 3612 τέλεον,
1120 3540 1215 3603 τὰς
1269 3548 1371 3610 τῆς
1437 3541 1648 3619 φύσεως
1732 3541 1936 3617 ὀρέξεις

273 3629 624 3701 δυσωποῦσα,
683 3632 718 3699 ἡ
778 3629 1110 3705 πρόσκαιρος
1170 3629 1485 3703 συμφωνία·
1515 3628 1585 3685 δι’
1633 3632 1701 3701 ἢν
1733 3631 1932 3708 εἰσάγει

269 3718 441 3777 πάλιν
466 3720 568 3789 τὴν
599 3719 848 3796 συζυγίαν
878 3723 977 3773 τοῦ
1020 3720 1203 3795 γάμου
1261 3718 1361 3774 οὐκ
1415 3718 1495 3782 εἲς
1525 3720 1783 3794 ἀκρασίαν
1841 3722 1933 3775 καὶ

265 3812 526 3886 πορνείαν
556 3809 648 3865 καὶ
678 3809 744 3865 τὸ
798 3814 897 3865 τοῦ
952 3804 1218 3864 διαϐόλου
1275 3804 1458 3885 ἔργον,
1493 3808 1619 3867 ἀλλ’
1651 3810 1801 3871 ’ὁπως
1855 3811 1931 3883 μὴ

267 3900 518 3974 ὑποπὲσῃ
574 3898 808 3969 ἀκρασίᾳ
849 3899 938 3953 καὶ
999 3898 1227 3973 πορνείᾳ
1279 3899 1368 3954 καὶ
1430 3894 1700 3971 διαϐόλῳ.
1755 3900 1933 3975 Χωρί-

268 3991 494 4061 ζεικ(6ὃ)
526 3985 584 4043 δὲ
612 3987 702 4042 καὶ
748 3988 841 4043 τὸν
900 3985 1136 4042 παλαιὸν
1170 3984 1339 4062 ἄνδρα
1394 3989 1486 4044 καὶ
1542 3989 1606 4044 τὸ
1659 3989 1842 4044 καινὸν
1903 3989 1933 4044 ὁ

339 4114 419 4181 (al
445 4114 497 4168 II
526 4114 656 4169 Cor.
689 4130 767 4177 χι,
790 4113 1006 4186 3._(b)_I
1036 4112 1167 4167 Cor.
1201 4129 1296 4180 vn,
1329 4115 1380 4168 5.
1415 4113 1483 4186 (ο)
1515 4114 1715 4169 Matth.
1760 4131 1836 4183 Vl,
1894 4115 1983 4169 24.

266 4186 362 4260 (d)
392 4189 534 4242 Gen.
569 4201 640 4251 Iv,
664 4187 752 4239 25.
786 4184 868 4256 (e)
897 4185 916 4239 Ι
950 4184 1081 4239 Cor.
1121 4201 1215 4253 vn,
1249 4188 1302 4239 5.

340 4311 453 4383 (60)
487 4306 603 4363 Καί.
630 4309 836 4383 Melius
868 4308 1165 4383 legeretur
1193 4307 1260 4383 ᾧ,
1292 4309 1381 4365 vel
1401 4304 1549 4383 ὅθεν.
1577 4310 1792 4383 Lowra.

340 4376 455 4453 (61)
489 4379 842 4455 Σομφωνίαν.
866 4451 879 4455 _
906 4376 1038 4435 Haec
1088 4376 1569 4455 dixit__'l‘at_ianus
1612 4382 1927 4455 explicans

264 4456 295 4525 ξ
323 4449 454 4510 Cor.
489 4449 584 4525 vti,
618 4449 648 4506 5
676 4470 688 4507 :
855 4451 1202 4525 ἀποστερεῖτε
1235 4451 1549 4525 ἀλλήλους,
1582 4449 1631 4505 εἲ
1672 4449 1747 4525 μή
1782 4471 1829 4504 τι

264 4522 657 4599 ὶκμσυμφώνου
686 4523 823 4599 πρὸς
854 4521 1069 4599 καιρδνξ
1090 4521 1185 4599 ’ίνα
1239 4523 1554 4599 σχολάζητε
1607 4521 1927 4599 τῇζνηστείᾳ

261 4596 356 4671 καὶ
486 4592 794 4671 προσευχῇί
825 4594 914 4647 καὶ
946 4592 1111 4671 πάλιν
1168 4594 1255 4648 ἐπὶ
1276 4592 1379 4671 ’⁷τρ
1418 4592 1925 4671 αὐτὸὲσυνεὲρχεσθε,

255 4667 352 4723 ’ίνα
388 4664 464 4740 μὴ
508 4664 917 4740 πειράζῆὑμᾶς
976 4667 1004 4720 ὁ
1058 4670 1301 4740 Σατανᾶς
1357 4664 1444 4720 διὰ
1508 4667 1608 4732 τήν
1668 4664 1924 4740 ἀκρασίαν

269 4738 450 4812 ὑμῶν.
487 4738 667 4796 Porro
697 4738 921 4795 Tatiani
953 4739 1317 4812 verbahunc
1375 4755 1617 4812 sensum
1666 4739 1927 4812 prwbere

262 4810 582 4870 videntur:
616 4834 643 4862 «ι
669 4811 1036 4866 Consensum
1070 4810 1247 4882 igitur
1302 4810 1620 4883 Apostolus
1673 4810 1927 4883 orationi

263 4891 474 4957 aptum
501 4882 849 4957 pronuntiat
882 4898 894 4936 :
928 4881 1269 4957 communio
1331 4881 1528 4957 autem
1574 4881 1926 4953 corruptelas

262 4953 763 5014 intercessionem
818 4953 1087 5025 impedit.
1123 4953 1289 5010 Unde
1320 4971 1426 5025 per
1456 4954 1647 5025 ipsam
1677 4969 1925 5009 conces-

265 5030 504 5086 sionem
535 5042 735 5082 severe
766 5025 839 5081 ab
889 5041 958 5081 ea
1016 5032 1196 5081 arcet.
1255 5026 1406 5080 Dum
1442 5026 1602 5081 enim
1636 5026 1929 5096 permittit

264 5123 295 5153 α
330 5106 574 5173 propter
594 5099 874 5173 Satanam
934 5102 991 5152 et
1046 5098 1574 5173 intemperantiam
1630 5119 1658 5147 »
1714 5114 1926 5173 rursus

263 5168 608 5229 convenire.
632 5168 896 5225 declarat
928 5183 1085 5236 eum,
1118 5169 1218 5239 qui
1248 5168 1623 5240 Obsequitur,
1650 5190 1676 5217 ‹‹
1697 5168 1927 5223 duobus

262 5244 491 5300 servire
523 5240 820 5297 dominis:
853 5259 878 5288 ι
918 5256 1025 5310 per
1081 5256 1439 5296 consensum
1492 5239 1731 5311 quidem
1766 5243 1925 5299 (eum

262 5315 642 5384 scilicet.quo
665 5311 1051 5368 consentiunt
1073 5313 1358 5384 coniuges
1379 5329 1413 5367 a
1435 5328 1496 5366 se
1525 5311 1845 5378 abstinere,
1861 5317 1927 5367 ut

262 5385 522 5442 orationi
538 5383 1024 5453 vacent)Deo:per
1035 5383 1416 5439 violationem
1439 5386 1925 5448 consensus(eam

168 5486 187 5496 ν
258 5472 629 5530 nempe,qua
642 5455 1234 5530 diremptoconsensu
1247 5454 1320 5530 ad
1334 5455 1925 5530 conc_ubitu1_n_rever-

260 5524 495 5594 tuntur)
518 5524 1013 5598 intemperantiae,
1035 5532 1093 5580 et
1112 5526 1514 5598 fornicationi,
1540 5533 1597 5583 et
1627 5524 1915 5592 diabolo,:

332 5590 741 5673 (62)Κοινωνία
771 5592 827 5650 δὶ
882 5590 1085 5673 φθορᾶς
1115 5594 1233 5651 λύει
1283 5598 1383 5663 τήν
1442 5590 1550 5673 ἔντ.
1606 5590 1921 5673 Perperam

262 5668 564 5744 interpres
588 5668 999 5744 :aCommunio‘
1019 5674 1217 5725 autem
1238 5685 1345 5744 seu
1365 5668 1921 5744 conj_unctio,_inter-

256 5746 385 5803 itus
411 5739 587 5800 solvit
612 5739 1177 5813 interpellationem.
1193 5760 1223 5792 η
1239 5740 1393 5806 Quid
1410 5739 1570 5797 enim
1585 5745 1677 5797 est
1689 5761 1718 5792 ιι
1731 5740 1920 5797 inter-

2044 1869 2073 1899 ‹‹
2096 1848 2275 1903 simul
2298 1849 2613 1904 convenire
2631 1854 2874 1919 propter
2893 1848 3171 1903 Satanam
3195 1853 3253 1902 et
3282 1848 3465 1902 intem
3475 1863 3689 1919 peran-

2041 1937 2883 2017 tiamtb),»pronuntiaviteum
2896 1980 2908 2001 ,
2926 1937 3026 2008 qui
3047 1936 3687 2008 estobtemperaturus,

2042 2048 2071 2076 u
2103 2028 2459 2083 serviturum
2476 2027 2711 2082 duobus
2731 2025 2992 2081 dominis
3013 2033 3084 2093 (ο)
3106 2042 3119 2081 :
3147 2049 3174 2075 ››
3201 2042 3306 2097 per
3327 2041 3686 2081 consensum

2040 2117 2304 2188 quidem,
2339 2118 2492 2183 Deo;
2526 2132 2634 2187 per
2663 2116 3101 2172 dissensionem
3127 2121 3349 2182 autem,
3391 2115 3690 2184 intempe-

2039 2206 2247 2262 rantia;
2271 2211 2329 2262 et
2346 2205 2725 2261 fornicationi
2740 2210 2799 2260 et
2814 2204 3073 2261 diabolo.
3103 2224 3124 2253 ι
3143 2205 3278 2259 Haec
3296 2209 3496 2259 autem
3519 2194 3685 2271 dicit,

2038 2294 2388 2367 Apostolum
2412 2310 2736 2365 exponens.
2758 2293 3085 2364 Sophistice
3106 2299 3305 2348 autem
3326 2291 3516 2348 eludit
3536 2290 3686 2345 veri-

2039 2390 2243 2452 tatem,
2270 2400 2377 2455 per
2396 2399 2601 2439 verum
2620 2382 2837 2438 falsum
2859 2382 3221 2438 conﬁrmans
3245 2399 3259 2437 :
3282 2383 3690 2452 intemperan-

2039 2474 2179 2530 tiam
2212 2473 2372 2529 enim
2404 2478 2462 2529 et
2480 2472 2957 2536 fornicationem.
2983 2472 3281 2528 diabolica
3305 2472 3446 2527 vitia
3466 2475 3529 2526 et
3545 2470 3693 2527 alie-

2040 2564 2266 2620 ctiones
2296 2579 2405 2618 nos
2434 2579 2671 2634 quoque
2720 2563 3075 2618 conﬁtemur
3100 2580 3112 2629 ;
3145 2561 3461 2617 intercedit
3489 2566 3687 2615 autem

2040 2652 2331 2709 moderati
2361 2652 2728 2708 matrimonii
2760 2652 3096 2715 consensio,
3129 2668 3260 2721 quas
3294 2655 3418 2704 tum
3447 2648 3521 2703 ad
3550 2663 3688 2718 pre-

2043 2743 2338 2799 cationem
2361 2742 2742 2797 continenter
2761 2739 3019 2805 deducit,
3047 2744 3169 2793 tum
3190 2737 3264 2793 ad
3287 2736 3685 2808 procreandos

2041 2831 2259 2887 liberos
2291 2847 2425 2886 cum
2456 2831 2766 2885 honestate
2808 2828 3107 2884 conciliat.
3141 2849 3170 2877 ‹‹
3202 2826 3466 2898 Cognitio
3496 2847 3523 2874 »
3555 2824 3687 2896 qui-

2041 2919 2179 2976 dem
2204 2924 2363 2975 certe
2384 2935 2419 2974 a
2436 2918 2737 2989 Scriptura
2748 2918 2972 2973 dictum
2990 2921 3080 2972 est
3108 2922 3341 2988 tempus
3363 2915 3685 2970 liberorum

2042 3007 2495 3081 procreationis,
2527 3023 2662 3062 cum
2692 3006 2878 3062 dixit:
2902 3028 2931 3056 «
2962 3005 3243 3078 Cognovit
3271 3011 3469 3060 autem
3498 3004 3686 3060 Adam

2043 3100 2215 3153 Evam
2249 3112 2495 3152 uxorem
2520 3112 2688 3151 suam
2712 3114 2727 3160 ;
2758 3094 2823 3159 ἰι
2852 3100 2911 3149 et
2948 3094 3239 3166 concepit,
3264 3099 3323 3149 et
3351 3093 3581 3165 peperit
3609 3092 3689 3146 fl-

2040 3187 2209 3249 lium.
2229 3192 2287 3242 et
2301 3185 2630 3241 nominavit
2644 3201 2865 3241 nomen
2880 3184 3009 3257 ejus
3020 3185 3159 3239 Seth
3176 3201 3188 3238 :
3204 3182 3513 3239 Suscitavit
3528 3182 3689 3237 enim

2040 3276 2190 3333 mihi
2221 3277 2376 3331 Deus
2396 3273 2561 3330 aliud
2583 3290 2788 3331 semen
2819 3291 2925 3346 pro
2942 3273 3088 3330 Abel
3108 3274 3211 3346 (ἁ).
3238 3295 3266 3323 ››
3287 3271 3485 3337 Vides,
3510 3288 3687 3343 quem

2042 3382 2182 3421 nam
2194 3364 2528 3421 maledictis
2552 3364 2872 3429 incessunt,
2889 3364 2989 3435 qui
3014 3364 3322 3418 honestam
3336 3379 3403 3418 ac
3418 3360 3688 3417 modera-

2041 3461 2166 3512 tam
2187 3456 2497 3511 incessunt
2518 3453 2995 3521 seminationem,
3021 3459 3080 3507 et
3100 3450 3336 3508 diabolo
3358 3450 3692 3507 attribuunt

2042 3543 2506 3618 generationem.
2541 3541 2671 3596 Non
2703 3541 2863 3597 enim
2904 3540 3257 3611 simpliciter
3302 3541 3488 3594 Deum
3520 3538 3687 3605 dixit,

2043 3633 2144 3704 qui
2158 3631 2391 3687 articuli
2405 3630 2837 3702 prmmissione,
2853 3645 3067 3700 nempe
3090 3628 3118 3682 6
3133 3625 3691 3699 Oedcdicens,signi-

2044 3721 2239 3777 ticavit
2267 3736 2423 3785 eum,
2458 3718 2559 3789 qui
2583 3724 2676 3773 est
2703 3719 3105 3788 omnipotens.
3131 3717 3386 3782 Quodab
3408 3715 3690 3787 Apostolo

2043 3815 2241 3866 autem
2282 3807 2698 3880 subjungitur:
2729 3829 2758 3858 «
2794 3809 2864 3861 Et
2900 3824 3107 3862 rursus
3157 3806 3333 3862 simul
3383 3804 3691 3861 convenite

2043 3904 2285 3971 propter
2315 3899 2591 3953 Satanam
2616 3897 2709 3966 (e),
2736 3917 2764 3945 ι»
2798 3898 2858 3950 in
2886 3912 3021 3951 eum
3044 3897 3227 3951 finem
3249 3895 3488 3960 dicitur,
3509 3898 3575 3949 ut
3593 3909 3694 3948 oc-

2042 3988 2344 4044 casionem
2360 3986 2531 4041 tollat
2545 3984 2620 4040 ad
2637 3985 2785 4040 alias
2801 3983 3141 4039 declinandi
3164 3983 3537 4056 cupiditates.
3564 3984 3690 4037 Non

2036 4111 2100 4177 ›ι‹
2147 4114 2209 4167 Ρ.
2271 4112 2373 4165 548
2421 4110 2532 4165 ED.
2593 4111 2886 4179 POTTER,
2941 4111 3067 4178 460,
3123 4108 3216 4164 461
3284 4110 3396 4164 ED.
3456 4107 3682 4163 PARIS.

2039 4309 2155 4365 itus
2187 4306 2627 4380 interpellatio?
2649 4330 2675 4356 ››
2692 4307 2785 4380 Sic
2804 4306 2993 4380 igitur
3024 4304 3539 4380 distinguendum:
3559 4305 3688 4380 Κοι-

2035 4401 2138 4434 νων
2150 4379 2197 4434 ία
2222 4377 2279 4432 δὲ
2302 4372 2518 4453 φθορᾶςΔ
2540 4375 2658 4430 λύει
2683 4377 2781 4444 τήν
2802 4372 3048 4453 ἔστευᾳξιν.
3074 4401 3100 4423 u
3125 4372 3473 4453 Coinrnunio
3487 4378 3686 4453 autem

2037 4445 2420 4523 corruptelzef
2446 4473 2472 4499 ››
2507 4450 2615 4504 hoc
2647 4455 2737 4523 est
2762 4445 3017 4505 carnalis
3047 4447 3430 4523 concubitus,
3454 4466 3480 4493 ‹‹
3503 4445 3691 4523 inter-

2036 4516 2367 4579 cessio-nem
2393 4545 2419 4571 ››
2452 4538 2520 4576 ac
2552 4520 2882 4574 orationem
2918 4540 2946 4567 ‹‹
2983 4518 3157 4573 solvit
3205 4539 3231 4568 η
3296 4534 3363 4573 ac
3416 4516 3682 4586 impedit.

2036 4597 2182 4651 Nam
2215 4595 2495 4649 Tatianus
2525 4591 2893 4645 connubium
2920 4590 3144 4644 vocavit
3172 4588 3398 4662 φθοράν,
3432 4588 3690 4658 Epipha-

2037 4668 2173 4721 nius
2197 4666 2268 4720 de
2301 4682 2368 4720 eo
2402 4665 2527 4718 haec
2548 4662 2711 4727 dicit,
2744 4664 2953 4716 haeres.
2986 4663 3053 4715 46
3089 4656 3224 4729 εΤόν
3255 4656 3311 4714 δὲ
3338 4656 3513 4729 γάμον
3545 4656 3685 4729 πορ-

2037 4683 2173 4721 mus
2197 4680 2268 4720 de
2301 4682 2368 4720 eo
2404 4680 2527 4718 nec
2548 4680 2711 4727 mcn,
2744 4680 2953 4716 maeres.
2986 4680 3053 4715 Iw
3089 4680 3101 4715 :
3134 4680 3224 4713 ιον
3255 4680 3311 4714 οε
3375 4680 3513 4729 αμον
3545 4680 3685 4729 πορ-

2036 4740 2180 4791 νείαν
2212 4735 2300 4809 καὶ
2334 4734 2538 4809 φθορᾷν
2570 4734 2802 4809 ἡγεῖται,
2833 4730 3051 4809 φάσκων
3105 4728 3295 4809 μηδὲν-
3337 4680 3685 4809 διαλλάττειν

2034 4806 2291 4880 πορνείας
2320 4800 2411 4861 τ’ὸν
2432 4800 2633 4879 γάμον,
2667 4802 2796 4858 ἀλλ’
2834 4800 2968 4856 αὐτὸ
2998 4800 3156 4880 εἶναι·
3194 4826 3222 4855 ‹‹
3253 4804 3497 4880 Nuptias
3519 4800 3690 4858 adul-

2037 4876 2254 4936 terium
2285 4895 2413 4934 esse
2445 4876 2674 4932 merum
2700 4881 2758 4931 et
2786 4876 3188 4947 corruptelam
3222 4876 3537 4937 existimat.
3574 4891 3685 4947 nec

2037 4953 2110 5011 ab
2142 4951 2244 5007 illo
2268 4950 2604 5020 discrepare
2635 4948 2900 5020 penitus,
2930 4946 3063 5020 sed_
3089 4946 3249 5003 idem
3282 4964 3429 5020 esse.
3459 4969 3494 5020 n
3520 4946 3685 5002 Unde

2037 5024 2311 5094 Clemens
2338 5015 2514 5094 paulo
2547 5015 2683 5094 ante
2709 5017 2818 5094 ε.οὐ
2849 5019 2971 5093 γὰρ,
3035 5015 3123 5094 ὣς⁸
3161 5039 3303 5094 τινες
3334 5017 3688 5094 ἐξηγήσαντο,

2038 5087 2454 5169 δέσινᾲγυνμαῖκός
2479 5090 2615 5169 πρὸς
2644 5087 2811 5169 ἄνδρα
2839 5087 2937 5158 τῆς
2967 5089 3166 5169 σαρκὸς
3197 5087 3462 5169 πρὸς-τήν
3485 5089 3688 5169 φθορὰν

2038 5160 2347 5231 ἐπιπλοκὴν
2406 5160 2703 5236 μηνῦεσθαι
2746 5160 3175 5236 ’ὑποτοπητέονο
3229 5160 3256 5214 ιι
3318 5165 3444 5219 Non
3504 5163 3686 5236 enim.

2036 5238 2353 5310 utquidam
2374 5234 2439 5293 ex
2450 5236 2881 5308 plicarunt,per
2900 5234 3169 5310 mulieris
3186 5235 3260 5290 ad
3278 5236 3463 5310 virum
3483 5235 3689 5310 alliga-

2036 5305 2633 5369 tionem.carniscum
2650 5305 3480 5379 corruptelaconjunctionem
3505 5305 3686 5377 signi-

2036 5384 2199 5439 ficari
2229 5379 2555 5454 putandum
2579 5386 2684 5454 est.
2700 5378 3155 5454 iiSic’enimAlﬁec
3173 5378 3682 5454 vertidebuerunt.

2107 5445 2385 5521 163)’Σήθ·
2564 5450 2701 5519 Σήθ,
2729 5445 2980 5523 λέγουσω
3014 5448 3118 5518 Ἐξ.
3165 5451 3372 5523 Genes.

2104 5519 2220 5592 (64)
2252 5519 2680 5595 Προσάπτεσθαι.
2719 5519 2958 5595 Rectius
3000 5519 3467 5595 npoqantdgavdt.

2105 5587 2219 5668 (65)
2278 5587 2376 5650 Καὶ
2435 5592 2977 5668 πάλαλιιῖιρθι-Γθοιε
3030 5587 3239 5648 recitat
3289 5587 3457 5645 Pauli
3507 5587 3688 5644 verba

2030 5666 2209 5741 paulo
2243 5668 2521 5741 superius
2552 5666 2753 5741 allata.

2101 5740 2216 5813 (66)
2241 5731 2499 5814 Χώρίζει.
2548 5740 2687 5806 Quae
2720 5740 3072 5807 sequuntur,
3112 5733 3227 5791 hoc
3257 5731 3435 5790 modo
3467 5731 3682 5791 distin-
