4048 6186
369 277 507 332 “83

1599 274 2005 330 CLEMENTIS
2042 272 2538 331 ALEXANDRINI

3644 272 3780 333 1184

366 401 526 459 enim
552 400 791 473 penitus
821 399 1061 471 repellit
1097 402 1325 453 natura)
1356 398 1771 470 appetitiones,
1803 397 1905 469 qui
1946 396 2013 451 fit

2134 393 2408 464 Γατιανὸς,
2440 391 2568 449 ἀλλ’
2597 392 2705 469 οὐχ
2730 393 2806 455 ὡς
2830 395 2998 467 ἡμεῖς
3025 413 3223 472 φαμεν·
3275 419 3306 447 ‹‹
3355 394 3595 453 παλαιὸν
3628 422 3659 451 »

368 490 441 547 ad
474 495 728 561 tempus,
761 503 1128 543 consensus:
1162 505 1266 559 per
1315 504 1493 559 quem
1544 503 1749 542 rursus
1789 487 2018 542 inducit

369 578 689 651 Apostolus
711 578 863 633 198
887 577 1367 650 conjugationem
1390 577 1776 643 matrimonii,
1800 593 1920 630 non
1943 575 2017 629 ad

367 669 891 739 intemperantiam
925 673 983 721 et
1013 667 1463 722 fornicationem
1497 674 1556 722 et
1583 683 1731 737 opus
1773 664 2014 730 diaboli,

369 758 472 814 sed
504 774 580 813 ne
610 757 964 830 subjugetur
1002 757 1497 827 intemperantiae,
1530 754 1928 821 fornicationi,
1960 759 2021 808 et

368 842 628 900 diabolo.
662 844 981 917 Distinguit
1009 849 1205 899 autem
1245 850 1501 899 veterem
1548 859 1784 915 quoque
1814 842 2016 897 homi-

369 949 511 989 nem
541 939 601 988 et
630 950 848 988 novum
869 934 1171 1000 Tatianus,
1197 934 1298 989 sed
1323 950 1445 987 non
1468 938 1534 988 ut
1552 933 1828 999 dicimuS,
1851 954 1878 981 «
1911 934 2014 985 Ve-

369 1029 559 1078 terem
586 1044 613 1072 »
636 1023 878 1093 quidem
903 1045 930 1072 ιι
955 1024 1167 1087 virum,
1195 1045 1219 1072 κ
1248 1023 1436 1096 legem
1461 1042 1474 1090 ;
1502 1040 1718 1078 novum
1743 1043 1766 1072 ο
1792 1027 2013 1087 autem,

368 1112 767 1184 Evangelium.
796 1111 1171 1167 Assentimur
1192 1112 1245 1166 ei
1277 1129 1385 1166 nos
1411 1129 1648 1183 quoque
1673 1111 1776 1167 sed
1807 1127 1926 1164 non
1948 1126 2016 1164 eo

368 1202 566 1269 modo,
600 1217 717 1272 quo
747 1200 870 1254 vult
899 1201 1023 1265 ille,
1058 1200 1389 1256 dissolvens
1420 1200 1612 1274 legem
1658 1207 1726 1255 ut
1773 1198 2017 1255 alterius

368 1292 470 1347 Dei
496 1308 509 1347 :
545 1290 648 1345 sed
678 1289 836 1344 idem
869 1290 955 1343 vir
984 1295 1042 1343 et
1071 1290 1377 1355 Dominus,
1428 1290 1570 1346 dum
1614 1296 1807 1345 vetera
1830 1305 2014 1344 reno-

364 1385 479 1446 vat,
511 1396 632 1434 non
662 1378 920 1450 amplius
951 1378 1229 1433 concedit
1258 1378 1655 1451 polygamiam
1678 1380 1840 1444 (nam
1864 1378 2017 1432 hanc

367 1467 607 1539 quidem
632 1466 945 1538 expetebat
962 1467 1136 1531 Deus,
1160 1466 1400 1537 quando
1413 1466 1723 1538 oportebat
1740 1466 2015 1521 homines

366 1558 565 1629 augeri
586 1561 643 1611 et
659 1554 1089 1626 multiplicari),
1115 1554 1220 1610 sed
1234 1556 1672 1627 monogamiam
1691 1554 2018 1609 introducit

365 1651 608 1718 prOpter
624 1644 952 1699 liberorum
972 1645 1446 1714 procreationem
1466 1651 1526 1699 et
1553 1645 1767 1699 domus
1788 1659 2015 1710 curam,

365 1733 440 1790 ad
466 1749 645 1804 quam
677 1732 812 1788 data
844 1738 934 1788 est
970 1732 1189 1787 mulier
1217 1732 1477 1803 adjutrix
1501 1750 1515 1787 :
1540 1738 1600 1788 et
1635 1733 1684 1787 si
1724 1733 1817 1788 cui
1859 1734 2016 1802 Apo-

365 1822 555 1879 stolus
574 1828 818 1894 propter
838 1822 1366 1893 intemperantiam
1381 1828 1439 1877 et
1454 1822 1773 1886 ustionem,
1786 1822 2018 1876 veniam

365 1911 611 1967 secundi
635 1910 909 1966 concedit
929 1910 1295 1967 matrimonii
1325 1927 1338 1965 :
1361 1928 1502 1966 nam
1523 1911 1619 1967 hic
1643 1927 1879 1982 quoque
1898 1925 2018 1966 non

363 2007 572 2075 peccat
611 2000 856 2072 quidem
880 2017 950 2056 ex
975 2002 1353 2055 Testamento
1375 2000 1519 2071 (non
1544 2006 1634 2055 est
1652 2000 1814 2055 enim
1835 2016 1869 2055 a
1889 2000 2017 2074 lege

364 2090 744 2161 prohibitus),
777 2106 899 2144 non
924 2089 1137 2160 implet
1156 2095 1355 2144 autem
1380 2105 1676 2144 summam
1698 2089 1865 2144 illam
1890 2090 2022 2145 vitm

365 2177 817 2250 perfectionem,
838 2194 969 2248 qum
991 2179 1182 2249 agitur
1196 2195 1264 2234 ex
1278 2178 1612 2251 Evangelia.
1634 2178 1891 2233 Gloriam
1915 2195 2021 2234 auo

365 2272 488 2323 tem
519 2267 632 2323 sibi
655 2268 913 2338 acquirit
941 2267 1264 2327 caelestem.
1299 2269 1399 2339 qui
1430 2269 1587 2339 apud
1620 2284 1683 2323 se
1712 2268 2021 2336 manserit,

369 2372 525 2422 eam,
558 2372 690 2426 quae
722 2361 812 2409 est
836 2362 1024 2410 morte
1046 2355 1355 2421 dissoluta,
1381 2356 1755 2428 impollutam
1779 2374 2021 2412 servans

366 2445 874 2517 conjunctionem,
918 2450 976 2500 et
1003 2450 1169 2518 grato
1199 2461 1267 2500 ac
1316 2446 1559 2501 lubente
1607 2446 1805 2501 animo
1844 2453 2025 2518 paret

365 2533 734 2595 (economim.
768 2551 875 2605 per
904 2550 1087 2603 quam
1117 2534 1392 2590 effectum
1425 2540 1533 2602 est,
1574 2541 1643 2590 ut
1662 2534 1863 2589 divelli
1898 2552 2021 2591 non

364 2623 554 2696 possit
583 2638 619 2677 a
646 2621 883 2677 Domini
924 2622 1277 2678 ministerio.
1323 2622 1431 2677 Sed
1483 2639 1592 2678 nec
1629 2639 1786 2691 eum,
1816 2625 1919 2695 qui
1950 2641 2022 2681 ex

369 2709 669 2782 conjugali
699 2710 887 2783 surgit
906 2710 1110 2777 cubili,
1126 2711 1405 2766 similiter
1423 2716 1489 2766 ut
1507 2711 1674 2778 olim,
1690 2713 1837 2786 tingi
1861 2730 2022 2769 nunc

381 2816 617 2872 quoque
640 2798 816 2870 jubet
866 2799 1067 2854 divina
1112 2816 1218 2871 per
1264 2801 1583 2856 Dominum
1614 2802 2019 2872 providentia:

373 2906 493 2945 non
528 2889 690 2943 enim
721 2888 1057 2944 necessario
1080 2905 1114 2944 a
1139 2889 1463 2945 liberorum
1487 2889 1730 2947 abducit
1750 2909 2021 2963 procrea~

369 2979 554 3045 tione,
590 2979 693 3049 qui
725 2977 1037 3033 credentes
1056 2996 1164 3050 per
1184 2995 1368 3034 unum
1393 2979 1753 3051 baptismum
1775 2982 1849 3036 ad
1880 2999 2021 3037 con-

370 3067 751 3124 suetudinem
779 3068 940 3122 omni
971 3084 1041 3122 ex
1063 3074 1228 3139 parte
1247 3068 1569 3140 perfectam
1590 3069 1798 3137 abluit,
1822 3072 2018 3126 Domi-

2127 506 2155 534 «
2188 479 2356 553 ἄνδρα
2381 484 2524 537 »τὸν
2549 483 2740 555 νόμον,
2770 507 2802 535 (ι
2829 484 3014 537 καινὸν
3049 509 3077 535 ››
3096 481 3153 539 δὲ
3183 484 3245 539 τὸ
3276 484 3792 561 Εύαγγέλιον,συμ-

2125 576 2414 646 φωνοὸμεν
2462 572 2612 644 αὐτῷ
2668 572 2759 627 καὶ
2813 570 2968 627 αὐτοὶ
3027 570 3318 647 λέγοντες,
3376 574 3531 642 πλὴν
3588 577 3705 631 οὐχ

2130 657 2388 734 βούλεται
2444 660 2649 721 ἐκεῖνος
2685 703 2698 729 ,
2748 658 3039 716 καταλύων
3088 663 3184 717 τὸν
3244 661 3414 734 νόμον
3473 663 3552 725 ὡς
3612 663 3792 721 ἄλλου

2125 752 2278 802 Θεοῦ·
2313 746 2499 804 ἀλλ’ὁ
2532 747 2691 811 αὐτὸς
2739 750 2876 824 ἀνὴρ
2928 750 3018 804 καὶ
3081 751 3299 825 Κύριος,
3348 750 3562 808 παλαιά
3619 754 3794 809 xum:-

2128 840 2233 905 ζων
2264 840 2403 910 (67),
2456 837 2518 892 οὐ
2587 835 2943 912 πολυγαμίαν
3002 832 3081 892 ἔτι
3141 847 3443 914 συγχιυρεῖσ
3476 842 3631 910 (τότε
3688 844 3796 917 γὰρ

2128 925 2323 999 ἂπῄτει
2363 928 2473 1001 (68)
2528 927 2556 981 6
2605 928 2759 992 Θεὸς,
2821 925 2911 981 ὅτε
2967 925 3283 996 αὐξάνεσθαι
3340 928 3431 983 καὶ
3478 927 3794 999 πληθύνειν

2126 1012 2345 1090 ἐχρῆν)
2395 1017 2733 1091 μονογαμίαν
2785 1013 2844 1071 δὲ
2901 1015 3103 1092 εἷ’σάγει
3155 1014 3245 1071 διὰ
3291 1015 3644 1074 παιδοποιίαν
3705 1024 3802 1078 καὶ

2122 1105 2224 1171 την
2269 1109 2368 1158 τοῦ
2426 1102 2580 1160 οἶκου
2629 1102 2980 1177 κηδεμονίαν,
3039 1105 3116 1168 είς
3176 1106 3243 1175 ἢν
3298 1108 3504 1182 βοηθὸς
3547 1106 3719 1179 ἐδόθη
3756 1112 3795 1178 ἠ

2125 1194 2283 1267 γυνή’
2328 1193 2417 1248 καὶ
2452 1195 2499 1248 εἳ
2543 1215 2651 1248 τινι
2681 1199 2795 1267 (69)
2825 1195 2854 1248 6
2888 1193 3229 1257 ’Δπόστολος
3277 1192 3348 1250 δι’
3387 1195 3650 1270 ἀκρασίαν
3700 1200 3799 1253 καὶ

2124 1282 2368 1357 πύρωσιν
2413 1284 2550 1337 κατὰ
2606 1285 2937 1359 συγγνώμην
2999 1279 3250 1359 δευτέρου
3301 1282 3632 1357 μεταδίδωσι
3686 1291 3800 1361 γά-

2129 1389 2255 1447 μου’
2279 1372 2391 1428 ἐπεὶ
2416 1372 2504 1427 καὶ
2537 1374 2693 1435 οὗτος
2727 1372 2840 1448 οὐχ
2896 1374 3188 1449 ἁμαρτάνει
3251 1374 3344 1447 μὲν
3402 1377 3540 1431 κατᾶ
3580 1379 3802 1449 Διαθή-

2123 1483 2226 1531 κην
2260 1461 2345 1534 (οὐ
2376 1462 2477 1537 γὰρ
2505 1460 2813 1517 κεκώλυται
2844 1462 2979 1534 πρὸς
3025 1467 3124 1516 τοῦ
3182 1465 3402 1534 νόμου),
3461 1464 3525 1520 οὐ
3571 1464 3800 1541 πληροῖ

2125 1547 2184 1606 δὲ
2211 1557 2310 1620 τῆς
2334 1551 2471 1605 κατά
2497 1550 2561 1605 τὸ
2590 1549 2929 1625 Εὐαγγὲλιον
2986 1550 3272 1615 πολιτείας
3321 1554 3419 1622 τήν
3477 1555 3597 1608 κατ’
3665 1552 3799 1609 ἐπί-

2123 1659 2274 1694 τασιν
2296 1638 2639 1708 τελειότητα·
2675 1636 2831 1708 δόξαν
2886 1636 2946 1694 δὲ
3000 1640 3154 1712 αὐτῴ
3191 1640 3450 1717 οὐράνιον
3505 1648 3797 1713 «spinosi,

2129 1727 2315 1801 μείνας
2347 1727 2670 1803 ἐφ’ἒαυτοῦ,
2719 1726 2810 1782 καὶ
2864 1727 2964 1796 τὴν
3022 1725 3369 1784 διαλυθεῖσαν
3423 1730 3640 1804 θανάτῳ
3694 1752 3795 1787 συ-

2132 1815 2319 1891 ζυγίαν
2347 1813 2615 1891 ἄλραντον
2640 1814 2950 1894 φυλάσσων,
3002 1818 3089 1873 καὶ
3141 1817 3210 1892 τῇ
3256 1817 3548 1892 οἰκονομίᾳ
3600 1820 3794 1885 πειθό-

2133 1925 2291 1978 μενος
2346 1903 2668 1981 εὐαρέστως,
2725 1906 2845 1969 καθ’
2902 1906 2968 1976 ἢν
3055 1904 3456 1979 ἆπερίσπαστος
3515 1910 3635 1981 (⁸70)
3687 1915 3795 1977 τῆς

2127 1999 2224 2049 τοῦ
2255 1994 2457 2068 Κυρίου
2486 1995 2682 2069 γέγονε
2739 1992 3104 2070 λειτουργίας.
3153 1992 3295 2053 Οὐδὲ
3353 1996 3461 2068 μὴν
3528 1996 3623 2052 τὸν
3682 1997 3794 2052 ἀπὸ

2126 2090 2227 2153 τῆς
2258 2082 2395 2138 κατὰ
2432 2084 2689 2159 συζυγίαν
2755 2082 2945 2153 κοίτης
2994 2086 3129 2157 (71).
3188 2084 3398 2157 ὁμοίως
3457 2086 3535 2146 ὡς
3591 2086 3795 2157 πάλαι,

2133 2172 2483 2249 βαπτίζεσθαι
2540 2173 2628 2227 καὶ
2678 2176 2772 2226 νῦν
2834 2173 3160 2247 προστάσσει
3233 2176 3267 2242 ἡ
3350 2175 3466 2238 θεία
3521 2171 3616 2229 διὰ
3681 2178 3793 2232 Κυο

2130 2262 2249 2337 ρίου
2333 2263 2585 2335 πρόνοιαο
2679 2262 2745 2317 οὐ
2826 2264 2927 2337 γάρ
3041 2261 3335 2338 ἐπάναγκες
3431 2260 3795 2327 παιδοποιίας

2129 2351 2387 2428 ἀφίστησι
2465 2350 2593 2413 τοὺς
2670 2349 3019 2413 πιστεύοντας
3058 2395 3072 2420 ,
3134 2348 3203 2406 δι’
3269 2351 3388 2414 ἐνὸς
3477 2353 3793 2429 βαπτίσμα-

2126 2457 2224 2502 τυς
2309 2440 2386 2504 είς
2484 2441 2547 2495 τὸ
2630 2438 2893 2501 παντελὲς
2984 2447 3085 2503 τῆς
3160 2440 3385 2513 ὁμιλίας
3465 2441 3790 2503 ἀπολούσας

2129 2530 2158 2584 6
2222 2529 2441 2604 Κύριος,
2520 2528 2567 2584 εἰ
2626 2529 2714 2584 καὶ
2769 2529 2838 2584 τά
2893 2528 3081 2584 πολλᾶ
3139 2531 3418 2592 Μωυσέως
3506 2528 3580 2586 δι’
3666 2531 3784 2593 ἑνὸς

2127 2612 2444 2693 περιλαϐὼν
2478 2618 2871 2694 βαπτίσματος.
2933 2619 3174 2674 ’Λνωθεν
3227 2615 3318 2673 οὗν
3373 2619 3403 2674 6
3458 2619 3637 2691 νόμος
3688 2621 3788 2688 τὴν

2130 2706 2480 2782 ἀναγεννησιν
2513 2710 2677 2780 ἡμῶν
2738 2708 3118 2781 προφητεύων,
3178 2704 3269 2761 διὰ
3308 2715 3574 2781 σαρκικῆς
3644 2709 3791 2783 γενέ-

2130 2816 2287 2861 σεως,
2346 2794 2434 2850 ἐπὶ
2482 2799 2552 2867 τῇ
2609 2794 2898 2872 γεννητικῇ
2949 2799 3048 2850 τοῦ
3100 2794 3412 2871 σπέρματος
3488 2801 3790 2875 προσέφερε

2126 2886 2189 2940 τὸ
2225 2884 2528 2960 βάπτισμα,
2578 2884 2639 2940 οὐ
2698 2882 3130 2961 βδελυσσόμενος
3206 2885 3500 2961 ἀνθρώπου
3556 2887 3787 2961 γένεσιν

2128 2975 2158 3030 ’ὸ
2195 2977 2297 3050 γάρ
2355 2974 2597 3051 φαίνεται
2654 2975 2931 3049 γεννηθεὶς
2990 2972 3298 3051 ἄνθρωπος,
3343 2980 3509 3030 τοῦτο
3567 2973 3789 3031 δύναται

2128 3066 2163 3132 ἠ
2203 3068 2299 3118 τοῦ
2330 3064 2641 3139 σπέρματος
2663 3057 2970 3133 καταϐολή.
2999 3063 3211 3121 Οὐκοῦν
3261 3065 3318 3118 αἱ
3356 3062 3567 3120 πολλαὶ
3599 3086 3788 3120 συνουά

370 3174 506 3224 nus,
540 3157 641 3229 qui
673 3156 853 3213 etiam
876 3156 1064 3213 multa
1086 3139 1299 3229 Moysis
1321 3158 1679 3229 baptismate.
1708 3176 1815 3230 per
1833 3176 2019 3215 unum

2135 3152 2244 3207 σίαι
2274 3151 2521 3226 γόνιμοι,
2551 3149 2678 3206 ἀλλ’
2731 3154 2767 3220 ἡ
2822 3158 2922 3221 τῆς
2974 3155 3184 3227 μήτρας
3229 3152 3525 3228 παραδοχὴ
3555 3155 3657 3223 τήν
3700 3152 3791 3228 γὲο

369 3251 433 3316 *
463 3243 917 3317 comprehendit
946 3244 1328 3316 baptismum.
1363 3244 1619 3299 Proinde
1661 3245 1775 3313 lex,
1824 3252 1892 3301 ut
1915 3263 2023 3317 per

370 3334 671 3391 carnalem
702 3334 1150 3405 generationem
1182 3340 1448 3390 nostram
1479 3334 1829 3406 praadiceret
1855 3351 2020 3408 rege-

369 3425 766 3490 nerationem,
797 3423 1042 3497 genitali
1076 3423 1341 3480 seminis.
1362 3424 1629 3480 facultati
1657 3424 2022 3497 baptismum

375 3513 520 3568 olim
552 3512 846 3580 adhibuit,
880 3529 1001 3568 non
1032 3529 1168 3568 vero
1200 3512 1358 3584 quod
1380 3512 1453 3568 ab
1483 3513 1745 3569 hominis
1774 3530 2020 3587 genera-

369 3601 533 3656 tione
563 3600 932 3657 abhorreret.
965 3602 1130 3667 Quod
1173 3602 1334 3658 enim
1365 3607 1612 3674 apparet
1632 3602 1809 3657 homo
1842 3619 2020 3675 gene-

368 3695 555 3756 ratus,
588 3689 700 3745 hoc
731 3690 888 3746 valet
927 3691 1173 3747 seminis
1203 3691 1476 3763 dejectio.
1529 3693 1655 3747 Non
1700 3697 1839 3747 sunt
1885 3708 2021 3763 ergo

370 3778 544 3834 multi
573 3778 764 3834 coitus
795 3780 1103 3851 genitales,
1124 3780 1228 3835 sed
1248 3781 1512 3836 matricis
1539 3782 1844 3853 susceptio
1874 3781 2020 3837 fate-

370 3872 467 3922 tur
492 3868 961 3939 generationem,
1003 3884 1138 3923 cum
1167 3874 1229 3923 in
1274 3876 1502 3924 natura
1548 3870 1788 3925 ofﬁcina
1817 3887 2022 3926 semen

369 3956 662 4012 formatur
685 3956 747 4010 in
773 3955 979 4011 fetum.
1014 3957 1319 4021 Quomodo
1345 3963 1543 4014 autem
1575 3964 1740 4014 vetus
1780 3958 2022 4029 quidem

371 4050 461 4105 est
491 4044 684 4100 solum
725 4045 1175 4100 matrimonium
1206 4052 1264 4100 et
1310 4045 1457 4120 legis
1501 4048 1829 4119 inventum,
1875 4048 2019 4104 alie-

439 4168 504 4235 >Χ4
531 4171 593 4227 Ρ.
623 4170 726 4225 549
757 4170 868 4224 ΕΙ).
901 4170 1194 4237 ΡΟΤΤΕΒ,
1222 4171 1348 4240 461,
1378 4172 1482 4225 462
1511 4173 1622 4228 ED.
1648 4173 1873 4227 PARIS.

404 4315 555 4400 ui‘et
586 4314 867 4402 explicari
898 4316 1203 4402 potuerint
1235 4332 1247 4369 :
1280 4313 1526 4402 Χωρίζεὲι
1547 4311 2017 4402 δείκφαμενςκπα-

366 4331 463 4443 gl“
497 4331 555 4370 θι
586 4331 867 4387 explicari
898 4331 1203 4402 powerlnt
1235 4332 1247 4369 ἶ
1280 4331 1514 4386 Λωριςει
1547 4331 1671 4370 οε...
1739 4334 2017 4387 αμενοπα-

408 4385 523 4438 αιὸν
561 4386 653 4458 μὲν
687 4382 965 4461 ἄνδρα-τον
1009 4385 1204 4461 νόμον,
1261 4385 1446 4461 καινὸν
1481 4384 1537 4461 δὲ
1584 4386 1647 4461 τὸ
1678 4335 2017 4461 Εῗύαγγὲλιον

369 4456 956 4534 συμφωνοῦμεναύτῷ
985 4456 1089 4511 καῖ’
1132 4456 1285 4512 αὐτοὶ
1320 4457 1373 4512 λ.
1409 4456 1815 4534 «(#Distinguit'
1840 4456 2019 4534 etiam

2128 3262 2270 3297 νεσιν
2309 3240 2595 3316 ὁμολογεῖ,
2623 3238 2678 3296 ἐν
2708 3245 2788 3312 τῷ
2833 3247 2935 3309 τῆς
2994 3241 3207 3319 φύσεως
3264 3240 3616 3316 ἐργαστηρίῳ
3663 3241 3786 3297 δια-

2129 3328 2511 3403 πλαττομένου
2537 3331 2634 3384 τοῦ
2684 3328 2993 3403 σπέρματος
3035 3328 3111 3391 εἷς
3160 3325 3419 3405 ἔμϐρυον.
3450 3335 3583 3393 Πῶς
3647 3328 3706 3387 δὶ
3759 3334 3786 3388 6

2134 3422 2229 3495 μὲν
2257 3422 2434 3497 γάμος
2465 3418 2701 3486 παλαιὸς
2732 3419 2894 3494 μόνον
2926 3421 3016 3475 καὶ
3064 3419 3237 3494 νόμου
3285 3420 3523 3495 εὓρημα,
3555 3421 3786 3487 ἀλλοῖος

2132 3507 2189 3565 δὲ
2219 3511 2407 3566 ὁκατὰ
2442 3510 2534 3566 τὸν
2596 3509 2789 3584 Κύριον
2846 3511 3052 3583 γάμος,
3105 3510 3204 3565 τοῦ
3252 3509 3417 3566 αὐτοῦ
3469 3515 3610 3566 Θιοῦ
3649 3511 3781 3586 πρὸς

2130 3601 2291 3671 ἡμῶν
2331 3598 2677 3672 τηρουμένου
2711 3617 2725 3667 ;
2766 3619 2788 3649 ι
2820 3598 2899 3656 Οὐ
2934 3621 2962 3649 n
2988 3599 3089 3673 γὰρ
3121 3622 3150 3651 ι(
3192 3598 3253 3654 ἂν
3314 3600 3344 3653 6'
3393 3600 3699 3670 συνέζευξεν
3750 3601 3777 3655 6

2132 3688 2283 3755 Θεὸς,
2316 3685 2588 3743 διαλύσειὲ
2626 3707 2759 3741 ποτε
2798 3687 3085 3760 ἄνθρωπος
3137 3710 3165 3738 ››
3198 3686 3465 3762 εὐλόγως*
3524 3687 3674 3745 πολὺ
3727 3685 3779 3742 Si

2130 3776 2297 3832 πλέον
2329 3774 2462 3850 ἅπερ
2495 3778 2523 3831 ὁ
2557 3778 2742 3850 Πατὴρ
2795 3776 3109 3851 προσέταξε,
3173 3778 3389 3851 τηρήσῃ
3449 3779 3566 3849 (72)
3622 3782 3780 3832 ταῦτα

2130 3865 2219 3921 καὶ
2252 3868 2280 3922 ὁ
2312 3865 2458 3927 Υἱός.
2514 3865 2576 3923 Εἰ
2634 3863 2693 3921 δὲ
2747 3867 2776 3921 6
2833 3863 2993 3927 αὐτὸς
3052 3864 3377 3937 νομοθέτης⁹
3409 3865 3526 3937 ἃμα
3552 3866 3646 3921 xxi
3700 3866 3778 3922 εύ-

2131 3954 2484 4030 αγγελιστὴς,
2518 3955 2583 4010 οὐ
2618 3953 2851 4030 μάχεταί
2879 3974 3012 4008 ποτε
3051 3954 3245 4024 ὲαυτῷ.
3300 3958 3375 4026 Ζῇ
3433 3956 3540 4031 γὰρ
3601 3957 3631 4011 6
3683 3955 3777 4010 τό-

2134 4066 2259 4120 μος,
2291 4044 2656 4118 πνευματικὸς
2683 4047 2796 4117 (73)
2827 4042 2898 4098 ὥν
2956 4043 3047 4097 καὶ
3104 4048 3419 4118 γνωπικῶς
3466 4044 3778 4120 νοούμενος*

2129 4339 2157 4366 α
2191 4317 2510 4387 Propterea
2530 4315 2691 4371 enim
2721 4331 2843 4388 non
2865 4314 3050 4371 vetuit
3076 4319 3304 4371 veteres
3333 4315 3539 4388 plures
3570 4315 3777 4388 habere

2128 4404 2363 4452 uxores,
2392 4393 2459 4460 ut
2485 4403 2671 4460 genus
2729 4387 3058 4460 humanum
3090 4392 3408 4460 augeretur
3440 4404 3471 4460 τί
3493 4404 3683 4460 eaque
3712 4387 3777 4442 de

2132 4476 2310 4515 causa
2341 4458 2520 4514 etiam
2550 4459 2657 4513 viri
2686 4459 2985 4532 religiosi._
3006 4474 3140 4512 cum
3172 4458 3436 4532 plurium
3459 4458 3775 4532 liberorum

369 4552 398 4581 «
430 4520 686 4603 veterem
716 4520 1024 4586 hominem
1057 4552 1083 4580 υ
1108 4549 1187 4587 aa
1206 4548 1353 4585 novo
1387 4552 1415 4579 ››
1448 4520 1725 4587 Tatianus
1750 4548 1763 4585 :
1785 4531 1887 4586 sed
1903 4549 2022 4587 non
2055 4520 2100 4582 Ι)
2131 4537 2330 4603 patres
2362 4545 2492 4585 esse
2519 4520 2831 4603 cuperent:
2850 4530 3101 4596 duabus,
3127 4520 3189 4585 et
3216 4529 3495 4597 tribus,et
3518 4531 3776 4602 pluribus

369 4601 599 4663 eodem.
621 4619 735 4673 quo
768 4619 898 4658 nos.
926 4620 1123 4657 sensu.
1152 4605 1264 4658 Nos
1297 4603 1456 4657 enim
1482 4602 1540 4657 in
1565 4604 1674 4658 hoc
1694 4603 1745 4659 ei
1764 4604 2021 4658 assenti-

367 4689 522 4736 mur,
566 4674 724 4744 quod
757 4695 785 4724 ‹‹
843 4680 1101 4728 veterem
1134 4696 1161 4724 ››
1194 4673 1433 4745 quidem
1468 4697 1494 4723 ι‹
1551 4675 1853 4730 hominem
1883 4698 1902 4722 ιι
1942 4676 2020 4731 le-

406 4761 500 4828 em_
534 4761 549 4809 ;
582 4767 610 4795 «
655 4762 901 4828 novum.
934 4767 963 4795 »
1025 4750 1246 4828 autem,
1284 4745 1688 4828 ‘Evangelium
1746 4747 2018 4812 dicimus,

393 4816 659 4890 i_cet__non
692 4816 940 4890 perinde
971 4832 1039 4871 ac
1069 4816 1171 4890 ille
1205 4816 1347 4890 vult,
1382 4816 1491 4888 qui
1510 4817 1702 4890 legem
1734 4824 2023 4889 tanquam

370 4886 581 4961 abalio
611 4886 726 4961 Deo
761 4887 941 4961 latam
964 4887 1201 4959 penitus
1230 4886 1493 4961 abrogat.
1533 4912 1553 4938 ι

437 4958 549 5031 (6-7)
582 4956 793 5012 Παλαιὰ
820 4956 1164 5031 χαινξΝᾶω,
1199 4965 1265 5031 ut
1313 4956 1407 5031 ait
1441 4961 1781 5031 Apostolus,
1832 4959 1878 5012 εἳ
1904 4979 2022 5031 ᾲςτις

368 5022 420 5104 ἐν
445 5022 889 5104 ἠΧριστῷηκαινή
921 5022 1159 5104 ’κτίσιςξν
1194 5028 1260 5083 τὰ
1318 5022 1525 5104 ἀρχαῖα
1566 5022 1868 5103 παρῆλθεν,
1902 5027 2021 5085 ἰδοὺ

366 5093 557 5171 γὲγονε
584 5093 743 5171 καινά
768 5100 833 5153 τὰ
856 5093 1054 5171 πάντα,
1088 5103 1137 5155 II
1169 5103 1295 5157 Cor.
1332 5093 1507 5171 v',"i7.

438 5169 551 5234 (68)
610 5169 750 5223 Τότε
805 5170 909 5242 γὰρ
958 5169 1052 5225 ἀπ.
1114 5169 1554 5228 δίτηίιιελᾱὶοἰι
1618 5175 2023 5230 Theodoretus

366 5241 570 5325 Haeret.
625 5242 745 5334 [ἲῑί]Ἴ
797 5241 901 5334 lib.
946 5259 1017 5330 νγ,
1076 5259 1202 5313 cap.
1256 5245 1364 5329 .25,
1396 5244 1762 5334 ρ.ξ107;ριά
1801 5244 1898 5334 γὰρ
1954 5244 2022 5334 δὴ

362 5314 525 5387 τούτο
556 5306 644 5364 καὶ
679 5307 907 5387 πλείους
944 5306 1091 5387 ἔχειν
1119 5306 1542 5387 γυναῖκας’τοὺς
1600 5306 1900 5387 παλαιοὺςΔ
1926 5306 2025 5371 οὐκ

368 5380 662 5459 ixi-imae},
737 5381 825 5437 ἳνα
909 5380 1144 5459 αὐξηθῇ
1184 5387 1327 5459 τῶν-
1370 5382 1672 5459 ᾀνθοῴπων
1847 5384 2019 5459 γένος.

364 5452 586 5530 Ταύτης
614 5450 769 5530 ’ἑνεκα
798 5460 898 5530 τῇς
931 5450 1103 5530 αίτίας
1129 5454 1225 5530 καῇ
1282 5455 1334 5509 οἱ
1365 5451 1640 5530 θεοφιλεῖς
1690 5450 1878 5530 ἄνδρεὲ
1934 5458 2023 5514 καὶ

368 5522 524 5603 δυσὶ,
569 5528 656 5582 καὶ
716 5528 891 5603 τρισὶ,
938 5528 1030 5583 καὶ
1089 5522 1304 5603 πλείοσι
1392 5522 1734 5603 συνήπτοντο
1792 5522 2023 5603 γυναιξὶ,

365 5595 636 5654 πλειόνων
712 5594 959 5676 γενέσθαι
1043 5595 1271 5674 πατέρες
1335 5594 1544 5653 παίδων
1606 5594 2022 5673 ἐπιθυμοῦντέςί

2132 4602 2415 4657 uxoribus
2440 4602 2863 4672 jungebantur.
2901 4624 2928 4649 ››

2203 4674 2327 4743 (69)
2355 4670 2457 4727 Καῖ
2486 4670 2534 4725 εἳ
2575 4693 2701 4727 τινι.
2762 4672 2958 4728 Oratio
3012 4671 3294 4744 elliptica.
3328 4672 3777 4743 Subintelligeu-

2134 4744 2298 4811 dum,
2330 4744 2416 4798 καὶ
2461 4746 2622 4817 τοῦτο
2677 4747 2972 4817 συγχωρεῖ,
3013 4745 3182 4817 «hoc
3212 4745 3392 4799 etiam
3430 4745 3722 4817 concedit,
3746 4763 3771 4794 ι

2132 4817 2363 4873 scilicet
2395 4816 2682 4886 Dominus
2715 4815 2844 4870 :vel
2877 4815 3103 4886 aliquid
3134 4815 3503 4886 hujusmodi.

2202 4889 2352 4960 (70)
2390 4885 2841 4960 ’ᾼιπερίσπαστοᾳ
2889 4885 3168 4960 ~Respicit
3215 4885 3242 4942 Ι
3297 4887 3428 4960 Cor.
3483 4904 3624 4960 τῖιιῐ,Δ
3658 4888 3719 4941 35
3764 4901 3775 4940 :

2133 4953 2274 5047 ΙΙρδς
2304 4953 2365 5011 τὸ
2400 4953 2680 5032 εὔσχημον
2729 4957 2818 5012 καὶ
2851 4953 3213 5030 εὐπρόσεδρον
3253 4960 3334 5028 τῷ
3375 4958 3567 5033 Κυρίῳ
3599 4956 3773 5031 ἀπερι-

2130 5050 2404 5089 σπαστως.

2201 5104 2314 5173 (Ἠ)
2338 5097 2605 5172 Συζυγίαν
2636 5099 2852 5170 κοίτης.
2882 5101 3058 5173 Levit.
3092 5117 3183 5165 xv,
3217 5100 3304 5154 18.

2205 5170 2316 5245 (72)
2339 5170 2581 5244 Τηρήσῃ.
2610 5173 2851 5245 Τηρήσῃῗ
2898 5172 3039 5227 ferri
3074 5178 3284 5245 potest.
3320 5170 3369 5225 si
3416 5172 3553 5245 quis
3588 5180 3769 5229 tamen

2133 5243 2449 5300 indicative
2478 5243 2709 5315 τηρήσει
2740 5243 2930 5307 malit,
2966 5259 3072 5314 per
3123 5259 3217 5298 me
3249 5243 3407 5315 licet.
3444 5244 3710 5300 SYLBERG.

2203 5318 2313 5397 (⁸73)
2377 5314 2763 5397 Ιίνευιιατικιός.
2821 5337 2849 5365 ι(
2899 5314 3229 5397 Spiritalis,
3285 5314 3489 5397 u-hOC
3549 5322 3657 5397 est.
3713 5330 3771 5368 ex

2133 5388 2626 5458 interpretatione
2668 5386 3012 5459 Clementis.
3095 5387 3408 5459 γνωστικᾶκ
3468 5386 3771 5459 νοούμενος,
3836 5442 3843 5451 τ

2143 5482 2166 5511 ο
2189 5462 2453 5529 gnostice
2484 5483 2509 5510 »ι
2545 5466 2603 5514 et
2632 5458 2960 5515 secundum
2986 5458 3302 5529 mysticum
3336 5472 3656 5529 seusum._g¢
3700 5458 3773 5511 in-

2135 5525 2429 5603 tellectus.
2464 5554 2493 5603 η
2520 5532 2780 5603 Respicit
2822 5525 3236 5603 autem_'Rom.
3268 5545 3368 5596 vn,
3401 5531 3501 5584 14:
3550 5525 3769 5601 Οῗδαμεν

2134 5601 2236 5675 γὰρ
2270 5599 2351 5656 ὅτι
2376 5602 2404 5656 ὁ
2436 5601 2607 5675 νόμος
2636 5596 3002 5675 πνευματικός
3029 5596 3162 5656 ἐστι.
