4048 6186
276 313 418 370 1185

1603 283 2053 369 srnom'ruu
2090 311 2229 366 LIB.
2266 310 2367 365 ιιι.

3547 309 3688 367 1186

267 440 434 513 ἡμεῖς
458 433 524 491 δ’·
560 458 589 491 ιι
618 434 1128 509 ἐθανατώθημεντῷ
1158 437 1313 510 νόμῳ
1330 433 1419 491 διὰ
1432 438 1531 491 τοῦ
1561 432 1922 508 σώματοςτοῦ

2046 448 2180 489 num
2202 438 2402 490 autem
2434 437 2543 498 est,
2596 430 2753 504 quod
2786 435 2877 487 est
2925 448 2996 488 ex
3054 431 3324 498 Domino,
3380 435 3691 491 matrimo-

266 529 501 605 Χριστοῦ
532 525 610 591 εἰς
637 526 701 581 τὸ
731 526 977 600 γενέσθαι
1028 528 1176 596 ἡμᾶς
1226 526 1418 601 ἑτέρῳ,
1473 530 1553 597 τῷ
1603 524 1663 580 ἐκ
1718 528 1925 598 νεκρῶν

271 617 568 694 ἐγερθέντι,
630 640 658 668 ››
740 621 821 685 τῷ
896 617 999 671 ὑπὸ
1073 621 1170 671 τοῦ
1228 616 1402 689 νόμου
1477 615 1928 693 προφητευθέντι,

281 730 304 757 ι
330 706 425 762 ’ίνα
451 706 964 783 καρποφορήσωμεν
1017 710 1098 778 τῷ
1154 710 1289 777 Θεῷ.
1326 729 1353 757 ι(
1383 706 1477 760 Διὸ
1510 731 1537 756 ‹‹
1571 706 1600 760 6
1625 704 1720 777 μὲν
1763 703 1934 775 νόμος

274 798 450 873 ἅγιος,
506 796 599 851 καὶ
649 797 684 849 '6
746 793 942 864 ἐντολὴ
1028 794 1172 870 ἁγία,
1230 795 1321 850 καὶ
1391 793 1596 866 δικαία,
1653 793 1743 849 καὶ
1800 794 1934 867 ἁγα-

272 888 363 957 θή.
423 909 451 938 ι
504 884 955 957 Ἐθανατώθημεν
1017 884 1107 938 οὖν
1178 888 1258 957 τῷ
1340 884 1520 958 νόμῳ,
1567 883 1812 938 τουτέστι
1861 882 1931 953 τῇ

277 974 382 1031 ὑπὸ
456 978 554 1029 τοῦ
608 974 786 1046 νόμου
857 970 1174 1047 δηλουμένη
1257 972 1515 1047 ἁμαρτίᾳ·
1593 974 1661 1043 ἢν
1722 969 1936 1026 δείκνυ-

273 1085 356 1118 σιν
388 1066 528 1135 (74),
556 1061 619 1117 οὐ
649 1065 811 1136 γεννᾷ
841 1064 870 1115 6
900 1062 1096 1134 νόμος,
1129 1059 1219 1116 διὰ
1272 1069 1375 1131 τῆς
1425 1063 1771 1136 προστάξεως

268 1158 379 1208 τῶν
407 1147 708 1221 ποιητέων,
740 1150 828 1206 καὶ
855 1150 1279 1225 ἀπαγορεύσεως
1334 1155 1444 1205 τῶν
1503 1149 1566 1203 οὐ
1633 1148 1931 1218 ποιητέων,

272 1239 520 1316 ἐλέγχων
549 1240 647 1308 τήν
682 1239 1045 1312 ὑποκειμένην
1067 1240 1359 1314 ἁμαρτίαν,
1389 1262 1417 1290 ιι
1454 1236 1546 1293 ’ίνα
1573 1240 1716 1312 φανῇ
1752 1237 1934 1308 ἁμαρ-

270 1329 437 1386 τία.»
472 1328 537 1384 Εἴ
564 1325 623 1384 δὲ
644 1326 884 1404 ἁμαρτία
933 1328 1114 1402 γάμος
1142 1328 1171 1382 6
1219 1329 1358 1383 κατὰ
1411 1328 1605 1401 νόμον,
1665 1325 1765 1382 οὐκ
1814 1320 1935 1379 οἶδα

273 1423 393 1480 πῶς
420 1439 503 1481 τις
532 1416 646 1493 ἐρεῖ
674 1418 801 1473 Θεὸν
836 1417 1154 1493 ἐγνωκέναι,
1187 1415 1361 1493 λέγων
1390 1418 1455 1473 τὸ
1484 1417 1810 1492 πρόσταγμα
1835 1417 1933 1469 τοῦ

280 1511 418 1563 Θεοῦ
448 1505 716 1581 ἁμαρτίαν
752 1506 908 1562 εἶναι·
936 1530 963 1558 ‹‹
997 1508 1155 1583 ἁγίου
1188 1530 1215 1558 ››
1240 1505 1298 1562 δὲ
1328 1504 1484 1570 ὄντος
1514 1504 1612 1563 τοῦ
1639 1530 1668 1559 ιι
1699 1507 1932 1579 νόμου,››

228 1640 237 1643 -
277 1599 430 1672 ἅγιος
464 1597 493 1651 6
522 1595 721 1672 γάμος.
749 1595 824 1651 Τὸ
858 1597 1160 1670 μυστήριον
1193 1600 1305 1670 (76)
1335 1596 1513 1651 τοίνυν
1542 1596 1704 1651 τοῦτο
1736 1592 1812 1658 είς
1837 1592 1931 1648 τὸν

274 1685 507 1760 Χριστὸν
536 1683 625 1739 καὶ
654 1686 754 1755 τήν
795 1682 1120 1754 Ἐκκλησίαν
1176 1686 1293 1760 ἄγει
1339 1686 1367 1740 6
1422 1683 1782 1745 Ἀπόστολος·
1832 1702 1932 1736 κα·-

2043 523 2232 591 nium,
2263 540 2400 578 cum
2449 522 2606 577 idem
2638 524 2794 578 Deus
2825 527 3087 577 servetur
3118 540 3152 578 a
3181 523 3353 577 nobis
3386 522 3412 577 ?
3446 547 3466 573 ι
3504 527 3629 580 Non
3663 547 3694 575 »

2043 612 2203 668 enim
2232 635 2259 662 ιι
2292 612 2450 683 quod
2473 618 2628 666 Deus
2661 611 2992 683 conjunxit,
3014 612 3190 666 homo
3209 635 3229 660 ι
3255 613 3393 667 Jure
3423 635 3450 661 ιι
3485 613 3702 669 dissol-

2040 703 2306 770 veritga);
2332 726 2353 754 ι
2384 701 2570 757 multo
2592 707 2786 756 autem
2817 701 3001 772 magis
3014 718 3145 771 quas
3168 701 3351 773 jussit
3371 704 3702 769 Pater,ser-

2041 791 2200 846 vabit
2229 807 2467 862 quoque
2498 790 2700 845 Filius.
2731 791 2786 845 Si
2818 797 3019 846 autem
3076 790 3236 845 idem
3291 791 3471 846 simul
3500 799 3591 847 est
3644 797 3703 848 et

2042 880 2347 952 legislator
2369 885 2427 933 et
2455 879 2833 951 evangelista,
2857 896 3165 950 nunquam
3199 879 3326 950 ipse
3356 897 3557 935 secum
3586 899 3696 953 pu-

2041 974 2201 1041 gnat.
2239 968 2387 1021 Vivit
2415 967 2575 1022 enim
2601 967 2718 1035 lex,
2776 984 2911 1023 cum
2957 968 3036 1022 sit
3089 968 3395 1039 spiritalis,
3446 976 3506 1023 et
3559 986 3700 1043 gno-

2043 1059 2187 1112 stice
2220 1057 2588 1130 intelligatur
2610 1074 2747 1112 :nos
2769 1063 2969 1112 autem
2995 1079 3022 1107 ιι
3037 1057 3256 1112 mortui
3277 1077 3304 1109 ι
3324 1076 3529 1113 sumus
3549 1060 3698 1133 «legi

2042 1166 2149 1221 per
2177 1166 2391 1221 corpus
2421 1150 2659 1217 Christi,
2706 1156 2773 1204 ut
2800 1149 3179 1222 gigneremur
3207 1149 3401 1218 alteri,
3457 1151 3559 1220 qui
3616 1168 3699 1207 re-

2043 1239 2300 1294 surrexit
2328 1255 2398 1294 ex
2430 1238 2847 1310 mortuis,»qui
2878 1238 3197 1310 praedictus
3217 1238 3331 1293 fuit
3359 1256 3394 1295 a
3424 1238 3611 1311 lege,“
3634 1243 3701 1295 ut

2042 1332 2161 1385 Deo
2192 1331 2688 1386 fructiﬁcaremus
2726 1330 2828 1402 (ὸ).
2862 1352 2890 1380 ››
2912 1331 3104 1396 Quare
3129 1351 3158 1379 ιι
3209 1330 3304 1385 lex
3335 1330 3580 1402 quidem
3612 1336 3703 1387 est

2044 1426 2268 1487 sancta,
2302 1425 2362 1474 et
2407 1420 2754 1476 mandatum
2797 1425 3090 1488 sanctum,
3123 1426 3183 1474 et
3200 1421 3455 1493 justum,
3490 1425 3549 1474 et
3593 1420 3701 1475 bo-

2042 1525 2187 1564 num
2214 1510 2307 1580 (c).
2339 1532 2359 1559 -
2386 1511 2595 1565 Mortui
2629 1526 2734 1582 ego
2763 1526 2968 1564 sumus
3000 1510 3255 1582 legi,hoc
3286 1515 3394 1574 est,
3431 1516 3697 1581 peccato,

2044 1599 2203 1670 quod
2232 1617 2265 1655 a
2295 1599 2421 1672 lege
2454 1599 2844 1672 signiﬁcatur,
2869 1599 3029 1670 quod
3061 1599 3468 1666 ostendit,non
3499 1605 3698 1655 autem

2041 1694 2286 1760 generat
2305 1689 2423 1755 lex,
2446 1705 2553 1760 per
2568 1689 2905 1759 jussionem
2929 1704 3135 1743 eorum
3168 1705 3298 1759 qua)
3317 1694 3456 1743 sunt
3476 1688 3698 1745 facien-

276 1753 445 1847 θὰπερ
470 1796 501 1826 α
521 1773 585 1827 τὸ
610 1753 953 1847 γεννώμενον
986 1753 1100 1845 (77)
1133 1771 1194 1828 ἐκ
1221 1753 1319 1842 τῆς
1347 1774 1542 1848 σαρκὸς
1601 1774 1729 1844 σάρξ
1760 1771 1926 1842 ἐστιν,

2046 1776 2131 1840 da,
2164 1782 2222 1830 et
2248 1777 2716 1848 prohibitionem
2768 1792 2973 1832 eorum
3033 1793 3164 1848 qua:
3222 1793 3342 1831 non
3374 1776 3696 1844 facienda;

281 1862 427 1918 οὕτω
456 1863 520 1917 τὸ
551 1861 611 1917 ἐκ
632 1860 941 1935 πνεύματος
1000 1866 1232 1935 πνεῦμα,
1298 1862 1360 1917 οὐ
1422 1862 1591 1935 μόνον
1647 1864 1754 1935 (78)
1800 1861 1938 1917 κατὰ

277 1953 379 2020 τὴν
405 1950 733 2022 ἀποκύησιν,
761 1948 909 2006 ἀλλὰ
935 1951 1025 2005 καὶ
1074 1951 1210 2006 κατὰ
1263 1952 1362 2020 τήν
1426 1953 1678 2024 μάθησιν.
1734 1949 1937 2008 Αὐτίκα

276 2064 307 2093 ιι
336 2040 465 2115 ἅγια
484 2040 553 2096 τὰ
580 2040 762 2095 τέκνα·
801 2062 828 2090 ››
860 2040 915 2094 αἱ
971 2039 1351 2114 εὐαρεστήσεις
1409 2045 1489 2112 τῷ
1530 2045 1646 2113 Θεῷ
1690 2045 1798 2095 τῶν
1833 2047 1939 2095 Κυ-

274 2134 483 2205 ριακῶν
567 2130 772 2204 λόγων,
829 2130 1252 2206 νυμφευσάντων
1296 2131 1394 2198 τὴν
1443 2131 1653 2204 ψυχήν.
1704 2130 1940 2205 Πορνεία

275 2223 409 2294 γοῦν
461 2219 547 2273 καὶ
608 2219 788 2292 γάμος
838 2218 1193 2293 κεχώρισται·
1238 2216 1355 2272 ἐπεὶ
1409 2217 1615 2291 μακρὰν
1672 2215 1941 2295 ἀφέστηκε

278 2309 378 2360 τοῦ
409 2308 545 2360 Θεοῦ
593 2305 621 2360 6
654 2298 936 2365 διάϐολος.
974 2326 1003 2355 ιι
1055 2304 1159 2361 Καὶ
1223 2304 1380 2377 ὑμεῖς
1430 2301 1520 2358 οῦν
1567 2302 1941 2375 ἐθανατώθητε

275 2399 358 2466 τῷ
390 2394 568 2467 νόμῳ,
622 2391 712 2448 διὰ
756 2397 859 2449 τοῦ
916 2392 1174 2467 σώματος
1218 2397 1318 2448 τοῦ
1357 2394 1618 2469 Χριστοῦ,
1649 2393 1727 2456 εἰς
1753 2394 1817 2447 τὸ
1844 2414 1940 2468 γε-

274 2485 459 2548 νέσθαι
494 2483 634 2561 ὑμᾶς
668 2481 858 2557 ἑτέρῳ,
907 2487 989 2555 τῷ
1045 2482 1105 2537 ἐκ
1159 2487 1363 2558 νεκρῶν
1400 2481 1693 2559 ἐγερθέντι.
1734 2508 1760 2535 n
1798 2489 1939 2538 Συν-

285 2571 600 2645 εξακούεται
654 2572 756 2647 γὰρ
841 2576 1154 2646 προσεχῶς,
1238 2571 1517 2641 ὑπηκόους
1580 2571 1936 2647 γενομένους·

283 2660 406 2717 ἐπεὶ
465 2661 557 2716 καὶ
600 2660 736 2715 κατὰ
819 2661 918 2728 τήν
974 2659 1236 2731 ἀλήθειαν
1291 2664 1388 2715 τοῦ
1444 2660 1621 2734 νόμου
1685 2666 1797 2733 (79)
1861 2664 1941 2734 τῷ

281 2751 436 2822 αὐτῷ
495 2750 682 2825 Κυρίῳ
741 2747 1109 2821 ὑπακούομεν,
1168 2748 1446 2825 πόρρωθεν
1508 2751 1621 2823 (80)
1702 2770 1940 2826 παρακε-

283 2840 589 2909 λευομένῳ.
624 2837 727 2893 Καὶ
764 2839 898 2910 μήτι
929 2837 1015 2891 ἐπὶ
1074 2842 1181 2892 τῶν
1217 2836 1486 2892 τοιούτων
1520 2838 1743 2900 εἳκότως
1801 2863 1828 2890 ιι
1878 2839 1941 2893 τὸ

286 2930 506 3000 Πνεῦμα
536 2924 783 3000 ἄντικρυς
816 2926 928 2999 (81)
961 2924 1132 3000 λέγει,
1192 2925 1275 2980 ὅτι
1316 2924 1368 2980 ἐν
1427 2926 1670 3001 ὑστέροις
1725 2930 1940 2997 καιροῖς

284 3015 682 3087 ἀποστήσονταί
719 3035 861 3075 τινες
917 3021 1017 3083 τῆς
1073 3014 1330 3082 πίστεως,
1383 3014 1748 3090 προσέχοντες
1778 3013 1941 3069 πνεύ-

2039 1864 2485 1937 reprehendens
2517 1866 2851 1936 subjectum
2883 1871 3215 1935 peccatum,
3248 1888 3276 1914 «
3306 1870 3371 1920 ut
3416 1871 3704 1937 appareat

2042 1960 2371 2026 peccatum.
2409 1976 2435 2002 υ
2451 1954 2508 2008 Si
2539 1960 2737 2008 autem
2770 1960 3079 2025 peccatum
3111 1959 3200 2009 est
3222 1954 3697 2009 matrimonium.

2043 2043 2199 2115 quod
2232 2043 2560 2098 secundum
2592 2043 2781 2115 legem
2805 2042 3219 2111 initur,nescio
3251 2043 3552 2114 quomodo
3567 2043 3701 2115 quis

2044 2132 2200 2187 dicet
2228 2148 2290 2188 se
2320 2134 2504 2187 Deum
2529 2148 2727 2199 nosse,
2760 2131 2967 2186 dicens
2992 2132 3092 2186 Dei
3122 2133 3361 2187 Iussum
3409 2149 3539 2187 esse
3569 2148 3706 2203 pec-

2043 2226 2262 2276 catum.
2290 2219 2456 2285 Quod
2479 2220 2525 2273 si
2553 2242 2579 2268 ‹‹
2614 2219 2707 2275 lex
2730 2225 2937 2275 sancta
2967 2241 2995 2269 ››
3026 2226 3135 2285 est,
3169 2227 3442 2275 sanctum
3467 2226 3558 2275 est
3572 2236 3702 2275 ma-

2043 2311 2415 2366 trimonium.
2476 2311 2819 2380 Mysterium
2852 2325 2987 2382 ergo
3021 2310 3132 2364 hoc
3171 2308 3245 2364 ad
3277 2309 3577 2364 Christum
3645 2312 3706 2364 et

2044 2399 2368 2454 Ecclesiam
2400 2398 2567 2453 ducit
2595 2397 2915 2469 Apostolus
2938 2414 2951 2452 :
2975 2397 3518 2469 quemadmodum:
3543 2397 3703 2469 quod

2045 2504 2116 2543 ex
2146 2503 2325 2544 carne
2360 2493 2697 2560 generatur,
2725 2503 2862 2543 caro
2895 2492 3015 2553 est;
3043 2487 3128 2542 ita
3168 2487 3325 2557 quod
3367 2504 3436 2543 ex
3466 2488 3703 2559 spiritu,

2046 2577 2311 2649 spiritus,
2344 2577 2428 2647 (ά)
2460 2598 2487 2625 ››
2518 2592 2638 2631 non
2669 2576 2862 2631 solum
2894 2577 2956 2630 in
2987 2574 3407 2647 pariendo,sed
3433 2577 3610 2630 etiam
3641 2575 3704 2629 in

2046 2666 2347 2722 discendo.
2379 2666 2505 2720 Jam
2529 2687 2557 2714 ιι
2608 2665 2797 2719 sancti
2857 2670 3000 2719 sunt
3048 2664 3155 2718 filii
3188 2666 3279 2733 (e),
3312 2687 3341 2714 »ι
3375 2664 3493 2718 Deo
3522 2669 3701 2735 gratas

2047 2754 2474 2811 oblectationes
2522 2753 2837 2807 verborum
2898 2751 3361 2818 Dominicorum,
3417 2768 3548 2821 qua)
3600 2750 3703 2805 de-

2047 2843 2420 2915 sponderunt
2446 2840 2710 2895 animam
2748 2840 2898 2893 Sunt
2926 2854 3062 2910 ergo
3091 2844 3363 2910 separata
3385 2837 3700 2895 fornicatio

2047 2938 2107 2986 et
2132 2929 2604 2995 matrimonium,
2639 2927 2922 2999 quoniam
2954 2944 2989 2982 a
3010 2928 3127 2982 Deo
3171 2927 3344 2999 longe
3371 2927 3539 2983 abest
3569 2927 3701 2983 dia-

2044 3018 2239 3074 bolus.
2265 3039 2293 3068 «
2325 3018 2396 3071 Et
2414 3033 2515 3072 vos
2537 3032 2673 3088 ergo
2704 3016 2922 3071 mortui
2955 3015 3098 3071 estis
3155 3015 3270 3088 legi
3329 3032 3433 3087 per
3488 3032 3703 3088 corpus

282 3124 415 3178 μασι
450 3101 685 3174 πλάνης,
716 3101 807 3158 καὶ
836 3098 1212 3164 διδασκαλίαις
1270 3100 1573 3174 δαιμονίων
1601 3101 1653 3156 ἐν
1706 3102 1933 3177 ὑποκρί-

2048 3107 2286 3172 Christi,
2322 3111 2389 3160 ut
2416 3123 2518 3161 vos
2549 3105 2940 3178 gigneremini
2973 3104 3166 3173 alteri,
3201 3105 3302 3176 qui
3359 3106 3616 3160 surrexit
3671 3121 3708 3161 a

278 3212 360 3247 σει
415 3190 792 3268 ψευδολόγων,
850 3193 1399 3265 κεκαυτηριασμένων
1455 3192 1554 3261 τήν
1601 3188 1931 3260 συνείδησιν,

278 3281 375 3336 καὶ
405 3278 735 3336 κωλυόντων
787 3286 1007 3357 γαμεῖν,
1063 3280 1363 3356 ἀπέχεσθαι
1427 3280 1757 3356 βρωμάτων,
1816 3278 1849 3334 ἅ
1905 3280 1934 3334 6

277 3370 413 3434 Θεὸς
461 3366 664 3425 ἔκτισεν
724 3368 799 3433 εἷς
861 3369 1168 3443 μετάληψιν
1229 3370 1345 3443 μετ’
1410 3369 1762 3445 εὐχαριστίας
1817 3373 1936 3432 τοῖς

278 3458 522 3529 πιστοῖς,
552 3460 643 3513 καὶ
672 3458 1007 3533 ἐπεγνωκόσι
1035 3459 1135 3527 τὴν
1163 3456 1443 3527 ἀλήθειαν,
1477 3458 1559 3514 ὅτι
1599 3464 1702 3514 πᾶν
1735 3457 1937 3531 κτίσμα

275 3552 412 3603 Θεοῦ
441 3547 634 3617 καλὸν,
693 3548 784 3602 καὶ
846 3544 1001 3602 οὐδὲν
1050 3542 1368 3616 ἀπόϐλητον
1419 3548 1533 3620 μετ’
1591 3546 1940 3622 εὐχαριστίας

277 3631 725 3711 λαμϐανόμενον·
781 3635 1055 3711 ἁγιάζεται
1127 3637 1230 3710 γάρ
1291 3633 1380 3691 διὰ
1438 3635 1602 3712 Λόγου
1661 3640 1794 3691 Θεοῦ
1846 3635 1937 3691 καὶ

277 3724 589 3795 ἰντεύξεως.
625 3749 654 3777 ››
700 3725 1027 3799 Ἐπάναγκες
1090 3725 1183 3798 μὶν
1233 3724 1337 3782 ,οὖν
1393 3725 1454 3780 οὐ
1508 3725 1784 3781 κωλυτὲον
1838 3727 1936 3802 γά·-

279 3820 428 3888 μεῖν,
460 3811 586 3869 οὐδὲ
615 3815 725 3887 μὴν
758 3819 1116 3892 κρεωφαγεῖν,
1148 3814 1184 3883 ἢ
1244 3814 1573 3870 οἰνοποτεῖν·
1636 3816 1940 3890 γέγραπται

273 3901 403 3983 γᾶρ·
441 3928 469 3956 α
504 3902 683 3961 Καλὸν
710 3904 775 3959 τὸ
811 3903 887 3976 μή
922 3909 1113 3981 φαγεῖν
1154 3904 1305 3978 κρέα,
1371 3902 1514 3977 μηδὲ
1543 3904 1716 3959 πίνειν
1767 3906 1938 3975 οἶνον,

278 3994 370 4049 ἐὰν
405 3991 496 4047 διὰ
526 3992 954 4068 προσκόμματος
987 3991 1156 4067 ἐσθίῃ·
1188 4016 1217 4044 ι)
1268 3994 1378 4049 καί·
1416 4017 1444 4045 ‹‹
1501 3992 1675 4049 Καλὸν
1740 3994 1940 4068 μένειν,

280 4083 357 4144 ὡς
388 4080 563 4156 κάγώ·
599 4105 627 4133 ››
658 4079 788 4135 ἀλλ’
845 4082 875 4136 6'
929 4103 988 4137 τε
1048 4082 1334 4157 χρώμενος
1397 4084 1516 4155 μετ’
1569 4082 1938 4158 εὐχαροιτίας,

278 4169 392 4226 ὅτε
421 4167 487 4225 αὖ
549 4171 624 4243 μή
672 4170 984 4245 χρώμενος,
1036 4168 1125 4224 καί
1174 4170 1335 4233 αὐτὸς
1395 4171 1512 4244 μετ’
1566 4170 1938 4246 εὐχαριστίας,

2046 3196 2430 3266 ιιιοτῐυίε(ί).»
2459 3195 2858 3250 Simulautem
2874 3196 3141 3266 proxime
3165 3196 3497 3263 exauditur,
3515 3196 3563 3251 si
3576 3196 3705 3250 fue-

2046 3288 2183 3343 ritis
2214 3285 2562 3342 obedientes
2583 3302 2596 3339 :
2620 3284 3109 3356 quandoquidem
3149 3285 3330 3340 etiam
3361 3300 3429 3339 ex
3461 3285 3705 3341 veritate

2048 3377 2196 3449 legis
2228 3375 2420 3430 eidem
2440 3375 2690 3430 Domino
2720 3374 3054 3441 obedimus,
3079 3375 3180 3445 qui
3237 3373 3510 3447 praacipit
3557 3375 3709 3431 emi-

2049 3482 2185 3520 nus.
2214 3463 2278 3527 ἰ(
2319 3463 2596 3534 Nunquid
2644 3468 2841 3517 autem
2894 3462 2966 3517 de
3026 3462 3318 3534 ejusmodi
3362 3462 3709 3517 hominibus

2049 3554 2259 3610 merito
2287 3560 2489 3625 aperte
2515 3576 2542 3603 ιι
2573 3552 2719 3607 dicit
2741 3552 3013 3623 Spiritus,
3047 3552 3207 3623 quod
3251 3554 3311 3607 in
3361 3553 3705 3624 posteriori-

2049 3643 2160 3698 bus
2192 3641 2558 3713 temporibus
2593 3640 2877 3696 deﬁcient
2895 3640 3140 3711 quidam
3162 3657 3198 3695 a
3225 3640 3364 3709 ﬁde,
3388 3641 3709 3696 attenden-

2049 3737 2140 3787 tes
2164 3731 2472 3803 spiritibus
2516 3730 2758 3792 erroris.
2818 3735 2879 3784 et
2926 3729 3212 3785 doctrinis
3251 3730 3706 3798 daamoniorum,

2051 3821 2112 3876 in
2155 3820 2454 3892 hypocrisi
2512 3819 2992 3889 falsiloquorum,
3042 3818 3429 3874 cauteriatam
3480 3819 3710 3875 haben-

2050 3910 2198 3964 tium
2226 3908 2746 3973 conscientiam,et
2775 3908 3223 3979 prohibentium
3253 3908 3503 3976 nubere,
3522 3908 3704 3965 absti-

2053 4014 2193 4053 nere
2224 4014 2259 4053 a
2288 3998 2625 4068 cibis,quos
2652 3998 2806 4052 Deus
2837 3998 3056 4053 creavit
3080 3996 3155 4052 ad
3186 3997 3704 4068 participationem

2050 4104 2185 4142 cum
2217 4087 2543 4159 gratiarum
2565 4086 2799 4142 actione
2858 4086 3160 4155 ﬁdelibus,
3193 4092 3252 4141 et
3304 4087 3404 4157 qui
3451 4103 3704 4159 agnove-

2050 4175 2539 4242 runtveritatem,
2591 4174 2752 4246 quod
2809 4174 3004 4230 omnis
3061 4179 3337 4230 creatura
3392 4176 3493 4229 Dei
3550 4174 3705 4230 bona

350 4299 441 4374 (ει)
472 4298 687 4374 Matth;
704 4296 1012 4374 11321111)
1038 4300 1225 4374 Roma
1253 4300 1455 4374 Ila!
1487 4298 1616 4374 _(c)_
1635 4298 1790 4374 JPid-
1849 4300 1933 4358 42-

2046 4301 2080 4370 ῐ)
2135 4302 2303 4357 Joan.
2368 4318 2452 4372 ιιι,
2523 4303 2577 4369 6,
2611 4301 2675 4373 (ε)
2707 4301 2731 4354 Ι
2760 4301 2889 4356 Cor.
2934 4317 3034 4367 vn,
3070 4300 3159 4355 14.
3188 4303 3261 4369 (Γ)
3291 4301 3459 4355 Rom.
3492 4315 3586 4366 vn,
3645 4298 3700 4354 4.

279 4370 357 4436 ιι(
375 4372 440 4426 Ρ.
474 4372 577 4425 550
607 4370 720 4425 ΕΙ).
744 4370 1036 4441 POTTER,
1068 4372 1307 4424 462-463
1340 4370 1451 4424 ΕΙ).
1486 4370 1717 4425 PARIS.

351 4494 461 4565 174)
487 4495 585 4549 Ἦν
619 4488 905 4565 δείκνυσιν.
941 4493 1107 4549 Conf.
1136 4496 1304 4550 Rom.
1337 4509 1432 4560 vn,
1458 4497 1510 4565 7,
1546 4494 1634 4548 l3.

352 4560 464 4690 (752
504 4563 877 4640 Προστάξεως.
910 4566 1191 4636 Superius
1223 4566 1414 4656 legem
1460 4564 1762 4632 describit,
1825 4560 1926 4618 λό-

352 4659 375 4690 ν
468 4637 618 4690 οθὸν.
678 4635 1074 4690 προστακτικὸν
1131 4638 1225 4690 μὶν
1276 4656 1350 4689 ων
1399 4635 1678 4690 ποιητέον.
1711 4635 1925 4690 ἀπαγο-

275 4635 375 4714 γον
434 4635 621 4727 ὀρθὸεέ,
678 4635 1074 4727 προστακτικὸν
1118 4638 1225 4725 ’μὲν
1276 4635 1375 4727 ὧν*
1399 4635 1925 4727 ποιητέονηιὶπαγο-

275 4705 526 4783 ῥευτικὸν
575 4705 632 4783 δε
674 4705 763 4783 ⁸ὧν
823 4706 884 4763 οὐ
938 4705 1219 4783 ποιητέον·
1283 4730 1310 4759 ιι
1344 4713 1568 4763 rectam
1610 4705 1925 4783 rationem,

279 4779 414 4855 quas
447 4779 716 4855 praecipit
745 4796 815 4835 ea
862 4796 993 4850 qua)
1046 4780 1176 4855 ﬁeri
1233 4784 1485 4853 oportet,
1544 4779 1933 4855 ethprohibet

274 4850 411 4980 gues
444 4850 572 4908 fieri
603 4850 724 4907 non
758 4856 1008 4923 Oportet.
1038 4874 1067 4903 »ι
1095 4850 1299 4907 ειτοπί.
1344 4868 1380 4920 ι,
1441 4866 1573 4923 pag,
1614 4850 1731 4918 350,
1782 4850 1923 4906 edit.

324 4941 465 4980 aris.

324 4941 465 4981 aris.

372 4998 461 5068 76)
488 4993 562 5068 T6
596 4994 915 5068 μυστήριον.
951 4994 1211 5068 Respicit
1230 4994 1441 5068 Eprhes.
1471 5011 1524 5068 v.
1551 4994 1642 5068 32.

372 4998 461 5068 76)
488 4998 562 5048 Τὸ
596 4998 915 5066 μυστήριον.
951 4998 1211 5066 Respicit
1230 4998 1441 5066 Ephes.
1471 5011 1524 5054 v.
1551 4998 1642 5047 32.

347 4998 461 5138 (77)
482 5066 553 5120 Τὸ
585 5066 950 5141 γεννώμενον.
984 5066 1244 5138 Respicit
1281 5065 1495 5121 Christi
1525 5065 1721 5133 verba,
1755 5067 1923 5122 Joan.

326 5156 365 5205 ι,
400 5143 453 5194 6.

278 5157 455 5282 mbgl
490 5207 567 5265 Οὐ
604 5207 792 5281 μόνον.
828 5209 1012 5282 Sensu
1069 5214 1177 5276 est,
1239 5208 1319 5275 id,
1365 5206 1524 5282 quod
1576 5208 1929 5282 jamhdixit

272 5279 503 5350 auctor,
535 5279 990 5353 intelligendum
1012 5295 1161 5353 esse,
1192 5303 1219 5329 ‹‹
1250 5280 1591 5353 ηοηίεοιιιφ
1624 5279 1928 5353 delibet-is

272 5354 380 5425 qui
413 5370 483 5408 ex
511 5360 703 5425 partu,
732 5350 835 5425 sed
867 5350 1046 5405 etiam
1078 5352 1150 5407 de
1192 5353 1271 5425 iis;
1294 5352 1395 5423 qui
1435 5367 1507 5405 ex
1533 5350 1804 5406 doctrina
1824 5369 1928 5408 na-

274 5422 544 5480 scuntur.
571 5422 824 5480 Proinde
846 5444 874 5471 ιι
899 5428 1136 5479 sanctos
1162 5448 1186 5473 »ι
1212 5422 1432 5478 liberos
1467 5439 1595 5478 esse
1609 5439 1789 5494 opera
1812 5426 1927 5479 Deo

271 5504 460 5570 grata,
495 5513 649 5570 quas!
676 5494 1030 5570 proveniunt
1081 5511 1175 5570 exh
1206 5496 1424 5570 anima,
1460 5510 1673 5570 quam_
1695 5496 1928 5570 Domini

272 5564 584 5655 sermones
615 5564 1081 5655 desgqnderunt.
1105 5588 1131 5616 »
1148 5566 1410 5655 Re'spicit
1429 5573 1628 5621 autem
1652 5567 1674 5619 Ι
1692 5567 1924 5655 Cornvu,

274 5642 362 5707 14,
396 5656 515 5711 quo
546 5640 676 5696 loco
707 5638 970 5695 afﬁrmat
999 5639 1337 5709 Apostolus,
1397 5644 1740 5692 sanctorum
1798 5638 1927 5712 ἅγια

271 5709 409 5766 εἶναι
438 5714 621 5785 τέκνα,
651 5733 681 5763 ιι
702 5714 939 5769 sanctos
959 5724 1090 5764 esse
1117 5709 1373 5766 liberos:
1398 5729 1427 5758 »
1459 5708 1618 5779 quod
1649 5709 1926 5768 Clemens

1959 4499 2004 4563 D
2037 4497 2110 4576 ad
2137 4498 2399 4576 animam
2426 4512 2534 4566 per
2547 4494 2845 4576 Evangelii
2878 4493 3211 4576 doctrinam
3237 4494 3354 4548 Deo
3372 4492 3700 4566 desponsa-

2038 4574 2158 4624 tam
2187 4564 2516 4640 applicans,
2550 4564 2846 4640 dicitejus
2860 4586 2889 4614 ιι
2917 4564 3139 4619 liberos
3164 4582 3180 4631 ς
3204 4584 3228 4616 ι
3256 4564 3698 4640 nempe‘opera,

2037 4656 2165 4696 esse
2189 4636 2476 4694 «‘s'ancta.
2512 4659 2540 4686 »
2576 4636 2831 4691 Proinde
2850 4652 2995 4706 qua)
3027 4641 3339 4706 sequntur,
3373 4636 3487 4706 hoc
3516 4636 3693 4691 modo

2038 4708 2456 4782 distinguenda
2486 4780 2507 4782 ﬂ
2530 4713 2671 4763 sunt
2723 4724 2735 4761 :
2790 4703 2994 4782 Αὐτίκα
3052 4703 3181 4782 ἤια
3238 4703 3512 4782 τᾶιτέκνα
3545 4749 3560 4774 ,
3640 4707 3725 4761 αιη

2037 4776 2412 4855 εὐαρεστήσεις
2443 4780 2522 4847 τῷ
2547 4849 2558 4855 _
2580 4781 2716 4848 Θεῷ,
2748 4781 2857 4831 τῶν
2914 4776 3199 4850 Κυριακῶν
3239 4776 3423 4853 λόγων
3455 4798 3697 4855 νυμφευ·

2040 4849 2243 4907 σάντων
2273 4852 2374 4917 τήν
2404 4849 2591 4922 ψυχήν
2604 4891 2615 4905 .

2070 4986 2075 4991 _
2111 4926 2220 4996 (79)
2254 4915 2865 4996 ,Κατὰτῆνὲ-ἆλή-θειαν
2902 4922 3002 4996 τοῦ,
3052 4918 3250 4996 νόμου.
3298 4921 3391 4996 Si‘c
3538 4922 3696 4996 Pau-

2040 4988 2131 5050 lus
2163 4995 2282 5069 Gal.
2323 5012 2382 5054 ιι,
2413 4988 2652 5069 ,14ςο3κ
2700 4988 3093 5066 ὀρθοποδοῦσιν
3123 4988 3276 5069 ’πρὸς
3305 4991 3406 5061 τήν
3439 4990 3700 5063 ἀλήθειαν

2035 5069 2131 5122 τοῦ
2162 5063 2512 5139 Εὐαγγ-ελᾳίου.
2831 5135 2840 5139 _
3183 5063 3193 5069 ’
3304 5070 3305 5073 “

2109 5138 2218 5211 (80)
2271 5134 2588 5211 Πόῥὸιυθενἱ
2643 5135 2983 5211 ¢_Eminus.
3049 5157 3077 5185 ››
3132 5151 3347 5211 nempe
3408 5135 3471 5191 in
3512 5135 3692 5209 lege:

2038 5203 2751 5282 qu'emadm'odumAéw-Sg,
2789 5223 3230 5282 -_prope._g_esse
3252 5203 3693 5282 dic_unt_ur,quae

2040 5277 2179 5337 sunt
2209 5282 2269 5336 in
2296 5277 2604 5352 Evangelio
2624 5277 3206 5345 {relationescilicet
3234 5278 3308 5333 ad
3326 5277 3691 5334 Christianos

2038 5353 2211 5409 facta.

2108 5426 2218 5495 (81)
2242 5427 2552 5495 νΔντιᾼκρυς.
2584 5420 2831 5495 Ῥητιῦίη
2870 5422 2894 5475 Ι
2944 5420 3225 5495 Tim.__|v,
3252 5419 3351 5475 ubi
3380 5436 3546 5495 mox,
3593 5435 3685 5470 κε-

2035 5487 2518 5564 καύτηριασμένων
2592 5487 2694 5559 τήν
2756 5488 2896 5545 ἰδίαν
2962 5487 3301 5564 συνείδησιν,Δ
3362 5487 3688 5564 κωλυόντων

2036 5586 2173 5639 γαμ.
2195 5559 2282 5641 Ἰιι
2309 5559 2383 5641 iis
2415 5583 2546 5641 qua)
2578 5571 2929 5634 sequuntur,
2962 5580 3033 5619 ex
3067 5559 3446 5641 epistolisad
3474 5561 3691 5615 Roma-

2037 5631 2146 5695 nos
2170 5643 2228 5694 et
2247 5631 2604 5702 Corinthios,
2634 5631 2755 5691 non
2814 5640 2935 5692 tam
2964 5631 3140 5691 verba
3183 5631 3474 5703 Apostoli,
3507 5647 3691 5703 quam

2037 5709 2401 5768 sententiam
2431 5705 2689 5765 exhibet.
