4048 6186
358 324 498 381 1187

1590 321 2004 378 CLEMENTIS
2036 320 2537 383 ALEXANDRINI

3635 321 3769 378 1188

345 455 456 519 est,
492 453 549 505 et
577 446 731 506 nihil
762 450 854 503 est
905 444 1300 519 rejiciendum
1350 444 1509 517 quod
1560 445 1817 501 sumitur
1865 461 2000 502 cum

2118 444 2252 518 μετά
2274 468 2331 502 τε
2361 446 2652 523 ἐγκρατοῦς
2672 444 3050 515 ἀπολαύσεως,
3123 446 3329 521 sum
3383 443 3527 501 κατὰ
3580 441 3770 520 λόγον.

345 541 672 613 gratiarum
705 537 963 592 actione.
1000 536 1416 591 Sanctiﬁcatur
1446 536 1601 591 enim
1627 551 1734 605 per
1762 534 2006 589 verbum

346 630 449 686 Dei
471 634 529 683 et
553 627 887 683 orationem
910 626 985 697 (a)
1005 626 1034 681 ‘I
1054 647 1080 674 »
1114 626 1369 681 Omnino
1402 625 1581 697 igitur
1608 640 1730 678 non
1761 629 1850 679 est
1869 639 2007 694 pro-

345 716 676 773 hibendum
702 715 875 788 jungi
900 714 1505 785 matrimonio,neque
1528 712 1806 769 carnibus
1827 711 2003 780 vesci,

345 814 448 863 aut
475 806 679 861 vinum
713 804 937 860 bibere.
968 803 1263 873 Scriptum
1278 808 1368 857 est
1389 800 1550 857 enim
1574 817 1588 855 :
1611 823 1639 850 ‹‹
1668 802 1894 855 Bonum
1917 805 2007 855 est

344 912 590 951 carnem
622 910 745 950 non
777 891 1228 959 comedere,nec
1262 891 1462 946 vinum
1515 889 1740 957 bibere,
1774 890 1822 946 si
1870 890 2005 960 quis

341 984 616 1039 comedat
642 998 748 1053 per
777 979 1207 1036 offendiculum
1229 980 1437 1047 (b).-Et
1460 977 1743 1033 :«Bonum
1770 983 1860 1033 est
1874 992 2003 1031 ma-

342 1089 487 1129 nere
520 1072 675 1127 sicut
696 1086 801 1143 ego
825 1070 950 1142 (0).»
990 1069 1099 1124 Sed
1131 1074 1187 1124 et
1220 1069 1321 1140 qui
1353 1069 1598 1136 utitur,c
1627 1083 1762 1122 cum
1783 1065 2003 1139 gratia-

343 1179 479 1217 rum
509 1161 747 1216 actione
778 1161 878 1230 (εἰ),
905 1179 933 1211 ι
990 1163 1047 1213 et
1099 1158 1201 1229 qui
1245 1174 1451 1213 rursus
1485 1173 1606 1212 non
1633 1155 1840 1222 utitur,
1874 1154 2003 1226 ipse

346 1266 583 1322 quoque
611 1272 638 1300 ‹‹
670 1266 804 1306 cum
831 1249 1153 1321 gratiarum
1180 1248 1436 1315 actione,
1467 1267 1495 1297 η
1530 1250 1588 1301 et
1616 1261 1747 1300 cum
1787 1243 2001 1299 mode-

343 1346 475 1396 rata
502 1357 568 1395 ac
605 1338 961 1410 temperanti
991 1338 1143 1393 vivat
1162 1337 1565 1409 perceptione,
1592 1335 1724 1406 logo
1757 1350 1863 1389 seu
1912 1348 2002 1388 ra.

344 1430 495 1483 tioni
527 1428 968 1483 convenienter.
1002 1428 1093 1494 Et,
1126 1431 1191 1481 ut
1216 1426 1278 1481 in
1305 1440 1539 1480 summa
1569 1424 2001 1490 dicam,omnes

340 1517 615 1589 Apostoli
648 1516 937 1589 epistola,
995 1532 1127 1587 qua:
1175 1515 1646 1570 moderationem
1679 1513 1895 1568 docent
1944 1516 2003 1567 et

343 1607 799 1670 continentiam,
833 1622 969 1660 cum
1002 1611 1059 1659 et
1112 1604 1184 1659 de
1217 1604 1615 1670 matrimonio,
1647 1608 1707 1657 et
1749 1601 1822 1657 de
1852 1600 2000 1655 libe-

340 1711 546 1752 rorum
579 1696 1011 1768 procreatione,
1044 1700 1103 1749 et
1136 1694 1207 1748 de
1230 1694 1445 1748 domus
1484 1691 2003 1747 administratione

344 1784 809 1841 innumerabilia
850 1789 1144 1855 prmcepta
1173 1782 1536 1851 contineant,
1572 1795 1866 1851 nusquam
1896 1779 1999 1833 ho-

344 1880 585 1930 nestum
607 1872 1095 1943 moderatumque
1112 1871 1558 1926 matrimonium
1573 1868 2007 1941 prohibuerunt

345 1968 450 2018 aut
469 1963 831 2035 abrogarunt
854 1979 866 2016 :
888 1960 991 2017 sed
1014 1961 1159 2034 legis
1189 1977 1325 2015 cum
1358 1959 1671 2032 Evangelia
1706 1962 2006 2013 servantes

345 2051 843 2113 convenientiam,
877 2061 1201 2122 utrumque
1232 2049 1556 2105 admittunt
1587 2063 1600 2103 :
1636 2052 1696 2102 et
1712 2063 1870 2114 eum,
1903 2044 2004 2117 qui

345 2143 464 2198 Deo
497 2141 724 2214 agendo
745 2140 985 2213 gratias,
1018 2140 1323 2195 moderate
1354 2141 1542 2194 utitur
1569 2135 1952 2192 matrimonio
1987 2151 2002 2201 ;

346 2238 406 2287 et
435 2247 593 2298 eum,
627 2230 750 2302 qui,
784 2236 851 2285 ut
878 2228 1003 2284 vult
1032 2230 1339 2295 Dominus,
1398 2228 1537 2281 vivit
1590 2228 1653 2281 in
1711 2225 2003 2291 castitate,

348 2319 1235 2392 quemadmodumuvocatusest
1258 2315 2003 2387 unusquisque»inoﬂ'ense

346 2416 405 2466 et
426 2409 686 2482 perfecte
717 2408 962 2480 eligens.
980 2430 1007 2456 «
1033 2409 1103 2461 Et
1132 2412 1257 2462 erat
1286 2412 1441 2461 terra
1456 2404 1633 2460 Jacob
1656 2403 1895 2459 laudata
1907 2419 1996 2457 su-

345 2515 453 2572 pra
484 2515 720 2554 omnem
746 2504 964 2552 terram
984 2498 1074 2566 (ε),
1104 2519 1129 2545 »ι
1162 2496 1358 2567 inquit
1388 2495 1695 2566 propheta,
1730 2493 1857 2564 ipse
1906 2508 2005 2546 vas

349 2586 593 2658 spiritus
618 2584 805 2658 gloria
851 2584 1140 2639 afﬁciens.
1198 2584 1529 2638 Insectatur
1558 2586 1755 2635 autem
1788 2578 2004 2649 aliquis

352 2674 818 2747 generationem,
852 2673 913 2727 in
972 2689 1102 2727 eam
1140 2673 1289 2728 Ιθυ
1321 2670 1526 2726 dicens
1558 2669 1865 2724 interitum
1896 2684 2003 2723 ca-

355 2765 514 2832 dere,
546 2779 796 2835 eamque
828 2762 1021 2834 perire
1050 2778 1061 2815 :
1097 2766 1155 2816 et
1202 2761 1517 2831 detorquet
1563 2758 1783 2829 aliquis
1828 2756 1901 2812 ad
1934 2756 2002 2811 ﬁ-

346 2851 566 2908 liorum
614 2851 1088 2924 procreationem
1144 2849 1294 2905 illud
1351 2849 1575 2904 dictum
1633 2846 2002 2902 Servatoris:

350 2962 378 2989 ‹‹
414 2943 541 2996 Non
573 2945 846 3010 oportere
872 2939 935 2993 in
978 2944 1137 2994 terra
1166 2938 1476 2993 thesauros
1507 2934 1851 3001 recondere,
1902 2933 2003 2989 ubi

348 3031 515 3084 tinea
547 3034 605 3083 et
630 3045 825 3101 aerugo
860 3028 1179 3083 demolitur
1207 3028 1279 3098 (Γ)
1313 3044 1326 3093 ς
1364 3049 1390 3075 ν
1444 3042 1553 3081 nec
1585 3023 1881 3081 erubescit
1909 3022 2002 3078 his

350 3118 570 3174 addere
592 3134 683 3185 ea,
719 3134 850 3189 quea
881 3117 1026 3172 dicit
1057 3117 1382 3189 propheta:
1424 3135 1444 3162 ι
1470 3116 1689 3172 Omnes
1717 3131 1819 3169 vos
1850 3112 2001 3168 sicut

2116 3116 2235 3190 περί
2258 3120 2461 3192 νεκρῶν
2504 3116 2869 3188 ἀναστάσεως,
2922 3143 2951 3170 ‹‹

350 3176 769 3263 vestimentum
798 3176 1196 3273 veterascetis,
1229 3210 1287 3259 et
1317 3205 1477 3259 tinea
1500 3220 1601 3259 vos
1624 3202 1832 3258 exedet
1862 3202 1996 3271 (9)..
2033 3176 2077 3243 (ἶ
2118 3176 2367 3281 μίζονταί
2398 3210 2529 3281 (88).
2569 3234 2589 3258 ι

355 3295 465 3351 Sed
493 3312 687 3367 neque
720 3311 829 3351 nos
851 3294 1315 3351 contradicimus
1347 3293 1687 3365 Scripturaa,
1716 3306 1909 3362 neque
1941 3289 2005 3344 in

344 3390 550 3441 nostra
579 3401 829 3457 corpora
849 3384 1060 3440 cadere
1091 3382 1419 3449 interitum,
1446 3396 1633 3452 eaque
1670 3396 1798 3435 esse
1821 3378 2000 3444 ﬂuxa,

347 3491 656 3548 negamus.
691 3474 962 3529 Fortasse
986 3477 1185 3527 autem
1218 3471 1312 3539 iis,
1374 3487 1523 3541 quos
1555 3470 1634 3524 ibi
1679 3468 2007 3540 alloquitur

347 3564 660 3635 propheta,
694 3567 761 3615 ut
786 3559 1847 3633 peccatoribus,prmdicitinteritum.
1872 3557 2002 3612 Ser-

348 3656 515 3705 vator
544 3655 742 3705 autem
775 3651 848 3705 de
896 3650 1221 3705 liberorum
1272 3649 1681 3721 procreatione
1718 3648 1802 3702 nil
1832 3646 2001 3712 dixit,

350 3740 455 3795 sed
488 3739 561 3795 ad
593 3739 1057 3811 impertiendum
1080 3755 1145 3793 ac
1168 3737 1727 3794 communicandum
1747 3754 1849 3793 eos
1862 3737 2000 3791 hor-

339 3834 519 3895 tatur,
554 3828 653 3898 qui
707 3828 902 3882 solum
954 3827 1166 3898 opibus
1206 3827 1534 3894 abundare,
1586 3827 1896 3899 egentibus
1939 3824 2004 3889 ιιι

342 3921 545 3971 autem
577 3916 864 3970 nolebant
904 3932 1075 3986 opem
1126 3916 1302 3971 ferre.
1362 3916 1757 3981 Quamobrem
1810 3916 1999 3971 dicit:

345 4026 373 4054 ‹‹
408 4004 750 4075 Operamini
785 4020 904 4057 non
928 4002 1149 4069 cibum,
1208 4004 1309 4073 qui
1333 4004 1527 4074 perit;
1561 4004 1663 4059 sed
1716 4021 1873 4070 eum,
1899 4003 2000 4076 qui

340 4098 544 4148 manet
563 4091 626 4146 in
659 4091 835 4146 vitam
856 4096 1143 4145 aaternam
1165 4092 1263 4156 (h).
1283 4114 1311 4138 ››
1332 4091 1616 4147 Similiter
1644 4100 1841 4149 autem
1856 4095 1996 4149 οπο-

338 4187 487 4237 runt
515 4181 695 4236 etiam
727 4179 878 4235 illud
900 4180 1122 4234 dictum
1158 4178 1230 4233 de
1260 4181 1697 4235 resurrectione
1726 4188 1996 4237 mortuo-

339 4289 476 4327 rum
502 4288 515 4326 :
544 4294 572 4322 ‹‹
607 4271 738 4327 Filii
770 4270 934 4325 illius
960 4268 1161 4324 saeculi
1194 4285 1305 4325 nec
1334 4268 1587 4336 nubunt,
1620 4287 1731 4326 nec
1760 4270 1995 4326 nubun-

335 4378 437 4443 tur
457 4361 540 4433 (ἰ).
576 4383 605 4411 ››
625 4359 736 4416 Sed
760 4359 913 4413 hanc
942 4358 1469 4431 interrogationem
1491 4363 1549 4411 et
1577 4373 1677 4414 eos
1699 4359 1997 4430 quiinter-

412 4477 490 4547 (α)
522 4478 547 4531 I
576 4477 723 4532 Tim.
759 4491 833 4541 ιν,
869 4479 918 4540 1,
953 4477 1007 4541 2,
1037 4476 1091 4540 3,
1121 4476 1174 4539 4,
1209 4477 1262 4530 5.
1296 4473 1373 4545 (b)
1403 4474 1569 4530 Rom.
1630 4490 1742 4541 xiv,
1801 4479 1889 4531 21.
1940 4480 2001 4546 (οξ

418 4590 429 4602 .
466 4550 532 4612 (fl
564 4547 764 4603 Matth.
789 4564 863 4612 γι,
898 4549 984 4603 19.
1019 4546 1105 4612 (g)
1128 4546 1243 4602 Isa.
1277 4562 1327 4612 L,
1358 4549 1411 4601 9.
1440 4544 1505 4609 ›ι‹
1551 4548 1614 4601 Ρ.
1646 4547 1744 4602 551
1782 4548 1894 4604 ΕΙ).
1945 4552 2001 4606 Ρ(

2116 4482 2281 4611 Ἱἓῖοικ
2342 4486 2445 4552 νιὶ,
2504 4487 2562 4541 8.
2632 4486 2712 4612 (ξ)

2172 4556 2240 4612 Β.
2270 4556 2398 4612 463.
2431 4558 2537 4612 464
2587 4557 2630 4611 Ε
2686 4597 2700 4612 .

341 4544 429 4675 ἐξ.
564 4547 764 4603 Matth.
789 4564 863 4615 γι,
898 4549 984 4603 19.
1019 4546 1105 4617 (g)
1128 4546 1243 4602 Isa.
1277 4562 1327 4614 L,
1358 4544 1411 4601 9.
1440 4544 1505 4609 ›ι‹
1551 4548 1614 4601 Ρ.
1646 4547 1744 4602 551
1782 4548 1894 4604 ΕΙ).
1945 4544 2001 4606 Ρ(

424 4660 438 4688 ,
545 4660 559 4673 .

2116 4555 2240 4621 ‘ER,
2270 4556 2398 4625 463,
2428 4544 2537 4612 λοι
2587 4544 2700 4614 Eb:

412 4732 528 4807 (82)
563 4731 659 4785 Kal
690 4731 782 4807 ἦν.
816 4729 1009 4807 Anad
1042 4732 1245 4807 E_zech.
1277 4749 1374 4798 xx,
1416 4735 1469 4800 6,
1511 4733 1761 4790 alludit?
1778 4735 1995 4795 Lowru.

341 4804 669 4878 T—Monuit
700 4805 767 4861 cl.
810 4804 1057 4860 Grabius
1084 4804 1211 4878 haec
1241 4810 1479 4878 sumpta
1508 4821 1637 4860 esse
1659 4822 1727 4878 ex
1747 4808 2000 4878 epistola

342 4876 772 4952 D.__Barnabaa._
797 4892 925 4952 cap_.
961 4889 1043 4952 u_:
1080 4872 1246 4952 ηάλιν
1276 4871 1461 4947 ἓτερος
1502 4871 1799 4952 προφήτηξ
1824 4876 1995 4951 λέγει·

346 4946 512 5020 «_Kal
542 4946 608 5013 ἦν
637 4949 672 5010 ἡ
704 4948 776 5020 γῆ
823 4939 947 5020 τοῦ⁸
981 4939 1174 5020 Ἰακὼβ
1228 4939 1590 5017 ἐπαινουμένη
1625 4939 1795 5020 ’παρὰ
1824 4939 1994 5006 πᾶσαν

340 5015 440 5088 τήν
634 5012 858 5088 ιιΔΊδοῦτο
890 5012 1060 5087 λέγει,
1092 5016 1157 5069 τὸ
1187 5020 1376 5079 σκεῦος
1430 5012 1526 5071 τοῦ
1557 5012 1865 5088 πνεύματος
1898 5022 1999 5077 αύ-

345 5040 440 5081 την
471 5040 595 5088 γην,
634 5040 660 5065 ι)
694 5040 858 5070 ιουτο
892 5040 1060 5087 Λεγει,
1092 5040 1157 5069 το
1187 5040 1376 5079 «navo:
1430 5040 1526 5071 του
1557 5040 1687 5072 πνεν)
1739 5041 1865 5083 ατος
1898 5040 1999 5077 αυ-

345 5087 466 5152 τοῦ,
499 5084 529 5138 ὅ
556 5083 787 5161 δοξάζει·
820 5110 847 5135 ‹‹
878 5090 1140 5161 _Rursu_m
1173 5088 1324 5143 alius
1356 5091 1643 5161 prapheta
1672 5040 1818 5148 dicit
1841 5111 1853 5148 :
1880 5118 1907 5144 ‹‹
1934 5098 2002 5151 Et

345 5179 373 5229 ιι
405 5162 534 5229 erat
557 5157 1185 5229 terraJacobrlaudata
1211 5175 1315 5229 per
1334 5157 1572 5216 omnem
1598 5167 2001 5223 terram.»Hoc

345 5228 889 5303 dicit,vas_spiritus
921 5228 1267 5303 illius,quod
1291 5233 1647 5303 magniﬁcat.
1685 5256 1712 5282 ››
1737 5236 1842 5290 Ubi
1875 5238 2000 5295 haac

347 5299 592 5355 adnotat
622 5297 973 5373 Menardus:
1041 5320 1077 5373 «μ
1126 5297 1317 5373 Locus
1368 5297 1639 5373 s'umptus
1669 5305 1902 5361 videtur
1931 5326 2002 5364 ex

348 5372 543 5442 capite
588 5369 760 5442 tertio
798 5368 1173 5442 Δδορῒιοῐιξιιθε
1228 5369 1323 5442 Καὶ
1365 5368 1619 5442 νθήσόμαι
1678 5374 1875 5437 αὐτοὺς
1923 5378 2000 5440 εἷς

343 5436 635 5517 καύχημα,
660 5440 757 5519 ’καὶ
789 5436 1149 5519 ένομαστοίές,
1181 5441 1270 5519 καὶ
1302 5436 1446 5514 πάση
1577 5446 1676 5519 γῇ..
1726 5448 1796 5519 Et
1825 5436 2000 5519 paulo

342 5507 550 5587 post-zu
580 5512 727 5569 Διότι
788 5507 1134 5587 δώσωμῦμᾶς
1192 5507 1532 5585 ὀνομαστοὺς
1575 5507 1664 5569 καὶ
1722 5516 1797 5578 είς
1825 5507 1842 5519 ⁸
1870 5519 2000 5574 χαὺ-

344 5584 420 5660 xv,
434 5591 667 5660 μαπᾶσι
696 5587 816 5660 τοῖς
847 5584 1021 5660 λαοῖς.
1034 5588 1133 5660 τῇς
1163 5584 1351 5660 7714.53

417 5607 507 5656 ιμα
538 5606 667 5641 πασι
696 5604 816 5646 τοις
847 5604 1007 5642 Λαοις
1034 5604 1133 5652 της
1163 5605 1198 5658 γ
1240 5604 1287 5646 ς.
1324 5607 1351 5634 ››

417 5658 529 5729 (83)
590 5656 909 5727 Πνεύματος
964 5651 1129 5717 αὐτὸς
1324 5658 1550 5729 Rursus
1636 5661 1871 5718 monuit
1924 5663 1998 5722 cl.

348 5726 599 5786 Grabius
628 5726 1011 5787 scribendum
1042 5744 1169 5786 esse
1210 5745 1281 5787 ex
1339 5726 1626 5799 Barnaba,
1686 5730 2002 5809 Πνεύματος

2115 536 2210 590 Καὶ
2271 536 2509 600 καθόλου
2562 543 2726 592 πᾶσαι
2784 538 2839 590 αἱ
2899 534 3183 591 ἐπιστολαὶ
3242 538 3340 589 τοῦ
3394 533 3773 602 ’Δποστόλου,

2111 626 2434 703 σωφροσύνη
2511 625 2602 680 καὶ
2665 624 2981 700 ἐγκράτειαν
3043 621 3443 693 διδάσκουσαι,
3528 623 3662 697 περί
3716 643 3776 681 τε

2110 713 2479 789 γάμων,περί
2524 735 2583 769 τε
2645 712 3014 782 παιδοποιίας,
3070 713 3196 787 περί
3222 734 3282 768 τε
3335 712 3492 769 οῒκυυ
3551 709 3777 783 διοική-

2111 823 2269 873 σεως,
2327 802 2525 878 μυρίας
2585 803 2713 866 ὅσας
2768 804 2991 865 ἐντολὰς
3068 804 3419 878 περιέχουσαι
3456 846 3473 869 ,
3523 800 3781 874 οὐδαμοῦ

2110 893 2289 967 γάμον
2322 893 2591 963 ἠθέτησαν
2640 893 2733 947 τὸν
2793 893 3067 969 σώφρονα·
3113 891 3259 948 ἀλλά
3287 892 3386 961 τήν
3436 891 3781 947 ἀκολουθίαν

2111 980 2378 1050 σώζουσαι
2408 985 2504 1036 τοῦ
2534 981 2708 1055 νόμου
2738 982 2873 1057 πρὸς
2931 983 2993 1035 τὸ
3049 980 3407 1056 Εὗαγγέλιον,
3460 978 3783 1056 ἀποδέχονο

2107 1090 2195 1124 ται
2227 1070 2499 1145 ἑκάτερον,
2529 1071 2622 1125 τόν
2651 1091 2710 1125 τε
2741 1071 3081 1147 εὐχαρίστως
3133 1074 3213 1142 τῷ
3270 1075 3390 1143 Θεῷ
3442 1071 3614 1146 γάμῳ
3674 1090 3780 1123 κε-

2111 1159 2392 1234 χρημένον
2421 1158 2739 1236 σωφρόνως,
2783 1161 2876 1214 τόν
2928 1179 2988 1214 τε
3037 1157 3315 1234 εὐνουχίᾳ,
3367 1158 3443 1220 ὡς
3505 1158 3534 1212 ὁ
3567 1156 3783 1231 Κύριος

2113 1245 2396 1322 βούλεται,
2431 1242 2788 1321 συμϐιοῦντα,
2811 1247 2992 1312 καθὼς
3026 1270 3054 1300 ‹‹
3085 1245 3295 1318 ἐκλήθη
3324 1244 3552 1309 ἕκαστος
3584 1272 3608 1300 ι
3648 1245 3785 1301 {A6-

2113 1354 2273 1408 μενος
2300 1336 2612 1397 ἀπταίστως
2639 1340 2729 1391 καί
2777 1334 3029 1398 τελείως.
3074 1361 3103 1387 ‹‹
3154 1336 3249 1390 Καὶ
3308 1336 3378 1405 ἦν
3601 1337 3638 1404 ἠ
3697 1337 3781 1410 γῆ

2104 1427 2201 1479 τοῦ
2260 1419 2456 1479 Ἰακὼϐ
2504 1422 2871 1498 έπαινουμένη
2933 1427 3080 1500 παρᾶ
3132 1429 3305 1480 πᾶσαν
3371 1426 3476 1493 τήν
3548 1430 3681 1499 γῆν,
3745 1446 3776 1473 ιο

2109 1533 2270 1589 φησιν
2304 1514 2332 1568 ὁ
2362 1515 2677 1591 προφήτης,
2734 1514 2795 1568 τὸ
2855 1517 3047 1575 σκεῦος
3100 1517 3198 1568 τοῦ
3245 1511 3555 1587 πνεύματος
3608 1512 3783 1574 αὐτὸς

2110 1597 2346 1671 δοξάζων
2381 1606 2513 1674 (83).
2548 1604 2882 1678 Κατατρέχει
2940 1599 2998 1657 δέ
3051 1623 3136 1664 τις
3186 1602 3464 1679 γενέσεως,
3520 1602 3780 1678 φθαρτὴν

2107 1691 2195 1745 καὶ
2225 1689 2620 1763 ἀπολλυμένην
2654 1689 2846 1767 λέγων’
2904 1691 2996 1746 καὶ
3032 1692 3272 1768 βιάζεταί
3310 1713 3415 1757 τις,
3467 1690 3555 1747 ἐπὶ
3578 1711 3783 1746 τεκνο-

2109 1777 2295 1841 ποιίας
2317 1778 2494 1854 λέγων
2522 1780 2793 1856 εἶρηκέναι
2851 1781 2943 1836 τὸν
3002 1783 3254 1856 Σωτῆρα·
3288 1805 3317 1832 ι(
3350 1780 3473 1835 Ἐπὶ
3528 1787 3633 1857 γῆς
3687 1780 3777 1853 μή

2115 1868 2480 1943 θησαυρίζειν,
2526 1869 2669 1924 ὃπου
2722 1871 2821 1939 σής
2875 1869 2965 1925 καὶ
3023 1869 3227 1946 βρῶσις
3275 1870 3538 1948 ἄφανίζευ
3592 1893 3622 1921 ιι
3675 1867 3781 1924 καὶ

2113 1960 2179 2013 τά
2224 1961 2322 2013 τοῦ
2369 1959 2657 2036 προφήτου
2715 1958 3237 2035 προσπαρατιθέναι,
3288 1958 3509 2023 τούτοις
3536 1959 3639 2014 ούκ
3684 1957 3779 2013 ai-

2113 2045 2390 2123 σχύνεται’
2426 2072 2454 2099 ι(
2484 2047 2681 2110 Πάντες
2713 2048 2869 2121 ὑμεῖς
2928 2048 3004 2113 ὡς
3048 2049 3268 2121 ἱμάτιον
3325 2047 3782 2120 πλαιωθήσεσθε,

2113 2136 2203 2191 καὶ
2235 2137 2336 2205 σής
2368 2136 2635 2213 βρώσεται
2668 2140 2779 2211 (84)
2815 2138 2975 2211 ὑμᾶς.
3029 2161 3057 2190 »δ
3115 2135 3277 2193 Ἀλλ’
3316 2134 3445 2193 ούδὶ
3472 2139 3642 2210 ἡμεῖς
3672 2136 3780 2191 ἆν-

2112 2224 2406 2299 τιλέγομεν
2436 2229 2506 2299 τῇ
2550 2225 2759 2301 Γραφῇ,
2820 2226 2905 2281 ὅτι
2952 2228 3161 2303 φθαρτᾶ
3202 2228 3341 2299 ἡμῖν
3397 2226 3465 2281 τά
3521 2227 3792 2299 σώματα,

2113 2315 2200 2369 καὶ
2235 2314 2388 2391 φύσει
2422 2314 2636 2389 ῥευστὰ.
2669 2314 2820 2370 Τάχα
2842 2313 2887 2370 δ’
2920 2315 3004 2385 ἂν,
3045 2316 3131 2370 καὶ
3185 2318 3269 2377 οἷς
3328 2311 3630 2391 διελέγετο,
3703 2315 3791 2377 ὡς

2114 2401 2498 2477 ἁμαρτωλοῖς,
2558 2404 2894 2481 προφητεύει
2957 2403 3179 2479 φθοράν.
3236 2405 3292 2460 ὀ
3353 2410 3552 2477 Σωτηρ
3610 2401 3672 2459 δὶ
3726 2400 3794 2459 ού

2114 2492 2237 2567 περὶ
2284 2493 2634 2554 τεκνοποιίας
2693 2490 2930 2566 εἶ’ρηκεν,
2992 2491 3118 2548 ἀλλ’
3176 2493 3254 2556 εἷς
3317 2491 3611 2567 μετάδοσιν
3670 2514 3790 2547 κοι-

2113 2581 2311 2645 νωνίας
2384 2582 2712 2658 προτρέπων
2770 2583 2897 2643 τοὺς
2978 2584 3203 2637 κτᾶσθαι
3266 2582 3428 2657 μόνον
3502 2583 3606 2650 τῆν
3682 2586 3789 2637 τοῦ

2114 2668 2360 2725 πλούτου
2381 2690 2722 2744 περιουσιαν,
2757 2670 3066 2748 ἐπικουρεῖν
3102 2668 3159 2726 δὲ
3184 2677 3303 2733 τοῖς
3354 2667 3645 2743 δεομένοις
3702 2671 3787 2744 μή

2118 2755 2519 2834 βουλομένους.
2611 2758 2704 2814 Διό
2763 2781 2927 2838 φησιν
2963 2779 2976 2792 ·
3036 2785 3065 2812 ιι
3133 2760 3456 2836 Ἐργάζεσθε
3538 2761 3616 2834 μή
3674 2763 3781 2829 τήν

2114 2846 2506 2921 ἀπολλυμένην
2715 2849 2943 2925 βρῶσιν,
3008 2846 3155 2904 ἀλλᾶ
3207 2850 3307 2919 τήν
3369 2849 3639 2922 μένουσαν
3700 2849 3781 2913 είς

2116 2938 2261 3007 ζωὴν
2294 2937 2535 2994 αἰώνιον.
2586 2939 2890 3012 »Ὁμοίως
2938 2936 2996 2995 δὲ
3052 2938 3271 2994 κάκεῖνο
3320 2939 3634 3014 νομίζουσι,
3714 2938 3780 2993 τὸ

2113 3025 2277 3103 ῥητὸν
2302 3031 2492 3100 (86),‹‹
2524 3028 2591 3085 Οἱ
2627 3027 2737 3083 υίυῖ
2796 3032 2905 3103 (87)
2934 3032 3031 3084 τοῦ
3088 3027 3287 3092 αἰῶνος
3338 3029 3566 3099 ἐκείνου,
3630 3052 3659 3080 η
3714 3028 3782 3083 τὸ

2999 3116 3123 3174 οὔτε
3179 3122 3468 3195 γαμοῦσιν,
3516 3116 3643 3173 οὔτε
3688 3139 3791 3193 γα·

2650 3207 2824 3265 Ἀλλᾶ
2870 3209 2934 3263 τὸ
2993 3208 3255 3284 ἐρώτημα
3312 3208 3595 3264 τοῦτοκαὶ
3650 3205 3783 3269 τοὺς

2112 3296 2558 3369 πυνθανομένους
2587 3295 2783 3359 αὐτοὺς
2844 3296 2933 3353 ἐὰν
2991 3297 3451 3371 ἀναπεμπάσηταί
3507 3319 3617 3367 τις,
3678 3298 3784 3353 οὐκ

2112 3382 2593 3459 ἀποδοκιμάζοντα
2640 3389 2730 3442 τὸν
2783 3385 2959 3463 γάμον
3009 3386 3228 3461 εὑρησει
3258 3388 3348 3442 τὸν
3410 3386 3633 3462 Κύριον,
3696 3388 3780 3442 θε-

2112 3474 2414 3550 ραπεύοντα
2445 3472 2502 3531 δὲ
2529 3478 2631 3545 τήν
2679 3475 2815 3531 κατᾶ
2870 3476 2972 3545 τὴν
3024 3476 3309 3531 ἀνάστασιν
3356 3482 3458 3544 τῆς
3507 3481 3778 3551 σαρκικῆς

2111 3563 2402 3638 ἐπιθυμίας
2432 3562 2783 3640 προσδοκίαν.
2818 3565 2897 3623 Τὸ
2935 3562 3011 3635 δὲ,
3045 3590 3073 3617 ι(
3129 3565 3199 3621 Ut
3249 3563 3361 3619 υἱοὶ
3414 3562 3513 3619 τοῦ
3572 3562 3775 3626 αἰῶνος

2108 3652 2329 3722 τούτου,
2362 3676 2390 3704 ››
2450 3653 2511 3708 ού
2572 3652 2710 3729 πρὸς
2757 3651 3175 3723 ἀντιδιαστολὴν
3234 3657 3341 3709 τῶν
3394 3651 3575 3708 ἄλλου
3622 3653 3775 3715 τινὸς

2109 3742 2307 3805 αἰῶνος
2336 3744 2466 3797 υἱῶν
2503 3743 2740 3819 εἴρηκεν,
2800 3741 2926 3799 ἀλλ’
2987 3742 3178 3813 ἐπίσης
3236 3747 3342 3816 τῷ·
3386 3743 3454 3800 Οἱ
3484 3742 3537 3796 έν
3594 3741 3776 3815 τούτῳ

2109 3829 2402 3908 γενόμενοι
2430 3837 2510 3905 τῷ
2542 3831 2726 3901 αἰῶνι,
2781 3830 2869 3887 διὰ
2897 3834 2997 3901 τήν
3030 3834 3236 3908 γένεσιν
3270 3831 3382 3887 υἱοῖ
3442 3831 3618 3901 ὅντες,
3648 3853 3770 3909 γεν-

2109 3926 2243 3975 νῶσι
2273 3922 2359 3975 καὶ
2392 3926 2705 3997 γεννῶνται’
2740 3920 2856 3977 ἐπεὶ
2887 3923 2963 3996 μή
2980 3919 3371 3999 ἄνευγενέσεώς
3398 3942 3484 3984 τις
3511 3917 3778 3976 τόνδετόν

2113 4009 2234 4085 βίον
2268 4010 2675 4087 παρελεύσεται·
2711 4010 2837 4067 ἀλλ’
2872 4010 2971 4083 ἣδε
3000 4014 3034 4082 ἡ
3065 4013 3394 4087 γένεσις,τήν
3428 4010 3632 4085 ὁμοίαν
3658 4010 3777 4066 ἑπι-

2108 4095 2385 4174 δεχομένη
2412 4100 2643 4177 φθορὰν,
2694 4101 2795 4156 ούκ
2825 4099 2903 4156 ἔτι
2964 4099 3216 4173 ἀναμένει
3274 4100 3367 4156 τὸν
3423 4101 3561 4173 ἅπαξ
3614 4096 3776 4155 τοῦδε

2105 4192 2203 4242 τοῦ
2238 4186 2361 4263 βίου
2391 4190 2826 4266 κεχωρισμένον.
2860 4214 2888 4241 ι(
2923 4191 3019 4253 Εἷς
3055 4189 3148 4263 μὶν
3182 4188 3273 4244 οῦν
3305 4190 3332 4244 ὁ
3362 4188 3551 4262 Πατὴρ
3583 4190 3775 4262 ἡμῶν,

2104 4276 2133 4331 ὁ
2164 4274 2219 4331 έν
2263 4282 2381 4339 τοῖς
2408 4276 2683 4355 οὐρανοῖς·
2742 4303 2770 4331 ι)
2814 4276 2963 4335 ἀλλὰ
3018 4279 3106 4334 καὶ
3140 4278 3384 4334 ἁπάντων
3418 4278 3608 4353 Πατήρ
3639 4277 3774 4333 κατᾶ

2106 4362 2470 4443 δημιουργίαν
2530 4366 2716 4431 αὐτός.
2754 4394 2781 4421 ‹‹
2844 4368 2939 4438 Μὴ
2988 4367 3258 4438 καλέσητε
3309 4369 3424 4441 (89)
3490 4368 3584 4421 οὖν
3646 4366 3776 4440 ὑμῖν

2769 4488 2938 4542 Rom.
2996 4502 3109 4556 xiv,
3162 4489 3248 4541 19.
3281 4486 3355 4558 (a)
3388 4485 3657 4558 Sophon.
3686 4501 3773 4551 ιιι,

2741 4558 2971 4614 PARlS.
3004 4558 3084 4632 (h)
3111 4559 3278 4615 Joan.
3310 4556 3385 4624 vi,
3416 4556 3507 4616 27.
3541 4558 3604 4629 (ἰ)
3633 4556 3767 4614 Luc.

2033 4748 2075 4813 D
2108 4738 2273 4796 αύτοῦ
2306 4737 2356 4797 δ.

2176 4814 2292 4956 (84)
2324 4811 2622 4901 Βρώσεται.
2652 4815 3044 4893 Καταφάγεται,
3073 4817 3185 4873 Isa.

2316 4887 2430 4952 Την
2472 4886 2566 4941 ἀπ.
2602 4886 2712 4955 Τήν
2755 4887 2955 4956 βρῶσιν
2988 4887 3089 4954 τήν
3142 4888 3185 4941 ἆτ

2203 4886 2292 4963 8ξ)
2316 4883 2430 4963 [Γῆν
2472 4886 2566 4963 ἀπ.
2602 4886 2712 4963 Τῂν
2755 4883 2955 4963 βρῶσιν
2988 4887 3108 4963 τὴν-
3142 4885 3562 4961 ἀπολλυμένην,
3622 4883 3768 4943 ἄλλὰ

2106 4954 2204 5022 τὴν
2238 4954 2569 5028 βρῶσιντήν
2605 4954 2868 5028 μένουσαν
2898 4957 2973 5021 είς
3084 4961 3252 5017 Joan.

2179 5025 2291 5105 ($6)
2322 5025 2553 5105 Tbjnr.
2587 5025 3118 5105 Simpliciorordo
3140 5038 3233 5088 est
3264 5048 3278 5086 :
3334 5028 3407 5105 Τὸ
3456 5028 3626 5105 ῥητρν
3660 5100 3670 5105 _
3704 5028 3763 5083 τὸ

2107 5097 2232 5172 περὶ
2264 5097 2467 5172 νεκρῶν
2488 5097 2861 5164 ἀναστάσεως
2894 5102 2962 5158 υἱ
3014 5101 3125 5155 υἱοὶ
3179 5105 3277 5156 τοῦ
3307 5097 3524 5164 αἰῶνός.
3556 5100 3765 5157 ἐκείνου

2109 5167 2231 5243 οὔτε
2260 5167 2387 5243 γαμῄ
2429 5172 2704 5243 SYLBURG.

2326 5241 2395 5299 Οἱ
2454 5242 2565 5298 υἱοί
2644 5244 2708 5299 Οἱ
2767 5241 2826 5298 δὲ
2866 5242 3302 5314 καταξιωθέντες,
3354 5245 3494 5301 Luc.
3544 5262 3645 5303 xx.
3676 5247 3758 5299 35.

2110 5310 2221 5401 Sed
2248 5313 2310 5369 in
2338 5316 2638 5401 sententia
2658 5317 2911 5389 praaced.
2939 5310 3173 5400 dixerat
3196 5316 3290 5374 :Oi
3309 5316 3418 5401 uici
3438 5319 3543 5401 10::
3564 5314 3759 5399 αζῶνος

2107 5386 2324 5437 τούτου’
2360 5386 2517 5460 unde
2540 5386 2835 5460 Clemens,
2860 5404 2890 5442 e
2921 5390 3210 5444 memoria
3241 5388 3484 5460 scilicet,
3504 5388 3758 5460 Scriptu-

2108 5471 2235 5511 ram
2269 5458 2553 5517 recitans.
2580 5459 2733 5516 hanc
2762 5460 3080 5516 lectionem
3110 5460 3379 5517 hausisse
3400 5458 3658 5516 videtur.

2325 5526 2677 5603 l‘gpiﬁquau.
2707 5529 3196 5603 famamfamam,
3228 5534 3366 5603 Luc.

2147 5600 2311 5686 ..(89)
2326 5597 2571 5686 Μῇκαλ.
2624 5601 2723 5658 Καὶ
2782 5597 2990 5678 πατέρα
3020 5602 3098 5676 μὴ
3154 5597 3425 5674 καλέσητε
3473 5601 3631 5675 ὑμῶν
3678 5597 3759 5655 ἐπὶ

2106 5673 2209 5739 τῆς
2240 5675 2368 5745 γῆς,
2391 5673 2597 5733 Matth.
