  <div class='ocr_page' id='page_1' title='image "/cluster/home/n/w/nwhite01/storage/ocr_20150623/8/hvd.32044073501298/599.png"; bbox 0 0 4048 6186; ppageno 0'>
   <div class='ocr_carea' id='block_1_1' title="bbox 335 297 470 354">
    <p class='ocr_par' dir='ltr' id='par_1_1' title="bbox 335 297 470 354">
     <span class='ocr_line' id='line_1_1' title="bbox 335 297 470 354; baseline -0.015 0"><span class='ocrx_word' id='word_1_1' title='bbox 335 297 470 354; x_wconf 78' lang='grc'><strong>1191</strong></span> 
     </span>
    </p>
   </div>
   <div class='ocr_carea' id='block_1_2' title="bbox 1560 287 2514 346">
    <p class='ocr_par' dir='ltr' id='par_1_2' title="bbox 1560 287 2514 346">
     <span class='ocr_line' id='line_1_2' title="bbox 1560 287 2514 346; baseline 0.002 -2"><span class='ocrx_word' id='word_1_2' title='bbox 1560 287 1974 344; x_wconf 72' lang='lat' dir='ltr'>CLEMENTIB</span> <span class='ocrx_word' id='word_1_3' title='bbox 2011 288 2514 346; x_wconf 72' lang='lat' dir='ltr'>ALEXANDRINI</span> 
     </span>
    </p>
   </div>
   <div class='ocr_carea' id='block_1_3' title="bbox 3622 290 3758 346">
    <p class='ocr_par' dir='ltr' id='par_1_3' title="bbox 3622 290 3758 346">
     <span class='ocr_line' id='line_1_3' title="bbox 3622 290 3758 346; baseline 0.015 -1"><span class='ocrx_word' id='word_1_4' title='bbox 3622 290 3758 346; x_wconf 77' lang='grc'><strong>1192</strong></span> 
     </span>
    </p>
   </div>
   <div class='ocr_carea' id='block_1_4' title="bbox 332 404 1998 491">
    <p class='ocr_par' dir='ltr' id='par_1_4' title="bbox 332 408 1985 491">
     <span class='ocr_line' id='line_1_4' title="bbox 332 408 1985 491; baseline -0.008 -14"><span class='ocrx_word' id='word_1_5' title='bbox 332 421 407 476; x_wconf 89' lang='lat' dir='ltr'>ad</span> <span class='ocrx_word' id='word_1_6' title='bbox 434 418 609 491; x_wconf 87' lang='lat' dir='ltr'>plura</span> <span class='ocrx_word' id='word_1_7' title='bbox 641 413 962 488; x_wconf 81' lang='lat' dir='ltr'>prolapsio.</span> <span class='ocrx_word' id='word_1_8' title='bbox 996 409 1206 466; x_wconf 85' lang='lat' dir='ltr'>Tribus</span> <span class='ocrx_word' id='word_1_9' title='bbox 1249 408 1409 466; x_wconf 89' lang='lat' dir='ltr'>enim</span> <span class='ocrx_word' id='word_1_10' title='bbox 1456 409 1673 477; x_wconf 89' lang='lat' dir='ltr'>modis,</span> <span class='ocrx_word' id='word_1_11' title='bbox 1719 416 1787 466; x_wconf 93' lang='lat' dir='ltr'>ut</span> <span class='ocrx_word' id='word_1_12' title='bbox 1831 410 1985 465; x_wconf 85' lang='lat' dir='ltr'>dixi-</span> 
     </span>
    </p>
   </div>
   <div class='ocr_carea' id='block_1_5' title="bbox 2106 404 3759 491">
    <p class='ocr_par' dir='ltr' id='par_1_5' title="bbox 2106 404 3759 488">
     <span class='ocr_line' id='line_1_5' title="bbox 2106 404 3759 488; baseline 0.002 -25"><span class='ocrx_word' id='word_1_13' title='bbox 2106 430 2127 462; x_wconf 75' lang='grc' dir='ltr'><strong>κ</strong></span> <span class='ocrx_word' id='word_1_14' title='bbox 2157 409 2401 485; x_wconf 79' lang='grc' dir='ltr'>πονηρὰν</span> <span class='ocrx_word' id='word_1_15' title='bbox 2434 409 2526 465; x_wconf 83' lang='grc' dir='ltr'>καὶ</span> <span class='ocrx_word' id='word_1_16' title='bbox 2579 404 2911 485; x_wconf 78' lang='grc' dir='ltr'>μοιχαλίϐα,</span> <span class='ocrx_word' id='word_1_17' title='bbox 2943 434 2972 462; x_wconf 84' lang='grc'><strong>››</strong></span> <span class='ocrx_word' id='word_1_18' title='bbox 3031 407 3273 467; x_wconf 78' lang='grc' dir='ltr'>διδάσκει</span> <span class='ocrx_word' id='word_1_19' title='bbox 3335 411 3414 486; x_wconf 78' lang='grc' dir='ltr'>μὴ</span> <span class='ocrx_word' id='word_1_20' title='bbox 3445 410 3759 488; x_wconf 78' lang='grc' dir='ltr'>ἐγνωκότας</span> 
     </span>
    </p>
   </div>
   <div class='ocr_carea' id='block_1_6' title="bbox 332 500 1994 576">
    <p class='ocr_par' dir='ltr' id='par_1_6' title="bbox 332 500 1994 576">
     <span class='ocr_line' id='line_1_6' title="bbox 332 500 1994 576; baseline -0.008 -10"><span class='ocrx_word' id='word_1_21' title='bbox 332 526 486 576; x_wconf 90' lang='lat' dir='ltr'>mus,</span> <span class='ocrx_word' id='word_1_22' title='bbox 509 504 891 563; x_wconf 85' lang='lat' dir='ltr'>fornicatioet</span> <span class='ocrx_word' id='word_1_23' title='bbox 926 501 1291 559; x_wconf 78' lang='lat' dir='ltr'>adulterium</span> <span class='ocrx_word' id='word_1_24' title='bbox 1346 500 1583 554; x_wconf 90' lang='lat' dir='ltr'>simitur</span> <span class='ocrx_word' id='word_1_25' title='bbox 1632 500 1788 571; x_wconf 89' lang='lat' dir='ltr'>apud</span> <span class='ocrx_word' id='word_1_26' title='bbox 1839 504 1994 572; x_wconf 81' lang='lat' dir='ltr'>Apo—</span> 
     </span>
    </p>
   </div>
   <div class='ocr_carea' id='block_1_7' title="bbox 333 588 1995 662">
    <p class='ocr_par' dir='ltr' id='par_1_7' title="bbox 333 588 1995 662">
     <span class='ocr_line' id='line_1_7' title="bbox 333 588 1995 662; baseline -0.005 -9"><span class='ocrx_word' id='word_1_27' title='bbox 333 599 572 653; x_wconf 90' lang='lat' dir='ltr'>stolum.</span> <span class='ocrx_word' id='word_1_28' title='bbox 609 597 688 649; x_wconf 84' lang='lat' dir='ltr'>De</span> <span class='ocrx_word' id='word_1_29' title='bbox 738 593 832 648; x_wconf 92' lang='lat' dir='ltr'>his</span> <span class='ocrx_word' id='word_1_30' title='bbox 865 591 1010 647; x_wconf 91' lang='lat' dir='ltr'>dicit</span> <span class='ocrx_word' id='word_1_31' title='bbox 1044 589 1371 662; x_wconf 78' lang='lat' dir='ltr'>propheta:</span> <span class='ocrx_word' id='word_1_32' title='bbox 1427 612 1454 638; x_wconf 83' lang='lat'><strong>«</strong></span> <span class='ocrx_word' id='word_1_33' title='bbox 1482 589 1746 644; x_wconf 88' lang='lat' dir='ltr'>Peccatis</span> <span class='ocrx_word' id='word_1_34' title='bbox 1788 588 1995 644; x_wconf 75' lang='lat' dir='ltr'>vestris</span> 
     </span>
    </p>
   </div>
   <div class='ocr_carea' id='block_1_8' title="bbox 333 676 1997 742">
    <p class='ocr_par' dir='ltr' id='par_1_8' title="bbox 333 676 1997 742">
     <span class='ocr_line' id='line_1_8' title="bbox 333 676 1997 742; baseline -0.005 -2"><span class='ocrx_word' id='word_1_35' title='bbox 333 684 654 742; x_wconf 80' lang='lat' dir='ltr'>venundati</span> <span class='ocrx_word' id='word_1_36' title='bbox 679 683 841 738; x_wconf 88' lang='lat' dir='ltr'>estis.</span> <span class='ocrx_word' id='word_1_37' title='bbox 878 704 906 731; x_wconf 85' lang='lat'><em>»</em></span> <span class='ocrx_word' id='word_1_38' title='bbox 930 682 1002 734; x_wconf 90' lang='lat' dir='ltr'>Et</span> <span class='ocrx_word' id='word_1_39' title='bbox 1030 695 1237 734; x_wconf 72' lang='lat' dir='ltr'>rursus</span> <span class='ocrx_word' id='word_1_40' title='bbox 1263 694 1275 732; x_wconf 94' lang='lat'>:</span> <span class='ocrx_word' id='word_1_41' title='bbox 1302 701 1328 728; x_wconf 86' lang='lat'><strong>«</strong></span> <span class='ocrx_word' id='word_1_42' title='bbox 1357 676 1625 731; x_wconf 88' lang='lat' dir='ltr'>Pollutus</span> <span class='ocrx_word' id='word_1_43' title='bbox 1657 693 1719 732; x_wconf 91' lang='lat' dir='ltr'>es</span> <span class='ocrx_word' id='word_1_44' title='bbox 1752 677 1811 731; x_wconf 94' lang='lat' dir='ltr'>in</span> <span class='ocrx_word' id='word_1_45' title='bbox 1839 683 1997 732; x_wconf 91' lang='lat' dir='ltr'>terra</span> 
     </span>
    </p>
   </div>
   <div class='ocr_carea' id='block_1_9' title="bbox 336 766 1997 845">
    <p class='ocr_par' dir='ltr' id='par_1_9' title="bbox 336 766 1997 845">
     <span class='ocr_line' id='line_1_9' title="bbox 336 766 1997 845; baseline -0.007 -13"><span class='ocrx_word' id='word_1_46' title='bbox 336 775 628 845; x_wconf 72' lang='lat' dir='ltr'>alienata)</span> <span class='ocrx_word' id='word_1_47' title='bbox 656 791 668 839; x_wconf 88' lang='grc'>;</span> <span class='ocrx_word' id='word_1_48' title='bbox 696 795 723 821; x_wconf 88' lang='grc'><strong>››</strong></span> <span class='ocrx_word' id='word_1_49' title='bbox 750 769 1235 842; x_wconf 90' lang='lat' dir='ltr'>conjunctionem</span> <span class='ocrx_word' id='word_1_50' title='bbox 1274 768 1624 821; x_wconf 75' lang='lat' dir='ltr'>sceleratam</span> <span class='ocrx_word' id='word_1_51' title='bbox 1670 766 1997 832; x_wconf 75' lang='lat' dir='ltr'>existimas,</span> 
     </span>
    </p>
   </div>
   <div class='ocr_carea' id='block_1_10' title="bbox 337 857 1995 937">
    <p class='ocr_par' dir='ltr' id='par_1_10' title="bbox 337 857 1995 937">
     <span class='ocr_line' id='line_1_10' title="bbox 337 857 1995 937; baseline -0.006 -16"><span class='ocrx_word' id='word_1_52' title='bbox 337 883 469 937; x_wconf 72' lang='lat' dir='ltr'>qum</span> <span class='ocrx_word' id='word_1_53' title='bbox 500 880 636 920; x_wconf 89' lang='lat' dir='ltr'>cum</span> <span class='ocrx_word' id='word_1_54' title='bbox 667 862 867 917; x_wconf 90' lang='lat' dir='ltr'>alieno</span> <span class='ocrx_word' id='word_1_55' title='bbox 900 874 1146 931; x_wconf 91' lang='lat' dir='ltr'>corpore</span> <span class='ocrx_word' id='word_1_56' title='bbox 1170 857 1326 912; x_wconf 90' lang='lat' dir='ltr'>facta</span> <span class='ocrx_word' id='word_1_57' title='bbox 1356 861 1466 923; x_wconf 90' lang='lat' dir='ltr'>est,</span> <span class='ocrx_word' id='word_1_58' title='bbox 1506 862 1566 911; x_wconf 91' lang='lat' dir='ltr'>et</span> <span class='ocrx_word' id='word_1_59' title='bbox 1596 873 1716 912; x_wconf 92' lang='lat' dir='ltr'>non</span> <span class='ocrx_word' id='word_1_60' title='bbox 1746 873 1881 911; x_wconf 91' lang='lat' dir='ltr'>cum</span> <span class='ocrx_word' id='word_1_61' title='bbox 1904 872 1995 919; x_wconf 91' lang='lat' dir='ltr'>eo,</span> 
     </span>
    </p>
   </div>
   <div class='ocr_carea' id='block_1_11' title="bbox 340 944 1994 1028">
    <p class='ocr_par' dir='ltr' id='par_1_11' title="bbox 340 944 1994 1028">
     <span class='ocr_line' id='line_1_11' title="bbox 340 944 1994 1028; baseline -0.007 -18"><span class='ocrx_word' id='word_1_62' title='bbox 340 954 495 1028; x_wconf 92' lang='lat' dir='ltr'>quod</span> <span class='ocrx_word' id='word_1_63' title='bbox 512 954 687 1009; x_wconf 91' lang='lat' dir='ltr'>datur</span> <span class='ocrx_word' id='word_1_64' title='bbox 700 952 763 1006; x_wconf 91' lang='lat' dir='ltr'>in</span> <span class='ocrx_word' id='word_1_65' title='bbox 778 950 909 1021; x_wconf 85' lang='lat' dir='ltr'>conj</span> <span class='ocrx_word' id='word_1_66' title='bbox 919 946 1487 1021; x_wconf 87' lang='lat' dir='ltr'>ugio,adliberorum</span> <span class='ocrx_word' id='word_1_67' title='bbox 1503 944 1994 1016; x_wconf 76' lang='lat' dir='ltr'>procreationem.</span> 
     </span>
    </p>
   </div>
   <div class='ocr_carea' id='block_1_12' title="bbox 346 1036 1998 1113">
    <p class='ocr_par' dir='ltr' id='par_1_12' title="bbox 346 1036 1998 1113">
     <span class='ocr_line' id='line_1_12' title="bbox 346 1036 1998 1113; baseline -0.009 -10"><span class='ocrx_word' id='word_1_68' title='bbox 346 1046 514 1102; x_wconf 89' lang='lat' dir='ltr'>Unde</span> <span class='ocrx_word' id='word_1_69' title='bbox 536 1047 711 1101; x_wconf 90' lang='lat' dir='ltr'>etiam</span> <span class='ocrx_word' id='word_1_70' title='bbox 737 1040 1083 1113; x_wconf 83' lang='lat' dir='ltr'>Apostolus:</span> <span class='ocrx_word' id='word_1_71' title='bbox 1105 1061 1131 1088; x_wconf 89' lang='grc'><em>‹‹</em></span> <span class='ocrx_word' id='word_1_72' title='bbox 1158 1037 1323 1101; x_wconf 86' lang='lat' dir='ltr'>Volo,</span> <span class='ocrx_word' id='word_1_73' title='bbox 1359 1036 1860 1107; x_wconf 90' lang='lat' dir='ltr'>inquit,juniores</span> <span class='ocrx_word' id='word_1_74' title='bbox 1885 1052 1998 1089; x_wconf 91' lang='lat' dir='ltr'>nu-</span> 
     </span>
    </p>
   </div>
   <div class='ocr_carea' id='block_1_13' title="bbox 340 1123 1996 1203">
    <p class='ocr_par' dir='ltr' id='par_1_13' title="bbox 340 1123 1996 1203">
     <span class='ocr_line' id='line_1_13' title="bbox 340 1123 1996 1203; baseline -0.008 -13"><span class='ocrx_word' id='word_1_75' title='bbox 340 1136 503 1203; x_wconf 90' lang='lat' dir='ltr'>bere,</span> <span class='ocrx_word' id='word_1_76' title='bbox 530 1134 684 1190; x_wconf 78' lang='lat' dir='ltr'>ﬁlios</span> <span class='ocrx_word' id='word_1_77' title='bbox 711 1144 1044 1203; x_wconf 83' lang='lat' dir='ltr'>procreare,</span> <span class='ocrx_word' id='word_1_78' title='bbox 1068 1126 1269 1181; x_wconf 90' lang='lat' dir='ltr'>domui</span> <span class='ocrx_word' id='word_1_79' title='bbox 1294 1141 1569 1196; x_wconf 64' lang='lat' dir='ltr'>praeesse,</span> <span class='ocrx_word' id='word_1_80' title='bbox 1601 1124 1829 1179; x_wconf 91' lang='lat' dir='ltr'>nullam</span> <span class='ocrx_word' id='word_1_81' title='bbox 1853 1123 1996 1178; x_wconf 90' lang='lat' dir='ltr'>dare</span> 
     </span>
    </p>
   </div>
   <div class='ocr_carea' id='block_1_14' title="bbox 342 1212 1998 1284">
    <p class='ocr_par' dir='ltr' id='par_1_14' title="bbox 342 1212 1998 1284">
     <span class='ocr_line' id='line_1_14' title="bbox 342 1212 1998 1284; baseline -0.008 -4"><span class='ocrx_word' id='word_1_82' title='bbox 342 1224 716 1280; x_wconf 81' lang='lat' dir='ltr'>occasionem</span> <span class='ocrx_word' id='word_1_83' title='bbox 748 1217 1085 1275; x_wconf 89' lang='lat' dir='ltr'>adversario</span> <span class='ocrx_word' id='word_1_84' title='bbox 1110 1215 1410 1270; x_wconf 84' lang='lat' dir='ltr'>maledicti</span> <span class='ocrx_word' id='word_1_85' title='bbox 1439 1213 1642 1284; x_wconf 86' lang='lat' dir='ltr'>gratia.</span> <span class='ocrx_word' id='word_1_86' title='bbox 1674 1214 1800 1269; x_wconf 81' lang='lat' dir='ltr'>Jam</span> <span class='ocrx_word' id='word_1_87' title='bbox 1833 1212 1998 1267; x_wconf 92' lang='lat' dir='ltr'>enim</span> 
     </span>
    </p>
   </div>
   <div class='ocr_carea' id='block_1_15' title="bbox 341 1301 2000 1385">
    <p class='ocr_par' dir='ltr' id='par_1_15' title="bbox 341 1301 2000 1385">
     <span class='ocr_line' id='line_1_15' title="bbox 341 1301 2000 1385; baseline -0.008 -16"><span class='ocrx_word' id='word_1_88' title='bbox 341 1312 616 1385; x_wconf 64' lang='lat' dir='ltr'>quaedam</span> <span class='ocrx_word' id='word_1_89' title='bbox 648 1310 1016 1364; x_wconf 87' lang='lat' dir='ltr'>diverterunt</span> <span class='ocrx_word' id='word_1_90' title='bbox 1058 1309 1192 1376; x_wconf 92' lang='lat' dir='ltr'>post</span> <span class='ocrx_word' id='word_1_91' title='bbox 1223 1304 1499 1359; x_wconf 84' lang='lat' dir='ltr'>Satanam</span> <span class='ocrx_word' id='word_1_92' title='bbox 1531 1303 1627 1374; x_wconf 88' lang='lat' dir='ltr'>(b).</span> <span class='ocrx_word' id='word_1_93' title='bbox 1662 1324 1688 1353; x_wconf 84' lang='lat'><strong>»</strong></span> <span class='ocrx_word' id='word_1_94' title='bbox 1743 1301 1894 1368; x_wconf 90' lang='lat' dir='ltr'>Quin</span> <span class='ocrx_word' id='word_1_95' title='bbox 1940 1306 2000 1356; x_wconf 89' lang='lat' dir='ltr'>et</span> 
     </span>
    </p>
   </div>
   <div class='ocr_carea' id='block_1_16' title="bbox 340 1390 2001 1472">
    <p class='ocr_par' dir='ltr' id='par_1_16' title="bbox 340 1390 2001 1472">
     <span class='ocr_line' id='line_1_16' title="bbox 340 1390 2001 1472; baseline -0.008 -14"><span class='ocrx_word' id='word_1_96' title='bbox 340 1403 522 1457; x_wconf 91' lang='lat' dir='ltr'>unius</span> <span class='ocrx_word' id='word_1_97' title='bbox 554 1414 791 1472; x_wconf 91' lang='lat' dir='ltr'>quoque</span> <span class='ocrx_word' id='word_1_98' title='bbox 813 1395 1017 1452; x_wconf 80' lang='lat' dir='ltr'>uxoris</span> <span class='ocrx_word' id='word_1_99' title='bbox 1034 1394 1222 1448; x_wconf 89' lang='lat' dir='ltr'>virum</span> <span class='ocrx_word' id='word_1_100' title='bbox 1247 1393 1451 1463; x_wconf 89' lang='lat' dir='ltr'>utique</span> <span class='ocrx_word' id='word_1_101' title='bbox 1476 1391 1766 1458; x_wconf 87' lang='lat' dir='ltr'>admittit;</span> <span class='ocrx_word' id='word_1_102' title='bbox 1792 1408 1894 1446; x_wconf 90' lang='lat' dir='ltr'>seu</span> <span class='ocrx_word' id='word_1_103' title='bbox 1923 1390 2001 1445; x_wconf 91' lang='lat' dir='ltr'>sit</span> 
     </span>
    </p>
   </div>
   <div class='ocr_carea' id='block_1_17' title="bbox 340 1479 1999 1562">
    <p class='ocr_par' dir='ltr' id='par_1_17' title="bbox 340 1479 1999 1562">
     <span class='ocr_line' id='line_1_17' title="bbox 340 1479 1999 1562; baseline -0.007 -17"><span class='ocrx_word' id='word_1_104' title='bbox 340 1489 669 1562; x_wconf 84' lang='lat' dir='ltr'>presbyter,</span> <span class='ocrx_word' id='word_1_105' title='bbox 708 1502 812 1541; x_wconf 90' lang='lat' dir='ltr'>seu</span> <span class='ocrx_word' id='word_1_106' title='bbox 844 1485 1154 1549; x_wconf 86' lang='lat' dir='ltr'>diaconus,</span> <span class='ocrx_word' id='word_1_107' title='bbox 1188 1497 1294 1537; x_wconf 91' lang='lat' dir='ltr'>seu</span> <span class='ocrx_word' id='word_1_108' title='bbox 1326 1481 1534 1540; x_wconf 86' lang='lat' dir='ltr'>laicus,</span> <span class='ocrx_word' id='word_1_109' title='bbox 1571 1485 1745 1534; x_wconf 90' lang='lat' dir='ltr'>utens</span> <span class='ocrx_word' id='word_1_110' title='bbox 1791 1479 1999 1534; x_wconf 86' lang='lat' dir='ltr'>matri-</span> 
     </span>
    </p>
   </div>
   <div class='ocr_carea' id='block_1_18' title="bbox 339 1568 1997 1645">
    <p class='ocr_par' dir='ltr' id='par_1_18' title="bbox 339 1568 1997 1645">
     <span class='ocr_line' id='line_1_18' title="bbox 339 1568 1997 1645; baseline -0.007 -11"><span class='ocrx_word' id='word_1_111' title='bbox 339 1579 541 1635; x_wconf 89' lang='lat' dir='ltr'>monio</span> <span class='ocrx_word' id='word_1_112' title='bbox 570 1578 719 1632; x_wconf 92' lang='lat' dir='ltr'>citra</span> <span class='ocrx_word' id='word_1_113' title='bbox 749 1572 1282 1645; x_wconf 88' lang='lat' dir='ltr'>reprehensionem</span> <span class='ocrx_word' id='word_1_114' title='bbox 1318 1586 1330 1624; x_wconf 92' lang='lat'>:</span> <span class='ocrx_word' id='word_1_115' title='bbox 1379 1590 1406 1619; x_wconf 77' lang='grc' dir='ltr'>ιι</span> <span class='ocrx_word' id='word_1_116' title='bbox 1438 1568 1774 1624; x_wconf 89' lang='lat' dir='ltr'>Servabitur</span> <span class='ocrx_word' id='word_1_117' title='bbox 1798 1573 1997 1623; x_wconf 90' lang='lat' dir='ltr'>autem</span> 
     </span>
    </p>
   </div>
   <div class='ocr_carea' id='block_1_19' title="bbox 339 1657 2000 1740">
    <p class='ocr_par' dir='ltr' id='par_1_19' title="bbox 339 1657 2000 1740">
     <span class='ocr_line' id='line_1_19' title="bbox 339 1657 2000 1740; baseline -0.008 -16"><span class='ocrx_word' id='word_1_118' title='bbox 339 1685 447 1740; x_wconf 88' lang='lat' dir='ltr'>per</span> <span class='ocrx_word' id='word_1_119' title='bbox 462 1668 724 1723; x_wconf 79' lang='lat' dir='ltr'>filiorum</span> <span class='ocrx_word' id='word_1_120' title='bbox 750 1662 1225 1735; x_wconf 87' lang='lat' dir='ltr'>procreationem</span> <span class='ocrx_word' id='word_1_121' title='bbox 1247 1661 1339 1730; x_wconf 91' lang='lat' dir='ltr'>(c).</span> <span class='ocrx_word' id='word_1_122' title='bbox 1368 1683 1388 1711; x_wconf 78' lang='grc' dir='ltr'>ι</span> <span class='ocrx_word' id='word_1_123' title='bbox 1414 1660 1484 1713; x_wconf 85' lang='grc' dir='ltr'>Ει</span> <span class='ocrx_word' id='word_1_124' title='bbox 1502 1674 1707 1713; x_wconf 87' lang='lat' dir='ltr'>rursus</span> <span class='ocrx_word' id='word_1_125' title='bbox 1730 1657 2000 1713; x_wconf 85' lang='lat' dir='ltr'>Servator</span> 
     </span>
    </p>
   </div>
   <div class='ocr_carea' id='block_1_20' title="bbox 2097 497 3758 576">
    <p class='ocr_par' dir='ltr' id='par_1_20' title="bbox 2097 497 3758 576">
     <span class='ocr_line' id='line_1_20' title="bbox 2097 497 3758 576; baseline 0.002 -25"><span class='ocrx_word' id='word_1_126' title='bbox 2097 499 2266 571; x_wconf 88' lang='grc' dir='ltr'>νόμον</span> <span class='ocrx_word' id='word_1_127' title='bbox 2308 500 2382 560; x_wconf 88' lang='grc' dir='ltr'>ὡς</span> <span class='ocrx_word' id='word_1_128' title='bbox 2410 499 2437 553; x_wconf 99' lang='lat'>6</span> <span class='ocrx_word' id='word_1_129' title='bbox 2466 497 2639 571; x_wconf 89' lang='grc' dir='ltr'>νόμος</span> <span class='ocrx_word' id='word_1_130' title='bbox 2696 497 2975 574; x_wconf 85' lang='grc' dir='ltr'>βούλεται·</span> <span class='ocrx_word' id='word_1_131' title='bbox 3025 526 3054 551; x_wconf 88' lang='grc'>‹‹</span> <span class='ocrx_word' id='word_1_132' title='bbox 3086 500 3385 556; x_wconf 68' lang='grc' dir='ltr'>παοαδύσει</span> <span class='ocrx_word' id='word_1_133' title='bbox 3437 498 3498 556; x_wconf 75' lang='grc' dir='ltr'>δὲ</span> <span class='ocrx_word' id='word_1_134' title='bbox 3548 505 3622 576; x_wconf 79' lang='grc' dir='ltr'>τῇ</span> <span class='ocrx_word' id='word_1_135' title='bbox 3653 506 3758 555; x_wconf 81' lang='grc' dir='ltr'>τῶν</span> 
     </span>
    </p>
   </div>
   <div class='ocr_carea' id='block_1_21' title="bbox 2098 582 3766 664">
    <p class='ocr_par' dir='ltr' id='par_1_21' title="bbox 2098 582 3766 664">
     <span class='ocr_line' id='line_1_21' title="bbox 2098 582 3766 664; baseline 0.002 -23"><span class='ocrx_word' id='word_1_136' title='bbox 2098 582 2475 662; x_wconf 71' lang='grc' dir='ltr'>πρεσϐυτέρων</span> <span class='ocrx_word' id='word_1_137' title='bbox 2506 633 2519 656; x_wconf 90' lang='grc'>,</span> <span class='ocrx_word' id='word_1_138' title='bbox 2578 587 2667 643; x_wconf 76' lang='grc' dir='ltr'>καὶ</span> <span class='ocrx_word' id='word_1_139' title='bbox 2722 588 3045 662; x_wconf 81' lang='grc' dir='ltr'>ἐντάλμασιν</span> <span class='ocrx_word' id='word_1_140' title='bbox 3096 589 3402 664; x_wconf 74' lang='grc' dir='ltr'>ἀνθρώπιον</span> <span class='ocrx_word' id='word_1_141' title='bbox 3438 612 3463 643; x_wconf 72' lang='grc' dir='ltr'><strong>ι</strong></span> <span class='ocrx_word' id='word_1_142' title='bbox 3525 611 3766 659; x_wconf 73' lang='grc' dir='ltr'>κατηκο·</span> 
     </span>
    </p>
   </div>
   <div class='ocr_carea' id='block_1_22' title="bbox 2100 674 3768 754">
    <p class='ocr_par' dir='ltr' id='par_1_22' title="bbox 2100 674 3768 754">
     <span class='ocr_line' id='line_1_22' title="bbox 2100 674 3768 754; baseline 0.002 -23"><span class='ocrx_word' id='word_1_143' title='bbox 2100 674 2464 747; x_wconf 82' lang='grc' dir='ltr'>λουθηκότας,</span> <span class='ocrx_word' id='word_1_144' title='bbox 2502 677 2782 752; x_wconf 78' lang='grc' dir='ltr'>μοιχεύειν</span> <span class='ocrx_word' id='word_1_145' title='bbox 2811 679 2902 733; x_wconf 88' lang='grc' dir='ltr'>τὸν</span> <span class='ocrx_word' id='word_1_146' title='bbox 2934 679 3129 752; x_wconf 84' lang='grc' dir='ltr'>νόμον,</span> <span class='ocrx_word' id='word_1_147' title='bbox 3161 680 3273 754; x_wconf 79' lang='grc' dir='ltr'>οὐχ</span> <span class='ocrx_word' id='word_1_148' title='bbox 3324 680 3400 743; x_wconf 87' lang='grc' dir='ltr'>ὡς</span> <span class='ocrx_word' id='word_1_149' title='bbox 3451 676 3627 751; x_wconf 75' lang='grc' dir='ltr'>ἄνδρα</span> <span class='ocrx_word' id='word_1_150' title='bbox 3675 679 3768 734; x_wconf 79' lang='grc' dir='ltr'>καὶ</span> 
     </span>
    </p>
   </div>
   <div class='ocr_carea' id='block_1_23' title="bbox 2098 764 3769 845">
    <p class='ocr_par' dir='ltr' id='par_1_23' title="bbox 2098 764 3769 845">
     <span class='ocr_line' id='line_1_23' title="bbox 2098 764 3769 845; baseline 0.002 -26"><span class='ocrx_word' id='word_1_151' title='bbox 2098 764 2286 840; x_wconf 90' lang='grc' dir='ltr'>κύριον</span> <span class='ocrx_word' id='word_1_152' title='bbox 2317 767 2421 836; x_wconf 82' lang='grc' dir='ltr'>τῆς</span> <span class='ocrx_word' id='word_1_153' title='bbox 2466 766 2755 843; x_wconf 78' lang='grc' dir='ltr'>παρθενίας</span> <span class='ocrx_word' id='word_1_154' title='bbox 2800 767 2978 825; x_wconf 81' lang='grc' dir='ltr'>αὐτῶν</span> <span class='ocrx_word' id='word_1_155' title='bbox 3032 765 3347 841; x_wconf 81' lang='grc' dir='ltr'>δεδομένον.</span> <span class='ocrx_word' id='word_1_156' title='bbox 3379 768 3537 845; x_wconf 69' lang='grc' dir='ltr'>Τάχα</span> <span class='ocrx_word' id='word_1_157' title='bbox 3572 766 3635 824; x_wconf 77' lang='grc' dir='ltr'>δὲ</span> <span class='ocrx_word' id='word_1_158' title='bbox 3675 767 3769 823; x_wconf 81' lang='grc' dir='ltr'>καὶ</span> 
     </span>
    </p>
   </div>
   <div class='ocr_carea' id='block_1_24' title="bbox 2101 851 3768 929">
    <p class='ocr_par' dir='ltr' id='par_1_24' title="bbox 2101 851 3768 929">
     <span class='ocr_line' id='line_1_24' title="bbox 2101 851 3768 929; baseline 0.002 -22"><span class='ocrx_word' id='word_1_159' title='bbox 2101 851 2412 928; x_wconf 72' lang='grc' dir='ltr'>ἐπιθυμίαις</span> <span class='ocrx_word' id='word_1_160' title='bbox 2463 851 2911 929; x_wconf 73' lang='grc' dir='ltr'>δεδουλωμένους</span> <span class='ocrx_word' id='word_1_161' title='bbox 2956 854 3289 920; x_wconf 83' lang='grc' dir='ltr'>ἀλλοκοτοις</span> <span class='ocrx_word' id='word_1_162' title='bbox 3340 855 3489 914; x_wconf 84' lang='grc' dir='ltr'>οἶδεν</span> <span class='ocrx_word' id='word_1_163' title='bbox 3535 856 3768 928; x_wconf 73' lang='grc' dir='ltr'>αὐτοὺς,</span> 
     </span>
    </p>
   </div>
   <div class='ocr_carea' id='block_1_25' title="bbox 2102 940 3773 1021">
    <p class='ocr_par' dir='ltr' id='par_1_25' title="bbox 2102 940 3773 1021">
     <span class='ocr_line' id='line_1_25' title="bbox 2102 940 3773 1021; baseline 0.002 -24"><span class='ocrx_word' id='word_1_164' title='bbox 2102 940 2173 997; x_wconf 88' lang='grc' dir='ltr'>δι’</span> <span class='ocrx_word' id='word_1_165' title='bbox 2225 942 2286 1006; x_wconf 81' lang='grc' dir='ltr'>ἃς</span> <span class='ocrx_word' id='word_1_166' title='bbox 2344 944 2434 999; x_wconf 87' lang='grc' dir='ltr'>καὶ</span> <span class='ocrx_word' id='word_1_167' title='bbox 2492 950 2739 1020; x_wconf 80' lang='grc' dir='ltr'>συνεχῶς</span> <span class='ocrx_word' id='word_1_168' title='bbox 2800 943 3164 1019; x_wconf 71' lang='grc' dir='ltr'>δουλούμενοι</span> <span class='ocrx_word' id='word_1_169' title='bbox 3241 952 3359 1009; x_wconf 90' lang='grc' dir='ltr'>ταῖς</span> <span class='ocrx_word' id='word_1_170' title='bbox 3418 946 3717 1021; x_wconf 78' lang='grc' dir='ltr'>ἁμαρτίαις</span> <span class='ocrx_word' id='word_1_171' title='bbox 3754 994 3773 1021; x_wconf 77' lang='grc'>,</span> 
     </span>
    </p>
   </div>
   <div class='ocr_carea' id='block_1_26' title="bbox 2100 1031 3772 1112">
    <p class='ocr_par' dir='ltr' id='par_1_26' title="bbox 2100 1031 3772 1112">
     <span class='ocr_line' id='line_1_26' title="bbox 2100 1031 3772 1112; baseline 0.001 -25"><span class='ocrx_word' id='word_1_172' title='bbox 2100 1031 2502 1107; x_wconf 76' lang='grc' dir='ltr'>ἐπιπράσκοντο</span> <span class='ocrx_word' id='word_1_173' title='bbox 2550 1040 2672 1095; x_wconf 88' lang='grc' dir='ltr'>τοῖς</span> <span class='ocrx_word' id='word_1_174' title='bbox 2731 1032 3096 1112; x_wconf 68' lang='grc' dir='ltr'>ἀλλοφύλοις·</span> <span class='ocrx_word' id='word_1_175' title='bbox 3153 1033 3269 1089; x_wconf 81' lang='grc' dir='ltr'>ἐπεὶ</span> <span class='ocrx_word' id='word_1_176' title='bbox 3326 1036 3474 1110; x_wconf 86' lang='grc' dir='ltr'>παρά</span> <span class='ocrx_word' id='word_1_177' title='bbox 3530 1057 3595 1111; x_wconf 85' lang='grc' dir='ltr'>γε</span> <span class='ocrx_word' id='word_1_178' title='bbox 3647 1040 3772 1097; x_wconf 80' lang='grc' dir='ltr'>τοῖς</span> 
     </span>
    </p>
   </div>
   <div class='ocr_carea' id='block_1_27' title="bbox 2104 1119 3772 1199">
    <p class='ocr_par' dir='ltr' id='par_1_27' title="bbox 2104 1119 3772 1199">
     <span class='ocr_line' id='line_1_27' title="bbox 2104 1119 3772 1199; baseline 0 -22"><span class='ocrx_word' id='word_1_179' title='bbox 2104 1119 2395 1184; x_wconf 75' lang='grc' dir='ltr'>Ἰουδαίοις</span> <span class='ocrx_word' id='word_1_180' title='bbox 2445 1122 2543 1177; x_wconf 81' lang='grc' dir='ltr'>οὐκ</span> <span class='ocrx_word' id='word_1_181' title='bbox 2611 1122 2748 1191; x_wconf 79' lang='grc' dir='ltr'>ἦσαν</span> <span class='ocrx_word' id='word_1_182' title='bbox 2832 1120 3284 1199; x_wconf 73' lang='grc' dir='ltr'>ἀποδεδειγμέναι</span> <span class='ocrx_word' id='word_1_183' title='bbox 3339 1126 3453 1196; x_wconf 87' lang='grc'>(96)</span> <span class='ocrx_word' id='word_1_184' title='bbox 3509 1130 3772 1199; x_wconf 85' lang='grc' dir='ltr'>γυναῖκες</span> 
     </span>
    </p>
   </div>
   <div class='ocr_carea' id='block_1_28' title="bbox 2099 1209 3771 1288">
    <p class='ocr_par' dir='ltr' id='par_1_28' title="bbox 2099 1209 3771 1288">
     <span class='ocr_line' id='line_1_28' title="bbox 2099 1209 3771 1288; baseline 0.001 -23"><span class='ocrx_word' id='word_1_185' title='bbox 2099 1210 2300 1279; x_wconf 79' lang='grc' dir='ltr'>κοιναὶ,</span> <span class='ocrx_word' id='word_1_186' title='bbox 2333 1209 2481 1267; x_wconf 86' lang='grc' dir='ltr'>ἀλλά</span> <span class='ocrx_word' id='word_1_187' title='bbox 2511 1211 2598 1267; x_wconf 82' lang='grc' dir='ltr'>καὶ</span> <span class='ocrx_word' id='word_1_188' title='bbox 2632 1214 2667 1282; x_wconf 77' lang='grc' dir='ltr'>ἡ</span> <span class='ocrx_word' id='word_1_189' title='bbox 2702 1211 2931 1288; x_wconf 82' lang='grc' dir='ltr'>μοιχεία</span> <span class='ocrx_word' id='word_1_190' title='bbox 2969 1213 3333 1288; x_wconf 79' lang='grc' dir='ltr'>ἀπηγόρευτο.</span> <span class='ocrx_word' id='word_1_191' title='bbox 3366 1213 3427 1270; x_wconf 79' lang='grc'>⁸0</span> <span class='ocrx_word' id='word_1_192' title='bbox 3459 1210 3518 1267; x_wconf 70' lang='grc' dir='ltr'>δὲ</span> <span class='ocrx_word' id='word_1_193' title='bbox 3567 1213 3771 1268; x_wconf 78' lang='grc' dir='ltr'>εἰπών’</span> 
     </span>
    </p>
   </div>
   <div class='ocr_carea' id='block_1_29' title="bbox 2103 1298 3774 1375">
    <p class='ocr_par' dir='ltr' id='par_1_29' title="bbox 2103 1298 3774 1375">
     <span class='ocr_line' id='line_1_29' title="bbox 2103 1298 3774 1375; baseline 0.003 -24"><span class='ocrx_word' id='word_1_194' title='bbox 2103 1324 2130 1351; x_wconf 89' lang='grc'><em>‹‹</em></span> <span class='ocrx_word' id='word_1_195' title='bbox 2163 1304 2399 1354; x_wconf 81' lang='grc' dir='ltr'>Γυναῖκα</span> <span class='ocrx_word' id='word_1_196' title='bbox 2456 1299 2640 1375; x_wconf 81' lang='grc' dir='ltr'><strong>ἔγημα</strong></span> <span class='ocrx_word' id='word_1_197' title='bbox 2673 1343 2689 1368; x_wconf 91' lang='grc'>,</span> <span class='ocrx_word' id='word_1_198' title='bbox 2749 1300 2838 1355; x_wconf 87' lang='grc' dir='ltr'>καὶ</span> <span class='ocrx_word' id='word_1_199' title='bbox 2897 1300 2960 1356; x_wconf 85' lang='grc' dir='ltr'>ού</span> <span class='ocrx_word' id='word_1_200' title='bbox 3020 1298 3256 1374; x_wconf 86' lang='grc' dir='ltr'>δύναμαι</span> <span class='ocrx_word' id='word_1_201' title='bbox 3314 1299 3491 1366; x_wconf 78' lang='grc' dir='ltr'>ἐλθεῖν</span> <span class='ocrx_word' id='word_1_202' title='bbox 3570 1301 3651 1362; x_wconf 79' lang='grc' dir='ltr'>εἷς</span> <span class='ocrx_word' id='word_1_203' title='bbox 3704 1302 3774 1357; x_wconf 81' lang='grc' dir='ltr'>τὸ</span> 
     </span>
    </p>
   </div>
   <div class='ocr_carea' id='block_1_30' title="bbox 2102 1386 3779 1466">
    <p class='ocr_par' dir='ltr' id='par_1_30' title="bbox 2102 1386 3779 1466">
     <span class='ocr_line' id='line_1_30' title="bbox 2102 1386 3779 1466; baseline 0.001 -23"><span class='ocrx_word' id='word_1_204' title='bbox 2102 1386 2318 1443; x_wconf 88' lang='grc' dir='ltr'>δεῖπνον</span> <span class='ocrx_word' id='word_1_205' title='bbox 2352 1388 2415 1443; x_wconf 82' lang='grc' dir='ltr'>τὸ</span> <span class='ocrx_word' id='word_1_206' title='bbox 2449 1390 2621 1458; x_wconf 89' lang='grc' dir='ltr'>θεῖον,</span> <span class='ocrx_word' id='word_1_207' title='bbox 2659 1388 2961 1465; x_wconf 80' lang='grc' dir='ltr'>ὑπόδειγμα</span> <span class='ocrx_word' id='word_1_208' title='bbox 2982 1390 3049 1459; x_wconf 82' lang='grc' dir='ltr'>ἧν</span> <span class='ocrx_word' id='word_1_209' title='bbox 3105 1388 3183 1452; x_wconf 63' lang='grc' dir='ltr'>εἲς</span> <span class='ocrx_word' id='word_1_210' title='bbox 3233 1386 3463 1466; x_wconf 79' lang='grc' dir='ltr'>ἔλεγχον</span> <span class='ocrx_word' id='word_1_211' title='bbox 3512 1394 3624 1446; x_wconf 79' lang='grc' dir='ltr'>τῶν</span> <span class='ocrx_word' id='word_1_212' title='bbox 3679 1388 3779 1445; x_wconf 73' lang='grc' dir='ltr'>διὰ</span> 
     </span>
    </p>
   </div>
   <div class='ocr_carea' id='block_1_31' title="bbox 2100 1475 3778 1554">
    <p class='ocr_par' dir='ltr' id='par_1_31' title="bbox 2100 1475 3778 1554">
     <span class='ocr_line' id='line_1_31' title="bbox 2100 1475 3778 1554; baseline 0.001 -23"><span class='ocrx_word' id='word_1_213' title='bbox 2100 1475 2303 1547; x_wconf 75' lang='grc' dir='ltr'>ἡδονὰς</span> <span class='ocrx_word' id='word_1_214' title='bbox 2338 1476 2720 1554; x_wconf 68' lang='grc' dir='ltr'>ἀφισταμένων</span> <span class='ocrx_word' id='word_1_215' title='bbox 2743 1485 2843 1547; x_wconf 76' lang='grc' dir='ltr'>τῆς</span> <span class='ocrx_word' id='word_1_216' title='bbox 2877 1477 3022 1537; x_wconf 80' lang='grc' dir='ltr'>θείας</span> <span class='ocrx_word' id='word_1_217' title='bbox 3053 1477 3305 1548; x_wconf 71' lang='grc' dir='ltr'>ἐντολῆς*</span> <span class='ocrx_word' id='word_1_218' title='bbox 3340 1478 3454 1534; x_wconf 80' lang='grc' dir='ltr'>ἐπεὶ</span> <span class='ocrx_word' id='word_1_219' title='bbox 3482 1478 3671 1551; x_wconf 83' lang='grc' dir='ltr'>τούτῳ</span> <span class='ocrx_word' id='word_1_220' title='bbox 3690 1484 3778 1551; x_wconf 73' lang='grc' dir='ltr'>τῷ</span> 
     </span>
    </p>
   </div>
   <div class='ocr_carea' id='block_1_32' title="bbox 2102 1563 3778 1643">
    <p class='ocr_par' dir='ltr' id='par_1_32' title="bbox 2102 1563 3778 1643">
     <span class='ocr_line' id='line_1_32' title="bbox 2102 1563 3778 1643; baseline 0.002 -24"><span class='ocrx_word' id='word_1_221' title='bbox 2102 1563 2255 1640; x_wconf 80' lang='grc' dir='ltr'>λόγῳ</span> <span class='ocrx_word' id='word_1_222' title='bbox 2329 1563 2445 1630; x_wconf 72' lang='grc' dir='ltr'>οὔθ’</span> <span class='ocrx_word' id='word_1_223' title='bbox 2500 1567 2553 1620; x_wconf 76' lang='grc' dir='ltr'>οἱ</span> <span class='ocrx_word' id='word_1_224' title='bbox 2608 1567 2717 1642; x_wconf 83' lang='grc' dir='ltr'>πρὸ</span> <span class='ocrx_word' id='word_1_225' title='bbox 2775 1569 2873 1636; x_wconf 75' lang='grc' dir='ltr'>τῆς</span> <span class='ocrx_word' id='word_1_226' title='bbox 2928 1565 3227 1643; x_wconf 81' lang='grc' dir='ltr'>παρουσίας</span> <span class='ocrx_word' id='word_1_227' title='bbox 3287 1564 3490 1622; x_wconf 85' lang='grc' dir='ltr'>δίκαιοι</span> <span class='ocrx_word' id='word_1_228' title='bbox 3546 1565 3663 1622; x_wconf 75' lang='grc' dir='ltr'>οὔθ’</span> <span class='ocrx_word' id='word_1_229' title='bbox 3714 1568 3778 1622; x_wconf 75' lang='grc' dir='ltr'>οἱ</span> 
     </span>
    </p>
   </div>
   <div class='ocr_carea' id='block_1_33' title="bbox 2107 1654 3773 1732">
    <p class='ocr_par' dir='ltr' id='par_1_33' title="bbox 2107 1654 3773 1732">
     <span class='ocr_line' id='line_1_33' title="bbox 2107 1654 3773 1732; baseline 0.001 -23"><span class='ocrx_word' id='word_1_230' title='bbox 2107 1655 2243 1727; x_wconf 74' lang='grc' dir='ltr'>μετὰ</span> <span class='ocrx_word' id='word_1_231' title='bbox 2294 1656 2394 1724; x_wconf 79' lang='grc' dir='ltr'>τήν</span> <span class='ocrx_word' id='word_1_232' title='bbox 2452 1655 2749 1732; x_wconf 82' lang='grc' dir='ltr'>παρουσίαν</span> <span class='ocrx_word' id='word_1_233' title='bbox 2809 1656 3191 1732; x_wconf 79' lang='grc' dir='ltr'>γεγαμηκότες</span> <span class='ocrx_word' id='word_1_234' title='bbox 3227 1701 3244 1727; x_wconf 87' lang='grc'>,</span> <span class='ocrx_word' id='word_1_235' title='bbox 3300 1655 3397 1712; x_wconf 69' lang='grc' dir='ltr'>κᾶν</span> <span class='ocrx_word' id='word_1_236' title='bbox 3458 1654 3773 1712; x_wconf 75' lang='grc' dir='ltr'>ἀποστολω</span> 
     </span>
    </p>
   </div>
   <div class='ocr_carea' id='block_1_34' title="bbox 342 1740 1998 1835">
    <p class='ocr_par' dir='ltr' id='par_1_34' title="bbox 342 1746 1996 1823">
     <span class='ocr_line' id='line_1_34' title="bbox 342 1746 1996 1823; baseline -0.008 -10"><span class='ocrx_word' id='word_1_237' title='bbox 342 1758 546 1813; x_wconf 90' lang='lat' dir='ltr'>dicens</span> <span class='ocrx_word' id='word_1_238' title='bbox 592 1754 824 1811; x_wconf 63' lang='lat' dir='ltr'>Iudaeos</span> <span class='ocrx_word' id='word_1_239' title='bbox 858 1775 884 1802; x_wconf 83' lang='grc'>‹‹</span> <span class='ocrx_word' id='word_1_240' title='bbox 915 1749 1358 1823; x_wconf 79' lang='lat' dir='ltr'>generationem</span> <span class='ocrx_word' id='word_1_241' title='bbox 1405 1763 1642 1820; x_wconf 87' lang='lat' dir='ltr'>pravam</span> <span class='ocrx_word' id='word_1_242' title='bbox 1677 1752 1735 1801; x_wconf 89' lang='lat' dir='ltr'>et</span> <span class='ocrx_word' id='word_1_243' title='bbox 1764 1746 1996 1801; x_wconf 91' lang='lat' dir='ltr'>adulte-</span> 
     </span>
    </p>
   </div>
   <div class='ocr_carea' id='block_1_35' title="bbox 2106 1740 3773 1835">
    <p class='ocr_par' dir='ltr' id='par_1_35' title="bbox 2109 1740 3773 1821">
     <span class='ocr_line' id='line_1_35' title="bbox 2109 1740 3773 1821; baseline 0.001 -23"><span class='ocrx_word' id='word_1_244' title='bbox 2109 1745 2234 1800; x_wconf 74' lang='grc' dir='ltr'>ὦσι.</span> <span class='ocrx_word' id='word_1_245' title='bbox 2297 1745 2661 1813; x_wconf 80' lang='grc' dir='ltr'>σωθήσονται.</span> <span class='ocrx_word' id='word_1_246' title='bbox 2723 1740 2828 1800; x_wconf 75' lang='grc' dir='ltr'>Κᾶν</span> <span class='ocrx_word' id='word_1_247' title='bbox 2885 1743 3059 1800; x_wconf 80' lang='grc' dir='ltr'>ἐκεῖνο</span> <span class='ocrx_word' id='word_1_248' title='bbox 3115 1746 3530 1821; x_wconf 88' lang='grc' dir='ltr'>προκομίσωσιν</span> <span class='ocrx_word' id='word_1_249' title='bbox 3582 1745 3773 1818; x_wconf 75' lang='grc' dir='ltr'>αὖθις,</span> 
     </span>
    </p>
   </div>
   <div class='ocr_carea' id='block_1_36' title="bbox 343 1835 1993 1915">
    <p class='ocr_par' dir='ltr' id='par_1_36' title="bbox 343 1835 1993 1915">
     <span class='ocr_line' id='line_1_36' title="bbox 343 1835 1993 1915; baseline -0.007 -14"><span class='ocrx_word' id='word_1_250' title='bbox 343 1863 492 1915; x_wconf 75' lang='lat' dir='ltr'>ram,</span> <span class='ocrx_word' id='word_1_251' title='bbox 527 1865 555 1894; x_wconf 83' lang='grc'><strong>››</strong></span> <span class='ocrx_word' id='word_1_252' title='bbox 588 1843 761 1899; x_wconf 90' lang='lat' dir='ltr'>docet</span> <span class='ocrx_word' id='word_1_253' title='bbox 812 1858 911 1898; x_wconf 90' lang='lat' dir='ltr'>eos</span> <span class='ocrx_word' id='word_1_254' title='bbox 960 1840 1149 1912; x_wconf 81' lang='lat' dir='ltr'>legem</span> <span class='ocrx_word' id='word_1_255' title='bbox 1204 1855 1326 1893; x_wconf 91' lang='lat' dir='ltr'>non</span> <span class='ocrx_word' id='word_1_256' title='bbox 1374 1837 1738 1909; x_wconf 79' lang='lat' dir='ltr'>cognovisse,</span> <span class='ocrx_word' id='word_1_257' title='bbox 1784 1842 1851 1890; x_wconf 91' lang='lat' dir='ltr'>ut</span> <span class='ocrx_word' id='word_1_258' title='bbox 1900 1835 1993 1890; x_wconf 90' lang='lat' dir='ltr'>lex</span> 
     </span>
    </p>
   </div>
   <div class='ocr_carea' id='block_1_37' title="bbox 342 1923 1993 1992">
    <p class='ocr_par' dir='ltr' id='par_1_37' title="bbox 342 1923 1993 1992">
     <span class='ocr_line' id='line_1_37' title="bbox 342 1923 1993 1992; baseline -0.007 -5"><span class='ocrx_word' id='word_1_259' title='bbox 342 1936 500 1990; x_wconf 91' lang='lat' dir='ltr'>vult:</span> <span class='ocrx_word' id='word_1_260' title='bbox 536 1956 563 1982; x_wconf 88' lang='grc'>‹‹</span> <span class='ocrx_word' id='word_1_261' title='bbox 598 1932 702 1988; x_wconf 90' lang='lat' dir='ltr'>sed</span> <span class='ocrx_word' id='word_1_262' title='bbox 756 1931 1057 1987; x_wconf 90' lang='lat' dir='ltr'>seniorum</span> <span class='ocrx_word' id='word_1_263' title='bbox 1112 1927 1511 1992; x_wconf 87' lang='lat' dir='ltr'>traditionem,</span> <span class='ocrx_word' id='word_1_264' title='bbox 1573 1930 1632 1979; x_wconf 92' lang='lat' dir='ltr'>et</span> <span class='ocrx_word' id='word_1_265' title='bbox 1681 1923 1993 1978; x_wconf 89' lang='lat' dir='ltr'>hominum</span> 
     </span>
    </p>
   </div>
   <div class='ocr_carea' id='block_1_38' title="bbox 345 2011 1999 2096">
    <p class='ocr_par' dir='ltr' id='par_1_38' title="bbox 345 2011 1999 2096">
     <span class='ocr_line' id='line_1_38' title="bbox 345 2011 1999 2096; baseline -0.007 -17"><span class='ocrx_word' id='word_1_266' title='bbox 345 2028 642 2096; x_wconf 68' lang='lat' dir='ltr'>praecepta</span> <span class='ocrx_word' id='word_1_267' title='bbox 662 2025 1001 2092; x_wconf 89' lang='lat' dir='ltr'>sequentes,</span> <span class='ocrx_word' id='word_1_268' title='bbox 1021 2038 1046 2069; x_wconf 76' lang='grc' dir='ltr'>ι</span> <span class='ocrx_word' id='word_1_269' title='bbox 1076 2016 1412 2071; x_wconf 86' lang='lat' dir='ltr'>adulterare</span> <span class='ocrx_word' id='word_1_270' title='bbox 1430 2014 1642 2087; x_wconf 89' lang='lat' dir='ltr'>legem,</span> <span class='ocrx_word' id='word_1_271' title='bbox 1666 2011 1911 2084; x_wconf 87' lang='lat' dir='ltr'>perinde</span> <span class='ocrx_word' id='word_1_272' title='bbox 1931 2028 1999 2068; x_wconf 89' lang='lat' dir='ltr'>ac</span> 
     </span>
    </p>
   </div>
   <div class='ocr_carea' id='block_1_39' title="bbox 353 2102 1999 2174">
    <p class='ocr_par' dir='ltr' id='par_1_39' title="bbox 353 2102 1999 2174">
     <span class='ocr_line' id='line_1_39' title="bbox 353 2102 1999 2174; baseline -0.007 -6"><span class='ocrx_word' id='word_1_273' title='bbox 353 2115 402 2168; x_wconf 93' lang='lat' dir='ltr'>si</span> <span class='ocrx_word' id='word_1_274' title='bbox 424 2130 545 2167; x_wconf 88' lang='lat' dir='ltr'>non</span> <span class='ocrx_word' id='word_1_275' title='bbox 569 2117 726 2166; x_wconf 90' lang='lat' dir='ltr'>esset</span> <span class='ocrx_word' id='word_1_276' title='bbox 744 2110 881 2164; x_wconf 87' lang='lat' dir='ltr'>data</span> <span class='ocrx_word' id='word_1_277' title='bbox 902 2108 987 2162; x_wconf 88' lang='lat' dir='ltr'>vir</span> <span class='ocrx_word' id='word_1_278' title='bbox 1010 2112 1067 2161; x_wconf 92' lang='lat' dir='ltr'>et</span> <span class='ocrx_word' id='word_1_279' title='bbox 1097 2105 1373 2160; x_wconf 89' lang='lat' dir='ltr'>dominus</span> <span class='ocrx_word' id='word_1_280' title='bbox 1391 2119 1594 2158; x_wconf 90' lang='lat' dir='ltr'>eorum</span> <span class='ocrx_word' id='word_1_281' title='bbox 1627 2102 1999 2174; x_wconf 79' lang='lat' dir='ltr'>virginitatis.</span> 
     </span>
    </p>
   </div>
   <div class='ocr_carea' id='block_1_40' title="bbox 352 2191 2001 2266">
    <p class='ocr_par' dir='ltr' id='par_1_40' title="bbox 352 2191 2001 2266">
     <span class='ocr_line' id='line_1_40' title="bbox 352 2191 2001 2266; baseline -0.007 -10"><span class='ocrx_word' id='word_1_282' title='bbox 352 2203 623 2257; x_wconf 88' lang='lat' dir='ltr'>Fortasse</span> <span class='ocrx_word' id='word_1_283' title='bbox 645 2205 843 2253; x_wconf 89' lang='lat' dir='ltr'>autem</span> <span class='ocrx_word' id='word_1_284' title='bbox 868 2213 969 2251; x_wconf 91' lang='lat' dir='ltr'>eos</span> <span class='ocrx_word' id='word_1_285' title='bbox 986 2210 1222 2266; x_wconf 90' lang='lat' dir='ltr'>quoque</span> <span class='ocrx_word' id='word_1_286' title='bbox 1242 2193 1579 2247; x_wconf 90' lang='lat' dir='ltr'>innuitesse</span> <span class='ocrx_word' id='word_1_287' title='bbox 1599 2191 1811 2246; x_wconf 90' lang='lat' dir='ltr'>alienis</span> <span class='ocrx_word' id='word_1_288' title='bbox 1833 2207 2001 2245; x_wconf 88' lang='lat' dir='ltr'>man-</span> 
     </span>
    </p>
   </div>
   <div class='ocr_carea' id='block_1_41' title="bbox 2109 1832 3770 1911">
    <p class='ocr_par' dir='ltr' id='par_1_41' title="bbox 2109 1832 3770 1911">
     <span class='ocr_line' id='line_1_41' title="bbox 2109 1832 3770 1911; baseline 0.002 -25"><span class='ocrx_word' id='word_1_289' title='bbox 2109 1833 2183 1893; x_wconf 84' lang='grc' dir='ltr'>ὡς</span> <span class='ocrx_word' id='word_1_290' title='bbox 2237 1832 2327 1887; x_wconf 83' lang='grc' dir='ltr'>καὶ</span> <span class='ocrx_word' id='word_1_291' title='bbox 2360 1834 2388 1887; x_wconf 88' lang='lat'>6</span> <span class='ocrx_word' id='word_1_292' title='bbox 2419 1836 2707 1911; x_wconf 74' lang='grc' dir='ltr'>προφήτης</span> <span class='ocrx_word' id='word_1_293' title='bbox 2768 1832 2950 1910; x_wconf 73' lang='grc' dir='ltr'>φητίν·</span> <span class='ocrx_word' id='word_1_294' title='bbox 3017 1859 3038 1885; x_wconf 75' lang='grc' dir='ltr'>ι</span> <span class='ocrx_word' id='word_1_295' title='bbox 3076 1835 3463 1904; x_wconf 72' lang='grc' dir='ltr'>Ἐπαλαιώθην</span> <span class='ocrx_word' id='word_1_296' title='bbox 3518 1834 3571 1889; x_wconf 77' lang='grc' dir='ltr'>ἐν</span> <span class='ocrx_word' id='word_1_297' title='bbox 3627 1840 3770 1889; x_wconf 78' lang='grc' dir='ltr'>πᾶσι</span> 
     </span>
    </p>
   </div>
   <div class='ocr_carea' id='block_1_42' title="bbox 2107 1920 3774 1998">
    <p class='ocr_par' dir='ltr' id='par_1_42' title="bbox 2107 1920 3774 1998">
     <span class='ocr_line' id='line_1_42' title="bbox 2107 1920 3774 1998; baseline 0.002 -23"><span class='ocrx_word' id='word_1_298' title='bbox 2107 1926 2226 1983; x_wconf 85' lang='grc' dir='ltr'>τοῖς</span> <span class='ocrx_word' id='word_1_299' title='bbox 2257 1920 2482 1996; x_wconf 80' lang='grc' dir='ltr'>ἐχθροῖς</span> <span class='ocrx_word' id='word_1_300' title='bbox 2518 1942 2643 1995; x_wconf 73' lang='grc' dir='ltr'>μου⁸</span> <span class='ocrx_word' id='word_1_301' title='bbox 2679 1947 2707 1975; x_wconf 69' lang='grc' dir='ltr'>ι»</span> <span class='ocrx_word' id='word_1_302' title='bbox 2744 1921 2977 1998; x_wconf 78' lang='grc' dir='ltr'>ἐχθροὺς</span> <span class='ocrx_word' id='word_1_303' title='bbox 3012 1924 3107 1985; x_wconf 70' lang='grc' dir='ltr'>τὰς</span> <span class='ocrx_word' id='word_1_304' title='bbox 3166 1922 3432 1997; x_wconf 83' lang='grc' dir='ltr'>ἁμαρτίας</span> <span class='ocrx_word' id='word_1_305' title='bbox 3489 1923 3774 1979; x_wconf 80' lang='grc' dir='ltr'>ἀκουέτω-</span> 
     </span>
    </p>
   </div>
   <div class='ocr_carea' id='block_1_43' title="bbox 2113 2007 3774 2087">
    <p class='ocr_par' dir='ltr' id='par_1_43' title="bbox 2113 2007 3774 2087">
     <span class='ocr_line' id='line_1_43' title="bbox 2113 2007 3774 2087; baseline 0.002 -24"><span class='ocrx_word' id='word_1_306' title='bbox 2113 2030 2229 2066; x_wconf 87' lang='grc' dir='ltr'>σαν.</span> <span class='ocrx_word' id='word_1_307' title='bbox 2293 2009 2403 2067; x_wconf 86' lang='grc' dir='ltr'>Μία</span> <span class='ocrx_word' id='word_1_308' title='bbox 2461 2007 2518 2065; x_wconf 81' lang='grc' dir='ltr'>δέ</span> <span class='ocrx_word' id='word_1_309' title='bbox 2572 2032 2655 2073; x_wconf 89' lang='grc' dir='ltr'>τις</span> <span class='ocrx_word' id='word_1_310' title='bbox 2711 2010 2994 2085; x_wconf 80' lang='grc' dir='ltr'>ἁμαρτία,</span> <span class='ocrx_word' id='word_1_311' title='bbox 3044 2011 3154 2087; x_wconf 76' lang='grc' dir='ltr'>οὐχ</span> <span class='ocrx_word' id='word_1_312' title='bbox 3208 2012 3237 2066; x_wconf 95' lang='lat'>6</span> <span class='ocrx_word' id='word_1_313' title='bbox 3292 2012 3493 2084; x_wconf 76' lang='grc' dir='ltr'>γάμος,</span> <span class='ocrx_word' id='word_1_314' title='bbox 3550 2010 3683 2067; x_wconf 83' lang='grc' dir='ltr'>ἀλλ’</span> <span class='ocrx_word' id='word_1_315' title='bbox 3730 2014 3774 2080; x_wconf 80' lang='grc' dir='ltr'>ἡ</span> 
     </span>
    </p>
   </div>
   <div class='ocr_carea' id='block_1_44' title="bbox 2113 2098 3775 2175">
    <p class='ocr_par' dir='ltr' id='par_1_44' title="bbox 2113 2098 3775 2175">
     <span class='ocr_line' id='line_1_44' title="bbox 2113 2098 3775 2175; baseline 0 -21"><span class='ocrx_word' id='word_1_316' title='bbox 2113 2098 2355 2174; x_wconf 85' lang='grc' dir='ltr'>πορνεία·</span> <span class='ocrx_word' id='word_1_317' title='bbox 2391 2099 2507 2155; x_wconf 82' lang='grc' dir='ltr'>ἐπεὶ</span> <span class='ocrx_word' id='word_1_318' title='bbox 2550 2100 2641 2155; x_wconf 79' lang='grc' dir='ltr'>καὶ</span> <span class='ocrx_word' id='word_1_319' title='bbox 2698 2101 2797 2169; x_wconf 83' lang='grc' dir='ltr'>τήν</span> <span class='ocrx_word' id='word_1_320' title='bbox 2848 2099 3050 2175; x_wconf 78' lang='grc' dir='ltr'>γένεσιν</span> <span class='ocrx_word' id='word_1_321' title='bbox 3105 2098 3407 2156; x_wconf 71' lang='grc' dir='ltr'>εἰπάτωσαν</span> <span class='ocrx_word' id='word_1_322' title='bbox 3464 2100 3775 2175; x_wconf 77' lang='grc' dir='ltr'>ἁμαρτίαν,</span> 
     </span>
    </p>
   </div>
   <div class='ocr_carea' id='block_1_45' title="bbox 2113 2187 3022 2263">
    <p class='ocr_par' dir='ltr' id='par_1_45' title="bbox 2113 2187 3022 2263">
     <span class='ocr_line' id='line_1_45' title="bbox 2113 2187 3022 2263; baseline 0 -20"><span class='ocrx_word' id='word_1_323' title='bbox 2113 2187 2204 2243; x_wconf 84' lang='grc' dir='ltr'>καὶ</span> <span class='ocrx_word' id='word_1_324' title='bbox 2234 2187 2327 2242; x_wconf 83' lang='grc' dir='ltr'>τὸν</span> <span class='ocrx_word' id='word_1_325' title='bbox 2357 2194 2458 2258; x_wconf 82' lang='grc' dir='ltr'>τῆς</span> <span class='ocrx_word' id='word_1_326' title='bbox 2487 2188 2747 2263; x_wconf 79' lang='grc' dir='ltr'>γενέσεως</span> <span class='ocrx_word' id='word_1_327' title='bbox 2777 2190 3022 2259; x_wconf 78' lang='grc' dir='ltr'>κτίστηνο</span> 
     </span>
    </p>
   </div>
   <div class='ocr_carea' id='block_1_46' title="bbox 349 2280 3777 2361">
    <p class='ocr_par' dir='ltr' id='par_1_46' title="bbox 349 2280 3777 2361">
     <span class='ocr_line' id='line_1_46' title="bbox 349 2280 3777 2361; baseline -0.003 -16"><span class='ocrx_word' id='word_1_328' title='bbox 349 2291 574 2361; x_wconf 87' lang='lat' dir='ltr'>cipatos</span> <span class='ocrx_word' id='word_1_329' title='bbox 605 2286 1049 2359; x_wconf 83' lang='lat' dir='ltr'>cupiditatibus.</span> <span class='ocrx_word' id='word_1_330' title='bbox 1083 2288 1326 2356; x_wconf 88' lang='lat' dir='ltr'>propter</span> <span class='ocrx_word' id='word_1_331' title='bbox 1355 2299 1502 2353; x_wconf 89' lang='lat' dir='ltr'>quas</span> <span class='ocrx_word' id='word_1_332' title='bbox 1532 2280 1770 2336; x_wconf 82' lang='lat' dir='ltr'>assidue</span> <span class='ocrx_word' id='word_1_333' title='bbox 1800 2295 2040 2351; x_wconf 90' lang='lat' dir='ltr'>quoque</span> <span class='ocrx_word' id='word_1_334' title='bbox 2066 2280 2388 2336; x_wconf 87' lang='lat' dir='ltr'>servientes</span> <span class='ocrx_word' id='word_1_335' title='bbox 2422 2282 2699 2352; x_wconf 90' lang='lat' dir='ltr'>peccatis,</span> <span class='ocrx_word' id='word_1_336' title='bbox 2741 2280 3150 2337; x_wconf 85' lang='lat' dir='ltr'>vendebantur</span> <span class='ocrx_word' id='word_1_337' title='bbox 3202 2281 3577 2354; x_wconf 88' lang='lat' dir='ltr'>alienigenis.</span> <span class='ocrx_word' id='word_1_338' title='bbox 3619 2282 3777 2336; x_wconf 82' lang='lat' dir='ltr'>Nam</span> 
     </span>
    </p>
   </div>
   <div class='ocr_carea' id='block_1_47' title="bbox 349 2368 3779 2450">
    <p class='ocr_par' dir='ltr' id='par_1_47' title="bbox 349 2368 3779 2450">
     <span class='ocr_line' id='line_1_47' title="bbox 349 2368 3779 2450; baseline -0.002 -17"><span class='ocrx_word' id='word_1_339' title='bbox 349 2378 507 2450; x_wconf 90' lang='lat' dir='ltr'>apud</span> <span class='ocrx_word' id='word_1_340' title='bbox 533 2377 765 2432; x_wconf 76' lang='lat' dir='ltr'>Iudaeos</span> <span class='ocrx_word' id='word_1_341' title='bbox 797 2390 916 2429; x_wconf 90' lang='lat' dir='ltr'>non</span> <span class='ocrx_word' id='word_1_342' title='bbox 947 2377 1119 2428; x_wconf 90' lang='lat' dir='ltr'>erant</span> <span class='ocrx_word' id='word_1_343' title='bbox 1146 2371 1420 2427; x_wconf 63' lang='lat' dir='ltr'>admissa:</span> <span class='ocrx_word' id='word_1_344' title='bbox 1469 2385 1817 2424; x_wconf 87' lang='lat' dir='ltr'>communes</span> <span class='ocrx_word' id='word_1_345' title='bbox 1873 2368 2195 2424; x_wconf 90' lang='lat' dir='ltr'>mulieres:</span> <span class='ocrx_word' id='word_1_346' title='bbox 2228 2385 2432 2424; x_wconf 88' lang='lat' dir='ltr'>verum</span> <span class='ocrx_word' id='word_1_347' title='bbox 2488 2369 2786 2441; x_wconf 90' lang='lat' dir='ltr'>probitum</span> <span class='ocrx_word' id='word_1_348' title='bbox 2837 2375 2964 2426; x_wconf 91' lang='lat' dir='ltr'>erat</span> <span class='ocrx_word' id='word_1_349' title='bbox 2991 2370 3371 2427; x_wconf 88' lang='lat' dir='ltr'>adulterium.</span> <span class='ocrx_word' id='word_1_350' title='bbox 3400 2371 3510 2436; x_wconf 89' lang='lat' dir='ltr'>Qui</span> <span class='ocrx_word' id='word_1_351' title='bbox 3567 2376 3779 2426; x_wconf 87' lang='lat' dir='ltr'>autem</span> 
     </span>
    </p>
   </div>
   <div class='ocr_carea' id='block_1_48' title="bbox 350 2456 3782 2532">
    <p class='ocr_par' dir='ltr' id='par_1_48' title="bbox 350 2456 3782 2532">
     <span class='ocr_line' id='line_1_48' title="bbox 350 2456 3782 2532; baseline -0.002 -10"><span class='ocrx_word' id='word_1_352' title='bbox 350 2466 529 2523; x_wconf 89' lang='lat' dir='ltr'>dicit:</span> <span class='ocrx_word' id='word_1_353' title='bbox 565 2488 591 2516; x_wconf 83' lang='lat'><strong>«</strong></span> <span class='ocrx_word' id='word_1_354' title='bbox 625 2466 872 2520; x_wconf 90' lang='lat' dir='ltr'>Uxorem</span> <span class='ocrx_word' id='word_1_355' title='bbox 907 2461 1067 2528; x_wconf 87' lang='lat' dir='ltr'>duxi,</span> <span class='ocrx_word' id='word_1_356' title='bbox 1099 2477 1219 2514; x_wconf 91' lang='lat' dir='ltr'>non</span> <span class='ocrx_word' id='word_1_357' title='bbox 1251 2475 1492 2532; x_wconf 88' lang='lat' dir='ltr'>possum</span> <span class='ocrx_word' id='word_1_358' title='bbox 1524 2458 1721 2513; x_wconf 85' lang='lat' dir='ltr'>venire</span> <span class='ocrx_word' id='word_1_359' title='bbox 1753 2457 1830 2527; x_wconf 78' lang='grc' dir='ltr'>(ίὶ)</span> <span class='ocrx_word' id='word_1_360' title='bbox 1864 2480 1890 2505; x_wconf 87' lang='grc'><strong>››</strong></span> <span class='ocrx_word' id='word_1_361' title='bbox 1923 2456 1997 2512; x_wconf 89' lang='lat' dir='ltr'>ad</span> <span class='ocrx_word' id='word_1_362' title='bbox 2029 2457 2286 2512; x_wconf 88' lang='lat' dir='ltr'>divinam</span> <span class='ocrx_word' id='word_1_363' title='bbox 2318 2474 2566 2526; x_wconf 79' lang='lat' dir='ltr'>cumam,</span> <span class='ocrx_word' id='word_1_364' title='bbox 2602 2465 2692 2513; x_wconf 87' lang='lat' dir='ltr'>est</span> <span class='ocrx_word' id='word_1_365' title='bbox 2735 2458 2975 2530; x_wconf 89' lang='lat' dir='ltr'>quidem</span> <span class='ocrx_word' id='word_1_366' title='bbox 3031 2459 3368 2531; x_wconf 83' lang='lat' dir='ltr'>exemplum</span> <span class='ocrx_word' id='word_1_367' title='bbox 3416 2458 3491 2514; x_wconf 88' lang='lat' dir='ltr'>ad</span> <span class='ocrx_word' id='word_1_368' title='bbox 3522 2476 3625 2514; x_wconf 91' lang='lat' dir='ltr'>eos</span> <span class='ocrx_word' id='word_1_369' title='bbox 3676 2475 3782 2514; x_wconf 76' lang='lat' dir='ltr'>ar-</span> 
     </span>
    </p>
   </div>
   <div class='ocr_carea' id='block_1_49' title="bbox 347 2545 3779 2627">
    <p class='ocr_par' dir='ltr' id='par_1_49' title="bbox 347 2545 3779 2627">
     <span class='ocr_line' id='line_1_49' title="bbox 347 2545 3779 2627; baseline -0.003 -17"><span class='ocrx_word' id='word_1_370' title='bbox 347 2555 634 2627; x_wconf 81' lang='lat' dir='ltr'>guendos,</span> <span class='ocrx_word' id='word_1_371' title='bbox 668 2553 767 2625; x_wconf 91' lang='lat' dir='ltr'>qui</span> <span class='ocrx_word' id='word_1_372' title='bbox 801 2556 1042 2623; x_wconf 90' lang='lat' dir='ltr'>propter</span> <span class='ocrx_word' id='word_1_373' title='bbox 1071 2549 1407 2621; x_wconf 88' lang='lat' dir='ltr'>voluptates</span> <span class='ocrx_word' id='word_1_374' title='bbox 1436 2545 1818 2602; x_wconf 90' lang='lat' dir='ltr'>abscedunta</span> <span class='ocrx_word' id='word_1_375' title='bbox 1847 2545 2042 2601; x_wconf 86' lang='lat' dir='ltr'>divino</span> <span class='ocrx_word' id='word_1_376' title='bbox 2075 2545 2355 2602; x_wconf 89' lang='lat' dir='ltr'>mandato</span> <span class='ocrx_word' id='word_1_377' title='bbox 2381 2564 2393 2601; x_wconf 89' lang='lat'>:</span> <span class='ocrx_word' id='word_1_378' title='bbox 2419 2546 2637 2618; x_wconf 90' lang='lat' dir='ltr'>alioqui</span> <span class='ocrx_word' id='word_1_379' title='bbox 2674 2563 2783 2602; x_wconf 91' lang='lat' dir='ltr'>nec</span> <span class='ocrx_word' id='word_1_380' title='bbox 2816 2548 2914 2619; x_wconf 90' lang='lat' dir='ltr'>qui</span> <span class='ocrx_word' id='word_1_381' title='bbox 2954 2548 3103 2620; x_wconf 84' lang='lat' dir='ltr'>justi</span> <span class='ocrx_word' id='word_1_382' title='bbox 3153 2547 3322 2602; x_wconf 82' lang='lat' dir='ltr'>fuere</span> <span class='ocrx_word' id='word_1_383' title='bbox 3366 2553 3504 2602; x_wconf 90' lang='lat' dir='ltr'>ante</span> <span class='ocrx_word' id='word_1_384' title='bbox 3553 2547 3779 2603; x_wconf 79' lang='lat' dir='ltr'>adven-</span> 
     </span>
    </p>
   </div>
   <div class='ocr_carea' id='block_1_50' title="bbox 350 2634 3783 2711">
    <p class='ocr_par' dir='ltr' id='par_1_50' title="bbox 350 2634 3783 2711">
     <span class='ocr_line' id='line_1_50' title="bbox 350 2634 3783 2711; baseline -0.002 -13"><span class='ocrx_word' id='word_1_385' title='bbox 350 2650 500 2704; x_wconf 89' lang='lat' dir='ltr'>tum,</span> <span class='ocrx_word' id='word_1_386' title='bbox 530 2658 639 2697; x_wconf 91' lang='lat' dir='ltr'>nec</span> <span class='ocrx_word' id='word_1_387' title='bbox 669 2641 768 2711; x_wconf 93' lang='lat' dir='ltr'>qui</span> <span class='ocrx_word' id='word_1_388' title='bbox 804 2645 937 2711; x_wconf 92' lang='lat' dir='ltr'>post</span> <span class='ocrx_word' id='word_1_389' title='bbox 960 2639 1275 2693; x_wconf 89' lang='lat' dir='ltr'>adventum</span> <span class='ocrx_word' id='word_1_390' title='bbox 1325 2652 1539 2691; x_wconf 87' lang='lat' dir='ltr'>uxores</span> <span class='ocrx_word' id='word_1_391' title='bbox 1586 2634 1903 2700; x_wconf 88' lang='lat' dir='ltr'>duxerunt,</span> <span class='ocrx_word' id='word_1_392' title='bbox 1938 2634 2350 2699; x_wconf 89' lang='lat' dir='ltr'>servabuntur,</span> <span class='ocrx_word' id='word_1_393' title='bbox 2393 2635 2626 2690; x_wconf 88' lang='lat' dir='ltr'>etiamsi</span> <span class='ocrx_word' id='word_1_394' title='bbox 2670 2636 2791 2691; x_wconf 91' lang='lat' dir='ltr'>sint</span> <span class='ocrx_word' id='word_1_395' title='bbox 2846 2637 3121 2708; x_wconf 87' lang='lat' dir='ltr'>apostoli.</span> <span class='ocrx_word' id='word_1_396' title='bbox 3157 2636 3325 2701; x_wconf 88' lang='lat' dir='ltr'>Quod</span> <span class='ocrx_word' id='word_1_397' title='bbox 3356 2636 3404 2691; x_wconf 92' lang='lat' dir='ltr'>si</span> <span class='ocrx_word' id='word_1_398' title='bbox 3438 2636 3586 2691; x_wconf 90' lang='lat' dir='ltr'>illud</span> <span class='ocrx_word' id='word_1_399' title='bbox 3616 2640 3783 2690; x_wconf 81' lang='lat' dir='ltr'>attu-</span> 
     </span>
    </p>
   </div>
   <div class='ocr_carea' id='block_1_51' title="bbox 352 2723 3780 2802">
    <p class='ocr_par' dir='ltr' id='par_1_51' title="bbox 352 2723 3780 2802">
     <span class='ocr_line' id='line_1_51' title="bbox 352 2723 3780 2802; baseline -0.002 -16"><span class='ocrx_word' id='word_1_400' title='bbox 352 2732 551 2799; x_wconf 89' lang='lat' dir='ltr'>lerint,</span> <span class='ocrx_word' id='word_1_401' title='bbox 585 2729 743 2802; x_wconf 90' lang='lat' dir='ltr'>quod</span> <span class='ocrx_word' id='word_1_402' title='bbox 774 2728 1064 2800; x_wconf 87' lang='lat' dir='ltr'>propheta</span> <span class='ocrx_word' id='word_1_403' title='bbox 1093 2741 1329 2797; x_wconf 89' lang='lat' dir='ltr'>quoque</span> <span class='ocrx_word' id='word_1_404' title='bbox 1360 2724 1505 2779; x_wconf 92' lang='lat' dir='ltr'>dicit</span> <span class='ocrx_word' id='word_1_405' title='bbox 1538 2740 1550 2777; x_wconf 91' lang='lat'>:</span> <span class='ocrx_word' id='word_1_406' title='bbox 1584 2746 1611 2772; x_wconf 86' lang='grc'>‹‹</span> <span class='ocrx_word' id='word_1_407' title='bbox 1643 2724 1966 2778; x_wconf 87' lang='lat' dir='ltr'>Invetaravi</span> <span class='ocrx_word' id='word_1_408' title='bbox 1998 2723 2156 2777; x_wconf 90' lang='lat' dir='ltr'>inter</span> <span class='ocrx_word' id='word_1_409' title='bbox 2184 2739 2391 2779; x_wconf 89' lang='lat' dir='ltr'>omnes</span> <span class='ocrx_word' id='word_1_410' title='bbox 2440 2725 2713 2779; x_wconf 88' lang='lat' dir='ltr'>inimicos</span> <span class='ocrx_word' id='word_1_411' title='bbox 2761 2741 2927 2779; x_wconf 90' lang='lat' dir='ltr'>meos</span> <span class='ocrx_word' id='word_1_412' title='bbox 2957 2726 3046 2794; x_wconf 74' lang='grc' dir='ltr'>(ε),</span> <span class='ocrx_word' id='word_1_413' title='bbox 3086 2749 3106 2774; x_wconf 78' lang='grc' dir='ltr'><strong>ι</strong></span> <span class='ocrx_word' id='word_1_414' title='bbox 3170 2742 3275 2796; x_wconf 90' lang='lat' dir='ltr'>per</span> <span class='ocrx_word' id='word_1_415' title='bbox 3328 2725 3604 2781; x_wconf 87' lang='lat' dir='ltr'>inimicos</span> <span class='ocrx_word' id='word_1_416' title='bbox 3636 2742 3780 2797; x_wconf 81' lang='lat' dir='ltr'>peo-</span> 
     </span>
    </p>
   </div>
   <div class='ocr_carea' id='block_1_52' title="bbox 348 2812 3780 2891">
    <p class='ocr_par' dir='ltr' id='par_1_52' title="bbox 348 2812 3780 2891">
     <span class='ocr_line' id='line_1_52' title="bbox 348 2812 3780 2891; baseline -0.003 -14"><span class='ocrx_word' id='word_1_417' title='bbox 348 2827 479 2877; x_wconf 91' lang='lat' dir='ltr'>cata</span> <span class='ocrx_word' id='word_1_418' title='bbox 509 2819 864 2891; x_wconf 87' lang='lat' dir='ltr'>intelligant.</span> <span class='ocrx_word' id='word_1_419' title='bbox 898 2817 1090 2875; x_wconf 88' lang='lat' dir='ltr'>Unum</span> <span class='ocrx_word' id='word_1_420' title='bbox 1131 2814 1429 2886; x_wconf 88' lang='lat' dir='ltr'>quoddam</span> <span class='ocrx_word' id='word_1_421' title='bbox 1487 2820 1683 2868; x_wconf 90' lang='lat' dir='ltr'>autem</span> <span class='ocrx_word' id='word_1_422' title='bbox 1744 2818 1834 2867; x_wconf 90' lang='lat' dir='ltr'>est</span> <span class='ocrx_word' id='word_1_423' title='bbox 1891 2819 2222 2884; x_wconf 90' lang='lat' dir='ltr'>peccatum,</span> <span class='ocrx_word' id='word_1_424' title='bbox 2255 2830 2373 2868; x_wconf 91' lang='lat' dir='ltr'>non</span> <span class='ocrx_word' id='word_1_425' title='bbox 2433 2814 2906 2883; x_wconf 88' lang='lat' dir='ltr'>matrimonium,</span> <span class='ocrx_word' id='word_1_426' title='bbox 2964 2812 3069 2869; x_wconf 92' lang='lat' dir='ltr'>sed</span> <span class='ocrx_word' id='word_1_427' title='bbox 3125 2813 3488 2870; x_wconf 82' lang='lat' dir='ltr'>fornicatio:</span> <span class='ocrx_word' id='word_1_428' title='bbox 3546 2814 3780 2885; x_wconf 88' lang='lat' dir='ltr'>alioqui</span> 
     </span>
    </p>
   </div>
   <div class='ocr_carea' id='block_1_53' title="bbox 349 2901 2547 2983">
    <p class='ocr_par' dir='ltr' id='par_1_53' title="bbox 349 2901 2547 2983">
     <span class='ocr_line' id='line_1_53' title="bbox 349 2901 2547 2983; baseline -0.004 -17"><span class='ocrx_word' id='word_1_429' title='bbox 349 2909 793 2983; x_wconf 80' lang='lat' dir='ltr'>generationem</span> <span class='ocrx_word' id='word_1_430' title='bbox 825 2922 1060 2978; x_wconf 88' lang='lat' dir='ltr'>quoque</span> <span class='ocrx_word' id='word_1_431' title='bbox 1093 2904 1294 2959; x_wconf 89' lang='lat' dir='ltr'>dicant</span> <span class='ocrx_word' id='word_1_432' title='bbox 1319 2908 1651 2975; x_wconf 88' lang='lat' dir='ltr'>peccatum,</span> <span class='ocrx_word' id='word_1_433' title='bbox 1682 2907 1742 2958; x_wconf 92' lang='lat' dir='ltr'>et</span> <span class='ocrx_word' id='word_1_434' title='bbox 1771 2908 2098 2958; x_wconf 89' lang='lat' dir='ltr'>creatorem</span> <span class='ocrx_word' id='word_1_435' title='bbox 2128 2901 2547 2975; x_wconf 88' lang='lat' dir='ltr'>generationis.</span> 
     </span>
    </p>
   </div>
   <div class='ocr_carea' id='block_1_54' title="bbox 1839 3028 2270 3085">
    <p class='ocr_par' dir='ltr' id='par_1_54' title="bbox 1839 3028 2270 3085">
     <span class='ocr_line' id='line_1_54' title="bbox 1839 3028 2270 3085; baseline 0 0"><span class='ocrx_word' id='word_1_436' title='bbox 1839 3030 2071 3085; x_wconf 83' lang='lat' dir='ltr'>CAPUT</span> <span class='ocrx_word' id='word_1_437' title='bbox 2121 3028 2270 3085; x_wconf 79' lang='lat' dir='ltr'><strong>XIII.</strong></span> 
     </span>
    </p>
   </div>
   <div class='ocr_carea' id='block_1_55' title="bbox 523 3128 3590 3200">
    <p class='ocr_par' dir='ltr' id='par_1_55' title="bbox 523 3128 3590 3200">
     <span class='ocr_line' id='line_1_55' title="bbox 523 3128 3590 3200; baseline -0.002 -9"><span class='ocrx_word' id='word_1_438' title='bbox 523 3134 664 3191; x_wconf 81' lang='lat' dir='ltr'>Julii</span> <span class='ocrx_word' id='word_1_439' title='bbox 690 3134 937 3191; x_wconf 81' lang='lat' dir='ltr'>Cassiani</span> <span class='ocrx_word' id='word_1_440' title='bbox 965 3132 1210 3187; x_wconf 76' lang='lat' dir='ltr'>haeretici</span> <span class='ocrx_word' id='word_1_441' title='bbox 1237 3130 1414 3185; x_wconf 80' lang='lat' dir='ltr'>verbis</span> <span class='ocrx_word' id='word_1_442' title='bbox 1442 3129 1735 3199; x_wconf 81' lang='lat' dir='ltr'>respondet</span> <span class='ocrx_word' id='word_1_443' title='bbox 1763 3147 1785 3194; x_wconf 86' lang='lat'><em>;</em></span> <span class='ocrx_word' id='word_1_444' title='bbox 1814 3130 1947 3184; x_wconf 88' lang='lat' dir='ltr'>item</span> <span class='ocrx_word' id='word_1_445' title='bbox 1990 3128 2107 3184; x_wconf 87' lang='lat' dir='ltr'>loco</span> <span class='ocrx_word' id='word_1_446' title='bbox 2137 3144 2299 3199; x_wconf 85' lang='lat' dir='ltr'>quem</span> <span class='ocrx_word' id='word_1_447' title='bbox 2328 3145 2398 3184; x_wconf 72' lang='lat' dir='ltr'>ea:</span> <span class='ocrx_word' id='word_1_448' title='bbox 2422 3130 2706 3200; x_wconf 84' lang='lat' dir='ltr'>evangelio</span> <span class='ocrx_word' id='word_1_449' title='bbox 2743 3129 3060 3200; x_wconf 76' lang='lat' dir='ltr'>apocrypha</span> <span class='ocrx_word' id='word_1_450' title='bbox 3089 3130 3233 3184; x_wconf 83' lang='lat' dir='ltr'>idem</span> <span class='ocrx_word' id='word_1_451' title='bbox 3254 3130 3590 3185; x_wconf 64' lang='lat' dir='ltr'>adduxerat.</span> 
     </span>
    </p>
   </div>
   <div class='ocr_carea' id='block_1_56' title="bbox 419 3241 1998 3323">
    <p class='ocr_par' dir='ltr' id='par_1_56' title="bbox 419 3245 1995 3323">
     <span class='ocr_line' id='line_1_56' title="bbox 419 3245 1995 3323; baseline -0.005 -16"><span class='ocrx_word' id='word_1_452' title='bbox 419 3252 657 3307; x_wconf 87' lang='lat' dir='ltr'>Talibus</span> <span class='ocrx_word' id='word_1_453' title='bbox 687 3247 1055 3323; x_wconf 85' lang='lat' dir='ltr'>argumentis</span> <span class='ocrx_word' id='word_1_454' title='bbox 1102 3247 1290 3302; x_wconf 91' lang='lat' dir='ltr'>utitur</span> <span class='ocrx_word' id='word_1_455' title='bbox 1335 3262 1571 3317; x_wconf 90' lang='lat' dir='ltr'>quoque</span> <span class='ocrx_word' id='word_1_456' title='bbox 1620 3245 1809 3300; x_wconf 84' lang='lat' dir='ltr'>Julius</span> <span class='ocrx_word' id='word_1_457' title='bbox 1856 3246 1995 3300; x_wconf 90' lang='lat' dir='ltr'>Cas-</span> 
     </span>
    </p>
   </div>
   <div class='ocr_carea' id='block_1_57' title="bbox 2106 3241 3778 3323">
    <p class='ocr_par' dir='ltr' id='par_1_57' title="bbox 2172 3241 3778 3318">
     <span class='ocr_line' id='line_1_57' title="bbox 2172 3241 3778 3318; baseline -0.002 -18"><span class='ocrx_word' id='word_1_458' title='bbox 2172 3242 2463 3305; x_wconf 91' lang='grc' dir='ltr'>Τοιούτοις</span> <span class='ocrx_word' id='word_1_459' title='bbox 2509 3242 2790 3318; x_wconf 84' lang='grc' dir='ltr'>ἐπιχειρεῖ</span> <span class='ocrx_word' id='word_1_460' title='bbox 2845 3244 2935 3299; x_wconf 82' lang='grc' dir='ltr'>καὶ</span> <span class='ocrx_word' id='word_1_461' title='bbox 2970 3245 2999 3300; x_wconf 93' lang='lat'>6</span> <span class='ocrx_word' id='word_1_462' title='bbox 3028 3251 3131 3313; x_wconf 79' lang='grc' dir='ltr'>τῆς</span> <span class='ocrx_word' id='word_1_463' title='bbox 3190 3241 3468 3315; x_wconf 71' lang='grc' dir='ltr'>δοκήσεως</span> <span class='ocrx_word' id='word_1_464' title='bbox 3527 3241 3778 3318; x_wconf 75' lang='grc' dir='ltr'>ἐξάρχων</span> 
     </span>
    </p>
   </div>
   <div class='ocr_carea' id='block_1_58' title="bbox 351 3335 2006 3410">
    <p class='ocr_par' dir='ltr' id='par_1_58' title="bbox 351 3335 2006 3410">
     <span class='ocr_line' id='line_1_58' title="bbox 351 3335 2006 3410; baseline -0.006 -13"><span class='ocrx_word' id='word_1_465' title='bbox 351 3342 573 3409; x_wconf 87' lang='lat' dir='ltr'>sianus,</span> <span class='ocrx_word' id='word_1_466' title='bbox 627 3339 728 3410; x_wconf 93' lang='lat' dir='ltr'>qui</span> <span class='ocrx_word' id='word_1_467' title='bbox 791 3338 905 3393; x_wconf 84' lang='lat' dir='ltr'>fuit</span> <span class='ocrx_word' id='word_1_468' title='bbox 956 3337 1235 3409; x_wconf 91' lang='lat' dir='ltr'>princeps</span> <span class='ocrx_word' id='word_1_469' title='bbox 1285 3340 1459 3389; x_wconf 62' lang='lat' dir='ltr'>sectas</span> <span class='ocrx_word' id='word_1_470' title='bbox 1512 3335 1888 3389; x_wconf 90' lang='lat' dir='ltr'>Docetarum.</span> <span class='ocrx_word' id='word_1_471' title='bbox 1941 3335 2006 3388; x_wconf 91' lang='lat' dir='ltr'><strong>In</strong></span> 
     </span>
    </p>
   </div>
   <div class='ocr_carea' id='block_1_59' title="bbox 350 3423 2003 3501">
    <p class='ocr_par' dir='ltr' id='par_1_59' title="bbox 350 3423 2003 3501">
     <span class='ocr_line' id='line_1_59' title="bbox 350 3423 2003 3501; baseline -0.005 -16"><span class='ocrx_word' id='word_1_472' title='bbox 350 3446 528 3501; x_wconf 82' lang='lat' dir='ltr'>Opere</span> <span class='ocrx_word' id='word_1_473' title='bbox 586 3433 743 3484; x_wconf 90' lang='lat' dir='ltr'>certe</span> <span class='ocrx_word' id='word_1_474' title='bbox 801 3429 876 3481; x_wconf 89' lang='lat' dir='ltr'>De</span> <span class='ocrx_word' id='word_1_475' title='bbox 928 3426 1273 3481; x_wconf 83' lang='lat' dir='ltr'>continentia</span> <span class='ocrx_word' id='word_1_476' title='bbox 1306 3463 1320 3489; x_wconf 92' lang='lat'>,</span> <span class='ocrx_word' id='word_1_477' title='bbox 1379 3423 1470 3477; x_wconf 85' lang='lat' dir='ltr'>vel</span> <span class='ocrx_word' id='word_1_478' title='bbox 1545 3425 1622 3477; x_wconf 86' lang='lat' dir='ltr'>De</span> <span class='ocrx_word' id='word_1_479' title='bbox 1696 3424 1947 3477; x_wconf 84' lang='lat' dir='ltr'>castitate</span> <span class='ocrx_word' id='word_1_480' title='bbox 1988 3464 2003 3490; x_wconf 92' lang='lat'>,</span> 
     </span>
    </p>
   </div>
   <div class='ocr_carea' id='block_1_60' title="bbox 351 3511 2001 3582">
    <p class='ocr_par' dir='ltr' id='par_1_60' title="bbox 351 3511 2001 3582">
     <span class='ocr_line' id='line_1_60' title="bbox 351 3511 2001 3582; baseline -0.005 -9"><span class='ocrx_word' id='word_1_481' title='bbox 351 3519 444 3573; x_wconf 87' lang='lat' dir='ltr'>his</span> <span class='ocrx_word' id='word_1_482' title='bbox 474 3518 667 3572; x_wconf 88' lang='lat' dir='ltr'>verbis</span> <span class='ocrx_word' id='word_1_483' title='bbox 716 3517 891 3571; x_wconf 90' lang='lat' dir='ltr'>dicit:</span> <span class='ocrx_word' id='word_1_484' title='bbox 946 3537 973 3566; x_wconf 75' lang='grc' dir='ltr'>ς(</span> <span class='ocrx_word' id='word_1_485' title='bbox 1005 3519 1119 3569; x_wconf 90' lang='lat' dir='ltr'>Nec</span> <span class='ocrx_word' id='word_1_486' title='bbox 1152 3513 1311 3568; x_wconf 89' lang='lat' dir='ltr'>dicat</span> <span class='ocrx_word' id='word_1_487' title='bbox 1358 3512 1599 3582; x_wconf 87' lang='lat' dir='ltr'>aliquis,</span> <span class='ocrx_word' id='word_1_488' title='bbox 1634 3511 1792 3582; x_wconf 92' lang='lat' dir='ltr'>quod</span> <span class='ocrx_word' id='word_1_489' title='bbox 1847 3528 2001 3582; x_wconf 90' lang='lat' dir='ltr'>quo-</span> 
     </span>
    </p>
   </div>
   <div class='ocr_carea' id='block_1_61' title="bbox 349 3600 2005 3671">
    <p class='ocr_par' dir='ltr' id='par_1_61' title="bbox 349 3600 2005 3671">
     <span class='ocr_line' id='line_1_61' title="bbox 349 3600 2005 3671; baseline -0.004 -11"><span class='ocrx_word' id='word_1_490' title='bbox 349 3606 511 3661; x_wconf 90' lang='lat' dir='ltr'>niam</span> <span class='ocrx_word' id='word_1_491' title='bbox 570 3606 714 3660; x_wconf 90' lang='lat' dir='ltr'>talia</span> <span class='ocrx_word' id='word_1_492' title='bbox 771 3604 1061 3659; x_wconf 85' lang='lat' dir='ltr'>habemus</span> <span class='ocrx_word' id='word_1_493' title='bbox 1121 3602 1429 3667; x_wconf 91' lang='lat' dir='ltr'>membra,</span> <span class='ocrx_word' id='word_1_494' title='bbox 1500 3606 1567 3656; x_wconf 92' lang='lat' dir='ltr'>ut</span> <span class='ocrx_word' id='word_1_495' title='bbox 1623 3600 1799 3655; x_wconf 89' lang='lat' dir='ltr'>aliter</span> <span class='ocrx_word' id='word_1_496' title='bbox 1854 3601 2005 3671; x_wconf 81' lang='lat' dir='ltr'>ﬁgu-</span> 
     </span>
    </p>
   </div>
   <div class='ocr_carea' id='block_1_62' title="bbox 347 3689 2000 3759">
    <p class='ocr_par' dir='ltr' id='par_1_62' title="bbox 347 3689 2000 3759">
     <span class='ocr_line' id='line_1_62' title="bbox 347 3689 2000 3759; baseline -0.003 -11"><span class='ocrx_word' id='word_1_497' title='bbox 347 3700 478 3749; x_wconf 87' lang='lat' dir='ltr'>rata</span> <span class='ocrx_word' id='word_1_498' title='bbox 502 3694 578 3749; x_wconf 86' lang='lat' dir='ltr'>sit</span> <span class='ocrx_word' id='word_1_499' title='bbox 631 3693 873 3755; x_wconf 88' lang='lat' dir='ltr'>femina,</span> <span class='ocrx_word' id='word_1_500' title='bbox 908 3693 1081 3747; x_wconf 79' lang='lat' dir='ltr'>aliter</span> <span class='ocrx_word' id='word_1_501' title='bbox 1135 3708 1270 3746; x_wconf 88' lang='lat' dir='ltr'>vero</span> <span class='ocrx_word' id='word_1_502' title='bbox 1326 3690 1663 3745; x_wconf 90' lang='lat' dir='ltr'>masculus:</span> <span class='ocrx_word' id='word_1_503' title='bbox 1715 3689 1820 3744; x_wconf 92' lang='lat' dir='ltr'>illa</span> <span class='ocrx_word' id='word_1_504' title='bbox 1868 3689 2000 3759; x_wconf 85' lang='lat' dir='ltr'>qui-</span> 
     </span>
    </p>
   </div>
   <div class='ocr_carea' id='block_1_63' title="bbox 348 3778 1999 3852">
    <p class='ocr_par' dir='ltr' id='par_1_63' title="bbox 348 3778 1999 3852">
     <span class='ocr_line' id='line_1_63' title="bbox 348 3778 1999 3852; baseline -0.003 -14"><span class='ocrx_word' id='word_1_505' title='bbox 348 3783 485 3838; x_wconf 89' lang='lat' dir='ltr'>dem</span> <span class='ocrx_word' id='word_1_506' title='bbox 516 3782 589 3837; x_wconf 91' lang='lat' dir='ltr'>ad</span> <span class='ocrx_word' id='word_1_507' title='bbox 622 3781 1093 3852; x_wconf 90' lang='lat' dir='ltr'>suscipiendum,</span> <span class='ocrx_word' id='word_1_508' title='bbox 1127 3780 1222 3835; x_wconf 90' lang='lat' dir='ltr'>hic</span> <span class='ocrx_word' id='word_1_509' title='bbox 1252 3796 1389 3834; x_wconf 90' lang='lat' dir='ltr'>vero</span> <span class='ocrx_word' id='word_1_510' title='bbox 1437 3779 1511 3833; x_wconf 92' lang='lat' dir='ltr'>ad</span> <span class='ocrx_word' id='word_1_511' title='bbox 1560 3778 1999 3844; x_wconf 86' lang='lat' dir='ltr'>seminandum,</span> 
     </span>
    </p>
   </div>
   <div class='ocr_carea' id='block_1_64' title="bbox 351 3866 2002 3941">
    <p class='ocr_par' dir='ltr' id='par_1_64' title="bbox 351 3866 2002 3941">
     <span class='ocr_line' id='line_1_64' title="bbox 351 3866 2002 3941; baseline -0.004 -15"><span class='ocrx_word' id='word_1_512' title='bbox 351 3872 585 3941; x_wconf 59' lang='lat'>200.14</span> <span class='ocrx_word' id='word_1_513' title='bbox 619 3886 966 3925; x_wconf 90' lang='lat' dir='ltr'>concessam</span> <span class='ocrx_word' id='word_1_514' title='bbox 1000 3884 1128 3923; x_wconf 91' lang='lat' dir='ltr'>esse</span> <span class='ocrx_word' id='word_1_515' title='bbox 1161 3886 1195 3923; x_wconf 92' lang='lat' dir='ltr'>a</span> <span class='ocrx_word' id='word_1_516' title='bbox 1234 3870 1352 3923; x_wconf 90' lang='lat' dir='ltr'>Deo</span> <span class='ocrx_word' id='word_1_517' title='bbox 1401 3868 1914 3924; x_wconf 90' lang='lat' dir='ltr'>consuetudinem.</span> <span class='ocrx_word' id='word_1_518' title='bbox 1945 3866 2002 3921; x_wconf 92' lang='lat' dir='ltr'>Si</span> 
     </span>
    </p>
   </div>
   <div class='ocr_carea' id='block_1_65' title="bbox 350 3955 2003 4027">
    <p class='ocr_par' dir='ltr' id='par_1_65' title="bbox 350 3955 2003 4027">
     <span class='ocr_line' id='line_1_65' title="bbox 350 3955 2003 4027; baseline -0.003 -13"><span class='ocrx_word' id='word_1_519' title='bbox 350 3959 510 4015; x_wconf 88' lang='lat' dir='ltr'>enim</span> <span class='ocrx_word' id='word_1_520' title='bbox 542 3975 577 4012; x_wconf 90' lang='lat' dir='ltr'>a</span> <span class='ocrx_word' id='word_1_521' title='bbox 609 3960 748 4024; x_wconf 91' lang='lat' dir='ltr'>Deo,</span> <span class='ocrx_word' id='word_1_522' title='bbox 780 3957 855 4011; x_wconf 90' lang='lat' dir='ltr'>ad</span> <span class='ocrx_word' id='word_1_523' title='bbox 879 3972 1055 4027; x_wconf 90' lang='lat' dir='ltr'>quem</span> <span class='ocrx_word' id='word_1_524' title='bbox 1091 3956 1409 4022; x_wconf 87' lang='lat' dir='ltr'>tendimus,</span> <span class='ocrx_word' id='word_1_525' title='bbox 1447 3962 1603 4011; x_wconf 89' lang='lat' dir='ltr'>esset</span> <span class='ocrx_word' id='word_1_526' title='bbox 1631 3957 1755 4011; x_wconf 68' lang='lat' dir='ltr'>haec</span> <span class='ocrx_word' id='word_1_527' title='bbox 1786 3955 2003 4011; x_wconf 88' lang='lat' dir='ltr'>consti-</span> 
     </span>
    </p>
   </div>
   <div class='ocr_carea' id='block_1_66' title="bbox 346 4045 2001 4116">
    <p class='ocr_par' dir='ltr' id='par_1_66' title="bbox 346 4045 2001 4116">
     <span class='ocr_line' id='line_1_66' title="bbox 346 4045 2001 4116; baseline -0.001 -15"><span class='ocrx_word' id='word_1_528' title='bbox 346 4047 519 4110; x_wconf 88' lang='lat' dir='ltr'>tutio,</span> <span class='ocrx_word' id='word_1_529' title='bbox 547 4063 666 4101; x_wconf 90' lang='lat' dir='ltr'>non</span> <span class='ocrx_word' id='word_1_530' title='bbox 700 4046 904 4100; x_wconf 88' lang='lat' dir='ltr'>beatos</span> <span class='ocrx_word' id='word_1_531' title='bbox 947 4045 1195 4099; x_wconf 90' lang='lat' dir='ltr'>dixisset</span> <span class='ocrx_word' id='word_1_532' title='bbox 1231 4061 1362 4099; x_wconf 91' lang='lat' dir='ltr'>esse</span> <span class='ocrx_word' id='word_1_533' title='bbox 1417 4046 1761 4113; x_wconf 89' lang='lat' dir='ltr'>eunuchos;</span> <span class='ocrx_word' id='word_1_534' title='bbox 1809 4061 2001 4116; x_wconf 91' lang='lat' dir='ltr'>neque</span> 
     </span>
    </p>
   </div>
   <div class='ocr_carea' id='block_1_67' title="bbox 344 4134 2003 4209">
    <p class='ocr_par' dir='ltr' id='par_1_67' title="bbox 344 4134 2003 4209">
     <span class='ocr_line' id='line_1_67' title="bbox 344 4134 2003 4209; baseline -0.002 -18"><span class='ocrx_word' id='word_1_535' title='bbox 344 4135 640 4209; x_wconf 88' lang='lat' dir='ltr'>propheta</span> <span class='ocrx_word' id='word_1_536' title='bbox 656 4134 955 4199; x_wconf 87' lang='lat' dir='ltr'>dixissset,</span> <span class='ocrx_word' id='word_1_537' title='bbox 981 4149 1081 4188; x_wconf 91' lang='lat' dir='ltr'>eos</span> <span class='ocrx_word' id='word_1_538' title='bbox 1104 4156 1128 4182; x_wconf 76' lang='grc' dir='ltr'>ιι</span> <span class='ocrx_word' id='word_1_539' title='bbox 1151 4150 1270 4187; x_wconf 90' lang='lat' dir='ltr'>non</span> <span class='ocrx_word' id='word_1_540' title='bbox 1304 4149 1434 4188; x_wconf 89' lang='lat' dir='ltr'>esse</span> <span class='ocrx_word' id='word_1_541' title='bbox 1451 4134 1722 4188; x_wconf 89' lang='lat' dir='ltr'>arborem</span> <span class='ocrx_word' id='word_1_542' title='bbox 1754 4134 2003 4206; x_wconf 75' lang='lat' dir='ltr'>intrugi-</span> 
     </span>
    </p>
   </div>
   <div class='ocr_carea' id='block_1_68' title="bbox 343 4221 1999 4294">
    <p class='ocr_par' dir='ltr' id='par_1_68' title="bbox 343 4221 1999 4294">
     <span class='ocr_line' id='line_1_68' title="bbox 343 4221 1999 4294; baseline -0.004 -13"><span class='ocrx_word' id='word_1_543' title='bbox 343 4225 533 4281; x_wconf 85' lang='lat' dir='ltr'>feram</span> <span class='ocrx_word' id='word_1_544' title='bbox 554 4226 625 4294; x_wconf 80' lang='lat' dir='ltr'>(f)</span> <span class='ocrx_word' id='word_1_545' title='bbox 651 4241 663 4290; x_wconf 92' lang='lat'><strong>;</strong></span> <span class='ocrx_word' id='word_1_546' title='bbox 693 4246 721 4273; x_wconf 85' lang='grc'>››</span> <span class='ocrx_word' id='word_1_547' title='bbox 742 4222 1107 4277; x_wconf 85' lang='lat' dir='ltr'>transferens</span> <span class='ocrx_word' id='word_1_548' title='bbox 1130 4222 1202 4277; x_wconf 85' lang='lat' dir='ltr'>ab</span> <span class='ocrx_word' id='word_1_549' title='bbox 1225 4221 1434 4276; x_wconf 89' lang='lat' dir='ltr'>arbore</span> <span class='ocrx_word' id='word_1_550' title='bbox 1452 4222 1526 4276; x_wconf 90' lang='lat' dir='ltr'>ab</span> <span class='ocrx_word' id='word_1_551' title='bbox 1550 4222 1874 4288; x_wconf 88' lang='lat' dir='ltr'>hominem,</span> <span class='ocrx_word' id='word_1_552' title='bbox 1899 4221 1999 4292; x_wconf 93' lang='lat' dir='ltr'>qui</span> 
     </span>
    </p>
   </div>
   <div class='ocr_carea' id='block_1_69' title="bbox 345 4310 1997 4386">
    <p class='ocr_par' dir='ltr' id='par_1_69' title="bbox 345 4310 1997 4386">
     <span class='ocr_line' id='line_1_69' title="bbox 345 4310 1997 4386; baseline -0.004 -15"><span class='ocrx_word' id='word_1_553' title='bbox 345 4332 454 4371; x_wconf 89' lang='lat' dir='ltr'>sua</span> <span class='ocrx_word' id='word_1_554' title='bbox 486 4317 695 4386; x_wconf 90' lang='lat' dir='ltr'>sponte</span> <span class='ocrx_word' id='word_1_555' title='bbox 728 4318 787 4367; x_wconf 89' lang='lat' dir='ltr'>et</span> <span class='ocrx_word' id='word_1_556' title='bbox 819 4328 887 4367; x_wconf 89' lang='lat' dir='ltr'>ex</span> <span class='ocrx_word' id='word_1_557' title='bbox 944 4311 1218 4366; x_wconf 88' lang='lat' dir='ltr'>instituto</span> <span class='ocrx_word' id='word_1_558' title='bbox 1251 4326 1313 4366; x_wconf 87' lang='lat' dir='ltr'>se</span> <span class='ocrx_word' id='word_1_559' title='bbox 1365 4315 1585 4365; x_wconf 89' lang='lat' dir='ltr'>castrat</span> <span class='ocrx_word' id='word_1_560' title='bbox 1632 4310 1734 4365; x_wconf 88' lang='lat' dir='ltr'>tali</span> <span class='ocrx_word' id='word_1_561' title='bbox 1778 4311 1997 4383; x_wconf 88' lang='lat' dir='ltr'>cogita-</span> 
     </span>
    </p>
   </div>
   <div class='ocr_carea' id='block_1_70' title="bbox 348 4399 1998 4476">
    <p class='ocr_par' dir='ltr' id='par_1_70' title="bbox 348 4399 1998 4476">
     <span class='ocr_line' id='line_1_70' title="bbox 348 4399 1998 4476; baseline -0.002 -17"><span class='ocrx_word' id='word_1_562' title='bbox 348 4406 535 4461; x_wconf 89' lang='lat' dir='ltr'>tione.</span> <span class='ocrx_word' id='word_1_563' title='bbox 569 4426 598 4454; x_wconf 82' lang='lat'><strong><em>»</em></strong></span> <span class='ocrx_word' id='word_1_564' title='bbox 632 4406 701 4458; x_wconf 87' lang='lat' dir='ltr'>Et</span> <span class='ocrx_word' id='word_1_565' title='bbox 729 4419 838 4476; x_wconf 92' lang='lat' dir='ltr'>pro</span> <span class='ocrx_word' id='word_1_566' title='bbox 870 4402 1056 4474; x_wconf 88' lang='lat' dir='ltr'>impia</span> <span class='ocrx_word' id='word_1_567' title='bbox 1093 4401 1375 4474; x_wconf 90' lang='lat' dir='ltr'>opinione</span> <span class='ocrx_word' id='word_1_568' title='bbox 1424 4400 1616 4456; x_wconf 89' lang='lat' dir='ltr'>adhuc</span> <span class='ocrx_word' id='word_1_569' title='bbox 1666 4399 1998 4469; x_wconf 86' lang='lat' dir='ltr'>decertans,</span> 
     </span>
    </p>
   </div>
   <div class='ocr_carea' id='block_1_71' title="bbox 352 4487 2000 4564">
    <p class='ocr_par' dir='ltr' id='par_1_71' title="bbox 352 4487 2000 4564">
     <span class='ocr_line' id='line_1_71' title="bbox 352 4487 2000 4564; baseline -0.002 -17"><span class='ocrx_word' id='word_1_570' title='bbox 352 4492 697 4564; x_wconf 87' lang='lat' dir='ltr'>subjungit:</span> <span class='ocrx_word' id='word_1_571' title='bbox 743 4490 1049 4557; x_wconf 88' lang='lat' dir='ltr'>Quomodo</span> <span class='ocrx_word' id='word_1_572' title='bbox 1097 4495 1295 4546; x_wconf 87' lang='lat' dir='ltr'>autem</span> <span class='ocrx_word' id='word_1_573' title='bbox 1325 4505 1445 4544; x_wconf 90' lang='lat' dir='ltr'>non</span> <span class='ocrx_word' id='word_1_574' title='bbox 1469 4488 1607 4560; x_wconf 91' lang='lat' dir='ltr'>jure</span> <span class='ocrx_word' id='word_1_575' title='bbox 1637 4487 1770 4560; x_wconf 89' lang='lat' dir='ltr'>quis</span> <span class='ocrx_word' id='word_1_576' title='bbox 1799 4506 2000 4561; x_wconf 89' lang='lat' dir='ltr'>repre-</span> 
     </span>
    </p>
   </div>
   <div class='ocr_carea' id='block_1_72' title="bbox 352 4577 1999 4649">
    <p class='ocr_par' dir='ltr' id='par_1_72' title="bbox 352 4577 1999 4649">
     <span class='ocr_line' id='line_1_72' title="bbox 352 4577 1999 4649; baseline -0.001 -14"><span class='ocrx_word' id='word_1_577' title='bbox 352 4580 631 4637; x_wconf 63' lang='lat' dir='ltr'>htnderit</span> <span class='ocrx_word' id='word_1_578' title='bbox 682 4581 1074 4649; x_wconf 87' lang='lat' dir='ltr'>Servatorem,</span> <span class='ocrx_word' id='word_1_579' title='bbox 1124 4579 1174 4635; x_wconf 91' lang='lat' dir='ltr'>si</span> <span class='ocrx_word' id='word_1_580' title='bbox 1204 4596 1315 4635; x_wconf 89' lang='lat' dir='ltr'>nos</span> <span class='ocrx_word' id='word_1_581' title='bbox 1346 4578 1807 4645; x_wconf 85' lang='lat' dir='ltr'>transformavit,</span> <span class='ocrx_word' id='word_1_582' title='bbox 1840 4584 1898 4633; x_wconf 88' lang='lat' dir='ltr'>et</span> <span class='ocrx_word' id='word_1_583' title='bbox 1926 4577 1999 4634; x_wconf 88' lang='lat' dir='ltr'>ab</span> 
     </span>
    </p>
   </div>
   <div class='ocr_carea' id='block_1_73' title="bbox 346 4667 2000 4741">
    <p class='ocr_par' dir='ltr' id='par_1_73' title="bbox 346 4667 2000 4741">
     <span class='ocr_line' id='line_1_73' title="bbox 346 4667 2000 4741; baseline -0.001 -18"><span class='ocrx_word' id='word_1_584' title='bbox 346 4684 549 4723; x_wconf 87' lang='lat' dir='ltr'>errore</span> <span class='ocrx_word' id='word_1_585' title='bbox 581 4668 873 4735; x_wconf 85' lang='lat' dir='ltr'>liberavit,</span> <span class='ocrx_word' id='word_1_586' title='bbox 900 4675 958 4725; x_wconf 89' lang='lat' dir='ltr'>et</span> <span class='ocrx_word' id='word_1_587' title='bbox 977 4685 1011 4723; x_wconf 89' lang='lat' dir='ltr'>a</span> <span class='ocrx_word' id='word_1_588' title='bbox 1036 4669 1461 4741; x_wconf 91' lang='lat' dir='ltr'>conjunctione</span> <span class='ocrx_word' id='word_1_589' title='bbox 1492 4667 1916 4735; x_wconf 87' lang='lat' dir='ltr'>membrorum,</span> <span class='ocrx_word' id='word_1_590' title='bbox 1940 4672 2000 4722; x_wconf 88' lang='lat' dir='ltr'>et</span> 
     </span>
    </p>
   </div>
   <div class='ocr_carea' id='block_1_74' title="bbox 2114 3332 3784 3411">
    <p class='ocr_par' dir='ltr' id='par_1_74' title="bbox 2114 3332 3784 3411">
     <span class='ocr_line' id='line_1_74' title="bbox 2114 3332 3784 3411; baseline -0.003 -20"><span class='ocrx_word' id='word_1_591' title='bbox 2114 3333 2346 3396; x_wconf 77' lang='grc' dir='ltr'>Ἰούλιος</span> <span class='ocrx_word' id='word_1_592' title='bbox 2405 3335 2748 3397; x_wconf 77' lang='grc' dir='ltr'>Κασσιανόςο</span> <span class='ocrx_word' id='word_1_593' title='bbox 2807 3335 2861 3390; x_wconf 82' lang='grc' dir='ltr'>ἐν</span> <span class='ocrx_word' id='word_1_594' title='bbox 2923 3339 3052 3411; x_wconf 78' lang='grc' dir='ltr'>γοῦν</span> <span class='ocrx_word' id='word_1_595' title='bbox 3112 3339 3191 3407; x_wconf 80' lang='grc' dir='ltr'>τῷ</span> <span class='ocrx_word' id='word_1_596' title='bbox 3246 3334 3375 3409; x_wconf 81' lang='grc' dir='ltr'>Περὲ</span> <span class='ocrx_word' id='word_1_597' title='bbox 3436 3332 3784 3409; x_wconf 78' lang='grc' dir='ltr'>ἐγκρατείας,</span> 
     </span>
    </p>
   </div>
   <div class='ocr_carea' id='block_1_75' title="bbox 2114 3418 3787 3500">
    <p class='ocr_par' dir='ltr' id='par_1_75' title="bbox 2114 3418 3787 3500">
     <span class='ocr_line' id='line_1_75' title="bbox 2114 3418 3787 3500; baseline -0.001 -23"><span class='ocrx_word' id='word_1_598' title='bbox 2114 3420 2150 3491; x_wconf 69' lang='grc' dir='ltr'><strong>ἢ</strong></span> <span class='ocrx_word' id='word_1_599' title='bbox 2186 3421 2312 3495; x_wconf 81' lang='grc' dir='ltr'>Ηερὶ</span> <span class='ocrx_word' id='word_1_600' title='bbox 2368 3421 2684 3497; x_wconf 82' lang='grc' dir='ltr'>εύνουχίας,</span> <span class='ocrx_word' id='word_1_601' title='bbox 2744 3423 2881 3478; x_wconf 89' lang='grc' dir='ltr'>κατά</span> <span class='ocrx_word' id='word_1_602' title='bbox 2930 3422 3073 3493; x_wconf 77' lang='grc' dir='ltr'>λέξιν</span> <span class='ocrx_word' id='word_1_603' title='bbox 3134 3422 3321 3500; x_wconf 62' lang='grc' dir='ltr'>φησίν</span> <span class='ocrx_word' id='word_1_604' title='bbox 3383 3446 3411 3470; x_wconf 81' lang='lat' dir='ltr'><strong><em>u</em></strong></span> <span class='ocrx_word' id='word_1_605' title='bbox 3443 3422 3539 3476; x_wconf 78' lang='grc' dir='ltr'>Καὶ</span> <span class='ocrx_word' id='word_1_606' title='bbox 3580 3418 3787 3494; x_wconf 76' lang='grc' dir='ltr'>μηδεὶς</span> 
     </span>
    </p>
   </div>
   <div class='ocr_carea' id='block_1_76' title="bbox 2115 3510 3785 3587">
    <p class='ocr_par' dir='ltr' id='par_1_76' title="bbox 2115 3510 3785 3587">
     <span class='ocr_line' id='line_1_76' title="bbox 2115 3510 3785 3587; baseline -0.001 -19"><span class='ocrx_word' id='word_1_607' title='bbox 2115 3510 2344 3585; x_wconf 87' lang='grc' dir='ltr'>λεγέτω,</span> <span class='ocrx_word' id='word_1_608' title='bbox 2366 3511 2449 3567; x_wconf 81' lang='grc' dir='ltr'>δτι</span> <span class='ocrx_word' id='word_1_609' title='bbox 2473 3510 2688 3567; x_wconf 73' lang='grc' dir='ltr'>ἐπειδᾶν</span> <span class='ocrx_word' id='word_1_610' title='bbox 2724 3517 2947 3568; x_wconf 77' lang='grc' dir='ltr'>τοιαῦτα</span> <span class='ocrx_word' id='word_1_611' title='bbox 2978 3512 3146 3586; x_wconf 87' lang='grc' dir='ltr'>μόρια</span> <span class='ocrx_word' id='word_1_612' title='bbox 3168 3510 3428 3587; x_wconf 84' lang='grc' dir='ltr'>ἔσχομεν,</span> <span class='ocrx_word' id='word_1_613' title='bbox 3452 3511 3527 3572; x_wconf 84' lang='grc' dir='ltr'>ὡς</span> <span class='ocrx_word' id='word_1_614' title='bbox 3556 3512 3659 3580; x_wconf 73' lang='grc' dir='ltr'>τήν</span> <span class='ocrx_word' id='word_1_615' title='bbox 3684 3510 3785 3582; x_wconf 78' lang='grc' dir='ltr'>μὶν</span> 
     </span>
    </p>
   </div>
   <div class='ocr_carea' id='block_1_77' title="bbox 2119 3598 3777 3677">
    <p class='ocr_par' dir='ltr' id='par_1_77' title="bbox 2119 3598 3777 3677">
     <span class='ocr_line' id='line_1_77' title="bbox 2119 3598 3777 3677; baseline -0.001 -23"><span class='ocrx_word' id='word_1_616' title='bbox 2119 3599 2345 3671; x_wconf 73' lang='grc' dir='ltr'>θήλειαν</span> <span class='ocrx_word' id='word_1_617' title='bbox 2375 3601 2549 3663; x_wconf 75' lang='grc' dir='ltr'>οὕτως</span> <span class='ocrx_word' id='word_1_618' title='bbox 2578 3603 2978 3677; x_wconf 86' lang='grc' dir='ltr'>σχηματίσθαι,</span> <span class='ocrx_word' id='word_1_619' title='bbox 3008 3601 3103 3657; x_wconf 88' lang='grc' dir='ltr'>τὸν</span> <span class='ocrx_word' id='word_1_620' title='bbox 3134 3598 3191 3655; x_wconf 72' lang='grc' dir='ltr'>δὲ</span> <span class='ocrx_word' id='word_1_621' title='bbox 3222 3599 3418 3677; x_wconf 71' lang='grc' dir='ltr'>ἄῤῥενα</span> <span class='ocrx_word' id='word_1_622' title='bbox 3448 3598 3648 3667; x_wconf 66' lang='grc' dir='ltr'>οὓτως,</span> <span class='ocrx_word' id='word_1_623' title='bbox 3672 3601 3777 3669; x_wconf 74' lang='grc' dir='ltr'>τήν</span> 
     </span>
    </p>
   </div>
   <div class='ocr_carea' id='block_1_78' title="bbox 2117 3688 3773 3765">
    <p class='ocr_par' dir='ltr' id='par_1_78' title="bbox 2117 3688 3773 3765">
     <span class='ocr_line' id='line_1_78' title="bbox 2117 3688 3773 3765; baseline -0.002 -21"><span class='ocrx_word' id='word_1_624' title='bbox 2117 3690 2210 3762; x_wconf 77' lang='grc' dir='ltr'>μὶν</span> <span class='ocrx_word' id='word_1_625' title='bbox 2242 3691 2379 3765; x_wconf 83' lang='grc' dir='ltr'>πρὸς</span> <span class='ocrx_word' id='word_1_626' title='bbox 2415 3691 2478 3745; x_wconf 90' lang='grc' dir='ltr'>τὸ</span> <span class='ocrx_word' id='word_1_627' title='bbox 2537 3688 2816 3765; x_wconf 78' lang='grc' dir='ltr'>δέχεσθαι,</span> <span class='ocrx_word' id='word_1_628' title='bbox 2873 3691 2965 3746; x_wconf 84' lang='grc' dir='ltr'>τὸν</span> <span class='ocrx_word' id='word_1_629' title='bbox 3028 3689 3086 3746; x_wconf 69' lang='grc' dir='ltr'>δὲ</span> <span class='ocrx_word' id='word_1_630' title='bbox 3140 3690 3278 3763; x_wconf 85' lang='grc' dir='ltr'>πρὸς</span> <span class='ocrx_word' id='word_1_631' title='bbox 3331 3690 3396 3744; x_wconf 82' lang='grc' dir='ltr'>τὸ</span> <span class='ocrx_word' id='word_1_632' title='bbox 3446 3688 3773 3763; x_wconf 72' lang='grc' dir='ltr'>ἐνσπείρειν,</span> 
     </span>
    </p>
   </div>
   <div class='ocr_carea' id='block_1_79' title="bbox 2110 3776 3770 3854">
    <p class='ocr_par' dir='ltr' id='par_1_79' title="bbox 2110 3776 3770 3854">
     <span class='ocr_line' id='line_1_79' title="bbox 2110 3776 3770 3854; baseline -0.001 -21"><span class='ocrx_word' id='word_1_633' title='bbox 2110 3781 2558 3854; x_wconf 82' lang='grc' dir='ltr'>συγκεχωρῆσθαι</span> <span class='ocrx_word' id='word_1_634' title='bbox 2616 3782 2729 3853; x_wconf 82' lang='grc'>(97)</span> <span class='ocrx_word' id='word_1_635' title='bbox 2783 3781 2846 3835; x_wconf 85' lang='grc' dir='ltr'>τὸ</span> <span class='ocrx_word' id='word_1_636' title='bbox 2896 3786 2997 3849; x_wconf 79' lang='grc' dir='ltr'>τῆς</span> <span class='ocrx_word' id='word_1_637' title='bbox 3053 3777 3281 3851; x_wconf 84' lang='grc' dir='ltr'>ὁμιλίας</span> <span class='ocrx_word' id='word_1_638' title='bbox 3317 3778 3463 3853; x_wconf 78' lang='grc' dir='ltr'>παρὰ</span> <span class='ocrx_word' id='word_1_639' title='bbox 3512 3782 3671 3833; x_wconf 80' lang='grc' dir='ltr'>Θεοῦ.</span> <span class='ocrx_word' id='word_1_640' title='bbox 3708 3776 3770 3834; x_wconf 74' lang='lat' dir='ltr'>Ei</span> 
     </span>
    </p>
   </div>
   <div class='ocr_carea' id='block_1_80' title="bbox 2108 3863 3773 3943">
    <p class='ocr_par' dir='ltr' id='par_1_80' title="bbox 2108 3863 3773 3943">
     <span class='ocr_line' id='line_1_80' title="bbox 2108 3863 3773 3943; baseline -0.001 -21"><span class='ocrx_word' id='word_1_641' title='bbox 2108 3868 2209 3942; x_wconf 76' lang='grc' dir='ltr'>γὰρ</span> <span class='ocrx_word' id='word_1_642' title='bbox 2238 3870 2305 3937; x_wconf 80' lang='grc' dir='ltr'>ἦν</span> <span class='ocrx_word' id='word_1_643' title='bbox 2341 3868 2483 3943; x_wconf 76' lang='grc' dir='ltr'>παρὰ</span> <span class='ocrx_word' id='word_1_644' title='bbox 2539 3873 2697 3940; x_wconf 78' lang='grc' dir='ltr'>Θεοῦ,</span> <span class='ocrx_word' id='word_1_645' title='bbox 2756 3869 2832 3933; x_wconf 72' lang='grc' dir='ltr'>εἷς</span> <span class='ocrx_word' id='word_1_646' title='bbox 2872 3870 2931 3923; x_wconf 77' lang='grc' dir='ltr'>ὃν</span> <span class='ocrx_word' id='word_1_647' title='bbox 2959 3866 3287 3942; x_wconf 79' lang='grc' dir='ltr'>σπεύδομεν,</span> <span class='ocrx_word' id='word_1_648' title='bbox 3318 3869 3354 3936; x_wconf 79' lang='grc' dir='ltr'>ἠ</span> <span class='ocrx_word' id='word_1_649' title='bbox 3384 3867 3611 3935; x_wconf 78' lang='grc' dir='ltr'>τοιαύτη</span> <span class='ocrx_word' id='word_1_650' title='bbox 3647 3863 3773 3921; x_wconf 85' lang='grc' dir='ltr'>δια-</span> 
     </span>
    </p>
   </div>
   <div class='ocr_carea' id='block_1_81' title="bbox 2110 3952 3768 4031">
    <p class='ocr_par' dir='ltr' id='par_1_81' title="bbox 2110 3952 3768 4031">
     <span class='ocr_line' id='line_1_81' title="bbox 2110 3952 3768 4031; baseline 0 -21"><span class='ocrx_word' id='word_1_651' title='bbox 2110 3957 2296 4025; x_wconf 77' lang='grc' dir='ltr'>σκευὴ,</span> <span class='ocrx_word' id='word_1_652' title='bbox 2344 3956 2444 4011; x_wconf 79' lang='grc' dir='ltr'>οὐκ</span> <span class='ocrx_word' id='word_1_653' title='bbox 2491 3956 2549 4012; x_wconf 76' lang='grc' dir='ltr'>ἂν</span> <span class='ocrx_word' id='word_1_654' title='bbox 2599 3956 2924 4031; x_wconf 70' lang='grc' dir='ltr'>ἐμακάρισεν</span> <span class='ocrx_word' id='word_1_655' title='bbox 2982 3955 3110 4019; x_wconf 78' lang='grc' dir='ltr'>τοὺς</span> <span class='ocrx_word' id='word_1_656' title='bbox 3167 3956 3489 4031; x_wconf 76' lang='grc' dir='ltr'>εὐνούχους·</span> <span class='ocrx_word' id='word_1_657' title='bbox 3553 3952 3676 4010; x_wconf 76' lang='grc' dir='ltr'>οὐδ’</span> <span class='ocrx_word' id='word_1_658' title='bbox 3705 3956 3768 4010; x_wconf 82' lang='grc' dir='ltr'>ἃν</span> 
     </span>
    </p>
   </div>
   <div class='ocr_carea' id='block_1_82' title="bbox 2109 4042 3768 4121">
    <p class='ocr_par' dir='ltr' id='par_1_82' title="bbox 2109 4042 3768 4121">
     <span class='ocr_line' id='line_1_82' title="bbox 2109 4042 3768 4121; baseline 0.001 -22"><span class='ocrx_word' id='word_1_659' title='bbox 2109 4045 2138 4099; x_wconf 92' lang='lat'>6</span> <span class='ocrx_word' id='word_1_660' title='bbox 2168 4047 2459 4120; x_wconf 73' lang='grc' dir='ltr'>προφήτης</span> <span class='ocrx_word' id='word_1_661' title='bbox 2507 4047 2737 4121; x_wconf 72' lang='grc' dir='ltr'>εἰρήκει,</span> <span class='ocrx_word' id='word_1_662' title='bbox 2794 4069 2821 4097; x_wconf 81' lang='grc' dir='ltr'>ι(</span> <span class='ocrx_word' id='word_1_663' title='bbox 2848 4046 2926 4119; x_wconf 80' lang='grc' dir='ltr'>μὴ</span> <span class='ocrx_word' id='word_1_664' title='bbox 2959 4044 3095 4101; x_wconf 78' lang='grc' dir='ltr'>εἶναι</span> <span class='ocrx_word' id='word_1_665' title='bbox 3127 4043 3288 4118; x_wconf 80' lang='grc' dir='ltr'>ξύλον</span> <span class='ocrx_word' id='word_1_666' title='bbox 3317 4042 3562 4119; x_wconf 75' lang='grc' dir='ltr'>ἄκαρπον</span> <span class='ocrx_word' id='word_1_667' title='bbox 3593 4047 3705 4117; x_wconf 79' lang='lat'>(98)</span> <span class='ocrx_word' id='word_1_668' title='bbox 3736 4068 3768 4095; x_wconf 74' lang='grc' dir='ltr'>ιο</span> 
     </span>
    </p>
   </div>
   <div class='ocr_carea' id='block_1_83' title="bbox 2107 4130 3775 4208">
    <p class='ocr_par' dir='ltr' id='par_1_83' title="bbox 2107 4130 3775 4208">
     <span class='ocr_line' id='line_1_83' title="bbox 2107 4130 3775 4208; baseline 0.001 -22"><span class='ocrx_word' id='word_1_669' title='bbox 2107 4131 2326 4194; x_wconf 77' lang='grc' dir='ltr'>αὐτούς’</span> <span class='ocrx_word' id='word_1_670' title='bbox 2391 4130 2711 4205; x_wconf 76' lang='grc' dir='ltr'>μεταλαϐὼν</span> <span class='ocrx_word' id='word_1_671' title='bbox 2752 4134 2859 4189; x_wconf 82' lang='grc' dir='ltr'>ἀπὸ</span> <span class='ocrx_word' id='word_1_672' title='bbox 2915 4138 3014 4189; x_wconf 80' lang='grc' dir='ltr'>τοῦ</span> <span class='ocrx_word' id='word_1_673' title='bbox 3074 4131 3296 4208; x_wconf 67' lang='grc' dir='ltr'>δένδρου</span> <span class='ocrx_word' id='word_1_674' title='bbox 3354 4132 3444 4189; x_wconf 77' lang='grc' dir='ltr'>ἐπὶ</span> <span class='ocrx_word' id='word_1_675' title='bbox 3499 4133 3597 4188; x_wconf 85' lang='grc' dir='ltr'>τὸν</span> <span class='ocrx_word' id='word_1_676' title='bbox 3627 4133 3775 4188; x_wconf 85' lang='grc' dir='ltr'>κατά</span> 
     </span>
    </p>
   </div>
   <div class='ocr_carea' id='block_1_84' title="bbox 2106 4222 3767 4299">
    <p class='ocr_par' dir='ltr' id='par_1_84' title="bbox 2106 4222 3767 4299">
     <span class='ocr_line' id='line_1_84' title="bbox 2106 4222 3767 4299; baseline 0 -23"><span class='ocrx_word' id='word_1_677' title='bbox 2106 4222 2421 4298; x_wconf 86' lang='grc' dir='ltr'>προαίρεσίν</span> <span class='ocrx_word' id='word_1_678' title='bbox 2473 4225 2759 4299; x_wconf 65' lang='grc' dir='ltr'>ἄνθρωπον</span> <span class='ocrx_word' id='word_1_679' title='bbox 2820 4224 3008 4279; x_wconf 71' lang='grc' dir='ltr'>ἑαυτὸν</span> <span class='ocrx_word' id='word_1_680' title='bbox 3066 4231 3167 4293; x_wconf 84' lang='grc' dir='ltr'>τῆς</span> <span class='ocrx_word' id='word_1_681' title='bbox 3233 4224 3495 4293; x_wconf 84' lang='grc' dir='ltr'>τοιαύτης</span> <span class='ocrx_word' id='word_1_682' title='bbox 3552 4222 3767 4284; x_wconf 80' lang='grc' dir='ltr'>ἐννοίας</span> 
     </span>
    </p>
   </div>
   <div class='ocr_carea' id='block_1_85' title="bbox 2109 4308 3764 4387">
    <p class='ocr_par' dir='ltr' id='par_1_85' title="bbox 2109 4308 3764 4387">
     <span class='ocr_line' id='line_1_85' title="bbox 2109 4308 3764 4387; baseline 0 -22"><span class='ocrx_word' id='word_1_683' title='bbox 2109 4311 2499 4387; x_wconf 82' lang='grc' dir='ltr'>εὐνουχίζοντα</span> <span class='ocrx_word' id='word_1_684' title='bbox 2564 4315 2718 4385; x_wconf 87' lang='grc'><strong>(99).</strong></span> <span class='ocrx_word' id='word_1_685' title='bbox 2780 4336 2808 4364; x_wconf 84' lang='grc'><strong>››</strong></span> <span class='ocrx_word' id='word_1_686' title='bbox 2877 4311 2979 4368; x_wconf 76' lang='grc' dir='ltr'>Καὶ</span> <span class='ocrx_word' id='word_1_687' title='bbox 3032 4308 3108 4367; x_wconf 80' lang='grc' dir='ltr'>ἔτι</span> <span class='ocrx_word' id='word_1_688' title='bbox 3165 4312 3638 4387; x_wconf 77' lang='grc' dir='ltr'>ἐπαγωνιζόμενος</span> <span class='ocrx_word' id='word_1_689' title='bbox 3693 4313 3764 4384; x_wconf 73' lang='grc' dir='ltr'>τῇ</span> 
     </span>
    </p>
   </div>
   <div class='ocr_carea' id='block_1_86' title="bbox 2109 4396 3769 4477">
    <p class='ocr_par' dir='ltr' id='par_1_86' title="bbox 2109 4396 3769 4477">
     <span class='ocr_line' id='line_1_86' title="bbox 2109 4396 3769 4477; baseline 0 -24"><span class='ocrx_word' id='word_1_690' title='bbox 2109 4397 2251 4471; x_wconf 77' lang='grc' dir='ltr'>ἀθέῳ</span> <span class='ocrx_word' id='word_1_691' title='bbox 2277 4396 2425 4474; x_wconf 79' lang='grc' dir='ltr'>δόξῃ,</span> <span class='ocrx_word' id='word_1_692' title='bbox 2447 4398 2711 4477; x_wconf 80' lang='grc' dir='ltr'>ἐπιφέρει·</span> <span class='ocrx_word' id='word_1_693' title='bbox 2762 4404 2940 4463; x_wconf 68' lang='grc' dir='ltr'>«Πῶς</span> <span class='ocrx_word' id='word_1_694' title='bbox 2973 4396 3031 4455; x_wconf 75' lang='grc' dir='ltr'>δὶ</span> <span class='ocrx_word' id='word_1_695' title='bbox 3088 4400 3191 4455; x_wconf 78' lang='grc' dir='ltr'>οὐκ</span> <span class='ocrx_word' id='word_1_696' title='bbox 3249 4398 3310 4453; x_wconf 80' lang='grc' dir='ltr'>ἃν</span> <span class='ocrx_word' id='word_1_697' title='bbox 3367 4399 3460 4453; x_wconf 84' lang='grc' dir='ltr'>καὶ</span> <span class='ocrx_word' id='word_1_698' title='bbox 3516 4397 3769 4474; x_wconf 81' lang='grc' dir='ltr'>εύλὸγως</span> 
     </span>
    </p>
   </div>
   <div class='ocr_carea' id='block_1_87' title="bbox 2104 4487 3768 4564">
    <p class='ocr_par' dir='ltr' id='par_1_87' title="bbox 2104 4487 3768 4564">
     <span class='ocr_line' id='line_1_87' title="bbox 2104 4487 3768 4564; baseline 0.001 -22"><span class='ocrx_word' id='word_1_699' title='bbox 2104 4508 2189 4550; x_wconf 87' lang='grc' dir='ltr'>τις</span> <span class='ocrx_word' id='word_1_700' title='bbox 2220 4488 2442 4561; x_wconf 82' lang='grc' dir='ltr'>αίτιῷτο</span> <span class='ocrx_word' id='word_1_701' title='bbox 2466 4488 2560 4544; x_wconf 84' lang='grc' dir='ltr'>τὸν</span> <span class='ocrx_word' id='word_1_702' title='bbox 2588 4495 2839 4564; x_wconf 86' lang='grc' dir='ltr'>Σωτῆρα,</span> <span class='ocrx_word' id='word_1_703' title='bbox 2874 4488 2922 4544; x_wconf 75' lang='grc' dir='ltr'>εἰ</span> <span class='ocrx_word' id='word_1_704' title='bbox 2958 4487 3292 4563; x_wconf 78' lang='grc' dir='ltr'>μετέπλασεν</span> <span class='ocrx_word' id='word_1_705' title='bbox 3323 4490 3493 4561; x_wconf 79' lang='grc' dir='ltr'>ἡμᾶς,</span> <span class='ocrx_word' id='word_1_706' title='bbox 3525 4488 3618 4543; x_wconf 83' lang='grc' dir='ltr'>καὶ</span> <span class='ocrx_word' id='word_1_707' title='bbox 3664 4493 3768 4557; x_wconf 78' lang='grc' dir='ltr'>τῆς</span> 
     </span>
    </p>
   </div>
   <div class='ocr_carea' id='block_1_88' title="bbox 2106 4575 3765 4653">
    <p class='ocr_par' dir='ltr' id='par_1_88' title="bbox 2106 4575 3765 4653">
     <span class='ocr_line' id='line_1_88' title="bbox 2106 4575 3765 4653; baseline -0.001 -21"><span class='ocrx_word' id='word_1_708' title='bbox 2106 4575 2319 4648; x_wconf 82' lang='grc' dir='ltr'>πλάνης</span> <span class='ocrx_word' id='word_1_709' title='bbox 2347 4577 2656 4651; x_wconf 79' lang='grc' dir='ltr'>ἀπήλλαξε,</span> <span class='ocrx_word' id='word_1_710' title='bbox 2688 4578 2780 4634; x_wconf 84' lang='grc' dir='ltr'>καὶ</span> <span class='ocrx_word' id='word_1_711' title='bbox 2808 4584 2911 4649; x_wconf 83' lang='grc' dir='ltr'>τῆς</span> <span class='ocrx_word' id='word_1_712' title='bbox 2939 4576 3226 4639; x_wconf 88' lang='grc' dir='ltr'>κοινωνίας</span> <span class='ocrx_word' id='word_1_713' title='bbox 3253 4581 3362 4631; x_wconf 82' lang='grc' dir='ltr'>τῶν</span> <span class='ocrx_word' id='word_1_714' title='bbox 3409 4576 3623 4653; x_wconf 88' lang='grc' dir='ltr'>μορίων</span> <span class='ocrx_word' id='word_1_715' title='bbox 3674 4577 3765 4631; x_wconf 76' lang='grc' dir='ltr'>καὶ</span> 
     </span>
    </p>
   </div>
   <div class='ocr_carea' id='block_1_89' title="bbox 2104 4664 3768 4741">
    <p class='ocr_par' dir='ltr' id='par_1_89' title="bbox 2104 4664 3768 4741">
     <span class='ocr_line' id='line_1_89' title="bbox 2104 4664 3768 4741; baseline 0.001 -21"><span class='ocrx_word' id='word_1_716' title='bbox 2104 4668 2496 4741; x_wconf 85' lang='grc' dir='ltr'>προσθεμάτων</span> <span class='ocrx_word' id='word_1_717' title='bbox 2524 4668 2612 4722; x_wconf 82' lang='grc' dir='ltr'>καὶ</span> <span class='ocrx_word' id='word_1_718' title='bbox 2648 4665 2872 4723; x_wconf 77' lang='grc' dir='ltr'>αἰδοίων</span> <span class='ocrx_word' id='word_1_719' title='bbox 2905 4687 2920 4736; x_wconf 89' lang='lat'><strong>;</strong></span> <span class='ocrx_word' id='word_1_720' title='bbox 2953 4692 2981 4721; x_wconf 85' lang='lat'><strong>»</strong></span> <span class='ocrx_word' id='word_1_721' title='bbox 3024 4668 3093 4723; x_wconf 75' lang='grc' dir='ltr'>τὰ</span> <span class='ocrx_word' id='word_1_722' title='bbox 3134 4664 3498 4741; x_wconf 79' lang='grc' dir='ltr'>παραπλήσια</span> <span class='ocrx_word' id='word_1_723' title='bbox 3526 4670 3609 4738; x_wconf 82' lang='grc' dir='ltr'>τῷ</span> <span class='ocrx_word' id='word_1_724' title='bbox 3661 4668 3768 4724; x_wconf 80' lang='grc' dir='ltr'>Τα-</span> 
     </span>
    </p>
   </div>
   <div class='ocr_carea' id='block_1_90' title="bbox 347 4752 1998 4832">
    <p class='ocr_par' dir='ltr' id='par_1_90' title="bbox 347 4756 1995 4829">
     <span class='ocr_line' id='line_1_90' title="bbox 347 4756 1995 4829; baseline -0.001 -17"><span class='ocrx_word' id='word_1_725' title='bbox 347 4757 919 4825; x_wconf 88' lang='lat' dir='ltr'>additamentorum,</span> <span class='ocrx_word' id='word_1_726' title='bbox 952 4763 1012 4812; x_wconf 91' lang='lat' dir='ltr'>et</span> <span class='ocrx_word' id='word_1_727' title='bbox 1040 4757 1455 4829; x_wconf 89' lang='lat' dir='ltr'>pudendorum</span> <span class='ocrx_word' id='word_1_728' title='bbox 1472 4756 1501 4813; x_wconf 82' lang='lat'><strong>?</strong></span> <span class='ocrx_word' id='word_1_729' title='bbox 1521 4778 1546 4806; x_wconf 75' lang='grc' dir='ltr'>η</span> <span class='ocrx_word' id='word_1_730' title='bbox 1572 4756 1633 4811; x_wconf 93' lang='lat' dir='ltr'>in</span> <span class='ocrx_word' id='word_1_731' title='bbox 1658 4756 1766 4811; x_wconf 91' lang='lat' dir='ltr'>hoc</span> <span class='ocrx_word' id='word_1_732' title='bbox 1790 4756 1995 4812; x_wconf 90' lang='lat' dir='ltr'>eadem</span> 
     </span>
    </p>
   </div>
   <div class='ocr_carea' id='block_1_91' title="bbox 2106 4752 3768 4832">
    <p class='ocr_par' dir='ltr' id='par_1_91' title="bbox 2106 4752 3768 4832">
     <span class='ocr_line' id='line_1_91' title="bbox 2106 4752 3768 4832; baseline 0.001 -23"><span class='ocrx_word' id='word_1_733' title='bbox 2106 4759 2272 4827; x_wconf 87' lang='grc' dir='ltr'>τιανῷ</span> <span class='ocrx_word' id='word_1_734' title='bbox 2299 4756 2437 4811; x_wconf 85' lang='grc' dir='ltr'>κατά</span> <span class='ocrx_word' id='word_1_735' title='bbox 2465 4760 2626 4811; x_wconf 78' lang='grc' dir='ltr'>τοῦτο</span> <span class='ocrx_word' id='word_1_736' title='bbox 2674 4754 3041 4832; x_wconf 83' lang='grc' dir='ltr'>δογματίζων·</span> <span class='ocrx_word' id='word_1_737' title='bbox 3071 4757 3100 4811; x_wconf 87' lang='grc' dir='ltr'><strong>ὁ</strong></span> <span class='ocrx_word' id='word_1_738' title='bbox 3131 4752 3179 4811; x_wconf 84' lang='grc' dir='ltr'>δ’</span> <span class='ocrx_word' id='word_1_739' title='bbox 3209 4754 3269 4810; x_wconf 86' lang='grc' dir='ltr'>ἐκ</span> <span class='ocrx_word' id='word_1_740' title='bbox 3313 4761 3416 4824; x_wconf 76' lang='grc' dir='ltr'>τῆς</span> <span class='ocrx_word' id='word_1_741' title='bbox 3465 4753 3768 4812; x_wconf 75' lang='grc' dir='ltr'>Οὐαλεντί-</span> 
     </span>
    </p>
   </div>
   <div class='ocr_carea' id='block_1_92' title="bbox 346 4843 1998 4923">
    <p class='ocr_par' dir='ltr' id='par_1_92' title="bbox 346 4844 1997 4917">
     <span class='ocr_line' id='line_1_92' title="bbox 346 4844 1997 4917; baseline 0 -17"><span class='ocrx_word' id='word_1_742' title='bbox 346 4844 676 4901; x_wconf 89' lang='lat' dir='ltr'>decernens</span> <span class='ocrx_word' id='word_1_743' title='bbox 733 4863 867 4901; x_wconf 91' lang='lat' dir='ltr'>cum</span> <span class='ocrx_word' id='word_1_744' title='bbox 925 4845 1216 4901; x_wconf 90' lang='lat' dir='ltr'>Tatiano:</span> <span class='ocrx_word' id='word_1_745' title='bbox 1276 4846 1372 4901; x_wconf 91' lang='lat' dir='ltr'>hic</span> <span class='ocrx_word' id='word_1_746' title='bbox 1420 4851 1622 4902; x_wconf 88' lang='lat' dir='ltr'>autem</span> <span class='ocrx_word' id='word_1_747' title='bbox 1671 4844 1892 4917; x_wconf 91' lang='lat' dir='ltr'>prodiit</span> <span class='ocrx_word' id='word_1_748' title='bbox 1929 4861 1997 4900; x_wconf 87' lang='lat' dir='ltr'>ex</span> 
     </span>
    </p>
   </div>
   <div class='ocr_carea' id='block_1_93' title="bbox 2106 4843 3774 4923">
    <p class='ocr_par' dir='ltr' id='par_1_93' title="bbox 2106 4843 3774 4923">
     <span class='ocr_line' id='line_1_93' title="bbox 2106 4843 3774 4923; baseline 0.001 -25"><span class='ocrx_word' id='word_1_749' title='bbox 2106 4865 2199 4899; x_wconf 90' lang='grc' dir='ltr'>νου</span> <span class='ocrx_word' id='word_1_750' title='bbox 2249 4843 2558 4923; x_wconf 78' lang='grc' dir='ltr'>ἐξεφοίτησε</span> <span class='ocrx_word' id='word_1_751' title='bbox 2616 4844 2854 4922; x_wconf 78' lang='grc' dir='ltr'>σχολῆς.</span> <span class='ocrx_word' id='word_1_752' title='bbox 2912 4846 3012 4900; x_wconf 77' lang='grc' dir='ltr'>Διὰ</span> <span class='ocrx_word' id='word_1_753' title='bbox 3067 4843 3230 4900; x_wconf 80' lang='grc' dir='ltr'>τοῦτό</span> <span class='ocrx_word' id='word_1_754' title='bbox 3286 4865 3372 4899; x_wconf 86' lang='grc' dir='ltr'>τοι</span> <span class='ocrx_word' id='word_1_755' title='bbox 3403 4844 3433 4899; x_wconf 90' lang='lat'>6</span> <span class='ocrx_word' id='word_1_756' title='bbox 3463 4844 3774 4909; x_wconf 78' lang='grc' dir='ltr'>Κασσιανός</span> 
     </span>
    </p>
   </div>
   <div class='ocr_carea' id='block_1_94' title="bbox 347 4932 1998 5010">
    <p class='ocr_par' dir='ltr' id='par_1_94' title="bbox 347 4934 1997 5007">
     <span class='ocr_line' id='line_1_94' title="bbox 347 4934 1997 5007; baseline 0.001 -19"><span class='ocrx_word' id='word_1_757' title='bbox 347 4934 552 4989; x_wconf 86' lang='lat' dir='ltr'>schola</span> <span class='ocrx_word' id='word_1_758' title='bbox 576 4934 894 4991; x_wconf 84' lang='lat' dir='ltr'>Valentini.</span> <span class='ocrx_word' id='word_1_759' title='bbox 920 4937 1236 5007; x_wconf 86' lang='lat' dir='ltr'>Propterea</span> <span class='ocrx_word' id='word_1_760' title='bbox 1259 4934 1404 4991; x_wconf 88' lang='lat' dir='ltr'>dicit</span> <span class='ocrx_word' id='word_1_761' title='bbox 1426 4934 1775 4991; x_wconf 89' lang='lat' dir='ltr'>Cassianus:</span> <span class='ocrx_word' id='word_1_762' title='bbox 1803 4956 1829 4985; x_wconf 86' lang='lat'>«</span> <span class='ocrx_word' id='word_1_763' title='bbox 1852 4934 1997 4989; x_wconf 89' lang='lat' dir='ltr'>Cum</span> 
     </span>
    </p>
   </div>
   <div class='ocr_carea' id='block_1_95' title="bbox 2106 4932 3774 5010">
    <p class='ocr_par' dir='ltr' id='par_1_95' title="bbox 2107 4932 3774 5010">
     <span class='ocr_line' id='line_1_95' title="bbox 2107 4932 3774 5010; baseline 0.001 -24"><span class='ocrx_word' id='word_1_764' title='bbox 2107 4953 2262 5010; x_wconf 77' lang='grc' dir='ltr'>φησι.</span> <span class='ocrx_word' id='word_1_765' title='bbox 2286 4958 2313 4986; x_wconf 92' lang='grc'>‹‹</span> <span class='ocrx_word' id='word_1_766' title='bbox 2331 4939 2571 4998; x_wconf 76' lang='grc' dir='ltr'>Πυνθανο</span> <span class='ocrx_word' id='word_1_767' title='bbox 2584 4935 2756 5007; x_wconf 84' lang='grc' dir='ltr'>μένης</span> <span class='ocrx_word' id='word_1_768' title='bbox 2771 4937 2849 5009; x_wconf 88' lang='grc'>(1)</span> <span class='ocrx_word' id='word_1_769' title='bbox 2864 4941 2931 5005; x_wconf 82' lang='grc' dir='ltr'>τῆ</span> <span class='ocrx_word' id='word_1_770' title='bbox 2946 4956 2970 4994; x_wconf 86' lang='grc' dir='ltr'>ς</span> <span class='ocrx_word' id='word_1_771' title='bbox 2985 4932 3290 5008; x_wconf 85' lang='grc' dir='ltr'>Σαλώμης,</span> <span class='ocrx_word' id='word_1_772' title='bbox 3304 4932 3439 4988; x_wconf 86' lang='grc' dir='ltr'>πότε</span> <span class='ocrx_word' id='word_1_773' title='bbox 3449 4936 3774 5009; x_wconf 76' lang='grc' dir='ltr'>γνωσθήσε-</span> 
     </span>
    </p>
   </div>
   <div class='ocr_carea' id='block_1_96' title="bbox 425 5057 1998 5134">
    <p class='ocr_par' dir='ltr' id='par_1_96' title="bbox 425 5057 1998 5134">
     <span class='ocr_line' id='line_1_96' title="bbox 425 5057 1998 5134; baseline 0.002 -23"><span class='ocrx_word' id='word_1_774' title='bbox 425 5057 646 5134; x_wconf 64' lang='lat' dir='ltr'>(g)_l_s_a.</span> <span class='ocrx_word' id='word_1_775' title='bbox 678 5062 816 5134; x_wconf 44' lang='grc' dir='ltr'>με).</span> <span class='ocrx_word' id='word_1_776' title='bbox 846 5060 925 5134; x_wconf 65' lang='grc' dir='ltr'>(ο)</span> <span class='ocrx_word' id='word_1_777' title='bbox 956 5060 1150 5134; x_wconf 60' lang='lat' dir='ltr'>I_&quot;l_‘im.</span> <span class='ocrx_word' id='word_1_778' title='bbox 1183 5078 1235 5123; x_wconf 82' lang='lat' dir='ltr'>v,</span> <span class='ocrx_word' id='word_1_779' title='bbox 1262 5063 1358 5134; x_wconf 50' lang='grc'><strong>14,</strong></span> <span class='ocrx_word' id='word_1_780' title='bbox 1392 5064 1476 5117; x_wconf 83' lang='grc'><strong>15.</strong></span> <span class='ocrx_word' id='word_1_781' title='bbox 1530 5062 1598 5131; x_wconf 89' lang='lat' dir='ltr'>(c)</span> <span class='ocrx_word' id='word_1_782' title='bbox 1631 5060 1651 5115; x_wconf 91' lang='grc' dir='ltr'>Ι</span> <span class='ocrx_word' id='word_1_783' title='bbox 1683 5060 1828 5117; x_wconf 91' lang='lat' dir='ltr'>Tim.</span> <span class='ocrx_word' id='word_1_784' title='bbox 1863 5077 1926 5132; x_wconf 78' lang='grc' dir='ltr'>ιι,</span> <span class='ocrx_word' id='word_1_785' title='bbox 1984 5063 1998 5114; x_wconf 70' lang='grc'><strong><em>4</em></strong></span> 
     </span>
    </p>
   </div>
   <div class='ocr_carea' id='block_1_97' title="bbox 2106 5057 3772 5134">
    <p class='ocr_par' dir='ltr' id='par_1_97' title="bbox 2126 5060 3772 5134">
     <span class='ocr_line' id='line_1_97' title="bbox 2126 5060 3772 5134; baseline 0.001 -19"><span class='ocrx_word' id='word_1_786' title='bbox 2126 5060 2205 5132; x_wconf 88' lang='lat' dir='ltr'>(d)</span> <span class='ocrx_word' id='word_1_787' title='bbox 2242 5062 2376 5119; x_wconf 89' lang='lat' dir='ltr'>Luc.</span> <span class='ocrx_word' id='word_1_788' title='bbox 2432 5079 2545 5133; x_wconf 78' lang='lat' dir='ltr'>xiv,</span> <span class='ocrx_word' id='word_1_789' title='bbox 2604 5064 2693 5119; x_wconf 85' lang='lat'>20.</span> <span class='ocrx_word' id='word_1_790' title='bbox 2754 5063 2817 5134; x_wconf 80' lang='grc' dir='ltr'>(ε)</span> <span class='ocrx_word' id='word_1_791' title='bbox 2878 5061 3033 5119; x_wconf 88' lang='lat' dir='ltr'>Psal.</span> <span class='ocrx_word' id='word_1_792' title='bbox 3084 5079 3157 5131; x_wconf 81' lang='lat' dir='ltr'>Vl,</span> <span class='ocrx_word' id='word_1_793' title='bbox 3190 5062 3331 5126; x_wconf 76' lang='lat' dir='ltr'>8.&#39;X‘</span> <span class='ocrx_word' id='word_1_794' title='bbox 3368 5063 3431 5117; x_wconf 88' lang='lat' dir='ltr'>P.</span> <span class='ocrx_word' id='word_1_795' title='bbox 3489 5062 3599 5117; x_wconf 83' lang='lat'>553</span> <span class='ocrx_word' id='word_1_796' title='bbox 3656 5062 3772 5118; x_wconf 80' lang='lat' dir='ltr'>EI).</span> 
     </span>
    </p>
   </div>
   <div class='ocr_carea' id='block_1_98' title="bbox 348 5127 1802 5202">
    <p class='ocr_par' dir='ltr' id='par_1_98' title="bbox 348 5127 1802 5202">
     <span class='ocr_line' id='line_1_98' title="bbox 348 5127 1802 5202; baseline 0.005 -21"><span class='ocrx_word' id='word_1_797' title='bbox 348 5127 644 5194; x_wconf 80' lang='lat' dir='ltr'>POTTER,</span> <span class='ocrx_word' id='word_1_798' title='bbox 676 5130 800 5195; x_wconf 80' lang='grc'>465,</span> <span class='ocrx_word' id='word_1_799' title='bbox 833 5127 935 5184; x_wconf 77' lang='grc'>466</span> <span class='ocrx_word' id='word_1_800' title='bbox 971 5131 1080 5185; x_wconf 85' lang='lat' dir='ltr'>ED.</span> <span class='ocrx_word' id='word_1_801' title='bbox 1113 5127 1350 5189; x_wconf 79' lang='lat' dir='ltr'>PARIS.</span> <span class='ocrx_word' id='word_1_802' title='bbox 1375 5127 1718 5202; x_wconf 38' lang='lat' dir='ltr'>(f)Isa.&#39;Lv1,</span> <span class='ocrx_word' id='word_1_803' title='bbox 1750 5135 1802 5188; x_wconf 83' lang='lat'>3.</span> 
     </span>
    </p>
   </div>
   <div class='ocr_carea' id='block_1_99' title="bbox 421 5250 1997 5331">
    <p class='ocr_par' dir='ltr' id='par_1_99' title="bbox 421 5250 1997 5331">
     <span class='ocr_line' id='line_1_99' title="bbox 421 5250 1997 5331; baseline 0.001 -24"><span class='ocrx_word' id='word_1_804' title='bbox 573 5250 1101 5331; x_wconf 42' lang='grc' dir='ltr'>-ᾊποδεδειγμέναι,</span> <span class='ocrx_word' id='word_1_805' title='bbox 1150 5257 1240 5331; x_wconf 78' lang='lat' dir='ltr'>vel</span> <span class='ocrx_word' id='word_1_806' title='bbox 1295 5258 1492 5327; x_wconf 79' lang='lat' dir='ltr'>potius</span> <span class='ocrx_word' id='word_1_807' title='bbox 1530 5252 1997 5331; x_wconf 78' lang='grc' dir='ltr'>ἀποδεδεγμέναι,</span> 
     </span>
    </p>
   </div>
   <div class='ocr_carea' id='block_1_100' title="bbox 2112 5257 3771 5332">
    <p class='ocr_par' dir='ltr' id='par_1_100' title="bbox 2112 5257 3771 5332">
     <span class='ocr_line' id='line_1_100' title="bbox 2112 5257 3771 5332; baseline 0.004 -23"><span class='ocrx_word' id='word_1_808' title='bbox 2112 5260 2290 5332; x_wconf 80' lang='grc' dir='ltr'>ζοντα.</span> <span class='ocrx_word' id='word_1_809' title='bbox 2323 5257 2464 5332; x_wconf 67' lang='lat' dir='ltr'>Yide</span> <span class='ocrx_word' id='word_1_810' title='bbox 2523 5258 2811 5332; x_wconf 11' lang='lat' dir='ltr'>similem,</span> <span class='ocrx_word' id='word_1_811' title='bbox 2839 5260 3084 5332; x_wconf 80' lang='lat' dir='ltr'>phrasin</span> <span class='ocrx_word' id='word_1_812' title='bbox 3130 5277 3187 5332; x_wconf 14' lang='lat' dir='ltr'>p7.</span> <span class='ocrx_word' id='word_1_813' title='bbox 3220 5262 3315 5316; x_wconf 77' lang='grc'>451</span> <span class='ocrx_word' id='word_1_814' title='bbox 3378 5262 3517 5317; x_wconf 89' lang='lat' dir='ltr'>edit.</span> <span class='ocrx_word' id='word_1_815' title='bbox 3552 5260 3771 5326; x_wconf 83' lang='lat' dir='ltr'>Paris.,</span> 
     </span>
    </p>
   </div>
   <div class='ocr_carea' id='block_1_101' title="bbox 352 5322 1998 5408">
    <p class='ocr_par' dir='ltr' id='par_1_101' title="bbox 352 5322 1994 5408">
     <span class='ocr_line' id='line_1_101' title="bbox 352 5322 1994 5408; baseline -0.001 -25"><span class='ocrx_word' id='word_1_816' title='bbox 352 5322 807 5408; x_wconf 30' lang='lat' dir='ltr'>ab‘ézroﬁxopai</span> <span class='ocrx_word' id='word_1_817' title='bbox 844 5350 858 5390; x_wconf 83' lang='lat'><strong>;</strong></span> <span class='ocrx_word' id='word_1_818' title='bbox 879 5322 1446 5408; x_wconf 40' lang='lat' dir='ltr'>superius-pag.</span> <span class='ocrx_word' id='word_1_819' title='bbox 1481 5330 1605 5382; x_wconf 80' lang='grc'>546.</span> <span class='ocrx_word' id='word_1_820' title='bbox 1892 5398 1914 5408; x_wconf 43' lang='grc' dir='ltr'><strong>Α</strong></span> <span class='ocrx_word' id='word_1_821' title='bbox 1984 5322 1994 5329; x_wconf 62' lang='grc'><em>⁷</em></span> 
     </span>
    </p>
   </div>
   <div class='ocr_carea' id='block_1_102' title="bbox 2106 5322 2813 5408">
    <p class='ocr_par' dir='ltr' id='par_1_102' title="bbox 2111 5322 2813 5408">
     <span class='ocr_line' id='line_1_102' title="bbox 2111 5322 2813 5408; baseline 0.001 -26"><span class='ocrx_word' id='word_1_822' title='bbox 2111 5322 2332 5408; x_wconf 74' lang='grc' dir='ltr'>εὐνουχί</span> <span class='ocrx_word' id='word_1_823' title='bbox 2343 5332 2503 5396; x_wconf 86' lang='grc' dir='ltr'>ζοντα</span> <span class='ocrx_word' id='word_1_824' title='bbox 2523 5328 2709 5408; x_wconf 73' lang='grc' dir='ltr'>ἑαυτὸν</span> <span class='ocrx_word' id='word_1_825' title='bbox 2743 5331 2813 5383; x_wconf 74' lang='grc' dir='ltr'>πά</span> 
     </span>
    </p>
   </div>
   <div class='ocr_carea' id='block_1_103' title="bbox 2111 5328 3541 5402">
    <p class='ocr_par' dir='ltr' id='par_1_103' title="bbox 2111 5328 3541 5402">
     <span class='ocr_line' id='line_1_103' title="bbox 2111 5328 3541 5402; baseline 0.003 -20"><span class='ocrx_word' id='word_1_826' title='bbox 2111 5328 2503 5402; x_wconf 73' lang='grc' dir='ltr'>εύνουχίζοντα</span> <span class='ocrx_word' id='word_1_827' title='bbox 2523 5328 2709 5383; x_wconf 73' lang='grc' dir='ltr'>ἑαυτὸν</span> <span class='ocrx_word' id='word_1_828' title='bbox 2743 5328 2920 5400; x_wconf 69' lang='grc' dir='ltr'>πάσης</span> <span class='ocrx_word' id='word_1_829' title='bbox 2951 5328 3268 5400; x_wconf 77' lang='grc' dir='ltr'>ἐπιθυμίας.</span> <span class='ocrx_word' id='word_1_830' title='bbox 3315 5334 3541 5389; x_wconf 77' lang='lat' dir='ltr'>LOWTB.</span> 
     </span>
    </p>
   </div>
   <div class='ocr_carea' id='block_1_104' title="bbox 423 5396 1998 5480">
    <p class='ocr_par' dir='ltr' id='par_1_104' title="bbox 423 5396 1998 5480">
     <span class='ocr_line' id='line_1_104' title="bbox 423 5396 1998 5480; baseline -0.001 -28"><span class='ocrx_word' id='word_1_831' title='bbox 423 5400 534 5468; x_wconf 80' lang='lat'>(97)</span> <span class='ocrx_word' id='word_1_832' title='bbox 569 5396 1264 5480; x_wconf 50' lang='grc' dir='ltr'>Συγκεχωρῇσθαιξηῐῗιον.</span> <span class='ocrx_word' id='word_1_833' title='bbox 1320 5396 1489 5465; x_wconf 80' lang='lat' dir='ltr'>edit.,</span> <span class='ocrx_word' id='word_1_834' title='bbox 1543 5396 1998 5471; x_wconf 66' lang='grc' dir='ltr'>συγκεχωρίσθαι,</span> 
     </span>
    </p>
   </div>
   <div class='ocr_carea' id='block_1_105' title="bbox 2106 5396 3772 5480">
    <p class='ocr_par' dir='ltr' id='par_1_105' title="bbox 2182 5396 3772 5480">
     <span class='ocr_line' id='line_1_105' title="bbox 2182 5396 3772 5480; baseline 0.003 -26"><span class='ocrx_word' id='word_1_835' title='bbox 2182 5396 3050 5480; x_wconf 24' lang='lat' dir='ltr'>(ifiiuvaavouévpcaClemens</span> <span class='ocrx_word' id='word_1_836' title='bbox 3092 5396 3417 5480; x_wconf 56' lang='lat' dir='ltr'>Romanus</span> <span class='ocrx_word' id='word_1_837' title='bbox 3440 5404 3553 5461; x_wconf 90' lang='lat' dir='ltr'>sub</span> <span class='ocrx_word' id='word_1_838' title='bbox 3590 5404 3772 5480; x_wconf 79' lang='lat' dir='ltr'>ﬁnem</span> 
     </span>
    </p>
   </div>
   <div class='ocr_carea' id='block_1_106' title="bbox 354 5468 3771 5548">
    <p class='ocr_par' dir='ltr' id='par_1_106' title="bbox 354 5468 3771 5548">
     <span class='ocr_line' id='line_1_106' title="bbox 354 5468 3771 5548; baseline 0.001 -24"><span class='ocrx_word' id='word_1_839' title='bbox 354 5486 554 5548; x_wconf 73' lang='lat' dir='ltr'>errore</span> <span class='ocrx_word' id='word_1_840' title='bbox 571 5468 729 5548; x_wconf 71' lang='lat' dir='ltr'>satis</span> <span class='ocrx_word' id='word_1_841' title='bbox 752 5468 1051 5548; x_wconf 38' lang='lat' dir='ltr'>evidenti.</span> <span class='ocrx_word' id='word_1_842' title='bbox 1088 5468 1357 5548; x_wconf 64' lang='lat' dir='ltr'>srLBunc.</span> <span class='ocrx_word' id='word_1_843' title='bbox 1623 5468 1631 5470; x_wconf 54' lang='grc'><strong><em>⁷</em></strong></span> <span class='ocrx_word' id='word_1_844' title='bbox 1712 5468 1748 5471; x_wconf 67' lang='grc'>“’</span> <span class='ocrx_word' id='word_1_845' title='bbox 1803 5468 1811 5471; x_wconf 66' lang='grc'>⁷</span> <span class='ocrx_word' id='word_1_846' title='bbox 2113 5468 2484 5548; x_wconf 67' lang='lat' dir='ltr'>pesterioris</span> <span class='ocrx_word' id='word_1_847' title='bbox 2511 5468 2592 5548; x_wconf 82' lang='lat' dir='ltr'>ad</span> <span class='ocrx_word' id='word_1_848' title='bbox 2620 5474 2959 5548; x_wconf 80' lang='lat' dir='ltr'>Corinthios</span> <span class='ocrx_word' id='word_1_849' title='bbox 3010 5474 3289 5548; x_wconf 56' lang='lat' dir='ltr'>Epistolas</span> <span class='ocrx_word' id='word_1_850' title='bbox 3315 5492 3329 5529; x_wconf 91' lang='lat'>:</span> <span class='ocrx_word' id='word_1_851' title='bbox 3359 5475 3638 5548; x_wconf 49' lang='lat' dir='ltr'>’Encgwp</span> <span class='ocrx_word' id='word_1_852' title='bbox 3661 5473 3771 5548; x_wconf 60' lang='grc' dir='ltr'>θεὶς</span> 
     </span>
    </p>
   </div>
   <div class='ocr_carea' id='block_1_107' title="bbox 427 5538 3773 5618">
    <p class='ocr_par' dir='ltr' id='par_1_107' title="bbox 427 5538 3773 5618">
     <span class='ocr_line' id='line_1_107' title="bbox 427 5538 3773 5618; baseline 0 -20"><span class='ocrx_word' id='word_1_853' title='bbox 570 5543 867 5618; x_wconf 80' lang='grc' dir='ltr'>Ἀκαρπον,</span> <span class='ocrx_word' id='word_1_854' title='bbox 898 5538 1108 5618; x_wconf 79' lang='grc' dir='ltr'>Ξηρόν,</span> <span class='ocrx_word' id='word_1_855' title='bbox 1142 5542 1257 5618; x_wconf 84' lang='lat' dir='ltr'>Isa._</span> <span class='ocrx_word' id='word_1_856' title='bbox 1456 5606 1471 5618; x_wconf 49' lang='lat'><em>.</em></span> <span class='ocrx_word' id='word_1_857' title='bbox 1582 5606 1594 5618; x_wconf 46' lang='lat'><strong><em>.</em></strong></span> <span class='ocrx_word' id='word_1_858' title='bbox 1787 5608 1801 5618; x_wconf 84' lang='lat'><strong><em>_</em></strong></span> <span class='ocrx_word' id='word_1_859' title='bbox 1964 5611 1975 5618; x_wconf 82' lang='lat'><em>_</em></span> <span class='ocrx_word' id='word_1_860' title='bbox 2111 5538 2217 5618; x_wconf 69' lang='grc' dir='ltr'>γὰρ</span> <span class='ocrx_word' id='word_1_861' title='bbox 2249 5541 2492 5618; x_wconf 23' lang='grc' dir='ltr'>Δοιῷτὸςᾼὸ</span> <span class='ocrx_word' id='word_1_862' title='bbox 2522 5543 2723 5618; x_wconf 74' lang='grc' dir='ltr'>Κύριος</span> <span class='ocrx_word' id='word_1_863' title='bbox 2784 5544 2889 5618; x_wconf 73' lang='grc' dir='ltr'>ὑπό</span> <span class='ocrx_word' id='word_1_864' title='bbox 2944 5538 3125 5618; x_wconf 68' lang='grc' dir='ltr'>τινος,</span> <span class='ocrx_word' id='word_1_865' title='bbox 3156 5544 3311 5618; x_wconf 66' lang='grc' dir='ltr'>Δπότε</span> <span class='ocrx_word' id='word_1_866' title='bbox 3360 5538 3505 5618; x_wconf 38' lang='grc' dir='ltr'>ἥξειί</span> <span class='ocrx_word' id='word_1_867' title='bbox 3538 5544 3773 5618; x_wconf 14' lang='grc' dir='ltr'>αὐτοξιᾷὴ</span> 
     </span>
    </p>
   </div>
   <div class='ocr_carea' id='block_1_108' title="bbox 428 5563 3774 5691">
    <p class='ocr_par' dir='ltr' id='par_1_108' title="bbox 428 5563 3774 5691">
     <span class='ocr_line' id='line_1_108' title="bbox 428 5563 3773 5618; baseline 0 -21"><span class='ocrx_word' id='word_1_868' title='bbox 428 5563 539 5613; x_wconf 60' lang='grc' dir='ltr'>(νδ)</span> <span class='ocrx_word' id='word_1_869' title='bbox 592 5563 867 5618; x_wconf 75' lang='grc' dir='ltr'>Ακαρπον,</span> <span class='ocrx_word' id='word_1_870' title='bbox 898 5563 1108 5613; x_wconf 63' lang='grc' dir='ltr'>ειηρον,</span> <span class='ocrx_word' id='word_1_871' title='bbox 1142 5563 1251 5596; x_wconf 74' lang='lat' dir='ltr'>isa.</span> <span class='ocrx_word' id='word_1_872' title='bbox 2153 5563 2217 5618; x_wconf 90' lang='grc' dir='ltr'>αρ</span> <span class='ocrx_word' id='word_1_873' title='bbox 2277 5563 2492 5606; x_wconf 86' lang='grc' dir='ltr'>αυτοςο</span> <span class='ocrx_word' id='word_1_874' title='bbox 2524 5563 2723 5617; x_wconf 67' lang='grc' dir='ltr'>ιιυριος</span> <span class='ocrx_word' id='word_1_875' title='bbox 2784 5563 2889 5599; x_wconf 69' lang='lat' dir='ltr'>ouo</span> <span class='ocrx_word' id='word_1_876' title='bbox 2944 5565 3118 5614; x_wconf 84' lang='grc' dir='ltr'>τινος,</span> <span class='ocrx_word' id='word_1_877' title='bbox 3178 5563 3311 5600; x_wconf 85' lang='grc' dir='ltr'>ποτε</span> <span class='ocrx_word' id='word_1_878' title='bbox 3360 5563 3479 5616; x_wconf 60' lang='lat' dir='ltr'>me:</span> <span class='ocrx_word' id='word_1_879' title='bbox 3538 5563 3773 5614; x_wconf 81' lang='grc' dir='ltr'>αυτουη</span> 
     </span>
     <span class='ocr_line' id='line_1_109' title="bbox 428 5563 3774 5691; baseline 0.001 -23"><span class='ocrx_word' id='word_1_880' title='bbox 428 5615 539 5685; x_wconf 83' lang='lat'>(99)</span> <span class='ocrx_word' id='word_1_881' title='bbox 602 5614 822 5673; x_wconf 86' lang='grc' dir='ltr'>Ἑαυτὸν</span> <span class='ocrx_word' id='word_1_882' title='bbox 916 5617 1017 5681; x_wconf 84' lang='grc' dir='ltr'>τῆς</span> <span class='ocrx_word' id='word_1_883' title='bbox 1099 5610 1363 5682; x_wconf 88' lang='grc' dir='ltr'>τοιαύτης</span> <span class='ocrx_word' id='word_1_884' title='bbox 1451 5606 1660 5671; x_wconf 80' lang='grc' dir='ltr'>ἐννοίας</span> <span class='ocrx_word' id='word_1_885' title='bbox 1753 5608 2003 5689; x_wconf 78' lang='grc' dir='ltr'>εὖνουχί-</span> <span class='ocrx_word' id='word_1_886' title='bbox 2111 5563 2388 5691; x_wconf 51' lang='lat' dir='ltr'>Emathia,</span> <span class='ocrx_word' id='word_1_887' title='bbox 2420 5615 2588 5670; x_wconf 75' lang='grc' dir='ltr'>εἶπεν·</span> <span class='ocrx_word' id='word_1_888' title='bbox 2620 5616 2785 5674; x_wconf 84' lang='grc' dir='ltr'>Ὀταν</span> <span class='ocrx_word' id='word_1_889' title='bbox 2813 5614 2960 5671; x_wconf 86' lang='grc' dir='ltr'>ἔσται</span> <span class='ocrx_word' id='word_1_890' title='bbox 2989 5617 3058 5672; x_wconf 83' lang='grc' dir='ltr'>τὰ</span> <span class='ocrx_word' id='word_1_891' title='bbox 3108 5614 3226 5687; x_wconf 85' lang='grc' dir='ltr'>δύο,</span> <span class='ocrx_word' id='word_1_892' title='bbox 3281 5610 3359 5690; x_wconf 78' lang='grc' dir='ltr'>ἔν,</span> <span class='ocrx_word' id='word_1_893' title='bbox 3405 5615 3500 5673; x_wconf 82' lang='grc' dir='ltr'>καὶ</span> <span class='ocrx_word' id='word_1_894' title='bbox 3557 5617 3621 5672; x_wconf 84' lang='grc' dir='ltr'>τὸ</span> <span class='ocrx_word' id='word_1_895' title='bbox 3673 5609 3774 5687; x_wconf 79' lang='grc' dir='ltr'>ἔξω</span> 
     </span>
    </p>
   </div>
  </div>
