  <div class='ocr_page' id='page_1' title='image "/cluster/home/n/w/nwhite01/storage/ocr_20150623/8/hvd.32044073501298/600.png"; bbox 0 0 4048 6186; ppageno 0'>
   <div class='ocr_carea' id='block_1_1' title="bbox 269 315 411 370">
    <p class='ocr_par' dir='ltr' id='par_1_1' title="bbox 269 315 411 370">
     <span class='ocr_line' id='line_1_1' title="bbox 269 315 411 370; baseline -0.007 0"><span class='ocrx_word' id='word_1_1' title='bbox 269 315 411 370; x_wconf 84' lang='grc'><strong>1198</strong></span> 
     </span>
    </p>
   </div>
   <div class='ocr_carea' id='block_1_2' title="bbox 1601 321 2358 379">
    <p class='ocr_par' dir='ltr' id='par_1_2' title="bbox 1601 321 2358 379">
     <span class='ocr_line' id='line_1_2' title="bbox 1601 321 2358 379; baseline 0.004 -5"><span class='ocrx_word' id='word_1_2' title='bbox 1601 321 2048 378; x_wconf 76' lang='lat' dir='ltr'>STROMATUM</span> <span class='ocrx_word' id='word_1_3' title='bbox 2083 325 2217 379; x_wconf 81' lang='lat' dir='ltr'>LIB.</span> <span class='ocrx_word' id='word_1_4' title='bbox 2260 324 2358 378; x_wconf 91' lang='grc' dir='ltr'>ῙΠ.</span> 
     </span>
    </p>
   </div>
   <div class='ocr_carea' id='block_1_3' title="bbox 3554 330 3692 385">
    <p class='ocr_par' dir='ltr' id='par_1_3' title="bbox 3554 330 3692 385">
     <span class='ocr_line' id='line_1_3' title="bbox 3554 330 3692 385; baseline 0 -1"><span class='ocrx_word' id='word_1_5' title='bbox 3554 330 3692 385; x_wconf 76' lang='grc'><strong>1194</strong></span> 
     </span>
    </p>
   </div>
   <div class='ocr_carea' id='block_1_4' title="bbox 247 435 1899 524">
    <p class='ocr_par' dir='ltr' id='par_1_4' title="bbox 247 435 1899 516">
     <span class='ocr_line' id='line_1_4' title="bbox 247 435 1899 516; baseline 0.001 -22"><span class='ocrx_word' id='word_1_6' title='bbox 247 482 278 493; x_wconf 84' lang='grc'>..</span> <span class='ocrx_word' id='word_1_7' title='bbox 309 440 460 494; x_wconf 86' lang='grc' dir='ltr'>αιτὰ</span> <span class='ocrx_word' id='word_1_8' title='bbox 513 437 640 512; x_wconf 81' lang='grc' dir='ltr'>περὶ</span> <span class='ocrx_word' id='word_1_9' title='bbox 680 439 753 493; x_wconf 80' lang='grc' dir='ltr'>ὧν</span> <span class='ocrx_word' id='word_1_10' title='bbox 785 436 973 513; x_wconf 78' lang='grc' dir='ltr'>ἤρετο,</span> <span class='ocrx_word' id='word_1_11' title='bbox 1031 435 1134 516; x_wconf 77' lang='grc' dir='ltr'>ἔφη</span> <span class='ocrx_word' id='word_1_12' title='bbox 1169 440 1196 493; x_wconf 99' lang='lat'>6</span> <span class='ocrx_word' id='word_1_13' title='bbox 1240 438 1464 514; x_wconf 79' lang='grc' dir='ltr'>Κύριος·</span> <span class='ocrx_word' id='word_1_14' title='bbox 1524 442 1689 498; x_wconf 92' lang='grc' dir='ltr'>’Όταν</span> <span class='ocrx_word' id='word_1_15' title='bbox 1747 441 1810 496; x_wconf 84' lang='grc' dir='ltr'>τὸ</span> <span class='ocrx_word' id='word_1_16' title='bbox 1837 447 1899 511; x_wconf 80' lang='grc' dir='ltr'>τῆ</span> 
     </span>
    </p>
   </div>
   <div class='ocr_carea' id='block_1_5' title="bbox 2020 435 3690 524">
    <p class='ocr_par' dir='ltr' id='par_1_5' title="bbox 2051 447 3690 524">
     <span class='ocr_line' id='line_1_5' title="bbox 2051 447 3690 524; baseline 0.005 -23"><span class='ocrx_word' id='word_1_17' title='bbox 2051 447 2442 518; x_wconf 75' lang='lat' dir='ltr'>interrogaret</span> <span class='ocrx_word' id='word_1_18' title='bbox 2497 448 2751 516; x_wconf 90' lang='lat' dir='ltr'>Salome,</span> <span class='ocrx_word' id='word_1_19' title='bbox 2784 450 3020 520; x_wconf 82' lang='lat' dir='ltr'>quando</span> <span class='ocrx_word' id='word_1_20' title='bbox 3046 456 3478 524; x_wconf 79' lang='lat' dir='ltr'>cognoscentur</span> <span class='ocrx_word' id='word_1_21' title='bbox 3495 469 3584 522; x_wconf 89' lang='lat' dir='ltr'>ea,</span> <span class='ocrx_word' id='word_1_22' title='bbox 3617 454 3690 510; x_wconf 92' lang='lat' dir='ltr'>de</span> 
     </span>
    </p>
   </div>
   <div class='ocr_carea' id='block_1_6' title="bbox 263 524 1930 604">
    <p class='ocr_par' dir='ltr' id='par_1_6' title="bbox 263 524 1930 604">
     <span class='ocr_line' id='line_1_6' title="bbox 263 524 1930 604; baseline 0.001 -20"><span class='ocrx_word' id='word_1_23' title='bbox 263 528 540 604; x_wconf 66' lang='grc' dir='ltr'>αἰσχύνης</span> <span class='ocrx_word' id='word_1_24' title='bbox 572 524 776 600; x_wconf 81' lang='grc' dir='ltr'>ἔνδυμα</span> <span class='ocrx_word' id='word_1_25' title='bbox 807 529 1110 597; x_wconf 69' lang='grc' dir='ltr'>πατήσητε,</span> <span class='ocrx_word' id='word_1_26' title='bbox 1143 528 1231 582; x_wconf 85' lang='grc' dir='ltr'>καὶ</span> <span class='ocrx_word' id='word_1_27' title='bbox 1282 528 1408 583; x_wconf 85' lang='grc' dir='ltr'>ὅταν</span> <span class='ocrx_word' id='word_1_28' title='bbox 1461 529 1682 602; x_wconf 75' lang='grc' dir='ltr'>γένηται</span> <span class='ocrx_word' id='word_1_29' title='bbox 1738 531 1805 585; x_wconf 81' lang='grc' dir='ltr'>τὰ</span> <span class='ocrx_word' id='word_1_30' title='bbox 1835 529 1930 585; x_wconf 71' lang='grc' dir='ltr'>δύο</span> 
     </span>
    </p>
   </div>
   <div class='ocr_carea' id='block_1_7' title="bbox 256 615 1930 694">
    <p class='ocr_par' dir='ltr' id='par_1_7' title="bbox 256 615 1930 694">
     <span class='ocr_line' id='line_1_7' title="bbox 256 615 1930 694; baseline 0.001 -21"><span class='ocrx_word' id='word_1_31' title='bbox 256 640 342 688; x_wconf 83' lang='grc' dir='ltr'>εν,</span> <span class='ocrx_word' id='word_1_32' title='bbox 368 617 463 672; x_wconf 81' lang='grc' dir='ltr'>καὶ</span> <span class='ocrx_word' id='word_1_33' title='bbox 492 618 556 672; x_wconf 88' lang='grc' dir='ltr'>τὸ</span> <span class='ocrx_word' id='word_1_34' title='bbox 599 615 758 692; x_wconf 72' lang='grc' dir='ltr'>ἅῤῥεν</span> <span class='ocrx_word' id='word_1_35' title='bbox 792 619 929 690; x_wconf 86' lang='grc' dir='ltr'>μετὰ</span> <span class='ocrx_word' id='word_1_36' title='bbox 969 621 1070 682; x_wconf 77' lang='grc' dir='ltr'>τῆς</span> <span class='ocrx_word' id='word_1_37' title='bbox 1131 616 1379 687; x_wconf 77' lang='grc' dir='ltr'>θηλείας,</span> <span class='ocrx_word' id='word_1_38' title='bbox 1414 618 1536 673; x_wconf 78' lang='grc' dir='ltr'>οὕτε</span> <span class='ocrx_word' id='word_1_39' title='bbox 1591 617 1746 694; x_wconf 68' lang='grc' dir='ltr'>ἄρρεν</span> <span class='ocrx_word' id='word_1_40' title='bbox 1807 619 1930 674; x_wconf 80' lang='grc' dir='ltr'>οὕτε</span> 
     </span>
    </p>
   </div>
   <div class='ocr_carea' id='block_1_8' title="bbox 266 704 1931 782">
    <p class='ocr_par' dir='ltr' id='par_1_8' title="bbox 266 704 1931 782">
     <span class='ocr_line' id='line_1_8' title="bbox 266 704 1931 782; baseline 0 -22"><span class='ocrx_word' id='word_1_41' title='bbox 266 706 434 777; x_wconf 83' lang='grc' dir='ltr'>θῆλυ.</span> <span class='ocrx_word' id='word_1_42' title='bbox 503 731 530 757; x_wconf 90' lang='grc'><strong>››</strong></span> <span class='ocrx_word' id='word_1_43' title='bbox 593 710 817 780; x_wconf 79' lang='grc' dir='ltr'>Πρῶτον</span> <span class='ocrx_word' id='word_1_44' title='bbox 881 706 977 778; x_wconf 74' lang='grc' dir='ltr'>μὲν</span> <span class='ocrx_word' id='word_1_45' title='bbox 1037 707 1128 760; x_wconf 76' lang='grc' dir='ltr'>οὖν</span> <span class='ocrx_word' id='word_1_46' title='bbox 1188 704 1240 760; x_wconf 86' lang='grc' dir='ltr'>ἐν</span> <span class='ocrx_word' id='word_1_47' title='bbox 1297 711 1416 770; x_wconf 82' lang='grc' dir='ltr'>τοῖς</span> <span class='ocrx_word' id='word_1_48' title='bbox 1470 705 1931 782; x_wconf 76' lang='grc' dir='ltr'>παραδιδομένοις</span> 
     </span>
    </p>
   </div>
   <div class='ocr_carea' id='block_1_9' title="bbox 254 795 1924 873">
    <p class='ocr_par' dir='ltr' id='par_1_9' title="bbox 254 795 1924 873">
     <span class='ocr_line' id='line_1_9' title="bbox 254 795 1924 873; baseline -0.001 -21"><span class='ocrx_word' id='word_1_49' title='bbox 254 801 396 870; x_wconf 79' lang='grc' dir='ltr'>ἡμῖν</span> <span class='ocrx_word' id='word_1_50' title='bbox 453 798 734 871; x_wconf 69' lang='grc' dir='ltr'>τέτταρσιν</span> <span class='ocrx_word' id='word_1_51' title='bbox 801 798 1160 873; x_wconf 71' lang='grc' dir='ltr'>Εὐαγγελίοις</span> <span class='ocrx_word' id='word_1_52' title='bbox 1217 797 1320 852; x_wconf 83' lang='grc' dir='ltr'>οὐκ</span> <span class='ocrx_word' id='word_1_53' title='bbox 1375 795 1577 872; x_wconf 78' lang='grc' dir='ltr'>ἔχομεν</span> <span class='ocrx_word' id='word_1_54' title='bbox 1627 799 1689 852; x_wconf 87' lang='grc' dir='ltr'>τὸ</span> <span class='ocrx_word' id='word_1_55' title='bbox 1739 799 1924 872; x_wconf 73' lang='grc' dir='ltr'>ῥητὸν,</span> 
     </span>
    </p>
   </div>
   <div class='ocr_carea' id='block_1_10' title="bbox 259 881 1925 961">
    <p class='ocr_par' dir='ltr' id='par_1_10' title="bbox 259 881 1925 961">
     <span class='ocr_line' id='line_1_10' title="bbox 259 881 1925 961; baseline -0.001 -19"><span class='ocrx_word' id='word_1_56' title='bbox 259 883 394 942; x_wconf 83' lang='grc' dir='ltr'>ἀλλ’</span> <span class='ocrx_word' id='word_1_57' title='bbox 423 885 476 941; x_wconf 77' lang='grc' dir='ltr'>ἐν</span> <span class='ocrx_word' id='word_1_58' title='bbox 516 891 594 957; x_wconf 83' lang='grc' dir='ltr'>τῷ</span> <span class='ocrx_word' id='word_1_59' title='bbox 643 886 760 940; x_wconf 80' lang='grc' dir='ltr'>κατ’</span> <span class='ocrx_word' id='word_1_60' title='bbox 819 885 1173 959; x_wconf 80' lang='grc' dir='ltr'>Αἷ’γυπτίους’</span> <span class='ocrx_word' id='word_1_61' title='bbox 1211 881 1396 940; x_wconf 79' lang='grc' dir='ltr'>ἔπειτα</span> <span class='ocrx_word' id='word_1_62' title='bbox 1454 884 1510 940; x_wconf 71' lang='grc' dir='ltr'><strong>δί</strong></span> <span class='ocrx_word' id='word_1_63' title='bbox 1561 887 1768 961; x_wconf 79' lang='grc' dir='ltr'>ἀγνοεῖν</span> <span class='ocrx_word' id='word_1_64' title='bbox 1831 909 1925 959; x_wconf 88' lang='grc' dir='ltr'>μοι</span> 
     </span>
    </p>
   </div>
   <div class='ocr_carea' id='block_1_11' title="bbox 257 973 1921 1050">
    <p class='ocr_par' dir='ltr' id='par_1_11' title="bbox 257 973 1921 1050">
     <span class='ocr_line' id='line_1_11' title="bbox 257 973 1921 1050; baseline -0.001 -20"><span class='ocrx_word' id='word_1_65' title='bbox 257 973 440 1044; x_wconf 70' lang='grc' dir='ltr'>δοκεῖ,</span> <span class='ocrx_word' id='word_1_66' title='bbox 474 975 558 1030; x_wconf 83' lang='grc' dir='ltr'>ὅτι</span> <span class='ocrx_word' id='word_1_67' title='bbox 591 975 762 1046; x_wconf 87' lang='grc' dir='ltr'>θυμὸν</span> <span class='ocrx_word' id='word_1_68' title='bbox 811 975 906 1046; x_wconf 75' lang='grc' dir='ltr'>μὲν</span> <span class='ocrx_word' id='word_1_69' title='bbox 956 974 1152 1050; x_wconf 67' lang='grc' dir='ltr'>ἁρῥενα</span> <span class='ocrx_word' id='word_1_70' title='bbox 1202 976 1406 1048; x_wconf 85' lang='grc' dir='ltr'>ὁρμην,</span> <span class='ocrx_word' id='word_1_71' title='bbox 1440 975 1667 1044; x_wconf 79' lang='grc' dir='ltr'>Θήλειαν</span> <span class='ocrx_word' id='word_1_72' title='bbox 1717 973 1774 1030; x_wconf 75' lang='grc' dir='ltr'>δὲ</span> <span class='ocrx_word' id='word_1_73' title='bbox 1826 977 1921 1044; x_wconf 76' lang='grc' dir='ltr'>τὴν</span> 
     </span>
    </p>
   </div>
   <div class='ocr_carea' id='block_1_12' title="bbox 253 1060 1918 1139">
    <p class='ocr_par' dir='ltr' id='par_1_12' title="bbox 253 1060 1918 1139">
     <span class='ocr_line' id='line_1_12' title="bbox 253 1060 1918 1139; baseline 0 -20"><span class='ocrx_word' id='word_1_74' title='bbox 253 1064 552 1136; x_wconf 72' lang='grc' dir='ltr'>ἐπιθυμίαν</span> <span class='ocrx_word' id='word_1_75' title='bbox 615 1063 906 1118; x_wconf 79' lang='grc' dir='ltr'>αἰνίττεται</span> <span class='ocrx_word' id='word_1_76' title='bbox 965 1066 1045 1124; x_wconf 87' lang='grc' dir='ltr'>οἷς</span> <span class='ocrx_word' id='word_1_77' title='bbox 1107 1062 1445 1139; x_wconf 69' lang='grc' dir='ltr'>ἐνεργήσασι,</span> <span class='ocrx_word' id='word_1_78' title='bbox 1485 1060 1740 1136; x_wconf 79' lang='grc' dir='ltr'>μέτάνοια</span> <span class='ocrx_word' id='word_1_79' title='bbox 1793 1061 1918 1119; x_wconf 70' lang='grc' dir='ltr'>ἕπεο</span> 
     </span>
    </p>
   </div>
   <div class='ocr_carea' id='block_1_13' title="bbox 251 1151 1921 1226">
    <p class='ocr_par' dir='ltr' id='par_1_13' title="bbox 251 1151 1921 1226">
     <span class='ocr_line' id='line_1_13' title="bbox 251 1151 1921 1226; baseline 0 -19"><span class='ocrx_word' id='word_1_80' title='bbox 251 1173 343 1208; x_wconf 87' lang='grc' dir='ltr'>ται</span> <span class='ocrx_word' id='word_1_81' title='bbox 395 1153 484 1206; x_wconf 83' lang='grc' dir='ltr'>καὶ</span> <span class='ocrx_word' id='word_1_82' title='bbox 546 1151 806 1226; x_wconf 73' lang='grc' dir='ltr'>αἰσχύνη.</span> <span class='ocrx_word' id='word_1_83' title='bbox 863 1153 1026 1208; x_wconf 81' lang='grc' dir='ltr'>Ὅταν</span> <span class='ocrx_word' id='word_1_84' title='bbox 1089 1153 1204 1220; x_wconf 78' lang='grc' dir='ltr'>οὖν,</span> <span class='ocrx_word' id='word_1_85' title='bbox 1268 1154 1407 1224; x_wconf 66' lang='grc' dir='ltr'>μήτε</span> <span class='ocrx_word' id='word_1_86' title='bbox 1463 1173 1545 1214; x_wconf 78' lang='grc' dir='ltr'>τις</span> <span class='ocrx_word' id='word_1_87' title='bbox 1610 1157 1756 1226; x_wconf 78' lang='grc' dir='ltr'>θυμῇ</span> <span class='ocrx_word' id='word_1_88' title='bbox 1793 1158 1921 1225; x_wconf 70' lang='grc' dir='ltr'>μήτ’</span> 
     </span>
    </p>
   </div>
   <div class='ocr_carea' id='block_1_14' title="bbox 252 1234 1922 1316">
    <p class='ocr_par' dir='ltr' id='par_1_14' title="bbox 252 1234 1922 1316">
     <span class='ocr_line' id='line_1_14' title="bbox 252 1234 1922 1316; baseline 0 -20"><span class='ocrx_word' id='word_1_89' title='bbox 252 1241 522 1314; x_wconf 78' lang='grc' dir='ltr'>ἐπιθυμίᾳ</span> <span class='ocrx_word' id='word_1_90' title='bbox 580 1240 980 1316; x_wconf 65' lang='grc' dir='ltr'>χαρισάμενος,</span> <span class='ocrx_word' id='word_1_91' title='bbox 1013 1239 1045 1292; x_wconf 83' lang='grc' dir='ltr'>’ὰ</span> <span class='ocrx_word' id='word_1_92' title='bbox 1079 1237 1145 1308; x_wconf 78' lang='grc' dir='ltr'>δὴ</span> <span class='ocrx_word' id='word_1_93' title='bbox 1180 1240 1269 1294; x_wconf 80' lang='grc' dir='ltr'>καὶ</span> <span class='ocrx_word' id='word_1_94' title='bbox 1328 1240 1378 1312; x_wconf 81' lang='grc' dir='ltr'>ἐξ</span> <span class='ocrx_word' id='word_1_95' title='bbox 1438 1234 1592 1304; x_wconf 80' lang='grc' dir='ltr'>ἔθους</span> <span class='ocrx_word' id='word_1_96' title='bbox 1646 1241 1736 1295; x_wconf 77' lang='grc' dir='ltr'>καὶ</span> <span class='ocrx_word' id='word_1_97' title='bbox 1792 1261 1922 1314; x_wconf 90' lang='grc' dir='ltr'>τρο-</span> 
     </span>
    </p>
   </div>
   <div class='ocr_carea' id='block_1_15' title="bbox 253 1327 1916 1409">
    <p class='ocr_par' dir='ltr' id='par_1_15' title="bbox 253 1327 1916 1409">
     <span class='ocr_line' id='line_1_15' title="bbox 253 1327 1916 1409; baseline -0.001 -24"><span class='ocrx_word' id='word_1_98' title='bbox 253 1335 362 1409; x_wconf 76' lang='grc' dir='ltr'>φῆς</span> <span class='ocrx_word' id='word_1_99' title='bbox 393 1337 567 1400; x_wconf 78' lang='grc' dir='ltr'>κακῆς</span> <span class='ocrx_word' id='word_1_100' title='bbox 602 1329 904 1400; x_wconf 71' lang='grc' dir='ltr'>αὐξήσαντα</span> <span class='ocrx_word' id='word_1_101' title='bbox 958 1329 1255 1399; x_wconf 76' lang='grc' dir='ltr'>ἐπισκιάξει</span> <span class='ocrx_word' id='word_1_102' title='bbox 1306 1329 1398 1384; x_wconf 86' lang='grc' dir='ltr'>καὶ</span> <span class='ocrx_word' id='word_1_103' title='bbox 1450 1327 1776 1404; x_wconf 75' lang='grc' dir='ltr'>ἐγκαλύπτει</span> <span class='ocrx_word' id='word_1_104' title='bbox 1826 1331 1916 1386; x_wconf 88' lang='grc' dir='ltr'>τὸν</span> 
     </span>
    </p>
   </div>
   <div class='ocr_carea' id='block_1_16' title="bbox 253 1416 1913 1494">
    <p class='ocr_par' dir='ltr' id='par_1_16' title="bbox 253 1416 1913 1494">
     <span class='ocr_line' id='line_1_16' title="bbox 253 1416 1913 1494; baseline -0.001 -21"><span class='ocrx_word' id='word_1_105' title='bbox 253 1419 556 1494; x_wconf 77' lang='grc' dir='ltr'>λογισμὸν,</span> <span class='ocrx_word' id='word_1_106' title='bbox 587 1417 714 1473; x_wconf 81' lang='grc' dir='ltr'>ἀλλ’</span> <span class='ocrx_word' id='word_1_107' title='bbox 766 1416 1180 1490; x_wconf 75' lang='grc' dir='ltr'>ἀποδυσάμενος</span> <span class='ocrx_word' id='word_1_108' title='bbox 1210 1419 1310 1488; x_wconf 75' lang='grc' dir='ltr'>τήν</span> <span class='ocrx_word' id='word_1_109' title='bbox 1364 1417 1423 1472; x_wconf 82' lang='grc' dir='ltr'>ἐκ</span> <span class='ocrx_word' id='word_1_110' title='bbox 1467 1418 1675 1472; x_wconf 72' lang='grc' dir='ltr'>τούτων</span> <span class='ocrx_word' id='word_1_111' title='bbox 1711 1417 1913 1493; x_wconf 82' lang='grc' dir='ltr'>ἀχλὺν,</span> 
     </span>
    </p>
   </div>
   <div class='ocr_carea' id='block_1_17' title="bbox 247 1507 1912 1582">
    <p class='ocr_par' dir='ltr' id='par_1_17' title="bbox 247 1507 1912 1582">
     <span class='ocr_line' id='line_1_17' title="bbox 247 1507 1912 1582; baseline -0.002 -18"><span class='ocrx_word' id='word_1_112' title='bbox 247 1509 309 1564; x_wconf 72' lang='grc' dir='ltr'>ἒκ</span> <span class='ocrx_word' id='word_1_113' title='bbox 335 1507 619 1582; x_wconf 85' lang='grc' dir='ltr'>μετανοίας</span> <span class='ocrx_word' id='word_1_114' title='bbox 650 1507 1080 1582; x_wconf 79' lang='grc' dir='ltr'>καταισχυνθεὶς,</span> <span class='ocrx_word' id='word_1_115' title='bbox 1115 1512 1328 1580; x_wconf 76' lang='grc' dir='ltr'>πνεῦμα</span> <span class='ocrx_word' id='word_1_116' title='bbox 1365 1508 1452 1561; x_wconf 84' lang='grc' dir='ltr'>καὶ</span> <span class='ocrx_word' id='word_1_117' title='bbox 1486 1509 1672 1582; x_wconf 70' lang='grc' dir='ltr'>ψυχὴν</span> <span class='ocrx_word' id='word_1_118' title='bbox 1725 1508 1912 1563; x_wconf 76' lang='grc' dir='ltr'>ὲνώσει</span> 
     </span>
    </p>
   </div>
   <div class='ocr_carea' id='block_1_18' title="bbox 249 1596 1908 1671">
    <p class='ocr_par' dir='ltr' id='par_1_18' title="bbox 249 1596 1908 1671">
     <span class='ocr_line' id='line_1_18' title="bbox 249 1596 1908 1671; baseline -0.002 -16"><span class='ocrx_word' id='word_1_119' title='bbox 249 1601 390 1654; x_wconf 80' lang='grc' dir='ltr'>κατᾶ</span> <span class='ocrx_word' id='word_1_120' title='bbox 417 1599 520 1668; x_wconf 77' lang='grc' dir='ltr'>τήν</span> <span class='ocrx_word' id='word_1_121' title='bbox 550 1601 646 1651; x_wconf 76' lang='grc' dir='ltr'>τοῦ</span> <span class='ocrx_word' id='word_1_122' title='bbox 704 1596 883 1671; x_wconf 77' lang='grc' dir='ltr'>Λόγου</span> <span class='ocrx_word' id='word_1_123' title='bbox 947 1598 1213 1666; x_wconf 61' lang='grc' dir='ltr'>ὑπακοήν</span> <span class='ocrx_word' id='word_1_124' title='bbox 1275 1597 1418 1663; x_wconf 83' lang='grc' dir='ltr'>τότε,</span> <span class='ocrx_word' id='word_1_125' title='bbox 1475 1597 1548 1658; x_wconf 88' lang='grc' dir='ltr'>ὡς</span> <span class='ocrx_word' id='word_1_126' title='bbox 1605 1599 1632 1651; x_wconf 87' lang='grc' dir='ltr'>ὁ</span> <span class='ocrx_word' id='word_1_127' title='bbox 1691 1596 1908 1659; x_wconf 83' lang='grc' dir='ltr'>Παῦλός</span> 
     </span>
    </p>
   </div>
   <div class='ocr_carea' id='block_1_19' title="bbox 254 1682 1906 1765">
    <p class='ocr_par' dir='ltr' id='par_1_19' title="bbox 254 1682 1906 1765">
     <span class='ocr_line' id='line_1_19' title="bbox 254 1682 1906 1765; baseline -0.003 -24"><span class='ocrx_word' id='word_1_128' title='bbox 254 1709 442 1765; x_wconf 75' lang='grc' dir='ltr'>φησιν,</span> <span class='ocrx_word' id='word_1_129' title='bbox 489 1711 517 1739; x_wconf 83' lang='grc'><strong><em>‹‹</em></strong></span> <span class='ocrx_word' id='word_1_130' title='bbox 546 1686 658 1743; x_wconf 82' lang='grc' dir='ltr'>Οὐκ</span> <span class='ocrx_word' id='word_1_131' title='bbox 691 1690 767 1760; x_wconf 86' lang='grc'>(2)</span> <span class='ocrx_word' id='word_1_132' title='bbox 799 1683 874 1740; x_wconf 81' lang='grc' dir='ltr'>ἔνι</span> <span class='ocrx_word' id='word_1_133' title='bbox 907 1685 960 1739; x_wconf 81' lang='grc' dir='ltr'>ἐν</span> <span class='ocrx_word' id='word_1_134' title='bbox 987 1687 1122 1757; x_wconf 85' lang='grc' dir='ltr'>ἡμῖν</span> <span class='ocrx_word' id='word_1_135' title='bbox 1183 1686 1286 1739; x_wconf 83' lang='grc' dir='ltr'>οὐκ</span> <span class='ocrx_word' id='word_1_136' title='bbox 1344 1682 1523 1760; x_wconf 62' lang='grc' dir='ltr'>ἄρρεν,</span> <span class='ocrx_word' id='word_1_137' title='bbox 1556 1685 1621 1739; x_wconf 83' lang='grc' dir='ltr'>οὐ</span> <span class='ocrx_word' id='word_1_138' title='bbox 1682 1685 1842 1752; x_wconf 74' lang='grc' dir='ltr'>θῆλυ.</span> <span class='ocrx_word' id='word_1_139' title='bbox 1879 1710 1906 1737; x_wconf 87' lang='grc'>››</span> 
     </span>
    </p>
   </div>
   <div class='ocr_carea' id='block_1_20' title="bbox 248 1771 1903 1850">
    <p class='ocr_par' dir='ltr' id='par_1_20' title="bbox 248 1771 1903 1850">
     <span class='ocr_line' id='line_1_20' title="bbox 248 1771 1903 1850; baseline -0.002 -19"><span class='ocrx_word' id='word_1_140' title='bbox 248 1776 560 1832; x_wconf 83' lang='grc' dir='ltr'>Ἀποστᾶσα</span> <span class='ocrx_word' id='word_1_141' title='bbox 614 1775 716 1850; x_wconf 73' lang='grc' dir='ltr'>γὰρ</span> <span class='ocrx_word' id='word_1_142' title='bbox 773 1771 935 1828; x_wconf 63' lang='grc' dir='ltr'>τοὶδε</span> <span class='ocrx_word' id='word_1_143' title='bbox 980 1777 1079 1828; x_wconf 81' lang='grc' dir='ltr'>τοῦ</span> <span class='ocrx_word' id='word_1_144' title='bbox 1138 1775 1453 1848; x_wconf 73' lang='grc' dir='ltr'>σχήματος,</span> <span class='ocrx_word' id='word_1_145' title='bbox 1499 1774 1544 1844; x_wconf 83' lang='grc' dir='ltr'>ᾦ</span> <span class='ocrx_word' id='word_1_146' title='bbox 1578 1771 1903 1847; x_wconf 77' lang='grc' dir='ltr'>διακρίνεται</span> 
     </span>
    </p>
   </div>
   <div class='ocr_carea' id='block_1_21' title="bbox 245 1860 1900 1942">
    <p class='ocr_par' dir='ltr' id='par_1_21' title="bbox 245 1860 1900 1942">
     <span class='ocr_line' id='line_1_21' title="bbox 245 1860 1900 1942; baseline -0.001 -22"><span class='ocrx_word' id='word_1_147' title='bbox 245 1886 310 1920; x_wconf 87' lang='grc' dir='ltr'>το</span> <span class='ocrx_word' id='word_1_148' title='bbox 343 1863 501 1942; x_wconf 74' lang='grc' dir='ltr'>ἅρῥεν</span> <span class='ocrx_word' id='word_1_149' title='bbox 531 1865 620 1919; x_wconf 80' lang='grc' dir='ltr'>καὶ</span> <span class='ocrx_word' id='word_1_150' title='bbox 652 1865 714 1919; x_wconf 89' lang='grc' dir='ltr'>τὸ</span> <span class='ocrx_word' id='word_1_151' title='bbox 746 1863 908 1934; x_wconf 84' lang='grc' dir='ltr'>Θῆλυ,</span> <span class='ocrx_word' id='word_1_152' title='bbox 941 1864 1094 1938; x_wconf 75' lang='grc' dir='ltr'>ψυχὴ</span> <span class='ocrx_word' id='word_1_153' title='bbox 1142 1867 1220 1937; x_wconf 86' lang='grc'>(3)</span> <span class='ocrx_word' id='word_1_154' title='bbox 1255 1861 1593 1936; x_wconf 77' lang='grc' dir='ltr'>μετατίθεται</span> <span class='ocrx_word' id='word_1_155' title='bbox 1647 1862 1722 1924; x_wconf 73' lang='grc' dir='ltr'>εἷς</span> <span class='ocrx_word' id='word_1_156' title='bbox 1768 1860 1900 1918; x_wconf 79' lang='grc' dir='ltr'>ἕνω-</span> 
     </span>
    </p>
   </div>
   <div class='ocr_carea' id='block_1_22' title="bbox 245 1949 1900 2028">
    <p class='ocr_par' dir='ltr' id='par_1_22' title="bbox 245 1949 1900 2028">
     <span class='ocr_line' id='line_1_22' title="bbox 245 1949 1900 2028; baseline -0.001 -19"><span class='ocrx_word' id='word_1_157' title='bbox 245 1976 354 2024; x_wconf 90' lang='grc' dir='ltr'>σιν,</span> <span class='ocrx_word' id='word_1_158' title='bbox 407 1953 521 2009; x_wconf 72' lang='grc' dir='ltr'>οὔθ’</span> <span class='ocrx_word' id='word_1_159' title='bbox 579 1951 761 2026; x_wconf 67' lang='grc' dir='ltr'>ἕτερον</span> <span class='ocrx_word' id='word_1_160' title='bbox 823 1952 972 2008; x_wconf 75' lang='grc' dir='ltr'>οὖσα.</span> <span class='ocrx_word' id='word_1_161' title='bbox 1033 1954 1250 2028; x_wconf 84' lang='grc' dir='ltr'>Ἡγεῖτα</span> <span class='ocrx_word' id='word_1_162' title='bbox 1307 1949 1698 2027; x_wconf 75' lang='grc' dir='ltr'>δὲὸγενναῖος</span> <span class='ocrx_word' id='word_1_163' title='bbox 1742 1953 1900 2015; x_wconf 83' lang='grc' dir='ltr'>οὗτος</span> 
     </span>
    </p>
   </div>
   <div class='ocr_carea' id='block_1_23' title="bbox 247 2039 1896 2118">
    <p class='ocr_par' dir='ltr' id='par_1_23' title="bbox 247 2039 1896 2118">
     <span class='ocr_line' id='line_1_23' title="bbox 247 2039 1896 2118; baseline -0.002 -20"><span class='ocrx_word' id='word_1_164' title='bbox 247 2044 749 2118; x_wconf 82' lang='grc' dir='ltr'>ΠΛατωνιχώτερον</span> <span class='ocrx_word' id='word_1_165' title='bbox 783 2046 878 2115; x_wconf 81' lang='grc'>(4),</span> <span class='ocrx_word' id='word_1_166' title='bbox 913 2041 1059 2097; x_wconf 82' lang='grc' dir='ltr'>Θείαν</span> <span class='ocrx_word' id='word_1_167' title='bbox 1095 2041 1254 2096; x_wconf 74' lang='grc' dir='ltr'>οὖσαν</span> <span class='ocrx_word' id='word_1_168' title='bbox 1299 2043 1399 2110; x_wconf 79' lang='grc' dir='ltr'>τὴν</span> <span class='ocrx_word' id='word_1_169' title='bbox 1433 2043 1616 2116; x_wconf 71' lang='grc' dir='ltr'>ψυχήν</span> <span class='ocrx_word' id='word_1_170' title='bbox 1669 2039 1896 2110; x_wconf 75' lang='grc' dir='ltr'>ἄνωθεν,</span> 
     </span>
    </p>
   </div>
   <div class='ocr_carea' id='block_1_24' title="bbox 242 2127 1895 2207">
    <p class='ocr_par' dir='ltr' id='par_1_24' title="bbox 242 2127 1895 2207">
     <span class='ocr_line' id='line_1_24' title="bbox 242 2127 1895 2207; baseline -0.001 -21"><span class='ocrx_word' id='word_1_171' title='bbox 242 2131 508 2204; x_wconf 76' lang='grc' dir='ltr'>ἐπιθυμίᾳ</span> <span class='ocrx_word' id='word_1_172' title='bbox 564 2134 921 2203; x_wconf 82' lang='grc' dir='ltr'>θηΛυνθεῖσαν</span> <span class='ocrx_word' id='word_1_173' title='bbox 977 2127 1135 2207; x_wconf 77' lang='grc' dir='ltr'>δεῦρο</span> <span class='ocrx_word' id='word_1_174' title='bbox 1206 2129 1359 2199; x_wconf 76' lang='grc' dir='ltr'>ἥκειν</span> <span class='ocrx_word' id='word_1_175' title='bbox 1420 2129 1496 2191; x_wconf 85' lang='grc' dir='ltr'>είς</span> <span class='ocrx_word' id='word_1_176' title='bbox 1551 2131 1752 2204; x_wconf 72' lang='grc' dir='ltr'>γένεσιν</span> <span class='ocrx_word' id='word_1_177' title='bbox 1806 2131 1895 2185; x_wconf 84' lang='grc' dir='ltr'>καὶ</span> 
     </span>
    </p>
   </div>
   <div class='ocr_carea' id='block_1_25' title="bbox 249 2223 474 2297">
    <p class='ocr_par' dir='ltr' id='par_1_25' title="bbox 249 2223 474 2297">
     <span class='ocr_line' id='line_1_25' title="bbox 249 2223 474 2297; baseline 0 -21"><span class='ocrx_word' id='word_1_178' title='bbox 249 2223 474 2297; x_wconf 66' lang='grc' dir='ltr'>φθοράν.</span> 
     </span>
    </p>
   </div>
   <div class='ocr_carea' id='block_1_26' title="bbox 2040 536 3688 612">
    <p class='ocr_par' dir='ltr' id='par_1_26' title="bbox 2040 536 3688 612">
     <span class='ocr_line' id='line_1_26' title="bbox 2040 536 3688 612; baseline 0.005 -22"><span class='ocrx_word' id='word_1_179' title='bbox 2040 536 2256 606; x_wconf 86' lang='lat' dir='ltr'>quibus</span> <span class='ocrx_word' id='word_1_180' title='bbox 2282 537 2703 609; x_wconf 81' lang='lat' dir='ltr'>interrogabat,</span> <span class='ocrx_word' id='word_1_181' title='bbox 2728 539 2811 592; x_wconf 85' lang='lat' dir='ltr'>ait</span> <span class='ocrx_word' id='word_1_182' title='bbox 2830 539 3116 594; x_wconf 86' lang='lat' dir='ltr'>Dominus</span> <span class='ocrx_word' id='word_1_183' title='bbox 3146 558 3158 606; x_wconf 89' lang='grc'>;</span> <span class='ocrx_word' id='word_1_184' title='bbox 3178 542 3423 605; x_wconf 89' lang='lat' dir='ltr'>Quando</span> <span class='ocrx_word' id='word_1_185' title='bbox 3446 544 3688 612; x_wconf 91' lang='lat' dir='ltr'>pudoris</span> 
     </span>
    </p>
   </div>
   <div class='ocr_carea' id='block_1_27' title="bbox 2038 623 3686 698">
    <p class='ocr_par' dir='ltr' id='par_1_27' title="bbox 2038 623 3686 698">
     <span class='ocr_line' id='line_1_27' title="bbox 2038 623 3686 698; baseline 0.006 -20"><span class='ocrx_word' id='word_1_186' title='bbox 2038 623 2453 680; x_wconf 86' lang='lat' dir='ltr'>indumentum</span> <span class='ocrx_word' id='word_1_187' title='bbox 2477 627 2982 695; x_wconf 88' lang='lat' dir='ltr'>conculcaveritis,</span> <span class='ocrx_word' id='word_1_188' title='bbox 3027 634 3084 682; x_wconf 91' lang='lat' dir='ltr'>et</span> <span class='ocrx_word' id='word_1_189' title='bbox 3113 629 3351 698; x_wconf 86' lang='lat' dir='ltr'>quando</span> <span class='ocrx_word' id='word_1_190' title='bbox 3385 631 3500 686; x_wconf 92' lang='lat' dir='ltr'>duo</span> <span class='ocrx_word' id='word_1_191' title='bbox 3531 633 3686 688; x_wconf 87' lang='lat' dir='ltr'>facta</span> 
     </span>
    </p>
   </div>
   <div class='ocr_carea' id='block_1_28' title="bbox 2035 713 3683 786">
    <p class='ocr_par' dir='ltr' id='par_1_28' title="bbox 2035 713 3683 786">
     <span class='ocr_line' id='line_1_28' title="bbox 2035 713 3683 786; baseline 0.005 -19"><span class='ocrx_word' id='word_1_192' title='bbox 2035 713 2256 768; x_wconf 84' lang='lat' dir='ltr'>fuerint</span> <span class='ocrx_word' id='word_1_193' title='bbox 2286 732 2494 783; x_wconf 90' lang='lat' dir='ltr'>unum,</span> <span class='ocrx_word' id='word_1_194' title='bbox 2525 722 2584 770; x_wconf 92' lang='lat' dir='ltr'>et</span> <span class='ocrx_word' id='word_1_195' title='bbox 2611 717 2945 772; x_wconf 86' lang='lat' dir='ltr'>masculum</span> <span class='ocrx_word' id='word_1_196' title='bbox 2969 735 3102 771; x_wconf 89' lang='lat' dir='ltr'>cum</span> <span class='ocrx_word' id='word_1_197' title='bbox 3126 719 3367 786; x_wconf 86' lang='lat' dir='ltr'>femina,</span> <span class='ocrx_word' id='word_1_198' title='bbox 3393 736 3501 774; x_wconf 92' lang='lat' dir='ltr'>nec</span> <span class='ocrx_word' id='word_1_199' title='bbox 3525 737 3683 776; x_wconf 88' lang='lat' dir='ltr'>mas-</span> 
     </span>
    </p>
   </div>
   <div class='ocr_carea' id='block_1_29' title="bbox 2034 802 3679 876">
    <p class='ocr_par' dir='ltr' id='par_1_29' title="bbox 2034 802 3679 876">
     <span class='ocr_line' id='line_1_29' title="bbox 2034 802 3679 876; baseline 0.005 -21"><span class='ocrx_word' id='word_1_200' title='bbox 2034 802 2235 858; x_wconf 87' lang='lat' dir='ltr'>culum</span> <span class='ocrx_word' id='word_1_201' title='bbox 2268 821 2376 858; x_wconf 91' lang='lat' dir='ltr'>nec</span> <span class='ocrx_word' id='word_1_202' title='bbox 2408 803 2752 859; x_wconf 89' lang='lat' dir='ltr'>femineum.</span> <span class='ocrx_word' id='word_1_203' title='bbox 2785 827 2812 854; x_wconf 87' lang='lat'><strong>»</strong></span> <span class='ocrx_word' id='word_1_204' title='bbox 2839 807 3104 859; x_wconf 88' lang='lat' dir='ltr'>Primum</span> <span class='ocrx_word' id='word_1_205' title='bbox 3130 807 3391 876; x_wconf 88' lang='lat' dir='ltr'>quidem,</span> <span class='ocrx_word' id='word_1_206' title='bbox 3422 809 3483 861; x_wconf 90' lang='lat' dir='ltr'>in</span> <span class='ocrx_word' id='word_1_207' title='bbox 3507 808 3679 864; x_wconf 90' lang='lat' dir='ltr'>nobis</span> 
     </span>
    </p>
   </div>
   <div class='ocr_carea' id='block_1_30' title="bbox 2033 891 3676 965">
    <p class='ocr_par' dir='ltr' id='par_1_30' title="bbox 2033 891 3676 965">
     <span class='ocr_line' id='line_1_30' title="bbox 2033 891 3676 965; baseline 0.005 -21"><span class='ocrx_word' id='word_1_208' title='bbox 2033 891 2261 945; x_wconf 83' lang='lat' dir='ltr'>traditis</span> <span class='ocrx_word' id='word_1_209' title='bbox 2295 898 2547 961; x_wconf 85' lang='lat' dir='ltr'>quatuor</span> <span class='ocrx_word' id='word_1_210' title='bbox 2586 894 2916 965; x_wconf 89' lang='lat' dir='ltr'>Evangeliis</span> <span class='ocrx_word' id='word_1_211' title='bbox 2963 911 3083 948; x_wconf 91' lang='lat' dir='ltr'>non</span> <span class='ocrx_word' id='word_1_212' title='bbox 3117 895 3403 950; x_wconf 88' lang='lat' dir='ltr'>habemus</span> <span class='ocrx_word' id='word_1_213' title='bbox 3449 898 3557 951; x_wconf 90' lang='lat' dir='ltr'>hoc</span> <span class='ocrx_word' id='word_1_214' title='bbox 3585 898 3676 952; x_wconf 91' lang='lat' dir='ltr'>di-</span> 
     </span>
    </p>
   </div>
   <div class='ocr_carea' id='block_1_31' title="bbox 2031 981 3672 1057">
    <p class='ocr_par' dir='ltr' id='par_1_31' title="bbox 2031 981 3672 1057">
     <span class='ocr_line' id='line_1_31' title="bbox 2031 981 3672 1057; baseline 0.005 -25"><span class='ocrx_word' id='word_1_215' title='bbox 2031 985 2212 1044; x_wconf 86' lang='lat' dir='ltr'>ctum,</span> <span class='ocrx_word' id='word_1_216' title='bbox 2249 981 2351 1035; x_wconf 91' lang='lat' dir='ltr'>sed</span> <span class='ocrx_word' id='word_1_217' title='bbox 2391 982 2452 1035; x_wconf 91' lang='lat' dir='ltr'>in</span> <span class='ocrx_word' id='word_1_218' title='bbox 2497 999 2586 1048; x_wconf 92' lang='lat' dir='ltr'>eo,</span> <span class='ocrx_word' id='word_1_219' title='bbox 2638 983 2796 1053; x_wconf 89' lang='lat' dir='ltr'>quod</span> <span class='ocrx_word' id='word_1_220' title='bbox 2846 989 2935 1037; x_wconf 88' lang='lat' dir='ltr'>est</span> <span class='ocrx_word' id='word_1_221' title='bbox 2981 984 3307 1038; x_wconf 89' lang='lat' dir='ltr'>secundum</span> <span class='ocrx_word' id='word_1_222' title='bbox 3358 987 3672 1057; x_wconf 62' lang='lat' dir='ltr'>Egyptios.</span> 
     </span>
    </p>
   </div>
   <div class='ocr_carea' id='block_1_32' title="bbox 2032 1067 3675 1143">
    <p class='ocr_par' dir='ltr' id='par_1_32' title="bbox 2032 1067 3675 1143">
     <span class='ocr_line' id='line_1_32' title="bbox 2032 1067 3675 1143; baseline 0.005 -23"><span class='ocrx_word' id='word_1_223' title='bbox 2032 1067 2253 1123; x_wconf 90' lang='lat' dir='ltr'>Deinde</span> <span class='ocrx_word' id='word_1_224' title='bbox 2286 1069 2429 1123; x_wconf 89' lang='lat' dir='ltr'>mihi</span> <span class='ocrx_word' id='word_1_225' title='bbox 2462 1070 2693 1125; x_wconf 91' lang='lat' dir='ltr'>videtur</span> <span class='ocrx_word' id='word_1_226' title='bbox 2723 1073 3014 1142; x_wconf 84' lang='lat' dir='ltr'>ignorare,</span> <span class='ocrx_word' id='word_1_227' title='bbox 3047 1073 3198 1127; x_wconf 89' lang='lat' dir='ltr'>iram</span> <span class='ocrx_word' id='word_1_228' title='bbox 3223 1073 3484 1143; x_wconf 80' lang='lat' dir='ltr'>quidem,</span> <span class='ocrx_word' id='word_1_229' title='bbox 3521 1092 3675 1130; x_wconf 81' lang='lat' dir='ltr'>mas-</span> 
     </span>
    </p>
   </div>
   <div class='ocr_carea' id='block_1_33' title="bbox 2028 1158 3676 1233">
    <p class='ocr_par' dir='ltr' id='par_1_33' title="bbox 2028 1158 3676 1233">
     <span class='ocr_line' id='line_1_33' title="bbox 2028 1158 3676 1233; baseline 0.005 -22"><span class='ocrx_word' id='word_1_230' title='bbox 2028 1158 2222 1212; x_wconf 88' lang='lat' dir='ltr'>culam</span> <span class='ocrx_word' id='word_1_231' title='bbox 2246 1161 2672 1230; x_wconf 84' lang='lat' dir='ltr'>appetitionem</span> <span class='ocrx_word' id='word_1_232' title='bbox 2695 1178 2708 1226; x_wconf 87' lang='lat'><strong>;</strong></span> <span class='ocrx_word' id='word_1_233' title='bbox 2733 1161 3015 1217; x_wconf 85' lang='lat' dir='ltr'>feminam</span> <span class='ocrx_word' id='word_1_234' title='bbox 3040 1179 3196 1229; x_wconf 92' lang='lat' dir='ltr'>vero,</span> <span class='ocrx_word' id='word_1_235' title='bbox 3219 1163 3552 1233; x_wconf 84' lang='lat' dir='ltr'>signiﬁcare</span> <span class='ocrx_word' id='word_1_236' title='bbox 3571 1181 3676 1219; x_wconf 87' lang='lat' dir='ltr'>cu-</span> 
     </span>
    </p>
   </div>
   <div class='ocr_carea' id='block_1_34' title="bbox 2024 1247 3674 1324">
    <p class='ocr_par' dir='ltr' id='par_1_34' title="bbox 2024 1247 3674 1324">
     <span class='ocr_line' id='line_1_34' title="bbox 2024 1247 3674 1324; baseline 0.005 -24"><span class='ocrx_word' id='word_1_237' title='bbox 2024 1247 2332 1317; x_wconf 89' lang='lat' dir='ltr'>piditatem</span> <span class='ocrx_word' id='word_1_238' title='bbox 2361 1265 2373 1302; x_wconf 89' lang='lat'><strong>:</strong></span> <span class='ocrx_word' id='word_1_239' title='bbox 2409 1266 2657 1319; x_wconf 90' lang='lat' dir='ltr'>quorum</span> <span class='ocrx_word' id='word_1_240' title='bbox 2680 1251 3086 1320; x_wconf 86' lang='lat' dir='ltr'>Operationem</span> <span class='ocrx_word' id='word_1_241' title='bbox 3116 1252 3462 1322; x_wconf 68' lang='lat' dir='ltr'>paenitentia</span> <span class='ocrx_word' id='word_1_242' title='bbox 3487 1259 3545 1308; x_wconf 91' lang='lat' dir='ltr'>et</span> <span class='ocrx_word' id='word_1_243' title='bbox 3566 1271 3674 1324; x_wconf 89' lang='lat' dir='ltr'>pu-</span> 
     </span>
    </p>
   </div>
   <div class='ocr_carea' id='block_1_35' title="bbox 2024 1335 3671 1412">
    <p class='ocr_par' dir='ltr' id='par_1_35' title="bbox 2024 1335 3671 1412">
     <span class='ocr_line' id='line_1_35' title="bbox 2024 1335 3671 1412; baseline 0.003 -22"><span class='ocrx_word' id='word_1_244' title='bbox 2024 1335 2132 1390; x_wconf 85' lang='lat' dir='ltr'>dor</span> <span class='ocrx_word' id='word_1_245' title='bbox 2157 1344 2622 1407; x_wconf 88' lang='lat' dir='ltr'>consequuntur.</span> <span class='ocrx_word' id='word_1_246' title='bbox 2649 1340 2792 1392; x_wconf 89' lang='lat' dir='ltr'>Cum</span> <span class='ocrx_word' id='word_1_247' title='bbox 2817 1341 2950 1410; x_wconf 90' lang='lat' dir='ltr'>quis</span> <span class='ocrx_word' id='word_1_248' title='bbox 2979 1357 3112 1412; x_wconf 85' lang='lat' dir='ltr'>ergo</span> <span class='ocrx_word' id='word_1_249' title='bbox 3138 1357 3330 1410; x_wconf 86' lang='lat' dir='ltr'>neque</span> <span class='ocrx_word' id='word_1_250' title='bbox 3354 1341 3456 1394; x_wconf 72' lang='lat' dir='ltr'>iraa</span> <span class='ocrx_word' id='word_1_251' title='bbox 3478 1357 3671 1412; x_wconf 91' lang='lat' dir='ltr'>neque</span> 
     </span>
    </p>
   </div>
   <div class='ocr_carea' id='block_1_36' title="bbox 2022 1425 3671 1499">
    <p class='ocr_par' dir='ltr' id='par_1_36' title="bbox 2022 1425 3671 1499">
     <span class='ocr_line' id='line_1_36' title="bbox 2022 1425 3671 1499; baseline 0.005 -21"><span class='ocrx_word' id='word_1_252' title='bbox 2022 1425 2332 1494; x_wconf 88' lang='lat' dir='ltr'>cupiditati</span> <span class='ocrx_word' id='word_1_253' title='bbox 2357 1426 2714 1496; x_wconf 89' lang='lat' dir='ltr'>obsequens,</span> <span class='ocrx_word' id='word_1_254' title='bbox 2739 1445 2869 1498; x_wconf 63' lang='lat' dir='ltr'>qua;</span> <span class='ocrx_word' id='word_1_255' title='bbox 2890 1429 3129 1499; x_wconf 88' lang='lat' dir='ltr'>quidem</span> <span class='ocrx_word' id='word_1_256' title='bbox 3155 1435 3211 1482; x_wconf 91' lang='lat' dir='ltr'>et</span> <span class='ocrx_word' id='word_1_257' title='bbox 3237 1429 3671 1486; x_wconf 88' lang='lat' dir='ltr'>consuetudine</span> 
     </span>
    </p>
   </div>
   <div class='ocr_carea' id='block_1_37' title="bbox 2021 1513 3672 1590">
    <p class='ocr_par' dir='ltr' id='par_1_37' title="bbox 2021 1513 3672 1590">
     <span class='ocr_line' id='line_1_37' title="bbox 2021 1513 3672 1590; baseline 0.004 -23"><span class='ocrx_word' id='word_1_258' title='bbox 2021 1519 2078 1567; x_wconf 89' lang='lat' dir='ltr'>et</span> <span class='ocrx_word' id='word_1_259' title='bbox 2106 1513 2266 1568; x_wconf 90' lang='lat' dir='ltr'>mala</span> <span class='ocrx_word' id='word_1_260' title='bbox 2283 1514 2631 1570; x_wconf 87' lang='lat' dir='ltr'>educatione</span> <span class='ocrx_word' id='word_1_261' title='bbox 2649 1522 2857 1581; x_wconf 68' lang='lat' dir='ltr'>auctas,</span> <span class='ocrx_word' id='word_1_262' title='bbox 2891 1516 3251 1571; x_wconf 86' lang='lat' dir='ltr'>obumbrant</span> <span class='ocrx_word' id='word_1_263' title='bbox 3272 1524 3328 1571; x_wconf 88' lang='lat' dir='ltr'>et</span> <span class='ocrx_word' id='word_1_264' title='bbox 3349 1523 3672 1590; x_wconf 85' lang='lat' dir='ltr'>contegunt</span> 
     </span>
    </p>
   </div>
   <div class='ocr_carea' id='block_1_38' title="bbox 2017 1603 3664 1676">
    <p class='ocr_par' dir='ltr' id='par_1_38' title="bbox 2017 1603 3664 1676">
     <span class='ocr_line' id='line_1_38' title="bbox 2017 1603 3664 1676; baseline 0.005 -21"><span class='ocrx_word' id='word_1_265' title='bbox 2017 1603 2328 1671; x_wconf 90' lang='lat' dir='ltr'>rationem,</span> <span class='ocrx_word' id='word_1_266' title='bbox 2366 1603 2468 1658; x_wconf 92' lang='lat' dir='ltr'>sed</span> <span class='ocrx_word' id='word_1_267' title='bbox 2499 1621 2629 1674; x_wconf 71' lang='lat' dir='ltr'>qua)</span> <span class='ocrx_word' id='word_1_268' title='bbox 2662 1621 2731 1658; x_wconf 86' lang='lat' dir='ltr'>ex</span> <span class='ocrx_word' id='word_1_269' title='bbox 2761 1605 2831 1658; x_wconf 92' lang='lat' dir='ltr'>iis</span> <span class='ocrx_word' id='word_1_270' title='bbox 2853 1606 3250 1676; x_wconf 83' lang='lat' dir='ltr'>proﬁciscitur</span> <span class='ocrx_word' id='word_1_271' title='bbox 3280 1624 3500 1663; x_wconf 81' lang='lat' dir='ltr'>exuens</span> <span class='ocrx_word' id='word_1_272' title='bbox 3523 1609 3664 1663; x_wconf 89' lang='lat' dir='ltr'>cali-</span> 
     </span>
    </p>
   </div>
   <div class='ocr_carea' id='block_1_39' title="bbox 2013 1692 3662 1766">
    <p class='ocr_par' dir='ltr' id='par_1_39' title="bbox 2013 1692 3662 1766">
     <span class='ocr_line' id='line_1_39' title="bbox 2013 1692 3662 1766; baseline 0.004 -21"><span class='ocrx_word' id='word_1_273' title='bbox 2013 1692 2236 1763; x_wconf 91' lang='lat' dir='ltr'>ginem,</span> <span class='ocrx_word' id='word_1_274' title='bbox 2269 1698 2326 1746; x_wconf 91' lang='lat' dir='ltr'>et</span> <span class='ocrx_word' id='word_1_275' title='bbox 2352 1693 2575 1764; x_wconf 89' lang='lat' dir='ltr'>pudore</span> <span class='ocrx_word' id='word_1_276' title='bbox 2605 1695 2851 1748; x_wconf 70' lang='lat' dir='ltr'>affectus</span> <span class='ocrx_word' id='word_1_277' title='bbox 2883 1711 2952 1748; x_wconf 89' lang='lat' dir='ltr'>ex</span> <span class='ocrx_word' id='word_1_278' title='bbox 2984 1696 3355 1764; x_wconf 72' lang='lat' dir='ltr'>pmnitentia,</span> <span class='ocrx_word' id='word_1_279' title='bbox 3388 1697 3662 1766; x_wconf 87' lang='lat' dir='ltr'>spiritum</span> 
     </span>
    </p>
   </div>
   <div class='ocr_carea' id='block_1_40' title="bbox 2015 1779 3660 1853">
    <p class='ocr_par' dir='ltr' id='par_1_40' title="bbox 2015 1779 3660 1853">
     <span class='ocr_line' id='line_1_40' title="bbox 2015 1779 3660 1853; baseline 0.003 -21"><span class='ocrx_word' id='word_1_280' title='bbox 2015 1783 2074 1832; x_wconf 90' lang='lat' dir='ltr'>et</span> <span class='ocrx_word' id='word_1_281' title='bbox 2101 1779 2364 1833; x_wconf 89' lang='lat' dir='ltr'>animam</span> <span class='ocrx_word' id='word_1_282' title='bbox 2395 1779 2618 1834; x_wconf 88' lang='lat' dir='ltr'>unierit</span> <span class='ocrx_word' id='word_1_283' title='bbox 2639 1781 2699 1833; x_wconf 91' lang='lat' dir='ltr'>in</span> <span class='ocrx_word' id='word_1_284' title='bbox 2722 1781 3063 1836; x_wconf 87' lang='lat' dir='ltr'>obedientia</span> <span class='ocrx_word' id='word_1_285' title='bbox 3095 1782 3228 1853; x_wconf 88' lang='lat' dir='ltr'>Logi</span> <span class='ocrx_word' id='word_1_286' title='bbox 3252 1798 3357 1836; x_wconf 89' lang='lat' dir='ltr'>seu</span> <span class='ocrx_word' id='word_1_287' title='bbox 3379 1783 3624 1838; x_wconf 84' lang='lat' dir='ltr'>rationis</span> <span class='ocrx_word' id='word_1_288' title='bbox 3647 1805 3660 1850; x_wconf 89' lang='lat'><strong>;</strong></span> 
     </span>
    </p>
   </div>
   <div class='ocr_carea' id='block_1_41' title="bbox 2013 1868 3659 1934">
    <p class='ocr_par' dir='ltr' id='par_1_41' title="bbox 2013 1868 3659 1934">
     <span class='ocr_line' id='line_1_41' title="bbox 2013 1868 3659 1934; baseline 0.004 -14"><span class='ocrx_word' id='word_1_289' title='bbox 2013 1873 2176 1934; x_wconf 88' lang='lat' dir='ltr'>tunc,</span> <span class='ocrx_word' id='word_1_290' title='bbox 2209 1874 2274 1921; x_wconf 91' lang='lat' dir='ltr'>ut</span> <span class='ocrx_word' id='word_1_291' title='bbox 2298 1869 2381 1922; x_wconf 87' lang='lat' dir='ltr'>ait</span> <span class='ocrx_word' id='word_1_292' title='bbox 2405 1868 2644 1934; x_wconf 89' lang='lat' dir='ltr'>Paulus,</span> <span class='ocrx_word' id='word_1_293' title='bbox 2679 1891 2704 1918; x_wconf 84' lang='lat'>«</span> <span class='ocrx_word' id='word_1_294' title='bbox 2741 1885 2860 1922; x_wconf 92' lang='lat' dir='ltr'>non</span> <span class='ocrx_word' id='word_1_295' title='bbox 2892 1870 3047 1924; x_wconf 89' lang='lat' dir='ltr'>inest</span> <span class='ocrx_word' id='word_1_296' title='bbox 3074 1871 3135 1924; x_wconf 90' lang='lat' dir='ltr'>in</span> <span class='ocrx_word' id='word_1_297' title='bbox 3158 1871 3329 1924; x_wconf 87' lang='lat' dir='ltr'>nobis</span> <span class='ocrx_word' id='word_1_298' title='bbox 3361 1887 3472 1926; x_wconf 86' lang='lat' dir='ltr'>nec</span> <span class='ocrx_word' id='word_1_299' title='bbox 3492 1889 3659 1927; x_wconf 88' lang='lat' dir='ltr'>mas-</span> 
     </span>
    </p>
   </div>
   <div class='ocr_carea' id='block_1_42' title="bbox 2012 1955 3662 2020">
    <p class='ocr_par' dir='ltr' id='par_1_42' title="bbox 2012 1955 3662 2020">
     <span class='ocr_line' id='line_1_42' title="bbox 2012 1955 3662 2020; baseline 0.004 -12"><span class='ocrx_word' id='word_1_300' title='bbox 2012 1955 2202 2020; x_wconf 88' lang='lat' dir='ltr'>culus,</span> <span class='ocrx_word' id='word_1_301' title='bbox 2245 1971 2355 2009; x_wconf 91' lang='lat' dir='ltr'>nec</span> <span class='ocrx_word' id='word_1_302' title='bbox 2381 1955 2624 2011; x_wconf 84' lang='lat' dir='ltr'>femina.</span> <span class='ocrx_word' id='word_1_303' title='bbox 2657 1978 2685 2005; x_wconf 88' lang='grc'><strong>››</strong></span> <span class='ocrx_word' id='word_1_304' title='bbox 2718 1957 3021 2011; x_wconf 82' lang='lat' dir='ltr'>Recedens</span> <span class='ocrx_word' id='word_1_305' title='bbox 3053 1958 3212 2012; x_wconf 91' lang='lat' dir='ltr'>enim</span> <span class='ocrx_word' id='word_1_306' title='bbox 3257 1959 3458 2012; x_wconf 89' lang='lat' dir='ltr'>anima</span> <span class='ocrx_word' id='word_1_307' title='bbox 3487 1959 3560 2014; x_wconf 90' lang='lat' dir='ltr'>ab</span> <span class='ocrx_word' id='word_1_308' title='bbox 3592 1975 3662 2014; x_wconf 87' lang='lat' dir='ltr'>ea</span> 
     </span>
    </p>
   </div>
   <div class='ocr_carea' id='block_1_43' title="bbox 2012 2043 3662 2114">
    <p class='ocr_par' dir='ltr' id='par_1_43' title="bbox 2012 2043 3662 2114">
     <span class='ocr_line' id='line_1_43' title="bbox 2012 2043 3662 2114; baseline 0.002 -17"><span class='ocrx_word' id='word_1_309' title='bbox 2012 2043 2217 2114; x_wconf 72' lang='lat' dir='ltr'>figura,</span> <span class='ocrx_word' id='word_1_310' title='bbox 2251 2060 2368 2114; x_wconf 91' lang='lat' dir='ltr'>qua</span> <span class='ocrx_word' id='word_1_311' title='bbox 2399 2043 2759 2098; x_wconf 89' lang='lat' dir='ltr'>discernitur</span> <span class='ocrx_word' id='word_1_312' title='bbox 2789 2045 3090 2100; x_wconf 87' lang='lat' dir='ltr'>masculus</span> <span class='ocrx_word' id='word_1_313' title='bbox 3112 2052 3171 2099; x_wconf 92' lang='lat' dir='ltr'>et</span> <span class='ocrx_word' id='word_1_314' title='bbox 3191 2046 3431 2113; x_wconf 87' lang='lat' dir='ltr'>femina,</span> <span class='ocrx_word' id='word_1_315' title='bbox 3459 2047 3662 2101; x_wconf 89' lang='lat' dir='ltr'>tradu-</span> 
     </span>
    </p>
   </div>
   <div class='ocr_carea' id='block_1_44' title="bbox 2008 2131 3660 2196">
    <p class='ocr_par' dir='ltr' id='par_1_44' title="bbox 2008 2131 3660 2196">
     <span class='ocr_line' id='line_1_44' title="bbox 2008 2131 3660 2196; baseline 0.002 -11"><span class='ocrx_word' id='word_1_316' title='bbox 2008 2131 2161 2186; x_wconf 90' lang='lat' dir='ltr'>citur</span> <span class='ocrx_word' id='word_1_317' title='bbox 2189 2131 2262 2186; x_wconf 91' lang='lat' dir='ltr'>ad</span> <span class='ocrx_word' id='word_1_318' title='bbox 2289 2132 2594 2196; x_wconf 89' lang='lat' dir='ltr'>unionem,</span> <span class='ocrx_word' id='word_1_319' title='bbox 2629 2150 2765 2187; x_wconf 90' lang='lat' dir='ltr'>cum</span> <span class='ocrx_word' id='word_1_320' title='bbox 2798 2150 2867 2188; x_wconf 91' lang='lat' dir='ltr'>ea</span> <span class='ocrx_word' id='word_1_321' title='bbox 2897 2140 3175 2188; x_wconf 90' lang='lat' dir='ltr'>neutrum</span> <span class='ocrx_word' id='word_1_322' title='bbox 3209 2135 3302 2188; x_wconf 88' lang='lat' dir='ltr'>sit.</span> <span class='ocrx_word' id='word_1_323' title='bbox 3344 2136 3660 2190; x_wconf 85' lang='lat' dir='ltr'>Existimat</span> 
     </span>
    </p>
   </div>
   <div class='ocr_carea' id='block_1_45' title="bbox 2006 2221 3661 2293">
    <p class='ocr_par' dir='ltr' id='par_1_45' title="bbox 2006 2221 3661 2293">
     <span class='ocr_line' id='line_1_45' title="bbox 2006 2221 3661 2293; baseline 0.003 -19"><span class='ocrx_word' id='word_1_324' title='bbox 2006 2227 2204 2275; x_wconf 89' lang='lat' dir='ltr'>autem</span> <span class='ocrx_word' id='word_1_325' title='bbox 2235 2221 2329 2275; x_wconf 89' lang='lat' dir='ltr'>hic</span> <span class='ocrx_word' id='word_1_326' title='bbox 2364 2221 2447 2274; x_wconf 87' lang='lat' dir='ltr'>vir</span> <span class='ocrx_word' id='word_1_327' title='bbox 2476 2221 2796 2291; x_wconf 84' lang='lat' dir='ltr'>praeclarus</span> <span class='ocrx_word' id='word_1_328' title='bbox 2823 2223 2976 2293; x_wconf 90' lang='lat' dir='ltr'>plus,</span> <span class='ocrx_word' id='word_1_329' title='bbox 3003 2240 3182 2293; x_wconf 90' lang='lat' dir='ltr'>quam</span> <span class='ocrx_word' id='word_1_330' title='bbox 3214 2241 3321 2293; x_wconf 88' lang='lat' dir='ltr'>par</span> <span class='ocrx_word' id='word_1_331' title='bbox 3343 2224 3438 2285; x_wconf 80' lang='lat' dir='ltr'>sit,</span> <span class='ocrx_word' id='word_1_332' title='bbox 3465 2224 3661 2279; x_wconf 88' lang='lat' dir='ltr'>Plato-</span> 
     </span>
    </p>
   </div>
   <div class='ocr_carea' id='block_1_46' title="bbox 243 2309 3661 2383">
    <p class='ocr_par' dir='ltr' id='par_1_46' title="bbox 243 2309 3661 2383">
     <span class='ocr_line' id='line_1_46' title="bbox 243 2309 3661 2383; baseline 0 -17"><span class='ocrx_word' id='word_1_333' title='bbox 243 2312 402 2379; x_wconf 90' lang='lat' dir='ltr'>nice,</span> <span class='ocrx_word' id='word_1_334' title='bbox 435 2311 718 2380; x_wconf 79' lang='lat' dir='ltr'>animum,</span> <span class='ocrx_word' id='word_1_335' title='bbox 751 2328 888 2367; x_wconf 88' lang='lat' dir='ltr'>cum</span> <span class='ocrx_word' id='word_1_336' title='bbox 920 2312 997 2367; x_wconf 88' lang='lat' dir='ltr'>sit</span> <span class='ocrx_word' id='word_1_337' title='bbox 1019 2311 1092 2366; x_wconf 88' lang='lat' dir='ltr'>ab</span> <span class='ocrx_word' id='word_1_338' title='bbox 1124 2309 1292 2365; x_wconf 89' lang='lat' dir='ltr'>initio</span> <span class='ocrx_word' id='word_1_339' title='bbox 1324 2309 1538 2377; x_wconf 91' lang='lat' dir='ltr'>divina,</span> <span class='ocrx_word' id='word_1_340' title='bbox 1594 2310 1915 2382; x_wconf 88' lang='lat' dir='ltr'>cupiditate</span> <span class='ocrx_word' id='word_1_341' title='bbox 1947 2309 2367 2375; x_wconf 72' lang='lat' dir='ltr'>eileminatam,</span> <span class='ocrx_word' id='word_1_342' title='bbox 2403 2309 2518 2364; x_wconf 86' lang='lat' dir='ltr'>huc</span> <span class='ocrx_word' id='word_1_343' title='bbox 2562 2311 2761 2365; x_wconf 90' lang='lat' dir='ltr'>venire</span> <span class='ocrx_word' id='word_1_344' title='bbox 2791 2312 2865 2366; x_wconf 89' lang='lat' dir='ltr'>ad</span> <span class='ocrx_word' id='word_1_345' title='bbox 2895 2312 3339 2383; x_wconf 78' lang='lat' dir='ltr'>generationem</span> <span class='ocrx_word' id='word_1_346' title='bbox 3388 2319 3445 2366; x_wconf 92' lang='lat' dir='ltr'>et</span> <span class='ocrx_word' id='word_1_347' title='bbox 3473 2313 3661 2368; x_wconf 90' lang='lat' dir='ltr'>inter-</span> 
     </span>
    </p>
   </div>
   <div class='ocr_carea' id='block_1_47' title="bbox 246 2402 420 2458">
    <p class='ocr_par' dir='ltr' id='par_1_47' title="bbox 246 2402 420 2458">
     <span class='ocr_line' id='line_1_47' title="bbox 246 2402 420 2458; baseline 0.017 -3"><span class='ocrx_word' id='word_1_348' title='bbox 246 2402 420 2458; x_wconf 90' lang='lat' dir='ltr'>itum.</span> 
     </span>
    </p>
   </div>
   <div class='ocr_carea' id='block_1_48' title="bbox 1733 2489 2162 2543">
    <p class='ocr_par' dir='ltr' id='par_1_48' title="bbox 1733 2489 2162 2543">
     <span class='ocr_line' id='line_1_48' title="bbox 1733 2489 2162 2543; baseline 0 0"><span class='ocrx_word' id='word_1_349' title='bbox 1733 2489 1964 2543; x_wconf 82' lang='lat' dir='ltr'>CAPUT</span> <span class='ocrx_word' id='word_1_350' title='bbox 2010 2489 2134 2542; x_wconf 85' lang='lat' dir='ltr'><strong>XIV</strong></span> <span class='ocrx_word' id='word_1_351' title='bbox 2149 2531 2162 2543; x_wconf 94' lang='lat'>.</span> 
     </span>
    </p>
   </div>
   <div class='ocr_carea' id='block_1_49' title="bbox 1333 2576 2554 2646">
    <p class='ocr_par' dir='ltr' id='par_1_49' title="bbox 1333 2576 2554 2646">
     <span class='ocr_line' id='line_1_49' title="bbox 1333 2576 2554 2646; baseline -0.001 -15"><span class='ocrx_word' id='word_1_352' title='bbox 1333 2578 1392 2631; x_wconf 90' lang='lat' dir='ltr'><em>II</em></span> <span class='ocrx_word' id='word_1_353' title='bbox 1420 2577 1543 2633; x_wconf 78' lang='lat' dir='ltr'>Cor.</span> <span class='ocrx_word' id='word_1_354' title='bbox 1575 2593 1654 2643; x_wconf 77' lang='lat' dir='ltr'>xx,</span> <span class='ocrx_word' id='word_1_355' title='bbox 1703 2576 1757 2644; x_wconf 91' lang='lat'>3,</span> <span class='ocrx_word' id='word_1_356' title='bbox 1795 2583 1848 2631; x_wconf 89' lang='lat' dir='ltr'>et</span> <span class='ocrx_word' id='word_1_357' title='bbox 1878 2576 2016 2646; x_wconf 85' lang='lat' dir='ltr'>Eph.</span> <span class='ocrx_word' id='word_1_358' title='bbox 2051 2593 2126 2642; x_wconf 85' lang='lat' dir='ltr'>1v,</span> <span class='ocrx_word' id='word_1_359' title='bbox 2169 2578 2258 2640; x_wconf 77' lang='grc'>24,</span> <span class='ocrx_word' id='word_1_360' title='bbox 2288 2577 2554 2645; x_wconf 66' lang='lat' dir='ltr'>Exponit.</span> 
     </span>
    </p>
   </div>
   <div class='ocr_carea' id='block_1_50' title="bbox 313 2674 1896 2750">
    <p class='ocr_par' dir='ltr' id='par_1_50' title="bbox 313 2674 1896 2750">
     <span class='ocr_line' id='line_1_50' title="bbox 313 2674 1896 2750; baseline -0.003 -17"><span class='ocrx_word' id='word_1_361' title='bbox 313 2676 522 2733; x_wconf 82' lang='grc' dir='ltr'>Αὐτίκα</span> <span class='ocrx_word' id='word_1_362' title='bbox 585 2675 822 2750; x_wconf 86' lang='grc' dir='ltr'>βιάζεται</span> <span class='ocrx_word' id='word_1_363' title='bbox 878 2675 972 2730; x_wconf 87' lang='grc' dir='ltr'>τὸν</span> <span class='ocrx_word' id='word_1_364' title='bbox 1022 2674 1235 2730; x_wconf 79' lang='grc' dir='ltr'>Παῦλον</span> <span class='ocrx_word' id='word_1_365' title='bbox 1284 2675 1343 2730; x_wconf 78' lang='grc' dir='ltr'>ἐκ</span> <span class='ocrx_word' id='word_1_366' title='bbox 1391 2682 1491 2744; x_wconf 79' lang='grc' dir='ltr'>τῆς</span> <span class='ocrx_word' id='word_1_367' title='bbox 1535 2675 1746 2744; x_wconf 76' lang='grc' dir='ltr'>ἀπάτης</span> <span class='ocrx_word' id='word_1_368' title='bbox 1794 2675 1896 2743; x_wconf 75' lang='grc' dir='ltr'>τήν</span> 
     </span>
    </p>
   </div>
   <div class='ocr_carea' id='block_1_51' title="bbox 243 2759 1894 2840">
    <p class='ocr_par' dir='ltr' id='par_1_51' title="bbox 243 2759 1894 2840">
     <span class='ocr_line' id='line_1_51' title="bbox 243 2759 1894 2840; baseline -0.002 -20"><span class='ocrx_word' id='word_1_369' title='bbox 243 2767 455 2840; x_wconf 73' lang='grc' dir='ltr'>γένεσιν</span> <span class='ocrx_word' id='word_1_370' title='bbox 489 2765 796 2820; x_wconf 71' lang='grc' dir='ltr'>συνιστάναι</span> <span class='ocrx_word' id='word_1_371' title='bbox 831 2767 906 2836; x_wconf 76' lang='grc'>(5)</span> <span class='ocrx_word' id='word_1_372' title='bbox 939 2763 1116 2838; x_wconf 68' lang='grc' dir='ltr'>λέγειν</span> <span class='ocrx_word' id='word_1_373' title='bbox 1148 2761 1236 2818; x_wconf 82' lang='grc' dir='ltr'>διὰ</span> <span class='ocrx_word' id='word_1_374' title='bbox 1265 2763 1492 2819; x_wconf 75' lang='grc' dir='ltr'>τούτων·</span> <span class='ocrx_word' id='word_1_375' title='bbox 1546 2789 1574 2816; x_wconf 88' lang='grc'>‹‹</span> <span class='ocrx_word' id='word_1_376' title='bbox 1606 2759 1894 2835; x_wconf 76' lang='grc' dir='ltr'>Φοϐοῦμαι</span> 
     </span>
    </p>
   </div>
   <div class='ocr_carea' id='block_1_52' title="bbox 245 2848 1897 2929">
    <p class='ocr_par' dir='ltr' id='par_1_52' title="bbox 245 2848 1897 2929">
     <span class='ocr_line' id='line_1_52' title="bbox 245 2848 1897 2929; baseline -0.002 -21"><span class='ocrx_word' id='word_1_377' title='bbox 245 2852 304 2908; x_wconf 76' lang='grc' dir='ltr'>δὲ</span> <span class='ocrx_word' id='word_1_378' title='bbox 338 2855 437 2926; x_wconf 79' lang='grc' dir='ltr'>μὴ,</span> <span class='ocrx_word' id='word_1_379' title='bbox 471 2854 546 2914; x_wconf 88' lang='grc' dir='ltr'>ὡς</span> <span class='ocrx_word' id='word_1_380' title='bbox 581 2854 608 2907; x_wconf 92' lang='lat'>6</span> <span class='ocrx_word' id='word_1_381' title='bbox 639 2849 761 2929; x_wconf 73' lang='grc' dir='ltr'>ὄφις</span> <span class='ocrx_word' id='word_1_382' title='bbox 795 2855 868 2924; x_wconf 85' lang='grc'>(6)</span> <span class='ocrx_word' id='word_1_383' title='bbox 901 2848 1039 2908; x_wconf 74' lang='grc' dir='ltr'>Εὕαν</span> <span class='ocrx_word' id='word_1_384' title='bbox 1067 2850 1426 2922; x_wconf 77' lang='grc' dir='ltr'>ἐξηπάτησεν,</span> <span class='ocrx_word' id='word_1_385' title='bbox 1457 2855 1636 2927; x_wconf 77' lang='grc' dir='ltr'>φθαρῇ</span> <span class='ocrx_word' id='word_1_386' title='bbox 1666 2852 1733 2906; x_wconf 82' lang='grc' dir='ltr'>τὰ</span> <span class='ocrx_word' id='word_1_387' title='bbox 1760 2855 1897 2921; x_wconf 78' lang='grc' dir='ltr'>νοή-</span> 
     </span>
    </p>
   </div>
   <div class='ocr_carea' id='block_1_53' title="bbox 246 2939 1894 3016">
    <p class='ocr_par' dir='ltr' id='par_1_53' title="bbox 246 2939 1894 3016">
     <span class='ocr_line' id='line_1_53' title="bbox 246 2939 1894 3016; baseline -0.004 -19"><span class='ocrx_word' id='word_1_388' title='bbox 246 2963 392 3016; x_wconf 85' lang='grc' dir='ltr'>ματα</span> <span class='ocrx_word' id='word_1_389' title='bbox 425 2944 579 3015; x_wconf 82' lang='grc' dir='ltr'>ὑμῶν</span> <span class='ocrx_word' id='word_1_390' title='bbox 611 2942 717 2996; x_wconf 85' lang='grc' dir='ltr'>ἀπὸ</span> <span class='ocrx_word' id='word_1_391' title='bbox 747 2947 848 3003; x_wconf 78' lang='grc' dir='ltr'>τῆς</span> <span class='ocrx_word' id='word_1_392' title='bbox 881 2939 1196 3009; x_wconf 82' lang='grc' dir='ltr'>ἁπλότητος</span> <span class='ocrx_word' id='word_1_393' title='bbox 1223 2943 1321 3002; x_wconf 67' lang='grc' dir='ltr'>τῆς</span> <span class='ocrx_word' id='word_1_394' title='bbox 1355 2941 1432 3002; x_wconf 86' lang='grc' dir='ltr'>εἷς</span> <span class='ocrx_word' id='word_1_395' title='bbox 1460 2941 1552 2994; x_wconf 89' lang='grc' dir='ltr'>τὸν</span> <span class='ocrx_word' id='word_1_396' title='bbox 1582 2940 1831 3013; x_wconf 84' lang='grc' dir='ltr'>Χριστόν.</span> <span class='ocrx_word' id='word_1_397' title='bbox 1866 2964 1894 2991; x_wconf 86' lang='grc'>››</span> 
     </span>
    </p>
   </div>
   <div class='ocr_carea' id='block_1_54' title="bbox 262 3027 1893 3104">
    <p class='ocr_par' dir='ltr' id='par_1_54' title="bbox 262 3027 1893 3104">
     <span class='ocr_line' id='line_1_54' title="bbox 262 3027 1893 3104; baseline -0.004 -15"><span class='ocrx_word' id='word_1_398' title='bbox 262 3030 423 3089; x_wconf 85' lang='grc' dir='ltr'>Αλλᾶ</span> <span class='ocrx_word' id='word_1_399' title='bbox 469 3031 558 3086; x_wconf 79' lang='grc' dir='ltr'>καὶ</span> <span class='ocrx_word' id='word_1_400' title='bbox 600 3032 628 3085; x_wconf 89' lang='grc' dir='ltr'>ὁ</span> <span class='ocrx_word' id='word_1_401' title='bbox 661 3029 863 3104; x_wconf 71' lang='grc' dir='ltr'>Κύριος</span> <span class='ocrx_word' id='word_1_402' title='bbox 919 3028 1006 3083; x_wconf 80' lang='grc' dir='ltr'>ἐπὶ</span> <span class='ocrx_word' id='word_1_403' title='bbox 1057 3029 1124 3084; x_wconf 74' lang='grc' dir='ltr'>τὰ</span> <span class='ocrx_word' id='word_1_404' title='bbox 1176 3052 1203 3080; x_wconf 86' lang='grc'>‹‹</span> <span class='ocrx_word' id='word_1_405' title='bbox 1234 3027 1628 3100; x_wconf 73' lang='grc' dir='ltr'>πεπλανημένα</span> <span class='ocrx_word' id='word_1_406' title='bbox 1669 3053 1696 3080; x_wconf 75' lang='grc' dir='ltr'>›ι</span> <span class='ocrx_word' id='word_1_407' title='bbox 1755 3029 1893 3100; x_wconf 88' lang='grc' dir='ltr'>ὁμο-</span> 
     </span>
    </p>
   </div>
   <div class='ocr_carea' id='block_1_55' title="bbox 247 3115 1898 3194">
    <p class='ocr_par' dir='ltr' id='par_1_55' title="bbox 247 3115 1898 3194">
     <span class='ocr_line' id='line_1_55' title="bbox 247 3115 1898 3194; baseline -0.002 -20"><span class='ocrx_word' id='word_1_408' title='bbox 247 3119 607 3194; x_wconf 69' lang='grc' dir='ltr'>λογουμένως</span> <span class='ocrx_word' id='word_1_409' title='bbox 640 3144 667 3170; x_wconf 91' lang='grc'>‹‹</span> <span class='ocrx_word' id='word_1_410' title='bbox 699 3117 854 3188; x_wconf 64' lang='grc' dir='ltr'>ἦλθε*</span> <span class='ocrx_word' id='word_1_411' title='bbox 889 3144 917 3170; x_wconf 90' lang='grc'>››</span> <span class='ocrx_word' id='word_1_412' title='bbox 943 3117 1340 3191; x_wconf 71' lang='grc' dir='ltr'>πεπλανημένα</span> <span class='ocrx_word' id='word_1_413' title='bbox 1371 3115 1427 3172; x_wconf 76' lang='grc' dir='ltr'><em>δὲ</em></span> <span class='ocrx_word' id='word_1_414' title='bbox 1458 3117 1557 3172; x_wconf 81' lang='grc' dir='ltr'>οὐκ</span> <span class='ocrx_word' id='word_1_415' title='bbox 1587 3117 1787 3181; x_wconf 80' lang='grc' dir='ltr'>ἄνωθεν</span> <span class='ocrx_word' id='word_1_416' title='bbox 1823 3117 1898 3180; x_wconf 87' lang='grc' dir='ltr'>εἷς</span> 
     </span>
    </p>
   </div>
   <div class='ocr_carea' id='block_1_56' title="bbox 242 3205 1895 3284">
    <p class='ocr_par' dir='ltr' id='par_1_56' title="bbox 242 3205 1895 3284">
     <span class='ocr_line' id='line_1_56' title="bbox 242 3205 1895 3284; baseline -0.004 -19"><span class='ocrx_word' id='word_1_417' title='bbox 242 3211 345 3278; x_wconf 79' lang='grc' dir='ltr'>τήν</span> <span class='ocrx_word' id='word_1_418' title='bbox 407 3207 564 3282; x_wconf 77' lang='grc' dir='ltr'>δεῦρο</span> <span class='ocrx_word' id='word_1_419' title='bbox 621 3207 843 3284; x_wconf 70' lang='grc' dir='ltr'>γένεσιν,</span> <span class='ocrx_word' id='word_1_420' title='bbox 903 3207 1127 3277; x_wconf 84' lang='grc' dir='ltr'>κτίστης</span> <span class='ocrx_word' id='word_1_421' title='bbox 1186 3207 1288 3281; x_wconf 79' lang='grc' dir='ltr'>γὰρ</span> <span class='ocrx_word' id='word_1_422' title='bbox 1337 3209 1372 3277; x_wconf 76' lang='grc' dir='ltr'><strong>ἡ</strong></span> <span class='ocrx_word' id='word_1_423' title='bbox 1418 3207 1620 3282; x_wconf 72' lang='grc' dir='ltr'>γένεσις</span> <span class='ocrx_word' id='word_1_424' title='bbox 1676 3212 1754 3280; x_wconf 86' lang='grc'>(7)</span> <span class='ocrx_word' id='word_1_425' title='bbox 1806 3205 1895 3260; x_wconf 79' lang='grc' dir='ltr'>καὶ</span> 
     </span>
    </p>
   </div>
   <div class='ocr_carea' id='block_1_57' title="bbox 2077 2676 3653 2748">
    <p class='ocr_par' dir='ltr' id='par_1_57' title="bbox 2077 2676 3653 2748">
     <span class='ocr_line' id='line_1_57' title="bbox 2077 2676 3653 2748; baseline -0.001 -17"><span class='ocrx_word' id='word_1_426' title='bbox 2077 2678 2202 2731; x_wconf 85' lang='lat' dir='ltr'>Jam</span> <span class='ocrx_word' id='word_1_427' title='bbox 2219 2693 2354 2730; x_wconf 89' lang='lat' dir='ltr'>vero</span> <span class='ocrx_word' id='word_1_428' title='bbox 2374 2676 2464 2730; x_wconf 87' lang='lat' dir='ltr'>vel</span> <span class='ocrx_word' id='word_1_429' title='bbox 2485 2676 2730 2731; x_wconf 90' lang='lat' dir='ltr'>invitum</span> <span class='ocrx_word' id='word_1_430' title='bbox 2753 2677 2908 2748; x_wconf 86' lang='lat' dir='ltr'>cogit</span> <span class='ocrx_word' id='word_1_431' title='bbox 2927 2676 3176 2730; x_wconf 88' lang='lat' dir='ltr'>Paulum</span> <span class='ocrx_word' id='word_1_432' title='bbox 3207 2676 3653 2748; x_wconf 88' lang='lat' dir='ltr'>generationem</span> 
     </span>
    </p>
   </div>
   <div class='ocr_carea' id='block_1_58' title="bbox 2008 2762 3655 2834">
    <p class='ocr_par' dir='ltr' id='par_1_58' title="bbox 2008 2762 3655 2834">
     <span class='ocr_line' id='line_1_58' title="bbox 2008 2762 3655 2834; baseline -0.001 -16"><span class='ocrx_word' id='word_1_433' title='bbox 2008 2781 2076 2818; x_wconf 90' lang='lat' dir='ltr'>ex</span> <span class='ocrx_word' id='word_1_434' title='bbox 2108 2763 2456 2834; x_wconf 88' lang='lat' dir='ltr'>deceptione</span> <span class='ocrx_word' id='word_1_435' title='bbox 2487 2763 2800 2828; x_wconf 79' lang='lat' dir='ltr'>deducere,</span> <span class='ocrx_word' id='word_1_436' title='bbox 2834 2779 2968 2816; x_wconf 90' lang='lat' dir='ltr'>cum</span> <span class='ocrx_word' id='word_1_437' title='bbox 3009 2762 3188 2816; x_wconf 90' lang='lat' dir='ltr'>dicit:</span> <span class='ocrx_word' id='word_1_438' title='bbox 3244 2789 3262 2810; x_wconf 69' lang='grc' dir='ltr'>α</span> <span class='ocrx_word' id='word_1_439' title='bbox 3302 2765 3516 2816; x_wconf 87' lang='lat' dir='ltr'>Vereor</span> <span class='ocrx_word' id='word_1_440' title='bbox 3543 2779 3655 2816; x_wconf 90' lang='lat' dir='ltr'>au-</span> 
     </span>
    </p>
   </div>
   <div class='ocr_carea' id='block_1_59' title="bbox 2009 2851 3654 2922">
    <p class='ocr_par' dir='ltr' id='par_1_59' title="bbox 2009 2851 3654 2922">
     <span class='ocr_line' id='line_1_59' title="bbox 2009 2851 3654 2922; baseline -0.002 -14"><span class='ocrx_word' id='word_1_441' title='bbox 2009 2860 2150 2919; x_wconf 90' lang='lat' dir='ltr'>tem,</span> <span class='ocrx_word' id='word_1_442' title='bbox 2184 2869 2258 2907; x_wconf 91' lang='lat' dir='ltr'>ne</span> <span class='ocrx_word' id='word_1_443' title='bbox 2285 2853 2439 2907; x_wconf 90' lang='lat' dir='ltr'>sicut</span> <span class='ocrx_word' id='word_1_444' title='bbox 2467 2869 2713 2922; x_wconf 90' lang='lat' dir='ltr'>serpens</span> <span class='ocrx_word' id='word_1_445' title='bbox 2743 2853 2919 2907; x_wconf 84' lang='lat' dir='ltr'>Evam</span> <span class='ocrx_word' id='word_1_446' title='bbox 2950 2851 3202 2922; x_wconf 90' lang='lat' dir='ltr'>decepit,</span> <span class='ocrx_word' id='word_1_447' title='bbox 3240 2851 3499 2922; x_wconf 88' lang='lat' dir='ltr'>corrupti</span> <span class='ocrx_word' id='word_1_448' title='bbox 3533 2853 3654 2905; x_wconf 88' lang='lat' dir='ltr'>sint</span> 
     </span>
    </p>
   </div>
   <div class='ocr_carea' id='block_1_60' title="bbox 2009 2940 3650 3010">
    <p class='ocr_par' dir='ltr' id='par_1_60' title="bbox 2009 2940 3650 3010">
     <span class='ocr_line' id='line_1_60' title="bbox 2009 2940 3650 3010; baseline -0.004 -15"><span class='ocrx_word' id='word_1_449' title='bbox 2009 2957 2221 2996; x_wconf 88' lang='lat' dir='ltr'>sensus</span> <span class='ocrx_word' id='word_1_450' title='bbox 2239 2941 2412 2994; x_wconf 87' lang='lat' dir='ltr'>vestri</span> <span class='ocrx_word' id='word_1_451' title='bbox 2437 2957 2471 2994; x_wconf 92' lang='lat' dir='ltr'>a</span> <span class='ocrx_word' id='word_1_452' title='bbox 2488 2941 2885 3010; x_wconf 88' lang='lat' dir='ltr'>simplicitate,</span> <span class='ocrx_word' id='word_1_453' title='bbox 2917 2957 3049 3010; x_wconf 78' lang='lat' dir='ltr'>quae</span> <span class='ocrx_word' id='word_1_454' title='bbox 3071 2941 3231 2994; x_wconf 90' lang='lat' dir='ltr'>estin</span> <span class='ocrx_word' id='word_1_455' title='bbox 3247 2940 3476 2994; x_wconf 89' lang='lat' dir='ltr'>Christo</span> <span class='ocrx_word' id='word_1_456' title='bbox 3499 2941 3594 3010; x_wconf 91' lang='lat' dir='ltr'>(a).</span> <span class='ocrx_word' id='word_1_457' title='bbox 3623 2960 3650 2988; x_wconf 87' lang='grc'>››</span> 
     </span>
    </p>
   </div>
   <div class='ocr_carea' id='block_1_61' title="bbox 2007 3028 3652 3098">
    <p class='ocr_par' dir='ltr' id='par_1_61' title="bbox 2007 3028 3652 3098">
     <span class='ocr_line' id='line_1_61' title="bbox 2007 3028 3652 3098; baseline -0.001 -15"><span class='ocrx_word' id='word_1_458' title='bbox 2007 3029 2117 3083; x_wconf 90' lang='lat' dir='ltr'>Sed</span> <span class='ocrx_word' id='word_1_459' title='bbox 2149 3033 2377 3083; x_wconf 90' lang='lat' dir='ltr'>certum</span> <span class='ocrx_word' id='word_1_460' title='bbox 2411 3034 2518 3094; x_wconf 90' lang='lat' dir='ltr'>est,</span> <span class='ocrx_word' id='word_1_461' title='bbox 2552 3029 2867 3082; x_wconf 91' lang='lat' dir='ltr'>Dominum</span> <span class='ocrx_word' id='word_1_462' title='bbox 2916 3045 3153 3098; x_wconf 91' lang='lat' dir='ltr'>quoque</span> <span class='ocrx_word' id='word_1_463' title='bbox 3185 3050 3206 3078; x_wconf 78' lang='grc' dir='ltr'>ι</span> <span class='ocrx_word' id='word_1_464' title='bbox 3241 3028 3471 3082; x_wconf 89' lang='lat' dir='ltr'>venisse</span> <span class='ocrx_word' id='word_1_465' title='bbox 3510 3054 3528 3076; x_wconf 88' lang='lat'><strong>-</strong></span> <span class='ocrx_word' id='word_1_466' title='bbox 3577 3028 3652 3082; x_wconf 90' lang='lat' dir='ltr'>ad</span> 
     </span>
    </p>
   </div>
   <div class='ocr_carea' id='block_1_62' title="bbox 2007 3117 3652 3187">
    <p class='ocr_par' dir='ltr' id='par_1_62' title="bbox 2007 3117 3652 3187">
     <span class='ocr_line' id='line_1_62' title="bbox 2007 3117 3652 3187; baseline -0.001 -15"><span class='ocrx_word' id='word_1_467' title='bbox 2007 3135 2094 3181; x_wconf 87' lang='lat' dir='ltr'>ea,</span> <span class='ocrx_word' id='word_1_468' title='bbox 2114 3134 2278 3187; x_wconf 68' lang='lat' dir='ltr'>«quas</span> <span class='ocrx_word' id='word_1_469' title='bbox 2291 3117 2808 3186; x_wconf 68' lang='lat' dir='ltr'>aberraverantfb).</span> <span class='ocrx_word' id='word_1_470' title='bbox 2823 3117 3652 3180; x_wconf 77' lang='lat' dir='ltr'>nAberraveruntautem,non</span> 
     </span>
    </p>
   </div>
   <div class='ocr_carea' id='block_1_63' title="bbox 2007 3206 3652 3277">
    <p class='ocr_par' dir='ltr' id='par_1_63' title="bbox 2007 3206 3652 3277">
     <span class='ocr_line' id='line_1_63' title="bbox 2007 3206 3652 3277; baseline -0.001 -16"><span class='ocrx_word' id='word_1_471' title='bbox 2007 3208 2080 3261; x_wconf 89' lang='lat' dir='ltr'>ab</span> <span class='ocrx_word' id='word_1_472' title='bbox 2111 3207 2228 3261; x_wconf 91' lang='lat' dir='ltr'>alto</span> <span class='ocrx_word' id='word_1_473' title='bbox 2255 3206 2528 3276; x_wconf 89' lang='lat' dir='ltr'>repetitia</span> <span class='ocrx_word' id='word_1_474' title='bbox 2548 3206 2772 3276; x_wconf 82' lang='lat' dir='ltr'>origine</span> <span class='ocrx_word' id='word_1_475' title='bbox 2796 3207 2855 3260; x_wconf 93' lang='lat' dir='ltr'>in</span> <span class='ocrx_word' id='word_1_476' title='bbox 2891 3222 3041 3267; x_wconf 83' lang='lat' dir='ltr'>eam,</span> <span class='ocrx_word' id='word_1_477' title='bbox 3068 3223 3198 3276; x_wconf 74' lang='lat' dir='ltr'>qum</span> <span class='ocrx_word' id='word_1_478' title='bbox 3223 3206 3316 3259; x_wconf 84' lang='lat' dir='ltr'>hic</span> <span class='ocrx_word' id='word_1_479' title='bbox 3343 3211 3448 3264; x_wconf 79' lang='lat' dir='ltr'>est.</span> <span class='ocrx_word' id='word_1_480' title='bbox 3473 3221 3652 3277; x_wconf 88' lang='lat' dir='ltr'>gene-</span> 
     </span>
    </p>
   </div>
   <div class='ocr_carea' id='block_1_64' title="bbox 235 3294 1899 3390">
    <p class='ocr_par' dir='ltr' id='par_1_64' title="bbox 235 3294 1890 3371">
     <span class='ocr_line' id='line_1_64' title="bbox 235 3294 1890 3371; baseline -0.001 -19"><span class='ocrx_word' id='word_1_481' title='bbox 235 3297 409 3358; x_wconf 83' lang='grc' dir='ltr'>κτίσις</span> <span class='ocrx_word' id='word_1_482' title='bbox 444 3301 542 3351; x_wconf 75' lang='grc' dir='ltr'>τοῦ</span> <span class='ocrx_word' id='word_1_483' title='bbox 577 3296 1042 3371; x_wconf 83' lang='grc' dir='ltr'>Παντοκράτορος,</span> <span class='ocrx_word' id='word_1_484' title='bbox 1099 3297 1158 3358; x_wconf 78' lang='grc' dir='ltr'>ὃς</span> <span class='ocrx_word' id='word_1_485' title='bbox 1219 3296 1320 3351; x_wconf 76' lang='grc' dir='ltr'>οὐκ</span> <span class='ocrx_word' id='word_1_486' title='bbox 1376 3294 1436 3351; x_wconf 80' lang='grc' dir='ltr'>ἄν</span> <span class='ocrx_word' id='word_1_487' title='bbox 1486 3318 1618 3352; x_wconf 82' lang='grc' dir='ltr'>ποτε</span> <span class='ocrx_word' id='word_1_488' title='bbox 1648 3296 1698 3369; x_wconf 77' lang='grc' dir='ltr'>ἐξ</span> <span class='ocrx_word' id='word_1_489' title='bbox 1731 3297 1890 3369; x_wconf 82' lang='grc' dir='ltr'>ἀμει-</span> 
     </span>
    </p>
   </div>
   <div class='ocr_carea' id='block_1_65' title="bbox 2020 3294 3651 3390">
    <p class='ocr_par' dir='ltr' id='par_1_65' title="bbox 2020 3295 3651 3367">
     <span class='ocr_line' id='line_1_65' title="bbox 2020 3295 3651 3367; baseline -0.002 -17"><span class='ocrx_word' id='word_1_490' title='bbox 2020 3297 2297 3350; x_wconf 70' lang='lat' dir='ltr'>rationem</span> <span class='ocrx_word' id='word_1_491' title='bbox 2331 3301 2443 3360; x_wconf 89' lang='lat' dir='ltr'>(est</span> <span class='ocrx_word' id='word_1_492' title='bbox 2473 3295 2629 3348; x_wconf 90' lang='lat' dir='ltr'>enim</span> <span class='ocrx_word' id='word_1_493' title='bbox 2653 3296 2952 3367; x_wconf 87' lang='lat' dir='ltr'>generatio</span> <span class='ocrx_word' id='word_1_494' title='bbox 2977 3302 3246 3349; x_wconf 88' lang='lat' dir='ltr'>creatura</span> <span class='ocrx_word' id='word_1_495' title='bbox 3267 3295 3651 3364; x_wconf 89' lang='lat' dir='ltr'>Omnipoten-</span> 
     </span>
    </p>
   </div>
   <div class='ocr_carea' id='block_1_66' title="bbox 233 3383 1884 3461">
    <p class='ocr_par' dir='ltr' id='par_1_66' title="bbox 233 3383 1884 3461">
     <span class='ocr_line' id='line_1_66' title="bbox 233 3383 1884 3461; baseline 0 -20"><span class='ocrx_word' id='word_1_496' title='bbox 233 3386 408 3441; x_wconf 81' lang='grc' dir='ltr'>νόνων</span> <span class='ocrx_word' id='word_1_497' title='bbox 441 3385 520 3450; x_wconf 84' lang='grc' dir='ltr'>εἷς</span> <span class='ocrx_word' id='word_1_498' title='bbox 545 3387 613 3441; x_wconf 76' lang='grc' dir='ltr'>τὰ</span> <span class='ocrx_word' id='word_1_499' title='bbox 643 3384 816 3460; x_wconf 83' lang='grc' dir='ltr'>χείρω</span> <span class='ocrx_word' id='word_1_500' title='bbox 845 3387 1068 3461; x_wconf 78' lang='grc' dir='ltr'>κατάγοι</span> <span class='ocrx_word' id='word_1_501' title='bbox 1100 3387 1307 3459; x_wconf 72' lang='grc' dir='ltr'>ψυχὴν*</span> <span class='ocrx_word' id='word_1_502' title='bbox 1342 3383 1468 3440; x_wconf 82' lang='grc' dir='ltr'>ἀλλ’</span> <span class='ocrx_word' id='word_1_503' title='bbox 1499 3385 1574 3448; x_wconf 57' lang='grc' dir='ltr'>εἲς</span> <span class='ocrx_word' id='word_1_504' title='bbox 1611 3385 1737 3448; x_wconf 72' lang='grc' dir='ltr'>τοὺς</span> <span class='ocrx_word' id='word_1_505' title='bbox 1787 3407 1884 3441; x_wconf 84' lang='grc' dir='ltr'>πε-</span> 
     </span>
    </p>
   </div>
   <div class='ocr_carea' id='block_1_67' title="bbox 234 3473 1882 3550">
    <p class='ocr_par' dir='ltr' id='par_1_67' title="bbox 234 3473 1882 3550">
     <span class='ocr_line' id='line_1_67' title="bbox 234 3473 1882 3550; baseline -0.001 -20"><span class='ocrx_word' id='word_1_506' title='bbox 234 3476 626 3546; x_wconf 71' lang='grc' dir='ltr'>πλανημένους</span> <span class='ocrx_word' id='word_1_507' title='bbox 662 3475 730 3529; x_wconf 72' lang='grc' dir='ltr'>τὰ</span> <span class='ocrx_word' id='word_1_508' title='bbox 775 3476 1051 3547; x_wconf 72' lang='grc' dir='ltr'>νοήματα,</span> <span class='ocrx_word' id='word_1_509' title='bbox 1112 3473 1186 3535; x_wconf 83' lang='grc' dir='ltr'>εἷς</span> <span class='ocrx_word' id='word_1_510' title='bbox 1244 3476 1416 3547; x_wconf 76' lang='grc' dir='ltr'>ἡμᾶς,</span> <span class='ocrx_word' id='word_1_511' title='bbox 1450 3476 1478 3529; x_wconf 90' lang='lat'>6</span> <span class='ocrx_word' id='word_1_512' title='bbox 1511 3475 1706 3550; x_wconf 69' lang='grc' dir='ltr'>Σωτήρ</span> <span class='ocrx_word' id='word_1_513' title='bbox 1761 3474 1882 3548; x_wconf 80' lang='grc' dir='ltr'>ἀφί-</span> 
     </span>
    </p>
   </div>
   <div class='ocr_carea' id='block_1_68' title="bbox 233 3561 1885 3640">
    <p class='ocr_par' dir='ltr' id='par_1_68' title="bbox 233 3561 1885 3640">
     <span class='ocr_line' id='line_1_68' title="bbox 233 3561 1885 3640; baseline -0.002 -20"><span class='ocrx_word' id='word_1_514' title='bbox 233 3584 382 3620; x_wconf 82' lang='grc' dir='ltr'>κετο’</span> <span class='ocrx_word' id='word_1_515' title='bbox 417 3563 450 3618; x_wconf 76' lang='grc' dir='ltr'>’ὰ</span> <span class='ocrx_word' id='word_1_516' title='bbox 479 3561 545 3631; x_wconf 79' lang='grc' dir='ltr'>δὴ</span> <span class='ocrx_word' id='word_1_517' title='bbox 582 3563 641 3618; x_wconf 77' lang='grc' dir='ltr'>ἐκ</span> <span class='ocrx_word' id='word_1_518' title='bbox 668 3570 769 3632; x_wconf 82' lang='grc' dir='ltr'>τῆς</span> <span class='ocrx_word' id='word_1_519' title='bbox 812 3564 950 3618; x_wconf 84' lang='grc' dir='ltr'>κατά</span> <span class='ocrx_word' id='word_1_520' title='bbox 995 3564 1090 3624; x_wconf 71' lang='grc' dir='ltr'>τὰς</span> <span class='ocrx_word' id='word_1_521' title='bbox 1142 3561 1363 3623; x_wconf 77' lang='grc' dir='ltr'>ἐντολὰς</span> <span class='ocrx_word' id='word_1_522' title='bbox 1408 3570 1689 3637; x_wconf 81' lang='grc' dir='ltr'>παρακοῆς</span> <span class='ocrx_word' id='word_1_523' title='bbox 1722 3562 1885 3640; x_wconf 70' lang='grc' dir='ltr'>ἐφθά-</span> 
     </span>
    </p>
   </div>
   <div class='ocr_carea' id='block_1_69' title="bbox 235 3647 1880 3729">
    <p class='ocr_par' dir='ltr' id='par_1_69' title="bbox 235 3647 1880 3729">
     <span class='ocr_line' id='line_1_69' title="bbox 235 3647 1880 3729; baseline 0.001 -24"><span class='ocrx_word' id='word_1_524' title='bbox 235 3675 330 3728; x_wconf 77' lang='grc' dir='ltr'>ρη,</span> <span class='ocrx_word' id='word_1_525' title='bbox 391 3650 839 3729; x_wconf 75' lang='grc' dir='ltr'>φιληδονούντων</span> <span class='ocrx_word' id='word_1_526' title='bbox 898 3655 1081 3724; x_wconf 79' lang='grc' dir='ltr'>ἡμῶν·</span> <span class='ocrx_word' id='word_1_527' title='bbox 1139 3653 1287 3726; x_wconf 77' lang='grc' dir='ltr'>τάχα</span> <span class='ocrx_word' id='word_1_528' title='bbox 1341 3672 1446 3705; x_wconf 88' lang='grc' dir='ltr'>που</span> <span class='ocrx_word' id='word_1_529' title='bbox 1502 3647 1880 3727; x_wconf 75' lang='grc' dir='ltr'>προλαϐόντος</span> 
     </span>
    </p>
   </div>
   <div class='ocr_carea' id='block_1_70' title="bbox 232 3740 1881 3817">
    <p class='ocr_par' dir='ltr' id='par_1_70' title="bbox 232 3740 1881 3817">
     <span class='ocr_line' id='line_1_70' title="bbox 232 3740 1881 3817; baseline -0.003 -17"><span class='ocrx_word' id='word_1_530' title='bbox 232 3745 315 3816; x_wconf 89' lang='grc'>(8)</span> <span class='ocrx_word' id='word_1_531' title='bbox 348 3744 509 3815; x_wconf 82' lang='grc' dir='ltr'>ἡμῶν</span> <span class='ocrx_word' id='word_1_532' title='bbox 566 3743 658 3796; x_wconf 89' lang='grc' dir='ltr'>τὸν</span> <span class='ocrx_word' id='word_1_533' title='bbox 715 3742 902 3817; x_wconf 87' lang='grc' dir='ltr'>καιρὸν</span> <span class='ocrx_word' id='word_1_534' title='bbox 961 3745 1058 3795; x_wconf 82' lang='grc' dir='ltr'>τοῦ</span> <span class='ocrx_word' id='word_1_535' title='bbox 1114 3740 1570 3816; x_wconf 85' lang='grc' dir='ltr'>πρωτοπλάστου,</span> <span class='ocrx_word' id='word_1_536' title='bbox 1627 3740 1716 3795; x_wconf 79' lang='grc' dir='ltr'>καὶ</span> <span class='ocrx_word' id='word_1_537' title='bbox 1774 3741 1881 3815; x_wconf 83' lang='grc' dir='ltr'>πρὸ</span> 
     </span>
    </p>
   </div>
   <div class='ocr_carea' id='block_1_71' title="bbox 2004 3383 3649 3455">
    <p class='ocr_par' dir='ltr' id='par_1_71' title="bbox 2004 3383 3649 3455">
     <span class='ocr_line' id='line_1_71' title="bbox 2004 3383 3649 3455; baseline -0.001 -16"><span class='ocrx_word' id='word_1_538' title='bbox 2004 3387 2099 3454; x_wconf 89' lang='lat' dir='ltr'>tis,</span> <span class='ocrx_word' id='word_1_539' title='bbox 2133 3385 2232 3455; x_wconf 91' lang='lat' dir='ltr'>qui</span> <span class='ocrx_word' id='word_1_540' title='bbox 2266 3400 2572 3454; x_wconf 91' lang='lat' dir='ltr'>nunquam</span> <span class='ocrx_word' id='word_1_541' title='bbox 2602 3401 2670 3438; x_wconf 84' lang='lat' dir='ltr'>ex</span> <span class='ocrx_word' id='word_1_542' title='bbox 2704 3385 3048 3439; x_wconf 88' lang='lat' dir='ltr'>melioribus</span> <span class='ocrx_word' id='word_1_543' title='bbox 3086 3385 3158 3438; x_wconf 92' lang='lat' dir='ltr'>ad</span> <span class='ocrx_word' id='word_1_544' title='bbox 3208 3384 3503 3438; x_wconf 86' lang='lat' dir='ltr'>deteriora</span> <span class='ocrx_word' id='word_1_545' title='bbox 3553 3383 3649 3437; x_wconf 89' lang='lat' dir='ltr'>de-</span> 
     </span>
    </p>
   </div>
   <div class='ocr_carea' id='block_1_72' title="bbox 1995 3473 3646 3545">
    <p class='ocr_par' dir='ltr' id='par_1_72' title="bbox 1995 3473 3646 3545">
     <span class='ocr_line' id='line_1_72' title="bbox 1995 3473 3646 3545; baseline -0.002 -16"><span class='ocrx_word' id='word_1_546' title='bbox 1995 3474 2526 3543; x_wconf 84' lang='lat' dir='ltr'>duxeritanimam)</span> <span class='ocrx_word' id='word_1_547' title='bbox 2552 3473 2686 3539; x_wconf 90' lang='lat' dir='ltr'>;sed</span> <span class='ocrx_word' id='word_1_548' title='bbox 2707 3474 2779 3528; x_wconf 89' lang='lat' dir='ltr'>ad</span> <span class='ocrx_word' id='word_1_549' title='bbox 2803 3491 2922 3540; x_wconf 88' lang='lat' dir='ltr'>eos,</span> <span class='ocrx_word' id='word_1_550' title='bbox 2943 3473 3042 3544; x_wconf 90' lang='lat' dir='ltr'>qui</span> <span class='ocrx_word' id='word_1_551' title='bbox 3059 3473 3332 3527; x_wconf 88' lang='lat' dir='ltr'>sensibus</span> <span class='ocrx_word' id='word_1_552' title='bbox 3355 3490 3458 3527; x_wconf 89' lang='lat' dir='ltr'>seu</span> <span class='ocrx_word' id='word_1_553' title='bbox 3482 3473 3646 3545; x_wconf 86' lang='lat' dir='ltr'>cogi-</span> 
     </span>
    </p>
   </div>
   <div class='ocr_carea' id='block_1_73' title="bbox 1994 3561 3646 3632">
    <p class='ocr_par' dir='ltr' id='par_1_73' title="bbox 1994 3561 3646 3632">
     <span class='ocr_line' id='line_1_73' title="bbox 1994 3561 3646 3632; baseline -0.002 -13"><span class='ocrx_word' id='word_1_554' title='bbox 1994 3564 2316 3619; x_wconf 86' lang='lat' dir='ltr'>tationibus</span> <span class='ocrx_word' id='word_1_555' title='bbox 2363 3562 2802 3630; x_wconf 88' lang='lat' dir='ltr'>aberraverant,</span> <span class='ocrx_word' id='word_1_556' title='bbox 2846 3563 2919 3617; x_wconf 87' lang='lat' dir='ltr'>ad</span> <span class='ocrx_word' id='word_1_557' title='bbox 2974 3579 3104 3628; x_wconf 88' lang='lat' dir='ltr'>nos,</span> <span class='ocrx_word' id='word_1_558' title='bbox 3151 3562 3418 3632; x_wconf 87' lang='lat' dir='ltr'>inquam,</span> <span class='ocrx_word' id='word_1_559' title='bbox 3485 3561 3646 3616; x_wconf 90' lang='lat' dir='ltr'>venit</span> 
     </span>
    </p>
   </div>
   <div class='ocr_carea' id='block_1_74' title="bbox 1993 3651 3642 3722">
    <p class='ocr_par' dir='ltr' id='par_1_74' title="bbox 1993 3651 3642 3722">
     <span class='ocr_line' id='line_1_74' title="bbox 1993 3651 3642 3722; baseline -0.002 -15"><span class='ocrx_word' id='word_1_560' title='bbox 1993 3655 2292 3718; x_wconf 90' lang='lat' dir='ltr'>Servator;</span> <span class='ocrx_word' id='word_1_561' title='bbox 2337 3651 2434 3721; x_wconf 90' lang='lat' dir='ltr'>qui</span> <span class='ocrx_word' id='word_1_562' title='bbox 2469 3652 2709 3722; x_wconf 90' lang='lat' dir='ltr'>quidem</span> <span class='ocrx_word' id='word_1_563' title='bbox 2743 3669 2812 3706; x_wconf 83' lang='lat' dir='ltr'>ex</span> <span class='ocrx_word' id='word_1_564' title='bbox 2854 3659 3055 3707; x_wconf 90' lang='lat' dir='ltr'>nostra</span> <span class='ocrx_word' id='word_1_565' title='bbox 3085 3651 3148 3705; x_wconf 92' lang='lat' dir='ltr'>in</span> <span class='ocrx_word' id='word_1_566' title='bbox 3181 3651 3492 3722; x_wconf 68' lang='lat' dir='ltr'>przeceptis</span> <span class='ocrx_word' id='word_1_567' title='bbox 3514 3652 3642 3705; x_wconf 91' lang='lat' dir='ltr'>ino-</span> 
     </span>
    </p>
   </div>
   <div class='ocr_carea' id='block_1_75' title="bbox 1993 3739 3647 3812">
    <p class='ocr_par' dir='ltr' id='par_1_75' title="bbox 1993 3739 3647 3812">
     <span class='ocr_line' id='line_1_75' title="bbox 1993 3739 3647 3812; baseline -0.001 -16"><span class='ocrx_word' id='word_1_568' title='bbox 1993 3741 2293 3797; x_wconf 89' lang='lat' dir='ltr'>bedientia</span> <span class='ocrx_word' id='word_1_569' title='bbox 2321 3741 2582 3812; x_wconf 85' lang='lat' dir='ltr'>corrupti</span> <span class='ocrx_word' id='word_1_570' title='bbox 2610 3746 2769 3810; x_wconf 91' lang='lat' dir='ltr'>sunt,</span> <span class='ocrx_word' id='word_1_571' title='bbox 2805 3741 2944 3796; x_wconf 90' lang='lat' dir='ltr'>dum</span> <span class='ocrx_word' id='word_1_572' title='bbox 2976 3741 3156 3795; x_wconf 89' lang='lat' dir='ltr'>nimis</span> <span class='ocrx_word' id='word_1_573' title='bbox 3187 3739 3353 3796; x_wconf 89' lang='lat' dir='ltr'>avide</span> <span class='ocrx_word' id='word_1_574' title='bbox 3383 3740 3647 3811; x_wconf 86' lang='lat' dir='ltr'>volupta-</span> 
     </span>
    </p>
   </div>
   <div class='ocr_carea' id='block_1_76' title="bbox 333 3866 1899 3942">
    <p class='ocr_par' dir='ltr' id='par_1_76' title="bbox 333 3866 1899 3937">
     <span class='ocr_line' id='line_1_76' title="bbox 333 3866 1899 3937; baseline -0.001 -15"><span class='ocrx_word' id='word_1_575' title='bbox 333 3866 397 3931; x_wconf 66' lang='grc' dir='ltr'><strong>ἰ(</strong></span> <span class='ocrx_word' id='word_1_576' title='bbox 429 3870 490 3922; x_wconf 90' lang='grc' dir='ltr'>Ρ.</span> <span class='ocrx_word' id='word_1_577' title='bbox 525 3870 628 3922; x_wconf 79' lang='grc'>554</span> <span class='ocrx_word' id='word_1_578' title='bbox 650 3869 762 3922; x_wconf 87' lang='lat' dir='ltr'>ED.</span> <span class='ocrx_word' id='word_1_579' title='bbox 796 3868 1087 3923; x_wconf 82' lang='lat' dir='ltr'>POTTER.</span> <span class='ocrx_word' id='word_1_580' title='bbox 1111 3869 1355 3921; x_wconf 76' lang='grc'>466-467</span> <span class='ocrx_word' id='word_1_581' title='bbox 1386 3868 1496 3922; x_wconf 84' lang='grc' dir='ltr'>ΕΙ).</span> <span class='ocrx_word' id='word_1_582' title='bbox 1523 3867 1750 3921; x_wconf 79' lang='lat' dir='ltr'>PARIS.</span> <span class='ocrx_word' id='word_1_583' title='bbox 1784 3868 1858 3937; x_wconf 89' lang='lat' dir='ltr'>(a)</span> <span class='ocrx_word' id='word_1_584' title='bbox 1887 3868 1899 3920; x_wconf 93' lang='lat' dir='ltr'>l</span> 
     </span>
    </p>
   </div>
   <div class='ocr_carea' id='block_1_77' title="bbox 2020 3866 3091 3942">
    <p class='ocr_par' dir='ltr' id='par_1_77' title="bbox 2020 3868 3091 3942">
     <span class='ocr_line' id='line_1_77' title="bbox 2020 3868 3091 3942; baseline -0.003 -19"><span class='ocrx_word' id='word_1_585' title='bbox 2020 3885 2093 3924; x_wconf 73' lang='grc' dir='ltr'>π.</span> <span class='ocrx_word' id='word_1_586' title='bbox 2126 3886 2206 3932; x_wconf 82' lang='lat' dir='ltr'>x1,</span> <span class='ocrx_word' id='word_1_587' title='bbox 2237 3872 2287 3926; x_wconf 92' lang='lat'>3.</span> <span class='ocrx_word' id='word_1_588' title='bbox 2339 3871 2420 3942; x_wconf 77' lang='grc' dir='ltr'>(ὁ)</span> <span class='ocrx_word' id='word_1_589' title='bbox 2456 3868 2655 3923; x_wconf 86' lang='lat' dir='ltr'>Matth.</span> <span class='ocrx_word' id='word_1_590' title='bbox 2690 3885 2848 3936; x_wconf 84' lang='lat' dir='ltr'>xvm,</span> <span class='ocrx_word' id='word_1_591' title='bbox 2887 3871 2974 3936; x_wconf 86' lang='grc'>11,</span> <span class='ocrx_word' id='word_1_592' title='bbox 3009 3868 3091 3920; x_wconf 81' lang='lat' dir='ltr'>l2.</span> 
     </span>
    </p>
   </div>
   <div class='ocr_carea' id='block_1_78' title="bbox 242 3986 1886 4066">
    <p class='ocr_par' dir='ltr' id='par_1_78' title="bbox 242 3986 1886 4066">
     <span class='ocr_line' id='line_1_78' title="bbox 242 3986 1886 4066; baseline -0.001 -21"><span class='ocrx_word' id='word_1_593' title='bbox 242 3993 317 4053; x_wconf 86' lang='grc' dir='ltr'>ὡς</span> <span class='ocrx_word' id='word_1_594' title='bbox 350 3986 568 4066; x_wconf 54' lang='lat' dir='ltr'>163mb,</span> <span class='ocrx_word' id='word_1_595' title='bbox 591 3991 689 4066; x_wconf 42' lang='grc' dir='ltr'>-καὶ</span> <span class='ocrx_word' id='word_1_596' title='bbox 718 3992 782 4046; x_wconf 89' lang='grc' dir='ltr'>τὸ</span> <span class='ocrx_word' id='word_1_597' title='bbox 813 3989 971 4066; x_wconf 71' lang='grc' dir='ltr'>ἄρσεν</span> <span class='ocrx_word' id='word_1_598' title='bbox 1015 3991 1148 4062; x_wconf 84' lang='grc' dir='ltr'>μετᾶ</span> <span class='ocrx_word' id='word_1_599' title='bbox 1194 3997 1296 4066; x_wconf 87' lang='grc' dir='ltr'>τῆς</span> <span class='ocrx_word' id='word_1_600' title='bbox 1345 3990 1570 4059; x_wconf 82' lang='grc' dir='ltr'>θηλείας</span> <span class='ocrx_word' id='word_1_601' title='bbox 1596 3988 1746 4066; x_wconf 16' lang='grc' dir='ltr'>κοῦτε</span> <span class='ocrx_word' id='word_1_602' title='bbox 1767 4064 1774 4066; x_wconf 88' lang='lat'>_</span> <span class='ocrx_word' id='word_1_603' title='bbox 1794 3987 1886 4064; x_wconf 75' lang='grc' dir='ltr'>ἅρ-</span> 
     </span>
    </p>
   </div>
   <div class='ocr_carea' id='block_1_79' title="bbox 241 4062 1887 4136">
    <p class='ocr_par' dir='ltr' id='par_1_79' title="bbox 241 4062 1887 4136">
     <span class='ocr_line' id='line_1_79' title="bbox 241 4062 1887 4136; baseline 0.001 -18"><span class='ocrx_word' id='word_1_604' title='bbox 241 4085 332 4118; x_wconf 86' lang='grc' dir='ltr'>σεο</span> <span class='ocrx_word' id='word_1_605' title='bbox 357 4062 484 4118; x_wconf 78' lang='grc' dir='ltr'>οὕτε</span> <span class='ocrx_word' id='word_1_606' title='bbox 514 4063 678 4132; x_wconf 72' lang='grc' dir='ltr'>θῆλιν</span> <span class='ocrx_word' id='word_1_607' title='bbox 714 4088 741 4115; x_wconf 92' lang='grc'><strong>‹‹</strong></span> <span class='ocrx_word' id='word_1_608' title='bbox 776 4062 1173 4136; x_wconf 83' lang='lat' dir='ltr'>Interrogatus</span> <span class='ocrx_word' id='word_1_609' title='bbox 1203 4065 1360 4119; x_wconf 91' lang='lat' dir='ltr'>enim</span> <span class='ocrx_word' id='word_1_610' title='bbox 1393 4081 1428 4119; x_wconf 90' lang='lat' dir='ltr'>a</span> <span class='ocrx_word' id='word_1_611' title='bbox 1455 4065 1711 4134; x_wconf 90' lang='lat' dir='ltr'>quodam</span> <span class='ocrx_word' id='word_1_612' title='bbox 1762 4062 1887 4135; x_wconf 83' lang='lat' dir='ltr'>ipse</span> 
     </span>
    </p>
   </div>
   <div class='ocr_carea' id='block_1_80' title="bbox 240 4137 1885 4208">
    <p class='ocr_par' dir='ltr' id='par_1_80' title="bbox 240 4137 1885 4208">
     <span class='ocr_line' id='line_1_80' title="bbox 240 4137 1885 4208; baseline -0.001 -16"><span class='ocrx_word' id='word_1_613' title='bbox 240 4138 552 4196; x_wconf 86' lang='lat' dir='ltr'>Dominus.</span> <span class='ocrx_word' id='word_1_614' title='bbox 597 4137 832 4207; x_wconf 90' lang='lat' dir='ltr'>quando</span> <span class='ocrx_word' id='word_1_615' title='bbox 874 4143 1189 4190; x_wconf 87' lang='lat' dir='ltr'>venturum</span> <span class='ocrx_word' id='word_1_616' title='bbox 1240 4143 1396 4190; x_wconf 89' lang='lat' dir='ltr'>esset</span> <span class='ocrx_word' id='word_1_617' title='bbox 1438 4153 1691 4208; x_wconf 78' lang='lat' dir='ltr'>regnum</span> <span class='ocrx_word' id='word_1_618' title='bbox 1735 4139 1885 4208; x_wconf 80' lang='lat' dir='ltr'>ejus,</span> 
     </span>
    </p>
   </div>
   <div class='ocr_carea' id='block_1_81' title="bbox 235 4207 1888 4277">
    <p class='ocr_par' dir='ltr' id='par_1_81' title="bbox 235 4207 1888 4277">
     <span class='ocr_line' id='line_1_81' title="bbox 235 4207 1888 4277; baseline -0.001 -15"><span class='ocrx_word' id='word_1_619' title='bbox 235 4209 424 4262; x_wconf 80' lang='lat' dir='ltr'>dixit:</span> <span class='ocrx_word' id='word_1_620' title='bbox 458 4209 599 4262; x_wconf 91' lang='lat' dir='ltr'>Cum</span> <span class='ocrx_word' id='word_1_621' title='bbox 624 4208 739 4262; x_wconf 90' lang='lat' dir='ltr'>duo</span> <span class='ocrx_word' id='word_1_622' title='bbox 775 4213 948 4262; x_wconf 88' lang='lat' dir='ltr'>erunt</span> <span class='ocrx_word' id='word_1_623' title='bbox 979 4224 1185 4272; x_wconf 86' lang='lat' dir='ltr'>unum,</span> <span class='ocrx_word' id='word_1_624' title='bbox 1218 4213 1276 4262; x_wconf 91' lang='lat' dir='ltr'>et</span> <span class='ocrx_word' id='word_1_625' title='bbox 1296 4207 1454 4277; x_wconf 89' lang='lat' dir='ltr'>quod</span> <span class='ocrx_word' id='word_1_626' title='bbox 1481 4208 1622 4260; x_wconf 84' lang='lat' dir='ltr'>foris</span> <span class='ocrx_word' id='word_1_627' title='bbox 1641 4214 1704 4262; x_wconf 91' lang='lat' dir='ltr'>ut</span> <span class='ocrx_word' id='word_1_628' title='bbox 1729 4207 1888 4277; x_wconf 91' lang='lat' dir='ltr'>quod</span> 
     </span>
    </p>
   </div>
   <div class='ocr_carea' id='block_1_82' title="bbox 235 4279 1887 4350">
    <p class='ocr_par' dir='ltr' id='par_1_82' title="bbox 235 4279 1887 4350">
     <span class='ocr_line' id='line_1_82' title="bbox 235 4279 1887 4350; baseline -0.001 -16"><span class='ocrx_word' id='word_1_629' title='bbox 235 4281 422 4344; x_wconf 88' lang='lat' dir='ltr'>intus,</span> <span class='ocrx_word' id='word_1_630' title='bbox 449 4280 852 4334; x_wconf 88' lang='lat' dir='ltr'>etmasculum</span> <span class='ocrx_word' id='word_1_631' title='bbox 875 4296 1008 4333; x_wconf 91' lang='lat' dir='ltr'>cum</span> <span class='ocrx_word' id='word_1_632' title='bbox 1030 4279 1275 4345; x_wconf 89' lang='lat' dir='ltr'>femina,</span> <span class='ocrx_word' id='word_1_633' title='bbox 1296 4293 1490 4350; x_wconf 84' lang='lat' dir='ltr'>neque</span> <span class='ocrx_word' id='word_1_634' title='bbox 1519 4295 1669 4343; x_wconf 88' lang='lat' dir='ltr'>mas,</span> <span class='ocrx_word' id='word_1_635' title='bbox 1693 4295 1887 4350; x_wconf 89' lang='lat' dir='ltr'>neque</span> 
     </span>
    </p>
   </div>
   <div class='ocr_carea' id='block_1_83' title="bbox 235 4349 1888 4406">
    <p class='ocr_par' dir='ltr' id='par_1_83' title="bbox 235 4349 1888 4406">
     <span class='ocr_line' id='line_1_83' title="bbox 235 4349 1888 4406; baseline -0.001 0"><span class='ocrx_word' id='word_1_636' title='bbox 235 4352 483 4406; x_wconf 83' lang='lat' dir='ltr'>femina.</span> <span class='ocrx_word' id='word_1_637' title='bbox 520 4374 548 4400; x_wconf 89' lang='lat'>»</span> <span class='ocrx_word' id='word_1_638' title='bbox 579 4351 685 4405; x_wconf 91' lang='lat' dir='ltr'>Ubi</span> <span class='ocrx_word' id='word_1_639' title='bbox 720 4351 1045 4405; x_wconf 90' lang='lat' dir='ltr'>Cotelerius</span> <span class='ocrx_word' id='word_1_640' title='bbox 1077 4351 1202 4404; x_wconf 68' lang='lat' dir='ltr'>haec</span> <span class='ocrx_word' id='word_1_641' title='bbox 1257 4349 1535 4404; x_wconf 84' lang='lat' dir='ltr'>adnotat:</span> <span class='ocrx_word' id='word_1_642' title='bbox 1597 4371 1624 4399; x_wconf 86' lang='lat'><strong>«</strong></span> <span class='ocrx_word' id='word_1_643' title='bbox 1659 4350 1888 4404; x_wconf 88' lang='lat' dir='ltr'>Similia</span> 
     </span>
    </p>
   </div>
   <div class='ocr_carea' id='block_1_84' title="bbox 239 4422 1884 4494">
    <p class='ocr_par' dir='ltr' id='par_1_84' title="bbox 239 4422 1884 4494">
     <span class='ocr_line' id='line_1_84' title="bbox 239 4422 1884 4494; baseline -0.001 -17"><span class='ocrx_word' id='word_1_644' title='bbox 239 4422 562 4494; x_wconf 68' lang='lat' dir='ltr'>Egyptiaci</span> <span class='ocrx_word' id='word_1_645' title='bbox 621 4422 918 4494; x_wconf 84' lang='lat' dir='ltr'>Evangelii</span> <span class='ocrx_word' id='word_1_646' title='bbox 953 4422 1212 4476; x_wconf 86' lang='lat' dir='ltr'>citantur</span> <span class='ocrx_word' id='word_1_647' title='bbox 1271 4437 1339 4475; x_wconf 91' lang='lat' dir='ltr'>ac</span> <span class='ocrx_word' id='word_1_648' title='bbox 1398 4427 1775 4492; x_wconf 85' lang='lat' dir='ltr'>exponuntur</span> <span class='ocrx_word' id='word_1_649' title='bbox 1823 4422 1884 4475; x_wconf 90' lang='lat' dir='ltr'>in</span> 
     </span>
    </p>
   </div>
   <div class='ocr_carea' id='block_1_85' title="bbox 1083 4493 1888 4563">
    <p class='ocr_par' dir='ltr' id='par_1_85' title="bbox 1083 4493 1888 4563">
     <span class='ocr_line' id='line_1_85' title="bbox 1083 4493 1888 4563; baseline 0.001 -18"><span class='ocrx_word' id='word_1_650' title='bbox 1083 4509 1211 4563; x_wconf 86' lang='lat' dir='ltr'>pag.</span> <span class='ocrx_word' id='word_1_651' title='bbox 1271 4494 1396 4556; x_wconf 78' lang='grc'>445,</span> <span class='ocrx_word' id='word_1_652' title='bbox 1457 4493 1582 4555; x_wconf 75' lang='grc'>452,</span> <span class='ocrx_word' id='word_1_653' title='bbox 1643 4494 1770 4560; x_wconf 80' lang='grc'>453,</span> <span class='ocrx_word' id='word_1_654' title='bbox 1830 4499 1888 4546; x_wconf 91' lang='lat' dir='ltr'>et</span> 
     </span>
    </p>
   </div>
   <div class='ocr_carea' id='block_1_86' title="bbox 237 4563 1889 4636">
    <p class='ocr_par' dir='ltr' id='par_1_86' title="bbox 237 4563 1889 4636">
     <span class='ocr_line' id='line_1_86' title="bbox 237 4563 1889 4636; baseline -0.001 -17"><span class='ocrx_word' id='word_1_655' title='bbox 237 4583 295 4636; x_wconf 92' lang='lat' dir='ltr'>p.</span> <span class='ocrx_word' id='word_1_656' title='bbox 330 4568 454 4624; x_wconf 80' lang='lat'>799.</span> <span class='ocrx_word' id='word_1_657' title='bbox 481 4565 593 4620; x_wconf 91' lang='lat' dir='ltr'>col.</span> <span class='ocrx_word' id='word_1_658' title='bbox 630 4563 833 4619; x_wconf 29' lang='lat' dir='ltr'>i’Vide</span> <span class='ocrx_word' id='word_1_659' title='bbox 861 4563 1116 4619; x_wconf 84' lang='lat' dir='ltr'>Oracula</span> <span class='ocrx_word' id='word_1_660' title='bbox 1147 4563 1435 4634; x_wconf 88' lang='lat' dir='ltr'>Sibyllina</span> <span class='ocrx_word' id='word_1_661' title='bbox 1482 4563 1584 4636; x_wconf 79' lang='lat' dir='ltr'>lib.</span> <span class='ocrx_word' id='word_1_662' title='bbox 1615 4579 1683 4636; x_wconf 85' lang='lat' dir='ltr'>_n,</span> <span class='ocrx_word' id='word_1_663' title='bbox 1715 4581 1766 4618; x_wconf 93' lang='lat' dir='ltr'>v.</span> <span class='ocrx_word' id='word_1_664' title='bbox 1802 4567 1889 4636; x_wconf 74' lang='grc'>70,</span> 
     </span>
    </p>
   </div>
   <div class='ocr_carea' id='block_1_87' title="bbox 241 4633 1893 4705">
    <p class='ocr_par' dir='ltr' id='par_1_87' title="bbox 241 4633 1893 4705">
     <span class='ocr_line' id='line_1_87' title="bbox 241 4633 1893 4705; baseline -0.001 -16"><span class='ocrx_word' id='word_1_665' title='bbox 241 4633 330 4692; x_wconf 76' lang='grc'>⁵71.</span> <span class='ocrx_word' id='word_1_666' title='bbox 364 4659 391 4685; x_wconf 88' lang='grc'>››</span> <span class='ocrx_word' id='word_1_667' title='bbox 427 4636 673 4691; x_wconf 88' lang='lat' dir='ltr'>Grabius</span> <span class='ocrx_word' id='word_1_668' title='bbox 701 4637 987 4705; x_wconf 79' lang='lat' dir='ltr'>Spieilegii</span> <span class='ocrx_word' id='word_1_669' title='bbox 1019 4651 1151 4696; x_wconf 70' lang='lat' dir='ltr'>saec,</span> <span class='ocrx_word' id='word_1_670' title='bbox 1188 4652 1227 4700; x_wconf 85' lang='lat'>1,</span> <span class='ocrx_word' id='word_1_671' title='bbox 1254 4633 1316 4704; x_wconf 17' lang='lat' dir='ltr'>7p.</span> <span class='ocrx_word' id='word_1_672' title='bbox 1351 4636 1474 4698; x_wconf 82' lang='grc'>264,</span> <span class='ocrx_word' id='word_1_673' title='bbox 1509 4633 1583 4688; x_wconf 92' lang='lat' dir='ltr'>ad</span> <span class='ocrx_word' id='word_1_674' title='bbox 1615 4634 1772 4688; x_wconf 89' lang='lat' dir='ltr'>hunc</span> <span class='ocrx_word' id='word_1_675' title='bbox 1805 4635 1893 4688; x_wconf 55' lang='lat' dir='ltr'>lo-</span> 
     </span>
    </p>
   </div>
   <div class='ocr_carea' id='block_1_88' title="bbox 239 4705 1890 4780">
    <p class='ocr_par' dir='ltr' id='par_1_88' title="bbox 239 4705 1890 4780">
     <span class='ocr_line' id='line_1_88' title="bbox 239 4705 1890 4780; baseline -0.002 -17"><span class='ocrx_word' id='word_1_676' title='bbox 239 4707 708 4780; x_wconf 78' lang='lat' dir='ltr'>cumEvangelii</span> <span class='ocrx_word' id='word_1_677' title='bbox 743 4706 1084 4780; x_wconf 9' lang='lat' dir='ltr'>secundum,</span> <span class='ocrx_word' id='word_1_678' title='bbox 1113 4705 1408 4780; x_wconf 57' lang='lat' dir='ltr'>{Egyptios</span> <span class='ocrx_word' id='word_1_679' title='bbox 1440 4705 1564 4759; x_wconf 64' lang='lat' dir='ltr'>haec</span> <span class='ocrx_word' id='word_1_680' title='bbox 1600 4705 1844 4760; x_wconf 83' lang='lat' dir='ltr'>adnotat</span> <span class='ocrx_word' id='word_1_681' title='bbox 1878 4722 1890 4759; x_wconf 93' lang='lat'>:</span> 
     </span>
    </p>
   </div>
   <div class='ocr_carea' id='block_1_89' title="bbox 243 4777 1894 4848">
    <p class='ocr_par' dir='ltr' id='par_1_89' title="bbox 243 4777 1894 4848">
     <span class='ocr_line' id='line_1_89' title="bbox 243 4777 1894 4848; baseline 0 -16"><span class='ocrx_word' id='word_1_682' title='bbox 243 4801 270 4827; x_wconf 84' lang='lat'>«</span> <span class='ocrx_word' id='word_1_683' title='bbox 293 4778 544 4833; x_wconf 88' lang='lat' dir='ltr'>Videtur</span> <span class='ocrx_word' id='word_1_684' title='bbox 564 4777 852 4843; x_wconf 87' lang='lat' dir='ltr'>Christus,</span> <span class='ocrx_word' id='word_1_685' title='bbox 871 4778 1012 4832; x_wconf 90' lang='lat' dir='ltr'>dum</span> <span class='ocrx_word' id='word_1_686' title='bbox 1031 4777 1197 4837; x_wconf 83' lang='lat' dir='ltr'>dixit,</span> <span class='ocrx_word' id='word_1_687' title='bbox 1229 4799 1254 4824; x_wconf 86' lang='grc'><em>‹‹</em></span> <span class='ocrx_word' id='word_1_688' title='bbox 1282 4792 1524 4848; x_wconf 89' lang='lat' dir='ltr'>regnum</span> <span class='ocrx_word' id='word_1_689' title='bbox 1550 4793 1723 4831; x_wconf 91' lang='lat' dir='ltr'>suum</span> <span class='ocrx_word' id='word_1_690' title='bbox 1755 4784 1894 4832; x_wconf 89' lang='lat' dir='ltr'>tunc</span> 
     </span>
    </p>
   </div>
   <div class='ocr_carea' id='block_1_90' title="bbox 245 4848 1893 4918">
    <p class='ocr_par' dir='ltr' id='par_1_90' title="bbox 245 4848 1893 4918">
     <span class='ocr_line' id='line_1_90' title="bbox 245 4848 1893 4918; baseline -0.001 -14"><span class='ocrx_word' id='word_1_691' title='bbox 245 4851 397 4918; x_wconf 81' lang='lat' dir='ltr'>fore,</span> <span class='ocrx_word' id='word_1_692' title='bbox 427 4867 558 4905; x_wconf 90' lang='lat' dir='ltr'>cum</span> <span class='ocrx_word' id='word_1_693' title='bbox 590 4866 718 4904; x_wconf 88' lang='lat' dir='ltr'>mas</span> <span class='ocrx_word' id='word_1_694' title='bbox 751 4850 928 4904; x_wconf 79' lang='lat' dir='ltr'>fuerit</span> <span class='ocrx_word' id='word_1_695' title='bbox 957 4866 1086 4904; x_wconf 92' lang='lat' dir='ltr'>cum</span> <span class='ocrx_word' id='word_1_696' title='bbox 1122 4848 1362 4904; x_wconf 86' lang='lat' dir='ltr'>femina.</span> <span class='ocrx_word' id='word_1_697' title='bbox 1396 4864 1586 4918; x_wconf 83' lang='lat' dir='ltr'>neque</span> <span class='ocrx_word' id='word_1_698' title='bbox 1609 4865 1757 4910; x_wconf 85' lang='lat' dir='ltr'>mas.</span> <span class='ocrx_word' id='word_1_699' title='bbox 1792 4865 1893 4903; x_wconf 87' lang='lat' dir='ltr'>ne-</span> 
     </span>
    </p>
   </div>
   <div class='ocr_carea' id='block_1_91' title="bbox 250 4919 1895 4992">
    <p class='ocr_par' dir='ltr' id='par_1_91' title="bbox 250 4919 1895 4992">
     <span class='ocr_line' id='line_1_91' title="bbox 250 4919 1895 4992; baseline -0.002 -16"><span class='ocrx_word' id='word_1_700' title='bbox 250 4939 369 4992; x_wconf 89' lang='lat' dir='ltr'>que</span> <span class='ocrx_word' id='word_1_701' title='bbox 399 4921 644 4987; x_wconf 82' lang='lat' dir='ltr'>femina,</span> <span class='ocrx_word' id='word_1_702' title='bbox 682 4944 707 4968; x_wconf 73' lang='grc' dir='ltr'>ι›</span> <span class='ocrx_word' id='word_1_703' title='bbox 767 4921 824 4975; x_wconf 92' lang='lat' dir='ltr'>id</span> <span class='ocrx_word' id='word_1_704' title='bbox 883 4921 1251 4992; x_wconf 80' lang='lat' dir='ltr'>insinuasse,</span> <span class='ocrx_word' id='word_1_705' title='bbox 1302 4919 1460 4990; x_wconf 92' lang='lat' dir='ltr'>quod</span> <span class='ocrx_word' id='word_1_706' title='bbox 1517 4919 1576 4992; x_wconf 80' lang='lat' dir='ltr'>in</span> <span class='ocrx_word' id='word_1_707' title='bbox 1610 4920 1895 4992; x_wconf 87' lang='lat' dir='ltr'>canonico</span> 
     </span>
    </p>
   </div>
   <div class='ocr_carea' id='block_1_92' title="bbox 246 4989 1895 5064">
    <p class='ocr_par' dir='ltr' id='par_1_92' title="bbox 246 4989 1895 5064">
     <span class='ocr_line' id='line_1_92' title="bbox 246 4989 1895 5064; baseline -0.002 -17"><span class='ocrx_word' id='word_1_708' title='bbox 246 4989 562 5064; x_wconf 83' lang='lat' dir='ltr'>Evangelio</span> <span class='ocrx_word' id='word_1_709' title='bbox 595 4994 762 5046; x_wconf 67' lang='lat' dir='ltr'>Lucae</span> <span class='ocrx_word' id='word_1_710' title='bbox 794 5008 920 5062; x_wconf 88' lang='lat' dir='ltr'>cap.</span> <span class='ocrx_word' id='word_1_711' title='bbox 955 5009 1049 5057; x_wconf 89' lang='lat' dir='ltr'>xx,</span> <span class='ocrx_word' id='word_1_712' title='bbox 1084 4993 1170 5059; x_wconf 89' lang='lat'>35,</span> <span class='ocrx_word' id='word_1_713' title='bbox 1206 4989 1381 5064; x_wconf 84' lang='lat' dir='ltr'>claris</span> <span class='ocrx_word' id='word_1_714' title='bbox 1423 4989 1736 5064; x_wconf 13' lang='lat' dir='ltr'>verbisrab</span> <span class='ocrx_word' id='word_1_715' title='bbox 1768 4991 1895 5058; x_wconf 83' lang='lat' dir='ltr'>ipso</span> 
     </span>
    </p>
   </div>
   <div class='ocr_carea' id='block_1_93' title="bbox 247 5063 1899 5136">
    <p class='ocr_par' dir='ltr' id='par_1_93' title="bbox 247 5063 1899 5136">
     <span class='ocr_line' id='line_1_93' title="bbox 247 5063 1899 5136; baseline -0.002 -17"><span class='ocrx_word' id='word_1_716' title='bbox 247 5063 594 5135; x_wconf 87' lang='lat' dir='ltr'>expressum</span> <span class='ocrx_word' id='word_1_717' title='bbox 655 5064 952 5136; x_wconf 82' lang='lat' dir='ltr'>legimus:</span> <span class='ocrx_word' id='word_1_718' title='bbox 1015 5064 1125 5129; x_wconf 83' lang='lat' dir='ltr'>Illi,</span> <span class='ocrx_word' id='word_1_719' title='bbox 1184 5065 1280 5133; x_wconf 85' lang='lat' dir='ltr'>qui</span> <span class='ocrx_word' id='word_1_720' title='bbox 1336 5063 1499 5130; x_wconf 75' lang='lat' dir='ltr'>digni</span> <span class='ocrx_word' id='word_1_721' title='bbox 1555 5063 1899 5116; x_wconf 78' lang='lat' dir='ltr'>habebuntur</span> 
     </span>
    </p>
   </div>
   <div class='ocr_carea' id='block_1_94' title="bbox 241 5136 1898 5204">
    <p class='ocr_par' dir='ltr' id='par_1_94' title="bbox 241 5136 1898 5204">
     <span class='ocr_line' id='line_1_94' title="bbox 241 5136 1898 5204; baseline -0.002 -13"><span class='ocrx_word' id='word_1_722' title='bbox 241 5137 440 5192; x_wconf 73' lang='lat' dir='ltr'>saeculo</span> <span class='ocrx_word' id='word_1_723' title='bbox 471 5137 587 5201; x_wconf 81' lang='lat' dir='ltr'>illo,</span> <span class='ocrx_word' id='word_1_724' title='bbox 623 5143 672 5189; x_wconf 83' lang='lat' dir='ltr'>et</span> <span class='ocrx_word' id='word_1_725' title='bbox 701 5136 1100 5190; x_wconf 73' lang='lat' dir='ltr'>resurrectione</span> <span class='ocrx_word' id='word_1_726' title='bbox 1152 5151 1220 5187; x_wconf 76' lang='lat' dir='ltr'>ea:</span> <span class='ocrx_word' id='word_1_727' title='bbox 1273 5136 1525 5196; x_wconf 80' lang='lat' dir='ltr'>mortuis,</span> <span class='ocrx_word' id='word_1_728' title='bbox 1587 5149 1760 5204; x_wconf 82' lang='lat' dir='ltr'>neque</span> <span class='ocrx_word' id='word_1_729' title='bbox 1789 5151 1898 5188; x_wconf 85' lang='lat' dir='ltr'>nu—</span> 
     </span>
    </p>
   </div>
   <div class='ocr_carea' id='block_1_95' title="bbox 245 5205 1900 5276">
    <p class='ocr_par' dir='ltr' id='par_1_95' title="bbox 245 5205 1900 5276">
     <span class='ocr_line' id='line_1_95' title="bbox 245 5205 1900 5276; baseline -0.002 -14"><span class='ocrx_word' id='word_1_730' title='bbox 245 5208 393 5273; x_wconf 83' lang='lat' dir='ltr'>bent,</span> <span class='ocrx_word' id='word_1_731' title='bbox 435 5223 610 5276; x_wconf 86' lang='lat' dir='ltr'>neque</span> <span class='ocrx_word' id='word_1_732' title='bbox 663 5207 861 5260; x_wconf 83' lang='lat' dir='ltr'>ducent</span> <span class='ocrx_word' id='word_1_733' title='bbox 919 5220 1135 5259; x_wconf 62' lang='lat' dir='ltr'>uirores.</span> <span class='ocrx_word' id='word_1_734' title='bbox 1187 5205 1620 5259; x_wconf 77' lang='lat' dir='ltr'>Abstinentiam</span> <span class='ocrx_word' id='word_1_735' title='bbox 1673 5205 1900 5260; x_wconf 90' lang='lat' dir='ltr'>scilicet</span> 
     </span>
    </p>
   </div>
   <div class='ocr_carea' id='block_1_96' title="bbox 243 5276 1897 5350">
    <p class='ocr_par' dir='ltr' id='par_1_96' title="bbox 243 5276 1897 5350">
     <span class='ocr_line' id='line_1_96' title="bbox 243 5276 1897 5350; baseline -0.002 -17"><span class='ocrx_word' id='word_1_736' title='bbox 243 5296 277 5333; x_wconf 92' lang='lat' dir='ltr'>a</span> <span class='ocrx_word' id='word_1_737' title='bbox 307 5279 606 5350; x_wconf 86' lang='lat' dir='ltr'>conjugali</span> <span class='ocrx_word' id='word_1_738' title='bbox 630 5276 972 5350; x_wconf 82' lang='lat' dir='ltr'>concubitu.</span> <span class='ocrx_word' id='word_1_739' title='bbox 1008 5276 1125 5331; x_wconf 90' lang='lat' dir='ltr'>sive</span> <span class='ocrx_word' id='word_1_740' title='bbox 1147 5277 1564 5348; x_wconf 81' lang='lat' dir='ltr'>virginitatem,</span> <span class='ocrx_word' id='word_1_741' title='bbox 1599 5276 1754 5350; x_wconf 81' lang='lat' dir='ltr'>dicto</span> <span class='ocrx_word' id='word_1_742' title='bbox 1786 5277 1897 5330; x_wconf 89' lang='lat' dir='ltr'>isto</span> 
     </span>
    </p>
   </div>
   <div class='ocr_carea' id='block_1_97' title="bbox 241 5348 1897 5422">
    <p class='ocr_par' dir='ltr' id='par_1_97' title="bbox 241 5348 1897 5422">
     <span class='ocr_line' id='line_1_97' title="bbox 241 5348 1897 5422; baseline -0.001 -18"><span class='ocrx_word' id='word_1_743' title='bbox 241 5348 517 5422; x_wconf 26' lang='lat' dir='ltr'>proprgaa‘</span> <span class='ocrx_word' id='word_1_744' title='bbox 533 5349 791 5422; x_wconf 90' lang='lat' dir='ltr'>intendit</span> <span class='ocrx_word' id='word_1_745' title='bbox 835 5349 1122 5416; x_wconf 88' lang='lat' dir='ltr'>Servator,</span> <span class='ocrx_word' id='word_1_746' title='bbox 1157 5371 1184 5396; x_wconf 86' lang='lat'>»</span> <span class='ocrx_word' id='word_1_747' title='bbox 1218 5355 1364 5415; x_wconf 91' lang='lat' dir='ltr'>etc.,</span> <span class='ocrx_word' id='word_1_748' title='bbox 1400 5365 1530 5418; x_wconf 60' lang='lat' dir='ltr'>quas</span> <span class='ocrx_word' id='word_1_749' title='bbox 1572 5348 1727 5418; x_wconf 86' lang='lat' dir='ltr'>apud</span> <span class='ocrx_word' id='word_1_750' title='bbox 1759 5364 1897 5402; x_wconf 90' lang='lat' dir='ltr'>auc-</span> 
     </span>
    </p>
   </div>
   <div class='ocr_carea' id='block_1_98' title="bbox 239 5421 989 5477">
    <p class='ocr_par' dir='ltr' id='par_1_98' title="bbox 239 5421 989 5477">
     <span class='ocr_line' id='line_1_98' title="bbox 239 5421 989 5477; baseline -0.005 -1"><span class='ocrx_word' id='word_1_751' title='bbox 239 5421 434 5477; x_wconf 86' lang='lat' dir='ltr'>torem</span> <span class='ocrx_word' id='word_1_752' title='bbox 465 5421 652 5476; x_wconf 87' lang='lat' dir='ltr'>videri</span> <span class='ocrx_word' id='word_1_753' title='bbox 686 5425 989 5477; x_wconf 78' lang='lat' dir='ltr'>poterunt.</span> 
     </span>
    </p>
   </div>
   <div class='ocr_carea' id='block_1_99' title="bbox 319 5482 1895 5560">
    <p class='ocr_par' dir='ltr' id='par_1_99' title="bbox 319 5482 1895 5560">
     <span class='ocr_line' id='line_1_99' title="bbox 319 5482 1895 5560; baseline -0.001 -14"><span class='ocrx_word' id='word_1_754' title='bbox 319 5497 396 5560; x_wconf 86' lang='lat'>(2)</span> <span class='ocrx_word' id='word_1_755' title='bbox 427 5491 561 5549; x_wconf 82' lang='grc' dir='ltr'>υύκ.</span> <span class='ocrx_word' id='word_1_756' title='bbox 600 5482 803 5560; x_wconf 69' lang='lat' dir='ltr'>Galat.</span> <span class='ocrx_word' id='word_1_757' title='bbox 839 5508 926 5558; x_wconf 84' lang='grc' dir='ltr'>ιιι,</span> <span class='ocrx_word' id='word_1_758' title='bbox 950 5559 956 5560; x_wconf 14' lang='grc' dir='ltr'><em>γ</em></span> <span class='ocrx_word' id='word_1_759' title='bbox 979 5491 1089 5544; x_wconf 85' lang='lat'>28:</span> <span class='ocrx_word' id='word_1_760' title='bbox 1133 5487 1247 5544; x_wconf 82' lang='grc' dir='ltr'>Οὐκ</span> <span class='ocrx_word' id='word_1_761' title='bbox 1271 5482 1347 5541; x_wconf 76' lang='grc' dir='ltr'>ἔνι</span> <span class='ocrx_word' id='word_1_762' title='bbox 1407 5488 1562 5560; x_wconf 82' lang='grc' dir='ltr'>ἄρσεν</span> <span class='ocrx_word' id='word_1_763' title='bbox 1592 5487 1680 5542; x_wconf 75' lang='grc' dir='ltr'>καὶ</span> <span class='ocrx_word' id='word_1_764' title='bbox 1733 5487 1895 5559; x_wconf 76' lang='grc' dir='ltr'>θῆλυο</span> 
     </span>
    </p>
   </div>
   <div class='ocr_carea' id='block_1_100' title="bbox 237 5559 1477 5638">
    <p class='ocr_par' dir='ltr' id='par_1_100' title="bbox 237 5559 1477 5638">
     <span class='ocr_line' id='line_1_100' title="bbox 237 5559 1477 5638; baseline -0.005 -20"><span class='ocrx_word' id='word_1_765' title='bbox 237 5559 436 5625; x_wconf 84' lang='grc' dir='ltr'>πάντες</span> <span class='ocrx_word' id='word_1_766' title='bbox 467 5563 759 5638; x_wconf 77' lang='grc' dir='ltr'>γάρὺμεῖς</span> <span class='ocrx_word' id='word_1_767' title='bbox 792 5559 910 5615; x_wconf 84' lang='grc' dir='ltr'>ἐστε</span> <span class='ocrx_word' id='word_1_768' title='bbox 944 5559 996 5638; x_wconf 75' lang='grc' dir='ltr'>ἐν</span> <span class='ocrx_word' id='word_1_769' title='bbox 1032 5560 1254 5638; x_wconf 52' lang='grc' dir='ltr'>ξριστῴ</span> <span class='ocrx_word' id='word_1_770' title='bbox 1275 5559 1477 5629; x_wconf 76' lang='grc' dir='ltr'>Ἰησοῦ.</span> 
     </span>
    </p>
   </div>
   <div class='ocr_carea' id='block_1_101' title="bbox 313 5633 1901 5710">
    <p class='ocr_par' dir='ltr' id='par_1_101' title="bbox 313 5633 1901 5710">
     <span class='ocr_line' id='line_1_101' title="bbox 313 5633 1901 5710; baseline -0.001 -20"><span class='ocrx_word' id='word_1_771' title='bbox 313 5639 392 5709; x_wconf 84' lang='lat'>(3)</span> <span class='ocrx_word' id='word_1_772' title='bbox 424 5633 617 5710; x_wconf 61' lang='grc' dir='ltr'>Ψυχή,</span> <span class='ocrx_word' id='word_1_773' title='bbox 642 5633 928 5691; x_wconf 81' lang='lat' dir='ltr'>Clemens</span> <span class='ocrx_word' id='word_1_774' title='bbox 960 5633 1136 5700; x_wconf 82' lang='lat' dir='ltr'>infra,</span> <span class='ocrx_word' id='word_1_775' title='bbox 1172 5636 1374 5688; x_wconf 80' lang='lat' dir='ltr'>Strom.</span> <span class='ocrx_word' id='word_1_776' title='bbox 1428 5650 1500 5700; x_wconf 86' lang='lat' dir='ltr'>1v,</span> <span class='ocrx_word' id='word_1_777' title='bbox 1530 5651 1587 5704; x_wconf 91' lang='lat' dir='ltr'>p.</span> <span class='ocrx_word' id='word_1_778' title='bbox 1617 5636 1740 5702; x_wconf 85' lang='lat'>506,</span> <span class='ocrx_word' id='word_1_779' title='bbox 1775 5637 1901 5705; x_wconf 85' lang='lat'>507,</span> 
     </span>
    </p>
   </div>
   <div class='ocr_carea' id='block_1_102' title="bbox 519 5747 1153 5814">
    <p class='ocr_par' dir='ltr' id='par_1_102' title="bbox 519 5747 1153 5814">
     <span class='ocr_line' id='line_1_102' title="bbox 519 5747 1153 5814; baseline -0.006 0"><span class='ocrx_word' id='word_1_780' title='bbox 519 5757 781 5814; x_wconf 70' lang='lat' dir='ltr'>I’ATROL.</span> <span class='ocrx_word' id='word_1_781' title='bbox 831 5753 942 5812; x_wconf 78' lang='lat' dir='ltr'>Gn.</span> <span class='ocrx_word' id='word_1_782' title='bbox 989 5747 1153 5811; x_wconf 86' lang='lat' dir='ltr'>Vlll.</span> 
     </span>
    </p>
   </div>
   <div class='ocr_carea' id='block_1_103' title="bbox 237 4493 1021 4565">
    <p class='ocr_par' dir='ltr' id='par_1_103' title="bbox 237 4493 1021 4565">
     <span class='ocr_line' id='line_1_103' title="bbox 237 4493 1021 4565; baseline -0.001 -17"><span class='ocrx_word' id='word_1_783' title='bbox 237 4493 643 4548; x_wconf 80' lang='lat' dir='ltr'>Alexandrino</span> <span class='ocrx_word' id='word_1_784' title='bbox 675 4493 1021 4565; x_wconf 87' lang='lat' dir='ltr'>presbytero</span> 
     </span>
    </p>
   </div>
   <div class='ocr_carea' id='block_1_104' title="bbox 1923 4494 2854 4598">
    <p class='ocr_par' dir='ltr' id='par_1_104' title="bbox 1923 4494 2854 4598">
     <span class='ocr_line' id='line_1_104' title="bbox 1923 4494 2854 4598; baseline -0.002 -52"><span class='ocrx_word' id='word_1_785' title='bbox 1923 4533 1968 4598; x_wconf 83' lang='lat' dir='ltr'><strong>D</strong></span> <span class='ocrx_word' id='word_1_786' title='bbox 2000 4497 2117 4566; x_wconf 81' lang='grc' dir='ltr'>χῶν</span> <span class='ocrx_word' id='word_1_787' title='bbox 2177 4494 2480 4566; x_wconf 67' lang='grc' dir='ltr'>ἀσωμάτων</span> <span class='ocrx_word' id='word_1_788' title='bbox 2504 4494 2511 4498; x_wconf 72' lang='grc'><em>’</em></span> <span class='ocrx_word' id='word_1_789' title='bbox 2536 4494 2804 4584; x_wconf 58' lang='grc' dir='ltr'>εἷσεξγουσι</span> <span class='ocrx_word' id='word_1_790' title='bbox 2824 4533 2854 4579; x_wconf 51' lang='lat'>’,</span> 
     </span>
     <span class='ocr_line' id='line_1_105' title="bbox 2000 4579 2854 4598; baseline 0 0"><span class='ocrx_word' id='word_1_791' title='bbox 2000 4579 2395 4598; x_wconf 53' lang='grc' dir='ltr'>πεδιειηρρλιζρηρ</span> <span class='ocrx_word' id='word_1_792' title='bbox 2446 4584 2714 4598; x_wconf 63' lang='grc' dir='ltr'>ριιιι-ιηικρ</span> <span class='ocrx_word' id='word_1_793' title='bbox 2767 4582 2854 4598; x_wconf 44' lang='lat' dir='ltr'>“In!</span> 
     </span>
    </p>
   </div>
   <div class='ocr_carea' id='block_1_105' title="bbox 2000 4585 2039 4617">
    <p class='ocr_par' dir='ltr' id='par_1_105' title="bbox 2000 4585 2039 4617">
     <span class='ocr_line' id='line_1_106' title="bbox 2000 4585 2039 4617; baseline 0 0"><span class='ocrx_word' id='word_1_794' title='bbox 2000 4585 2039 4617; x_wconf 88' lang='grc' dir='ltr'>π</span> 
     </span>
    </p>
   </div>
   <div class='ocr_carea' id='block_1_106' title="bbox 2002 3989 3645 4065">
    <p class='ocr_par' dir='ltr' id='par_1_106' title="bbox 2002 3989 3645 4065">
     <span class='ocr_line' id='line_1_107' title="bbox 2002 3989 3645 4065; baseline -0.002 -17"><span class='ocrx_word' id='word_1_795' title='bbox 2002 3995 2140 4049; x_wconf 90' lang='lat' dir='ltr'>edit.</span> <span class='ocrx_word' id='word_1_796' title='bbox 2174 3996 2360 4050; x_wconf 83' lang='lat' dir='ltr'>Paris.</span> <span class='ocrx_word' id='word_1_797' title='bbox 2390 4012 2402 4049; x_wconf 94' lang='lat'><strong>:</strong></span> <span class='ocrx_word' id='word_1_798' title='bbox 2448 3991 2625 4049; x_wconf 80' lang='grc' dir='ltr'>Ἀλλὰ</span> <span class='ocrx_word' id='word_1_799' title='bbox 2660 3997 2741 4065; x_wconf 78' lang='grc' dir='ltr'>τῷ</span> <span class='ocrx_word' id='word_1_800' title='bbox 2798 3989 3090 4065; x_wconf 81' lang='grc' dir='ltr'>Βασιλείδῃ</span> <span class='ocrx_word' id='word_1_801' title='bbox 3123 3993 3158 4059; x_wconf 80' lang='grc' dir='ltr'>ἡ</span> <span class='ocrx_word' id='word_1_802' title='bbox 3195 3991 3445 4065; x_wconf 68' lang='grc' dir='ltr'>ὑπᾴθεσις</span> <span class='ocrx_word' id='word_1_803' title='bbox 3474 4010 3645 4065; x_wconf 83' lang='grc' dir='ltr'>προα-</span> 
     </span>
    </p>
   </div>
   <div class='ocr_carea' id='block_1_107' title="bbox 2044 4063 3648 4147">
    <p class='ocr_par' dir='ltr' id='par_1_107' title="bbox 2044 4063 3648 4147">
     <span class='ocr_line' id='line_1_108' title="bbox 2044 4063 3648 4147; baseline -0.001 -29"><span class='ocrx_word' id='word_1_804' title='bbox 2044 4067 2347 4147; x_wconf 67' lang='grc' dir='ltr'>αρτήσασαν</span> <span class='ocrx_word' id='word_1_805' title='bbox 2379 4085 2515 4147; x_wconf 52' lang='grc' dir='ltr'>φησι</span> <span class='ocrx_word' id='word_1_806' title='bbox 2571 4067 2670 4147; x_wconf 69' lang='grc' dir='ltr'>τὴν</span> <span class='ocrx_word' id='word_1_807' title='bbox 2689 4063 2908 4143; x_wconf 38' lang='grc' dir='ltr'>..ψυχὴν</span> <span class='ocrx_word' id='word_1_808' title='bbox 2938 4063 3400 4147; x_wconf 40' lang='grc' dir='ltr'>ἢένρτερῳηβίῳ,</span> <span class='ocrx_word' id='word_1_809' title='bbox 3427 4063 3526 4147; x_wconf 60' lang='grc' dir='ltr'>τῂν</span> <span class='ocrx_word' id='word_1_810' title='bbox 3555 4063 3648 4117; x_wconf 83' lang='grc' dir='ltr'>κό-</span> 
     </span>
    </p>
   </div>
   <div class='ocr_carea' id='block_1_108' title="bbox 1999 4085 3651 4208">
    <p class='ocr_par' dir='ltr' id='par_1_108' title="bbox 1999 4085 3651 4208">
     <span class='ocr_line' id='line_1_109' title="bbox 1999 4085 3648 4191; baseline -0.001 -73"><span class='ocrx_word' id='word_1_811' title='bbox 1999 4085 2347 4191; x_wconf 54' lang='grc' dir='ltr'>μαρτησκσαν</span> <span class='ocrx_word' id='word_1_812' title='bbox 2382 4085 2515 4139; x_wconf 78' lang='grc' dir='ltr'>φησι</span> <span class='ocrx_word' id='word_1_813' title='bbox 2571 4085 2908 4143; x_wconf 38' lang='grc' dir='ltr'>τηννψυκην</span> <span class='ocrx_word' id='word_1_814' title='bbox 2965 4085 3016 4118; x_wconf 84' lang='grc' dir='ltr'>εν</span> <span class='ocrx_word' id='word_1_815' title='bbox 3046 4085 3212 4134; x_wconf 81' lang='grc' dir='ltr'>ετερῳ</span> <span class='ocrx_word' id='word_1_816' title='bbox 3270 4085 3400 4147; x_wconf 70' lang='lat' dir='ltr'>Pup,</span> <span class='ocrx_word' id='word_1_817' title='bbox 3427 4085 3526 4130; x_wconf 88' lang='grc' dir='ltr'>την</span> <span class='ocrx_word' id='word_1_818' title='bbox 3555 4085 3648 4117; x_wconf 83' lang='grc' dir='ltr'>κο-</span> 
     </span>
     <span class='ocr_line' id='line_1_110' title="bbox 2038 4136 3651 4208; baseline 0 -19"><span class='ocrx_word' id='word_1_819' title='bbox 2038 4157 2154 4189; x_wconf 88' lang='grc' dir='ltr'>ασιν</span> <span class='ocrx_word' id='word_1_820' title='bbox 2219 4137 2508 4208; x_wconf 66' lang='grc' dir='ltr'>ὑπομένειν</span> <span class='ocrx_word' id='word_1_821' title='bbox 2568 4137 2806 4199; x_wconf 65' lang='grc' dir='ltr'>ἐνταυθαο</span> <span class='ocrx_word' id='word_1_822' title='bbox 2873 4161 2898 4187; x_wconf 78' lang='grc' dir='ltr'>α</span> <span class='ocrx_word' id='word_1_823' title='bbox 2937 4137 3046 4192; x_wconf 86' lang='lat' dir='ltr'>Sed</span> <span class='ocrx_word' id='word_1_824' title='bbox 3107 4136 3651 4208; x_wconf 33' lang='lat' dir='ltr'>Basilidedogma</span> 
     </span>
    </p>
   </div>
   <div class='ocr_carea' id='block_1_109' title="bbox 2000 4206 3645 4281">
    <p class='ocr_par' dir='ltr' id='par_1_109' title="bbox 2000 4206 3645 4281">
     <span class='ocr_line' id='line_1_111' title="bbox 2000 4206 3645 4281; baseline -0.002 -17"><span class='ocrx_word' id='word_1_825' title='bbox 2000 4210 2138 4264; x_wconf 90' lang='lat' dir='ltr'>dicti</span> <span class='ocrx_word' id='word_1_826' title='bbox 2172 4206 2433 4265; x_wconf 81' lang='lat' dir='ltr'>animam</span> <span class='ocrx_word' id='word_1_827' title='bbox 2461 4253 2474 4276; x_wconf 95' lang='lat'>,</span> <span class='ocrx_word' id='word_1_828' title='bbox 2508 4227 2637 4281; x_wconf 80' lang='lat' dir='ltr'>quae</span> <span class='ocrx_word' id='word_1_829' title='bbox 2691 4210 2854 4281; x_wconf 91' lang='lat' dir='ltr'>prius</span> <span class='ocrx_word' id='word_1_830' title='bbox 2886 4214 3230 4280; x_wconf 87' lang='lat' dir='ltr'>peccaverat</span> <span class='ocrx_word' id='word_1_831' title='bbox 3259 4209 3319 4261; x_wconf 93' lang='lat' dir='ltr'>in</span> <span class='ocrx_word' id='word_1_832' title='bbox 3359 4206 3477 4261; x_wconf 89' lang='lat' dir='ltr'>alia</span> <span class='ocrx_word' id='word_1_833' title='bbox 3507 4206 3645 4276; x_wconf 87' lang='lat' dir='ltr'>vita,</span> 
     </span>
    </p>
   </div>
   <div class='ocr_carea' id='block_1_110' title="bbox 1997 4281 2719 4353">
    <p class='ocr_par' dir='ltr' id='par_1_110' title="bbox 1997 4281 2719 4353">
     <span class='ocr_line' id='line_1_112' title="bbox 1997 4281 2719 4353; baseline 0 -18"><span class='ocrx_word' id='word_1_834' title='bbox 1997 4281 2094 4335; x_wconf 89' lang='lat' dir='ltr'>hic</span> <span class='ocrx_word' id='word_1_835' title='bbox 2125 4281 2493 4353; x_wconf 86' lang='lat' dir='ltr'>supplicium</span> <span class='ocrx_word' id='word_1_836' title='bbox 2516 4281 2656 4352; x_wconf 90' lang='lat' dir='ltr'>pati.</span> <span class='ocrx_word' id='word_1_837' title='bbox 2692 4303 2719 4330; x_wconf 84' lang='lat'>»</span> 
     </span>
    </p>
   </div>
   <div class='ocr_carea' id='block_1_111' title="bbox 2068 4352 2711 4422">
    <p class='ocr_par' dir='ltr' id='par_1_111' title="bbox 2068 4352 2711 4422">
     <span class='ocr_line' id='line_1_113' title="bbox 2068 4352 2711 4422; baseline 0.003 -17"><span class='ocrx_word' id='word_1_838' title='bbox 2068 4355 2141 4422; x_wconf 82' lang='grc'>(4)</span> <span class='ocrx_word' id='word_1_839' title='bbox 2175 4352 2662 4422; x_wconf 60' lang='grc' dir='ltr'>Πλατωνικώτερον</span> <span class='ocrx_word' id='word_1_840' title='bbox 2699 4395 2711 4407; x_wconf 95' lang='grc'><strong>.</strong></span> 
     </span>
    </p>
   </div>
   <div class='ocr_carea' id='block_1_112' title="bbox 1997 4416 3645 4498">
    <p class='ocr_par' dir='ltr' id='par_1_112' title="bbox 1997 4416 3645 4498">
     <span class='ocr_line' id='line_1_114' title="bbox 1997 4416 3645 4498; baseline -0.005 -22"><span class='ocrx_word' id='word_1_841' title='bbox 1997 4416 2197 4498; x_wconf 44' lang='lat' dir='ltr'>p.544</span> <span class='ocrx_word' id='word_1_842' title='bbox 2228 4469 2240 4480; x_wconf 92' lang='lat'>.</span> <span class='ocrx_word' id='word_1_843' title='bbox 2279 4416 2598 4498; x_wconf 33' lang='lat'>[160176924</span> <span class='ocrx_word' id='word_1_844' title='bbox 2631 4420 2688 4498; x_wconf 69' lang='grc' dir='ltr'>δὲ</span> <span class='ocrx_word' id='word_1_845' title='bbox 2734 4421 2823 4473; x_wconf 86' lang='grc' dir='ltr'>καὶ</span> <span class='ocrx_word' id='word_1_846' title='bbox 2879 4420 3113 4498; x_wconf 33' lang='grc' dir='ltr'>Πλοίτωνὶ</span> <span class='ocrx_word' id='word_1_847' title='bbox 3161 4416 3336 4498; x_wconf 73' lang='grc' dir='ltr'>δῆμόν</span> <span class='ocrx_word' id='word_1_848' title='bbox 3393 4435 3512 4498; x_wconf 60' lang='grc' dir='ltr'>τινα</span> <span class='ocrx_word' id='word_1_849' title='bbox 3542 4419 3645 4498; x_wconf 52' lang='grc' dir='ltr'>ψυῖ</span> 
     </span>
    </p>
   </div>
   <div class='ocr_carea' id='block_1_113' title="bbox 2913 4483 3642 4561">
    <p class='ocr_par' dir='ltr' id='par_1_113' title="bbox 2913 4483 3642 4561">
     <span class='ocr_line' id='line_1_115' title="bbox 2913 4483 3642 4561; baseline -0.005 -18"><span class='ocrx_word' id='word_1_850' title='bbox 2913 4490 3001 4544; x_wconf 77' lang='grc' dir='ltr'>καὶ</span> <span class='ocrx_word' id='word_1_851' title='bbox 3057 4489 3152 4561; x_wconf 77' lang='grc' dir='ltr'>τὰς</span> <span class='ocrx_word' id='word_1_852' title='bbox 3212 4483 3481 4561; x_wconf 76' lang='grc' dir='ltr'>ἇμαρτάδι</span> <span class='ocrx_word' id='word_1_853' title='bbox 3535 4483 3642 4561; x_wconf 65' lang='grc' dir='ltr'>τινὶ</span> 
     </span>
    </p>
   </div>
   <div class='ocr_carea' id='block_1_114' title="bbox 2045 4559 3643 4636">
    <p class='ocr_par' dir='ltr' id='par_1_114' title="bbox 2045 4559 3643 4636">
     <span class='ocr_line' id='line_1_116' title="bbox 2045 4559 3643 4636; baseline -0.003 -19"><span class='ocrx_word' id='word_1_854' title='bbox 2045 4559 2414 4636; x_wconf 71' lang='grc' dir='ltr'>εριπεσοὺσας,</span> <span class='ocrx_word' id='word_1_855' title='bbox 2446 4559 2714 4636; x_wconf 68' lang='grc' dir='ltr'>τιμωρίας</span> <span class='ocrx_word' id='word_1_856' title='bbox 2767 4561 2929 4635; x_wconf 61' lang='grc' dir='ltr'>χάριν</span> <span class='ocrx_word' id='word_1_857' title='bbox 2961 4561 3036 4619; x_wconf 66' lang='grc' dir='ltr'>εἷς</span> <span class='ocrx_word' id='word_1_858' title='bbox 3086 4559 3337 4636; x_wconf 35' lang='grc' dir='ltr'>σώματ-ας</span> <span class='ocrx_word' id='word_1_859' title='bbox 3361 4559 3643 4630; x_wconf 74' lang='grc' dir='ltr'>καταπεμ-</span> 
     </span>
    </p>
   </div>
   <div class='ocr_carea' id='block_1_115' title="bbox 2000 4619 3645 4712">
    <p class='ocr_par' dir='ltr' id='par_1_115' title="bbox 2000 4619 3645 4712">
     <span class='ocr_line' id='line_1_117' title="bbox 2000 4619 3645 4712; baseline -0.003 -24"><span class='ocrx_word' id='word_1_860' title='bbox 2000 4619 2190 4712; x_wconf 47' lang='lat' dir='ltr'>grauem</span> <span class='ocrx_word' id='word_1_861' title='bbox 2224 4619 2470 4712; x_wconf 71' lang='grc' dir='ltr'>λέγουσι.</span> <span class='ocrx_word' id='word_1_862' title='bbox 2507 4619 2535 4685; x_wconf 61' lang='grc' dir='ltr'>ἶ‹</span> <span class='ocrx_word' id='word_1_863' title='bbox 2566 4619 2923 4712; x_wconf 56' lang='lat' dir='ltr'>P&#39;ythagoras</span> <span class='ocrx_word' id='word_1_864' title='bbox 2953 4638 3150 4687; x_wconf 90' lang='lat' dir='ltr'>autem</span> <span class='ocrx_word' id='word_1_865' title='bbox 3172 4619 3239 4686; x_wconf 75' lang='lat' dir='ltr'>ac</span> <span class='ocrx_word' id='word_1_866' title='bbox 3271 4631 3435 4712; x_wconf 65' lang='lat' dir='ltr'>Plato</span> <span class='ocrx_word' id='word_1_867' title='bbox 3458 4619 3645 4712; x_wconf 80' lang='lat' dir='ltr'>popu-</span> 
     </span>
    </p>
   </div>
   <div class='ocr_carea' id='block_1_116' title="bbox 2004 4704 3647 4778">
    <p class='ocr_par' dir='ltr' id='par_1_116' title="bbox 2004 4704 3647 4778">
     <span class='ocr_line' id='line_1_118' title="bbox 2004 4704 3647 4778; baseline -0.004 -17"><span class='ocrx_word' id='word_1_868' title='bbox 2004 4708 2125 4761; x_wconf 91' lang='lat' dir='ltr'>lum</span> <span class='ocrx_word' id='word_1_869' title='bbox 2149 4704 2464 4778; x_wconf 86' lang='lat' dir='ltr'>quemdam</span> <span class='ocrx_word' id='word_1_870' title='bbox 2489 4704 2821 4761; x_wconf 85' lang='lat' dir='ltr'>animarum</span> <span class='ocrx_word' id='word_1_871' title='bbox 2844 4720 3089 4778; x_wconf 86' lang='lat' dir='ltr'>corpore</span> <span class='ocrx_word' id='word_1_872' title='bbox 3110 4704 3647 4778; x_wconf 49' lang='lat' dir='ltr'>carentiumintro:</span> 
     </span>
    </p>
   </div>
   <div class='ocr_carea' id='block_1_117' title="bbox 2004 4773 3647 4849">
    <p class='ocr_par' dir='ltr' id='par_1_117' title="bbox 2004 4773 3647 4849">
     <span class='ocr_line' id='line_1_119' title="bbox 2004 4773 3647 4849; baseline -0.005 -15"><span class='ocrx_word' id='word_1_873' title='bbox 2004 4773 2253 4844; x_wconf 82' lang='lat' dir='ltr'>ducunt,</span> <span class='ocrx_word' id='word_1_874' title='bbox 2285 4795 2522 4849; x_wconf 88' lang='lat' dir='ltr'>easque.</span> <span class='ocrx_word' id='word_1_875' title='bbox 2558 4784 2870 4848; x_wconf 87' lang='lat' dir='ltr'>postquam</span> <span class='ocrx_word' id='word_1_876' title='bbox 2910 4773 2981 4849; x_wconf 76' lang='lat' dir='ltr'>in</span> <span class='ocrx_word' id='word_1_877' title='bbox 3040 4781 3345 4849; x_wconf 83' lang='lat' dir='ltr'>peccatum</span> <span class='ocrx_word' id='word_1_878' title='bbox 3405 4773 3647 4849; x_wconf 81' lang='lat' dir='ltr'>aliquod</span> 
     </span>
    </p>
   </div>
   <div class='ocr_carea' id='block_1_118' title="bbox 2006 4843 3644 4922">
    <p class='ocr_par' dir='ltr' id='par_1_118' title="bbox 2006 4843 3644 4922">
     <span class='ocr_line' id='line_1_120' title="bbox 2006 4843 3644 4922; baseline -0.003 -19"><span class='ocrx_word' id='word_1_879' title='bbox 2006 4850 2343 4918; x_wconf 90' lang='lat' dir='ltr'>inciderint,</span> <span class='ocrx_word' id='word_1_880' title='bbox 2375 4843 2649 4922; x_wconf 80' lang='lat' dir='ltr'>supplicii</span> <span class='ocrx_word' id='word_1_881' title='bbox 2682 4843 2860 4903; x_wconf 71' lang='lat' dir='ltr'>causa</span> <span class='ocrx_word' id='word_1_882' title='bbox 2891 4843 3096 4901; x_wconf 82' lang='lat' dir='ltr'>dicunt</span> <span class='ocrx_word' id='word_1_883' title='bbox 3126 4847 3188 4900; x_wconf 92' lang='lat' dir='ltr'>in</span> <span class='ocrx_word' id='word_1_884' title='bbox 3237 4861 3484 4916; x_wconf 89' lang='lat' dir='ltr'>corpora</span> <span class='ocrx_word' id='word_1_885' title='bbox 3513 4843 3644 4898; x_wconf 88' lang='lat' dir='ltr'>des-</span> 
     </span>
    </p>
   </div>
   <div class='ocr_carea' id='block_1_119' title="bbox 2006 4922 2259 4976">
    <p class='ocr_par' dir='ltr' id='par_1_119' title="bbox 2006 4922 2259 4976">
     <span class='ocr_line' id='line_1_121' title="bbox 2006 4922 2259 4976; baseline 0.004 -1"><span class='ocrx_word' id='word_1_886' title='bbox 2006 4922 2205 4976; x_wconf 84' lang='lat' dir='ltr'>tinari.</span> <span class='ocrx_word' id='word_1_887' title='bbox 2232 4943 2259 4970; x_wconf 83' lang='lat'>»</span> 
     </span>
    </p>
   </div>
   <div class='ocr_carea' id='block_1_120' title="bbox 2079 4984 3652 5064">
    <p class='ocr_par' dir='ltr' id='par_1_120' title="bbox 2079 4984 3652 5064">
     <span class='ocr_line' id='line_1_122' title="bbox 2079 4984 3652 5064; baseline -0.006 -18"><span class='ocrx_word' id='word_1_888' title='bbox 2079 4994 2152 5064; x_wconf 87' lang='lat'>(5)</span> <span class='ocrx_word' id='word_1_889' title='bbox 2186 4989 2521 5047; x_wconf 83' lang='grc' dir='ltr'>Συνιστάναι.</span> <span class='ocrx_word' id='word_1_890' title='bbox 2556 4991 2791 5064; x_wconf 81' lang='lat' dir='ltr'>Rectius</span> <span class='ocrx_word' id='word_1_891' title='bbox 2821 4989 3188 5061; x_wconf 71' lang='lat' dir='ltr'>praeteritum</span> <span class='ocrx_word' id='word_1_892' title='bbox 3220 4987 3368 5058; x_wconf 86' lang='lat' dir='ltr'>perf.</span> <span class='ocrx_word' id='word_1_893' title='bbox 3401 4984 3652 5039; x_wconf 71' lang='grc' dir='ltr'>συνεστί-</span> 
     </span>
    </p>
   </div>
   <div class='ocr_carea' id='block_1_121' title="bbox 2007 5063 2861 5122">
    <p class='ocr_par' dir='ltr' id='par_1_121' title="bbox 2007 5063 2861 5122">
     <span class='ocr_line' id='line_1_123' title="bbox 2007 5063 2861 5122; baseline 0 -6"><span class='ocrx_word' id='word_1_894' title='bbox 2007 5083 2115 5122; x_wconf 80' lang='grc' dir='ltr'>ναι,</span> <span class='ocrx_word' id='word_1_895' title='bbox 2152 5087 2177 5112; x_wconf 79' lang='grc' dir='ltr'>α</span> <span class='ocrx_word' id='word_1_896' title='bbox 2208 5069 2499 5118; x_wconf 87' lang='lat' dir='ltr'>constare.</span> <span class='ocrx_word' id='word_1_897' title='bbox 2535 5086 2562 5112; x_wconf 92' lang='grc'><strong>››</strong></span> <span class='ocrx_word' id='word_1_898' title='bbox 2593 5063 2861 5117; x_wconf 68' lang='lat' dir='ltr'>Summe.</span> 
     </span>
    </p>
   </div>
   <div class='ocr_carea' id='block_1_122' title="bbox 2079 5123 3652 5208">
    <p class='ocr_par' dir='ltr' id='par_1_122' title="bbox 2079 5123 3652 5208">
     <span class='ocr_line' id='line_1_124' title="bbox 2079 5123 3652 5208; baseline -0.004 -21"><span class='ocrx_word' id='word_1_899' title='bbox 2079 5137 2151 5204; x_wconf 88' lang='lat'>(6)</span> <span class='ocrx_word' id='word_1_900' title='bbox 2185 5135 2295 5208; x_wconf 52' lang='lat' dir='ltr'>Mf},</span> <span class='ocrx_word' id='word_1_901' title='bbox 2331 5134 2406 5194; x_wconf 81' lang='grc' dir='ltr'>ὡς</span> <span class='ocrx_word' id='word_1_902' title='bbox 2439 5135 2466 5188; x_wconf 89' lang='lat'>6</span> <span class='ocrx_word' id='word_1_903' title='bbox 2499 5154 2588 5208; x_wconf 79' lang='grc' dir='ltr'>οφ.</span> <span class='ocrx_word' id='word_1_904' title='bbox 2641 5135 2873 5208; x_wconf 70' lang='grc' dir='ltr'>Μηπως,</span> <span class='ocrx_word' id='word_1_905' title='bbox 2907 5131 2979 5208; x_wconf 81' lang='grc' dir='ltr'>ὡς</span> <span class='ocrx_word' id='word_1_906' title='bbox 3011 5131 3038 5184; x_wconf 88' lang='grc' dir='ltr'>ὁ</span> <span class='ocrx_word' id='word_1_907' title='bbox 3072 5126 3196 5208; x_wconf 50' lang='grc' dir='ltr'>ἔρις</span> <span class='ocrx_word' id='word_1_908' title='bbox 3253 5123 3394 5184; x_wconf 70' lang='grc' dir='ltr'>Εὕαν</span> <span class='ocrx_word' id='word_1_909' title='bbox 3423 5124 3652 5208; x_wconf 39' lang='lat' dir='ltr'>Egred-</span> 
     </span>
    </p>
   </div>
   <div class='ocr_carea' id='block_1_123' title="bbox 2005 5201 3650 5279">
    <p class='ocr_par' dir='ltr' id='par_1_123' title="bbox 2005 5201 3650 5279">
     <span class='ocr_line' id='line_1_125' title="bbox 2005 5201 3650 5279; baseline -0.002 -19"><span class='ocrx_word' id='word_1_910' title='bbox 2005 5201 2166 5274; x_wconf 70' lang='grc' dir='ltr'>τησεν</span> <span class='ocrx_word' id='word_1_911' title='bbox 2223 5205 2274 5260; x_wconf 78' lang='grc' dir='ltr'>ἐν</span> <span class='ocrx_word' id='word_1_912' title='bbox 2327 5209 2395 5278; x_wconf 83' lang='grc' dir='ltr'>τῇ</span> <span class='ocrx_word' id='word_1_913' title='bbox 2455 5201 2760 5279; x_wconf 79' lang='grc' dir='ltr'>πανουργίᾳ</span> <span class='ocrx_word' id='word_1_914' title='bbox 2819 5204 3016 5268; x_wconf 76' lang='grc' dir='ltr'>αὑτοῦ,</span> <span class='ocrx_word' id='word_1_915' title='bbox 3070 5202 3214 5256; x_wconf 78' lang='grc' dir='ltr'>οὕτω</span> <span class='ocrx_word' id='word_1_916' title='bbox 3267 5211 3357 5278; x_wconf 79' lang='grc' dir='ltr'>φθ.</span> <span class='ocrx_word' id='word_1_917' title='bbox 3415 5203 3473 5256; x_wconf 91' lang='grc' dir='ltr'><em>ΙΙ</em></span> <span class='ocrx_word' id='word_1_918' title='bbox 3526 5201 3650 5256; x_wconf 84' lang='lat' dir='ltr'>Cor.</span> 
     </span>
    </p>
   </div>
   <div class='ocr_carea' id='block_1_124' title="bbox 2009 5281 2172 5333">
    <p class='ocr_par' dir='ltr' id='par_1_124' title="bbox 2009 5281 2172 5333">
     <span class='ocr_line' id='line_1_126' title="bbox 2009 5281 2172 5333; baseline 0.006 -1"><span class='ocrx_word' id='word_1_919' title='bbox 2009 5297 2086 5333; x_wconf 71' lang='lat' dir='ltr'>x1.</span> <span class='ocrx_word' id='word_1_920' title='bbox 2122 5281 2172 5333; x_wconf 85' lang='lat'>5.</span> 
     </span>
    </p>
   </div>
   <div class='ocr_carea' id='block_1_125' title="bbox 2074 5321 3656 5426">
    <p class='ocr_par' dir='ltr' id='par_1_125' title="bbox 2074 5321 3656 5426">
     <span class='ocr_line' id='line_1_127' title="bbox 2074 5321 3656 5426; baseline -0.013 -13"><span class='ocrx_word' id='word_1_921' title='bbox 2074 5321 2416 5426; x_wconf 50' lang='grc' dir='ltr'>(ῚῙΚτίστης</span> <span class='ocrx_word' id='word_1_922' title='bbox 2468 5349 2571 5423; x_wconf 76' lang='grc' dir='ltr'>γὰρ</span> <span class='ocrx_word' id='word_1_923' title='bbox 2669 5368 2721 5422; x_wconf 90' lang='grc' dir='ltr'>γ.</span> <span class='ocrx_word' id='word_1_924' title='bbox 2875 5347 3059 5426; x_wconf 39' lang='grc' dir='ltr'>κειστιή</span> <span class='ocrx_word' id='word_1_925' title='bbox 3102 5343 3204 5418; x_wconf 75' lang='grc' dir='ltr'>γὰρ</span> <span class='ocrx_word' id='word_1_926' title='bbox 3236 5345 3272 5411; x_wconf 79' lang='grc' dir='ltr'><strong>ἡ</strong></span> <span class='ocrx_word' id='word_1_927' title='bbox 3305 5341 3530 5426; x_wconf 63' lang='grc' dir='ltr'>γένεσις,</span> <span class='ocrx_word' id='word_1_928' title='bbox 3568 5344 3656 5426; x_wconf 49' lang='lat' dir='ltr'>‘ut</span> 
     </span>
    </p>
   </div>
   <div class='ocr_carea' id='block_1_126' title="bbox 2010 5409 3651 5494">
    <p class='ocr_par' dir='ltr' id='par_1_126' title="bbox 2010 5409 3651 5494">
     <span class='ocr_line' id='line_1_128' title="bbox 2010 5409 3651 5494; baseline -0.009 -20"><span class='ocrx_word' id='word_1_929' title='bbox 2010 5409 2162 5494; x_wconf 73' lang='lat' dir='ltr'>infra</span> <span class='ocrx_word' id='word_1_930' title='bbox 2193 5439 2249 5494; x_wconf 9' lang='lat' dir='ltr'>pg.</span> <span class='ocrx_word' id='word_1_931' title='bbox 2308 5409 2432 5494; x_wconf 70' lang='lat'>202,</span> <span class='ocrx_word' id='word_1_932' title='bbox 2481 5409 2824 5494; x_wconf 67' lang='grc' dir='ltr'>κιστδς’γάρ</span> <span class='ocrx_word' id='word_1_933' title='bbox 2884 5419 2912 5471; x_wconf 88' lang='lat'>6</span> <span class='ocrx_word' id='word_1_934' title='bbox 2966 5409 3196 5487; x_wconf 54' lang='grc' dir='ltr'>κόσμος,</span> <span class='ocrx_word' id='word_1_935' title='bbox 3253 5409 3442 5480; x_wconf 69' lang='grc' dir='ltr'>κτιστὴ</span> <span class='ocrx_word' id='word_1_936' title='bbox 3495 5409 3584 5463; x_wconf 78' lang='grc' dir='ltr'>καὶ</span> <span class='ocrx_word' id='word_1_937' title='bbox 3615 5409 3651 5477; x_wconf 77' lang='grc' dir='ltr'><strong>ἡ</strong></span> 
     </span>
    </p>
   </div>
   <div class='ocr_carea' id='block_1_127' title="bbox 2011 5491 3598 5565">
    <p class='ocr_par' dir='ltr' id='par_1_127' title="bbox 2011 5491 3598 5565">
     <span class='ocr_line' id='line_1_129' title="bbox 2011 5491 3598 5565; baseline 0.01 -20"><span class='ocrx_word' id='word_1_938' title='bbox 2011 5491 2596 5565; x_wconf 31' lang='grc' dir='ltr'>εὐνουχίαηδγήιβυῐιο.</span> <span class='ocrx_word' id='word_1_939' title='bbox 2938 5562 2947 5565; x_wconf 43' lang='grc'>,</span> <span class='ocrx_word' id='word_1_940' title='bbox 3037 5560 3110 5565; x_wconf 55' lang='grc'>,,</span> <span class='ocrx_word' id='word_1_941' title='bbox 3360 5556 3448 5565; x_wconf 67' lang='lat'>__-</span> <span class='ocrx_word' id='word_1_942' title='bbox 3560 5550 3598 5565; x_wconf 87' lang='lat'>..</span> 
     </span>
    </p>
   </div>
   <div class='ocr_carea' id='block_1_128' title="bbox 2082 5550 3651 5646">
    <p class='ocr_par' dir='ltr' id='par_1_128' title="bbox 2082 5550 3651 5646">
     <span class='ocr_line' id='line_1_130' title="bbox 2082 5550 3651 5646; baseline -0.006 -29"><span class='ocrx_word' id='word_1_943' title='bbox 2082 5565 2152 5646; x_wconf 82' lang='grc'>(8)</span> <span class='ocrx_word' id='word_1_944' title='bbox 2177 5550 2590 5646; x_wconf 66' lang='grc' dir='ltr'>Ἡρολαϐόντος.</span> <span class='ocrx_word' id='word_1_945' title='bbox 2650 5561 2757 5617; x_wconf 85' lang='lat' dir='ltr'>Vid</span> <span class='ocrx_word' id='word_1_946' title='bbox 2788 5607 2800 5618; x_wconf 94' lang='lat'>.</span> <span class='ocrx_word' id='word_1_947' title='bbox 2860 5560 3220 5634; x_wconf 85' lang='lat' dir='ltr'>principium</span> <span class='ocrx_word' id='word_1_948' title='bbox 3258 5573 3316 5627; x_wconf 90' lang='lat' dir='ltr'>p.</span> <span class='ocrx_word' id='word_1_949' title='bbox 3348 5556 3453 5609; x_wconf 80' lang='grc'>470</span> <span class='ocrx_word' id='word_1_950' title='bbox 3507 5550 3651 5608; x_wconf 78' lang='lat' dir='ltr'>edit.</span> 
     </span>
    </p>
   </div>
   <div class='ocr_carea' id='block_1_129' title="bbox 2016 5637 2448 5693">
    <p class='ocr_par' dir='ltr' id='par_1_129' title="bbox 2016 5637 2448 5693">
     <span class='ocr_line' id='line_1_131' title="bbox 2016 5637 2448 5693; baseline 0.005 -3"><span class='ocrx_word' id='word_1_951' title='bbox 2016 5637 2200 5693; x_wconf 86' lang='lat' dir='ltr'>Paris.</span> <span class='ocrx_word' id='word_1_952' title='bbox 2227 5637 2448 5692; x_wconf 76' lang='lat' dir='ltr'>Lowru.</span> 
     </span>
    </p>
   </div>
   <div class='ocr_carea' id='block_1_130' title="bbox 2773 4345 3644 4419">
    <p class='ocr_par' dir='ltr' id='par_1_130' title="bbox 2773 4345 3644 4419">
     <span class='ocr_line' id='line_1_132' title="bbox 2773 4345 3644 4419; baseline -0.008 -14"><span class='ocrx_word' id='word_1_953' title='bbox 2773 4351 3178 4419; x_wconf 81' lang='lat' dir='ltr'>Theodoretus</span> <span class='ocrx_word' id='word_1_954' title='bbox 3233 4353 3505 4419; x_wconf 77' lang='grc' dir='ltr'>Θεραπευτ</span> <span class='ocrx_word' id='word_1_955' title='bbox 3538 4385 3552 4411; x_wconf 90' lang='grc'>,</span> <span class='ocrx_word' id='word_1_956' title='bbox 3585 4345 3644 4413; x_wconf 86' lang='grc' dir='ltr'>ε’,</span> 
     </span>
    </p>
   </div>
   <div class='ocr_carea' id='block_1_131' title="bbox 3291 5747 3370 5804">
    <p class='ocr_par' dir='ltr' id='par_1_131' title="bbox 3291 5747 3370 5804">
     <span class='ocr_line' id='line_1_133' title="bbox 3291 5747 3370 5804; baseline 0 0"><span class='ocrx_word' id='word_1_957' title='bbox 3291 5747 3370 5804; x_wconf 91' lang='grc'>38</span> 
     </span>
    </p>
   </div>
  </div>
