4048 6186
379 267 517 325 1195

1608 261 2017 320 CLEMENTIS
2053 261 2550 318 ALEXANDle

3663 258 3787 317 1196

376 399 495 450 tem
526 405 1057 465 persequeremur;
1088 404 1221 443 cum
1252 388 1458 458 utique
1484 386 1888 459 protOplastus
1917 403 2018 440 no-

2132 380 2278 458 ὥρας
2306 388 2406 452 τῆς
2432 380 2528 438 τοῦ
2559 381 2741 459 γάμου
2774 383 3001 459 χάριτος
3045 383 3373 460 ὄρεχθέντος
3418 383 3515 439 καὶ
3559 380 3785 459 διαμαρο

376 488 498 538 ster
530 488 762 552 tempus
795 479 1198 552 prmvenisset,
1233 484 1290 531 et
1318 483 1453 532 ante
1495 476 1757 531 debitum
1792 483 2026 547 tempus

372 571 740 628 matrimonii
763 570 1017 642 gratiam
1041 567 1387 639 appetiisset
1408 571 1466 621 et
1486 565 1822 620 aberrasset
1846 581 1859 618 :
1884 580 2024 634 quo-

373 662 533 717 niam
551 684 579 712 ‹‹
597 660 938 731 quicunque
957 657 1169 728 aspicit
1186 655 1500 711 mulierem
1515 655 1586 710 ad
1602 653 2030 725 concupiscen-

373 750 513 807 dum
534 766 687 815 eam,
702 750 828 820 jam
848 746 1174 802 mmchatus
1189 750 1278 799 est
1302 761 1431 799 eam
1457 744 1554 813 ια),
1578 765 1605 791 ››
1620 749 1685 797 ut
1701 743 1801 813 qui
1824 741 2028 796 volun-

371 840 512 896 tatis
545 845 777 910 tempus
806 854 927 891 non
980 834 1422 906 exspectaverit.
1470 835 1523 888 Is
1557 833 1680 904 ipse
1712 848 1848 903 ergo
1900 834 2028 885 erat

372 928 681 994 Dominus,
716 927 817 998 qui
854 932 993 980 tunc
1014 941 1250 995 quoque
1273 921 1594 977 damnabat
1611 920 2021 992 cupiditatem,

372 1036 504 1090 quaa
545 1016 831 1089 praavenit
858 1013 1327 1070 matrimonium.
1362 1012 1508 1066 Cum
1541 1026 1677 1082 ergo
1706 1010 1850 1064 dicit
1874 1009 2025 1079 Apo-

371 1107 593 1164 stolus:
622 1128 650 1155 ‹‹
684 1104 917 1159 Induite
948 1118 1163 1157 novum
1200 1102 1526 1163 hominem,
1561 1099 1661 1170 qui
1693 1097 2022 1154 secundum

370 1198 554 1251 Deum
587 1199 824 1250 creatur
844 1193 940 1264 (b),
977 1213 1004 1241 »
1028 1191 1202 1245 nobis
1225 1189 1387 1256 dicit,
1413 1189 1514 1260 qui
1537 1188 1609 1243 ab
1633 1187 2023 1258 Omnipoten-

372 1285 448 1340 tis
498 1284 800 1340 voluntate
851 1281 1032 1338 efﬁcti
1082 1296 1309 1346 sumus,
1363 1279 1515 1334 sicut
1563 1293 1769 1333 sumus
1816 1275 2017 1331 efficti.

368 1396 398 1427 «
420 1374 692 1429 Veterem
728 1396 749 1427 ι
783 1376 982 1427 autem
1019 1369 1185 1433 dixit,
1214 1384 1334 1422 non
1366 1367 1694 1438 respiciens
1729 1366 1803 1421 ad
1832 1381 2019 1438 gene-

363 1463 657 1519 rationem
697 1466 755 1517 et
803 1459 1336 1533 regenerationem,
1390 1457 1493 1512 sed
1541 1455 1616 1511 ad
1665 1456 1842 1509 vitam
1894 1454 2019 1509 iuo-

365 1552 680 1609 bedientia:
701 1555 760 1605 et
778 1548 1152 1604 obedientiaa.
1182 1570 1202 1595 ι
1230 1546 1515 1601 Pelliceas
1539 1567 1565 1593 »
1589 1550 1788 1599 autem
1816 1565 1841 1590 η
1863 1543 2017 1597 tuni-

367 1660 468 1698 cas
491 1644 558 1713 (ο)
585 1662 611 1689 ››
645 1639 944 1694 existimat
973 1637 1290 1692 Cassianus
1330 1652 1458 1690 esse
1490 1648 1773 1705 corpora:
1807 1632 1866 1685 in
1900 1648 2016 1701 quo

2128 471 2337 536 τόντος·
2383 474 2467 528 δτι
2522 496 2549 527 ιι
2580 475 2690 536 Πᾶς
2723 474 2752 528 ὁ
2790 474 3008 548 βλέπων
3040 479 3269 549 γυναῖκα
3309 473 3449 549 πρὸς
3495 474 3561 529 τὸ
3608 473 3788 539 ἐπιθυ-

2134 562 2301 634 μῆσαι
2353 565 2426 635 (9)
2480 559 2591 631 ἤδη
2647 563 2969 638 ἐμοίχευσεν
3027 562 3220 631 αύτήν,
3253 586 3283 615 ››
3337 563 3439 618 ούκ
3497 563 3791 635 ἀναμεῖνας

2127 650 2220 703 τὸν
2278 650 2467 725 καιρὸν
2530 650 2867 723 θελήματος.
2925 651 2988 707 Ὁ
3041 652 3204 713 αὐτὸς
3266 650 3356 706 οὗν
3387 652 3456 722 ἦν
3501 653 3532 706 ὁ
3566 652 3790 728 Κύριος,

2128 739 2215 793 καὶ
2245 737 2372 793 τότε
2430 738 2630 815 κρίνων
2687 740 2786 807 τήν
2836 735 3229 814 προλαϐοῦσαν
3286 742 3379 796 τὸν
3431 742 3620 816 γάμον
3684 746 3790 813 (10)

2129 826 2442 899 ἐπιθυμίαν.
2481 830 2647 885 *Οταν
2707 826 2800 883 οὖν
2859 830 2887 883 ὁ
2919 827 3260 891 Ἀπόστολος
3319 827 3471 904 εἶπῄ·
3535 853 3567 882 α
3605 829 3791 886 Ἐνδύ-

2129 918 2289 971 σασθε
2333 918 2426 971 τὸν
2484 918 2671 972 καινὸν
2733 918 3040 992 ἄνθρωπον,
3079 918 3177 974 τὸν
3224 919 3363 974 κατὰ
3408 919 3539 974 Θεὸν
3602 920 3791 989 mra-

2131 1026 2287 1079 μενον
2313 1009 2444 1079 (11),
2467 1030 2495 1058 ››
2519 1008 2655 1078 ἡμῖν
2681 1004 2851 1082 λέγει,
2869 1013 2988 1070 τοῖς
3014 1005 3422 1081 πεπλασμένοις
3441 1009 3549 1064 ὑπὸ
3571 1012 3791 1078 τῆςτοῦ

2128 1096 2573 1171 Παντοκράτορος
2596 1094 2918 1171 βουλήσεως
2942 1096 3019 1161 ὡς
3037 1098 3417 1171 πεπλάσμεθα.
3441 1121 3473 1149 ‹‹
3490 1095 3743 1153 Παλαιὸν
3758 1121 3788 1149 ω

2127 1178 2205 1249 δὲ,
2240 1181 2306 1236 ού
2328 1184 2464 1256 πρὸς
2490 1184 2697 1260 γένεσιν
2728 1184 2817 1239 καὶ
2850 1184 3204 1261 ἀναγέννησίν
3233 1206 3421 1261 φησιν,
3451 1183 3607 1242 ἀλλὰ
3648 1186 3791 1260 πρὸς

2125 1269 2216 1325 τὸν
2249 1269 2369 1346 βίον
2398 1270 2492 1327 τόν
2519 1292 2577 1327 τε
2601 1270 2654 1326 ἐν
2686 1276 2965 1348 παρακοῇ,
2995 1274 3090 1328 τόν
3117 1294 3176 1329 τε
3224 1272 3277 1328 ἐν
3328 1274 3574 1348 ὑπακοῇ.
3628 1297 3657 1327 α
3688 1275 3788 1331 X1-

2120 1362 2295 1421 τῶνας
2356 1362 2470 1433 (12)
2501 1384 2529 1411 ››
2587 1358 2645 1415 Si
2690 1385 2721 1413 ‹‹
2755 1358 3108 1436 δερματίνους
3141 1386 3171 1415 υ
3230 1364 3451 1438 ἡγεῖται
3481 1364 3512 1417 ὁ
3543 1369 3788 1420 [acma-

2123 1447 2215 1509 νὸς
2245 1451 2362 1520 (13)
2390 1450 2459 1503 τὰ
2487 1450 2736 1521 σώματα,
2771 1451 2892 1525 περὶ
2926 1449 3000 1505 ὦν
3033 1450 3256 1527 ὕστερον
3304 1451 3396 1507 καὶ
3441 1455 3641 1507 τοῦτον
3692 1452 3786 1508 καὶ

2120 1536 2249 1599 τοὺς
2308 1537 2519 1609 ὁμοίως
2578 1539 2730 1611 αύτῷ
2786 1536 3263 1614 δογματίζοντας,
3317 1539 3785 1613 πεπλανημένους

2125 1624 2509 1698 ἀποδείξομεν,
2538 1630 2663 1683 ὅταν
2715 1629 2839 1704 περὶ
2890 1637 2990 1700 τῆς
3036 1630 3325 1707 ἀνθρώπου
3372 1632 3634 1707 γενέσεως
3677 1630 3783 1698 τὴν

362 1712 569 1803 postea
600 1738 659 1785 et
690 1745 847 1794 eum,
882 1733 937 1782 et
970 1727 1069 1797 qui
1099 1725 1256 1780 idem
1281 1740 1413 1779 cum
1440 1740 1509 1779 eo
1532 1722 1819 1788 sentiunt,
1853 1720 2017 1775 aber-

2122 1712 2712 1819 éﬁtﬁynmv'knppév‘mi
2749 1724 2867 1781 τοῖς
2897 1717 3298 1819 προλεχθῆναι
3349 1718 3653 1819 διο-μένοις,
3683 1741 3783 1794 με·

362 1836 526 1876 rasse
558 1817 961 1881 ostendemus,
996 1831 1130 1869 cum
1161 1813 1233 1867 de
1256 1817 1388 1866 ortu
1411 1811 1691 1871 hominis.
1717 1810 1789 1864 iis
1807 1825 2011 1864 conse-

363 1913 634 1981 quenter,
670 1923 801 1975 quae
824 1904 989 1977 prius
1020 1902 1273 1957 dicenda
1293 1907 1453 1966 sunt,
1488 1899 1902 1973 aggrediemur
1923 1912 2015 1952 ex-

359 1999 741 2072 positionem.
774 2018 802 2045 «
837 1994 1146 2059 Quoniam,
1183 1991 1398 2062 inquit,
1434 1990 1533 2061 qui
1566 2007 1600 2045 a
1646 1986 1897 2043 terrenis
1924 2002 2014 2040 re-

358 2093 597 2160 guntur,
631 2092 690 2141 et
736 2089 1043 2158 generant,
1071 2087 1128 2137 et
1152 2087 1553 2155 generantur:
1588 2082 1783 2135 Nostra
1829 2084 2011 2132 autem

362 2177 703 2231 conveisatio
760 2180 835 2228 est
889 2175 948 2226 in
1001 2172 1151 2238 cosio,
1196 2188 1264 2225 ea:
1310 2186 1418 2240 quo
1463 2170 1624 2222 etiam
1673 2167 2011 2221 Salvatorem

359 2270 731 2335 exspectamus
752 2263 852 2333 (ἀ).
889 2284 916 2311 ››
942 2263 1119 2315 Recte
1151 2276 1286 2331 ergo
1311 2275 1420 2312 nos
1449 2258 1575 2311 hac
1594 2269 1830 2325 quoque
1853 2253 2011 2307 dicta

361 2369 488 2409 esse
522 2352 765 2411 scimus,
795 2350 1075 2420 quoniam
1107 2353 1173 2401 ut
1203 2347 1466 2416 hospites
1498 2351 1555 2399 et
1579 2343 1815 2398 advenae
1840 2357 2007 2413 pere-

360 2441 667 2514 grinantes
698 2438 983 2493 debemus
1023 2437 1199 2491 vitam
1248 2435 1596 2499 instituere;
1629 2432 1727 2503 qui
1760 2447 2007 2485 uxorem

357 2529 601 2587 habent.
633 2533 698 2582 ut
728 2543 846 2582 non
884 2525 1207 2590 habentes;
1255 2523 1355 2593 qui
1406 2520 1730 2593 possident,
1782 2525 1848 2573 ut
1886 2535 2006 2573 non

356 2615 731 2689 possidentes
760 2615 895 2685 :qui
918 2613 1138 2667 liberos
1168 2618 1505 2683 procreant,
1541 2615 1605 2664 ut
1625 2607 1906 2664 mortales
1928 2606 2005 2678 gi-

355 2710 627 2779 gnentes,
661 2710 726 2759 ut
755 2701 1021 2758 relicturi
1062 2700 1490 2772 possessiones,
1540 2703 1605 2753 ut
1650 2697 1829 2752 etiam
1873 2696 2004 2751 sine

2123 1792 2549 1877 τᾶχειριζόμεθα
2607 1808 2738 1879 (14)·
2806 1830 2835 1859 ‹‹
2897 1792 3046 1862 Ἐπεὶ
3079 1792 3341 1886 ,ηφησὶη
3402 1810 3454 1863 ol
3511 1809 3617 1864 ὑπὸ

2123 1890 2328 1966 γηΐνων
2391 1893 2809 1969 βασιλευόμενοι
2865 1895 2955 1951 καὶ
3017 1903 3241 1973 γεννῶσι
3277 1941 3292 1968 ,
3344 1898 3435 1953 καὶ
3491 1902 3781 1975 γεννῶταυ

2118 1982 2310 2054 Ἦμῶν
2369 1980 2427 2036 δὲ
2470 1984 2532 2038 τὸ
2589 1982 2898 2057 πολίτευμα
2955 1984 3009 2040 ἐν
3068 1985 3281 2060 οὐρανῷ
3335 1990 3470 2060 (15),
3506 1985 3655 2058 ἰξσῦ
3686 1986 3781 2042 καὶ

2124 2073 2358 2146 Σωτῆρα
2403 2069 2843 2148 ἀπεκδεχόμεθα·
2879 2096 2908 2126 ››
2966 2073 3162 2138 Καλῶς
3218 2073 3315 2131 οὖν
3374 2075 3628 2152 εἰρῆσθαι
3687 2077 3784 2131 καὶ

2117 2163 2285 2214 ταῦτα
2340 2158 2495 2234 ἴσμεν
2550 2164 2753 2235 ἡμεῖς·
2815 2161 2933 2218 ἐπεὶ
2986 2164 3061 2226 ὡς
3120 2163 3261 2235 ξένοι
3312 2163 3403 2219 καὶ
3460 2162 3779 2239 παρεπιδηο

2123 2253 2349 2321 μοῦντες
2373 2252 2484 2323 (16)
2515 2249 2898 2307 πολιτεύεσθαι
2923 2250 3239 2329 ὀφείλομεν·
3268 2255 3321 2308 οἱ
3343 2254 3785 2328 γαμοῦντες(1⁶7)

2117 2339 2192 2401 ὡς
2217 2340 2291 2410 μὴ
2310 2343 2627 2413 γαμοῦντες·
2653 2341 2705 2395 οἱ
2726 2342 3022 2414 κτώμενοι.
3050 2341 3126 2406 ὡς
3149 2344 3226 2415 μὴ
3248 2343 3546 2416 κτώμενοι·
3572 2344 3628 2397 οἱ
3653 2362 3782 2397 παι-

2117 2424 2485 2497 δοποιούντες,
2517 2429 2592 2490 ὡς
2620 2430 2849 2500 Θνητοὺς
2878 2435 3192 2507 γεννῶντες,
3227 2432 3303 2494 ὡς
3354 2430 3779 2505 κατελείψοντες

2113 2516 2180 2570 τὰ
2208 2518 2464 2589 κτήματα
2498 2561 2511 2585 ,
2545 2517 2619 2579 ὡς
2658 2516 2748 2572 καί
2777 2517 2902 2573 ἄνευ
2957 2520 3218 2594 γυναικὸς
3278 2520 3644 2596 βιωσόμενοι,
3677 2520 3771 2575 ἐὰν

2116 2601 2227 2679 δέῃ·
2256 2605 2318 2659 ού
2365 2607 2692 2682 προσπάθῶς
2731 2606 2802 2681 τῇ
2854 2610 3043 2679 κτήσει
3092 2607 3396 2684 χρώμενοι,
3439 2611 3560 2683 μετ’
3606 2608 3780 2685 εύχαο

2115 2693 2322 2769 ριστὶας
2354 2693 2401 2748 δ’
2432 2695 2643 2764 ἁπάσης
2673 2697 2807 2769 (18),
2838 2696 2928 2751 καὶ
2962 2696 3524 2775 μεγαλοφρονοῦντες.

354 2810 535 2850 uxore
568 2792 797 2855 victuri,
828 2792 876 2847 si
909 2808 1057 2862 opus
1089 2790 1201 2856 sit;
1235 2805 1356 2844 non
1389 2805 1524 2843 cum
1557 2785 1876 2842 immodico
1908 2785 2122 2840 aﬂ'ectu
2150 2785 2528 2857 possessione
2557 2791 2813 2856 utentes,
2847 2786 2953 2844 sed
2981 2804 3118 2843 cum
3157 2789 3483 2861 gratiarum
3511 2789 3779 2857 actione,

356 2888 415 2940 et
443 2882 642 2939 animo
666 2881 919 2938 excelso.

1866 2973 2100 3029 CAPUT
2136 2974 2254 3028 XV.

1234 3077 1267 3131 Ι
1293 3076 1413 3132 Cor.
1445 3091 1541 3141 vn,
1571 3077 1595 3128 1
1622 3091 1635 3142 ;
1676 3076 1806 3129 Luc.
1838 3089 1951 3140 xw,
1982 3071 2090 3140 26;
2120 3073 2226 3127 Isa.
2259 3087 2367 3140 LVI,
2401 3075 2455 3140 2,
2490 3074 2542 3141 3,
2575 3073 2865 3144 emplicatu

423 3197 494 3252 Et
513 3210 719 3251 rursus
751 3208 887 3249 cum
915 3190 1095 3247 dicit:
1129 3213 1157 3240 «
1190 3191 1419 3245 Bonum
1451 3194 1540 3244 est
1580 3188 1807 3244 homini
1850 3203 1994 3242 uxo-

2184 3184 2351 3248 Αὖθίς
2392 3205 2472 3256 τε,
2533 3185 2660 3242 ὅταν
2719 3189 2817 3262 φῇ·
2879 3210 2907 3239 ‹‹
2941 3187 3124 3243 Καλὸν
3184 3187 3458 3262 ἀνθρώπῳ
3513 3188 3780 3265 γυναικὸς

350 3301 479 3341 rem
505 3301 627 3341 non
658 3289 919 3355 tangere,
954 3280 1057 3336 sed
1090 3284 1332 3352 prOpter
1363 3278 1792 3335 fornicationes
1818 3294 2002 3332 unus-

355 3376 606 3446 quisque
638 3389 804 3429 suam
834 3386 1080 3427 uxorem
1110 3369 1327 3425 habeat
1350 3370 1414 3441 (ε)
1439 3387 1452 3437 ;
1486 3391 1505 3417 ι
1534 3368 1594 3423 id
1616 3367 1796 3423 veluti
1818 3383 1998 3439 expo-

352 3480 526 3530 nens,
547 3479 750 3518 rursus
768 3461 943 3517 dicit:
965 3484 992 3511 ‹‹
1017 3462 1095 3515 Ne
1113 3477 1213 3515 vos
1237 3464 1426 3514 tentet
1442 3459 1685 3513 Satanas
1701 3459 1794 3527 (Γ).
1819 3479 1845 3507 ››
1872 3458 1996 3511 Νοιι

355 3551 515 3607 enim
538 3551 634 3618 iis,
659 3550 760 3621 qui
781 3550 1159 3605 continenter
1178 3554 1427 3604 utuntur
1446 3547 1829 3603 matrimonio
1850 3562 1995 3617 pro-

351 3646 485 3713 pter
496 3640 682 3695 solam
699 3639 1019 3695 liberorum
1032 3638 1600 3710 *procreationeni,
1620 3636 1781 3702 dicit,
1808 3657 1835 3684 ››
1858 3651 1963 3707 pro
1976 3665 1996 3677 ο

350 3735 483 3802 pter
505 3730 1045 3800 intemperantiam:
1064 3750 1090 3778 »
1113 3727 1218 3782 sed
1240 3727 1444 3798 iis,qui
1469 3727 1649 3781 finem
1674 3725 1998 3780 liberorum

348 3817 776 3890 procreationis
789 3818 1037 3887 cupiunt
1050 3816 1618 3882 transilire:ne,cum
1636 3814 1887 3869 nimium
1900 3829 2001 3868 an-

347 3905 547 3961 nuerit
576 3911 781 3961 noster
806 3905 1200 3973 adversarius,
1224 3906 1440 3959 excitet
1468 3905 1895 3976 appetitionem
1924 3902 1999 3958 ad

344 3996 572 4051 alienas
591 3995 938 4066 voluptates.
955 3995 1223 4049 Fortasse
1247 4000 1445 4049 autem
1470 3994 1753 4065 quoniam
1776 3993 1870 4058 iis,
1895 3992 1999 4063 qui

335 4086 499 4160 juste
513 4085 959 4153 vivunt,resistit
975 4091 1215 4156 propter
1228 4084 1696 4142 aemulationem.
1722 4088 1781 4137 et
1801 4082 1998 4137 adver-

343 4192 445 4232 sus
458 4193 559 4232 eos
571 4174 878 4231 contendit
890 4174 1093 4229 volens
1113 4190 1212 4229 eos
1226 4172 1299 4227 ad
1318 4189 1457 4227 suos
1472 4172 1712 4227 ordines
1729 4169 1996 4225 traduce-

2118 3275 2194 3347 μή
2228 3274 2509 3330 ἅπτεσθαι·
2561 3272 2651 3329 διὰ
2691 3272 2749 3330 δὶ
2800 3276 2899 3339 τὰς
2928 3276 3183 3353 πορνείας
3228 3273 3455 3341 ἕκαστος
3503 3279 3606 3348 τήν
3642 3280 3779 3336 hoc

2111 3367 2210 3418 τοῦ
2264 3369 2494 3440 γυναῖκα
2546 3362 2742 3439 ἐχέτω·
2802 3389 2832 3415 ››
2892 3367 3007 3420 οἷον
3065 3363 3499 3443 έπεξηγούμενος
3527 3412 3544 3438 ,
3603 3368 3777 3424 πάλιν

2106 3450 2281 3528 λέγει·
2347 3477 2373 3504 ‹‹
2407 3455 2524 3508 Ἵνα
2585 3453 2662 3527 μή
2723 3455 2955 3531 πειράζῃ
3017 3455 3160 3529 ὑμᾶς
3217 3457 3246 3511 ὁ
3304 3462 3569 3521 Σατανᾶς.
3605 3481 3634 3509 »ι
3689 3460 3773 3516 Ού

2102 3541 2204 3616 γὰρ
2234 3546 2353 3604 τοῖς
2397 3539 2670 3617 ἐγκρατῶς
2724 3545 3039 3618 χρωμένοις
3067 3549 3148 3618 τῷ
3201 3544 3365 3620 γάμῳ
3420 3544 3511 3601 ἐπὶ
3569 3543 3771 3601 παιδο-

2108 3631 2265 3703 ποίίᾳ
2300 3631 2436 3707 μόνῃ
2456 3677 2473 3703 ,
2505 3657 2533 3685 ‹‹
2560 3629 2650 3687 διὰ
2676 3633 2775 3702 τὴν
2807 3632 3061 3711 ἀκρασίαν
3096 3678 3111 3705 ,
3144 3658 3173 3687 »
3231 3633 3392 3714 αησίν
3420 3678 3436 3705 ,
3470 3633 3622 3691 ἀλλὰ
3648 3641 3771 3699 τοῖς

2106 3721 2196 3776 καὶ
2224 3740 2362 3797 περα
2390 3719 2742 3785 παιδοποιίας
2771 3717 3080 3799 προϐαίνειν
3134 3721 3512 3797 ἐπιθυμοῦσιν·
3567 3726 3647 3787 ὡς
3689 3726 3766 3797 μὴ

2106 3807 2253 3865 πολὺ
2285 3810 2567 3872 ἐπινεύσας
2599 3810 2627 3865 ὁ
2660 3807 2730 3865 δι’
2761 3809 2996 3874 ἐναντίας
3031 3855 3045 3880 ,
3106 3811 3385 3888 έκκυμὴνῃ
3425 3814 3529 3883 τήν
3591 3811 3765 3886 ὄρεξιν

2114 3898 2191 3961 εἷς
2224 3898 2524 3975 ἀλλοτρίας
2552 3896 2781 3969 ἡδονάς.
2813 3902 2974 3977 Τάχα
3005 3898 3064 3956 δὲ
3094 3900 3182 3957 ἐπὶ
3210 3905 3324 3976 (19)
3372 3907 3490 3963 τοῖς
3540 3900 3767 3967 δικαίως

2110 3989 2319 4065 βιοῦσιν
2350 3988 2657 4045 ἀνθίσταται
2693 3986 2782 4044 διὰ
2810 3989 2981 4060 ζῆλον
3024 3992 3113 4045 καὶ
3146 3990 3595 4065 ἀπιφιλονεικεῖ,
3627 3993 3765 4047 ὑπά-

2103 4079 2287 4155 γεσθαι
2312 4077 2539 4142 τούτους
2582 4082 2662 4151 τῷ
2691 4079 2883 4133 ἑαυτοῦ
2924 4082 3163 4154 τάγματι
3194 4077 3562 4155 βουλόμενος,
3593 4080 3764 4159 ἀφορ-

2109 4166 2211 4241 μὰς
2241 4163 2313 4221 δι’
2344 4166 2651 4244 ἐγκρατείας
2696 4166 2959 4223 ἐπιπόνου
3005 4166 3264 4244 παρέχειν
3292 4169 3515 4233 τούτοις
3565 4170 3763 4245 βούλεο

407 4324 553 4388 ›ι‹ι>.
596 4322 698 4375 555
746 4320 857 4375 ED.
891 4320 1186 4384 POTTER,
1233 4319 1478 4371 467.468
1508 4317 1619 4372 ED.
1668 4315 1894 4390 ranis.
1955 4313 2018 4387 (αλ

2112 4314 2273 4372 [atth.
2328 4331 2379 4384 ν,
2438 4316 2527 4371 28.
2585 4315 2659 4388 (b)
2692 4315 2906 4388 Ephes.
2957 4335 3032 4390 1v,
3065 4321 3153 4375 24.
3189 4321 3259 4389 (c)
3318 4319 3464 4377 Gen.
3524 4335 3612 4389 ιιι,
3673 4322 3762 4375 21.

339 4387 659 4466 (ὠίΡῒιιΙίΡ.
688 4410 771 4459 ιιι,
804 4394 894 4447 20.
927 4392 996 4464 (c)
1029 4393 1052 4445 Ι
1081 4392 1211 4446 Cor.
1245 4405 1344 4461 vu,
1380 4393 1429 4456 1,
1464 4392 1516 4443 2.
1552 4391 1620 4461 (Γ)
1653 4387 1800 4444 lbid.
1835 4389 1888 4442 5.

404 4541 479 4612 (9)
509 4539 896 4612 Ἐπιθυμῆσαι.
930 4537 1301 4612 Ἐπιθυμῆσαι
1336 4531 1523 4602 αὐτῆς,
1564 4534 1765 4612 Matth.

400 4606 514 4683 (10)
543 4610 644 4665 Τὸν
674 4606 872 4683 γάμον.
904 4611 1094 4666 Etiam
1123 4606 1378 4683 genitivo
1436 4623 1580 4663 casu
1635 4606 1749 4679 legi
1780 4609 1978 4679 potest

327 4685 426 4739 τοῦ
451 4682 652 4756 γάμου.
683 4682 844 4756 SYLB.

401 4750 920 4826 (HlKnCdpsvovt
947 4755 1013 4826 Α.
1046 4752 1294 4826 mavult.
1350 4750 1656 4826 κτεσβὲντα,
1706 4754 1977 4826 tempore

329 4817 652 4897 prmterito.
675 4817 847 4880 'Si'LB.
881 4824 1091 4897 Ephes.
1117 4841 1200 4897 _1v,
1235 4824 1342 4897 24ε
1396 4821 1505 4897 Καὶ
1539 4817 1859 4874 ἐνδύσασθαι
1882 4820 1976 4875 τὸν

332 4892 514 4949 καινὸν
545 4897 852 4968 ἄνθρωπον,
881 4892 974 4947 τὸν
1005 4893 1141 4968 κατὰ
1170 4894 1299 4948 Θεὸν
1332 4892 1630 4968 κτισθέντα.

403 4968 517 5034 (12)
548 4959 970 5036 Χιτ’ῶνας.Ἐοε
1022 4966 1270 5030 scilicet,
1311 4982 1459 5036 quos
1510 4962 1732 5033 ἐποίησε
1781 4959 1977 5035 Κύριος

333 5035 363 5089 ὁ
395 5032 523 5096 Θεὸς
552 5041 631 5106 τῷ
660 5032 836 5109 ’Λδᾶιμ
862 5037 948 5089 καὶ
982 5039 1049 5109 τῇ
1081 5036 1293 5109 γυναικὶ
1328 5032 1493 5090 αὐτοῦ
1527 5081 1540 5093 .
1562 5038 1696 5109 Gen
1718 5078 1729 5091 .
1766 5032 1971 5109 “1,721.

333 5178 344 5190 '
402 5110 515 5179 (13)
547 5106 867 5190 Κασσέανός.
900 5106 1064 5163 Hunc
1093 5106 1291 5190 locum
1340 5108 1621 5190 resperit'
1653 5107 1975 5190 Procopius

329 5178 390 5233 in
411 5177 548 5250 cap.
585 5195 649 5233 ιιι
681 5180 996 5241 Geneseos,
1050 5197 1107 5248 p.
1163 5182 1251 5243 76,
1286 5177 1570 5233 versibnis
1603 5177 1973 5244 Latinas,ubi

329 5250 571 5323 quidem
602 5250 849 5323 citatur.
873 5270 900 5296 ‹‹
932 5250 1205 5323 Clemens
1236 5250 1299 5323 in
1333 5251 1524 5323 primo
1583 5265 1858 5323 sermone
1881 5267 1907 5323 _;
1942 5270 1970 5298 »

327 5313 430 5379 s'ed
463 5324 697 5378 Grascus
730 5313 944 5393 tex'tus
1001 5336 1111 5376 ms.
1167 5313 1364 5385 habet,
1398 5318 1638 5390 Κλήμης
1692 5318 1744 5371 ἐν
1802 5313 1975 5393 τρίτῳ

327 5398 671 5467 Στρωματεῖ.
709 5392 972 5467 ϐιυιιιιιιε.

397 5450 507 5540 (14)
563 5450 1099 5539 Μεταχειριζόμεθα.
1160 5462 1593 5536 Congruentius
1643 5478 1967 5537 ματαχειρι-

326 5538 567 5610 σώμεθα.
592 5538 873 5610 δῩΙιΒὉΗϐ.

397 5607 505 5683 (15)
537 5609 781 5685 Οὐρανῷ.
804 5607 1093 5680 Ούρανοῖς,
1116 5607 1333 5680 Philip.
1367 5624 1426 5675 ιι,
1463 5609 1552 5662 20.

2163 4527 2465 4606 (1(ᾓΞένοι
2523 4527 2630 4606 καὶ
2672 4549 2871 4606 παρεπ·
2932 4533 3197 4606 Respicit
3256 4535 3435 4606 Hebr,
3495 4552 3579 4606 ξι,
3643 4538 3758 4606 13ι

2087 4599 2566 4676 Ὁμολογήσαντες
2597 4600 2681 4656 ὅτι
2715 4599 2855 4672 ξένοι
2902 4605 2993 4660 καί
3038 4599 3429 4681 παραπίδημοί
3478 4599 3617 4661 εἰσιν
3666 4605 3757 4660 ἐπὶ

2087 4679 2186 4731 τῆς
2215 4679 2337 4731 γῆς.
2372 4674 2538 4731 Conf.
2572 4675 2596 4729 Ι
2626 4676 2782 4731 Petr.
2821 4693 2886 4731 ιι.
2915 4678 3001 4731 1ι.

2085 4692 2186 4742 της
2215 4694 2337 4798 γης.
2372 4691 2538 4731 ιλοιιι.
2572 4691 2596 4729 ι
2626 4691 2782 4731 retr.
2821 4693 2886 4745 ιι,
2915 4691 3001 4732 ιι.

2086 4744 2743 4872 29(13ὄ.(ἒὶ1.γαμοῦντες.
2795 4748 3109 4821 Respicere
3166 4748 3405 4807 videtur
3430 4751 3457 4805 Ι
3488 4750 3622 4807 Cor.
3655 4766 3753 4819 vix,

2453 4887 2639 4967 κτήσει
2703 4888 2989 4967 χρώμενοι
3023 4934 3037 4958 ,
3112 4891 3228 4967 μετ’
3286 4890 3649 4967 εὐχαριστίας
3699 4887 3755 4967 δ’

2087 4958 2180 5012 ἀπ.
2214 4962 2324 5014 Pro
2354 4958 2424 5030 τῇ
2452 4959 2639 5028 κτήσει
2802 4958 2981 5017 scribi
3028 4958 3219 5036 possit
3268 4958 3547 5034 τῇᾶτίσει
3597 4964 3754 5036 χρώ-

2090 5049 2264 5111 μεχρι.
2298 5037 3150 5111 <f_creat11_ra_ute_ntes.aNam
3179 5037 3480 5111 respicere
3514 5037 3752 5091 videtur

2083 5098 2109 5155 I
2136 5103 2387 5190 Ti‘moth.
2423 5105 2601 5191 1v,’3.
2632 5105 2664 5158 4
2693 5123 2708 5172 ;
2748 5109 2809 5191 ξολ
2843 5105 2871 5157 ὁ
2895 5106 3024 5191 θεὸς
3056 5098 3258 5191 ἔκτισεν
3283 5098 3373 5166 ἐἷς
3426 5107 3746 5191 μεταληψιν

2088 5174 2221 5248 μετᾷ
2244 5174 2684 5248 εύχαριστίαςμ...
2745 5174 2829 5248 ἔτι
2871 5182 2988 5248 ,πᾶν
3036 5177 3239 5248 κτίσμα
3296 5174 3438 5232 Θεοῑῖ
3478 5174 3749 5241 καλὸνξ...

2088 5239 2222 5327 μετὰ
2252 5239 2598 5327 εὐχαριστία-ς
2630 5239 3074 5327 λαμβανόμενον.
3254 5250 3535 5327 Clemens
3569 5239 3747 5327 stipe-

2082 5319 2205 5373 rius
2237 5336 2294 5389 p.
2320 5317 2425 5372 V3735
2460 5336 2473 5375 :
2506 5317 2650 5391 υύχὶ
2687 5317 2775 5370 καὶ
2808 5318 2860 5371 οἱ
2893 5317 3131 5375 παλαιοῖ
3162 5317 3366 5375 δίκαιοι
3400 5317 3749 5404 εὐχαρίστως

2082 5394 2179 5442 τῆς
2234 5388 2457 5442 κτίσεως
2536 5383 2945 5442 μετελάμϐανον
2973 5411 2988 5442 :
3043 5414 3071 5441 «
3107 5394 3310 5442 Nonne
3364 5395 3506 5442 iusti
3564 5394 3746 5442 etiam

2080 5394 2179 5456 τῆς
2234 5394 2457 5449 κτίσεως
2535 5394 3071 5465 μετελάμὸανονςᾲα
3106 5394 3310 5449 Nonne
3353 5394 3507 5465 justi
3564 5394 3747 5465 etiam

2081 5467 2309 5587 vetlprets
2331 5466 2672 5589 preaturam
2703 5478 2840 5518 cum
2869 5463 3193 5537 gratiarum
3224 5463 3462 5522 actione
3492 5464 3749 5539 partici-

2081 5548 2156 5589 Da
2200 5548 2275 5588 an
2381 5556 2408 5581 ››

2080 5548 2442 5676 Ρᾶὅῖῗξέέἱ.
2476 5603 2776 5677 Interpres
2806 5605 2949 5679 legit
2977 5603 3114 5675 ἐπεί,
3146 5628 3175 5656 ‹‹
3210 5608 3524 5679 quoniam.
3571 5633 3600 5660 ιι
