4048 6186
237 320 379 376 1197

1576 324 2021 382 STROMATUM
2057 325 2191 379 LIB.
2232 321 2335 380 III.

3512 330 3650 387 1198

230 461 343 497 ται.
377 439 623 506 Εἰκότως
656 441 750 497 οῦν
782 461 937 521 φησι’
971 464 1004 498 ι
1035 447 1294 518 Κρεῖττον
1323 446 1517 520 γαμεῖν
1563 445 1674 518 (20)
1716 443 1753 513 ἢ
1785 464 1887 500 πυ-

2010 462 2088 513 re,
2120 462 2226 517 per
2254 444 2617 503 laboriosam
2642 447 3078 506 continentiam
3110 451 3195 507 eis
3223 451 3347 507 vult
3384 452 3651 524 prwbere

234 535 483 605 ροῦσθαι,
519 552 542 584 ο
609 530 760 596 ὅπως
819 555 847 584 ι(
884 533 912 587 6
945 534 1077 607 ἀνὴρ
1138 531 1387 604 ἀποδιδῷ
1443 533 1513 607 τῇ
1545 535 1761 607 γυναικί
1791 534 1890 601 τήν

234 619 489 693 ὀφειλὴν,
520 620 610 676 καὶ
640 624 675 692 ἡ
708 623 843 697 γυνή
889 628 971 695 τῷ
1026 620 1203 697 ἀνδρὶ,
1236 624 1326 679 καὶ
1388 625 1464 696 μή
1515 623 1889 697 ἀποστερῶσιν

232 706 523 778 ἀλλήλους
558 733 586 761 »
615 717 716 779 τῆς
737 707 826 764 διὰ
852 717 953 780 τῆς
978 712 1124 774 θείας
1152 713 1260 783 (21)
1294 710 1372 773 εἲς
1395 710 1601 787 γένεσιν
1637 709 1886 782 δοθείσης

234 805 513 880 βοηθείας.
549 830 577 858 ι(
608 807 707 870 Ὃς
738 804 786 861 6’
815 805 878 861 ἂν
912 808 989 879 μή
1036 812 1268 882 μισήσῃ,
1301 830 1330 859 ιο
1391 806 1543 885 φασὶ,
1603 832 1631 859 ‹‹
1664 810 1889 883 πατέρα,

228 893 265 963 ἢ
302 896 537 967 μητέρα,
587 894 623 964 ἢ
668 901 924 972 γυναῖκα,
955 895 992 965 ἢ
1021 897 1200 965 τέκνα,
1254 895 1388 968 ἐμὸς
1440 898 1578 951 εἶναι
1640 900 1890 969 μαθητὴς

237 982 301 1038 οῦ
359 980 628 1042 δύναται.
664 1007 694 1035 ››
747 984 819 1039 Οὐ
877 986 940 1040 τὸ
996 985 1148 1061 γένος
1209 990 1384 1057 μισεῖν
1447 985 1889 1059 παρακελεύεται·

236 1104 269 1136 ι
295 1079 449 1154 Τίμα
482 1105 509 1133 ››
540 1083 669 1157 γὰρ,
715 1084 874 1160 φησὶ,
936 1105 961 1136 α
992 1084 1199 1159 πατέρα
1226 1084 1314 1137 καὶ
1379 1083 1587 1158 μητέρα
1644 1088 1780 1153 (22),
1803 1082 1894 1140 ’lva:

234 1169 292 1225 εὗ
324 1191 410 1225 σοι
441 1170 692 1244 γένηται·
728 1194 758 1222 ››
802 1169 972 1238 ἀλλὰ,
1026 1172 1103 1245 μὴ
1151 1171 1385 1247 ἀπάγου,
1417 1172 1604 1248 φησὶν,
1656 1172 1887 1247 ἀλόγοις

237 1259 463 1332 ὁρμαῖς,
531 1257 672 1333 μηδὲ
705 1261 813 1331 μὴν
860 1265 977 1323 τοῖς
1029 1259 1343 1323 πολιτικοῖς
1402 1257 1543 1316 ἔθεσι
1602 1260 1892 1317 συνάπτου⁶

241 1349 395 1409 οἶκος
430 1350 542 1420 (23)
580 1349 677 1421 μὶν
732 1350 836 1424 γὰρ
889 1348 948 1405 ἐκ
1000 1349 1191 1424 γένους
1247 1349 1581 1417 συνίσταται,
1612 1348 1806 1414 πόλεις
1837 1347 1897 1405 δὲ

241 1435 295 1508 ἐξ
329 1435 517 1492 οἳκων’
552 1437 732 1502 καθὼς
757 1458 848 1493 και
880 1439 909 1494 6
940 1438 1155 1501 Παῦλος
1195 1438 1324 1503 τοὺς
1350 1439 1475 1512 περὶ
1518 1438 1694 1514 γάμον
1724 1439 1896 1515 ἀσχο-

244 1524 549 1599 λουμένους
570 1550 599 1578 ‹‹
620 1526 816 1600 κόσμῳ
847 1527 1089 1597 ἀρέσκειν
1110 1531 1257 1601 »(24)
1281 1522 1405 1605 ἔφη.
1442 1526 1612 1583 Πάλιν
1640 1529 1669 1583 6
1695 1528 1897 1602 Κύριός

243 1640 430 1702 φησιν’
460 1647 490 1676 ‹‹
522 1624 585 1679 Ὀ
621 1626 806 1697 γήμας
839 1624 915 1697 μή
966 1619 1302 1680 έκϐαλΛέτω·
1336 1626 1423 1680 καὶ
1461 1627 1489 1681 6
1526 1626 1600 1699 μὴ
1633 1627 1892 1701 γαμήσας

248 1713 325 1786 μή
356 1711 599 1787 γαμείτω
627 1717 760 1786 (25)’
798 1736 823 1766 ν
858 1713 886 1766 6
911 1715 1046 1768 κατᾶ
1075 1713 1330 1789 πρόθεσιν
1364 1713 1652 1790 εὐνουχίας
1684 1712 1896 1788 ὁμολο-

242 1804 416 1878 γήσας
452 1803 527 1874 μὴ
558 1809 757 1877 γῆμαι,
789 1801 999 1878 ἄγαμος
1028 1799 1350 1875 διαμενέτω.
1376 1805 1738 1881 Ἀμφοτέροις
1766 1807 1894 1880 γοῦν
1927 1832 1972 1896 Β

247 1900 277 1955 6
308 1899 473 1962 αὐτὸς
505 1900 707 1975 Κύριος
738 1896 828 1955 διὰ
850 1904 949 1956 τοῦ
978 1903 1262 1979 προφήτου
1294 1900 1514 1956 Ἡσαΐου
1552 1903 1648 1964 τὰς
1695 1901 1897 1957 καταλ-

249 1985 467 2058 λήλους
522 1985 739 2043 δίδωσιν
800 1987 1150 2066 ἐπαγγελίας,
1208 1987 1315 2045 ὧδέ
1371 2010 1488 2052 πως
1516 1988 1709 2067 λέγων·
1742 2015 1770 2043 ‹‹
1803 1992 1896 2061 Μὴ

251 2076 459 2154 λεγέτω
488 2080 517 2133 6
549 2078 838 2155 εὐνοῦχος,
871 2080 954 2134 ὅτι
994 2078 1155 2150 ξύλον
1188 2079 1305 2154 εἲμὶ
1358 2082 1471 2155 (26)
1529 2080 1711 2153 ξηρόψ
1771 2078 1899 2135 τάδε

249 2174 399 2253 λέγει
453 2179 481 2235 6
529 2178 728 2255 Κύριος
783 2184 901 2243 τοῖς
960 2178 1261 2257 εὐνούχοις·
1322 2181 1444 2239 Ἐὰν
1505 2181 1779 2260 φυλάξητε
1831 2182 1898 2237 τὰ

246 2262 494 2323 σάϐϐατά
527 2290 655 2341 μου,
695 2269 785 2324 καὶ
844 2272 1115 2341 ποιήσητε
1165 2270 1338 2326 πάντα
1392 2270 1491 2326 ὅσα
1544 2270 1895 2346 ἐντέλλομαι,

242 2362 411 2420 δώσω
447 2367 577 2439 ὑμῖν
607 2365 777 2422 τόπον
833 2366 1115 2443 κρείττονα
1172 2369 1305 2423 υἱῶν
1359 2369 1447 2423 καὶ
1502 2371 1830 2445 θυγατέρων*
1865 2394 1893 2422 ι)

238 2453 303 2511 οὗ
334 2457 440 2532 γαρ
490 2450 655 2529 μόνον
683 2458 718 2526 ἡ
751 2455 1007 2532 εὖνουχία
1039 2454 1264 2527 δικαιοῖ,
1297 2455 1423 2513 οὐδὲ
1455 2459 1561 2532 μήν
1587 2459 1651 2514 τὸ
1679 2464 1776 2514 τοῦ
1806 2458 1895 2515 εῦ-

235 2543 452 2620 νοῦχου
488 2539 780 2615 σάϐϐατον,
814 2545 904 2601 ἐὰν
935 2546 1012 2618 μὴ
1072 2549 1280 2622 ποιήσῃ
1337 2546 1433 2610 τὰς
1489 2546 1731 2611 ἐντολάς.
1764 2551 1895 2612 Τοῖς

243 2644 527 2717 γαμήσασι
561 2639 618 2696 δὲ
662 2640 930 2717 ἱπιφέρει,
960 2642 1055 2697 καὶ
1112 2661 1297 2720 φησιν·
1365 2665 1387 2693 ι
1417 2643 1479 2696 Οἱ
1510 2642 1754 2700 ἐκλεκτοί
1784 2647 1896 2718 (27)

249 2749 356 2802 μου
389 2728 450 2783 οὐ
509 2728 826 2784 πονέσουσιν
857 2727 935 2791 εἰς
992 2729 1170 2800 κενὸν,
1229 2726 1354 2785 οὐδὲ
1406 2733 1892 2802 τεκνοποιήτουσιν

247 2825 328 2888 εἷς
384 2827 621 2901 κατάραν
658 2870 672 2896 ,
759 2825 843 2881 6'1:
892 2826 1107 2901 σπέρμα
1164 2825 1533 2904 εὖλογημένον
1591 2827 1732 2883 ἐστὶν
1790 2829 1893 2884 ὑπὸ

246 2914 451 2990 Κυρίου
481 2919 611 2987 (28).
649 2940 677 2967 ››
707 2917 802 2988 Τῷ
841 2917 944 2991 γάρ
998 2916 1134 2971 κατά
1187 2916 1364 2992 Λόγον
1414 2917 1894 2991 τεκνοποισαμένῳ

246 3004 341 3059 καὶ
421 3004 895 3079 ἀναθρεψαμένῳ,
953 3004 1042 3059 καὶ
1121 3002 1465 3061 παιδεύσαντι
1541 3006 1593 3061 ἐν
1662 3006 1892 3081 Κυρίῳ,

243 3099 487 3176 καθάπερ
518 3101 608 3156 καὶ
637 3105 717 3174 τῷ
747 3099 837 3156 διὰ
883 3108 983 3171 τῆς
1035 3100 1275 3173 ἀληθοῦς
1306 3103 1669 3178 κατηχήσεως
1698 3104 1891 3179 γεννή-

2002 537 2399 591 occasionem.
2425 536 2630 593 Merito
2656 554 2791 611 ergo
2815 539 2988 594 dicit:
3028 563 3048 590 ι
3084 541 3292 595 Melius
3323 548 3413 597 est
3444 543 3654 597 matri-

2002 624 2203 679 monio
2218 624 2397 697 jungi
2438 642 2615 696 quam
2638 628 2730 681 uri
2749 629 2851 699 (a),
2883 648 2915 680 ι
2947 634 3014 683 ut
3046 651 3072 678 ι(
3106 631 3194 684 vir
3249 630 3458 686 reddat
3485 631 3654 686 debi-

2001 716 2127 766 tum
2154 714 2344 778 uxori,
2399 720 2458 768 et
2504 732 2654 770 uxor
2692 717 2836 784 viro,
2870 724 2928 772 et
2957 734 3032 773 ne
3086 718 3451 775 frustrentur
3503 720 3657 775 invi-

2001 818 2130 855 cem
2153 802 2230 871 (b)
2255 825 2284 852 ››
2317 803 2428 858 hoc
2450 804 2650 860 divino
2683 805 2757 861 ad
2779 808 3224 879 generationem
3248 808 3383 863 dato
3406 809 3653 865 auxilio.

2006 891 2169 955 «Qui
2225 896 2447 960 autem,
2500 893 2803 965 inquiunt,
2863 912 2983 951 non
3036 897 3228 951 oderit
3274 904 3526 969 patrem,
3569 899 3659 956 vel

2003 986 2280 1048 matrem,
2314 981 2406 1035 vel
2455 999 2723 1050 uxorem,
2755 984 2847 1039 vel
2877 985 3055 1051 filios,
3088 1002 3212 1040 non
3244 992 3442 1057 potest
3486 1003 3660 1043 meus

2004 1083 2132 1123 esse
2165 1067 2495 1141 discipulus
2515 1073 2606 1142 (ε).
2641 1093 2670 1121 »
2710 1074 2836 1128 Non
2879 1073 3054 1144 jubet
3102 1074 3298 1130 odisse
3348 1076 3658 1147 proprium

2003 1174 2229 1229 genus:
2267 1179 2294 1208 «
2330 1161 2563 1215 Honora
2593 1181 2620 1213 ι
2656 1162 2838 1229 enim,
2874 1162 3092 1234 inquit,
3122 1187 3148 1213 ‹‹
3185 1170 3416 1236 patrem
3448 1172 3507 1219 et
3534 1181 3658 1220 ma-

2005 1250 2177 1316 trem,
2200 1252 2267 1301 ut
2293 1247 2395 1301 tibi
2415 1248 2786 1322 benesit(d):
2822 1273 2850 1300 »
2880 1251 2983 1307 sed
3013 1269 3087 1307 ne
3103 1252 3437 1319 abducaris,
3465 1253 3661 1323 inquit

2002 1350 2109 1405 per
2124 1336 2519 1405 appetitiones
2541 1353 2577 1392 a
2598 1338 2828 1393 ratione
2847 1339 3096 1409 alienas,
3122 1341 3225 1395 sed
3248 1357 3444 1412 neque
3471 1340 3660 1396 civili-

2002 1422 2116 1477 bus
2134 1422 2400 1479 moribus
2421 1425 2744 1482 conformis
2769 1427 2895 1503 ﬁas.
2918 1429 3139 1484 Domus
3157 1430 3315 1485 enim
3339 1435 3571 1485 constat
3589 1446 3660 1487 ex

2001 1528 2240 1585 genere,
2273 1516 2537 1573 civitates
2581 1524 2780 1574 autem
2831 1535 2904 1574 ex
2933 1520 3247 1589 domibus;
3276 1521 3660 1593 quemadmo-

2001 1601 2144 1656 dum
2175 1604 2394 1660 Paulus
2418 1623 2656 1678 quoque
2680 1624 2797 1663 eos.
2826 1609 2928 1679 qui
2958 1617 3330 1681 occupantur
3352 1610 3412 1664 in
3445 1610 3654 1665 matri-

2003 1692 2225 1757 monio,
2256 1717 2276 1742 ι
2303 1696 2527 1751 mundo
2545 1696 2695 1751 dixit
2714 1697 2951 1768 placere
2970 1699 3037 1768 (e)
3084 1720 3113 1749 ››
3137 1701 3362 1753 Rursus
3386 1699 3530 1753 dicit
3546 1700 3661 1753 Do-

2004 1779 2233 1837 minus:
2258 1804 2284 1831 ί(
2310 1784 2677 1847 Quiuxorem
2700 1786 2888 1854 duxit,
2916 1803 2989 1841 ne
3013 1788 3305 1857 expellat;
3331 1793 3389 1843 et
3414 1788 3513 1858 qui
3540 1804 3661 1842 non

2005 1868 2280 1938 duxit,ne
2300 1870 2477 1927 ducat
2497 1873 2567 1943 (Γ)
2595 1891 2609 1940 ;
2632 1896 2658 1921 ››
2674 1875 2777 1946 qui
2796 1892 2866 1930 ex
2885 1878 3190 1947 praposito
3206 1875 3499 1931 castitatis
3523 1892 3661 1947 pro-

2006 1956 2199 2014 fessus
2213 1965 2564 2016 estuxorem
2587 1979 2707 2017 non
2731 1962 2947 2019 ducere
2975 1966 3121 2021 201
3159 1971 3399 2020 maneat
3421 1965 3656 2021 cmlebs.

2010 2047 2283 2119 Utrisque
2306 2066 2443 2122 ergo
2461 2050 2620 2106 idem
2644 2052 2929 2108 Dominus
2946 2070 3052 2125 per
3071 2054 3422 2125 prophetam
3445 2054 3660 2109 Isaiam

2007 2139 2426 2193 convenientes
2473 2139 2575 2194 dat
2622 2142 3051 2211 promissiones
3098 2142 3181 2197 sic
3212 2142 3466 2196 dicens:
3516 2164 3545 2191 ‹‹
3578 2144 3659 2197 Ne

2007 2224 2167 2280 dicat
2195 2226 2540 2282 eunuchus:
2566 2227 2705 2282 Sum
2733 2229 2960 2300 lignum
2983 2230 3218 2284 aridum
3242 2247 3257 2294 ;
3283 2252 3310 2279 ››
3336 2228 3464 2284 Ῐιωο
3500 2231 3661 2284 enim

2008 2312 2151 2368 dicit
2179 2315 2466 2371 Dominus
2498 2317 2827 2371 eunuchis:
2862 2318 2920 2371 Si
2965 2318 3367 2373 custodieritis
3419 2317 3664 2373 sabbata

2007 2419 2163 2471 mea,
2197 2410 2256 2458 et
2282 2404 2544 2460 feceritis
2584 2422 2956 2477 quaecunque
2981 2407 3283 2479 praecipio,
3310 2407 3462 2462 dabo
3494 2407 3662 2462 vobis

2009 2492 2205 2547 locum
2221 2493 2532 2549 meliorem
2548 2495 2687 2550 tiliis
2709 2501 2768 2550 et
2790 2495 3025 2551 ﬁliabus
3044 2498 3140 2566 (g).
3163 2518 3191 2545 »
3217 2498 3341 2550 Non
3361 2496 3487 2551 sola
3501 2498 3662 2552 enim

1997 2581 2292 2654 justificat
2315 2584 2574 2645 castitas,
2615 2582 2717 2638 sed
2748 2600 2857 2639 nec
2890 2584 3201 2639 sabbatum
3224 2583 3509 2648 ennuchi,
3544 2584 3659 2639 nisi

2004 2671 2211 2726 fecerit
2233 2670 2530 2726 mandata.
2557 2672 2743 2726 Infert
2762 2678 2962 2728 autem
2981 2673 3075 2736 iis,
3092 2672 3193 2742 qui
3213 2689 3459 2726 uxorem
3485 2672 3662 2727 duxe-

2008 2766 2168 2823 runt,
2185 2766 2243 2813 et
2263 2759 2405 2814 dicit
2426 2776 2439 2814 :
2457 2784 2482 2808 ιι
2502 2760 2684 2814 Electi
2700 2761 2815 2814 mei
2830 2776 2949 2814 non
2966 2759 3319 2813 laborabunt
3336 2760 3397 2813 in
3415 2775 3655 2825 vanum,

2006 2864 2202 2918 neque
2229 2848 2624 2919 procreabunt
2646 2849 2802 2904 ﬁlios
2829 2850 2889 2902 in
2914 2848 3550 2919 exsecrationem,quia
3572 2865 3660 2905 se-

2006 2953 2142 2992 men
2166 2943 2257 2990 est
2276 2936 2655 2991 benedictum
2677 2955 2710 2992 a
2730 2937 2978 2992 Domino
3002 2938 3096 3009 (ὁ).
3123 2962 3141 2985 ι
3172 2938 3234 2991 Ei
3258 2937 3549 3008 enin1,qui
3575 2954 3661 2993 se-

2007 3025 2267 3080 cundum
2294 3026 2487 3097 Logon
2513 3026 2667 3081 ﬁlios
2692 3026 3018 3096 procreavit
3043 3032 3102 3081 et
3122 3025 3410 3089 educavit,
3439 3033 3498 3081 et
3519 3043 3652 3081 eru-

2005 3114 2179 3169 diviti
2205 3114 2521 3177 nDomino,
2552 3115 2705 3170 sicut
2735 3115 2912 3170 etiam
2946 3115 3019 3179 ei,
3049 3116 3151 3187 qui
3182 3117 3386 3188 genuit
3421 3131 3528 3188 per
3556 3132 3654 3171 ve-

247 3211 446 3260 σαντι,
502 3189 675 3245 κεῖταί
725 3210 807 3252 τις
866 3190 1080 3263 μισθὸς,
1136 3189 1316 3264 ὥσπερ
1374 3192 1465 3245 καὶ
1516 3196 1599 3264 τῷ
1656 3190 1896 3265 ἐκλεκτῷ

2014 3220 2142 3259 ram
2175 3203 2533 3258 catechesim
2557 3209 2616 3258 et
2635 3204 3099 3271 institutionem,
3125 3220 3356 3260 merces
3389 3205 3662 3276 quadam

247 3285 541 3362 σπέρματι.
576 3285 782 3343 ’Ἄλλοι
815 3285 873 3342 δὲ
903 3312 932 3341 ‹‹
956 3288 1245 3363 κατάραν»
1274 3289 1374 3357 τὴν
1407 3285 1726 3344 παιδοπιίαν
1757 3286 1898 3344 ἐκδέ-

240 3395 462 3453 χονται,
500 3375 592 3431 καὶ
642 3375 705 3431 οὐ
736 3382 962 3431 συνιεῖσι
1017 3380 1136 3432 κατ’
1195 3377 1372 3432 αὐτῶν
1432 3375 1651 3432 ἐκείνων
1698 3376 1893 3454 λέγου-

242 3486 339 3521 σαν
366 3467 467 3536 τὴν
503 3466 740 3543 Γραφήν.
792 3466 854 3519 0':
883 3464 984 3541 γὰρ
1040 3470 1121 3538 τῷ
1179 3463 1293 3521 ὄντι
1351 3470 1446 3520 τοῦ
1500 3466 1707 3540 Κυρίου
1749 3466 1898 3523 ἐκλε-

240 3555 370 3610 κτοὶ
428 3552 489 3608 οὗ
549 3552 969 3629 δογματίζουσιν
1003 3600 1018 3626 ,
1078 3552 1204 3610 οὐδὲ
1256 3560 1641 3610 τεκνοποιυῦσι
1695 3557 1763 3611 τὰ
1820 3557 1896 3620 ei;

2008 3299 2098 3347 est
2119 3292 2441 3363 proposita.
2467 3292 2622 3347 sicut
2643 3293 2821 3348 etiam
2846 3293 3032 3348 electo
3058 3294 3294 3347 semini.
3321 3293 3435 3348 Alii
3460 3299 3659 3349 autem

2008 3403 2036 3432 ‹‹
2054 3381 2523 3436 exsecrationem
2538 3404 2564 3430 »
2579 3381 2642 3445 ›ι‹
2658 3382 2959 3453 accipiunt
2979 3398 3107 3436 esse
3130 3383 3321 3453 ipsam
3337 3382 3660 3437 liberorum

2003 3470 2480 3542 procreationem
2496 3474 2685 3525 etnon
2700 3470 3336 3547 intelliguntadversus
3350 3471 3485 3525 illos
3500 3471 3661 3541 ipsos

2005 3575 2075 3614 ea
2105 3558 2301 3612 dicere
2332 3558 2718 3629 Scripturam.
2747 3560 2853 3624 Qui
2888 3559 3049 3614 enim
3079 3566 3220 3614 sunt
3253 3574 3456 3614 revera
3483 3559 3656 3614 electi

315 3661 381 3726 ›ι‹
409 3654 608 3729 P.__5_5§
633 3654 746 3729 ΕΙ).
781 3655 1072 3729 POTTER,
1106 3655 1181 3725 (a)
1215 3656 1238 3708 Ι
1266 3655 1523 3729 Conv“,
1555 3658 1623 3729 9.7
1644 3655 1716 3723 (ὁ)
1746 3656 1894 3713 Ibid.
1928 3658 1980 3725 3,
2013 3660 2065 3712 5.
2098 3656 2164 3726 (ο)
2197 3655 2332 3710 Luc.
2383 3672 2497 3717 xiv.
2530 3658 2619 3712 26.
2682 3656 2756 3727 (d)
2782 3657 2963 3712 Exod.
2996 3675 3091 3727 xx,
3127 3660 3213 3713 12.
3247 3657 3314 3729 (e)
3344 3657 3369 3711 Ι
3399 3657 3529 3713 Cor.
3559 3674 3656 3725 v11,

242 3724 439 3797 33.”(f)
469 3724 617 3781 Ibid.
652 3728 739 3793 10,
770 3728 855 3781 11.
888 3727 964 3796 (g)
996 3724 1250 3794 lsa.71.v:,
1280 3727 1368 3795 84,
1399 3728 1453 3783 5.
1487 3727 1571 3798 (h)
1601 3728 1712 3782 Isa.
1736 3745 1860 3795 va,
1894 3730 1983 3784 23.

316 3822 434 3891 (20)
474 3822 753 3898 _Kpsi11ov
803 3826 1043 3898 γαμεῖν)
1120 3828 1381 3897 Κρεῖσσον
1457 3820 1557 3898 γᾶρ
1626 3821 1736 3878 ἐστι
1803 3844 1899 3898 γα-

250 3896 494 3967 μῆσαι,Ι
525 3895 657 3950 Cor.
680 3911 776 3961 vn,
805 3897 857 3951 9.
892 3897 958 3949 ln
989 3895 1081 3959 iis,
1115 3895 1247 3967 quas
1276 3895 1627 3967 sequuntur,
1661 3895 1903 3952 sensum

247 3967 274 4019 l
298 3966 432 4040 C_or.
464 3967 650 4040 v:_:,_3,
683 3968 737 4033 5,
770 3972 828 4021 et
858 3967 993 4022 Luc.
1016 3966 1248 4036 xiv,’26,
1284 3966 1477 4023 verbis
1507 3968 1749 4040 paulum
1780 3986 1905 4024 mu-

247 4037 410 4103 tatis,
443 4036 700 4093 exhibet.

322 4109 436 4180 (21)
468 4104 582 4180 Τῆς
614 4103 704 4161 διὰ
730 4111 831 4180 τῇς
862 4106 1031 4169 θείας.
1065 4111 1208 4165 Post
1244 4104 1333 4164 διὰ
1388 4115 1486 4178 τῆς
1547 4107 1693 4173 Θείας
1748 4111 1902 4167 desi-

248 4177 497 4255 deratur
526 4177 866 4255 οἰκονομίας,
900 4180 990 4255 vel
1025 4180 1218 4236 simile
1243 4181 1385 4253 quid
1409 4200 1423 4250 ;
1446 4177 1558 4237 aut
1582 4182 1902 4255 legendum

246 4248 343 4305 διὰ
369 4253 472 4304 τοῦ
524 4246 865 4317 Θείου,ἐθιι,
899 4246 989 4305 διὰ
1036 4255 1134 4305 τοῦ
1173 4246 1327 4309 Θεὸῦ.
1393 4246 1673 4309 ΞΥιΒῠιιϐΪ
1698 4286 1768 4295 ——
1802 4255 1906 4310 Vel

246 4321 641 4381 scribendum
671 4320 837 4391 τῆσδε
863 4329 965 4391 τῆς
990 4323 1156 4389 θείας,
1189 4330 1416 4381 mutato
1448 4320 1536 4379 διά
1568 4324 1628 4380 in
1661 4321 1739 4379 δε.

324 4396 436 4470 (22)
469 4393 688 4470 Πατέρα
711 4394 808 4470 καζ
836 4392 1050 4469 μητέρα
1080 4439 1095 4454 .
1149 4394 1255 4451 Τὸν
1309 4393 1515 4470 πατέρα
1561 4416 1657 4451 σου
1687 4394 1777 4451 καὶ
1805 4396 1906 4466 τήν

250 4465 623 4539 μητέρα-σου,
652 4466 835 4539 Exod.

320 4539 435 4607 (23)
466 4536 650 4597 Οἶκος.
688 4538 785 4592 His
845 4537 1039 4593 verbis
1094 4537 1346 4609 probare
1402 4537 1546 4603 vult,
1607 4540 1902 4595 civitatem

246 4609 503 4682 intelligi
562 4609 793 4664 Christo
824 4626 931 4682 per
962 4631 991 4659 ι(
1021 4617 1252 4680 patrem
1286 4632 1315 4660 ››
1360 4611 1711 4682 etreliquos
1769 4628 1906 4682 pro-

246 4681 554 4807 pinquos;
589 4696 656 4736 ac
704 4680 953 4753 proinde
1005 4697 1142 4736 eum
1200 4680 1648 4753 praecipientem
1707 4705 1735 4733 «
1769 4680 1904 4738 odio
1934 4692 1982 4757 D

293 4751 474 4807 abere
509 4759 737 4807 patrem
768 4778 819 4807 ι.
853 4758 988 4807 etc..
1022 4752 1269 4807 iussisse
1326 4769 1400 4807 ne
1431 4753 1704 4807 civilibus
1762 4771 1904 4807 con-

293 4751 487 4824 abere
505 4751 737 4822 patrem
768 4778 819 4820 ι,
853 4758 988 4821 etc.,
1014 4751 1269 4824 jussisse
1326 4751 1403 4808 ne
1431 4753 1704 4809 civilibus
1762 4771 1904 4810 con-

250 4822 674 4881 suetudinibus
714 4822 1051 4880 conformes
1082 4840 1370 4880 essemus.

499 4893 706 4967 Κόσμῳ
759 4893 1027 4966 ἀρέσκειν.
1086 4895 1350 4967 Respicit
1404 4896 1429 4949 Ι
1481 4896 1610 4951 Cor.
1664 4913 1762 4963 VII,
1803 4897 1904 4950 33:

246 4962 408 5022 '06:
449 4962 702 5040 γαμήσας
758 4962 998 5042 μεριμνᾷ
1038 4967 1105 5021 τὰ
1144 4962 1242 5021 τοῦ
1284 4966 1517 5038 κόσμου,
1559 4969 1678 5029 πῶς
1731 4962 1908 5041 ἆρέσει

246 5033 321 5091 τί
350 5037 586 5091 γυναικί.

246 5057 320 5094 1n
350 5056 561 5094 γυναικι
573 5082 586 5094 .

282 5058 856 5191 ῃῷἔῖἤὸαγήμας
915 5105 1182 5191 γαμείτω.
1244 5110 1460 5191 Harum
1494 5110 1909 5191 _sentati_ai;um

248 5180 421 5252 prior
450 5180 603 5235 sumi
635 5182 828 5253 potuit
855 5180 991 5254 cum
1019 5198 1089 5236 ex
1117 5180 1469 5254 Evangeliis,
1488 5187 1615 5254 tum
1633 5184 1746 5237 exl
1777 5183 1907 5238 Cor.

252 5250 356 5323 vn,
398 5253 463 5306 10
521 5256 607 5323 11.
635 5250 753 5308 Sed
810 5252 912 5307 ubi
947 5252 1070 5307 haec
1102 5250 1320 5308 verba':
1356 5250 1451 5304 Καί
1483 5251 1511 5304 ὁ
1546 5253 1621 5323 μή
1654 5253 1909 5323 γαμήσας

249 5322 333 5395 μή
365 5321 636 5395 γαμείτω.
662 5324 808 5380 dicit
829 5324 1116 5395 Dominus
1132 5323 1442 5395 ?ARespicit
1465 5321 1615 5395 forte
1638 5321 1912 5381 Clemens

251 5392 275 5452 Ῐ
305 5392 567 5488 quin},
602 5396 638 5481 ξ
667 5412 679 5451 :
716 5395 873 5485 ᾼὲγω
991 5399 1108 5455 τοῖς
1144 5392 1505 5488 ⁹ἀγοὶμοιςυκαὶ
1534 5400 1650 5483 ταῖς
1684 5398 1910 5488 χήραις,

248 5462 423 5548 mili»:
476 5465 666 5527 αὐτοῖς
724 5462 866 5520 ἐστιν
917 5464 1004 5520 ἐὰν
1068 5462 1319 5550 μείνωσιν
1375 5465 1557 5551 ὥσπερ
1588 5462 1776 5540 κάγῶξ
1821 5462 1912 5525 vel

249 5538 452 5611 potius
484 5540 686 5611 Hatth.
721 5557 841 5611 yix,
904 5540 994 5610 12,
1053 5539 1193 5609 quia
1251 5562 1277 5590 «ο
1313 5538 1547 5595 Domini
1578 5538 1755 5597 verba
1784 5563 1813 5592 »
1849 5557 1911 5597 se

248 5610 505 5664 recitare
538 5609 702 5666 dicit.

470 5678 623 5757 Eiut.
656 5679 809 5757 Ἐγιίζ
825 5679 1157 5757 εἰμι-ξηρόν·
1191 5676 1320 5757 τάδε
1365 5678 1509 5757 λέγε)
1562 5681 1760 5757 Κύριος
1792 5686 1910 5757 τοῖς

255 5748 565 5827 εὗγοᾷλχοις·
599 5748 845 5827 ’ᾯσοὶ-ἃν
870 5748 1213 5827 ῂυλᾶξωνςιαι
1251 5754 1317 5827 τᾷ
1365 5748 1608 5807 σάϐϐατα
1644 5748 1787 5827 ’μο-υ,
1818 5755 1907 5808 καὶ

254 5818 590 5895 ἐκλέξωνται
620 5822 654 5878 ἃ
682 5822 789 5900 ἐγὼ
831 5818 996 5894 θέλω,
1028 5818 1137 5878 ⁷καὶ
1191 5824 1510 5898 ἀντέχονται
1566 5818 1671 5896 τῆς
1722 5818 1911 5897 διαθή-

2007 3841 2110 3893 κης
2142 3842 2270 3894 μου,
2302 3818 2463 3898 δώσω
2483 3822 2682 3898 Δαὐτοῖς
2714 3822 2767 3898 έν
2797 3828 2878 3897 τῷ
2909 3821 3045 3898 οἴκῳ
3079 3845 3205 3898 μου,
3239 3824 3330 3880 καὶ
3358 3823 3417 3898 ,ἓν
3444 3829 3522 3895 τῷ
3548 3823 3659 3898 τεξ-

2011 3913 2099 3970 χει
2132 3893 2238 3971 μου
2266 3894 2434 3948 τόπον
2470 3893 2801 3971 όνομαστὸν,
2833 3893 3062 3970 κρείττω
3080 3893 3226 3951 ὐἱῶν
3283 3895 3373 3952 καὶ
3432 3893 3659 3971 θυγατέ-

2011 3969 2141 4042 ρων.
2176 3969 2287 4042 ΙεῑᾳΣ
2320 3985 2429 4042 Lyi,
2463 3970 2515 4035 3,
2547 3970 2601 4042 4,

2082 4042 2195 4110 (27)
2225 4038 2294 4093 Οἳ
2348 4035 2614 4110 ἐκλεκτοί.
2675 4039 2745 4095 Οἱ
2798 4036 3046 4093 ἐκλεκτοί
3082 4059 3188 4110 μου
3246 4037 3309 4093 οὗ
3362 4038 3664 4110 κοπιάσου-

2010 4105 2099 4164 σιν
2126 4105 2204 4170 είς
2233 4109 2413 4172 κενὸν,
2446 4105 2572 4164 οὐδὲ
2614 4105 3098 4185 τεκνοποιήσουσιν
3134 4109 3497 4185 εἰςᾼκατάραν.
3552 4114 3658 4167 Isa.

2013 4199 2135 4247 va,
2161 4184 2261 4237 23:
2289 4205 2315 4232 «
2340 4183 2523 4238 Electi
2544 4184 2661 4238 mei
2684 4201 2805 4238 non
2831 4183 3189 4239 laborabunt
3208 4182 3444 4240 frustra.
3466 4198 3660 4252 neque

2011 4255 2383 4327 generabunt
2405 4255 2465 4308 in
2486 4256 3070 4327 conturbationem.»
3093 4254 3262 4327 Apud
3284 4255 3347 4308 D.
3372 4255 3661 4323 Hierony-

2013 4325 2177 4381 mum
2205 4342 2217 4378 :
2251 4349 2277 4376 ‹‹
2313 4326 2495 4381 Electi
2521 4327 2635 4381 mei
2659 4344 2777 4381 non
2800 4325 3158 4381 laborabunt
3179 4325 3240 4378 in
3284 4340 3521 4391 vanum,
3553 4340 3661 4377 ne-

2012 4396 2316 4470 que‘filios
2346 4398 2714 4470 generabunt
2739 4398 2799 4470 in
2824 4396 3379 4470 maledictionem._»
3414 4394 3526 4470 Sed
3550 4393 3664 4470 tol-g

2010 4465 2191 4524 lenda
2206 4465 2436 4523 videtur
2459 4468 2795 4523 disctinctio
2819 4468 2941 4534 illa,
2965 4472 3100 4537 post
3124 4488 3143 4513 ι
3178 4466 3350 4537 electi
3374 4465 3515 4532 mei,
3546 4486 3574 4514 »
3600 4468 3667 4520 ut

2013 4541 2327 4595 conveniat
2345 4556 2478 4594 cum
2501 4541 2699 4594 Graaco
2726 4540 3076 4593 LXX.Porro
3100 4536 3258 4607 quod
3285 4537 3345 4590 in
3365 4552 3664 4593 commen-

2012 4611 2163 4666 tario
2196 4609 2494 4681 duplicem
2524 4610 2845 4664 lectionem
2866 4608 3099 4663 videtur
3127 4623 3469 4681 agnoscere,
3523 4608 3665 4681 dum

2015 4677 2377 4763 exponit'in
2431 4681 2788 4763 praecedenti
2820 4695 3012 4763 _versu
3056 4720 3070 4746 ,
3132 4677 3189 4728 «'
3219 4677 3665 4763 gperapOpuli

2015 4750 2119 4809 Dei
2150 4750 2552 4817 veterascent;
2588 4774 2616 4802 »
2648 4757 2706 4806 et
2728 4769 2741 4807 :
2767 4774 2795 4802 ‹‹
2820 4753 3201 4806 Veterascere
3221 4750 3487 4815 faciunt;
3517 4769 3541 4800 ι
3567 4755 3626 4803 et
3651 4765 3663 4803 :

2016 4846 2044 4875 «
2078 4824 2268 4894 Opera
2288 4823 2490 4894 populi
2520 4824 2618 4877 Dei
2643 4840 2764 4877 non
2786 4827 3177 4894 veterascent,
3203 4821 3490 4894 boctueri
3511 4820 3668 4894 vide-

2019 4846 2044 4875 α
2078 4840 2268 4894 Upera
2329 4840 2490 4894 opuu
2521 4840 2618 4877 ue:
2643 4840 2764 4877 non
2786 4840 3177 4883 veterascent,
3203 4840 3316 4875 noc
3336 4840 3490 4875 tueri
3511 4840 3668 4876 Viae-

2019 4902 2136 4979 tur,
2162 4840 2323 4979 (ιιιοὲ
2342 4895 2592 4979 legimus
2622 4895 2781 4979 apud
2807 4892 3162 4979 ProcOpium
3183 4909 3196 4946 :
3215 4892 3311 4979 [Γᾷ
3326 4885 3479 4979 ἔργα,
3510 4888 3670 4979 φῃσὶ,

2016 4959 2129 5034 τῶν
2155 4959 2549 5034 πόνων-αῦτῶν
2583 4959 3115 5034 οὐῖπαλαιώσουσιν,
3149 4964 3294 5034 τοῦτῖ
3345 4959 3489 5017 ἔστιν
3524 4959 3670 5034 ape;

2018 5032 2294 5102 τάῦλγ,τον
2337 5031 2517 5107 ἕξουσι
2562 5037 2660 5104 τήν
2713 5039 2821 5091 τῶν
2882 5033 3200 5104 παρακτέων
3235 5031 3379 5089 ὁδόν⁸
3414 5031 3673 5106 quodex

2021 5109 2237 5182 Cyrillo
2267 5109 2498 5182 videtur
2529 5109 2877 5182 esse.icujus
2898 5108 3193 5182 interpres
3214 5107 3394 5164 habet
3420 5125 3434 5173 ;
3457 5128 3495 5182 _¢
3531 5107 3672 5160 Cur-

2023 5177 2159 5253 sum,
2186 5182 2247 5235 in
2278 5180 2455 5236 rebus
2486 5177 3090 5253 gerendis‘habebunt
3114 5186 3341 5253 certum
3364 5184 3425 5253 et
3455 5177 3672 5232 immu-

2024 5252 2286 5309 tabilem.
2327 5274 2353 5301 ››
2385 5250 2547 5308 Idem
2580 5253 2758 5307 etiam
2789 5250 2994 5304 vertit:
3022 5271 3050 5300 ‹‹
3082 5252 3283 5322 Neque
3315 5251 3671 5322 filiosqgene-

2022 5324 2241 5381 rabunt
2269 5323 2343 5379 ad
2375 5323 2827 5379 detestationem
2857 5339 2869 5388 ;
2906 5342 2933 5371 ι)
2967 5321 3125 5391 quod
3151 5318 3414 5393 quidem,
3442 5318 3521 5379 εἰς
3544 5318 3671 5393 ἀνυ-

2022 5393 2268 5464 παρξίαν,
2301 5395 2361 5450 h.
2406 5412 2455 5451 e.
2491 5419 2515 5444 α
2563 5401 2625 5449 ut
2658 5411 2787 5450 esse
2818 5387 3129 5464 desistant.
3168 5387 3191 5444 ὖ
3235 5400 3294 5447 et
3322 5387 3500 5464 ﬁnem
3534 5387 3675 5443 sub-

2023 5467 2255 5542 stantia:
2288 5484 2408 5521 sum
2438 5467 2714 5542 habeant:
2751 5465 2861 5542 S_ed
2899 5465 3023 5519 hmc
3045 5463 3399 5542 de_spiritali
3428 5475 3674 5542 genera-

2023 5538 2639 5614 tioneinterpretatur
2669 5539 2971 5614 Il._I_’intu_s
2996 5553 3010 5600 ς
3034 5558 3072 5614 μ
3106 5532 3464 5614 (le—naturali
3496 5532 3675 5585 etiam

2023 5609 2211 5681 accipi
2241 5606 2413 5681 posse
2436 5616 2627 5681 putat,
2655 5608 3003 5681 scribensin
3033 5606 3266 5681 Isaiam,
3297 5606 3470 5681 cujus
3487 5617 3676 5672 expo-

2025 5674 2301 5738 sitio'nein
2326 5680 2422 5735 hic
2436 5674 2771 5737 Clementis
2798 5680 2967 5734 locns
2988 5677 3321 5731 conﬁrmat.
3356 5696 3384 5724 »
3406 5674 3675 5729 COLLECT.

2090 5755 2209 5826 (28)
2244 5750 2422 5807 Ἐστὶν
2454 5751 2562 5807 ὐπὸ
2596 5751 2815 5825 Κυρίου.
2846 5748 2978 5802 Ὑπὸ
3008 5749 3143 5802 Θεοῦ
3172 5744 3308 5815 ἐστι,
3338 5747 3453 5803 Isa.
