  <div class='ocr_page' id='page_1' title='image "/cluster/home/n/w/nwhite01/storage/ocr_20150623/8/hvd.32044073501298/603.png"; bbox 0 0 4048 6186; ppageno 0'>
   <div class='ocr_carea' id='block_1_1' title="bbox 436 274 575 333">
    <p class='ocr_par' dir='ltr' id='par_1_1' title="bbox 436 274 575 333">
     <span class='ocr_line' id='line_1_1' title="bbox 436 274 575 333; baseline -0.014 0"><span class='ocrx_word' id='word_1_1' title='bbox 436 274 575 333; x_wconf 79' lang='grc'><strong>1199</strong></span> 
     </span>
    </p>
   </div>
   <div class='ocr_carea' id='block_1_2' title="bbox 1677 276 2054 347">
    <p class='ocr_par' dir='ltr' id='par_1_2' title="bbox 1677 283 2054 339">
     <span class='ocr_line' id='line_1_2' title="bbox 1677 283 2054 339; baseline -0.005 -2"><span class='ocrx_word' id='word_1_2' title='bbox 1677 283 2054 339; x_wconf 75' lang='lat' dir='ltr'>CLEMENTII</span> 
     </span>
    </p>
   </div>
   <div class='ocr_carea' id='block_1_3' title="bbox 2167 276 3795 347">
    <p class='ocr_par' dir='ltr' id='par_1_3' title="bbox 2167 276 3795 347">
     <span class='ocr_line' id='line_1_3' title="bbox 2167 276 3795 347; baseline 0.009 -15"><span class='ocrx_word' id='word_1_3' title='bbox 2167 276 2622 334; x_wconf 78' lang='lat' dir='ltr'>LEXANDBINI</span> <span class='ocrx_word' id='word_1_4' title='bbox 3694 290 3795 347; x_wconf 76' lang='lat'><strong>1200</strong></span> 
     </span>
    </p>
   </div>
   <div class='ocr_carea' id='block_1_4' title="bbox 431 397 2054 487">
    <p class='ocr_par' dir='ltr' id='par_1_4' title="bbox 431 399 2054 476">
     <span class='ocr_line' id='line_1_4' title="bbox 431 399 2054 476; baseline 0 -19"><span class='ocrx_word' id='word_1_5' title='bbox 431 400 694 467; x_wconf 86' lang='lat' dir='ltr'>Domini,</span> <span class='ocrx_word' id='word_1_6' title='bbox 725 416 846 455; x_wconf 92' lang='lat' dir='ltr'>non</span> <span class='ocrx_word' id='word_1_7' title='bbox 877 399 1153 473; x_wconf 79' lang='lat' dir='ltr'>dogmata</span> <span class='ocrx_word' id='word_1_8' title='bbox 1181 400 1533 469; x_wconf 88' lang='lat' dir='ltr'>decernunt,</span> <span class='ocrx_word' id='word_1_9' title='bbox 1566 420 1677 459; x_wconf 90' lang='lat' dir='ltr'>nec</span> <span class='ocrx_word' id='word_1_10' title='bbox 1706 403 1862 459; x_wconf 84' lang='lat' dir='ltr'>ﬁlios</span> <span class='ocrx_word' id='word_1_11' title='bbox 1889 403 2054 476; x_wconf 87' lang='lat' dir='ltr'>progi</span> 
     </span>
    </p>
   </div>
   <div class='ocr_carea' id='block_1_5' title="bbox 2167 397 3799 487">
    <p class='ocr_par' dir='ltr' id='par_1_5' title="bbox 2167 397 3799 487">
     <span class='ocr_line' id='line_1_5' title="bbox 2167 397 3799 487; baseline 0.007 -34"><span class='ocrx_word' id='word_1_12' title='bbox 2167 467 2170 473; x_wconf 29' lang='grc' dir='ltr'>ι</span> <span class='ocrx_word' id='word_1_13' title='bbox 2199 397 2455 474; x_wconf 80' lang='grc' dir='ltr'>κατάραν,</span> <span class='ocrx_word' id='word_1_14' title='bbox 2506 397 2688 474; x_wconf 76' lang='grc' dir='ltr'>ὥσπερ</span> <span class='ocrx_word' id='word_1_15' title='bbox 2718 398 2774 453; x_wconf 80' lang='grc' dir='ltr'>αἱ</span> <span class='ocrx_word' id='word_1_16' title='bbox 2807 399 3061 473; x_wconf 74' lang='grc' dir='ltr'>αἱρέσεις.</span> <span class='ocrx_word' id='word_1_17' title='bbox 3110 400 3400 478; x_wconf 74' lang='grc' dir='ltr'>Εὖνοῢχος</span> <span class='ocrx_word' id='word_1_18' title='bbox 3449 402 3649 474; x_wconf 86' lang='grc' dir='ltr'>τοίνυν,</span> <span class='ocrx_word' id='word_1_19' title='bbox 3674 408 3799 487; x_wconf 70' lang='grc' dir='ltr'>οὖχδ</span> 
     </span>
    </p>
   </div>
   <div class='ocr_carea' id='block_1_6' title="bbox 426 489 2081 562">
    <p class='ocr_par' dir='ltr' id='par_1_6' title="bbox 426 489 2081 562">
     <span class='ocr_line' id='line_1_6' title="bbox 426 489 2081 562; baseline 0.001 -17"><span class='ocrx_word' id='word_1_20' title='bbox 426 495 633 562; x_wconf 84' lang='lat' dir='ltr'>guunt.</span> <span class='ocrx_word' id='word_1_21' title='bbox 651 490 750 561; x_wconf 90' lang='lat' dir='ltr'>qui</span> <span class='ocrx_word' id='word_1_22' title='bbox 776 495 915 544; x_wconf 88' lang='lat' dir='ltr'>sunt</span> <span class='ocrx_word' id='word_1_23' title='bbox 948 489 1023 545; x_wconf 90' lang='lat' dir='ltr'>ad</span> <span class='ocrx_word' id='word_1_24' title='bbox 1046 492 1536 557; x_wconf 84' lang='lat' dir='ltr'>exsecrationem,</span> <span class='ocrx_word' id='word_1_25' title='bbox 1569 497 1636 547; x_wconf 91' lang='lat' dir='ltr'>ut</span> <span class='ocrx_word' id='word_1_26' title='bbox 1669 493 1945 547; x_wconf 70' lang='lat' dir='ltr'>hmreses.</span> <span class='ocrx_word' id='word_1_27' title='bbox 1970 494 2081 547; x_wconf 88' lang='lat' dir='ltr'>Eu-</span> 
     </span>
    </p>
   </div>
   <div class='ocr_carea' id='block_1_7' title="bbox 425 579 2080 653">
    <p class='ocr_par' dir='ltr' id='par_1_7' title="bbox 425 579 2080 653">
     <span class='ocr_line' id='line_1_7' title="bbox 425 579 2080 653; baseline 0.001 -19"><span class='ocrx_word' id='word_1_28' title='bbox 425 579 659 635; x_wconf 89' lang='lat' dir='ltr'>nuchus</span> <span class='ocrx_word' id='word_1_29' title='bbox 682 596 840 651; x_wconf 85' lang='lat' dir='ltr'>ergo,</span> <span class='ocrx_word' id='word_1_30' title='bbox 872 596 994 635; x_wconf 92' lang='lat' dir='ltr'>non</span> <span class='ocrx_word' id='word_1_31' title='bbox 1018 580 1119 650; x_wconf 88' lang='lat' dir='ltr'>qui</span> <span class='ocrx_word' id='word_1_32' title='bbox 1147 597 1253 651; x_wconf 88' lang='lat' dir='ltr'>per</span> <span class='ocrx_word' id='word_1_33' title='bbox 1271 581 1387 635; x_wconf 85' lang='lat' dir='ltr'>vim</span> <span class='ocrx_word' id='word_1_34' title='bbox 1411 582 1637 636; x_wconf 83' lang='lat' dir='ltr'>excisas</span> <span class='ocrx_word' id='word_1_35' title='bbox 1660 581 1838 637; x_wconf 92' lang='lat' dir='ltr'>habet</span> <span class='ocrx_word' id='word_1_36' title='bbox 1861 587 2080 653; x_wconf 89' lang='lat' dir='ltr'>partes,</span> 
     </span>
    </p>
   </div>
   <div class='ocr_carea' id='block_1_8' title="bbox 426 668 2084 742">
    <p class='ocr_par' dir='ltr' id='par_1_8' title="bbox 426 668 2084 742">
     <span class='ocr_line' id='line_1_8' title="bbox 426 668 2084 742; baseline 0 -18"><span class='ocrx_word' id='word_1_37' title='bbox 426 668 530 725; x_wconf 88' lang='lat' dir='ltr'>sed</span> <span class='ocrx_word' id='word_1_38' title='bbox 559 685 670 724; x_wconf 88' lang='lat' dir='ltr'>nec</span> <span class='ocrx_word' id='word_1_39' title='bbox 693 669 795 740; x_wconf 88' lang='lat' dir='ltr'>qui</span> <span class='ocrx_word' id='word_1_40' title='bbox 827 669 1042 723; x_wconf 67' lang='lat' dir='ltr'>cailebs</span> <span class='ocrx_word' id='word_1_41' title='bbox 1070 675 1177 734; x_wconf 89' lang='lat' dir='ltr'>est,</span> <span class='ocrx_word' id='word_1_42' title='bbox 1213 669 1403 724; x_wconf 89' lang='lat' dir='ltr'>dictus</span> <span class='ocrx_word' id='word_1_43' title='bbox 1436 678 1545 738; x_wconf 88' lang='lat' dir='ltr'>est,</span> <span class='ocrx_word' id='word_1_44' title='bbox 1579 671 1683 725; x_wconf 88' lang='lat' dir='ltr'>sed</span> <span class='ocrx_word' id='word_1_45' title='bbox 1714 671 1815 742; x_wconf 89' lang='lat' dir='ltr'>qui</span> <span class='ocrx_word' id='word_1_46' title='bbox 1842 687 1961 725; x_wconf 92' lang='lat' dir='ltr'>non</span> <span class='ocrx_word' id='word_1_47' title='bbox 1992 670 2084 742; x_wconf 90' lang='lat' dir='ltr'>gi-</span> 
     </span>
    </p>
   </div>
   <div class='ocr_carea' id='block_1_9' title="bbox 426 757 2078 831">
    <p class='ocr_par' dir='ltr' id='par_1_9' title="bbox 426 757 2078 831">
     <span class='ocr_line' id='line_1_9' title="bbox 426 757 2078 831; baseline 0.001 -18"><span class='ocrx_word' id='word_1_48' title='bbox 426 757 554 830; x_wconf 87' lang='lat' dir='ltr'>gnit</span> <span class='ocrx_word' id='word_1_49' title='bbox 580 758 912 814; x_wconf 75' lang='lat' dir='ltr'>veritatem.</span> <span class='ocrx_word' id='word_1_50' title='bbox 952 759 1197 831; x_wconf 88' lang='lat' dir='ltr'>Lignum</span> <span class='ocrx_word' id='word_1_51' title='bbox 1255 759 1351 814; x_wconf 92' lang='lat' dir='ltr'>hic</span> <span class='ocrx_word' id='word_1_52' title='bbox 1410 761 1575 831; x_wconf 91' lang='lat' dir='ltr'>prius</span> <span class='ocrx_word' id='word_1_53' title='bbox 1634 767 1760 816; x_wconf 89' lang='lat' dir='ltr'>erat</span> <span class='ocrx_word' id='word_1_54' title='bbox 1811 760 2078 827; x_wconf 90' lang='lat' dir='ltr'>aridum;</span> 
     </span>
    </p>
   </div>
   <div class='ocr_carea' id='block_1_10' title="bbox 429 847 2083 920">
    <p class='ocr_par' dir='ltr' id='par_1_10' title="bbox 429 847 2083 920">
     <span class='ocr_line' id='line_1_10' title="bbox 429 847 2083 920; baseline 0.001 -19"><span class='ocrx_word' id='word_1_55' title='bbox 429 847 478 901; x_wconf 88' lang='lat' dir='ltr'>si</span> <span class='ocrx_word' id='word_1_56' title='bbox 510 853 713 902; x_wconf 91' lang='lat' dir='ltr'>autem</span> <span class='ocrx_word' id='word_1_57' title='bbox 744 848 894 920; x_wconf 85' lang='lat' dir='ltr'>Logo</span> <span class='ocrx_word' id='word_1_58' title='bbox 940 847 1254 916; x_wconf 84' lang='lat' dir='ltr'>obedierit,</span> <span class='ocrx_word' id='word_1_59' title='bbox 1316 854 1374 903; x_wconf 91' lang='lat' dir='ltr'>et</span> <span class='ocrx_word' id='word_1_60' title='bbox 1430 849 1676 904; x_wconf 89' lang='lat' dir='ltr'>sabbata</span> <span class='ocrx_word' id='word_1_61' title='bbox 1731 848 2083 905; x_wconf 79' lang='lat' dir='ltr'>custodierit</span> 
     </span>
    </p>
   </div>
   <div class='ocr_carea' id='block_1_11' title="bbox 426 936 2083 1008">
    <p class='ocr_par' dir='ltr' id='par_1_11' title="bbox 426 936 2083 1008">
     <span class='ocr_line' id='line_1_11' title="bbox 426 936 2083 1008; baseline 0 -17"><span class='ocrx_word' id='word_1_62' title='bbox 426 953 535 1008; x_wconf 89' lang='lat' dir='ltr'>per</span> <span class='ocrx_word' id='word_1_63' title='bbox 549 936 971 992; x_wconf 79' lang='lat' dir='ltr'>abstinentiam</span> <span class='ocrx_word' id='word_1_64' title='bbox 990 954 1024 991; x_wconf 89' lang='lat' dir='ltr'>a</span> <span class='ocrx_word' id='word_1_65' title='bbox 1039 938 1319 1008; x_wconf 86' lang='lat' dir='ltr'>peccatis,</span> <span class='ocrx_word' id='word_1_66' title='bbox 1345 944 1404 992; x_wconf 91' lang='lat' dir='ltr'>et</span> <span class='ocrx_word' id='word_1_67' title='bbox 1423 939 1631 994; x_wconf 83' lang='lat' dir='ltr'>fecerit</span> <span class='ocrx_word' id='word_1_68' title='bbox 1648 938 1945 1004; x_wconf 89' lang='lat' dir='ltr'>mandata,</span> <span class='ocrx_word' id='word_1_69' title='bbox 1970 938 2083 993; x_wconf 90' lang='lat' dir='ltr'>erit</span> 
     </span>
    </p>
   </div>
   <div class='ocr_carea' id='block_1_12' title="bbox 429 1027 2078 1099">
    <p class='ocr_par' dir='ltr' id='par_1_12' title="bbox 429 1027 2078 1099">
     <span class='ocr_line' id='line_1_12' title="bbox 429 1027 2078 1099; baseline 0.001 -18"><span class='ocrx_word' id='word_1_70' title='bbox 429 1027 836 1081; x_wconf 88' lang='lat' dir='ltr'>honorabilior</span> <span class='ocrx_word' id='word_1_71' title='bbox 867 1029 962 1091; x_wconf 88' lang='lat' dir='ltr'>iis,</span> <span class='ocrx_word' id='word_1_72' title='bbox 991 1029 1092 1098; x_wconf 85' lang='lat' dir='ltr'>qui</span> <span class='ocrx_word' id='word_1_73' title='bbox 1114 1028 1336 1099; x_wconf 88' lang='lat' dir='ltr'>absque</span> <span class='ocrx_word' id='word_1_74' title='bbox 1370 1034 1530 1083; x_wconf 89' lang='lat' dir='ltr'>recta</span> <span class='ocrx_word' id='word_1_75' title='bbox 1549 1030 1680 1083; x_wconf 81' lang='lat' dir='ltr'>vitae</span> <span class='ocrx_word' id='word_1_76' title='bbox 1706 1029 2078 1083; x_wconf 85' lang='lat' dir='ltr'>institutione</span> 
     </span>
    </p>
   </div>
   <div class='ocr_carea' id='block_1_13' title="bbox 430 1113 2079 1183">
    <p class='ocr_par' dir='ltr' id='par_1_13' title="bbox 430 1113 2079 1183">
     <span class='ocr_line' id='line_1_13' title="bbox 430 1113 2079 1183; baseline 0.001 -14"><span class='ocrx_word' id='word_1_77' title='bbox 430 1113 556 1169; x_wconf 86' lang='lat' dir='ltr'>solo</span> <span class='ocrx_word' id='word_1_78' title='bbox 571 1131 847 1169; x_wconf 84' lang='lat' dir='ltr'>sermone</span> <span class='ocrx_word' id='word_1_79' title='bbox 867 1114 1240 1169; x_wconf 81' lang='lat' dir='ltr'>erudiuntur.</span> <span class='ocrx_word' id='word_1_80' title='bbox 1268 1139 1293 1164; x_wconf 86' lang='grc'><em>‹‹</em></span> <span class='ocrx_word' id='word_1_81' title='bbox 1325 1115 1539 1183; x_wconf 89' lang='lat' dir='ltr'>Filioli,</span> <span class='ocrx_word' id='word_1_82' title='bbox 1564 1116 1863 1170; x_wconf 91' lang='lat' dir='ltr'>modicum</span> <span class='ocrx_word' id='word_1_83' title='bbox 1886 1115 2079 1170; x_wconf 91' lang='lat' dir='ltr'>adhuc</span> 
     </span>
    </p>
   </div>
   <div class='ocr_carea' id='block_1_14' title="bbox 429 1203 2078 1276">
    <p class='ocr_par' dir='ltr' id='par_1_14' title="bbox 429 1203 2078 1276">
     <span class='ocr_line' id='line_1_14' title="bbox 429 1203 2078 1276; baseline 0 -18"><span class='ocrx_word' id='word_1_84' title='bbox 429 1219 561 1258; x_wconf 89' lang='lat' dir='ltr'>sum</span> <span class='ocrx_word' id='word_1_85' title='bbox 587 1203 888 1259; x_wconf 89' lang='lat' dir='ltr'>vobiscum</span> <span class='ocrx_word' id='word_1_86' title='bbox 916 1210 1010 1273; x_wconf 87' lang='lat' dir='ltr'>(a),</span> <span class='ocrx_word' id='word_1_87' title='bbox 1037 1226 1063 1254; x_wconf 84' lang='lat'>»</span> <span class='ocrx_word' id='word_1_88' title='bbox 1089 1205 1287 1275; x_wconf 90' lang='lat' dir='ltr'>inquit</span> <span class='ocrx_word' id='word_1_89' title='bbox 1312 1205 1605 1276; x_wconf 73' lang='lat' dir='ltr'>Magister.</span> <span class='ocrx_word' id='word_1_90' title='bbox 1639 1206 1828 1270; x_wconf 87' lang='lat' dir='ltr'>Quare</span> <span class='ocrx_word' id='word_1_91' title='bbox 1859 1203 2078 1259; x_wconf 90' lang='lat' dir='ltr'>Paulus</span> 
     </span>
    </p>
   </div>
   <div class='ocr_carea' id='block_1_15' title="bbox 425 1292 2077 1364">
    <p class='ocr_par' dir='ltr' id='par_1_15' title="bbox 425 1292 2077 1364">
     <span class='ocr_line' id='line_1_15' title="bbox 425 1292 2077 1364; baseline 0.001 -18"><span class='ocrx_word' id='word_1_92' title='bbox 425 1308 662 1363; x_wconf 90' lang='lat' dir='ltr'>quoque</span> <span class='ocrx_word' id='word_1_93' title='bbox 680 1292 948 1349; x_wconf 90' lang='lat' dir='ltr'>scribens</span> <span class='ocrx_word' id='word_1_94' title='bbox 965 1294 1039 1348; x_wconf 91' lang='lat' dir='ltr'>ad</span> <span class='ocrx_word' id='word_1_95' title='bbox 1058 1294 1311 1357; x_wconf 89' lang='lat' dir='ltr'>Galatas,</span> <span class='ocrx_word' id='word_1_96' title='bbox 1330 1294 1501 1348; x_wconf 91' lang='lat' dir='ltr'>dicit:</span> <span class='ocrx_word' id='word_1_97' title='bbox 1523 1317 1549 1344; x_wconf 80' lang='grc' dir='ltr'>α</span> <span class='ocrx_word' id='word_1_98' title='bbox 1566 1293 1755 1349; x_wconf 90' lang='lat' dir='ltr'>Filioli</span> <span class='ocrx_word' id='word_1_99' title='bbox 1772 1293 1910 1360; x_wconf 92' lang='lat' dir='ltr'>mei,</span> <span class='ocrx_word' id='word_1_100' title='bbox 1928 1309 2077 1364; x_wconf 92' lang='lat' dir='ltr'>quos</span> 
     </span>
    </p>
   </div>
   <div class='ocr_carea' id='block_1_16' title="bbox 421 1380 2075 1453">
    <p class='ocr_par' dir='ltr' id='par_1_16' title="bbox 421 1380 2075 1453">
     <span class='ocr_line' id='line_1_16' title="bbox 421 1380 2075 1453; baseline 0.001 -18"><span class='ocrx_word' id='word_1_101' title='bbox 421 1380 640 1436; x_wconf 89' lang='lat' dir='ltr'>iterum</span> <span class='ocrx_word' id='word_1_102' title='bbox 696 1383 983 1453; x_wconf 89' lang='lat' dir='ltr'>parturio,</span> <span class='ocrx_word' id='word_1_103' title='bbox 1016 1382 1205 1437; x_wconf 90' lang='lat' dir='ltr'>donec</span> <span class='ocrx_word' id='word_1_104' title='bbox 1253 1383 1545 1437; x_wconf 81' lang='lat' dir='ltr'>formetur</span> <span class='ocrx_word' id='word_1_105' title='bbox 1594 1384 1655 1437; x_wconf 92' lang='lat' dir='ltr'>in</span> <span class='ocrx_word' id='word_1_106' title='bbox 1715 1383 1876 1437; x_wconf 87' lang='lat' dir='ltr'>vobis</span> <span class='ocrx_word' id='word_1_107' title='bbox 1907 1382 2075 1437; x_wconf 84' lang='lat' dir='ltr'>Chri-</span> 
     </span>
    </p>
   </div>
   <div class='ocr_carea' id='block_1_17' title="bbox 422 1471 2075 1542">
    <p class='ocr_par' dir='ltr' id='par_1_17' title="bbox 422 1471 2075 1542">
     <span class='ocr_line' id='line_1_17' title="bbox 422 1471 2075 1542; baseline 0.001 -19"><span class='ocrx_word' id='word_1_108' title='bbox 422 1474 548 1525; x_wconf 88' lang='lat' dir='ltr'>stus</span> <span class='ocrx_word' id='word_1_109' title='bbox 566 1471 664 1542; x_wconf 81' lang='grc' dir='ltr'>(ὁ).</span> <span class='ocrx_word' id='word_1_110' title='bbox 690 1493 719 1521; x_wconf 90' lang='grc'>››</span> <span class='ocrx_word' id='word_1_111' title='bbox 744 1473 969 1526; x_wconf 83' lang='lat' dir='ltr'>Rursus</span> <span class='ocrx_word' id='word_1_112' title='bbox 996 1472 1071 1526; x_wconf 91' lang='lat' dir='ltr'>ad</span> <span class='ocrx_word' id='word_1_113' title='bbox 1095 1472 1431 1527; x_wconf 89' lang='lat' dir='ltr'>Corinthios</span> <span class='ocrx_word' id='word_1_114' title='bbox 1456 1472 1720 1527; x_wconf 90' lang='lat' dir='ltr'>scribens</span> <span class='ocrx_word' id='word_1_115' title='bbox 1746 1489 1758 1526; x_wconf 87' lang='lat'><strong>:</strong></span> <span class='ocrx_word' id='word_1_116' title='bbox 1784 1495 1811 1522; x_wconf 87' lang='lat'><strong>«</strong></span> <span class='ocrx_word' id='word_1_117' title='bbox 1834 1472 1889 1526; x_wconf 94' lang='lat' dir='ltr'>Si</span> <span class='ocrx_word' id='word_1_118' title='bbox 1913 1472 2075 1526; x_wconf 91' lang='lat' dir='ltr'>enim</span> 
     </span>
    </p>
   </div>
   <div class='ocr_carea' id='block_1_18' title="bbox 421 1558 2075 1633">
    <p class='ocr_par' dir='ltr' id='par_1_18' title="bbox 421 1558 2075 1633">
     <span class='ocr_line' id='line_1_18' title="bbox 421 1558 2075 1633; baseline 0.001 -19"><span class='ocrx_word' id='word_1_119' title='bbox 421 1558 623 1615; x_wconf 90' lang='lat' dir='ltr'>decies</span> <span class='ocrx_word' id='word_1_120' title='bbox 664 1560 831 1615; x_wconf 92' lang='lat' dir='ltr'>mille</span> <span class='ocrx_word' id='word_1_121' title='bbox 879 1561 1250 1633; x_wconf 69' lang='lat' dir='ltr'>pmdagogos,</span> <span class='ocrx_word' id='word_1_122' title='bbox 1285 1583 1314 1612; x_wconf 86' lang='lat'><strong>»</strong></span> <span class='ocrx_word' id='word_1_123' title='bbox 1365 1562 1579 1632; x_wconf 88' lang='lat' dir='ltr'>inquit,</span> <span class='ocrx_word' id='word_1_124' title='bbox 1635 1585 1661 1611; x_wconf 86' lang='lat'><strong>«</strong></span> <span class='ocrx_word' id='word_1_125' title='bbox 1699 1562 1965 1616; x_wconf 91' lang='lat' dir='ltr'>habeatis</span> <span class='ocrx_word' id='word_1_126' title='bbox 2013 1560 2075 1615; x_wconf 90' lang='lat' dir='ltr'>in</span> 
     </span>
    </p>
   </div>
   <div class='ocr_carea' id='block_1_19' title="bbox 420 1636 2073 1722">
    <p class='ocr_par' dir='ltr' id='par_1_19' title="bbox 420 1636 2073 1722">
     <span class='ocr_line' id='line_1_19' title="bbox 420 1636 2073 1722; baseline 0.001 -19"><span class='ocrx_word' id='word_1_127' title='bbox 420 1648 674 1717; x_wconf 86' lang='lat' dir='ltr'>Christo,</span> <span class='ocrx_word' id='word_1_128' title='bbox 708 1649 812 1704; x_wconf 91' lang='lat' dir='ltr'>sed</span> <span class='ocrx_word' id='word_1_129' title='bbox 844 1666 965 1704; x_wconf 89' lang='lat' dir='ltr'>non</span> <span class='ocrx_word' id='word_1_130' title='bbox 996 1650 1215 1705; x_wconf 90' lang='lat' dir='ltr'>multos</span> <span class='ocrx_word' id='word_1_131' title='bbox 1256 1656 1474 1722; x_wconf 88' lang='lat' dir='ltr'>patres.</span> <span class='ocrx_word' id='word_1_132' title='bbox 1523 1652 1590 1705; x_wconf 93' lang='lat' dir='ltr'>In</span> <span class='ocrx_word' id='word_1_133' title='bbox 1622 1651 1854 1706; x_wconf 88' lang='lat' dir='ltr'>Christo</span> <span class='ocrx_word' id='word_1_134' title='bbox 1912 1636 2073 1705; x_wconf 85' lang='lat' dir='ltr'>enim</span> 
     </span>
    </p>
   </div>
   <div class='ocr_carea' id='block_1_20' title="bbox 2198 487 3802 573">
    <p class='ocr_par' dir='ltr' id='par_1_20' title="bbox 2198 487 3802 573">
     <span class='ocr_line' id='line_1_20' title="bbox 2198 487 3802 573; baseline 0.007 -32"><span class='ocrx_word' id='word_1_135' title='bbox 2198 488 2716 562; x_wconf 66' lang='grc' dir='ltr'>κατηναγκασμένος</span> <span class='ocrx_word' id='word_1_136' title='bbox 2767 488 2836 543; x_wconf 75' lang='grc' dir='ltr'>τὰ</span> <span class='ocrx_word' id='word_1_137' title='bbox 2890 488 3055 563; x_wconf 87' lang='grc' dir='ltr'>μόρια</span> <span class='ocrx_word' id='word_1_138' title='bbox 3091 533 3105 557; x_wconf 91' lang='grc'>,</span> <span class='ocrx_word' id='word_1_139' title='bbox 3159 487 3287 546; x_wconf 74' lang='grc' dir='ltr'>οὐδὲ</span> <span class='ocrx_word' id='word_1_140' title='bbox 3349 493 3459 565; x_wconf 73' lang='grc' dir='ltr'>μὴν</span> <span class='ocrx_word' id='word_1_141' title='bbox 3520 494 3549 548; x_wconf 82' lang='grc'>6</span> <span class='ocrx_word' id='word_1_142' title='bbox 3599 493 3802 573; x_wconf 79' lang='grc' dir='ltr'>ἄγαμος,</span> 
     </span>
    </p>
   </div>
   <div class='ocr_carea' id='block_1_21' title="bbox 2196 572 3801 661">
    <p class='ocr_par' dir='ltr' id='par_1_21' title="bbox 2196 572 3801 661">
     <span class='ocr_line' id='line_1_21' title="bbox 2196 572 3801 661; baseline 0.006 -31"><span class='ocrx_word' id='word_1_143' title='bbox 2196 574 2433 652; x_wconf 84' lang='grc' dir='ltr'>εἷ’ρηται,</span> <span class='ocrx_word' id='word_1_144' title='bbox 2468 574 2595 632; x_wconf 82' lang='grc' dir='ltr'>ἀλλ’</span> <span class='ocrx_word' id='word_1_145' title='bbox 2627 578 2655 631; x_wconf 88' lang='grc' dir='ltr'>ὁ</span> <span class='ocrx_word' id='word_1_146' title='bbox 2679 572 2872 653; x_wconf 72' lang='grc' dir='ltr'>ἄγονος</span> <span class='ocrx_word' id='word_1_147' title='bbox 2918 575 3205 647; x_wconf 81' lang='grc' dir='ltr'>ἀληθείας.</span> <span class='ocrx_word' id='word_1_148' title='bbox 3236 578 3422 636; x_wconf 77' lang='grc' dir='ltr'>Ξύλον</span> <span class='ocrx_word' id='word_1_149' title='bbox 3473 572 3649 646; x_wconf 84' lang='grc' dir='ltr'>οὗτος</span> <span class='ocrx_word' id='word_1_150' title='bbox 3676 587 3801 661; x_wconf 77' lang='grc' dir='ltr'>ξηρὸν</span> 
     </span>
    </p>
   </div>
   <div class='ocr_carea' id='block_1_22' title="bbox 2194 663 3805 749">
    <p class='ocr_par' dir='ltr' id='par_1_22' title="bbox 2194 663 3805 749">
     <span class='ocr_line' id='line_1_22' title="bbox 2194 663 3805 749; baseline 0.007 -30"><span class='ocrx_word' id='word_1_151' title='bbox 2194 667 2259 734; x_wconf 68' lang='grc' dir='ltr'>ἦν</span> <span class='ocrx_word' id='word_1_152' title='bbox 2293 665 2580 741; x_wconf 75' lang='grc' dir='ltr'>πρότεροψ</span> <span class='ocrx_word' id='word_1_153' title='bbox 2644 665 2951 737; x_wconf 70' lang='grc' dir='ltr'>ὑπακούσας</span> <span class='ocrx_word' id='word_1_154' title='bbox 3006 663 3065 723; x_wconf 75' lang='grc' dir='ltr'>δὲ</span> <span class='ocrx_word' id='word_1_155' title='bbox 3111 666 3189 741; x_wconf 79' lang='grc' dir='ltr'>τῷ</span> <span class='ocrx_word' id='word_1_156' title='bbox 3222 669 3408 744; x_wconf 84' lang='grc' dir='ltr'>Λόγῳ,</span> <span class='ocrx_word' id='word_1_157' title='bbox 3460 673 3554 726; x_wconf 82' lang='grc' dir='ltr'>καὶ</span> <span class='ocrx_word' id='word_1_158' title='bbox 3610 673 3805 749; x_wconf 73' lang='grc' dir='ltr'>φυλάξας</span> 
     </span>
    </p>
   </div>
   <div class='ocr_carea' id='block_1_23' title="bbox 2191 749 3807 834">
    <p class='ocr_par' dir='ltr' id='par_1_23' title="bbox 2191 749 3807 834">
     <span class='ocr_line' id='line_1_23' title="bbox 2191 749 3807 834; baseline 0.007 -26"><span class='ocrx_word' id='word_1_159' title='bbox 2191 754 2260 809; x_wconf 77' lang='grc' dir='ltr'>τὰ</span> <span class='ocrx_word' id='word_1_160' title='bbox 2289 749 2533 810; x_wconf 72' lang='grc' dir='ltr'>σάϐϐατα</span> <span class='ocrx_word' id='word_1_161' title='bbox 2562 754 2701 810; x_wconf 84' lang='grc' dir='ltr'>κατὰ</span> <span class='ocrx_word' id='word_1_162' title='bbox 2752 756 2968 830; x_wconf 80' lang='grc' dir='ltr'>ἀκοχὴν</span> <span class='ocrx_word' id='word_1_163' title='bbox 3024 758 3465 832; x_wconf 80' lang='grc' dir='ltr'>ἁμαρτημάτων,</span> <span class='ocrx_word' id='word_1_164' title='bbox 3497 761 3589 815; x_wconf 82' lang='grc' dir='ltr'>καὶ</span> <span class='ocrx_word' id='word_1_165' title='bbox 3616 766 3807 834; x_wconf 75' lang='grc' dir='ltr'>ποιήσας</span> 
     </span>
    </p>
   </div>
   <div class='ocr_carea' id='block_1_24' title="bbox 2191 844 3811 920">
    <p class='ocr_par' dir='ltr' id='par_1_24' title="bbox 2191 844 3811 920">
     <span class='ocr_line' id='line_1_24' title="bbox 2191 844 3811 920; baseline 0.006 -22"><span class='ocrx_word' id='word_1_166' title='bbox 2191 845 2287 907; x_wconf 81' lang='grc' dir='ltr'>τὰς</span> <span class='ocrx_word' id='word_1_167' title='bbox 2333 844 2576 917; x_wconf 78' lang='grc' dir='ltr'>ἐντολὰς,</span> <span class='ocrx_word' id='word_1_168' title='bbox 2619 845 2967 920; x_wconf 80' lang='grc' dir='ltr'>ἐντιμότερος</span> <span class='ocrx_word' id='word_1_169' title='bbox 3024 844 3171 902; x_wconf 83' lang='grc' dir='ltr'>ἔσται</span> <span class='ocrx_word' id='word_1_170' title='bbox 3226 853 3337 903; x_wconf 83' lang='grc' dir='ltr'>τῶν</span> <span class='ocrx_word' id='word_1_171' title='bbox 3387 850 3513 905; x_wconf 78' lang='grc' dir='ltr'>ἄνευ</span> <span class='ocrx_word' id='word_1_172' title='bbox 3571 852 3811 919; x_wconf 73' lang='grc' dir='ltr'>πολιτείας</span> 
     </span>
    </p>
   </div>
   <div class='ocr_carea' id='block_1_25' title="bbox 2195 932 3810 1014">
    <p class='ocr_par' dir='ltr' id='par_1_25' title="bbox 2195 932 3810 1014">
     <span class='ocr_line' id='line_1_25' title="bbox 2195 932 3810 1014; baseline 0.005 -27"><span class='ocrx_word' id='word_1_173' title='bbox 2195 932 2365 1009; x_wconf 81' lang='grc' dir='ltr'>ὀρθῆς</span> <span class='ocrx_word' id='word_1_174' title='bbox 2417 932 2572 1010; x_wconf 85' lang='grc' dir='ltr'>λόγῳ</span> <span class='ocrx_word' id='word_1_175' title='bbox 2630 934 2784 1008; x_wconf 83' lang='grc' dir='ltr'>μόνῳ</span> <span class='ocrx_word' id='word_1_176' title='bbox 2840 933 3277 1009; x_wconf 85' lang='grc' dir='ltr'>παιδευομένων.</span> <span class='ocrx_word' id='word_1_177' title='bbox 3339 961 3363 991; x_wconf 78' lang='grc' dir='ltr'>ο</span> <span class='ocrx_word' id='word_1_178' title='bbox 3396 940 3597 998; x_wconf 83' lang='grc' dir='ltr'>Τεκνία</span> <span class='ocrx_word' id='word_1_179' title='bbox 3651 946 3810 1014; x_wconf 76' lang='grc' dir='ltr'>(29),ιο</span> 
     </span>
    </p>
   </div>
   <div class='ocr_carea' id='block_1_26' title="bbox 2192 1020 3812 1099">
    <p class='ocr_par' dir='ltr' id='par_1_26' title="bbox 2192 1020 3812 1099">
     <span class='ocr_line' id='line_1_26' title="bbox 2192 1020 3812 1099; baseline 0.006 -23"><span class='ocrx_word' id='word_1_180' title='bbox 2192 1022 2377 1099; x_wconf 80' lang='grc' dir='ltr'>φησὶν,</span> <span class='ocrx_word' id='word_1_181' title='bbox 2416 1045 2442 1071; x_wconf 87' lang='grc'>‹‹</span> <span class='ocrx_word' id='word_1_182' title='bbox 2473 1021 2659 1096; x_wconf 79' lang='grc' dir='ltr'>ὀλίγον</span> <span class='ocrx_word' id='word_1_183' title='bbox 2690 1020 2768 1076; x_wconf 83' lang='grc' dir='ltr'>ἔτι</span> <span class='ocrx_word' id='word_1_184' title='bbox 2803 1025 2917 1095; x_wconf 87' lang='grc' dir='ltr'>μεθ’</span> <span class='ocrx_word' id='word_1_185' title='bbox 2966 1023 3120 1095; x_wconf 81' lang='grc' dir='ltr'>ὑμῶν</span> <span class='ocrx_word' id='word_1_186' title='bbox 3177 1023 3317 1097; x_wconf 79' lang='grc' dir='ltr'>εἶμι,</span> <span class='ocrx_word' id='word_1_187' title='bbox 3349 1048 3378 1075; x_wconf 85' lang='grc'><strong>››</strong></span> <span class='ocrx_word' id='word_1_188' title='bbox 3427 1026 3455 1080; x_wconf 85' lang='grc' dir='ltr'>ὁ</span> <span class='ocrx_word' id='word_1_189' title='bbox 3488 1023 3812 1090; x_wconf 75' lang='grc' dir='ltr'>Διδάσκαλος.</span> 
     </span>
    </p>
   </div>
   <div class='ocr_carea' id='block_1_27' title="bbox 2193 1109 3812 1190">
    <p class='ocr_par' dir='ltr' id='par_1_27' title="bbox 2193 1109 3812 1190">
     <span class='ocr_line' id='line_1_27' title="bbox 2193 1109 3812 1190; baseline 0.005 -25"><span class='ocrx_word' id='word_1_190' title='bbox 2193 1110 2287 1165; x_wconf 85' lang='grc' dir='ltr'>Διὸ</span> <span class='ocrx_word' id='word_1_191' title='bbox 2315 1110 2406 1165; x_wconf 88' lang='grc' dir='ltr'>καὶ</span> <span class='ocrx_word' id='word_1_192' title='bbox 2438 1109 2682 1180; x_wconf 75' lang='grc' dir='ltr'>Παῦλος,</span> <span class='ocrx_word' id='word_1_193' title='bbox 2720 1111 2817 1165; x_wconf 79' lang='grc' dir='ltr'>Γα)</span> <span class='ocrx_word' id='word_1_194' title='bbox 2833 1112 2986 1173; x_wconf 79' lang='grc' dir='ltr'>ἀταις</span> <span class='ocrx_word' id='word_1_195' title='bbox 3017 1111 3381 1181; x_wconf 67' lang='grc' dir='ltr'>ἐπιστέλλων,</span> <span class='ocrx_word' id='word_1_196' title='bbox 3414 1115 3571 1190; x_wconf 78' lang='grc' dir='ltr'>φησί’</span> <span class='ocrx_word' id='word_1_197' title='bbox 3604 1141 3631 1168; x_wconf 80' lang='grc' dir='ltr'>α</span> <span class='ocrx_word' id='word_1_198' title='bbox 3653 1118 3812 1173; x_wconf 80' lang='grc' dir='ltr'>Τεκνία</span> 
     </span>
    </p>
   </div>
   <div class='ocr_carea' id='block_1_28' title="bbox 2198 1196 3812 1281">
    <p class='ocr_par' dir='ltr' id='par_1_28' title="bbox 2198 1196 3812 1281">
     <span class='ocr_line' id='line_1_28' title="bbox 2198 1196 3812 1281; baseline 0.005 -27"><span class='ocrx_word' id='word_1_199' title='bbox 2198 1220 2327 1273; x_wconf 91' lang='grc' dir='ltr'>μου,</span> <span class='ocrx_word' id='word_1_200' title='bbox 2363 1199 2455 1262; x_wconf 81' lang='grc' dir='ltr'>οὓς</span> <span class='ocrx_word' id='word_1_201' title='bbox 2486 1199 2653 1254; x_wconf 76' lang='grc' dir='ltr'>πάλιν</span> <span class='ocrx_word' id='word_1_202' title='bbox 2696 1196 2902 1267; x_wconf 83' lang='grc' dir='ltr'>ὠδίνω,</span> <span class='ocrx_word' id='word_1_203' title='bbox 2933 1201 3095 1275; x_wconf 85' lang='grc' dir='ltr'>ἄχρις</span> <span class='ocrx_word' id='word_1_204' title='bbox 3126 1202 3194 1256; x_wconf 82' lang='grc' dir='ltr'>οὗ</span> <span class='ocrx_word' id='word_1_205' title='bbox 3228 1208 3499 1281; x_wconf 77' lang='grc' dir='ltr'>μορφωθῇ</span> <span class='ocrx_word' id='word_1_206' title='bbox 3530 1207 3748 1279; x_wconf 84' lang='grc' dir='ltr'>Χριστὸς</span> <span class='ocrx_word' id='word_1_207' title='bbox 3772 1208 3812 1262; x_wconf 79' lang='grc' dir='ltr'>ἑν</span> 
     </span>
    </p>
   </div>
   <div class='ocr_carea' id='block_1_29' title="bbox 2196 1287 3812 1371">
    <p class='ocr_par' dir='ltr' id='par_1_29' title="bbox 2196 1287 3812 1371">
     <span class='ocr_line' id='line_1_29' title="bbox 2196 1287 3812 1371; baseline 0.002 -27"><span class='ocrx_word' id='word_1_208' title='bbox 2196 1290 2347 1361; x_wconf 84' lang='grc' dir='ltr'>ὑμῖν.</span> <span class='ocrx_word' id='word_1_209' title='bbox 2382 1313 2409 1341; x_wconf 87' lang='grc'><strong>››</strong></span> <span class='ocrx_word' id='word_1_210' title='bbox 2462 1287 2635 1343; x_wconf 82' lang='grc' dir='ltr'>Πάλιν</span> <span class='ocrx_word' id='word_1_211' title='bbox 2663 1309 2724 1343; x_wconf 88' lang='grc' dir='ltr'>τε</span> <span class='ocrx_word' id='word_1_212' title='bbox 2769 1289 2833 1344; x_wconf 87' lang='grc' dir='ltr'>αὗ</span> <span class='ocrx_word' id='word_1_213' title='bbox 2864 1289 3177 1358; x_wconf 75' lang='grc' dir='ltr'>Κορινθίοις</span> <span class='ocrx_word' id='word_1_214' title='bbox 3224 1293 3476 1367; x_wconf 78' lang='grc' dir='ltr'>γράφων,</span> <span class='ocrx_word' id='word_1_215' title='bbox 3532 1318 3561 1345; x_wconf 90' lang='grc'><strong>‹‹</strong></span> <span class='ocrx_word' id='word_1_216' title='bbox 3590 1295 3703 1349; x_wconf 79' lang='grc' dir='ltr'>Ἐὰν</span> <span class='ocrx_word' id='word_1_217' title='bbox 3730 1295 3812 1371; x_wconf 73' lang='grc' dir='ltr'>γὰρ</span> 
     </span>
    </p>
   </div>
   <div class='ocr_carea' id='block_1_30' title="bbox 2195 1372 3815 1459">
    <p class='ocr_par' dir='ltr' id='par_1_30' title="bbox 2195 1372 3815 1459">
     <span class='ocr_line' id='line_1_30' title="bbox 2195 1372 3815 1459; baseline 0.005 -27"><span class='ocrx_word' id='word_1_218' title='bbox 2195 1377 2422 1453; x_wconf 75' lang='grc' dir='ltr'>μυρίους</span> <span class='ocrx_word' id='word_1_219' title='bbox 2481 1375 2863 1455; x_wconf 81' lang='grc' dir='ltr'>παιδαγωγοὺς</span> <span class='ocrx_word' id='word_1_220' title='bbox 2934 1372 3105 1453; x_wconf 74' lang='grc' dir='ltr'>ἔχητε</span> <span class='ocrx_word' id='word_1_221' title='bbox 3160 1378 3211 1435; x_wconf 78' lang='grc' dir='ltr'>έν</span> <span class='ocrx_word' id='word_1_222' title='bbox 3267 1386 3492 1455; x_wconf 82' lang='grc' dir='ltr'>Χριστῷ</span> <span class='ocrx_word' id='word_1_223' title='bbox 3526 1427 3540 1448; x_wconf 91' lang='grc'>,</span> <span class='ocrx_word' id='word_1_224' title='bbox 3578 1407 3600 1433; x_wconf 76' lang='grc' dir='ltr'>ι</span> <span class='ocrx_word' id='word_1_225' title='bbox 3653 1384 3815 1459; x_wconf 74' lang='grc' dir='ltr'>λέγει,</span> 
     </span>
    </p>
   </div>
   <div class='ocr_carea' id='block_1_31' title="bbox 2192 1464 3816 1546">
    <p class='ocr_par' dir='ltr' id='par_1_31' title="bbox 2192 1464 3816 1546">
     <span class='ocr_line' id='line_1_31' title="bbox 2192 1464 3816 1546; baseline 0.007 -28"><span class='ocrx_word' id='word_1_226' title='bbox 2192 1490 2220 1518; x_wconf 92' lang='grc'><strong>‹‹</strong></span> <span class='ocrx_word' id='word_1_227' title='bbox 2252 1464 2381 1523; x_wconf 84' lang='grc' dir='ltr'>ἀλλ’</span> <span class='ocrx_word' id='word_1_228' title='bbox 2412 1467 2475 1521; x_wconf 80' lang='grc' dir='ltr'>οὗ</span> <span class='ocrx_word' id='word_1_229' title='bbox 2500 1465 2753 1529; x_wconf 77' lang='grc' dir='ltr'>πολλοὺς</span> <span class='ocrx_word' id='word_1_230' title='bbox 2783 1466 3018 1543; x_wconf 78' lang='grc' dir='ltr'>πατέρας</span> <span class='ocrx_word' id='word_1_231' title='bbox 3046 1490 3057 1500; x_wconf 88' lang='grc'><strong>·</strong></span> <span class='ocrx_word' id='word_1_232' title='bbox 3092 1468 3146 1523; x_wconf 82' lang='grc' dir='ltr'>έν</span> <span class='ocrx_word' id='word_1_233' title='bbox 3172 1471 3274 1543; x_wconf 82' lang='grc' dir='ltr'>γὰρ</span> <span class='ocrx_word' id='word_1_234' title='bbox 3323 1470 3548 1545; x_wconf 77' lang='grc' dir='ltr'>Χριστῷ</span> <span class='ocrx_word' id='word_1_235' title='bbox 3595 1476 3699 1546; x_wconf 90' lang='grc'>(30)</span> <span class='ocrx_word' id='word_1_236' title='bbox 3743 1471 3816 1528; x_wconf 70' lang='grc' dir='ltr'>διὰ</span> 
     </span>
    </p>
   </div>
   <div class='ocr_carea' id='block_1_32' title="bbox 2187 1553 3815 1633">
    <p class='ocr_par' dir='ltr' id='par_1_32' title="bbox 2187 1553 3815 1633">
     <span class='ocr_line' id='line_1_32' title="bbox 2187 1553 3815 1633; baseline 0.004 -22"><span class='ocrx_word' id='word_1_237' title='bbox 2187 1560 2286 1611; x_wconf 80' lang='grc' dir='ltr'>τοῦ</span> <span class='ocrx_word' id='word_1_238' title='bbox 2343 1553 2682 1631; x_wconf 80' lang='grc' dir='ltr'>Εὐαγγελίου</span> <span class='ocrx_word' id='word_1_239' title='bbox 2749 1554 2860 1630; x_wconf 65' lang='grc' dir='ltr'>ἐγὼ</span> <span class='ocrx_word' id='word_1_240' title='bbox 2920 1556 3061 1629; x_wconf 85' lang='grc' dir='ltr'>ὑμᾶς</span> <span class='ocrx_word' id='word_1_241' title='bbox 3119 1556 3401 1633; x_wconf 75' lang='grc' dir='ltr'>ἐγέννησα.</span> <span class='ocrx_word' id='word_1_242' title='bbox 3435 1583 3465 1611; x_wconf 74' lang='lat' dir='ltr'>n</span> <span class='ocrx_word' id='word_1_243' title='bbox 3529 1560 3627 1615; x_wconf 72' lang='grc' dir='ltr'>Διὰ</span> <span class='ocrx_word' id='word_1_244' title='bbox 3674 1565 3815 1617; x_wconf 80' lang='grc' dir='ltr'>τοῦτο</span> 
     </span>
    </p>
   </div>
   <div class='ocr_carea' id='block_1_33' title="bbox 2190 1643 3814 1721">
    <p class='ocr_par' dir='ltr' id='par_1_33' title="bbox 2190 1643 3814 1721">
     <span class='ocr_line' id='line_1_33' title="bbox 2190 1643 3814 1721; baseline 0.005 -23"><span class='ocrx_word' id='word_1_245' title='bbox 2190 1670 2218 1698; x_wconf 87' lang='grc'>‹‹</span> <span class='ocrx_word' id='word_1_246' title='bbox 2280 1644 2380 1700; x_wconf 79' lang='grc' dir='ltr'>οὐκ</span> <span class='ocrx_word' id='word_1_247' title='bbox 2437 1644 2795 1700; x_wconf 78' lang='grc' dir='ltr'>εἰσελεύσεται</span> <span class='ocrx_word' id='word_1_248' title='bbox 2850 1643 3114 1721; x_wconf 80' lang='grc' dir='ltr'>εὐνοῦχος</span> <span class='ocrx_word' id='word_1_249' title='bbox 3174 1649 3287 1721; x_wconf 95' lang='grc'>(31)</span> <span class='ocrx_word' id='word_1_250' title='bbox 3363 1647 3443 1711; x_wconf 79' lang='grc' dir='ltr'>εἷς</span> <span class='ocrx_word' id='word_1_251' title='bbox 3516 1649 3814 1721; x_wconf 75' lang='grc' dir='ltr'>Ἐκκλησίαν</span> 
     </span>
    </p>
   </div>
   <div class='ocr_carea' id='block_1_34' title="bbox 418 1729 2054 1834">
    <p class='ocr_par' dir='ltr' id='par_1_34' title="bbox 418 1739 2054 1812">
     <span class='ocr_line' id='line_1_34' title="bbox 418 1739 2054 1812; baseline 0 -19"><span class='ocrx_word' id='word_1_252' title='bbox 418 1754 526 1809; x_wconf 87' lang='lat' dir='ltr'>per</span> <span class='ocrx_word' id='word_1_253' title='bbox 542 1739 921 1811; x_wconf 84' lang='lat' dir='ltr'>Evangelium</span> <span class='ocrx_word' id='word_1_254' title='bbox 944 1756 1048 1812; x_wconf 91' lang='lat' dir='ltr'>ego</span> <span class='ocrx_word' id='word_1_255' title='bbox 1073 1757 1173 1795; x_wconf 89' lang='lat' dir='ltr'>vos</span> <span class='ocrx_word' id='word_1_256' title='bbox 1194 1741 1369 1810; x_wconf 82' lang='lat' dir='ltr'>genui</span> <span class='ocrx_word' id='word_1_257' title='bbox 1396 1740 1486 1811; x_wconf 78' lang='grc' dir='ltr'>(ε).</span> <span class='ocrx_word' id='word_1_258' title='bbox 1511 1762 1539 1790; x_wconf 85' lang='grc'><strong>››</strong></span> <span class='ocrx_word' id='word_1_259' title='bbox 1564 1742 1882 1812; x_wconf 90' lang='lat' dir='ltr'>Pr0pterea</span> <span class='ocrx_word' id='word_1_260' title='bbox 1906 1762 1933 1790; x_wconf 74' lang='grc' dir='ltr'>ιι</span> <span class='ocrx_word' id='word_1_261' title='bbox 1952 1756 2054 1794; x_wconf 76' lang='lat' dir='ltr'>nor</span> 
     </span>
    </p>
   </div>
   <div class='ocr_carea' id='block_1_35' title="bbox 2167 1729 3807 1834">
    <p class='ocr_par' dir='ltr' id='par_1_35' title="bbox 2189 1729 3807 1815">
     <span class='ocr_line' id='line_1_35' title="bbox 2189 1729 3807 1815; baseline 0.004 -26"><span class='ocrx_word' id='word_1_262' title='bbox 2189 1737 2346 1804; x_wconf 77' lang='grc' dir='ltr'>Θεοῦ,</span> <span class='ocrx_word' id='word_1_263' title='bbox 2375 1758 2403 1786; x_wconf 86' lang='grc'><strong>››</strong></span> <span class='ocrx_word' id='word_1_264' title='bbox 2436 1735 2464 1789; x_wconf 85' lang='grc' dir='ltr'>ὁ</span> <span class='ocrx_word' id='word_1_265' title='bbox 2495 1729 2693 1808; x_wconf 76' lang='grc' dir='ltr'>ἄγονος</span> <span class='ocrx_word' id='word_1_266' title='bbox 2721 1733 2812 1789; x_wconf 82' lang='grc' dir='ltr'>καὶ</span> <span class='ocrx_word' id='word_1_267' title='bbox 2842 1730 3086 1809; x_wconf 75' lang='grc' dir='ltr'>ἄκαρπος</span> <span class='ocrx_word' id='word_1_268' title='bbox 3115 1735 3206 1790; x_wconf 86' lang='grc' dir='ltr'>καὶ</span> <span class='ocrx_word' id='word_1_269' title='bbox 3236 1736 3492 1810; x_wconf 82' lang='grc' dir='ltr'>πολιτείᾳ</span> <span class='ocrx_word' id='word_1_270' title='bbox 3521 1740 3613 1793; x_wconf 84' lang='grc' dir='ltr'>καὶ</span> <span class='ocrx_word' id='word_1_271' title='bbox 3659 1739 3807 1815; x_wconf 68' lang='grc' dir='ltr'>λόγῳ*</span> 
     </span>
    </p>
   </div>
   <div class='ocr_carea' id='block_1_36' title="bbox 418 1821 2054 1901">
    <p class='ocr_par' dir='ltr' id='par_1_36' title="bbox 418 1826 2047 1901">
     <span class='ocr_line' id='line_1_36' title="bbox 418 1826 2047 1901; baseline 0.002 -21"><span class='ocrx_word' id='word_1_272' title='bbox 418 1826 789 1899; x_wconf 78' lang='lat' dir='ltr'>ingrediatur</span> <span class='ocrx_word' id='word_1_273' title='bbox 810 1829 1123 1884; x_wconf 91' lang='lat' dir='ltr'>eunuchus</span> <span class='ocrx_word' id='word_1_274' title='bbox 1141 1829 1202 1884; x_wconf 89' lang='lat' dir='ltr'>in</span> <span class='ocrx_word' id='word_1_275' title='bbox 1219 1829 1544 1885; x_wconf 88' lang='lat' dir='ltr'>Ecclesiam</span> <span class='ocrx_word' id='word_1_276' title='bbox 1568 1828 1665 1884; x_wconf 89' lang='lat' dir='ltr'>Dei</span> <span class='ocrx_word' id='word_1_277' title='bbox 1693 1830 1793 1901; x_wconf 75' lang='grc' dir='ltr'>(ἀ),</span> <span class='ocrx_word' id='word_1_278' title='bbox 1811 1851 1841 1880; x_wconf 88' lang='grc'>››</span> <span class='ocrx_word' id='word_1_279' title='bbox 1865 1829 1963 1900; x_wconf 89' lang='lat' dir='ltr'>qui</span> <span class='ocrx_word' id='word_1_280' title='bbox 1985 1844 2047 1883; x_wconf 90' lang='lat' dir='ltr'>es</span> 
     </span>
    </p>
   </div>
   <div class='ocr_carea' id='block_1_37' title="bbox 2167 1821 3813 1901">
    <p class='ocr_par' dir='ltr' id='par_1_37' title="bbox 2184 1821 3813 1899">
     <span class='ocr_line' id='line_1_37' title="bbox 2184 1821 3813 1899; baseline 0.004 -21"><span class='ocrx_word' id='word_1_281' title='bbox 2184 1822 2310 1879; x_wconf 81' lang='grc' dir='ltr'>ἀλλ’</span> <span class='ocrx_word' id='word_1_282' title='bbox 2347 1844 2370 1875; x_wconf 75' lang='grc' dir='ltr'>ι</span> <span class='ocrx_word' id='word_1_283' title='bbox 2403 1824 2455 1878; x_wconf 80' lang='grc' dir='ltr'>οἱ</span> <span class='ocrx_word' id='word_1_284' title='bbox 2490 1847 2517 1874; x_wconf 84' lang='grc'><strong>››</strong></span> <span class='ocrx_word' id='word_1_285' title='bbox 2552 1823 2647 1895; x_wconf 76' lang='grc' dir='ltr'>μὶν</span> <span class='ocrx_word' id='word_1_286' title='bbox 2676 1847 2705 1874; x_wconf 90' lang='grc'>‹‹</span> <span class='ocrx_word' id='word_1_287' title='bbox 2739 1821 3149 1899; x_wconf 77' lang='grc' dir='ltr'>εὖνουχίσαντες</span> <span class='ocrx_word' id='word_1_288' title='bbox 3180 1825 3400 1889; x_wconf 71' lang='grc' dir='ltr'>ἑαυτοὺς</span> <span class='ocrx_word' id='word_1_289' title='bbox 3434 1850 3463 1878; x_wconf 71' lang='grc' dir='ltr'>ι»</span> <span class='ocrx_word' id='word_1_290' title='bbox 3524 1828 3630 1883; x_wconf 81' lang='grc' dir='ltr'>ἀπὸ</span> <span class='ocrx_word' id='word_1_291' title='bbox 3656 1831 3813 1899; x_wconf 76' lang='grc' dir='ltr'>πάσης</span> 
     </span>
    </p>
   </div>
   <div class='ocr_carea' id='block_1_38' title="bbox 418 1916 2071 1986">
    <p class='ocr_par' dir='ltr' id='par_1_38' title="bbox 418 1916 2071 1986">
     <span class='ocr_line' id='line_1_38' title="bbox 418 1916 2071 1986; baseline 0.001 -15"><span class='ocrx_word' id='word_1_292' title='bbox 418 1916 662 1986; x_wconf 87' lang='lat' dir='ltr'>sterilis,</span> <span class='ocrx_word' id='word_1_293' title='bbox 695 1923 754 1973; x_wconf 90' lang='lat' dir='ltr'>et</span> <span class='ocrx_word' id='word_1_294' title='bbox 775 1935 895 1973; x_wconf 90' lang='lat' dir='ltr'>non</span> <span class='ocrx_word' id='word_1_295' title='bbox 921 1918 1037 1973; x_wconf 85' lang='lat' dir='ltr'>fert</span> <span class='ocrx_word' id='word_1_296' title='bbox 1056 1918 1335 1986; x_wconf 87' lang='lat' dir='ltr'>fructum,</span> <span class='ocrx_word' id='word_1_297' title='bbox 1370 1935 1480 1973; x_wconf 90' lang='lat' dir='ltr'>nec</span> <span class='ocrx_word' id='word_1_298' title='bbox 1509 1919 1640 1973; x_wconf 75' lang='lat' dir='ltr'>vitaa</span> <span class='ocrx_word' id='word_1_299' title='bbox 1673 1919 2071 1986; x_wconf 89' lang='lat' dir='ltr'>institutione,</span> 
     </span>
    </p>
   </div>
   <div class='ocr_carea' id='block_1_39' title="bbox 418 2006 2073 2078">
    <p class='ocr_par' dir='ltr' id='par_1_39' title="bbox 418 2006 2073 2078">
     <span class='ocr_line' id='line_1_39' title="bbox 418 2006 2073 2078; baseline -0.001 -18"><span class='ocrx_word' id='word_1_300' title='bbox 418 2021 529 2060; x_wconf 91' lang='lat' dir='ltr'>nec</span> <span class='ocrx_word' id='word_1_301' title='bbox 563 2021 858 2062; x_wconf 89' lang='lat' dir='ltr'>sermone.</span> <span class='ocrx_word' id='word_1_302' title='bbox 894 2006 1007 2062; x_wconf 91' lang='lat' dir='ltr'>Sed</span> <span class='ocrx_word' id='word_1_303' title='bbox 1032 2027 1057 2059; x_wconf 77' lang='grc' dir='ltr'>ι</span> <span class='ocrx_word' id='word_1_304' title='bbox 1083 2007 1183 2078; x_wconf 91' lang='lat' dir='ltr'>qui</span> <span class='ocrx_word' id='word_1_305' title='bbox 1209 2024 1271 2062; x_wconf 92' lang='lat' dir='ltr'>se</span> <span class='ocrx_word' id='word_1_306' title='bbox 1300 2032 1318 2056; x_wconf 85' lang='lat'><strong><em>-</em></strong></span> <span class='ocrx_word' id='word_1_307' title='bbox 1352 2007 1594 2078; x_wconf 89' lang='lat' dir='ltr'>quidem</span> <span class='ocrx_word' id='word_1_308' title='bbox 1627 2029 1654 2056; x_wconf 86' lang='lat'>«</span> <span class='ocrx_word' id='word_1_309' title='bbox 1676 2012 2015 2062; x_wconf 90' lang='lat' dir='ltr'>castrarunt</span> <span class='ocrx_word' id='word_1_310' title='bbox 2044 2027 2073 2056; x_wconf 86' lang='grc'><strong>››</strong></span> 
     </span>
    </p>
   </div>
   <div class='ocr_carea' id='block_1_40' title="bbox 2154 1909 3816 1995">
    <p class='ocr_par' dir='ltr' id='par_1_40' title="bbox 2154 1909 3816 1995">
     <span class='ocr_line' id='line_1_40' title="bbox 2154 1909 3816 1995; baseline 0.003 -27"><span class='ocrx_word' id='word_1_311' title='bbox 2154 1911 2452 1995; x_wconf 76' lang='grc' dir='ltr'>Δἁμαρτίας</span> <span class='ocrx_word' id='word_1_312' title='bbox 2479 1936 2508 1963; x_wconf 89' lang='grc'>‹‹</span> <span class='ocrx_word' id='word_1_313' title='bbox 2543 1909 2634 1966; x_wconf 79' lang='grc' dir='ltr'>διὰ</span> <span class='ocrx_word' id='word_1_314' title='bbox 2660 1912 2763 1981; x_wconf 78' lang='grc' dir='ltr'>τὴν</span> <span class='ocrx_word' id='word_1_315' title='bbox 2804 1911 3085 1988; x_wconf 83' lang='grc' dir='ltr'>βασιλείαν</span> <span class='ocrx_word' id='word_1_316' title='bbox 3133 1915 3242 1969; x_wconf 81' lang='grc' dir='ltr'>τῶν</span> <span class='ocrx_word' id='word_1_317' title='bbox 3284 1916 3562 1991; x_wconf 81' lang='grc' dir='ltr'>οὐρανῶν,</span> <span class='ocrx_word' id='word_1_318' title='bbox 3591 1939 3621 1969; x_wconf 69' lang='grc' dir='ltr'>ιο</span> <span class='ocrx_word' id='word_1_319' title='bbox 3658 1917 3816 1990; x_wconf 80' lang='grc' dir='ltr'>μακά-</span> 
     </span>
    </p>
   </div>
   <div class='ocr_carea' id='block_1_41' title="bbox 2185 1999 3537 2075">
    <p class='ocr_par' dir='ltr' id='par_1_41' title="bbox 2185 1999 3537 2075">
     <span class='ocr_line' id='line_1_41' title="bbox 2185 1999 3537 2075; baseline 0.004 -18"><span class='ocrx_word' id='word_1_320' title='bbox 2185 2014 2292 2075; x_wconf 86' lang='grc' dir='ltr'>ριοι</span> <span class='ocrx_word' id='word_1_321' title='bbox 2327 2002 2476 2057; x_wconf 78' lang='grc' dir='ltr'>οὗτοι</span> <span class='ocrx_word' id='word_1_322' title='bbox 2511 1999 2668 2067; x_wconf 70' lang='grc' dir='ltr'>εἰσιν,</span> <span class='ocrx_word' id='word_1_323' title='bbox 2700 2001 2753 2055; x_wconf 73' lang='grc' dir='ltr'>οἱ</span> <span class='ocrx_word' id='word_1_324' title='bbox 2781 2005 2880 2056; x_wconf 77' lang='grc' dir='ltr'>τοῦ</span> <span class='ocrx_word' id='word_1_325' title='bbox 2909 2001 3120 2075; x_wconf 82' lang='grc' dir='ltr'>κόσμου</span> <span class='ocrx_word' id='word_1_326' title='bbox 3150 2003 3537 2073; x_wconf 79' lang='grc' dir='ltr'>νηστεύοντες.</span> 
     </span>
    </p>
   </div>
   <div class='ocr_carea' id='block_1_42' title="bbox 418 2091 3299 2167">
    <p class='ocr_par' dir='ltr' id='par_1_42' title="bbox 418 2091 3299 2167">
     <span class='ocr_line' id='line_1_42' title="bbox 418 2091 3299 2167; baseline 0 -20"><span class='ocrx_word' id='word_1_327' title='bbox 418 2093 491 2148; x_wconf 91' lang='lat' dir='ltr'>ab</span> <span class='ocrx_word' id='word_1_328' title='bbox 526 2095 689 2149; x_wconf 91' lang='lat' dir='ltr'>omni</span> <span class='ocrx_word' id='word_1_329' title='bbox 720 2100 961 2167; x_wconf 89' lang='lat' dir='ltr'>peccato</span> <span class='ocrx_word' id='word_1_330' title='bbox 990 2117 1017 2145; x_wconf 88' lang='grc'><strong>‹‹</strong></span> <span class='ocrx_word' id='word_1_331' title='bbox 1053 2101 1296 2167; x_wconf 88' lang='lat' dir='ltr'>propter</span> <span class='ocrx_word' id='word_1_332' title='bbox 1325 2111 1574 2167; x_wconf 89' lang='lat' dir='ltr'>regnum</span> <span class='ocrx_word' id='word_1_333' title='bbox 1606 2095 1890 2151; x_wconf 67' lang='lat' dir='ltr'>caelorum</span> <span class='ocrx_word' id='word_1_334' title='bbox 1913 2095 2002 2166; x_wconf 86' lang='lat' dir='ltr'>(e),</span> <span class='ocrx_word' id='word_1_335' title='bbox 2039 2116 2067 2144; x_wconf 90' lang='grc'>››</span> <span class='ocrx_word' id='word_1_336' title='bbox 2094 2094 2135 2149; x_wconf 93' lang='lat' dir='ltr'>ii</span> <span class='ocrx_word' id='word_1_337' title='bbox 2169 2098 2310 2149; x_wconf 88' lang='lat' dir='ltr'>sunt</span> <span class='ocrx_word' id='word_1_338' title='bbox 2338 2092 2519 2159; x_wconf 85' lang='lat' dir='ltr'>beati,</span> <span class='ocrx_word' id='word_1_339' title='bbox 2551 2092 2653 2163; x_wconf 87' lang='lat' dir='ltr'>qui</span> <span class='ocrx_word' id='word_1_340' title='bbox 2683 2107 2718 2147; x_wconf 90' lang='lat' dir='ltr'>a</span> <span class='ocrx_word' id='word_1_341' title='bbox 2747 2091 2972 2147; x_wconf 90' lang='lat' dir='ltr'>mundo</span> <span class='ocrx_word' id='word_1_342' title='bbox 2995 2093 3299 2165; x_wconf 89' lang='lat' dir='ltr'>jejunant.</span> 
     </span>
    </p>
   </div>
   <div class='ocr_carea' id='block_1_43' title="bbox 1914 2240 2342 2296">
    <p class='ocr_par' dir='ltr' id='par_1_43' title="bbox 1914 2240 2342 2296">
     <span class='ocr_line' id='line_1_43' title="bbox 1914 2240 2342 2296; baseline -0.007 0"><span class='ocrx_word' id='word_1_343' title='bbox 1914 2240 2145 2296; x_wconf 81' lang='lat' dir='ltr'>CAPUT</span> <span class='ocrx_word' id='word_1_344' title='bbox 2181 2240 2305 2294; x_wconf 83' lang='lat' dir='ltr'>XVI</span> <span class='ocrx_word' id='word_1_345' title='bbox 2328 2282 2342 2294; x_wconf 92' lang='lat'>.</span> 
     </span>
    </p>
   </div>
   <div class='ocr_carea' id='block_1_44' title="bbox 1133 2336 3116 2409">
    <p class='ocr_par' dir='ltr' id='par_1_44' title="bbox 1133 2336 3116 2409">
     <span class='ocr_line' id='line_1_44' title="bbox 1133 2336 3116 2409; baseline 0.002 -18"><span class='ocrx_word' id='word_1_346' title='bbox 1133 2339 1331 2393; x_wconf 85' lang='lat' dir='ltr'>Jerem.</span> <span class='ocrx_word' id='word_1_347' title='bbox 1364 2336 1600 2405; x_wconf 69' lang='lat' dir='ltr'>xx,&#39;44;</span> <span class='ocrx_word' id='word_1_348' title='bbox 1632 2339 1754 2392; x_wconf 86' lang='lat' dir='ltr'>Job.</span> <span class='ocrx_word' id='word_1_349' title='bbox 1788 2354 1901 2405; x_wconf 84' lang='lat' dir='ltr'>xiv,</span> <span class='ocrx_word' id='word_1_350' title='bbox 1928 2340 1994 2405; x_wconf 86' lang='lat'><strong>3;</strong></span> <span class='ocrx_word' id='word_1_351' title='bbox 2026 2336 2174 2393; x_wconf 82' lang='lat' dir='ltr'>Psal.</span> <span class='ocrx_word' id='word_1_352' title='bbox 2216 2354 2268 2392; x_wconf 88' lang='lat' dir='ltr'>L.</span> <span class='ocrx_word' id='word_1_353' title='bbox 2302 2340 2372 2404; x_wconf 82' lang='lat'>5;</span> <span class='ocrx_word' id='word_1_354' title='bbox 2420 2338 2453 2391; x_wconf 92' lang='grc' dir='ltr'><em>Ι</em></span> <span class='ocrx_word' id='word_1_355' title='bbox 2478 2338 2600 2392; x_wconf 83' lang='lat' dir='ltr'>Cor.</span> <span class='ocrx_word' id='word_1_356' title='bbox 2634 2354 2710 2401; x_wconf 81' lang='lat' dir='ltr'>ix,</span> <span class='ocrx_word' id='word_1_357' title='bbox 2742 2337 2835 2405; x_wconf 84' lang='lat'>27,</span> <span class='ocrx_word' id='word_1_358' title='bbox 2868 2339 3116 2409; x_wconf 70' lang='lat' dir='ltr'>exponit.</span> 
     </span>
    </p>
   </div>
   <div class='ocr_carea' id='block_1_45' title="bbox 487 2460 2067 2533">
    <p class='ocr_par' dir='ltr' id='par_1_45' title="bbox 487 2460 2067 2533">
     <span class='ocr_line' id='line_1_45' title="bbox 487 2460 2067 2533; baseline 0.001 -18"><span class='ocrx_word' id='word_1_359' title='bbox 487 2482 517 2510; x_wconf 88' lang='lat'><strong>«</strong></span> <span class='ocrx_word' id='word_1_360' title='bbox 541 2460 915 2517; x_wconf 87' lang='lat' dir='ltr'>Exsecranda</span> <span class='ocrx_word' id='word_1_361' title='bbox 947 2482 974 2510; x_wconf 88' lang='grc'><strong>››</strong></span> <span class='ocrx_word' id='word_1_362' title='bbox 1007 2466 1207 2517; x_wconf 88' lang='lat' dir='ltr'>autem</span> <span class='ocrx_word' id='word_1_363' title='bbox 1240 2484 1268 2512; x_wconf 85' lang='lat'><strong>«</strong></span> <span class='ocrx_word' id='word_1_364' title='bbox 1302 2462 1430 2517; x_wconf 92' lang='lat' dir='ltr'>dies</span> <span class='ocrx_word' id='word_1_365' title='bbox 1460 2462 1523 2516; x_wconf 91' lang='lat' dir='ltr'>in</span> <span class='ocrx_word' id='word_1_366' title='bbox 1555 2478 1672 2533; x_wconf 90' lang='lat' dir='ltr'>qua</span> <span class='ocrx_word' id='word_1_367' title='bbox 1702 2468 1876 2517; x_wconf 91' lang='lat' dir='ltr'>natus</span> <span class='ocrx_word' id='word_1_368' title='bbox 1914 2479 2067 2530; x_wconf 91' lang='lat' dir='ltr'>sum,</span> 
     </span>
    </p>
   </div>
   <div class='ocr_carea' id='block_1_46' title="bbox 416 2550 2070 2622">
    <p class='ocr_par' dir='ltr' id='par_1_46' title="bbox 416 2550 2070 2622">
     <span class='ocr_line' id='line_1_46' title="bbox 416 2550 2070 2622; baseline 0.001 -17"><span class='ocrx_word' id='word_1_369' title='bbox 416 2554 477 2605; x_wconf 89' lang='lat' dir='ltr'>et</span> <span class='ocrx_word' id='word_1_370' title='bbox 504 2554 571 2603; x_wconf 91' lang='lat' dir='ltr'>ut</span> <span class='ocrx_word' id='word_1_371' title='bbox 597 2565 717 2604; x_wconf 93' lang='lat' dir='ltr'>non</span> <span class='ocrx_word' id='word_1_372' title='bbox 743 2551 820 2604; x_wconf 92' lang='lat' dir='ltr'>sit</span> <span class='ocrx_word' id='word_1_373' title='bbox 847 2550 1106 2621; x_wconf 89' lang='lat' dir='ltr'>optanda</span> <span class='ocrx_word' id='word_1_374' title='bbox 1144 2554 1236 2620; x_wconf 86' lang='lat' dir='ltr'>(f),</span> <span class='ocrx_word' id='word_1_375' title='bbox 1274 2574 1301 2600; x_wconf 76' lang='grc' dir='ltr'>υ</span> <span class='ocrx_word' id='word_1_376' title='bbox 1347 2551 1541 2622; x_wconf 90' lang='lat' dir='ltr'>inquit</span> <span class='ocrx_word' id='word_1_377' title='bbox 1589 2552 1911 2607; x_wconf 85' lang='lat' dir='ltr'>Jeremias:</span> <span class='ocrx_word' id='word_1_378' title='bbox 1948 2567 2070 2607; x_wconf 91' lang='lat' dir='ltr'>non</span> 
     </span>
    </p>
   </div>
   <div class='ocr_carea' id='block_1_47' title="bbox 412 2637 2065 2712">
    <p class='ocr_par' dir='ltr' id='par_1_47' title="bbox 412 2637 2065 2712">
     <span class='ocr_line' id='line_1_47' title="bbox 412 2637 2065 2712; baseline 0.002 -20"><span class='ocrx_word' id='word_1_379' title='bbox 412 2637 682 2693; x_wconf 89' lang='lat' dir='ltr'>absolute</span> <span class='ocrx_word' id='word_1_380' title='bbox 696 2639 1119 2695; x_wconf 88' lang='lat' dir='ltr'>exsecrandam</span> <span class='ocrx_word' id='word_1_381' title='bbox 1134 2640 1337 2695; x_wconf 90' lang='lat' dir='ltr'>dicens</span> <span class='ocrx_word' id='word_1_382' title='bbox 1358 2641 1824 2712; x_wconf 88' lang='lat' dir='ltr'>generationem,</span> <span class='ocrx_word' id='word_1_383' title='bbox 1844 2640 1949 2695; x_wconf 92' lang='lat' dir='ltr'>sed</span> <span class='ocrx_word' id='word_1_384' title='bbox 1962 2657 2065 2712; x_wconf 85' lang='lat' dir='ltr'>po-</span> 
     </span>
    </p>
   </div>
   <div class='ocr_carea' id='block_1_48' title="bbox 411 2726 2066 2802">
    <p class='ocr_par' dir='ltr' id='par_1_48' title="bbox 411 2726 2066 2802">
     <span class='ocr_line' id='line_1_48' title="bbox 411 2726 2066 2802; baseline 0.002 -22"><span class='ocrx_word' id='word_1_385' title='bbox 411 2726 538 2798; x_wconf 90' lang='lat' dir='ltr'>puli</span> <span class='ocrx_word' id='word_1_386' title='bbox 562 2734 803 2798; x_wconf 90' lang='lat' dir='ltr'>peccata</span> <span class='ocrx_word' id='word_1_387' title='bbox 824 2746 977 2802; x_wconf 80' lang='lat' dir='ltr'>aegre</span> <span class='ocrx_word' id='word_1_388' title='bbox 998 2728 1197 2783; x_wconf 86' lang='lat' dir='ltr'>ferens</span> <span class='ocrx_word' id='word_1_389' title='bbox 1220 2735 1279 2783; x_wconf 89' lang='lat' dir='ltr'>et</span> <span class='ocrx_word' id='word_1_390' title='bbox 1298 2729 1785 2785; x_wconf 90' lang='lat' dir='ltr'>inobedientiam.</span> <span class='ocrx_word' id='word_1_391' title='bbox 1813 2729 2066 2801; x_wconf 88' lang='lat' dir='ltr'>Subjun-</span> 
     </span>
    </p>
   </div>
   <div class='ocr_carea' id='block_1_49' title="bbox 411 2815 2067 2888">
    <p class='ocr_par' dir='ltr' id='par_1_49' title="bbox 411 2815 2067 2888">
     <span class='ocr_line' id='line_1_49' title="bbox 411 2815 2067 2888; baseline 0.003 -19"><span class='ocrx_word' id='word_1_392' title='bbox 411 2815 500 2887; x_wconf 84' lang='lat' dir='ltr'>git</span> <span class='ocrx_word' id='word_1_393' title='bbox 526 2815 728 2888; x_wconf 86' lang='lat' dir='ltr'>itaque</span> <span class='ocrx_word' id='word_1_394' title='bbox 764 2834 777 2873; x_wconf 91' lang='lat'><strong>:</strong></span> <span class='ocrx_word' id='word_1_395' title='bbox 817 2837 839 2865; x_wconf 81' lang='grc' dir='ltr'>ι</span> <span class='ocrx_word' id='word_1_396' title='bbox 869 2818 986 2873; x_wconf 90' lang='lat' dir='ltr'>Cur</span> <span class='ocrx_word' id='word_1_397' title='bbox 1016 2818 1176 2873; x_wconf 91' lang='lat' dir='ltr'>enim</span> <span class='ocrx_word' id='word_1_398' title='bbox 1226 2824 1401 2873; x_wconf 90' lang='lat' dir='ltr'>natus</span> <span class='ocrx_word' id='word_1_399' title='bbox 1434 2836 1565 2873; x_wconf 91' lang='lat' dir='ltr'>sum</span> <span class='ocrx_word' id='word_1_400' title='bbox 1596 2825 1662 2873; x_wconf 90' lang='lat' dir='ltr'>ut</span> <span class='ocrx_word' id='word_1_401' title='bbox 1687 2818 1946 2874; x_wconf 89' lang='lat' dir='ltr'>viderem</span> <span class='ocrx_word' id='word_1_402' title='bbox 1980 2818 2067 2874; x_wconf 87' lang='lat' dir='ltr'>la-</span> 
     </span>
    </p>
   </div>
   <div class='ocr_carea' id='block_1_50' title="bbox 410 2903 2066 2980">
    <p class='ocr_par' dir='ltr' id='par_1_50' title="bbox 410 2903 2066 2980">
     <span class='ocr_line' id='line_1_50' title="bbox 410 2903 2066 2980; baseline 0.001 -21"><span class='ocrx_word' id='word_1_403' title='bbox 410 2903 585 2961; x_wconf 89' lang='lat' dir='ltr'>bores</span> <span class='ocrx_word' id='word_1_404' title='bbox 607 2913 665 2961; x_wconf 90' lang='lat' dir='ltr'>et</span> <span class='ocrx_word' id='word_1_405' title='bbox 682 2906 938 2973; x_wconf 90' lang='lat' dir='ltr'>dolores,</span> <span class='ocrx_word' id='word_1_406' title='bbox 968 2908 1108 2963; x_wconf 91' lang='lat' dir='ltr'>etin</span> <span class='ocrx_word' id='word_1_407' title='bbox 1130 2912 1416 2980; x_wconf 89' lang='lat' dir='ltr'>perpetuo</span> <span class='ocrx_word' id='word_1_408' title='bbox 1438 2908 1656 2980; x_wconf 90' lang='lat' dir='ltr'>probro</span> <span class='ocrx_word' id='word_1_409' title='bbox 1676 2908 1919 2963; x_wconf 89' lang='lat' dir='ltr'>fuerunt</span> <span class='ocrx_word' id='word_1_410' title='bbox 1939 2908 2066 2963; x_wconf 91' lang='lat' dir='ltr'>dies</span> 
     </span>
    </p>
   </div>
   <div class='ocr_carea' id='block_1_51' title="bbox 413 2996 2068 3069">
    <p class='ocr_par' dir='ltr' id='par_1_51' title="bbox 413 2996 2068 3069">
     <span class='ocr_line' id='line_1_51' title="bbox 413 2996 2068 3069; baseline 0.001 -19"><span class='ocrx_word' id='word_1_411' title='bbox 413 2997 533 3052; x_wconf 91' lang='lat' dir='ltr'>mei</span> <span class='ocrx_word' id='word_1_412' title='bbox 553 2996 670 3067; x_wconf 82' lang='lat' dir='ltr'>(g)?</span> <span class='ocrx_word' id='word_1_413' title='bbox 695 3020 714 3046; x_wconf 74' lang='grc' dir='ltr'>ι</span> <span class='ocrx_word' id='word_1_414' title='bbox 744 2998 897 3063; x_wconf 89' lang='lat' dir='ltr'>Quin</span> <span class='ocrx_word' id='word_1_415' title='bbox 921 2998 1101 3053; x_wconf 91' lang='lat' dir='ltr'>etiam</span> <span class='ocrx_word' id='word_1_416' title='bbox 1124 3014 1353 3066; x_wconf 89' lang='lat' dir='ltr'>omnes,</span> <span class='ocrx_word' id='word_1_417' title='bbox 1378 2999 1479 3069; x_wconf 91' lang='lat' dir='ltr'>qui</span> <span class='ocrx_word' id='word_1_418' title='bbox 1498 2998 1904 3069; x_wconf 63' lang='lat' dir='ltr'>praedicabant</span> <span class='ocrx_word' id='word_1_419' title='bbox 1923 2997 2068 3053; x_wconf 92' lang='lat' dir='ltr'>veri-</span> 
     </span>
    </p>
   </div>
   <div class='ocr_carea' id='block_1_52' title="bbox 413 3088 2061 3159">
    <p class='ocr_par' dir='ltr' id='par_1_52' title="bbox 413 3088 2061 3159">
     <span class='ocr_line' id='line_1_52' title="bbox 413 3088 2061 3159; baseline 0.001 -18"><span class='ocrx_word' id='word_1_420' title='bbox 413 3090 596 3142; x_wconf 86' lang='lat' dir='ltr'>tatem</span> <span class='ocrx_word' id='word_1_421' title='bbox 636 3094 881 3159; x_wconf 88' lang='lat' dir='ltr'>propter</span> <span class='ocrx_word' id='word_1_422' title='bbox 911 3104 1139 3155; x_wconf 90' lang='lat' dir='ltr'>eorum,</span> <span class='ocrx_word' id='word_1_423' title='bbox 1181 3089 1281 3159; x_wconf 91' lang='lat' dir='ltr'>qui</span> <span class='ocrx_word' id='word_1_424' title='bbox 1334 3088 1677 3156; x_wconf 89' lang='lat' dir='ltr'>audiebant,</span> <span class='ocrx_word' id='word_1_425' title='bbox 1715 3088 2061 3143; x_wconf 88' lang='lat' dir='ltr'>inobedien-</span> 
     </span>
    </p>
   </div>
   <div class='ocr_carea' id='block_1_53' title="bbox 406 3174 2056 3249">
    <p class='ocr_par' dir='ltr' id='par_1_53' title="bbox 406 3174 2056 3249">
     <span class='ocr_line' id='line_1_53' title="bbox 406 3174 2056 3249; baseline 0.002 -21"><span class='ocrx_word' id='word_1_426' title='bbox 406 3174 572 3245; x_wconf 91' lang='lat' dir='ltr'>tiam,</span> <span class='ocrx_word' id='word_1_427' title='bbox 596 3177 1016 3246; x_wconf 69' lang='lat' dir='ltr'>quaarebantur</span> <span class='ocrx_word' id='word_1_428' title='bbox 1034 3177 1109 3233; x_wconf 90' lang='lat' dir='ltr'>ad</span> <span class='ocrx_word' id='word_1_429' title='bbox 1132 3193 1387 3249; x_wconf 65' lang='lat' dir='ltr'>poenam,</span> <span class='ocrx_word' id='word_1_430' title='bbox 1416 3182 1476 3232; x_wconf 92' lang='lat' dir='ltr'>et</span> <span class='ocrx_word' id='word_1_431' title='bbox 1495 3177 1808 3232; x_wconf 87' lang='lat' dir='ltr'>veniebant</span> <span class='ocrx_word' id='word_1_432' title='bbox 1824 3178 1885 3231; x_wconf 90' lang='lat' dir='ltr'>in</span> <span class='ocrx_word' id='word_1_433' title='bbox 1901 3177 2056 3248; x_wconf 92' lang='lat' dir='ltr'>peri-</span> 
     </span>
    </p>
   </div>
   <div class='ocr_carea' id='block_1_54' title="bbox 405 3264 2057 3322">
    <p class='ocr_par' dir='ltr' id='par_1_54' title="bbox 405 3264 2057 3322">
     <span class='ocr_line' id='line_1_54' title="bbox 405 3264 2057 3322; baseline 0.002 -4"><span class='ocrx_word' id='word_1_434' title='bbox 405 3264 626 3321; x_wconf 90' lang='lat' dir='ltr'>culum.</span> <span class='ocrx_word' id='word_1_435' title='bbox 656 3289 685 3318; x_wconf 87' lang='grc'><em>‹‹</em></span> <span class='ocrx_word' id='word_1_436' title='bbox 719 3269 835 3322; x_wconf 91' lang='lat' dir='ltr'>Cur</span> <span class='ocrx_word' id='word_1_437' title='bbox 854 3268 1017 3322; x_wconf 90' lang='lat' dir='ltr'>enim</span> <span class='ocrx_word' id='word_1_438' title='bbox 1049 3283 1172 3322; x_wconf 90' lang='lat' dir='ltr'>non</span> <span class='ocrx_word' id='word_1_439' title='bbox 1201 3266 1314 3322; x_wconf 90' lang='lat' dir='ltr'>fuit</span> <span class='ocrx_word' id='word_1_440' title='bbox 1334 3273 1538 3322; x_wconf 85' lang='lat' dir='ltr'>uterus</span> <span class='ocrx_word' id='word_1_441' title='bbox 1558 3267 1764 3322; x_wconf 89' lang='lat' dir='ltr'>matris</span> <span class='ocrx_word' id='word_1_442' title='bbox 1786 3283 1933 3321; x_wconf 77' lang='lat' dir='ltr'>meae</span> <span class='ocrx_word' id='word_1_443' title='bbox 1966 3282 2057 3321; x_wconf 87' lang='lat' dir='ltr'>se-</span> 
     </span>
    </p>
   </div>
   <div class='ocr_carea' id='block_1_55' title="bbox 403 3354 2055 3424">
    <p class='ocr_par' dir='ltr' id='par_1_55' title="bbox 403 3354 2055 3424">
     <span class='ocr_line' id='line_1_55' title="bbox 403 3354 2055 3424; baseline 0.001 -16"><span class='ocrx_word' id='word_1_444' title='bbox 403 3354 697 3424; x_wconf 89' lang='lat' dir='ltr'>pulcrum,</span> <span class='ocrx_word' id='word_1_445' title='bbox 723 3373 797 3412; x_wconf 91' lang='lat' dir='ltr'>ne</span> <span class='ocrx_word' id='word_1_446' title='bbox 821 3357 1080 3413; x_wconf 84' lang='lat' dir='ltr'>viderem</span> <span class='ocrx_word' id='word_1_447' title='bbox 1102 3357 1489 3412; x_wconf 79' lang='lat' dir='ltr'>afflictionem</span> <span class='ocrx_word' id='word_1_448' title='bbox 1510 3356 1685 3411; x_wconf 86' lang='lat' dir='ltr'>Jacob</span> <span class='ocrx_word' id='word_1_449' title='bbox 1704 3362 1762 3410; x_wconf 90' lang='lat' dir='ltr'>et</span> <span class='ocrx_word' id='word_1_450' title='bbox 1790 3356 2055 3411; x_wconf 89' lang='lat' dir='ltr'>laborem</span> 
     </span>
    </p>
   </div>
   <div class='ocr_carea' id='block_1_56' title="bbox 401 3447 2059 3519">
    <p class='ocr_par' dir='ltr' id='par_1_56' title="bbox 401 3447 2059 3519">
     <span class='ocr_line' id='line_1_56' title="bbox 401 3447 2059 3519; baseline -0.001 -16"><span class='ocrx_word' id='word_1_451' title='bbox 401 3447 636 3519; x_wconf 81' lang='lat' dir='ltr'>generis</span> <span class='ocrx_word' id='word_1_452' title='bbox 656 3448 970 3519; x_wconf 84' lang='lat' dir='ltr'>Israel(h)?</span> <span class='ocrx_word' id='word_1_453' title='bbox 993 3470 1019 3497; x_wconf 88' lang='grc'><strong>››</strong></span> <span class='ocrx_word' id='word_1_454' title='bbox 1038 3449 1122 3503; x_wconf 90' lang='lat' dir='ltr'>ait</span> <span class='ocrx_word' id='word_1_455' title='bbox 1142 3447 1357 3503; x_wconf 88' lang='lat' dir='ltr'>Esdras</span> <span class='ocrx_word' id='word_1_456' title='bbox 1371 3448 1680 3519; x_wconf 89' lang='lat' dir='ltr'>propheta.</span> <span class='ocrx_word' id='word_1_457' title='bbox 1703 3469 1731 3497; x_wconf 85' lang='lat'><strong><em>«</em></strong></span> <span class='ocrx_word' id='word_1_458' title='bbox 1746 3447 1954 3502; x_wconf 86' lang='lat' dir='ltr'>Nullus</span> <span class='ocrx_word' id='word_1_459' title='bbox 1969 3450 2059 3501; x_wconf 90' lang='lat' dir='ltr'>est</span> 
     </span>
    </p>
   </div>
   <div class='ocr_carea' id='block_1_57' title="bbox 402 3533 2056 3607">
    <p class='ocr_par' dir='ltr' id='par_1_57' title="bbox 402 3533 2056 3607">
     <span class='ocr_line' id='line_1_57' title="bbox 402 3533 2056 3607; baseline -0.001 -16"><span class='ocrx_word' id='word_1_460' title='bbox 402 3552 438 3591; x_wconf 87' lang='lat' dir='ltr'>a</span> <span class='ocrx_word' id='word_1_461' title='bbox 453 3536 627 3591; x_wconf 90' lang='lat' dir='ltr'>sorde</span> <span class='ocrx_word' id='word_1_462' title='bbox 646 3536 902 3591; x_wconf 90' lang='lat' dir='ltr'>mundus</span> <span class='ocrx_word' id='word_1_463' title='bbox 921 3559 941 3585; x_wconf 78' lang='grc' dir='ltr'>ι</span> <span class='ocrx_word' id='word_1_464' title='bbox 965 3537 1190 3605; x_wconf 84' lang='lat' dir='ltr'>aitJob,</span> <span class='ocrx_word' id='word_1_465' title='bbox 1212 3559 1238 3586; x_wconf 83' lang='lat'><strong>«</strong></span> <span class='ocrx_word' id='word_1_466' title='bbox 1260 3553 1369 3591; x_wconf 91' lang='lat' dir='ltr'>nec</span> <span class='ocrx_word' id='word_1_467' title='bbox 1384 3537 1431 3590; x_wconf 89' lang='lat' dir='ltr'>si</span> <span class='ocrx_word' id='word_1_468' title='bbox 1448 3538 1523 3591; x_wconf 90' lang='lat' dir='ltr'>sit</span> <span class='ocrx_word' id='word_1_469' title='bbox 1541 3536 1781 3607; x_wconf 91' lang='lat' dir='ltr'>quidem</span> <span class='ocrx_word' id='word_1_470' title='bbox 1801 3552 1917 3590; x_wconf 90' lang='lat' dir='ltr'>una</span> <span class='ocrx_word' id='word_1_471' title='bbox 1928 3533 2056 3590; x_wconf 88' lang='lat' dir='ltr'>dies</span> 
     </span>
    </p>
   </div>
   <div class='ocr_carea' id='block_1_58' title="bbox 403 3624 2057 3698">
    <p class='ocr_par' dir='ltr' id='par_1_58' title="bbox 403 3624 2057 3698">
     <span class='ocr_line' id='line_1_58' title="bbox 403 3624 2057 3698; baseline 0.001 -21"><span class='ocrx_word' id='word_1_472' title='bbox 403 3624 522 3679; x_wconf 86' lang='lat' dir='ltr'>vita</span> <span class='ocrx_word' id='word_1_473' title='bbox 550 3625 681 3697; x_wconf 85' lang='lat' dir='ltr'>ejus</span> <span class='ocrx_word' id='word_1_474' title='bbox 703 3628 786 3697; x_wconf 79' lang='grc' dir='ltr'>(ί).</span> <span class='ocrx_word' id='word_1_475' title='bbox 805 3645 831 3677; x_wconf 75' lang='grc' dir='ltr'>ι</span> <span class='ocrx_word' id='word_1_476' title='bbox 869 3626 1079 3681; x_wconf 90' lang='lat' dir='ltr'>Dicant</span> <span class='ocrx_word' id='word_1_477' title='bbox 1108 3642 1244 3698; x_wconf 89' lang='lat' dir='ltr'>ergo</span> <span class='ocrx_word' id='word_1_478' title='bbox 1268 3625 1461 3695; x_wconf 91' lang='lat' dir='ltr'>nobis,</span> <span class='ocrx_word' id='word_1_479' title='bbox 1485 3626 1584 3680; x_wconf 91' lang='lat' dir='ltr'>ubi</span> <span class='ocrx_word' id='word_1_480' title='bbox 1616 3625 1943 3681; x_wconf 89' lang='lat' dir='ltr'>fornicatus</span> <span class='ocrx_word' id='word_1_481' title='bbox 1965 3628 2057 3680; x_wconf 91' lang='lat' dir='ltr'>est</span> 
     </span>
    </p>
   </div>
   <div class='ocr_carea' id='block_1_59' title="bbox 2251 2457 3813 2538">
    <p class='ocr_par' dir='ltr' id='par_1_59' title="bbox 2251 2457 3813 2538">
     <span class='ocr_line' id='line_1_59' title="bbox 2251 2457 3813 2538; baseline 0.004 -27"><span class='ocrx_word' id='word_1_482' title='bbox 2251 2484 2279 2512; x_wconf 77' lang='grc' dir='ltr'>ιι</span> <span class='ocrx_word' id='word_1_483' title='bbox 2311 2458 2735 2531; x_wconf 80' lang='grc' dir='ltr'>Ἐπικατάρατος</span> <span class='ocrx_word' id='word_1_484' title='bbox 2798 2457 2857 2514; x_wconf 73' lang='grc' dir='ltr'>δὲ</span> <span class='ocrx_word' id='word_1_485' title='bbox 2910 2462 2946 2530; x_wconf 78' lang='grc' dir='ltr'><strong>ἡ</strong></span> <span class='ocrx_word' id='word_1_486' title='bbox 3004 2461 3187 2536; x_wconf 76' lang='grc' dir='ltr'>ἡμέρα</span> <span class='ocrx_word' id='word_1_487' title='bbox 3242 2461 3294 2516; x_wconf 75' lang='grc' dir='ltr'>ἰν</span> <span class='ocrx_word' id='word_1_488' title='bbox 3350 2461 3389 2537; x_wconf 69' lang='grc' dir='ltr'>ᾖ</span> <span class='ocrx_word' id='word_1_489' title='bbox 3426 2461 3680 2538; x_wconf 69' lang='grc' dir='ltr'>ἑτέχθηνυ</span> <span class='ocrx_word' id='word_1_490' title='bbox 3728 2468 3813 2523; x_wconf 68' lang='grc' dir='ltr'>καὶ</span> 
     </span>
    </p>
   </div>
   <div class='ocr_carea' id='block_1_60' title="bbox 2181 2547 3815 2630">
    <p class='ocr_par' dir='ltr' id='par_1_60' title="bbox 2181 2547 3815 2630">
     <span class='ocr_line' id='line_1_60' title="bbox 2181 2547 3815 2630; baseline 0.002 -26"><span class='ocrx_word' id='word_1_491' title='bbox 2181 2551 2258 2622; x_wconf 76' lang='grc' dir='ltr'>μὴ</span> <span class='ocrx_word' id='word_1_492' title='bbox 2291 2547 2429 2604; x_wconf 85' lang='grc' dir='ltr'>ἔστω</span> <span class='ocrx_word' id='word_1_493' title='bbox 2484 2547 2743 2604; x_wconf 83' lang='grc' dir='ltr'>έπευκτέα</span> <span class='ocrx_word' id='word_1_494' title='bbox 2797 2552 2930 2622; x_wconf 79' lang='grc'>(32),</span> <span class='ocrx_word' id='word_1_495' title='bbox 2959 2572 2988 2600; x_wconf 77' lang='grc'>››</span> <span class='ocrx_word' id='word_1_496' title='bbox 3020 2550 3049 2604; x_wconf 84' lang='grc' dir='ltr'>ὁ</span> <span class='ocrx_word' id='word_1_497' title='bbox 3080 2548 3344 2625; x_wconf 80' lang='grc' dir='ltr'>Ἱερεμίας</span> <span class='ocrx_word' id='word_1_498' title='bbox 3373 2553 3564 2630; x_wconf 75' lang='grc' dir='ltr'>φησίνο</span> <span class='ocrx_word' id='word_1_499' title='bbox 3619 2551 3677 2608; x_wconf 75' lang='grc' dir='ltr'>οὗ</span> <span class='ocrx_word' id='word_1_500' title='bbox 3727 2554 3815 2623; x_wconf 71' lang='grc' dir='ltr'>τήν</span> 
     </span>
    </p>
   </div>
   <div class='ocr_carea' id='block_1_61' title="bbox 2176 2636 3812 2714">
    <p class='ocr_par' dir='ltr' id='par_1_61' title="bbox 2176 2636 3812 2714">
     <span class='ocr_line' id='line_1_61' title="bbox 2176 2636 3812 2714; baseline 0.002 -20"><span class='ocrx_word' id='word_1_501' title='bbox 2176 2638 2386 2714; x_wconf 82' lang='grc' dir='ltr'>γένεσιν</span> <span class='ocrx_word' id='word_1_502' title='bbox 2417 2636 2609 2701; x_wconf 81' lang='grc' dir='ltr'>ἁπλῶς</span> <span class='ocrx_word' id='word_1_503' title='bbox 2655 2637 3045 2713; x_wconf 81' lang='grc' dir='ltr'>έπικατάρατον</span> <span class='ocrx_word' id='word_1_504' title='bbox 3095 2637 3296 2713; x_wconf 86' lang='grc' dir='ltr'>λέγων,</span> <span class='ocrx_word' id='word_1_505' title='bbox 3329 2639 3478 2697; x_wconf 76' lang='grc' dir='ltr'>’ἀλλ’</span> <span class='ocrx_word' id='word_1_506' title='bbox 3527 2638 3812 2697; x_wconf 64' lang='grc' dir='ltr'>ἆποδυσπευ</span> 
     </span>
    </p>
   </div>
   <div class='ocr_carea' id='block_1_62' title="bbox 2174 2725 3815 2803">
    <p class='ocr_par' dir='ltr' id='par_1_62' title="bbox 2174 2725 3815 2803">
     <span class='ocr_line' id='line_1_62' title="bbox 2174 2725 3815 2803; baseline 0.001 -22"><span class='ocrx_word' id='word_1_507' title='bbox 2174 2731 2282 2781; x_wconf 84' lang='grc' dir='ltr'>τῶν</span> <span class='ocrx_word' id='word_1_508' title='bbox 2312 2726 2397 2782; x_wconf 76' lang='grc' dir='ltr'>ἐπὶ</span> <span class='ocrx_word' id='word_1_509' title='bbox 2430 2731 2547 2788; x_wconf 87' lang='grc' dir='ltr'>τοῖς</span> <span class='ocrx_word' id='word_1_510' title='bbox 2588 2727 2947 2802; x_wconf 75' lang='grc' dir='ltr'>ἁμαρτήμασι</span> <span class='ocrx_word' id='word_1_511' title='bbox 2996 2729 3094 2781; x_wconf 79' lang='grc' dir='ltr'>τοῦ</span> <span class='ocrx_word' id='word_1_512' title='bbox 3152 2725 3291 2783; x_wconf 75' lang='grc' dir='ltr'>λαοῦ</span> <span class='ocrx_word' id='word_1_513' title='bbox 3342 2730 3432 2782; x_wconf 80' lang='grc' dir='ltr'>καὶ</span> <span class='ocrx_word' id='word_1_514' title='bbox 3464 2732 3538 2803; x_wconf 80' lang='grc' dir='ltr'>τῇ</span> <span class='ocrx_word' id='word_1_515' title='bbox 3573 2727 3815 2800; x_wconf 76' lang='grc' dir='ltr'>ἀπειθείᾳ·</span> 
     </span>
    </p>
   </div>
   <div class='ocr_carea' id='block_1_63' title="bbox 2175 2815 3813 2892">
    <p class='ocr_par' dir='ltr' id='par_1_63' title="bbox 2175 2815 3813 2892">
     <span class='ocr_line' id='line_1_63' title="bbox 2175 2815 3813 2892; baseline -0.001 -21"><span class='ocrx_word' id='word_1_516' title='bbox 2175 2817 2417 2892; x_wconf 79' lang='grc' dir='ltr'>ἐπιφέρει</span> <span class='ocrx_word' id='word_1_517' title='bbox 2477 2819 2630 2891; x_wconf 79' lang='grc' dir='ltr'>γοῦν·</span> <span class='ocrx_word' id='word_1_518' title='bbox 2687 2839 2716 2867; x_wconf 88' lang='grc'>‹‹</span> <span class='ocrx_word' id='word_1_519' title='bbox 2770 2815 2869 2869; x_wconf 86' lang='grc' dir='ltr'>Διά</span> <span class='ocrx_word' id='word_1_520' title='bbox 2919 2815 2973 2870; x_wconf 92' lang='grc' dir='ltr'>τί</span> <span class='ocrx_word' id='word_1_521' title='bbox 3029 2815 3132 2890; x_wconf 77' lang='grc' dir='ltr'>γὰρ</span> <span class='ocrx_word' id='word_1_522' title='bbox 3187 2815 3486 2887; x_wconf 77' lang='grc' dir='ltr'>ἐγεννήθην</span> <span class='ocrx_word' id='word_1_523' title='bbox 3546 2822 3679 2891; x_wconf 87' lang='grc'>(33),</span> <span class='ocrx_word' id='word_1_524' title='bbox 3729 2820 3813 2872; x_wconf 77' lang='grc' dir='ltr'>τοῦ</span> 
     </span>
    </p>
   </div>
   <div class='ocr_carea' id='block_1_64' title="bbox 2179 2903 3817 2982">
    <p class='ocr_par' dir='ltr' id='par_1_64' title="bbox 2179 2903 3817 2982">
     <span class='ocr_line' id='line_1_64' title="bbox 2179 2903 3817 2982; baseline -0.001 -21"><span class='ocrx_word' id='word_1_525' title='bbox 2179 2905 2400 2982; x_wconf 84' lang='grc' dir='ltr'>βλέπειν</span> <span class='ocrx_word' id='word_1_526' title='bbox 2458 2904 2665 2967; x_wconf 82' lang='grc' dir='ltr'>κόπους</span> <span class='ocrx_word' id='word_1_527' title='bbox 2720 2904 2811 2959; x_wconf 82' lang='grc' dir='ltr'>καὶ</span> <span class='ocrx_word' id='word_1_528' title='bbox 2871 2904 3095 2975; x_wconf 82' lang='grc' dir='ltr'>πόνους,</span> <span class='ocrx_word' id='word_1_529' title='bbox 3152 2904 3243 2960; x_wconf 84' lang='grc' dir='ltr'>καὶ</span> <span class='ocrx_word' id='word_1_530' title='bbox 3303 2903 3694 2963; x_wconf 87' lang='grc' dir='ltr'>διετέλεσανέν</span> <span class='ocrx_word' id='word_1_531' title='bbox 3742 2905 3817 2962; x_wconf 73' lang='grc' dir='ltr'>αἰ-</span> 
     </span>
    </p>
   </div>
   <div class='ocr_carea' id='block_1_65' title="bbox 2175 2991 3812 3071">
    <p class='ocr_par' dir='ltr' id='par_1_65' title="bbox 2175 2991 3812 3071">
     <span class='ocr_line' id='line_1_65' title="bbox 2175 2991 3812 3071; baseline 0.001 -23"><span class='ocrx_word' id='word_1_532' title='bbox 2175 2993 2351 3070; x_wconf 72' lang='grc' dir='ltr'>σχύνῃ</span> <span class='ocrx_word' id='word_1_533' title='bbox 2387 2994 2440 3048; x_wconf 74' lang='grc' dir='ltr'>αἱ</span> <span class='ocrx_word' id='word_1_534' title='bbox 2474 2994 2678 3069; x_wconf 78' lang='grc' dir='ltr'>ἡμέραι</span> <span class='ocrx_word' id='word_1_535' title='bbox 2713 3014 2818 3067; x_wconf 90' lang='grc' dir='ltr'>μου</span> <span class='ocrx_word' id='word_1_536' title='bbox 2853 3013 2866 3064; x_wconf 90' lang='lat'><strong>;</strong></span> <span class='ocrx_word' id='word_1_537' title='bbox 2899 3016 2928 3045; x_wconf 86' lang='grc'><strong>››</strong></span> <span class='ocrx_word' id='word_1_538' title='bbox 2959 2993 3167 3052; x_wconf 74' lang='grc' dir='ltr'>Αὐτίκα</span> <span class='ocrx_word' id='word_1_539' title='bbox 3196 2991 3389 3057; x_wconf 79' lang='grc' dir='ltr'>πάντες</span> <span class='ocrx_word' id='word_1_540' title='bbox 3437 2996 3497 3049; x_wconf 78' lang='grc' dir='ltr'>οἱ</span> <span class='ocrx_word' id='word_1_541' title='bbox 3527 2995 3812 3071; x_wconf 80' lang='grc' dir='ltr'>κηρύσσον-</span> 
     </span>
    </p>
   </div>
   <div class='ocr_carea' id='block_1_66' title="bbox 2172 3080 3811 3156">
    <p class='ocr_par' dir='ltr' id='par_1_66' title="bbox 2172 3080 3811 3156">
     <span class='ocr_line' id='line_1_66' title="bbox 2172 3080 3811 3156; baseline 0 -19"><span class='ocrx_word' id='word_1_542' title='bbox 2172 3104 2261 3146; x_wconf 86' lang='grc' dir='ltr'>τες</span> <span class='ocrx_word' id='word_1_543' title='bbox 2290 3086 2387 3153; x_wconf 78' lang='grc' dir='ltr'>τὴν</span> <span class='ocrx_word' id='word_1_544' title='bbox 2417 3081 2709 3153; x_wconf 73' lang='grc' dir='ltr'>ἀλήθειαν,</span> <span class='ocrx_word' id='word_1_545' title='bbox 2742 3080 2832 3136; x_wconf 81' lang='grc' dir='ltr'>διὰ</span> <span class='ocrx_word' id='word_1_546' title='bbox 2876 3082 2975 3151; x_wconf 81' lang='grc' dir='ltr'>τήν</span> <span class='ocrx_word' id='word_1_547' title='bbox 3006 3082 3279 3138; x_wconf 85' lang='grc' dir='ltr'>ἀπείθειαν</span> <span class='ocrx_word' id='word_1_548' title='bbox 3327 3088 3436 3156; x_wconf 82' lang='grc' dir='ltr'>τῷν</span> <span class='ocrx_word' id='word_1_549' title='bbox 3497 3085 3811 3153; x_wconf 77' lang='grc' dir='ltr'>ἀκουόντων,</span> 
     </span>
    </p>
   </div>
   <div class='ocr_carea' id='block_1_67' title="bbox 2173 3168 3813 3249">
    <p class='ocr_par' dir='ltr' id='par_1_67' title="bbox 2173 3168 3813 3249">
     <span class='ocr_line' id='line_1_67' title="bbox 2173 3168 3813 3249; baseline 0.001 -22"><span class='ocrx_word' id='word_1_550' title='bbox 2173 3169 2466 3227; x_wconf 80' lang='grc' dir='ltr'>ἐδιώκοντό</span> <span class='ocrx_word' id='word_1_551' title='bbox 2494 3192 2554 3227; x_wconf 88' lang='grc' dir='ltr'>τε</span> <span class='ocrx_word' id='word_1_552' title='bbox 2578 3172 2665 3226; x_wconf 88' lang='grc' dir='ltr'>καὶ</span> <span class='ocrx_word' id='word_1_553' title='bbox 2698 3168 3055 3228; x_wconf 71' lang='grc' dir='ltr'>ἐκινδύνευον.</span> <span class='ocrx_word' id='word_1_554' title='bbox 3115 3195 3140 3227; x_wconf 80' lang='grc' dir='ltr'>ιι</span> <span class='ocrx_word' id='word_1_555' title='bbox 3174 3172 3275 3227; x_wconf 83' lang='grc' dir='ltr'>Διὰ</span> <span class='ocrx_word' id='word_1_556' title='bbox 3318 3171 3371 3227; x_wconf 89' lang='grc' dir='ltr'>τί</span> <span class='ocrx_word' id='word_1_557' title='bbox 3399 3174 3507 3249; x_wconf 80' lang='grc' dir='ltr'>γὰρ</span> <span class='ocrx_word' id='word_1_558' title='bbox 3562 3174 3662 3229; x_wconf 78' lang='grc' dir='ltr'>οὐκ</span> <span class='ocrx_word' id='word_1_559' title='bbox 3714 3170 3813 3248; x_wconf 67' lang='grc' dir='ltr'>ἐγέ-</span> 
     </span>
    </p>
   </div>
   <div class='ocr_carea' id='block_1_68' title="bbox 2171 3258 3809 3339">
    <p class='ocr_par' dir='ltr' id='par_1_68' title="bbox 2171 3258 3809 3339">
     <span class='ocr_line' id='line_1_68' title="bbox 2171 3258 3809 3339; baseline -0.001 -23"><span class='ocrx_word' id='word_1_560' title='bbox 2171 3282 2287 3316; x_wconf 89' lang='grc' dir='ltr'>νετο</span> <span class='ocrx_word' id='word_1_561' title='bbox 2321 3264 2433 3334; x_wconf 76' lang='grc'>(34)</span> <span class='ocrx_word' id='word_1_562' title='bbox 2463 3263 2498 3331; x_wconf 81' lang='grc' dir='ltr'>ἡ</span> <span class='ocrx_word' id='word_1_563' title='bbox 2533 3262 2717 3335; x_wconf 71' lang='grc' dir='ltr'>μήτρα</span> <span class='ocrx_word' id='word_1_564' title='bbox 2746 3262 2846 3330; x_wconf 78' lang='grc' dir='ltr'>τῆς</span> <span class='ocrx_word' id='word_1_565' title='bbox 2881 3260 3089 3334; x_wconf 87' lang='grc' dir='ltr'>μητρός</span> <span class='ocrx_word' id='word_1_566' title='bbox 3124 3282 3229 3334; x_wconf 90' lang='grc' dir='ltr'>μου</span> <span class='ocrx_word' id='word_1_567' title='bbox 3257 3263 3455 3339; x_wconf 71' lang='grc' dir='ltr'>τάφος,</span> <span class='ocrx_word' id='word_1_568' title='bbox 3486 3263 3582 3318; x_wconf 84' lang='grc' dir='ltr'>ἳνα</span> <span class='ocrx_word' id='word_1_569' title='bbox 3616 3263 3690 3338; x_wconf 77' lang='grc' dir='ltr'>μή</span> <span class='ocrx_word' id='word_1_570' title='bbox 3722 3258 3809 3316; x_wconf 66' lang='grc' dir='ltr'>ἴδω</span> 
     </span>
    </p>
   </div>
   <div class='ocr_carea' id='block_1_69' title="bbox 2164 3344 3811 3429">
    <p class='ocr_par' dir='ltr' id='par_1_69' title="bbox 2164 3344 3811 3429">
     <span class='ocr_line' id='line_1_69' title="bbox 2164 3344 3811 3429; baseline -0.001 -23"><span class='ocrx_word' id='word_1_571' title='bbox 2164 3351 2256 3406; x_wconf 85' lang='grc' dir='ltr'>τὸν</span> <span class='ocrx_word' id='word_1_572' title='bbox 2295 3350 2505 3426; x_wconf 82' lang='grc' dir='ltr'>μόχθον</span> <span class='ocrx_word' id='word_1_573' title='bbox 2536 3354 2632 3404; x_wconf 80' lang='grc' dir='ltr'>τοῦ</span> <span class='ocrx_word' id='word_1_574' title='bbox 2655 3344 2873 3420; x_wconf 75' lang='grc' dir='ltr'>Ἰακὼϐ,</span> <span class='ocrx_word' id='word_1_575' title='bbox 2904 3349 2993 3405; x_wconf 83' lang='grc' dir='ltr'>καὶ</span> <span class='ocrx_word' id='word_1_576' title='bbox 3022 3349 3114 3406; x_wconf 84' lang='grc' dir='ltr'>τὸν</span> <span class='ocrx_word' id='word_1_577' title='bbox 3156 3349 3328 3406; x_wconf 88' lang='grc' dir='ltr'>κόπον</span> <span class='ocrx_word' id='word_1_578' title='bbox 3358 3355 3456 3406; x_wconf 75' lang='grc' dir='ltr'>τοῦ</span> <span class='ocrx_word' id='word_1_579' title='bbox 3500 3351 3692 3429; x_wconf 77' lang='grc' dir='ltr'>γένους</span> <span class='ocrx_word' id='word_1_580' title='bbox 3722 3352 3811 3408; x_wconf 82' lang='grc' dir='ltr'>Ἰσ-</span> 
     </span>
    </p>
   </div>
   <div class='ocr_carea' id='block_1_70' title="bbox 2166 3436 3810 3518">
    <p class='ocr_par' dir='ltr' id='par_1_70' title="bbox 2166 3436 3810 3518">
     <span class='ocr_line' id='line_1_70' title="bbox 2166 3436 3810 3518; baseline 0.001 -23"><span class='ocrx_word' id='word_1_581' title='bbox 2166 3441 2312 3516; x_wconf 78' lang='grc' dir='ltr'>ραὴλ</span> <span class='ocrx_word' id='word_1_582' title='bbox 2346 3459 2360 3511; x_wconf 89' lang='grc'>;</span> <span class='ocrx_word' id='word_1_583' title='bbox 2395 3465 2423 3491; x_wconf 80' lang='grc'><strong>››</strong></span> <span class='ocrx_word' id='word_1_584' title='bbox 2455 3436 2685 3515; x_wconf 84' lang='grc' dir='ltr'>Ἔσδρας</span> <span class='ocrx_word' id='word_1_585' title='bbox 2713 3441 2741 3493; x_wconf 85' lang='grc' dir='ltr'>ὁ</span> <span class='ocrx_word' id='word_1_586' title='bbox 2772 3440 3062 3517; x_wconf 77' lang='grc' dir='ltr'>προφήτης</span> <span class='ocrx_word' id='word_1_587' title='bbox 3096 3439 3265 3516; x_wconf 86' lang='grc' dir='ltr'>λέγει.</span> <span class='ocrx_word' id='word_1_588' title='bbox 3299 3462 3323 3491; x_wconf 75' lang='grc' dir='ltr'>ι</span> <span class='ocrx_word' id='word_1_589' title='bbox 3350 3438 3551 3504; x_wconf 70' lang='grc' dir='ltr'>Οὐδεὶς</span> <span class='ocrx_word' id='word_1_590' title='bbox 3586 3445 3697 3518; x_wconf 86' lang='grc'>(35)</span> <span class='ocrx_word' id='word_1_591' title='bbox 3722 3460 3810 3496; x_wconf 81' lang='grc' dir='ltr'>κα·</span> 
     </span>
    </p>
   </div>
   <div class='ocr_carea' id='block_1_71' title="bbox 2167 3523 3800 3607">
    <p class='ocr_par' dir='ltr' id='par_1_71' title="bbox 2167 3523 3800 3607">
     <span class='ocr_line' id='line_1_71' title="bbox 2167 3523 3800 3607; baseline 0.001 -24"><span class='ocrx_word' id='word_1_592' title='bbox 2167 3530 2327 3603; x_wconf 87' lang='grc' dir='ltr'>θαρὸς</span> <span class='ocrx_word' id='word_1_593' title='bbox 2358 3530 2463 3584; x_wconf 84' lang='grc' dir='ltr'>ἀπὸ</span> <span class='ocrx_word' id='word_1_594' title='bbox 2493 3527 2690 3606; x_wconf 74' lang='grc' dir='ltr'>ῥύπου,</span> <span class='ocrx_word' id='word_1_595' title='bbox 2725 3554 2747 3583; x_wconf 75' lang='grc' dir='ltr'>ι</span> <span class='ocrx_word' id='word_1_596' title='bbox 2784 3523 2911 3585; x_wconf 82' lang='grc' dir='ltr'>Ἰώϐ</span> <span class='ocrx_word' id='word_1_597' title='bbox 2943 3550 3126 3607; x_wconf 85' lang='grc' dir='ltr'>φησιν,</span> <span class='ocrx_word' id='word_1_598' title='bbox 3180 3552 3206 3584; x_wconf 74' lang='grc' dir='ltr'>α</span> <span class='ocrx_word' id='word_1_599' title='bbox 3239 3527 3355 3585; x_wconf 84' lang='grc' dir='ltr'>οὐδ’</span> <span class='ocrx_word' id='word_1_600' title='bbox 3388 3529 3433 3584; x_wconf 84' lang='grc' dir='ltr'>εί</span> <span class='ocrx_word' id='word_1_601' title='bbox 3471 3530 3576 3604; x_wconf 87' lang='grc' dir='ltr'>μία</span> <span class='ocrx_word' id='word_1_602' title='bbox 3631 3531 3800 3603; x_wconf 66' lang='grc' dir='ltr'>ἡμέρα</span> 
     </span>
    </p>
   </div>
   <div class='ocr_carea' id='block_1_72' title="bbox 2164 3617 3810 3697">
    <p class='ocr_par' dir='ltr' id='par_1_72' title="bbox 2164 3617 3810 3697">
     <span class='ocr_line' id='line_1_72' title="bbox 2164 3617 3810 3697; baseline -0.001 -23"><span class='ocrx_word' id='word_1_603' title='bbox 2164 3622 2200 3691; x_wconf 78' lang='grc' dir='ltr'><strong>ἡ</strong></span> <span class='ocrx_word' id='word_1_604' title='bbox 2231 3620 2342 3690; x_wconf 83' lang='grc' dir='ltr'>ζωὴ</span> <span class='ocrx_word' id='word_1_605' title='bbox 2386 3617 2570 3673; x_wconf 76' lang='grc' dir='ltr'>αὐτοῦ.</span> <span class='ocrx_word' id='word_1_606' title='bbox 2607 3641 2635 3669; x_wconf 85' lang='grc'>››</span> <span class='ocrx_word' id='word_1_607' title='bbox 2681 3620 2996 3694; x_wconf 87' lang='grc' dir='ltr'>Λεγέτωσαν</span> <span class='ocrx_word' id='word_1_608' title='bbox 3047 3620 3208 3692; x_wconf 79' lang='grc' dir='ltr'>ἡμῖν,</span> <span class='ocrx_word' id='word_1_609' title='bbox 3246 3623 3353 3674; x_wconf 81' lang='grc' dir='ltr'>ποῦ</span> <span class='ocrx_word' id='word_1_610' title='bbox 3405 3617 3727 3697; x_wconf 71' lang='grc' dir='ltr'>ἐπόροευσεν</span> <span class='ocrx_word' id='word_1_611' title='bbox 3754 3618 3810 3673; x_wconf 77' lang='grc' dir='ltr'>τὸ</span> 
     </span>
    </p>
   </div>
   <div class='ocr_carea' id='block_1_73' title="bbox 478 3772 2054 3848">
    <p class='ocr_par' dir='ltr' id='par_1_73' title="bbox 478 3777 2051 3848">
     <span class='ocr_line' id='line_1_73' title="bbox 478 3777 2051 3848; baseline 0.001 -17"><span class='ocrx_word' id='word_1_612' title='bbox 478 3778 552 3848; x_wconf 92' lang='lat' dir='ltr'>(a)</span> <span class='ocrx_word' id='word_1_613' title='bbox 581 3778 745 3832; x_wconf 85' lang='lat' dir='ltr'>Joan.</span> <span class='ocrx_word' id='word_1_614' title='bbox 772 3794 897 3844; x_wconf 85' lang='lat' dir='ltr'>xm,</span> <span class='ocrx_word' id='word_1_615' title='bbox 927 3778 1012 3831; x_wconf 87' lang='lat'>33.</span> <span class='ocrx_word' id='word_1_616' title='bbox 1047 3778 1123 3842; x_wconf 77' lang='grc' dir='ltr'>(ὁ)</span> <span class='ocrx_word' id='word_1_617' title='bbox 1155 3777 1338 3834; x_wconf 87' lang='lat' dir='ltr'>Galat.</span> <span class='ocrx_word' id='word_1_618' title='bbox 1375 3794 1443 3841; x_wconf 82' lang='lat' dir='ltr'>iv,</span> <span class='ocrx_word' id='word_1_619' title='bbox 1481 3780 1564 3831; x_wconf 82' lang='grc'><strong>19.</strong></span> <span class='ocrx_word' id='word_1_620' title='bbox 1599 3778 1667 3848; x_wconf 89' lang='lat' dir='ltr'>(c)</span> <span class='ocrx_word' id='word_1_621' title='bbox 1699 3778 1722 3833; x_wconf 94' lang='grc' dir='ltr'><strong>Ι</strong></span> <span class='ocrx_word' id='word_1_622' title='bbox 1753 3779 1882 3833; x_wconf 91' lang='lat' dir='ltr'>Cor.</span> <span class='ocrx_word' id='word_1_623' title='bbox 1919 3794 1991 3844; x_wconf 82' lang='lat' dir='ltr'>IV,</span> <span class='ocrx_word' id='word_1_624' title='bbox 2027 3777 2051 3832; x_wconf 92' lang='grc'>1</span> 
     </span>
    </p>
   </div>
   <div class='ocr_carea' id='block_1_74' title="bbox 2167 3772 3806 3848">
    <p class='ocr_par' dir='ltr' id='par_1_74' title="bbox 2170 3772 3806 3846">
     <span class='ocr_line' id='line_1_74' title="bbox 2170 3772 3806 3846; baseline 0.001 -17"><span class='ocrx_word' id='word_1_625' title='bbox 2170 3774 2226 3843; x_wconf 88' lang='lat' dir='ltr'>d)</span> <span class='ocrx_word' id='word_1_626' title='bbox 2260 3774 2427 3828; x_wconf 89' lang='lat' dir='ltr'>Deut.</span> <span class='ocrx_word' id='word_1_627' title='bbox 2474 3788 2638 3842; x_wconf 85' lang='lat' dir='ltr'>xxm,</span> <span class='ocrx_word' id='word_1_628' title='bbox 2673 3774 2722 3827; x_wconf 94' lang='grc'>1.</span> <span class='ocrx_word' id='word_1_629' title='bbox 2746 3772 2818 3844; x_wconf 81' lang='lat' dir='ltr'>(e)</span> <span class='ocrx_word' id='word_1_630' title='bbox 2849 3772 3049 3828; x_wconf 81' lang='lat' dir='ltr'>Matth.</span> <span class='ocrx_word' id='word_1_631' title='bbox 3083 3789 3201 3841; x_wconf 82' lang='lat' dir='ltr'>xix,</span> <span class='ocrx_word' id='word_1_632' title='bbox 3237 3775 3323 3828; x_wconf 83' lang='lat'>12.</span> <span class='ocrx_word' id='word_1_633' title='bbox 3357 3774 3428 3846; x_wconf 72' lang='grc' dir='ltr'>(Γ)</span> <span class='ocrx_word' id='word_1_634' title='bbox 3459 3775 3582 3831; x_wconf 78' lang='lat' dir='ltr'>Jer.</span> <span class='ocrx_word' id='word_1_635' title='bbox 3611 3791 3705 3842; x_wconf 87' lang='lat' dir='ltr'>xx,</span> <span class='ocrx_word' id='word_1_636' title='bbox 3727 3774 3806 3830; x_wconf 74' lang='grc'><strong>14.</strong></span> 
     </span>
    </p>
   </div>
   <div class='ocr_carea' id='block_1_75' title="bbox 405 3848 1963 3920">
    <p class='ocr_par' dir='ltr' id='par_1_75' title="bbox 405 3848 1963 3920">
     <span class='ocr_line' id='line_1_75' title="bbox 405 3848 1963 3920; baseline 0 -16"><span class='ocrx_word' id='word_1_637' title='bbox 405 3849 479 3919; x_wconf 89' lang='lat' dir='ltr'>(g)</span> <span class='ocrx_word' id='word_1_638' title='bbox 511 3848 657 3903; x_wconf 68' lang='lat' dir='ltr'>Ibid.</span> <span class='ocrx_word' id='word_1_639' title='bbox 691 3849 777 3902; x_wconf 85' lang='grc'><strong>18.</strong></span> <span class='ocrx_word' id='word_1_640' title='bbox 806 3848 887 3919; x_wconf 83' lang='grc' dir='ltr'>(Ῑι)</span> <span class='ocrx_word' id='word_1_641' title='bbox 921 3848 993 3902; x_wconf 69' lang='grc' dir='ltr'>ιν</span> <span class='ocrx_word' id='word_1_642' title='bbox 1022 3848 1188 3905; x_wconf 86' lang='lat' dir='ltr'>Esdr.</span> <span class='ocrx_word' id='word_1_643' title='bbox 1221 3866 1273 3914; x_wconf 90' lang='lat' dir='ltr'>v,</span> <span class='ocrx_word' id='word_1_644' title='bbox 1307 3852 1393 3903; x_wconf 84' lang='lat'>35.</span> <span class='ocrx_word' id='word_1_645' title='bbox 1425 3851 1487 3920; x_wconf 79' lang='grc' dir='ltr'>(ἰ)</span> <span class='ocrx_word' id='word_1_646' title='bbox 1518 3849 1644 3904; x_wconf 86' lang='lat' dir='ltr'>Job.</span> <span class='ocrx_word' id='word_1_647' title='bbox 1677 3866 1792 3917; x_wconf 79' lang='lat' dir='ltr'>XIV,</span> <span class='ocrx_word' id='word_1_648' title='bbox 1826 3852 1879 3920; x_wconf 80' lang='grc'>4,</span> <span class='ocrx_word' id='word_1_649' title='bbox 1911 3853 1963 3905; x_wconf 82' lang='lat'>5.</span> 
     </span>
    </p>
   </div>
   <div class='ocr_carea' id='block_1_76' title="bbox 482 3995 2054 4072">
    <p class='ocr_par' dir='ltr' id='par_1_76' title="bbox 482 3995 2054 4072">
     <span class='ocr_line' id='line_1_76' title="bbox 482 3995 2054 4072; baseline 0.001 -20"><span class='ocrx_word' id='word_1_650' title='bbox 482 3998 595 4072; x_wconf 84' lang='lat'>(29)</span> <span class='ocrx_word' id='word_1_651' title='bbox 614 3995 827 4072; x_wconf 77' lang='grc' dir='ltr'>Τεκνία.</span> <span class='ocrx_word' id='word_1_652' title='bbox 856 3998 1193 4072; x_wconf 63' lang='lat' dir='ltr'>A._mavu1t_,</span> <span class='ocrx_word' id='word_1_653' title='bbox 1219 3998 1567 4072; x_wconf 85' lang='lat' dir='ltr'>simpliciori</span> <span class='ocrx_word' id='word_1_654' title='bbox 1598 3997 2054 4072; x_wconf 46' lang='grc' dir='ltr'>οιςὶίιιθῃεκνία,</span> 
     </span>
    </p>
   </div>
   <div class='ocr_carea' id='block_1_77' title="bbox 411 4066 2057 4145">
    <p class='ocr_par' dir='ltr' id='par_1_77' title="bbox 411 4066 2057 4145">
     <span class='ocr_line' id='line_1_77' title="bbox 411 4066 2057 4145; baseline 0.002 -22"><span class='ocrx_word' id='word_1_655' title='bbox 411 4066 499 4145; x_wconf 69' lang='grc' dir='ltr'>ξτί</span> <span class='ocrx_word' id='word_1_656' title='bbox 527 4066 720 4144; x_wconf 82' lang='grc' dir='ltr'>μικρὸν</span> <span class='ocrx_word' id='word_1_657' title='bbox 753 4069 871 4145; x_wconf 71' lang='grc' dir='ltr'>μεθ’</span> <span class='ocrx_word' id='word_1_658' title='bbox 932 4068 1082 4140; x_wconf 80' lang='grc' dir='ltr'>ὑμῶν</span> <span class='ocrx_word' id='word_1_659' title='bbox 1142 4069 1278 4141; x_wconf 81' lang='grc' dir='ltr'>εἶμι,</span> <span class='ocrx_word' id='word_1_660' title='bbox 1333 4066 1501 4145; x_wconf 66' lang='grc' dir='ltr'>φησίν</span> <span class='ocrx_word' id='word_1_661' title='bbox 1534 4070 1561 4123; x_wconf 86' lang='grc' dir='ltr'>ὁ</span> <span class='ocrx_word' id='word_1_662' title='bbox 1593 4066 1951 4132; x_wconf 58' lang='grc' dir='ltr'>Διδάσκαλος</span> <span class='ocrx_word' id='word_1_663' title='bbox 1987 4088 2057 4127; x_wconf 88' lang='lat' dir='ltr'>ex</span> 
     </span>
    </p>
   </div>
   <div class='ocr_carea' id='block_1_78' title="bbox 407 4143 1037 4198">
    <p class='ocr_par' dir='ltr' id='par_1_78' title="bbox 407 4143 1037 4198">
     <span class='ocr_line' id='line_1_78' title="bbox 407 4143 1037 4198; baseline -0.005 0"><span class='ocrx_word' id='word_1_664' title='bbox 407 4144 574 4198; x_wconf 86' lang='lat' dir='ltr'>Joan.</span> <span class='ocrx_word' id='word_1_665' title='bbox 606 4143 729 4197; x_wconf 85' lang='lat' dir='ltr'>xm.</span> <span class='ocrx_word' id='word_1_666' title='bbox 764 4143 1037 4197; x_wconf 81' lang='lat' dir='ltr'>SYLBURG.</span> 
     </span>
    </p>
   </div>
   <div class='ocr_carea' id='block_1_79' title="bbox 478 4210 1767 4287">
    <p class='ocr_par' dir='ltr' id='par_1_79' title="bbox 478 4210 1767 4287">
     <span class='ocr_line' id='line_1_79' title="bbox 478 4210 1767 4287; baseline 0 -19"><span class='ocrx_word' id='word_1_667' title='bbox 478 4214 589 4286; x_wconf 90' lang='lat'>(30)</span> <span class='ocrx_word' id='word_1_668' title='bbox 620 4215 864 4287; x_wconf 54' lang='lat' dir='ltr'>Xennii).</span> <span class='ocrx_word' id='word_1_669' title='bbox 892 4213 1119 4287; x_wconf 78' lang='grc' dir='ltr'>Χριστῷ</span> <span class='ocrx_word' id='word_1_670' title='bbox 1151 4210 1356 4287; x_wconf 53' lang='grc' dir='ltr'>ίίησοῦ,</span> <span class='ocrx_word' id='word_1_671' title='bbox 1386 4212 1538 4287; x_wconf 46' lang='grc' dir='ltr'>Ῑ-ρο.</span> <span class='ocrx_word' id='word_1_672' title='bbox 1562 4229 1645 4287; x_wconf 81' lang='lat' dir='ltr'>_Iv,</span> <span class='ocrx_word' id='word_1_673' title='bbox 1682 4216 1767 4268; x_wconf 84' lang='grc'>15.</span> 
     </span>
    </p>
   </div>
   <div class='ocr_carea' id='block_1_80' title="bbox 476 4277 2052 4359">
    <p class='ocr_par' dir='ltr' id='par_1_80' title="bbox 476 4277 2052 4359">
     <span class='ocr_line' id='line_1_80' title="bbox 476 4277 2052 4359; baseline -0.003 -18"><span class='ocrx_word' id='word_1_674' title='bbox 476 4277 589 4358; x_wconf 80' lang='grc'>(31)</span> <span class='ocrx_word' id='word_1_675' title='bbox 646 4277 975 4359; x_wconf 52' lang='grc' dir='ltr'>Εὐνοῖίχοςξ</span> <span class='ocrx_word' id='word_1_676' title='bbox 1029 4277 1264 4343; x_wconf 76' lang='grc' dir='ltr'>Θλαδίας</span> <span class='ocrx_word' id='word_1_677' title='bbox 1297 4328 1312 4354; x_wconf 90' lang='grc'>,</span> <span class='ocrx_word' id='word_1_678' title='bbox 1345 4277 1497 4336; x_wconf 79' lang='grc' dir='ltr'>οὐδὲ</span> <span class='ocrx_word' id='word_1_679' title='bbox 1551 4277 2000 4355; x_wconf 81' lang='grc' dir='ltr'>ἀποκεκομμένος</span> <span class='ocrx_word' id='word_1_680' title='bbox 2033 4327 2052 4351; x_wconf 86' lang='grc'>,</span> 
     </span>
    </p>
   </div>
   <div class='ocr_carea' id='block_1_81' title="bbox 403 4358 2048 4499">
    <p class='ocr_par' dir='ltr' id='par_1_81' title="bbox 403 4358 2048 4499">
     <span class='ocr_line' id='line_1_81' title="bbox 403 4358 2048 4499; baseline -0.004 -16"><span class='ocrx_word' id='word_1_681' title='bbox 403 4358 587 4498; x_wconf 48' lang='grc' dir='ltr'>Βῖὲἑ.)</span> <span class='ocrx_word' id='word_1_682' title='bbox 642 4426 1146 4499; x_wconf 38' lang='grc' dir='ltr'>Ἐπικατάρατος.-.</span> <span class='ocrx_word' id='word_1_683' title='bbox 1183 4467 1197 4480; x_wconf 94' lang='grc'><strong>.</strong></span> <span class='ocrx_word' id='word_1_684' title='bbox 1249 4422 1513 4499; x_wconf 65' lang='grc' dir='ltr'>Δἐπευιιιτέα</span> <span class='ocrx_word' id='word_1_685' title='bbox 1548 4469 1568 4499; x_wconf 79' lang='lat'>._</span> <span class='ocrx_word' id='word_1_686' title='bbox 1620 4425 2048 4499; x_wconf 57' lang='grc' dir='ltr'>Ἐπικατάρατος</span> 
     </span>
    </p>
   </div>
   <div class='ocr_carea' id='block_1_82' title="bbox 399 4494 2047 4573">
    <p class='ocr_par' dir='ltr' id='par_1_82' title="bbox 399 4494 2047 4573">
     <span class='ocr_line' id='line_1_82' title="bbox 399 4494 2047 4573; baseline -0.004 -19"><span class='ocrx_word' id='word_1_687' title='bbox 399 4500 434 4566; x_wconf 78' lang='grc' dir='ltr'>ἡ</span> <span class='ocrx_word' id='word_1_688' title='bbox 467 4494 649 4573; x_wconf 75' lang='grc' dir='ltr'>ἡμέρα</span> <span class='ocrx_word' id='word_1_689' title='bbox 678 4498 730 4552; x_wconf 81' lang='grc' dir='ltr'>ἐν</span> <span class='ocrx_word' id='word_1_690' title='bbox 762 4498 797 4573; x_wconf 72' lang='grc' dir='ltr'>ᾗ</span> <span class='ocrx_word' id='word_1_691' title='bbox 828 4494 1151 4573; x_wconf 34' lang='grc' dir='ltr'>ἐτέχθηνιιέν</span> <span class='ocrx_word' id='word_1_692' title='bbox 1201 4495 1363 4573; x_wconf 69' lang='grc' dir='ltr'>αὐτῇ·</span> <span class='ocrx_word' id='word_1_693' title='bbox 1398 4496 1645 4573; x_wconf 31' lang='grc' dir='ltr'>ἡ-ἡμέρα</span> <span class='ocrx_word' id='word_1_694' title='bbox 1693 4495 1744 4552; x_wconf 88' lang='grc' dir='ltr'>έν</span> <span class='ocrx_word' id='word_1_695' title='bbox 1794 4496 1830 4573; x_wconf 66' lang='grc' dir='ltr'>ᾖ</span> <span class='ocrx_word' id='word_1_696' title='bbox 1872 4494 2047 4552; x_wconf 82' lang='grc' dir='ltr'>ἔτεκέν</span> 
     </span>
    </p>
   </div>
   <div class='ocr_carea' id='block_1_83' title="bbox 404 4521 1973 4643">
    <p class='ocr_par' dir='ltr' id='par_1_83' title="bbox 404 4521 1973 4643">
     <span class='ocr_line' id='line_1_83' title="bbox 404 4521 1973 4573; baseline 0 -21"><span class='ocrx_word' id='word_1_697' title='bbox 404 4521 434 4566; x_wconf 89' lang='grc' dir='ltr'>η</span> <span class='ocrx_word' id='word_1_698' title='bbox 467 4521 501 4567; x_wconf 86' lang='grc' dir='ltr'>η</span> <span class='ocrx_word' id='word_1_699' title='bbox 556 4521 649 4573; x_wconf 81' lang='grc' dir='ltr'>ερα</span> <span class='ocrx_word' id='word_1_700' title='bbox 678 4521 730 4552; x_wconf 81' lang='grc' dir='ltr'>εν</span> <span class='ocrx_word' id='word_1_701' title='bbox 762 4521 796 4573; x_wconf 75' lang='grc' dir='ltr'>ῃ</span> <span class='ocrx_word' id='word_1_702' title='bbox 828 4521 1056 4573; x_wconf 80' lang='grc' dir='ltr'>ετεχυην</span> <span class='ocrx_word' id='word_1_703' title='bbox 1100 4521 1151 4550; x_wconf 85' lang='grc' dir='ltr'>εν</span> <span class='ocrx_word' id='word_1_704' title='bbox 1201 4521 1363 4569; x_wconf 78' lang='grc' dir='ltr'>αυτῃ·</span> <span class='ocrx_word' id='word_1_705' title='bbox 1398 4521 1432 4566; x_wconf 81' lang='grc' dir='ltr'>η</span> <span class='ocrx_word' id='word_1_706' title='bbox 1464 4521 1645 4571; x_wconf 80' lang='grc' dir='ltr'>ημερα</span> <span class='ocrx_word' id='word_1_707' title='bbox 1693 4521 1744 4552; x_wconf 86' lang='grc' dir='ltr'>εν</span> <span class='ocrx_word' id='word_1_708' title='bbox 1794 4521 1828 4573; x_wconf 73' lang='grc' dir='ltr'>ῃ</span> <span class='ocrx_word' id='word_1_709' title='bbox 1872 4521 1973 4552; x_wconf 69' lang='lat' dir='ltr'>era:</span> 
     </span>
     <span class='ocr_line' id='line_1_84' title="bbox 404 4521 1973 4643; baseline 0.001 -19"><span class='ocrx_word' id='word_1_710' title='bbox 404 4590 470 4643; x_wconf 88' lang='grc' dir='ltr'>με</span> <span class='ocrx_word' id='word_1_711' title='bbox 499 4521 754 4643; x_wconf 45' lang='grc' dir='ltr'>ἕμήτηρ</span> <span class='ocrx_word' id='word_1_712' title='bbox 791 4590 916 4643; x_wconf 83' lang='grc' dir='ltr'>μου,</span> <span class='ocrx_word' id='word_1_713' title='bbox 940 4572 1028 4643; x_wconf 19' lang='grc' dir='ltr'>,μὴ</span> <span class='ocrx_word' id='word_1_714' title='bbox 1060 4561 1198 4643; x_wconf 69' lang='grc' dir='ltr'>ἔστω</span> <span class='ocrx_word' id='word_1_715' title='bbox 1228 4566 1480 4643; x_wconf 66' lang='grc' dir='ltr'>έπευκτή.</span> <span class='ocrx_word' id='word_1_716' title='bbox 1510 4571 1723 4643; x_wconf 67' lang='lat' dir='ltr'>Jerem.</span> <span class='ocrx_word' id='word_1_717' title='bbox 1756 4588 1853 4640; x_wconf 83' lang='lat' dir='ltr'>xx,</span> <span class='ocrx_word' id='word_1_718' title='bbox 1884 4573 1973 4643; x_wconf 74' lang='grc'>14.</span> 
     </span>
    </p>
   </div>
   <div class='ocr_carea' id='block_1_84' title="bbox 495 4641 844 4697">
    <p class='ocr_par' dir='ltr' id='par_1_84' title="bbox 495 4641 844 4697">
     <span class='ocr_line' id='line_1_85' title="bbox 495 4641 844 4697; baseline -0.009 0"><span class='ocrx_word' id='word_1_719' title='bbox 495 4641 581 4697; x_wconf 76' lang='grc'>33)</span> <span class='ocrx_word' id='word_1_720' title='bbox 639 4641 738 4695; x_wconf 79' lang='grc' dir='ltr'>Διᾶ</span> <span class='ocrx_word' id='word_1_721' title='bbox 791 4641 844 4694; x_wconf 80' lang='grc' dir='ltr'>τί</span> 
     </span>
    </p>
   </div>
   <div class='ocr_carea' id='block_1_85' title="bbox 398 4645 1166 4785">
    <p class='ocr_par' dir='ltr' id='par_1_85' title="bbox 398 4645 1166 4785">
     <span class='ocr_line' id='line_1_86' title="bbox 470 4645 1166 4715; baseline -0.004 -18"><span class='ocrx_word' id='word_1_722' title='bbox 470 4645 581 4713; x_wconf 88' lang='grc'>(33)</span> <span class='ocrx_word' id='word_1_723' title='bbox 639 4645 738 4695; x_wconf 80' lang='grc' dir='ltr'>Διὰ</span> <span class='ocrx_word' id='word_1_724' title='bbox 791 4645 844 4694; x_wconf 89' lang='grc' dir='ltr'>τί</span> <span class='ocrx_word' id='word_1_725' title='bbox 933 4645 997 4710; x_wconf 73' lang='grc' dir='ltr'>ἂρ</span> <span class='ocrx_word' id='word_1_726' title='bbox 1056 4645 1166 4715; x_wconf 82' lang='grc' dir='ltr'>έγεν</span> 
     </span>
     <span class='ocr_line' id='line_1_87' title="bbox 398 4662 1166 4785; baseline 0.004 -19"><span class='ocrx_word' id='word_1_727' title='bbox 398 4713 491 4767; x_wconf 92' lang='grc' dir='ltr'>θον</span> <span class='ocrx_word' id='word_1_728' title='bbox 524 4712 579 4766; x_wconf 71' lang='grc' dir='ltr'>έν</span> <span class='ocrx_word' id='word_1_729' title='bbox 616 4714 825 4785; x_wconf 83' lang='grc' dir='ltr'>μήτρας</span> <span class='ocrx_word' id='word_1_730' title='bbox 850 4730 864 4785; x_wconf 81' lang='lat'><strong>;</strong></span> <span class='ocrx_word' id='word_1_731' title='bbox 893 4662 1045 4785; x_wconf 52' lang='lat' dir='ltr'>Ibid,</span> <span class='ocrx_word' id='word_1_732' title='bbox 1083 4716 1166 4785; x_wconf 72' lang='lat'>18.</span> 
     </span>
    </p>
   </div>
   <div class='ocr_carea' id='block_1_86' title="bbox 468 4782 2040 4858">
    <p class='ocr_par' dir='ltr' id='par_1_86' title="bbox 468 4782 2040 4858">
     <span class='ocr_line' id='line_1_88' title="bbox 468 4782 2040 4858; baseline 0.002 -19"><span class='ocrx_word' id='word_1_733' title='bbox 468 4782 702 4858; x_wconf 50' lang='lat' dir='ltr'>(34m;</span> <span class='ocrx_word' id='word_1_734' title='bbox 729 4782 914 4856; x_wconf 75' lang='grc' dir='ltr'>τίγᾶρ</span> <span class='ocrx_word' id='word_1_735' title='bbox 969 4783 1072 4858; x_wconf 78' lang='grc' dir='ltr'>οὐκ</span> <span class='ocrx_word' id='word_1_736' title='bbox 1126 4782 1204 4858; x_wconf 81' lang='grc' dir='ltr'>ἐγ.</span> <span class='ocrx_word' id='word_1_737' title='bbox 1264 4784 1811 4858; x_wconf 86' lang='lat' dir='ltr'>Quoniamattulit</span> <span class='ocrx_word' id='word_1_738' title='bbox 1865 4785 2040 4856; x_wconf 89' lang='lat' dir='ltr'>paulo</span> 
     </span>
    </p>
   </div>
   <div class='ocr_carea' id='block_1_87' title="bbox 398 4856 2038 4937">
    <p class='ocr_par' dir='ltr' id='par_1_87' title="bbox 398 4856 2038 4937">
     <span class='ocr_line' id='line_1_89' title="bbox 398 4856 2038 4937; baseline 0.001 -28"><span class='ocrx_word' id='word_1_739' title='bbox 398 4856 739 4937; x_wconf 69' lang='lat' dir='ltr'>anteverba</span> <span class='ocrx_word' id='word_1_740' title='bbox 768 4856 1034 4937; x_wconf 69' lang='lat' dir='ltr'>Jeremia)</span> <span class='ocrx_word' id='word_1_741' title='bbox 1067 4872 1150 4937; x_wconf 61' lang='lat' dir='ltr'>ex</span> <span class='ocrx_word' id='word_1_742' title='bbox 1166 4856 1293 4937; x_wconf 80' lang='lat' dir='ltr'>cap.</span> <span class='ocrx_word' id='word_1_743' title='bbox 1317 4873 1411 4936; x_wconf 73' lang='lat' dir='ltr'>xx,</span> <span class='ocrx_word' id='word_1_744' title='bbox 1431 4874 1494 4937; x_wconf 33' lang='grc' dir='ltr'>εν.</span> <span class='ocrx_word' id='word_1_745' title='bbox 1533 4857 1598 4910; x_wconf 81' lang='grc'>14</span> <span class='ocrx_word' id='word_1_746' title='bbox 1631 4860 1804 4937; x_wconf 92' lang='lat' dir='ltr'>et</span> <span class='ocrx_word' id='word_1_747' title='bbox 1839 4858 2038 4937; x_wconf 79' lang='lat' dir='ltr'>existi-</span> 
     </span>
    </p>
   </div>
   <div class='ocr_carea' id='block_1_88' title="bbox 399 4926 2038 4999">
    <p class='ocr_par' dir='ltr' id='par_1_88' title="bbox 399 4926 2038 4999">
     <span class='ocr_line' id='line_1_90' title="bbox 399 4926 2038 4999; baseline 0.002 -21"><span class='ocrx_word' id='word_1_748' title='bbox 399 4926 578 4978; x_wconf 91' lang='lat' dir='ltr'>mavit</span> <span class='ocrx_word' id='word_1_749' title='bbox 607 4927 888 4999; x_wconf 72' lang='lat' dir='ltr'>liervetus</span> <span class='ocrx_word' id='word_1_750' title='bbox 946 4927 1041 4981; x_wconf 90' lang='lat' dir='ltr'>hic</span> <span class='ocrx_word' id='word_1_751' title='bbox 1081 4926 1256 4999; x_wconf 80' lang='lat' dir='ltr'>citari</span> <span class='ocrx_word' id='word_1_752' title='bbox 1283 4927 1567 4999; x_wconf 13' lang='lat' dir='ltr'>ejusdem,</span> <span class='ocrx_word' id='word_1_753' title='bbox 1594 4928 1804 4999; x_wconf 89' lang='lat' dir='ltr'>capitis</span> <span class='ocrx_word' id='word_1_754' title='bbox 1854 4929 2038 4998; x_wconf 85' lang='lat' dir='ltr'>septi-</span> 
     </span>
    </p>
   </div>
   <div class='ocr_carea' id='block_1_89' title="bbox 396 4996 2039 5062">
    <p class='ocr_par' dir='ltr' id='par_1_89' title="bbox 396 4996 2039 5062">
     <span class='ocr_line' id='line_1_91' title="bbox 396 4996 2039 5062; baseline 0.004 -15"><span class='ocrx_word' id='word_1_755' title='bbox 396 5010 561 5049; x_wconf 92' lang='lat' dir='ltr'>mum</span> <span class='ocrx_word' id='word_1_756' title='bbox 590 4996 887 5051; x_wconf 89' lang='lat' dir='ltr'>decimum</span> <span class='ocrx_word' id='word_1_757' title='bbox 912 5012 924 5049; x_wconf 90' lang='lat'><strong>:</strong></span> <span class='ocrx_word' id='word_1_758' title='bbox 951 5020 975 5045; x_wconf 81' lang='grc' dir='ltr'>ι(</span> <span class='ocrx_word' id='word_1_759' title='bbox 1004 4998 1108 5061; x_wconf 89' lang='lat' dir='ltr'>Qui</span> <span class='ocrx_word' id='word_1_760' title='bbox 1133 5015 1250 5052; x_wconf 90' lang='lat' dir='ltr'>non</span> <span class='ocrx_word' id='word_1_761' title='bbox 1277 4996 1369 5052; x_wconf 84' lang='lat' dir='ltr'>me</span> <span class='ocrx_word' id='word_1_762' title='bbox 1391 4996 1688 5053; x_wconf 81' lang='lat' dir='ltr'>interfecit</span> <span class='ocrx_word' id='word_1_763' title='bbox 1707 5017 1741 5055; x_wconf 87' lang='lat' dir='ltr'>a</span> <span class='ocrx_word' id='word_1_764' title='bbox 1760 4996 1945 5062; x_wconf 53' lang='lat' dir='ltr'>vultu,</span> <span class='ocrx_word' id='word_1_765' title='bbox 1974 5004 2039 5054; x_wconf 92' lang='lat' dir='ltr'>ut</span> 
     </span>
    </p>
   </div>
   <div class='ocr_carea' id='block_1_90' title="bbox 395 5064 2035 5142">
    <p class='ocr_par' dir='ltr' id='par_1_90' title="bbox 395 5064 2035 5142">
     <span class='ocr_line' id='line_1_92' title="bbox 395 5064 2035 5142; baseline 0.005 -24"><span class='ocrx_word' id='word_1_766' title='bbox 395 5064 566 5142; x_wconf 60' lang='lat' dir='ltr'>ﬁeret</span> <span class='ocrx_word' id='word_1_767' title='bbox 582 5066 726 5120; x_wconf 90' lang='lat' dir='ltr'>mihi</span> <span class='ocrx_word' id='word_1_768' title='bbox 741 5074 930 5142; x_wconf 77' lang='lat' dir='ltr'>mater</span> <span class='ocrx_word' id='word_1_769' title='bbox 946 5084 1077 5142; x_wconf 85' lang='lat' dir='ltr'>mea</span> <span class='ocrx_word' id='word_1_770' title='bbox 1100 5068 1434 5142; x_wconf 90' lang='lat' dir='ltr'>sepulcrum</span> <span class='ocrx_word' id='word_1_771' title='bbox 1459 5086 1516 5136; x_wconf 82' lang='lat'>;»</span> <span class='ocrx_word' id='word_1_772' title='bbox 1541 5069 1792 5142; x_wconf 91' lang='lat' dir='ltr'>ideoque</span> <span class='ocrx_word' id='word_1_773' title='bbox 1816 5087 2035 5126; x_wconf 91' lang='lat' dir='ltr'>nomen</span> 
     </span>
    </p>
   </div>
   <div class='ocr_carea' id='block_1_91' title="bbox 392 5135 2035 5198">
    <p class='ocr_par' dir='ltr' id='par_1_91' title="bbox 392 5135 2035 5198">
     <span class='ocr_line' id='line_1_93' title="bbox 392 5135 2035 5198; baseline 0.005 -8"><span class='ocrx_word' id='word_1_774' title='bbox 392 5135 591 5190; x_wconf 58' lang='lat' dir='ltr'>Esdras</span> <span class='ocrx_word' id='word_1_775' title='bbox 623 5153 758 5190; x_wconf 92' lang='lat' dir='ltr'>cum</span> <span class='ocrx_word' id='word_1_776' title='bbox 788 5138 1041 5192; x_wconf 83' lang='lat' dir='ltr'>Jeremia</span> <span class='ocrx_word' id='word_1_777' title='bbox 1070 5135 1489 5194; x_wconf 77' lang='lat' dir='ltr'>commutavit:</span> <span class='ocrx_word' id='word_1_778' title='bbox 1524 5148 1583 5194; x_wconf 91' lang='lat' dir='ltr'>at</span> <span class='ocrx_word' id='word_1_779' title='bbox 1622 5135 1827 5197; x_wconf 76' lang='lat' dir='ltr'>eadem</span> <span class='ocrx_word' id='word_1_780' title='bbox 1859 5142 2035 5198; x_wconf 87' lang='lat' dir='ltr'>verba</span> 
     </span>
    </p>
   </div>
   <div class='ocr_carea' id='block_1_92' title="bbox 388 5208 2034 5290">
    <p class='ocr_par' dir='ltr' id='par_1_92' title="bbox 388 5208 2034 5290">
     <span class='ocr_line' id='line_1_94' title="bbox 388 5208 2034 5290; baseline 0.004 -28"><span class='ocrx_word' id='word_1_781' title='bbox 388 5208 771 5290; x_wconf 74' lang='lat' dir='ltr'>reperiuntur</span> <span class='ocrx_word' id='word_1_782' title='bbox 800 5208 926 5290; x_wconf 44' lang='lat' dir='ltr'>lib.“</span> <span class='ocrx_word' id='word_1_783' title='bbox 939 5223 992 5261; x_wconf 84' lang='lat' dir='ltr'>1v</span> <span class='ocrx_word' id='word_1_784' title='bbox 1020 5209 1188 5263; x_wconf 89' lang='lat' dir='ltr'>Esdr.</span> <span class='ocrx_word' id='word_1_785' title='bbox 1239 5226 1366 5279; x_wconf 89' lang='lat' dir='ltr'>cap.</span> <span class='ocrx_word' id='word_1_786' title='bbox 1401 5213 1654 5290; x_wconf 25' lang='lat' dir='ltr'>v,‘v._35,</span> <span class='ocrx_word' id='word_1_787' title='bbox 1709 5213 1769 5267; x_wconf 90' lang='lat' dir='ltr'>in</span> <span class='ocrx_word' id='word_1_788' title='bbox 1830 5214 2034 5270; x_wconf 88' lang='lat' dir='ltr'>Latina</span> 
     </span>
    </p>
   </div>
   <div class='ocr_carea' id='block_1_93' title="bbox 387 5279 2026 5347">
    <p class='ocr_par' dir='ltr' id='par_1_93' title="bbox 387 5279 2026 5347">
     <span class='ocr_line' id='line_1_95' title="bbox 387 5279 2026 5347; baseline 0.004 -12"><span class='ocrx_word' id='word_1_789' title='bbox 387 5279 670 5347; x_wconf 89' lang='lat' dir='ltr'>editione,</span> <span class='ocrx_word' id='word_1_790' title='bbox 704 5295 843 5334; x_wconf 90' lang='lat' dir='ltr'>nam</span> <span class='ocrx_word' id='word_1_791' title='bbox 890 5280 1087 5334; x_wconf 70' lang='lat' dir='ltr'>Graeca</span> <span class='ocrx_word' id='word_1_792' title='bbox 1140 5296 1261 5335; x_wconf 89' lang='lat' dir='ltr'>non</span> <span class='ocrx_word' id='word_1_793' title='bbox 1294 5287 1501 5336; x_wconf 89' lang='lat' dir='ltr'>exstat.</span> <span class='ocrx_word' id='word_1_794' title='bbox 1535 5282 1627 5336; x_wconf 90' lang='lat' dir='ltr'>Sic</span> <span class='ocrx_word' id='word_1_795' title='bbox 1659 5299 1794 5347; x_wconf 82' lang='lat' dir='ltr'>ergo</span> <span class='ocrx_word' id='word_1_796' title='bbox 1824 5292 1982 5340; x_wconf 84' lang='lat' dir='ltr'>verte</span> <span class='ocrx_word' id='word_1_797' title='bbox 2014 5302 2026 5342; x_wconf 90' lang='lat'>:</span> 
     </span>
    </p>
   </div>
   <div class='ocr_carea' id='block_1_94' title="bbox 344 5349 2029 5426">
    <p class='ocr_par' dir='ltr' id='par_1_94' title="bbox 344 5349 2029 5426">
     <span class='ocr_line' id='line_1_96' title="bbox 344 5349 2029 5426; baseline 0.007 -25"><span class='ocrx_word' id='word_1_798' title='bbox 344 5398 349 5401; x_wconf 87' lang='lat'>_</span> <span class='ocrx_word' id='word_1_799' title='bbox 384 5373 412 5402; x_wconf 86' lang='lat'>«</span> <span class='ocrx_word' id='word_1_800' title='bbox 445 5352 636 5417; x_wconf 89' lang='lat' dir='ltr'>Quare</span> <span class='ocrx_word' id='word_1_801' title='bbox 667 5368 788 5405; x_wconf 90' lang='lat' dir='ltr'>non</span> <span class='ocrx_word' id='word_1_802' title='bbox 820 5349 999 5426; x_wconf 77' lang='lat' dir='ltr'>fiebat</span> <span class='ocrx_word' id='word_1_803' title='bbox 1021 5350 1230 5426; x_wconf 73' lang='lat' dir='ltr'>matrix</span> <span class='ocrx_word' id='word_1_804' title='bbox 1253 5353 1458 5426; x_wconf 78' lang='lat' dir='ltr'>matris</span> <span class='ocrx_word' id='word_1_805' title='bbox 1487 5368 1633 5426; x_wconf 57' lang='lat' dir='ltr'>meai</span> <span class='ocrx_word' id='word_1_806' title='bbox 1659 5349 1799 5426; x_wconf 84' lang='lat' dir='ltr'>mihi</span> <span class='ocrx_word' id='word_1_807' title='bbox 1832 5357 2029 5426; x_wconf 87' lang='lat' dir='ltr'>sepul-</span> 
     </span>
    </p>
   </div>
   <div class='ocr_carea' id='block_1_95' title="bbox 380 5420 2027 5501">
    <p class='ocr_par' dir='ltr' id='par_1_95' title="bbox 380 5420 2027 5501">
     <span class='ocr_line' id='line_1_97' title="bbox 380 5420 2027 5501; baseline 0.002 -23"><span class='ocrx_word' id='word_1_808' title='bbox 380 5440 569 5501; x_wconf 77' lang='lat' dir='ltr'>crum,</span> <span class='ocrx_word' id='word_1_809' title='bbox 604 5429 670 5478; x_wconf 92' lang='lat' dir='ltr'>ut</span> <span class='ocrx_word' id='word_1_810' title='bbox 698 5439 830 5501; x_wconf 75' lang='lat' dir='ltr'>non</span> <span class='ocrx_word' id='word_1_811' title='bbox 851 5420 1109 5501; x_wconf 77' lang='lat' dir='ltr'>viderem</span> <span class='ocrx_word' id='word_1_812' title='bbox 1127 5421 1404 5501; x_wconf 58' lang='lat' dir='ltr'>laborem</span> <span class='ocrx_word' id='word_1_813' title='bbox 1427 5423 1624 5501; x_wconf 63' lang='lat' dir='ltr'>Iacob,</span> <span class='ocrx_word' id='word_1_814' title='bbox 1658 5431 1717 5480; x_wconf 92' lang='lat' dir='ltr'>et</span> <span class='ocrx_word' id='word_1_815' title='bbox 1746 5420 2027 5501; x_wconf 77' lang='lat' dir='ltr'>defatiga-</span> 
     </span>
    </p>
   </div>
   <div class='ocr_carea' id='block_1_96' title="bbox 378 5493 2017 5569">
    <p class='ocr_par' dir='ltr' id='par_1_96' title="bbox 378 5493 2017 5569">
     <span class='ocr_line' id='line_1_98' title="bbox 378 5493 2017 5569; baseline 0.004 -20"><span class='ocrx_word' id='word_1_816' title='bbox 378 5496 601 5569; x_wconf 83' lang='lat' dir='ltr'>tionem</span> <span class='ocrx_word' id='word_1_817' title='bbox 633 5495 867 5569; x_wconf 87' lang='lat' dir='ltr'>generis</span> <span class='ocrx_word' id='word_1_818' title='bbox 917 5493 1095 5569; x_wconf 71' lang='lat' dir='ltr'>lsrael</span> <span class='ocrx_word' id='word_1_819' title='bbox 1126 5493 1154 5549; x_wconf 65' lang='grc' dir='ltr'>’ἔ</span> <span class='ocrx_word' id='word_1_820' title='bbox 1209 5494 1404 5565; x_wconf 90' lang='lat' dir='ltr'>inquit</span> <span class='ocrx_word' id='word_1_821' title='bbox 1464 5495 1672 5550; x_wconf 90' lang='lat' dir='ltr'>Esdras</span> <span class='ocrx_word' id='word_1_822' title='bbox 1703 5493 2017 5569; x_wconf 72' lang='lat' dir='ltr'>propheta.</span> 
     </span>
    </p>
   </div>
   <div class='ocr_carea' id='block_1_97' title="bbox 378 5567 1242 5623">
    <p class='ocr_par' dir='ltr' id='par_1_97' title="bbox 378 5567 1242 5623">
     <span class='ocr_line' id='line_1_99' title="bbox 378 5567 1242 5623; baseline -0.002 -2"><span class='ocrx_word' id='word_1_823' title='bbox 378 5568 586 5622; x_wconf 88' lang='lat' dir='ltr'>Nullus</span> <span class='ocrx_word' id='word_1_824' title='bbox 618 5567 725 5622; x_wconf 86' lang='lat' dir='ltr'>est.</span> <span class='ocrx_word' id='word_1_825' title='bbox 762 5590 791 5617; x_wconf 85' lang='grc'>››</span> <span class='ocrx_word' id='word_1_826' title='bbox 826 5572 938 5623; x_wconf 92' lang='lat' dir='ltr'>etc.</span> <span class='ocrx_word' id='word_1_827' title='bbox 976 5567 1242 5622; x_wconf 80' lang='lat' dir='ltr'>COLLECT.</span> 
     </span>
    </p>
   </div>
   <div class='ocr_carea' id='block_1_98' title="bbox 450 5634 2024 5708">
    <p class='ocr_par' dir='ltr' id='par_1_98' title="bbox 450 5634 2024 5708">
     <span class='ocr_line' id='line_1_100' title="bbox 450 5634 2024 5708; baseline 0.004 -18"><span class='ocrx_word' id='word_1_828' title='bbox 450 5639 563 5708; x_wconf 80' lang='lat'>(35)</span> <span class='ocrx_word' id='word_1_829' title='bbox 597 5634 813 5699; x_wconf 78' lang='grc' dir='ltr'>Οὐδείς.</span> <span class='ocrx_word' id='word_1_830' title='bbox 847 5637 1195 5694; x_wconf 86' lang='lat' dir='ltr'>Ambrosius</span> <span class='ocrx_word' id='word_1_831' title='bbox 1219 5638 1278 5691; x_wconf 92' lang='lat' dir='ltr'>in</span> <span class='ocrx_word' id='word_1_832' title='bbox 1312 5655 1325 5692; x_wconf 85' lang='grc' dir='ltr'>ι</span> <span class='ocrx_word' id='word_1_833' title='bbox 1355 5637 1561 5692; x_wconf 73' lang='lat' dir='ltr'>Lucae:</span> <span class='ocrx_word' id='word_1_834' title='bbox 1596 5660 1623 5688; x_wconf 87' lang='grc'>‹‹</span> <span class='ocrx_word' id='word_1_835' title='bbox 1652 5640 1832 5695; x_wconf 89' lang='lat' dir='ltr'>Nemo</span> <span class='ocrx_word' id='word_1_836' title='bbox 1852 5657 2024 5696; x_wconf 87' lang='lat' dir='ltr'>mun-</span> 
     </span>
    </p>
   </div>
   <div class='ocr_carea' id='block_1_99' title="bbox 379 5705 2023 5780">
    <p class='ocr_par' dir='ltr' id='par_1_99' title="bbox 379 5705 2023 5780">
     <span class='ocr_line' id='line_1_101' title="bbox 379 5705 2023 5780; baseline 0.004 -18"><span class='ocrx_word' id='word_1_837' title='bbox 379 5705 489 5762; x_wconf 82' lang='lat' dir='ltr'>dus</span> <span class='ocrx_word' id='word_1_838' title='bbox 510 5705 552 5763; x_wconf 42' lang='lat' dir='ltr'>a&#39;</span> <span class='ocrx_word' id='word_1_839' title='bbox 566 5709 761 5777; x_wconf 89' lang='lat' dir='ltr'>sorde,</span> <span class='ocrx_word' id='word_1_840' title='bbox 793 5726 903 5765; x_wconf 90' lang='lat' dir='ltr'>nec</span> <span class='ocrx_word' id='word_1_841' title='bbox 926 5709 974 5764; x_wconf 90' lang='lat' dir='ltr'>si</span> <span class='ocrx_word' id='word_1_842' title='bbox 1005 5710 1184 5766; x_wconf 92' lang='lat' dir='ltr'>unius</span> <span class='ocrx_word' id='word_1_843' title='bbox 1214 5709 1330 5765; x_wconf 91' lang='lat' dir='ltr'>diei</span> <span class='ocrx_word' id='word_1_844' title='bbox 1360 5710 1492 5765; x_wconf 67' lang='lat' dir='ltr'>vitae</span> <span class='ocrx_word' id='word_1_845' title='bbox 1520 5709 1597 5765; x_wconf 90' lang='lat' dir='ltr'>sit</span> <span class='ocrx_word' id='word_1_846' title='bbox 1624 5709 1686 5766; x_wconf 92' lang='lat' dir='ltr'>in</span> <span class='ocrx_word' id='word_1_847' title='bbox 1721 5717 1898 5780; x_wconf 89' lang='lat' dir='ltr'>terra,</span> <span class='ocrx_word' id='word_1_848' title='bbox 1917 5728 2023 5767; x_wconf 87' lang='lat' dir='ltr'>nu-</span> 
     </span>
    </p>
   </div>
   <div class='ocr_carea' id='block_1_100' title="bbox 377 5781 2020 5855">
    <p class='ocr_par' dir='ltr' id='par_1_100' title="bbox 377 5781 2020 5855">
     <span class='ocr_line' id='line_1_102' title="bbox 377 5781 2020 5855; baseline 0.004 -23"><span class='ocrx_word' id='word_1_849' title='bbox 377 5781 597 5834; x_wconf 86' lang='lat' dir='ltr'>merosi</span> <span class='ocrx_word' id='word_1_850' title='bbox 625 5796 862 5837; x_wconf 90' lang='lat' dir='ltr'>menses</span> <span class='ocrx_word' id='word_1_851' title='bbox 891 5781 1020 5854; x_wconf 86' lang='lat' dir='ltr'>ejus</span> <span class='ocrx_word' id='word_1_852' title='bbox 1063 5782 1136 5839; x_wconf 88' lang='lat' dir='ltr'>ab</span> <span class='ocrx_word' id='word_1_853' title='bbox 1180 5783 1310 5854; x_wconf 90' lang='lat' dir='ltr'>ipso</span> <span class='ocrx_word' id='word_1_854' title='bbox 1339 5781 1367 5837; x_wconf 79' lang='lat' dir='ltr'>‘I</span> <span class='ocrx_word' id='word_1_855' title='bbox 1396 5802 1426 5832; x_wconf 85' lang='lat'><strong>»</strong></span> <span class='ocrx_word' id='word_1_856' title='bbox 1466 5783 1532 5837; x_wconf 92' lang='lat' dir='ltr'>D.</span> <span class='ocrx_word' id='word_1_857' title='bbox 1564 5784 1926 5855; x_wconf 83' lang='lat' dir='ltr'>Augustinus</span> <span class='ocrx_word' id='word_1_858' title='bbox 1956 5783 2020 5839; x_wconf 90' lang='lat' dir='ltr'>in</span> 
     </span>
    </p>
   </div>
   <div class='ocr_carea' id='block_1_101' title="bbox 2166 3994 3805 4069">
    <p class='ocr_par' dir='ltr' id='par_1_101' title="bbox 2166 3994 3805 4069">
     <span class='ocr_line' id='line_1_103' title="bbox 2166 3994 3805 4069; baseline 0.001 -18"><span class='ocrx_word' id='word_1_859' title='bbox 2166 3996 2386 4069; x_wconf 86' lang='lat' dir='ltr'>Psalm.</span> <span class='ocrx_word' id='word_1_860' title='bbox 2416 4011 2486 4069; x_wconf 78' lang='lat'>1.:</span> <span class='ocrx_word' id='word_1_861' title='bbox 2519 4015 2543 4047; x_wconf 77' lang='grc' dir='ltr'>α</span> <span class='ocrx_word' id='word_1_862' title='bbox 2578 3994 2730 4051; x_wconf 91' lang='lat' dir='ltr'>Dicit</span> <span class='ocrx_word' id='word_1_863' title='bbox 2778 4000 2837 4051; x_wconf 89' lang='lat' dir='ltr'>et</span> <span class='ocrx_word' id='word_1_864' title='bbox 2874 3995 2990 4051; x_wconf 90' lang='lat' dir='ltr'>alio</span> <span class='ocrx_word' id='word_1_865' title='bbox 3049 3995 3178 4069; x_wconf 91' lang='lat' dir='ltr'>loco</span> <span class='ocrx_word' id='word_1_866' title='bbox 3224 3997 3533 4069; x_wconf 12' lang='lat' dir='ltr'>iPrOpheta</span> <span class='ocrx_word' id='word_1_867' title='bbox 3567 4013 3583 4053; x_wconf 90' lang='lat'><strong>:</strong></span> <span class='ocrx_word' id='word_1_868' title='bbox 3640 4000 3805 4055; x_wconf 78' lang='lat' dir='ltr'>Nemo</span> 
     </span>
    </p>
   </div>
   <div class='ocr_carea' id='block_1_102' title="bbox 2168 4067 3809 4143">
    <p class='ocr_par' dir='ltr' id='par_1_102' title="bbox 2168 4067 3809 4143">
     <span class='ocr_line' id='line_1_104' title="bbox 2168 4067 3809 4143; baseline 0.001 -21"><span class='ocrx_word' id='word_1_869' title='bbox 2168 4067 2422 4143; x_wconf 82' lang='lat' dir='ltr'>mundus</span> <span class='ocrx_word' id='word_1_870' title='bbox 2441 4068 2502 4143; x_wconf 81' lang='lat' dir='ltr'>in</span> <span class='ocrx_word' id='word_1_871' title='bbox 2523 4073 2848 4139; x_wconf 88' lang='lat' dir='ltr'>conspectu</span> <span class='ocrx_word' id='word_1_872' title='bbox 2869 4073 2992 4134; x_wconf 91' lang='lat' dir='ltr'>tuo,</span> <span class='ocrx_word' id='word_1_873' title='bbox 3010 4084 3128 4143; x_wconf 81' lang='lat' dir='ltr'>nec_</span> <span class='ocrx_word' id='word_1_874' title='bbox 3145 4067 3367 4143; x_wconf 70' lang='lat' dir='ltr'>infans,</span> <span class='ocrx_word' id='word_1_875' title='bbox 3378 4072 3557 4143; x_wconf 83' lang='lat' dir='ltr'>cujus</span> <span class='ocrx_word' id='word_1_876' title='bbox 3580 4077 3671 4125; x_wconf 89' lang='lat' dir='ltr'>est</span> <span class='ocrx_word' id='word_1_877' title='bbox 3687 4070 3809 4143; x_wconf 76' lang='lat' dir='ltr'>uni-</span> 
     </span>
    </p>
   </div>
   <div class='ocr_carea' id='block_1_103' title="bbox 2162 4139 3806 4211">
    <p class='ocr_par' dir='ltr' id='par_1_103' title="bbox 2162 4139 3806 4211">
     <span class='ocr_line' id='line_1_105' title="bbox 2162 4139 3806 4211; baseline 0.001 -18"><span class='ocrx_word' id='word_1_878' title='bbox 2162 4155 2235 4211; x_wconf 87' lang='lat' dir='ltr'>us</span> <span class='ocrx_word' id='word_1_879' title='bbox 2265 4139 2382 4193; x_wconf 83' lang='lat' dir='ltr'>diei</span> <span class='ocrx_word' id='word_1_880' title='bbox 2415 4140 2532 4193; x_wconf 88' lang='lat' dir='ltr'>vita</span> <span class='ocrx_word' id='word_1_881' title='bbox 2561 4156 2739 4211; x_wconf 89' lang='lat' dir='ltr'>super</span> <span class='ocrx_word' id='word_1_882' title='bbox 2766 4144 3009 4211; x_wconf 88' lang='lat' dir='ltr'>terram.</span> <span class='ocrx_word' id='word_1_883' title='bbox 3037 4161 3065 4190; x_wconf 84' lang='lat'>»</span> <span class='ocrx_word' id='word_1_884' title='bbox 3098 4139 3153 4193; x_wconf 92' lang='lat' dir='ltr'>S.</span> <span class='ocrx_word' id='word_1_885' title='bbox 3187 4139 3526 4196; x_wconf 81' lang='lat' dir='ltr'>Bernardus</span> <span class='ocrx_word' id='word_1_886' title='bbox 3544 4159 3722 4197; x_wconf 87' lang='lat' dir='ltr'>serm.</span> <span class='ocrx_word' id='word_1_887' title='bbox 3745 4140 3806 4194; x_wconf 87' lang='lat'><strong>70</strong></span> 
     </span>
    </p>
   </div>
   <div class='ocr_carea' id='block_1_104' title="bbox 2162 4210 3806 4270">
    <p class='ocr_par' dir='ltr' id='par_1_104' title="bbox 2162 4210 3806 4270">
     <span class='ocr_line' id='line_1_106' title="bbox 2162 4210 3806 4270; baseline 0.001 -6"><span class='ocrx_word' id='word_1_888' title='bbox 2162 4210 2224 4264; x_wconf 90' lang='lat' dir='ltr'>in</span> <span class='ocrx_word' id='word_1_889' title='bbox 2248 4211 2594 4266; x_wconf 90' lang='lat' dir='ltr'>Canticum:</span> <span class='ocrx_word' id='word_1_890' title='bbox 2627 4210 2653 4260; x_wconf 61' lang='grc' dir='ltr'><strong>ά</strong></span> <span class='ocrx_word' id='word_1_891' title='bbox 2690 4211 2804 4265; x_wconf 87' lang='lat' dir='ltr'>Nec</span> <span class='ocrx_word' id='word_1_892' title='bbox 2831 4210 3031 4266; x_wconf 88' lang='lat' dir='ltr'>infans</span> <span class='ocrx_word' id='word_1_893' title='bbox 3078 4217 3238 4266; x_wconf 88' lang='lat' dir='ltr'>certe</span> <span class='ocrx_word' id='word_1_894' title='bbox 3283 4212 3466 4267; x_wconf 91' lang='lat' dir='ltr'>unius</span> <span class='ocrx_word' id='word_1_895' title='bbox 3517 4212 3642 4270; x_wconf 90' lang='lat' dir='ltr'>diei</span> <span class='ocrx_word' id='word_1_896' title='bbox 3690 4212 3806 4267; x_wconf 82' lang='lat' dir='ltr'>sine</span> 
     </span>
    </p>
   </div>
   <div class='ocr_carea' id='block_1_105' title="bbox 2162 4280 3806 4353">
    <p class='ocr_par' dir='ltr' id='par_1_105' title="bbox 2162 4280 3806 4353">
     <span class='ocr_line' id='line_1_107' title="bbox 2162 4280 3806 4353; baseline 0 -17"><span class='ocrx_word' id='word_1_897' title='bbox 2162 4282 2334 4337; x_wconf 91' lang='lat' dir='ltr'>sorde</span> <span class='ocrx_word' id='word_1_898' title='bbox 2363 4288 2452 4337; x_wconf 92' lang='lat' dir='ltr'>est</span> <span class='ocrx_word' id='word_1_899' title='bbox 2481 4297 2659 4353; x_wconf 89' lang='lat' dir='ltr'>super</span> <span class='ocrx_word' id='word_1_900' title='bbox 2688 4287 2927 4338; x_wconf 91' lang='lat' dir='ltr'>terram.</span> <span class='ocrx_word' id='word_1_901' title='bbox 2963 4305 2992 4333; x_wconf 86' lang='grc'><strong><em>››</em></strong></span> <span class='ocrx_word' id='word_1_902' title='bbox 3026 4280 3167 4336; x_wconf 88' lang='lat' dir='ltr'>Vide</span> <span class='ocrx_word' id='word_1_903' title='bbox 3197 4281 3303 4337; x_wconf 91' lang='lat' dir='ltr'>lib.</span> <span class='ocrx_word' id='word_1_904' title='bbox 3341 4300 3397 4338; x_wconf 79' lang='grc' dir='ltr'>ιν</span> <span class='ocrx_word' id='word_1_905' title='bbox 3425 4285 3635 4340; x_wconf 83' lang='lat' dir='ltr'>Strom.</span> <span class='ocrx_word' id='word_1_906' title='bbox 3680 4283 3806 4349; x_wconf 88' lang='lat' dir='ltr'>Qui-</span> 
     </span>
    </p>
   </div>
   <div class='ocr_carea' id='block_1_106' title="bbox 2159 4352 3803 4426">
    <p class='ocr_par' dir='ltr' id='par_1_106' title="bbox 2159 4352 3803 4426">
     <span class='ocr_line' id='line_1_108' title="bbox 2159 4352 3803 4426; baseline -0.002 -17"><span class='ocrx_word' id='word_1_907' title='bbox 2159 4352 2296 4426; x_wconf 84' lang='lat' dir='ltr'>dam</span> <span class='ocrx_word' id='word_1_908' title='bbox 2329 4354 2390 4426; x_wconf 82' lang='lat' dir='ltr'>in</span> <span class='ocrx_word' id='word_1_909' title='bbox 2425 4352 2691 4426; x_wconf 83' lang='lat' dir='ltr'>margine</span> <span class='ocrx_word' id='word_1_910' title='bbox 2723 4354 3012 4426; x_wconf 86' lang='lat' dir='ltr'>adnotant</span> <span class='ocrx_word' id='word_1_911' title='bbox 3039 4360 3217 4425; x_wconf 89' lang='lat' dir='ltr'>caput</span> <span class='ocrx_word' id='word_1_912' title='bbox 3245 4371 3318 4409; x_wconf 88' lang='lat' dir='ltr'>xv</span> <span class='ocrx_word' id='word_1_913' title='bbox 3361 4355 3495 4417; x_wconf 85' lang='lat' dir='ltr'>Job.</span> <span class='ocrx_word' id='word_1_914' title='bbox 3528 4356 3637 4411; x_wconf 86' lang='lat' dir='ltr'>alii</span> <span class='ocrx_word' id='word_1_915' title='bbox 3685 4371 3803 4410; x_wconf 88' lang='lat' dir='ltr'>xxv.</span> 
     </span>
    </p>
   </div>
   <div class='ocr_carea' id='block_1_107' title="bbox 2159 4424 3809 4499">
    <p class='ocr_par' dir='ltr' id='par_1_107' title="bbox 2159 4424 3809 4499">
     <span class='ocr_line' id='line_1_109' title="bbox 2159 4424 3809 4499; baseline 0.001 -20"><span class='ocrx_word' id='word_1_916' title='bbox 2159 4424 2273 4499; x_wconf 89' lang='lat' dir='ltr'>Sed</span> <span class='ocrx_word' id='word_1_917' title='bbox 2302 4425 2519 4480; x_wconf 91' lang='lat' dir='ltr'>absunt</span> <span class='ocrx_word' id='word_1_918' title='bbox 2537 4424 2582 4480; x_wconf 51' lang='lat' dir='ltr'>a&#39;</span> <span class='ocrx_word' id='word_1_919' title='bbox 2601 4426 2806 4499; x_wconf 78' lang='lat' dir='ltr'>Latina</span> <span class='ocrx_word' id='word_1_920' title='bbox 2834 4425 3068 4499; x_wconf 88' lang='lat' dir='ltr'>vulgata</span> <span class='ocrx_word' id='word_1_921' title='bbox 3068 4424 3273 4499; x_wconf 51' lang='lat' dir='ltr'>_::haec_</span> <span class='ocrx_word' id='word_1_922' title='bbox 3286 4427 3627 4499; x_wconf 13' lang='lat' dir='ltr'>apuerXVx</span> <span class='ocrx_word' id='word_1_923' title='bbox 3656 4442 3809 4499; x_wconf 80' lang='lat' dir='ltr'>repe-</span> 
     </span>
    </p>
   </div>
   <div class='ocr_carea' id='block_1_108' title="bbox 2156 4494 3803 4574">
    <p class='ocr_par' dir='ltr' id='par_1_108' title="bbox 2156 4494 3803 4574">
     <span class='ocr_line' id='line_1_110' title="bbox 2156 4494 3803 4574; baseline -0.001 -25"><span class='ocrx_word' id='word_1_924' title='bbox 2156 4496 2396 4574; x_wconf 76' lang='lat' dir='ltr'>riuntur</span> <span class='ocrx_word' id='word_1_925' title='bbox 2419 4513 2559 4574; x_wconf 84' lang='lat' dir='ltr'>cap._</span> <span class='ocrx_word' id='word_1_926' title='bbox 2581 4513 2673 4574; x_wconf 60' lang='lat' dir='ltr'>xiv</span> <span class='ocrx_word' id='word_1_927' title='bbox 2693 4495 2911 4574; x_wconf 30' lang='lat' dir='ltr'>_.lob‘,‘v_.</span> <span class='ocrx_word' id='word_1_928' title='bbox 2939 4494 2976 4551; x_wconf 66' lang='grc' dir='ltr'>Ξ</span> <span class='ocrx_word' id='word_1_929' title='bbox 2994 4513 3038 4574; x_wconf 84' lang='lat'>_:_</span> <span class='ocrx_word' id='word_1_930' title='bbox 3064 4494 3163 4556; x_wconf 85' lang='grc' dir='ltr'>Τίς</span> <span class='ocrx_word' id='word_1_931' title='bbox 3200 4494 3342 4574; x_wconf 34' lang='grc' dir='ltr'>’γὰρξ</span> <span class='ocrx_word' id='word_1_932' title='bbox 3373 4498 3623 4574; x_wconf 74' lang='grc' dir='ltr'>καθαρὸς</span> <span class='ocrx_word' id='word_1_933' title='bbox 3643 4494 3803 4574; x_wconf 62' lang='grc' dir='ltr'>Δἔσται</span> 
     </span>
    </p>
   </div>
   <div class='ocr_carea' id='block_1_109' title="bbox 2156 4562 3803 4643">
    <p class='ocr_par' dir='ltr' id='par_1_109' title="bbox 2156 4562 3803 4643">
     <span class='ocr_line' id='line_1_111' title="bbox 2156 4562 3803 4643; baseline 0.001 -23"><span class='ocrx_word' id='word_1_934' title='bbox 2156 4566 2261 4643; x_wconf 84' lang='grc' dir='ltr'>ἀπὸ</span> <span class='ocrx_word' id='word_1_935' title='bbox 2296 4562 2517 4643; x_wconf 45' lang='lat' dir='ltr'>euroo:</span> <span class='ocrx_word' id='word_1_936' title='bbox 2544 4563 2706 4621; x_wconf 83' lang='grc' dir='ltr'>Ἀλλ’</span> <span class='ocrx_word' id='word_1_937' title='bbox 2754 4562 2956 4643; x_wconf 12' lang='grc' dir='ltr'>ορήδεὶς,</span> <span class='ocrx_word' id='word_1_938' title='bbox 2991 4565 3078 4643; x_wconf 47' lang='lat' dir='ltr'>{iv</span> <span class='ocrx_word' id='word_1_939' title='bbox 3127 4562 3238 4620; x_wconf 54' lang='grc' dir='ltr'><em>καῖ</em></span> <span class='ocrx_word' id='word_1_940' title='bbox 3278 4562 3378 4643; x_wconf 74' lang='grc' dir='ltr'>μία</span> <span class='ocrx_word' id='word_1_941' title='bbox 3406 4562 3599 4643; x_wconf 65' lang='grc' dir='ltr'>ἡμέρα</span> <span class='ocrx_word' id='word_1_942' title='bbox 3634 4569 3663 4623; x_wconf 85' lang='grc' dir='ltr'>ὁ</span> <span class='ocrx_word' id='word_1_943' title='bbox 3696 4568 3803 4643; x_wconf 69' lang='grc' dir='ltr'>βίος</span> 
     </span>
    </p>
   </div>
   <div class='ocr_carea' id='block_1_110' title="bbox 933 4612 2054 4715">
    <p class='ocr_par' dir='ltr' id='par_1_110' title="bbox 933 4612 2043 4715">
     <span class='ocr_line' id='line_1_112' title="bbox 933 4612 2043 4715; baseline 0.003 -21"><span class='ocrx_word' id='word_1_944' title='bbox 933 4612 1028 4715; x_wconf 59' lang='lat'>.12.?</span> <span class='ocrx_word' id='word_1_945' title='bbox 1056 4612 1853 4715; x_wconf 39' lang='lat' dir='ltr'>asurgitsumma:</span> <span class='ocrx_word' id='word_1_946' title='bbox 1880 4612 2043 4714; x_wconf 61' lang='grc' dir='ltr'>έεῖέλ-</span> 
     </span>
    </p>
   </div>
   <div class='ocr_carea' id='block_1_111' title="bbox 2167 4612 3807 4715">
    <p class='ocr_par' dir='ltr' id='par_1_111' title="bbox 2167 4612 3807 4715">
     <span class='ocr_line' id='line_1_113' title="bbox 2167 4612 3807 4715; baseline 0.002 -24"><span class='ocrx_word' id='word_1_947' title='bbox 2167 4612 2321 4715; x_wconf 59' lang='lat'>56:95</span> <span class='ocrx_word' id='word_1_948' title='bbox 2338 4636 2425 4715; x_wconf 66' lang='grc' dir='ltr'>ἐπὶ</span> <span class='ocrx_word' id='word_1_949' title='bbox 2446 4612 2546 4707; x_wconf 58' lang='grc' dir='ltr'>τῆς</span> <span class='ocrx_word' id='word_1_950' title='bbox 2571 4642 2691 4715; x_wconf 77' lang='grc' dir='ltr'>γῆς·</span> <span class='ocrx_word' id='word_1_951' title='bbox 2719 4661 2746 4688; x_wconf 86' lang='grc'>‹‹</span> <span class='ocrx_word' id='word_1_952' title='bbox 2767 4612 3091 4715; x_wconf 40' lang='grc' dir='ltr'>ρυίξῗέιιίηι</span> <span class='ocrx_word' id='word_1_953' title='bbox 3112 4612 3372 4715; x_wconf 60' lang='lat' dir='ltr'>mund-us</span> <span class='ocrx_word' id='word_1_954' title='bbox 3393 4612 3510 4696; x_wconf 51' lang='lat' dir='ltr'>erit</span> <span class='ocrx_word' id='word_1_955' title='bbox 3528 4612 3569 4697; x_wconf 65' lang='lat'>3</span> <span class='ocrx_word' id='word_1_956' title='bbox 3592 4612 3807 4715; x_wconf 55' lang='lat' dir='ltr'>sorde?</span> 
     </span>
    </p>
   </div>
   <div class='ocr_carea' id='block_1_112' title="bbox 2153 4710 3804 4782">
    <p class='ocr_par' dir='ltr' id='par_1_112' title="bbox 2153 4710 3804 4782">
     <span class='ocr_line' id='line_1_114' title="bbox 2153 4710 3804 4782; baseline 0 -16"><span class='ocrx_word' id='word_1_957' title='bbox 2153 4711 2264 4766; x_wconf 90' lang='lat' dir='ltr'>Sed</span> <span class='ocrx_word' id='word_1_958' title='bbox 2287 4711 2511 4778; x_wconf 91' lang='lat' dir='ltr'>nullus,</span> <span class='ocrx_word' id='word_1_959' title='bbox 2540 4710 2593 4764; x_wconf 86' lang='lat' dir='ltr'>si</span> <span class='ocrx_word' id='word_1_960' title='bbox 2612 4715 2845 4782; x_wconf 86' lang='lat' dir='ltr'>etunus</span> <span class='ocrx_word' id='word_1_961' title='bbox 2870 4710 2997 4765; x_wconf 92' lang='lat' dir='ltr'>dies</span> <span class='ocrx_word' id='word_1_962' title='bbox 3034 4711 3153 4765; x_wconf 87' lang='lat' dir='ltr'>vita</span> <span class='ocrx_word' id='word_1_963' title='bbox 3197 4713 3328 4782; x_wconf 90' lang='lat' dir='ltr'>ejus</span> <span class='ocrx_word' id='word_1_964' title='bbox 3352 4712 3412 4767; x_wconf 91' lang='lat' dir='ltr'>in</span> <span class='ocrx_word' id='word_1_965' title='bbox 3436 4718 3604 4769; x_wconf 88' lang='lat' dir='ltr'>terra</span> <span class='ocrx_word' id='word_1_966' title='bbox 3654 4736 3680 4760; x_wconf 76' lang='grc' dir='ltr'>ιο</span> <span class='ocrx_word' id='word_1_967' title='bbox 3708 4712 3804 4766; x_wconf 87' lang='lat' dir='ltr'>La-</span> 
     </span>
    </p>
   </div>
   <div class='ocr_carea' id='block_1_113' title="bbox 2154 4781 3797 4853">
    <p class='ocr_par' dir='ltr' id='par_1_113' title="bbox 2154 4781 3797 4853">
     <span class='ocr_line' id='line_1_115' title="bbox 2154 4781 3797 4853; baseline 0.001 -16"><span class='ocrx_word' id='word_1_968' title='bbox 2154 4784 2278 4838; x_wconf 88' lang='lat' dir='ltr'>tina</span> <span class='ocrx_word' id='word_1_969' title='bbox 2303 4782 2454 4853; x_wconf 81' lang='lat' dir='ltr'>vulg.</span> <span class='ocrx_word' id='word_1_970' title='bbox 2484 4799 2497 4836; x_wconf 92' lang='lat'>:</span> <span class='ocrx_word' id='word_1_971' title='bbox 2522 4804 2549 4830; x_wconf 88' lang='grc'>‹‹</span> <span class='ocrx_word' id='word_1_972' title='bbox 2583 4781 2723 4846; x_wconf 92' lang='lat' dir='ltr'>Quis</span> <span class='ocrx_word' id='word_1_973' title='bbox 2749 4788 2944 4853; x_wconf 90' lang='lat' dir='ltr'>potest</span> <span class='ocrx_word' id='word_1_974' title='bbox 2988 4782 3183 4837; x_wconf 91' lang='lat' dir='ltr'>facere</span> <span class='ocrx_word' id='word_1_975' title='bbox 3230 4781 3523 4839; x_wconf 90' lang='lat' dir='ltr'>mundum</span> <span class='ocrx_word' id='word_1_976' title='bbox 3573 4784 3648 4840; x_wconf 89' lang='lat' dir='ltr'>de</span> <span class='ocrx_word' id='word_1_977' title='bbox 3694 4784 3797 4838; x_wconf 87' lang='lat' dir='ltr'>im-</span> 
     </span>
    </p>
   </div>
   <div class='ocr_carea' id='block_1_114' title="bbox 2148 4853 3797 4926">
    <p class='ocr_par' dir='ltr' id='par_1_114' title="bbox 2148 4853 3797 4926">
     <span class='ocr_line' id='line_1_116' title="bbox 2148 4853 3797 4926; baseline -0.001 -17"><span class='ocrx_word' id='word_1_978' title='bbox 2148 4854 2372 4909; x_wconf 91' lang='lat' dir='ltr'>mundo</span> <span class='ocrx_word' id='word_1_979' title='bbox 2386 4858 2739 4926; x_wconf 84' lang='lat' dir='ltr'>conceptum</span> <span class='ocrx_word' id='word_1_980' title='bbox 2758 4854 2985 4909; x_wconf 89' lang='lat' dir='ltr'>semine</span> <span class='ocrx_word' id='word_1_981' title='bbox 2998 4853 3237 4926; x_wconf 78' lang='lat' dir='ltr'>‘Inonne</span> <span class='ocrx_word' id='word_1_982' title='bbox 3254 4860 3336 4926; x_wconf 87' lang='lat' dir='ltr'>tu.</span> <span class='ocrx_word' id='word_1_983' title='bbox 3354 4856 3458 4926; x_wconf 90' lang='lat' dir='ltr'>qui</span> <span class='ocrx_word' id='word_1_984' title='bbox 3482 4856 3655 4911; x_wconf 89' lang='lat' dir='ltr'>solus</span> <span class='ocrx_word' id='word_1_985' title='bbox 3673 4872 3732 4909; x_wconf 87' lang='lat' dir='ltr'>es</span> <span class='ocrx_word' id='word_1_986' title='bbox 3748 4854 3797 4908; x_wconf 69' lang='lat'>&#39;2-</span> 
     </span>
    </p>
   </div>
   <div class='ocr_carea' id='block_1_115' title="bbox 2148 4924 3798 4990">
    <p class='ocr_par' dir='ltr' id='par_1_115' title="bbox 2148 4924 3798 4990">
     <span class='ocr_line' id='line_1_117' title="bbox 2148 4924 3798 4990; baseline 0 -10"><span class='ocrx_word' id='word_1_987' title='bbox 2148 4928 2229 4980; x_wconf 88' lang='lat' dir='ltr'>Ex</span> <span class='ocrx_word' id='word_1_988' title='bbox 2258 4927 2500 4980; x_wconf 71' lang='lat' dir='ltr'>Hebraao</span> <span class='ocrx_word' id='word_1_989' title='bbox 2527 4924 2600 4979; x_wconf 91' lang='lat' dir='ltr'>ad</span> <span class='ocrx_word' id='word_1_990' title='bbox 2623 4924 2865 4979; x_wconf 90' lang='lat' dir='ltr'>verbum</span> <span class='ocrx_word' id='word_1_991' title='bbox 2888 4941 2901 4978; x_wconf 89' lang='lat'><strong>:</strong></span> <span class='ocrx_word' id='word_1_992' title='bbox 2936 4946 2965 4973; x_wconf 83' lang='grc'><em>‹‹</em></span> <span class='ocrx_word' id='word_1_993' title='bbox 2995 4925 3135 4990; x_wconf 89' lang='lat' dir='ltr'>Quis</span> <span class='ocrx_word' id='word_1_994' title='bbox 3193 4924 3387 4980; x_wconf 52' lang='lat' dir='ltr'>dabit&#39;</span> <span class='ocrx_word' id='word_1_995' title='bbox 3408 4927 3709 4982; x_wconf 89' lang='lat' dir='ltr'>mundum</span> <span class='ocrx_word' id='word_1_996' title='bbox 3736 4941 3798 4980; x_wconf 84' lang='lat' dir='ltr'>ex</span> 
     </span>
    </p>
   </div>
   <div class='ocr_carea' id='block_1_116' title="bbox 2148 4995 3801 5069">
    <p class='ocr_par' dir='ltr' id='par_1_116' title="bbox 2148 4995 3801 5069">
     <span class='ocr_line' id='line_1_118' title="bbox 2148 4995 3801 5069; baseline 0.001 -18"><span class='ocrx_word' id='word_1_997' title='bbox 2148 4996 2499 5051; x_wconf 80' lang='lat' dir='ltr'>immundo?</span> <span class='ocrx_word' id='word_1_998' title='bbox 2524 5012 2597 5069; x_wconf 85' lang='lat' dir='ltr'>ne</span> <span class='ocrx_word' id='word_1_999' title='bbox 2620 5013 2777 5051; x_wconf 88' lang='lat' dir='ltr'>unus</span> <span class='ocrx_word' id='word_1_1000' title='bbox 2794 4996 3055 5066; x_wconf 85' lang='lat' dir='ltr'>quidem.</span> <span class='ocrx_word' id='word_1_1001' title='bbox 3087 5019 3113 5044; x_wconf 80' lang='lat' dir='ltr'>n</span> <span class='ocrx_word' id='word_1_1002' title='bbox 3134 4995 3599 5069; x_wconf 81' lang='lat' dir='ltr'>Olympiodorus</span> <span class='ocrx_word' id='word_1_1003' title='bbox 3624 4999 3687 5053; x_wconf 91' lang='lat' dir='ltr'>in</span> <span class='ocrx_word' id='word_1_1004' title='bbox 3708 5000 3801 5053; x_wconf 77' lang='grc' dir='ltr'>Ειτ-</span> 
     </span>
    </p>
   </div>
   <div class='ocr_carea' id='block_1_117' title="bbox 2138 5067 3796 5138">
    <p class='ocr_par' dir='ltr' id='par_1_117' title="bbox 2138 5067 3796 5138">
     <span class='ocr_line' id='line_1_119' title="bbox 2138 5067 3796 5138; baseline 0 -16"><span class='ocrx_word' id='word_1_1005' title='bbox 2138 5070 2413 5138; x_wconf 81' lang='lat' dir='ltr'>positione</span> <span class='ocrx_word' id='word_1_1006' title='bbox 2443 5083 2477 5122; x_wconf 94' lang='lat' dir='ltr'>a</span> <span class='ocrx_word' id='word_1_1007' title='bbox 2507 5068 2707 5122; x_wconf 90' lang='lat' dir='ltr'>Niceta</span> <span class='ocrx_word' id='word_1_1008' title='bbox 2735 5075 3028 5132; x_wconf 88' lang='lat' dir='ltr'>contexta,</span> <span class='ocrx_word' id='word_1_1009' title='bbox 3063 5083 3182 5138; x_wconf 87' lang='lat' dir='ltr'>qua</span> <span class='ocrx_word' id='word_1_1010' title='bbox 3213 5067 3548 5138; x_wconf 35' lang='lat' dir='ltr'>nsifsumus</span> <span class='ocrx_word' id='word_1_1011' title='bbox 3597 5085 3796 5125; x_wconf 85' lang='lat' dir='ltr'>manu-</span> 
     </span>
    </p>
   </div>
   <div class='ocr_carea' id='block_1_118' title="bbox 2146 5136 3796 5213">
    <p class='ocr_par' dir='ltr' id='par_1_118' title="bbox 2146 5136 3796 5213">
     <span class='ocr_line' id='line_1_120' title="bbox 2146 5136 3796 5213; baseline -0.002 -20"><span class='ocrx_word' id='word_1_1012' title='bbox 2146 5136 2383 5213; x_wconf 83' lang='lat' dir='ltr'>scripta.</span> <span class='ocrx_word' id='word_1_1013' title='bbox 2413 5139 2495 5213; x_wconf 80' lang='lat' dir='ltr'>sic</span> <span class='ocrx_word' id='word_1_1014' title='bbox 2519 5139 2799 5213; x_wconf 58' lang='lat' dir='ltr'>explanat</span> <span class='ocrx_word' id='word_1_1015' title='bbox 2817 5136 3195 5213; x_wconf 68' lang='lat' dir='ltr'>hunc_locum</span> <span class='ocrx_word' id='word_1_1016' title='bbox 3219 5136 3405 5213; x_wconf 37' lang='lat' dir='ltr'>{Auni}</span> <span class='ocrx_word' id='word_1_1017' title='bbox 3423 5141 3458 5206; x_wconf 86' lang='grc' dir='ltr'><strong>ή</strong></span> <span class='ocrx_word' id='word_1_1018' title='bbox 3483 5138 3796 5213; x_wconf 73' lang='grc' dir='ltr'>ἀνθρωπίνη</span> 
     </span>
    </p>
   </div>
   <div class='ocr_carea' id='block_1_119' title="bbox 2140 5205 3795 5285">
    <p class='ocr_par' dir='ltr' id='par_1_119' title="bbox 2140 5205 3795 5285">
     <span class='ocr_line' id='line_1_121' title="bbox 2140 5205 3795 5285; baseline -0.001 -22"><span class='ocrx_word' id='word_1_1019' title='bbox 2140 5205 2388 5282; x_wconf 70' lang='grc' dir='ltr'>γέννῇσις</span> <span class='ocrx_word' id='word_1_1020' title='bbox 2418 5210 2525 5285; x_wconf 77' lang='grc' dir='ltr'>οὐκ</span> <span class='ocrx_word' id='word_1_1021' title='bbox 2554 5205 2678 5285; x_wconf 60' lang='grc' dir='ltr'>ἄνευ</span> <span class='ocrx_word' id='word_1_1022' title='bbox 2707 5208 2879 5285; x_wconf 63' lang='grc' dir='ltr'>ῥόπου</span> <span class='ocrx_word' id='word_1_1023' title='bbox 2908 5208 2995 5263; x_wconf 86' lang='grc' dir='ltr'>καὶ</span> <span class='ocrx_word' id='word_1_1024' title='bbox 3022 5207 3315 5285; x_wconf 63' lang='grc' dir='ltr'>⁸ἁμαρτίαις</span> <span class='ocrx_word' id='word_1_1025' title='bbox 3363 5205 3659 5285; x_wconf 47' lang='grc' dir='ltr'>τυγχάνει,</span> <span class='ocrx_word' id='word_1_1026' title='bbox 3686 5211 3795 5273; x_wconf 76' lang='grc' dir='ltr'>ὅθεν</span> 
     </span>
    </p>
   </div>
   <div class='ocr_carea' id='block_1_120' title="bbox 2140 5276 3795 5355">
    <p class='ocr_par' dir='ltr' id='par_1_120' title="bbox 2140 5276 3795 5355">
     <span class='ocr_line' id='line_1_122' title="bbox 2140 5276 3795 5355; baseline 0.001 -21"><span class='ocrx_word' id='word_1_1027' title='bbox 2140 5276 2226 5335; x_wconf 83' lang='grc' dir='ltr'>καὶ</span> <span class='ocrx_word' id='word_1_1028' title='bbox 2267 5276 2578 5355; x_wconf 66' lang='grc' dir='ltr'>βαπτίζεται</span> <span class='ocrx_word' id='word_1_1029' title='bbox 2622 5276 2715 5355; x_wconf 43' lang='grc' dir='ltr'>τάξ</span> <span class='ocrx_word' id='word_1_1030' title='bbox 2751 5280 2924 5355; x_wconf 72' lang='grc' dir='ltr'>βρέφη</span> <span class='ocrx_word' id='word_1_1031' title='bbox 2963 5276 3094 5355; x_wconf 25' lang='grc' dir='ltr'>’τὸν</span> <span class='ocrx_word' id='word_1_1032' title='bbox 3135 5276 3224 5355; x_wconf 43' lang='grc' dir='ltr'>δίιᾲ</span> <span class='ocrx_word' id='word_1_1033' title='bbox 3280 5276 3795 5355; x_wconf 36' lang='grc' dir='ltr'>τῖλε-παραϐάσεως</span> 
     </span>
    </p>
   </div>
   <div class='ocr_carea' id='block_1_121' title="bbox 2137 5347 3793 5428">
    <p class='ocr_par' dir='ltr' id='par_1_121' title="bbox 2137 5347 3793 5428">
     <span class='ocr_line' id='line_1_123' title="bbox 2137 5347 3793 5428; baseline -0.002 -21"><span class='ocrx_word' id='word_1_1034' title='bbox 2137 5347 3133 5428; x_wconf 22' lang='grc' dir='ltr'>τοῦλ⁸ᾼδᾶμξρύπογἀποπλυνόμενα.</span> <span class='ocrx_word' id='word_1_1035' title='bbox 3166 5347 3343 5428; x_wconf 73' lang='grc' dir='ltr'>Τοῦτο</span> <span class='ocrx_word' id='word_1_1036' title='bbox 3503 5347 3664 5428; x_wconf 69' lang='grc' dir='ltr'>λέγει</span> <span class='ocrx_word' id='word_1_1037' title='bbox 3709 5349 3793 5428; x_wconf 49' lang='lat' dir='ltr'>iiii</span> 
     </span>
    </p>
   </div>
   <div class='ocr_carea' id='block_1_122' title="bbox 2138 5419 3792 5499">
    <p class='ocr_par' dir='ltr' id='par_1_122' title="bbox 2138 5419 3792 5499">
     <span class='ocr_line' id='line_1_124' title="bbox 2138 5419 3792 5499; baseline -0.001 -21"><span class='ocrx_word' id='word_1_1038' title='bbox 2138 5426 2198 5479; x_wconf 85' lang='grc' dir='ltr'>τὸ</span> <span class='ocrx_word' id='word_1_1039' title='bbox 2227 5419 2580 5499; x_wconf 26' lang='grc' dir='ltr'>ἠσθενηκὲνᾳαι</span> <span class='ocrx_word' id='word_1_1040' title='bbox 2611 5423 2711 5499; x_wconf 77' lang='grc' dir='ltr'>τήν</span> <span class='ocrx_word' id='word_1_1041' title='bbox 2745 5424 2911 5499; x_wconf 47' lang='grc' dir='ltr'>φύσιν.</span> <span class='ocrx_word' id='word_1_1042' title='bbox 2953 5419 3013 5476; x_wconf 79' lang='grc' dir='ltr'>ἐκ</span> <span class='ocrx_word' id='word_1_1043' title='bbox 3061 5428 3173 5499; x_wconf 39' lang='grc' dir='ltr'>τῆς.</span> <span class='ocrx_word' id='word_1_1044' title='bbox 3210 5420 3264 5477; x_wconf 78' lang='grc' dir='ltr'>έν</span> <span class='ocrx_word' id='word_1_1045' title='bbox 3315 5420 3496 5499; x_wconf 67' lang='grc' dir='ltr'>’ᾼδὰμ</span> <span class='ocrx_word' id='word_1_1046' title='bbox 3547 5419 3792 5499; x_wconf 61' lang='grc' dir='ltr'>παραϐά-</span> 
     </span>
    </p>
   </div>
   <div class='ocr_carea' id='block_1_123' title="bbox 2136 5493 3789 5569">
    <p class='ocr_par' dir='ltr' id='par_1_123' title="bbox 2136 5493 3789 5569">
     <span class='ocr_line' id='line_1_125' title="bbox 2136 5493 3789 5569; baseline -0.002 -21"><span class='ocrx_word' id='word_1_1047' title='bbox 2136 5493 2272 5569; x_wconf 75' lang='grc' dir='ltr'>σεως</span> <span class='ocrx_word' id='word_1_1048' title='bbox 2299 5494 2389 5551; x_wconf 82' lang='grc' dir='ltr'>καὶ</span> <span class='ocrx_word' id='word_1_1049' title='bbox 2418 5493 2702 5569; x_wconf 4' lang='grc' dir='ltr'>(εὐόλισθον</span> <span class='ocrx_word' id='word_1_1050' title='bbox 2731 5493 3006 5569; x_wconf 77' lang='grc' dir='ltr'>γεγονέναι</span> <span class='ocrx_word' id='word_1_1051' title='bbox 3037 5493 3115 5555; x_wconf 82' lang='grc' dir='ltr'>είς</span> <span class='ocrx_word' id='word_1_1052' title='bbox 3145 5493 3437 5569; x_wconf 68' lang='grc' dir='ltr'>ἁμαρτίαν,</span> <span class='ocrx_word' id='word_1_1053' title='bbox 3457 5493 3566 5551; x_wconf 59' lang='grc' dir='ltr'>’καὶ</span> <span class='ocrx_word' id='word_1_1054' title='bbox 3614 5493 3789 5569; x_wconf 81' lang='grc' dir='ltr'>μέντοι</span> 
     </span>
    </p>
   </div>
   <div class='ocr_carea' id='block_1_124' title="bbox 2134 5517 3787 5644">
    <p class='ocr_par' dir='ltr' id='par_1_124' title="bbox 2134 5517 3787 5644">
     <span class='ocr_line' id='line_1_126' title="bbox 2136 5517 3787 5569; baseline -0.002 -21"><span class='ocrx_word' id='word_1_1055' title='bbox 2136 5517 2270 5557; x_wconf 78' lang='grc' dir='ltr'>σεως</span> <span class='ocrx_word' id='word_1_1056' title='bbox 2299 5517 2389 5551; x_wconf 85' lang='grc' dir='ltr'>και</span> <span class='ocrx_word' id='word_1_1057' title='bbox 2421 5517 2702 5549; x_wconf 83' lang='grc' dir='ltr'>ευοΛισυον</span> <span class='ocrx_word' id='word_1_1058' title='bbox 2769 5517 3006 5569; x_wconf 83' lang='grc' dir='ltr'>εγονεναι</span> <span class='ocrx_word' id='word_1_1059' title='bbox 3037 5517 3115 5555; x_wconf 84' lang='grc' dir='ltr'>εις</span> <span class='ocrx_word' id='word_1_1060' title='bbox 3145 5517 3437 5569; x_wconf 85' lang='grc' dir='ltr'>αμαρτιαν,</span> <span class='ocrx_word' id='word_1_1061' title='bbox 3468 5517 3566 5551; x_wconf 81' lang='grc' dir='ltr'>και</span> <span class='ocrx_word' id='word_1_1062' title='bbox 3614 5517 3787 5569; x_wconf 83' lang='grc' dir='ltr'>μεντοι</span> 
     </span>
     <span class='ocr_line' id='line_1_127' title="bbox 2134 5517 3787 5644; baseline -0.001 -24"><span class='ocrx_word' id='word_1_1063' title='bbox 2134 5569 2222 5621; x_wconf 73' lang='grc' dir='ltr'>καὶ</span> <span class='ocrx_word' id='word_1_1064' title='bbox 2255 5567 2344 5644; x_wconf 71' lang='grc' dir='ltr'>διὰ</span> <span class='ocrx_word' id='word_1_1065' title='bbox 2372 5574 2473 5644; x_wconf 77' lang='grc' dir='ltr'>τήν</span> <span class='ocrx_word' id='word_1_1066' title='bbox 2505 5566 2563 5621; x_wconf 78' lang='grc' dir='ltr'>ἐκ</span> <span class='ocrx_word' id='word_1_1067' title='bbox 2593 5517 2915 5644; x_wconf 25' lang='grc' dir='ltr'>φιληέᾼονίας</span> <span class='ocrx_word' id='word_1_1068' title='bbox 2941 5564 3220 5644; x_wconf 69' lang='grc' dir='ltr'>γέννησιν,</span> <span class='ocrx_word' id='word_1_1069' title='bbox 3243 5564 3310 5644; x_wconf 74' lang='grc' dir='ltr'>οὗ</span> <span class='ocrx_word' id='word_1_1070' title='bbox 3346 5567 3456 5644; x_wconf 70' lang='grc' dir='ltr'>μὴν</span> <span class='ocrx_word' id='word_1_1071' title='bbox 3487 5568 3571 5644; x_wconf 70' lang='grc' dir='ltr'>ὡς</span> <span class='ocrx_word' id='word_1_1072' title='bbox 3605 5588 3787 5622; x_wconf 74' lang='grc' dir='ltr'>συνου-</span> 
     </span>
    </p>
   </div>
   <div class='ocr_carea' id='block_1_125' title="bbox 2133 5636 3783 5711">
    <p class='ocr_par' dir='ltr' id='par_1_125' title="bbox 2133 5636 3783 5711">
     <span class='ocr_line' id='line_1_128' title="bbox 2133 5636 3783 5711; baseline 0.002 -19"><span class='ocrx_word' id='word_1_1073' title='bbox 2133 5639 2409 5710; x_wconf 87' lang='grc' dir='ltr'>σιωμένης</span> <span class='ocrx_word' id='word_1_1074' title='bbox 2439 5640 2575 5711; x_wconf 79' lang='grc' dir='ltr'>ἡμῖν</span> <span class='ocrx_word' id='word_1_1075' title='bbox 2605 5636 2709 5706; x_wconf 69' lang='grc' dir='ltr'>τῆς</span> <span class='ocrx_word' id='word_1_1076' title='bbox 2749 5636 3047 5711; x_wconf 53' lang='grc' dir='ltr'>ἁμαρτίαςξ</span> <span class='ocrx_word' id='word_1_1077' title='bbox 3078 5636 3152 5709; x_wconf 80' lang='grc' dir='ltr'>μὴ</span> <span class='ocrx_word' id='word_1_1078' title='bbox 3197 5636 3407 5711; x_wconf 81' lang='grc' dir='ltr'>γένοιτο</span> <span class='ocrx_word' id='word_1_1079' title='bbox 3436 5639 3457 5711; x_wconf 74' lang='grc'>1</span> <span class='ocrx_word' id='word_1_1080' title='bbox 3517 5643 3783 5702; x_wconf 75' lang='lat' dir='ltr'>COLLBC‘I,</span> 
     </span>
    </p>
   </div>
   <div class='ocr_carea' id='block_1_126' title="bbox 2133 5708 3792 5781">
    <p class='ocr_par' dir='ltr' id='par_1_126' title="bbox 2133 5708 3792 5781">
     <span class='ocr_line' id='line_1_129' title="bbox 2133 5708 3792 5781; baseline 0 -14"><span class='ocrx_word' id='word_1_1081' title='bbox 2133 5742 2204 5753; x_wconf 91' lang='lat'><em>—</em></span> <span class='ocrx_word' id='word_1_1082' title='bbox 2223 5708 2496 5769; x_wconf 83' lang='lat' dir='ltr'>Clemens</span> <span class='ocrx_word' id='word_1_1083' title='bbox 2512 5713 2818 5781; x_wconf 74' lang='lat' dir='ltr'>Romanus</span> <span class='ocrx_word' id='word_1_1084' title='bbox 2837 5708 3102 5781; x_wconf 62' lang='lat' dir='ltr'>Epistolas</span> <span class='ocrx_word' id='word_1_1085' title='bbox 3119 5708 3339 5781; x_wconf 80' lang='lat' dir='ltr'>prioris</span> <span class='ocrx_word' id='word_1_1086' title='bbox 3367 5710 3444 5766; x_wconf 82' lang='lat' dir='ltr'>ad</span> <span class='ocrx_word' id='word_1_1087' title='bbox 3471 5711 3792 5781; x_wconf 69' lang='lat' dir='ltr'>Corinthios</span> 
     </span>
    </p>
   </div>
   <div class='ocr_carea' id='block_1_127' title="bbox 2132 5775 3788 5856">
    <p class='ocr_par' dir='ltr' id='par_1_127' title="bbox 2132 5775 3788 5856">
     <span class='ocr_line' id='line_1_130' title="bbox 2132 5775 3788 5856; baseline -0.003 -16"><span class='ocrx_word' id='word_1_1088' title='bbox 2132 5800 2260 5856; x_wconf 85' lang='lat' dir='ltr'>cap.</span> <span class='ocrx_word' id='word_1_1089' title='bbox 2314 5785 2422 5841; x_wconf 67' lang='lat'>47:</span> <span class='ocrx_word' id='word_1_1090' title='bbox 2455 5775 2580 5839; x_wconf 82' lang='grc' dir='ltr'>Ἰὼό</span> <span class='ocrx_word' id='word_1_1091' title='bbox 2610 5781 2677 5853; x_wconf 79' lang='grc' dir='ltr'>ἦν</span> <span class='ocrx_word' id='word_1_1092' title='bbox 2709 5775 2917 5843; x_wconf 74' lang='grc' dir='ltr'>δίκαιὸς</span> <span class='ocrx_word' id='word_1_1093' title='bbox 2970 5778 3064 5835; x_wconf 84' lang='grc' dir='ltr'>καὶ</span> <span class='ocrx_word' id='word_1_1094' title='bbox 3119 5775 3435 5855; x_wconf 58' lang='grc' dir='ltr'>ἄμεμπτος,</span> <span class='ocrx_word' id='word_1_1095' title='bbox 3490 5779 3788 5853; x_wconf 79' lang='grc' dir='ltr'>ἀληθινὸς.</span> 
     </span>
    </p>
   </div>
  </div>
