4048 6186
313 254 458 313 ιεοδ

1644 262 2093 323 ετιιοιιΑτῠΜ
2130 226 2265 317 LIB.
2306 261 2405 318 III.

3594 264 3735 320 1206

311 378 437 450 νητῖ
466 380 582 454 (49)
621 383 1073 462 στεφανούμενοι.
1123 386 1194 455 ᾝ
1252 383 1321 457 δή
1372 406 1518 451 τινες
1568 389 1678 461 (50)
1729 385 1820 443 καὶ
1869 392 1926 441 τῦ

2042 432 2051 455 ι
2083 391 2281 443 autem
2312 374 2380 441 ut
2407 383 2921 456 incorruptibilem
2942 384 3042 456 (a),
3071 407 3100 435 »
3124 384 3186 440 in
3219 384 3381 441 lucta
3398 385 3727 451 vincentes.

312 469 587 541 παρθένου
609 473 713 543 τήν
764 475 944 548 χήραν
999 472 1076 537 εἲς
1130 474 1444 551 ἐγκράτειαν
1482 477 1849 553 προτείνουσι,
1880 497 1976 531 κα-

320 558 957 638 ταμεγαλοφρονήσασαν
985 566 1051 634 ἧς
1080 564 1400 642 πεπείραται
1429 563 1652 637 ἡδονῆς.

2087 491 2207 531 non
2239 480 2437 529 autem
2469 474 2596 529 sine
2627 474 2866 545 pulvere
2890 491 3170 530 coronam
3198 476 3579 549 accipientes.
3601 480 3730 536 Jam

2075 564 2357 620 nonnulli
2382 580 2617 635 quoque
2635 563 2963 635 praeferunt
2982 564 3219 620 viduam
3237 565 3468 640 virgini.
3488 574 3553 622 ut
3574 585 3727 639 quat,

2076 670 2258 725 quam
2294 659 2535 725 experta
2565 658 2675 722 est,
2707 653 3067 726 voluptatem
3112 671 3326 728 magno
3358 657 3559 713 animo
3587 674 3730 713 con-

2072 743 2402 817 tempserit.

1796 862 2032 920 CAPUT
2067 863 2237 918 XVII.

311 957 419 1023 Qui
452 958 681 1028 nuptias
705 965 758 1016 et
781 964 1189 1031 generationem
1213 963 1388 1020 malas
1437 969 1709 1031 asserunt,
1740 965 1786 1019 ii
1813 970 1867 1018 et
1897 964 1997 1017 Dei
2044 963 2369 1087 crteationem
2419 966 2470 1015 et
2513 962 2690 1031 ipsam
2733 961 3026 1031 Evangelii
3065 962 3522 1032 dispensationem
3566 967 3722 1020 vitu-

1910 1049 2085 1087 neran
2118 1076 2133 1087 .

1906 1049 2133 1106 perant.

377 1126 443 1184 El
470 1125 528 1184 δὲ
555 1130 591 1199 ἡ
623 1129 831 1202 γένεσις
882 1131 1070 1200 κακὸν,
1120 1130 1173 1187 ἰν
1225 1136 1380 1205 κακῷ
1429 1131 1703 1208 λεγόντων
1734 1133 1787 1187 οἱ
1821 1129 1962 1207 βλά-

2143 1131 2241 1188 Sin
2257 1135 2454 1186 autem
2471 1131 2696 1187 malum
2711 1133 3203 1205 estgeneratio,in
3214 1133 3372 1188 malo
3386 1133 3719 1206 blasphemi

306 1236 520 1295 σφημοι
576 1219 669 1274 τὸν
724 1221 989 1296 γενέσεως
1046 1221 1411 1298 μετειλθφότα
1462 1221 1691 1297 Κύριον,
1722 1221 1774 1276 ἐν
1804 1221 1926 1277 κακέ

2068 1220 2275 1277 dicant
2292 1220 2478 1276 fuisse
2495 1221 2811 1276 Dominum
2831 1222 2933 1292 qui
2950 1222 3064 1277 fuit
3077 1223 3372 1294 particeps
3392 1225 3721 1295 generatio-

294 1306 400 1374 τὴν
426 1309 763 1380 γεννήσασαν
820 1309 1117 1383 Παρθένον.
1176 1307 1346 1383 Οἵμοι
1403 1316 1511 1366 τῶν
1563 1313 1779 1368 κακῶνι
1820 1309 1926 1384 βλα

2064 1311 2246 1380 nis,in
2265 1310 2424 1365 malo
2450 1310 2745 1382 Virginem
2763 1327 2895 1380 quas
2917 1312 3140 1383 genuit.
3160 1312 3264 1366 Hei
3282 1312 3429 1366 mihi
3447 1311 3460 1367 Ι
3485 1319 3630 1385 quot
3660 1319 3719 1369 et

297 1399 583 1469 σφημοῦσι
611 1398 676 1452 τὸ
719 1395 980 1471 βούλημα
1033 1402 1131 1455 τοῦ
1185 1404 1340 1471 Θεοῦ,
1397 1402 1488 1456 καὶ
1534 1400 1598 1456 τὸ
1652 1402 1952 1474 μυστήριον

292 1487 397 1549 τῆς
426 1483 679 1554 κτίσεως,
728 1486 828 1554 τὴν
875 1486 1080 1562 γένεσιν
1132 1483 1543 1551 διαϐάλλοντες.
1594 1488 1691 1544 Διά
1717 1492 1885 1543 ταῦτα
1913 1490 1948 1558 ἡ

297 1596 328 1625 ι(
377 1570 606 1646 δόκησις
658 1599 679 1626 ι
716 1577 1006 1649 Κασσιανῷ
1034 1580 1146 1651 (51)
1179 1575 1270 1634 διὰ
1309 1583 1477 1634 ταῦτα
1521 1579 1613 1634 καὶ
1644 1577 1949 1651 Μαρκίωνι,

293 1662 383 1717 ναὶ
421 1663 528 1734 μὴν
560 1662 649 1719 καὶ
701 1663 1047 1738 Οὖαλεντίνῳ
1101 1667 1164 1721 τὸ
1220 1671 1381 1739 σῶμα
1436 1667 1499 1723 τὸ
1550 1666 1807 1742 ψυχικόν·
1840 1665 1948 1739 ὅτι,

291 1750 454 1828 φασὶν
506 1752 535 1807 ὁ
593 1750 874 1827 ἄνθρωπος
935 1779 964 1807 ‹‹
1005 1756 1388 1830 παρωμοιὼθη
1443 1761 1563 1820 τοῖς
1616 1758 1883 1826 κτήνεσιν,
1918 1778 1946 1809 ι)

2063 1405 2287 1471 quanta
2334 1398 2527 1454 malai
2579 1398 2683 1453 Dei
2730 1399 3098 1455 voluntatem
3145 1400 3478 1456 maledictis
3517 1402 3717 1457 ineas-4

2060 1494 2222 1556 sunt,
2267 1494 2327 1544 et
2371 1487 2721 1558 mysterium
2770 1489 3111 1558 creationis,
3161 1489 3304 1544 dum
3351 1490 3712 1549 invehuntur

2059 1579 2119 1633 in
2131 1577 2825 1651 generationem.Ethinc
2838 1600 2865 1626 «
2882 1578 3131 1633 Docesin
3148 1600 3175 1627 ››
3190 1578 3359 1651 fingit
3369 1579 3703 1649 Cassianus;

2057 1668 2197 1723 hinc
2216 1668 2396 1722 etiam
2413 1666 2784 1736 Marcioni,et
2799 1666 3111 1722 Valentino
3131 1683 3367 1738 quoque
3386 1673 3475 1722 est
3491 1684 3706 1740 corpus

2054 1756 2353 1823 animale;
2387 1755 2670 1827 quoniam
2702 1756 2901 1822 homo,
2938 1756 3241 1826 inquiunt,
3282 1772 3525 1827 operam
3557 1756 3705 1813 dans

289 1836 367 1901 εἷς
426 1837 767 1946 συνδυασμὸν
829 1843 1242 1920 ἀφικνούμενος,
1314 1842 1474 1901 Ἀλλ’
1542 1844 1669 1899 ’ὁταν
1729 1839 1926 1899 ἐπιϐαί-

2054 1847 2277 1905 veneri.
2300 1867 2325 1895 ‹‹
2353 1844 2718 1901 assimilatus
2741 1845 3136 1916 estjumentis
3157 1846 3287 1915 (b).»
3309 1846 3486 1917 Atqui
3510 1846 3708 1917 profe-

285 1947 396 1982 νειν
457 1926 732 2002 ἀλλοτρίᾳ
783 1932 969 2006 κοίτῃ,
1032 1930 1270 2007 ὀργῆσας
1327 1931 1403 1995 ὡς
1468 1932 1713 2003 ἀληθῶς,
1774 1933 1943 2002 θελή-

285 2036 380 2091 σῃ,
415 2017 542 2073 τότε
595 2023 674 2089 τῷ
731 2017 846 2074 ὄντι
903 2022 932 2074 ὁ
986 2025 1238 2084 τοιοῦτος
1297 2021 1662 2097 ἑκθηριοῦται·
1701 2045 1722 2073 ι
1755 2024 1943 2079 Ἵπποι

283 2104 627 2178 θηλυμανεῖς
683 2106 1037 2185 ἐγενήθησαν,
1116 2105 1342 2173 ἕκαστος
1426 2109 1515 2166 ἐπὶ
1566 2112 1666 2180 τὴν
1713 2116 1945 2185 γυναῖκα

281 2199 383 2250 τοῦ
412 2194 650 2268 πλησίον
712 2201 822 2271 (52)
878 2198 1253 2273 ἐχρεμέτιζον.
1288 2224 1316 2252 ››
1374 2200 1487 2257 Κᾶν
1534 2200 1642 2256 ἀπὸ
1670 2205 1779 2256 τῶν
1809 2200 1945 2256 ἀλό-

280 2305 399 2359 γων
453 2287 607 2355 ζώων
667 2288 767 2358 τὴν
825 2286 1170 2359 ἐπιτήδευσιν
1228 2296 1329 2359 τῆς
1387 2285 1943 2368 συμϐουλίαςὸὅφις

282 2371 556 2450 εῒληφὼς,
614 2376 705 2431 καὶ
762 2376 1101 2450 παραπείσας
1171 2381 1241 2452 τῇ
1316 2378 1573 2451 κοινωνίᾳ
1641 2380 1743 2448 τῆς
1796 2376 1941 2441 Εὔας

277 2464 702 2535 συγκαταθέσθαι
759 2465 854 2520 τὸν
915 2462 1109 2539 Ἀδὰμ,
1169 2464 1304 2541 λέγῃ
1373 2466 1449 2531 ὡς
1522 2466 1585 2522 ἂν
1646 2469 1724 2540 μή
1784 2466 1938 2541 φύσει

272 2550 443 2627 ταύτῃ
501 2554 863 2628 κεχρημένων
921 2559 1029 2609 τῶν
1088 2556 1562 2629 πρωτοπλαστων,
1612 2557 1687 2620 ὡς
1730 2555 1939 2626 ἀξιοῦσί

276 2658 445 2704 τινες·
485 2643 521 2711 ἠ
573 2643 748 2705 κτίσις
806 2643 970 2699 πάλιν
1036 2642 1467 2719 βλασφημεῖται,
1524 2644 1937 2721 ἀσθενεστέρους

279 2730 409 2794 τοὺς
468 2732 791 2807 ἀνθρώπους
845 2740 947 2800 τῆς
1005 2737 1114 2789 τῶν
1168 2732 1382 2808 ἀλόγων
1432 2735 1644 2808 φύσεως
1698 2756 1938 2805 πεποιη-

277 2825 432 2891 κυῖα,
493 2823 577 2883 οἷς
643 2820 1133 2893 κατηκολούθησαν
1214 2824 1271 2876 οἱ
1356 2822 1782 2898 πρωτόπλαστοι
1836 2828 1935 2878 τοῦ

285 2913 442 2967 Θεοῦ.
478 2908 545 2964 El
574 2907 631 2965 δὲ
680 2913 716 2981 ἡ
776 2911 871 2983 μὶν
931 2910 1090 2986 φύσις
1141 2912 1271 2987 ἦγεν
1331 2911 1551 2977 αὐτοὺς,
1604 2913 1679 2974 ὡς
1727 2913 1818 2967 καὶ
1864 2913 1933 2967 τὰ

265 2997 480 3074 ἄλογα,
533 2999 675 3075 πρὸς
729 2997 1110 3067 παιδοποιίαν,
1164 2998 1492 3071 ἐκινήθησαν
1541 2999 1599 3056 δὲ
1649 3006 1843 3065 θᾶττον
1893 3003 1929 3073 ἢ

276 3094 559 3163 προσῆκον
609 3088 702 3158 ἦν,
751 3085 828 3144 ἔτι
876 3086 988 3145 νέοι
1037 3090 1359 3167 πεφυκότες,
1411 3089 1590 3163 ἀπάτῃ
1618 3089 1932 3165 παραχθέν-

269 3194 380 3238 τες⁴
413 3174 595 3232 δικαία
629 3177 724 3251 μὶν
756 3180 790 3247 ἡ
836 3178 1013 3253 κρίσις
1061 3183 1159 3233 τοῦ
1207 3183 1340 3234 Θεοῦ
1380 3177 1469 3234 ἰπὶ
1496 3178 1625 3242 τοὺς
1655 3179 1762 3234 οὐκ
1792 3179 1925 3234 ἀνα-

2054 1943 2167 2001 cto,
2188 1953 2325 1992 cum
2348 1935 2597 1990 libidine
2620 1951 2752 1989 vere
2769 1934 3094 2003 insaniens,
3111 1935 3310 1990 aliena
3332 1936 3481 1991 inire
3505 1937 3706 1992 volue-

2052 2029 2149 2086 rit.
2171 2027 2234 2088 ιῐ(
2262 2033 2404 2082 tunc
2431 2042 2653 2089 revera,
2678 2026 2778 2097 qui
2810 2026 2945 2081 talis
2997 2031 3105 2092 est,
3140 2027 3458 2081 efferatur:
3491 2049 3519 2076 ‹‹
3553 2028 3703 2098 Equi

2050 2118 2112 2172 in
2143 2116 2396 2171 feminas
2424 2115 2691 2169 furentes
2730 2114 2867 2169 facti
2924 2120 3082 2180 sunt,
3118 2115 3531 2185 unusquisque
3561 2116 3701 2170 hin-

2048 2206 2251 2261 niebat
2279 2206 2353 2260 ad
2380 2220 2625 2259 uxorem
2658 2204 2912 2275 proximi
2964 2204 3055 2257 sui
3088 2205 3177 2274 (ογ
3207 2225 3234 2252 »ι
3264 2204 3429 2268 Quod
3461 2204 3511 2258 si
3542 2205 3703 2260 dicat

2048 2300 2410 2366 serpentem,
2441 2309 2477 2349 a
2505 2293 2696 2348 brutis
2727 2292 3134 2347 animantibus
3183 2298 3426 2363 accepta
3463 2293 3697 2348 consilii

2049 2384 2140 2439 sui
2171 2383 2423 2449 ratione,
2457 2381 2682 2436 Adamo
2726 2382 3094 2452 persuasisse
3138 2382 3292 2437 202
3323 2387 3391 2436 ut
3417 2398 3555 2437 cum
3585 2384 3701 2438 Eva

2045 2472 2206 2528 coire
2231 2470 2618 2536 consentiret,
2642 2476 2927 2541 tanquam
2949 2470 3193 2540 alioqui,
3219 2476 3284 2525 ut
3313 2470 3558 2540 quidam
3583 2474 3699 2527 exi-

2046 2562 2310 2629 stimant,
2336 2560 2684 2632 protOplasti
2710 2560 2822 2614 hac
2839 2566 3052 2614 natura
3071 2560 3235 2614 usuri
3259 2576 3378 2613 non
3400 2559 3655 2616 fuissent
3679 2578 3694 2615 :

2040 2667 2250 2706 rursus
2278 2651 2648 2721 vituperatur
2676 2650 2917 2713 creatio,
2949 2654 3016 2702 ut
3043 2664 3174 2717 quas
3206 2647 3454 2702 rationis
3485 2664 3696 2719 exper-

2040 2741 2191 2795 tium
2222 2738 2622 2795 animantium
2648 2744 2863 2791 natura
2888 2736 3160 2791 homines
3190 2735 3397 2790 fecerit
3426 2735 3692 2791 imbecil-

2039 2827 2238 2891 liores,
2273 2842 2526 2896 quorum
2558 2824 2829 2894 exempla
2859 2824 3162 2878 consecuti
3188 2828 3345 2888 sunt,
3370 2823 3470 2892 qui
3501 2838 3538 2878 a
3566 2824 3685 2879 Deo

2038 2916 2214 2987 primi
2241 2914 2477 2969 formati
2504 2913 2692 2967 fuere.
2718 2912 2820 2966 Sin
2847 2917 3045 2966 autem
3066 2917 3281 2966 natura
3307 2911 3550 2981 quidem
3583 2928 3683 2967 eos

2037 3004 2191 3059 sicut
2217 3003 2393 3058 bruta
2447 3001 2692 3056 deduxit
2746 3001 2820 3056 ad
2878 3000 3139 3055 filiorum
3172 2999 3681 3072 procreationem;

2034 3092 2180 3147 moti
2211 3096 2409 3147 autem
2442 3097 2584 3146 sunt
2612 3090 2787 3145 citius
2818 3106 2997 3161 quam
3036 3088 3317 3161 oportuit,
3348 3088 3557 3145 fraude
3586 3089 3679 3145 in-

2034 3179 2217 3241 ducti,
2250 3197 2384 3235 cum
2416 3179 2609 3235 adhuc
2640 3184 2842 3235 essent
2856 3180 3108 3251 juvenes
3132 3196 3145 3247 ;
3170 3179 3401 3250 justum
3435 3178 3679 3251 quidem

272 3264 557 3339 μείναντας
584 3266 648 3322 τὸ
700 3264 982 3342 βούλημα.
1041 3268 1173 3342 ἁγία
1229 3265 1287 3323 δὲ
1341 3269 1377 3336 ἡ
1429 3269 1652 3343 γένεσις,
1704 3265 1774 3323 δι’
1802 3270 1864 3337 ἦν
1894 3269 1923 3323 ὁ

2042 3275 2126 3324 est
2154 3270 2257 3324 Dei
2280 3269 2578 3341 judicium
2610 3270 2670 3323 in
2702 3286 2803 3324 eos
2835 3269 2934 3340 qui
2958 3285 3080 3323 non
3102 3272 3521 3339 exspectarunt
3548 3268 3680 3339 ejus

264 3355 479 3427 κόσμος
539 3354 883 3425 συνέστηκεν,
937 3353 1008 3411 δι’
1053 3357 1115 3425 ἣν
1165 3357 1221 3411 αἱ
1273 3356 1473 3424 οὐσίαι,
1504 3354 1574 3411 δι’
1621 3358 1682 3425 ἣν
1733 3355 1923 3434 a196—

266 3463 404 3513 σεις,
436 3441 509 3499 δι’
546 3445 608 3514 ἢν
658 3441 908 3519 ἄγγελοι,
967 3443 1038 3500 δι’
1092 3447 1156 3515 ἣν
1214 3443 1490 3519 δυνάμεις,
1527 3443 1597 3500 δι’
1623 3448 1690 3516 ἣν
1723 3446 1919 3521 ψυχαὶ,

267 3529 340 3588 δι’
387 3532 454 3603 ἥν
506 3532 746 3603 ἐντολαὶ,
795 3531 867 3589 δι’
911 3537 973 3603 ἣν
1019 3529 1210 3608 νόμος,
1260 3532 1330 3588 δι’
1360 3536 1421 3604 ἣν
1452 3535 1515 3590 τὸ
1566 3534 1918 3610 Εὖαγγέλιον,

265 3619 340 3679 δι’
365 3624 430 3692 ἣν
459 3625 495 3693 ἡ
527 3628 726 3698 γνῶσις
769 3628 871 3679 τοῦ
921 3628 1075 3684 Θεοῦ.
1129 3648 1158 3677 (ι
1191 3625 1291 3681 Καὶ
1342 3629 1487 3679 πᾶσα
1535 3624 1662 3698 σὰρξ
1693 3624 1917 3700 χόρτος,

260 3712 357 3768 καὶ
386 3716 533 3768 πᾶσα
589 3710 718 3783 δόξα
775 3713 1065 3787 ἀνθρώπου
1121 3713 1198 3777 ὡς
1247 3710 1407 3777 ἄνθος
1468 3713 1694 3790 χόρτου*
1749 3715 1839 3769 καὶ
1888 3716 1917 3769 ὁ

266 3800 365 3874 μὶν
394 3803 510 3875 (53)
543 3798 746 3878 χόρτος
778 3800 1109 3878 ξηραίνεταί,
1158 3802 1221 3857 τὸ
1274 3800 1333 3858 δὲ
1365 3800 1525 3865 ἄνθος
1569 3801 1915 3867 καθαπίπτει·

2029 3358 2394 3414 voluntatem
2418 3375 2431 3413 :
2456 3364 2660 3414 sancta
2680 3363 2770 3414 est
2790 3364 2988 3414 autem
3013 3357 3340 3431 generatio,
3363 3374 3470 3429 per
3494 3373 3675 3429 quam

2029 3447 2289 3504 mundus
2306 3448 2710 3519 consistit,per
2726 3464 2905 3518 quam
2927 3447 3223 3513 essentiae,
3238 3463 3346 3519 per
3367 3463 3548 3517 quam
3569 3462 3673 3503 na-

2032 3544 2198 3605 turae,
2230 3554 2337 3609 per
2359 3554 2538 3608 quam
2569 3537 2783 3609 angeli,
2830 3553 2936 3608 per
2985 3552 3164 3608 quam
3195 3541 3538 3608 potestates,
3572 3553 3678 3608 per

2029 3643 2207 3699 quam
2239 3626 2473 3693 animae,
2503 3643 2609 3698 per
2639 3643 2818 3697 quam
2863 3632 3177 3698 prmcepta,
3210 3642 3316 3697 per
3346 3642 3524 3696 quam
3556 3625 3674 3691 lex,

2028 3732 2135 3787 per
2164 3731 2342 3787 quam
2373 3715 2773 3787 Evangelium,
2798 3732 2902 3786 per
2929 3732 3108 3786 quam
3134 3714 3234 3769 Dei
3266 3715 3522 3787 cognitio
3556 3735 3582 3765 ι
3605 3717 3675 3769 Ει
3744 3738 3747 3743 ν

2028 3805 2224 3860 omnis
2252 3820 2389 3859 caro
2419 3803 2644 3870 fenum,
2678 3810 2737 3860 et
2766 3804 2957 3860 omnis
2985 3804 3174 3876 gloria
3200 3804 3330 3875 ejus
3361 3804 3532 3876 quasi
3562 3803 3675 3859 flos

330 3920 397 3986 ιιι
425 3922 490 3976 Ρ.
522 3924 624 3977 559
658 3922 769 3977 ED.
832 3923 1122 3992 POTTER,
1154 3924 1258 3978 470
1283 3925 1396 3979 ΕΙ).
1425 3924 1499 3995 (a)
1526 3925 1551 3979 Ι
1577 3928 1709 4009 C_or.
1742 3942 1818 3991 1x,
1850 3927 1926 3994 2'7,

2044 3968 2056 3980 .
2086 3924 2159 3994 (b)
2193 3922 2343 3979 Psal.
2370 3940 2563 3990 XLVIII,
2594 3924 2657 3977 l3
2684 3926 2772 3978 2t.
2807 3923 2873 3994 (ci
2897 3924 3113 3978 Jerem.
3144 3940 3196 3992 v,
3228 3925 3279 3977 8.

260 4032 436 4092 πάντα
467 4033 864 4114 ἱγκρᾼατεῦεται,
923 4035 987 4091 οὖ
1042 4038 1258 4114 πάντων
1319 4036 1687 4114 ἀπεχόμενος.
1714 4042 1913 4114 Neque

261 4115 464 4165 tamen
497 4109 824 4179 rejicienda
854 4115 944 4165 est
971 4111 1205 4179 vulgata
1225 4109 1512 4179 versio,"«‘
1532 4111 1604 4167 ab
1635 4109 1915 4168 omnibus

264 4198 328 4237 se
342 4180 603 4256 abstinet
616 4199 631 4248 ;
643 4205 676 4256 _»
692 4198 871 4252 quam
886 4182 1046 4256 vides
1060 4180 1544 4256 Chrysostomum
1560 4184 1911 4255 exprimere;

263 4259 325 4327 et
341 4252 764 4327 advertendum
799 4258 909 4312 est.
933 4252 1620 4327 haareticos,quibuscum
1636 4252 1918 4327 'disputat

261 4324 865 4399 Clemens,_abstinere
884 4342 919 4381 a
937 4326 1265 4399 cibis.quos
1285 4327 1436 4399 Deus
1454 4328 1698 4391 creavit;
1721 4324 1916 4399 ipsum

261 4400 465 4453 autem
489 4396 657 4457 velle.
683 4402 749 4452 ut
772 4414 891 4452 non
916 4396 1155 4468 penitus
1178 4397 1607 4463 abstineamus,
1638 4396 1918 4455 sed'con-

2025 4036 2502 4116 διὰ-σωφροσύνης
2533 4038 2685 4102 αὖθις
2716 4038 3001 4116 παρθένος·
3058 4060 3086 4089 ι(
3118 4040 3225 4105 Qui
3257 4040 3417 4116 enim
3450 4057 3671 4098 concu-

2024 4113 2170 4184 pivit
2199 4112 2258 4167 et
2288 4118 2494 4183 postea
2526 4128 2588 4166 se
2615 4113 2928 4180 continuit,
2961 4112 3151 4166 instar
3176 4117 3267 4167 est
3300 4112 3506 4177 vidua),
3540 4131 3670 4183 quae

2024 4202 2131 4256 per
2161 4185 2611 4256 temperantiam
2645 4202 2851 4239 rursus
2883 4185 3039 4256 virgo
3083 4184 3178 4238 sit.
3214 4205 3241 4232 »
3273 4184 3671 4256 Tertullianus

2026 4255 2134 4311 sub
2167 4255 2344 4310 ﬁnem
2381 4255 2481 4310 lib.
2515 4274 2532 4309 1
2563 4256 2653 4310 Ad
2683 4272 2911 4311 uxorem
2934 4272 2952 4309 :
2979 4280 2997 4303 σι
3032 4256 3156 4308 Non
3182 4261 3408 4308 tantum
3436 4255 3669 4325 virgini-

2026 4328 2137 4383 bus
2166 4327 2371 4383 datum
2393 4328 2792 4399 opinor.Licet
2812 4328 2872 4380 in
2896 4326 3013 4399 illis
3040 4325 3348 4399 integritas
3378 4324 3585 4399 solida,
3612 4330 3671 4379 et

2026 4404 2151 4454 tota
2171 4395 2453 4454 sanctitas
2475 4399 2547 4453 de
2571 4399 2838 4468 proximo
2868 4396 3163 4468 visurasit
3182 4395 3407 4468 faciem
3424 4395 3548 4468 Dei,
3581 4401 3667 4451 ta-

263 4468 528 4523 tinenter
548 4474 809 4532 utamur.
831 4466 1030 4540 idest,
1057 4486 1191 4524 cum
1214 4469 1621 4525 moderatione
1653 4476 1910 4540 utamur,
1946 4474 1990 4539 D
2022 4488 2159 4526 men
2189 4471 2365 4525 vidua
2395 4466 2585 4524 habet
2602 4468 2829 4538 aliquid
2847 4467 3189 4538 operosius;
3215 4466 3355 4540 quia
3386 4466 3556 4540 facile
3578 4471 3669 4540 est

258 4556 402 4666 Eum
436 4556 588 4610 Opus
608 4541 758 4607 erit;
785 4546 845 4596 et
868 4539 1295 4606 abstineamus,
1319 4558 1452 4597 cum
1475 4558 1625 4612 opus
1654 4539 1911 4599 nonerit.

305 4627 537 4666 οιιιιοτ.

305 4627 537 4667 οιιεοτ.

335 4682 451 4754 (49)
480 4680 756 4752 Ἀκονητί.
808 4682 1197 4740 Scribendum
1244 4683 1444 4756 potius
1482 4681 1716 4754 ἀκονιτί,
1749 4701 1784 4741 a
1810 4683 1910 4738 κό-

2045 4702 2114 4767 98
2140 4700 2314 4767 Susa?
2345 4680 2547 4767 sentit;
2593 4698 2724 4762 ειιιεε
2754 4699 2810 4767 .q

259 4772 366 4813 νις.

334 4825 450 4896 (50)
478 4824 549 4897 Ἥ
585 4820 651 4893 δή
682 4843 846 4886 τινες.
871 4825 1024 4883 Flor.
1059 4826 1225 4895 edit.,
1246 4822 1355 4895 ἤδη
1380 4845 1541 4894 τινες,
1575 4826 1745 4897 «jam
1778 4827 1910 4897 qui-

262 4895 461 4969 dam.»
474 4896 675 4953 minus
689 4903 845 4969 apte.
862 4899 1210 4955 SvLaunc.—
1228 4899 1574 4954 Vultauctor
1587 4895 1909 4955 nonnullos

258 4968 500 5042 viduam
528 4968 737 5042 virgini
769 4970 1068 5040 praeferre,
1119 4987 1189 5027 eo
1235 4970 1394 5042 quod
1432 4970 1739 5026 difficilius
1770 4972 1845 5025 sit
1875 4987 1911 5027 a

257 5039 662 5114 voluptatibus
683 5039 1033 5112 temperare,
1050 5059 1198 5114 quas
1220 5039 1442 5113 eiperti
1466 5042 1708 5104 fuimus.
1729 5059 1907 5113 quam

260 5110 335 5168 ab
367 5111 509 5172 illis.
543 5129 691 5183 quas
723 5110 1031 5184 nunquam
1068 5110 1390 5170 sensim—us.
1424 5113 1698 5170 Clemens
1732 5110 1903 5184 intra,

257 5184 464 5258 Sinam.
496 5182 597 5258 vn,
632 5200 762 5257 pag.
799 5182 902 5258 ’7ῥᾷ
956 5184 1096 5258 edit.
1154 5186 1340 5258 Paris.
1374 5203 1403 5258 :_
1429 5183 1693 5258 Μέγιστον
1725 5182 1904 5258 γὰρέν

256 5252 430 5365 πείριζ
450 5252 767 5346 γενόμενον,
801 5253 912 5308 εἶτα
964 5255 1318 5331 ἀποσχέσθαι.
1351 5255 1403 5310 τί
1457 5252 1557 5330 γὰρ
1610 5252 1764 5329 μέγα.
1798 5252 1849 5311 εἴ
1877 5256 1909 5310 ’ὰ

265 5326 340 5365 ..ἢ
376 5345 405 5365 n
432 5322 521 5365 Rm
548 5348 633 5365 φιρ
690 5325 1067 5365 ἓννηηινιιξηιηιλ
1095 5354 1107 5365 .
1142 5351 1171 5365 u
1207 5333 1305 5365 ραι
1338 5329 1494 5365 anim
1527 5346 1618 5365 non
1654 5331 1903 5365 mavimn

264 5322 521 5401 μῆ-οῗδέν
548 5322 671 5401 τις,
690 5325 1067 5401 έγκρατεύοιτο
1095 5322 1171 5393 ς’ἲι
1207 5333 1310 5385 Est
1338 5322 1498 5385 enim
1527 5322 1621 5386 res
1654 5322 1910 5385 maxima

259 5415 395 5473 cum
422 5400 557 5471 quis
584 5400 948 5473 voliuptawm
976 5407 1251 5472 expertus
1271 5401 1470 5468 fuerit,
1494 5402 1776 5473 deinceps
1807 5402 1908 5457 ab-

262 5470 508 5544 stinere.
544 5472 693 5538 Quid
725 5470 886 5528 enim
916 5470 1215 5541 magnum,
1259 5473 1307 5529 si
1355 5474 1487 5544 quis
1518 5490 1580 5529 se
1611 5470 1912 5530 contineat

260 5542 335 5619 ab
366 5542 442 5619 iis
474 5561 606 5619 quas
630 5543 935 5619 nonnovit
952 5544 981 5599 ?
1007 5566 1035 5594 υ
1058 5544 1241 5619 Paulo
1268 5542 1424 5615 ante,
1458 5563 1517 5619 ρ.
1546 5548 1656 5619 ,742
1680 5545 1782 5619 τέο
1804 5544 1907 5619 γὰρ

263 5611 637 5687 ὶπιθυμῆσας,
685 5615 773 5669 καὶ
831 5614 1119 5691 κατασχὼν
1178 5611 1661 5693 δαυτοῢίκᾶιθάπερ
1690 5618 1724 5685 ἡ
1758 5611 1911 5692 χὴρά

2022 4560 2142 4597 non
2172 4548 2452 4613 appetere
2482 4540 2640 4610 quod
2670 4537 2923 4613 nescias,
2947 4543 3005 4613 et
3033 4537 3289 4613 aversari
3322 4537 3479 4613 quod
3511 4537 3669 4593 desi-

2020 4608 2316 4669 deraveris
2373 4608 2703 4681 nunquam.
2755 4609 3073 4681 Floriosior
3112 4608 3500 4681 continentia,
3533 4624 3665 4679 quas

2816 4680 2932 4734 uod
2978 4679 3191 4734 viderit
3226 4680 3408 4735 novit.
3443 4682 3667 4736 Po'terit

2019 4750 2180 4827 virgo
2202 4754 2433 4809 felicior
2454 4750 2657 4827 haberi
2676 4758 2773 4827 ;Aat
2787 4750 2961 4827 vidua
2980 4751 3360 4827 laboriosior;
3381 4750 3484 4827 illa
3504 4751 3665 4827 quod

2018 4822 2239 4882 bonum
2273 4842 2509 4897 semper
2528 4824 2758 4890 habuit,
2783 4824 2895 4879 ista
2916 4823 3076 4893 quod
3106 4822 3329 4897 bonum
3356 4822 3475 4897 sibi,
3500 4822 3665 4897 inve-

2018 4899 2128 4954 nit.
2156 4920 2183 4947 »
2214 4895 2542 4969 Cyprianus
2566 4899 2639 4951 De
2660 4897 2799 4951 bono
2815 4898 3101 4969 patientiae
3125 4911 3193 4969 ;_»
3225 4896 3443 4969 '_I‘u_et_ur
3462 4895 3524 4969 in
3546 4896 3661 4950 vir-

2016 4965 2516 5044 ginibus'beatam
2549 4968 2969 5044 integritatem,
2997 4968 3059 5021 in
3080 4966 3276 5044 _vi_duis
3304 4965 3663 5044 laboriosam

2018 5038 2370 5099 castitatem.
2396 5065 2416 5088 ιι
2442 5040 2832 5111 Hieronymus
2848 5039 3098 5110 epist.ad
3111 5038 3448 5111 Gerontiam
3467 5055 3480 5092 :
3502 5061 3521 5091 ιι
3539 5039 3661 5093 Vir-

2017 5114 2233 5188 gini‘tas
2256 5112 2315 5167 in
2340 5110 2791 5188 e_o_facilio_r’est,
2817 5110 3193 5188 quodcarnis
3220 5111 3514 5188 incentiva
3539 5127 3661 5188 non

2017 5181 2216 5251 novit;
2243 5189 2299 5238 et
2328 5184 2585 5239 viduitas
2611 5184 2672 5237 in
2704 5199 2770 5237 eo
2794 5182 3126 5252 sollicitior,
3152 5181 3309 5253 quod
3330 5182 3662 5254 prasteritas

2018 5257 2217 5314 animo
2250 5256 2459 5311 recolit
2488 5255 2836 5325 voluptates.
2873 5277 2901 5304 ››

2088 5330 2201 5397 (51)
2232 5330 2536 5397 Κασσιανῷ.
2590 5323 2693 5381 llle
2744 5327 3017 5398 superius
3063 5325 3285 5381 dicitur
3336 5329 3436 5392 τῆς
3484 5323 3661 5398 Δοκήέ

2018 5420 2152 5529 eam:
2179 5398 2388 5529 εἰξχφν,
2410 5424 2436 5452 ‹‹
2462 5404 2636 5456 θεοῖσι
2659 5397 3007 5456 Docetarum
3030 5399 3327 5471 princeps,
3354 5420 3376 5449 ι
3403 5412 3533 5469 pag.
3555 5397 3658 5449 465

2020 5490 2050 5529 e
2095 5492 2111 5528 ι
2148 5517 2160 5529 .
2239 5489 2377 5529 aris.

2020 5473 2160 5529 edit.
2192 5473 2377 5530 Paris.

2089 5545 2201 5617 (5‘2)
2231 5541 2499 5615 Πλησίον.
2530 5539 2775 5617 Πλησίον
2807 5540 2994 5617 αὐτοῦ,
3024 5543 3236 5617 larem.

2090 5608 2197 5687 (53)
2228 5608 2350 5671 Καῖ’
2380 5618 2408 5671 ὁ
2461 5638 2518 5689 μ.
2580 5608 2689 5673 Isa.
2748 5633 2856 5672 XL:
2914 5608 3208 5688 Ἐεηράνθη
3241 5610 3269 5664 ὁ
3301 5608 3527 5684 χόρτος,
3566 5608 3656 5663 καὶ
