4048 6186
381 292 520 347 1207

1631 288 2040 344 CLEMENTIS
2074 288 2579 345 ALEXANka

3664 288 3802 345 1208

377 415 553 482 femi;
578 417 636 470 et
656 412 861 469 fenum
884 410 1127 483 quidem
1153 409 1621 480 exsiccaturJlos
1643 418 1839 467 autem
1862 411 2022 468 deci-

2140 407 2286 464 ἆλλὰ
2331 409 2396 464 τὸ
2442 409 2595 485 ῥῆμα
2632 413 2731 464 τοῦ
2781 408 2984 485 Κυρίου
3041 410 3209 483 μένει,
3251 431 3281 463 ιι
3327 411 3392 465 τὸ
3444 415 3650 487 χρῖσαν
3702 414 3802 482 τὴν

381 504 599 568 dit,sed
616 502 859 559 verbum
884 500 1116 556 Domini
1140 506 1369 567 manet;
1391 508 1520 568 tat,»
1541 501 1697 572 quod
1716 502 1882 556 unxit
1896 502 2024 557 ani-

381 612 540 650 mam
574 600 628 648 et
659 592 1084 663 umitspiritui.
1106 590 1408 656 Quomodo
1434 597 1655 660 autem,
1680 609 1812 662 qua:
1843 597 1934 647 est
1964 592 2025 645 in

381 684 644 740 Ecclesia
675 688 900 750 nostra,
931 681 1262 737 mconomia
1308 680 1384 735 ad
1434 681 1615 735 ﬁnem
1646 681 1888 752 perduci
1921 698 2024 751 po-

380 774 597 828 tuisset
623 773 850 843 absque
895 788 1163 843 corpore,
1211 787 1346 826 cum
1395 771 1575 825 etiam
1622 770 1773 842 ipse,
1804 770 1904 840 qui
1938 775 2028 824 est

381 870 558 935 caput
578 863 876 926 Ecclesiae,
900 862 961 914 in
984 877 1160 915 carne
1189 860 1429 932 quidem
1452 859 1725 914 informis
1752 864 1807 913 et
1830 858 2023 929 specie

380 969 589 1007 carens
620 952 797 1006 vitam
830 951 1083 1017 transiit,
1116 956 1182 1005 ut
1221 947 1461 1004 doceret
1490 966 1598 1004 nos
1629 949 1925 1019 respicere
1950 947 2025 1002 ad

380 1046 654 1095 naturam
687 1040 898 1094 divinae
925 1055 1116 1093 causas
1139 1037 1454 1091 informem
1483 1041 1542 1091 et
1571 1033 2028 1106 incorpoream?

386 1153 413 1178 ιι
445 1129 634 1184 Arbor
655 1129 816 1183 enim
838 1129 991 1194 vita),
1012 1149 1039 1177 ι»
1063 1126 1257 1197 inquit
1277 1127 1584 1199 propheta,
1610 1150 1630 1173 ι
1656 1130 1747 1180 est
1777 1125 1838 1178 in
1869 1124 2024 1179 bono

380 1218 821 1287 desiderio(b),n
844 1216 1064 1271 docens
1078 1215 1236 1269 bona
1253 1222 1311 1269 et
1332 1214 1552 1269 munda
1573 1214 2027 1283 desideria,qua3

383 1314 524 1362 sunt
551 1308 613 1362 in
640 1307 888 1361 Domino
916 1307 1161 1360 vivente.
1192 1305 1320 1359 Jam
1353 1320 1487 1359 vero
1522 1304 1727 1358 volunt
1754 1302 1859 1356 viri
1890 1318 2027 1357 cum

381 1413 564 1450 uxore
589 1397 648 1450 in
670 1395 1053 1451 matrimonio
1076 1393 1595 1457 consuetudinem,
1611 1409 1742 1464 qua)
1761 1392 1918 1447 dicta
1939 1397 2030 1446 est

382 1506 410 1535 ι(
444 1484 722 1557 cognitio,
760 1508 783 1531 »ι
821 1500 949 1539 esse
981 1489 1327 1554 peccatum:
1362 1498 1492 1538 eam
1524 1481 1743 1553 quippe
1774 1480 2026 1535 indicari

380 1589 451 1628 ex
482 1588 586 1628 esu
607 1596 634 1621 «ι
660 1573 802 1645 ligni
824 1572 966 1626 boni
990 1577 1048 1627 et
1066 1572 1207 1626 mali
1227 1574 1321 1642 (ο),
1343 1594 1370 1620 ››
1395 1588 1500 1642 per
1531 1570 2027 1643 signiﬁcationem

378 1663 557 1734 hujus
579 1662 845 1718 vocabuli
875 1681 895 1708 ι
922 1660 1192 1733 cognovit
1211 1662 1308 1731 (d),
1333 1682 1358 1708 η
1382 1677 1514 1731 quas
1536 1660 1801 1715 mandati
1835 1664 2028 1714 trans-

377 1752 744 1824 gressionem
776 1755 961 1806 notat.
997 1749 1052 1805 Si
1085 1755 1284 1805 autem
1341 1749 1452 1804 hoc
1500 1750 1584 1804 ita
1623 1755 1732 1814 est,
1765 1748 2028 1803 veritatis

379 1857 615 1911 quoque
645 1840 925 1913 cognitio,
960 1844 1050 1893 est
1104 1854 1239 1893 esus
1288 1838 1433 1911 ligni
1479 1838 1629 1892 vitae.
1666 1839 1866 1892 Potest
1895 1853 2031 1909 ergo

374 1929 694 1986 honestum
725 1945 793 1985 ac
825 1928 1198 1984 moderatum
1225 1927 1675 1982 matrimonium
1699 1926 1863 1980 illius
1885 1943 2034 1997 quo-

379 2035 494 2089 que
524 2017 669 2090 ligni
699 2034 830 2073 esse
851 2017 1168 2089 particeps.
1192 2015 1369 2071 Nobis
1387 2022 1583 2071 autem
1608 2016 1773 2087 prius
1804 2015 2031 2070 dictum

378 2112 486 2174 est,
508 2107 666 2178 quod
687 2107 828 2163 licet
850 2107 999 2161 bene
1021 2111 1076 2160 et
1100 2104 1256 2161 male
1280 2106 1364 2160 uti
1392 2105 1773 2161 matrimonio
1799 2121 1812 2158 :
1838 2110 1898 2159 et
1920 2104 2033 2159 hoc

379 2201 469 2249 est
497 2195 725 2266 lignum
756 2217 785 2245 «
820 2195 1197 2267 cognitionis,
1233 2218 1254 2245 ι
1294 2195 1342 2248 si
1375 2211 1494 2248 non
1528 2192 2033 2265 transgrediamur

378 2283 538 2355 leges
570 2283 958 2338 matrimonii.
994 2282 1145 2347 Quid
1175 2299 1311 2336 vero
1335 2282 1362 2337 ‘2
1391 2298 1592 2337 annon
1623 2283 1895 2337 Servator
1923 2297 2031 2336 no-

382 2376 523 2437 ster,
551 2371 705 2425 sicut
723 2371 1006 2431 animam.
1024 2370 1107 2425 ita
1127 2370 1303 2424 etiam
1328 2387 1542 2442 corpus
1560 2370 1787 2425 curavit
1806 2369 1878 2424 ab
1897 2370 2033 2424 alle-

380 2459 680 2515 ctionibus
698 2460 725 2514 ‘I
746 2461 944 2529 Neque
961 2475 1098 2513 vero
1122 2459 1168 2513 si
1194 2465 1353 2514 esset
1372 2475 1507 2514 caro
1530 2459 1773 2515 inimica
1793 2458 2028 2525 animas,

382 2549 689 2603 inimicam
721 2565 828 2619 per
857 2548 1128 2603 sanitatis
1158 2548 1599 2603 restitutionem
1628 2549 1908 2603 adversus
1939 2548 2031 2620 ip-

385 2653 513 2692 sam
546 2637 881 2692 muniisset.
930 2659 957 2686 ‹‹
992 2638 1111 2691 Hoc
1154 2642 1352 2692 autem
1403 2637 1555 2705 dico,
1600 2638 1832 2692 fratres.
1869 2635 2030 2708 quod

372 2725 437 2788 »Β
462 2742 597 2781 caro
626 2731 684 2780 et
713 2726 954 2797 sanguis
985 2741 1230 2797 regnum
1265 2725 1367 2780 Dei
1398 2742 1517 2780 non
1549 2732 1802 2797 possunt
1829 2724 2028 2797 possi-

376 2812 540 2880 dere,
559 2830 754 2885 neque
774 2815 1072 2885 corruptio
1088 2813 1872 2886 possidetincorruptionem
1895 2816 2026 2887 (e).»

375 2904 691 2958 Peccatum
724 2904 905 2971 enim,
939 2919 1074 2957 cum
1105 2903 1183 2957 sit
1208 2927 1227 2952 ι
1263 2904 1585 2975 corruptio,
1620 2925 1648 2953 ››
1680 2920 1801 2959 ιιοιι
1832 2908 2029 2975 potest

372 2991 590 3047 habere
623 2992 966 3047 societatem
997 3008 1133 3047 cum
1156 3014 1183 3042 «
1210 2992 1679 3064 incorruptione,
1715 3015 1743 3043 »
1776 3010 1908 3064 qua;
1940 2999 2031 3049 est

364 3080 618 3152 justitia.
654 3103 681 3130 ‹‹
715 3080 880 3136 Adeo
913 3080 1100 3152 stulti,
1133 3101 1162 3131 »
1197 3080 1414 3151 inquit,
1463 3103 1492 3131 κ
1524 3081 1711 3137 estis?
1739 3098 1875 3138 cum
1909 3081 2027 3154 spi-

368 3169 489 3225 ritu
517 3169 834 3242 cosperitis,
881 3185 1043 3227 nunc
1090 3185 1269 3226 carne
1320 3171 1823 3227 consummamini
1849 3172 1915 3243 (Γ)
1938 3170 1966 3226 ‘I
1995 3192 2024 3220 υ
2058 3154 2101 3220 C

2131 500 2318 574 ψυχὴν
2372 500 2460 555 καὶ
2521 500 2727 571 ὲνῷσαν
2780 504 2862 572 τῷ
2918 498 3211 572 πνεύματι.
3266 504 3391 563 Πῶς
3425 498 3471 555 δ’
3527 501 3656 556 ἀνευ
3706 506 3804 556 τοῦ

2132 587 2386 661 σώματος
2416 590 2450 657 ἡ
2483 589 2621 643 κατὰ
2669 590 2769 658 τήν
2827 587 3157 659 Ἐκκλησίαν
3213 589 3334 644 καθ’
3384 592 3538 663 ἡμᾶς
3580 590 3807 644 οἰκονο-

2135 676 2231 749 μία
2284 676 2444 739 τέλος
2502 672 2827 749 ὲλᾶμϐανεν,
2887 676 3028 732 ὅπου
3087 699 3146 753 γε
3204 679 3294 732 καὶ
3326 677 3483 741 οὗτὸς
3515 681 3551 749 ἡ
3587 678 3803 757 κεφαλὴ

2129 772 2230 835 τῆς
2262 764 2590 837 Ἐκκλησίας
2634 766 2687 821 ἐν
2745 766 2905 839 σαρκὶ
2969 767 3066 839 μὲν
3116 765 3296 837 ἀηδὴς
3327 772 3438 841 (54)
3469 766 3808 837 διελήλυθεν

2131 855 2222 911 καὶ
2273 851 2541 932 ἄμορφος,
2588 855 2664 917 είς
2710 857 2771 911 τὸ
2819 852 2995 917 ἀειδὲς
3037 856 3129 910 καὶ
3180 857 3472 930 ἀσώματον
3516 864 3621 927 τῆς
3656 858 3809 920 θείας

2132 942 2309 1005 αἰτίας
2366 938 2698 998 ἀποϐλέπειν
2756 946 2905 1016 ἡμᾶς
2958 941 3273 1015 διδάσκων;
3331 970 3359 997 ‹‹
3407 942 3646 1021 Δὲνδρον
3703 947 3804 1021 γαρ

2136 1037 2304 1102 ζωῆς,
2360 1057 2388 1084 ››
2449 1032 2611 1110 φησὶν
2691 1034 2719 1088 ὁ
2793 1034 3085 1110 προφήτης
3142 1039 3278 1107 (55),
3339 1058 3369 1085 ct
3419 1034 3471 1088 ἐν
3528 1033 3807 1108 ἐπιθυμίᾳ

2132 1121 2313 1197 ἀγαθῇ
2361 1122 2588 1197 γίνεται,
2634 1146 2664 1173 ››
2723 1119 2991 1177 διδάσκων
3048 1120 3346 1196 ἐπιθυμίας
3404 1122 3656 1186 ἀστείους
3712 1126 3805 1180 καί

2133 1211 2371 1285 καθαρὰς
2402 1210 2497 1271 τὰς
2525 1209 2578 1265 ἐν
2623 1215 2699 1282 τῷ
2731 1215 2891 1280 ζῶντι
2943 1210 3157 1286 Κυρίῳ.
3224 1209 3369 1283 ’Ἤδη
3427 1210 3485 1267 δὲ
3543 1211 3808 1277 ἐθέλουσι

2132 1299 2232 1368 τήν
2288 1296 2480 1372 ἀνδρὸς
2534 1299 2670 1353 κατά
2748 1297 2926 1375 γάμον
3010 1299 3146 1374 πρὸς
3227 1305 3459 1374 γυναῖκα
3539 1300 3807 1372 ὁμιλίαν,

2141 1412 2162 1437 ι
2198 1391 2457 1461 γνῶσιν»
2507 1387 2827 1462 είρημένης,
2887 1388 3153 1463 ἁμαρτίαν
3215 1389 3369 1443 εἶναι·
3429 1388 3641 1460 ταύτην
3699 1392 3807 1465 γαρ

2137 1475 2241 1531 ὑπὸ
2271 1482 2372 1545 τῆς
2426 1476 2683 1552 βρώσεως
2729 1477 3026 1549 μηνῦεσθαι
3075 1502 3104 1529 «
3135 1481 3234 1533 τοῦ
3281 1477 3446 1548 ξύλου
3491 1482 3589 1533 τοῦ
3620 1478 3803 1534 καλοῦ

2136 1564 2227 1620 καὶ
2259 1569 2524 1641 πονηροῦ,
2561 1590 2588 1616 ››
2651 1563 2739 1620 διὰ
2792 1572 2894 1636 τῆς
2941 1570 3039 1621 τοῦ
3097 1562 3291 1640 «ἔγνω
3324 1590 3353 1618 ››
3384 1566 3662 1639 σημασίας
3689 1588 3800 1621 πα-

2139 1648 2365 1731 ράϐασιν
2416 1653 2640 1724 ἐντολῆς
2687 1646 3064 1712 διδάσκουσαν.
3096 1654 3162 1712 Εἰ
3193 1652 3251 1710 δὲ
3280 1659 3463 1727 τοῦτο,
3504 1655 3598 1710 καὶ
3631 1658 3665 1726 ἡ
3700 1662 3803 1727 τῆς

2140 1740 2402 1813 ἀληθείας
2433 1748 2635 1817 γνῶσις
2695 1743 2897 1818 βρῶσίς
2955 1742 3066 1798 ἐστι
3120 1747 3218 1799 τοῦ
3276 1743 3443 1814 ξύλου
3490 1751 3592 1813 τῆς
3625 1750 3804 1814 ζωῆς.

2142 1832 2325 1887 Ἔστιν
2379 1831 2470 1886 οὖν
2528 1831 2779 1888 κᾶκείνου
2832 1837 2931 1887 τοῦ
2988 1831 3152 1903 ξύλου
3203 1828 3535 1907 μεταλαϐεῖν
3564 1834 3657 1889 τὸν
3688 1835 3803 1888 σώ-

2141 1941 2313 1999 φρονα
2340 1920 2539 1997 γάμον.
2589 1921 2917 1998 Προείρηται
2974 1919 3033 1977 δὶ
3087 1924 3224 1996 ἡμῖν
3269 1923 3343 1984 ὡς
3370 1922 3461 1977 καὶ
3493 1921 3678 1985 καλῶς
3705 1926 3804 1978 καὶ

2140 2016 2320 2075 κακῶς
2349 2005 2460 2066 ἔστι
2520 2013 2828 2088 χρήσασθαι
2886 2016 2966 2085 τῷ
3018 2012 3204 2087 γάμῳθ
3264 2012 3356 2067 καὶ
3410 2015 3563 2068 τοῦτ’
3593 2007 3709 2068 ἔστι
3736 2013 3805 2068 τὸ

2142 2098 2302 2171 ξύλον
2362 2124 2390 2153 ‹‹
2436 2103 2535 2170 τῆς
2583 2100 2859 2177 γνώσεως,
2895 2125 2923 2154 ι)
2982 2101 3070 2157 ἐὰν
3133 2102 3211 2175 μὴ
3268 2107 3679 2176 παρανομῶμεν
3704 2102 3804 2158 τὸν

2139 2190 2343 2264 γάμον.
2375 2189 2436 2244 Τί
2468 2187 2567 2259 δὶ;
2619 2190 2745 2266 οὐχὶ
2780 2191 2807 2246 ὁ
2842 2192 3063 2266 Σωτὴρ,
3113 2192 3296 2267 ὥσπερ
3325 2193 3426 2261 τήν
3459 2193 3674 2267 ψυχὴν,
3703 2192 3804 2247 οὕ-

2136 2301 2216 2335 τω
2249 2276 2306 2335 δὲ
2333 2279 2425 2334 καὶ
2464 2279 2526 2334 τὸ
2584 2284 2744 2352 σῶμα
2794 2281 2913 2336 tam
2967 2285 3078 2336 τῶν
3132 2285 3317 2336 παθῶν
3349 2301 3362 2350 ;
3397 2280 3513 2339 Οὐκ
3541 2280 3604 2336 ἂν
3637 2278 3723 2353 δὲ,
3756 2281 3806 2337 εί

2139 2368 2314 2445 ἐχθρὰ
2345 2371 2379 2437 ἡ
2414 2368 2541 2442 σὰρξ
2596 2368 2663 2437 ἦν
2720 2376 2822 2438 τῆς
2880 2373 3089 2446 ψυχῆς,
3146 2370 3486 2447 ἐπετείχιζεν
3519 2372 3663 2445 αὐτῇ
3694 2373 3800 2440 τήν

2138 2456 2339 2533 ἐχθρὰν
2369 2454 2441 2512 δι’
2471 2455 2678 2531 ὑγιείας
2731 2457 3022 2527 ἐπικιάζων
3276 2484 3303 2511 ιι
3333 2463 3505 2514 Τοῦτο
3537 2456 3597 2514 δὲ
3622 2481 3800 2537 φημι,

2137 2544 2389 2623 ἀδελφοί,
2422 2544 2505 2601 ὅτι
2537 2547 2665 2620 σὰρξ
2694 2547 2784 2602 καὶ
2835 2549 2975 2620 αἷμα
3034 2547 3311 2624 βασιλείαν
3345 2553 3482 2603 Θεοῦ
3511 2547 3796 2624 κληρονο-

2142 2638 2310 2708 μῆσαι
2339 2632 2400 2689 οὐ
2433 2630 2647 2689 δύναται
2699 2640 2830 2709 (57)·
2893 2633 3019 2690 οὐδὲ
3051 2638 3085 2704 ἡ
3119 2636 3295 2714 φθορὰ
3339 2637 3440 2704 τὴν
3494 2636 3798 2714 ἀφθαρσίαν

2138 2728 2497 2796 κληρονομεῖ·
2528 2748 2557 2776 »
2588 2726 2622 2793 ἡ
2655 2725 2758 2799 γὰρ
2791 2725 3049 2801 ἁμαρτία,
3095 2750 3121 2776 ‹‹
3158 2725 3333 2803 φθορὰ
3364 2748 3392 2776 »ι
3426 2725 3582 2795 οὖσα,
3616 2726 3679 2780 οὐ
3707 2723 3801 2780 δύο

2136 2833 2285 2869 ναται
2335 2812 2622 2868 κοινωνίαν
2654 2811 2801 2889 ἔχειν
2836 2813 2972 2887 μετὰ
3021 2821 3122 2884 τῆς
3178 2836 3209 2869 (ι
3236 2814 3556 2894 ἀφθαρσίας,
3586 2839 3607 2865 1
3669 2814 3795 2885 ἥτις

2137 2901 2249 2958 ἔστὶ
2282 2900 2622 2973 δικαιοσύνη.
2685 2926 2709 2953 α
2743 2902 2932 2965 Οὕτως
2980 2903 3225 2974 ἀνόητοι,
3256 2926 3284 2955 ιι
3346 2902 3539 2981 φησὶν,
3569 2928 3601 2955 α
3631 2901 3795 2973 Eni;

2137 2991 2488 3067 ἐναρξάμενοι
2543 2991 2832 3063 πνεύματι,
2871 2990 2962 3044 νῦν
3018 2991 3174 3067 σαρκὶ
3238 2990 3541 3048 ἐπιτελεῖτε
3570 2994 3729 3066 (58);
3763 3016 3794 3043 η

1838 3344 2070 3399 CAPUT
2135 3344 2331 3401 XVIII.

370 3444 519 3498 Duas
539 3448 808 3498 extremas
835 3443 1116 3511 opiniones
1141 3458 1249 3497 esse
1276 3442 1529 3497 vitandas
1550 3458 1569 3496 :
1618 3440 1863 3511 primam
1921 3442 2145 3497 illorum
2200 3444 2299 3512 qui
2354 3443 2628 3499 Creatoris
2680 3443 2807 3498 odio
2851 3459 2887 3497 a
2931 3444 3143 3512 nuptiis
3189 3443 3507 3511 abstinent;
3553 3444 3793 3499 alteram

1012 3513 1236 3567 illorum
1261 3516 1359 3583 qui
1380 3514 1508 3568 hinc
1530 3515 1862 3568 occasionem
1881 3514 2160 3584 arripiunt
2178 3516 2411 3582 nefariis
2442 3514 2763 3570 libidinibus
2789 3513 3139 3583 indulgendi.

439 3667 734 3723 Justitiam
757 3684 892 3740 ergo
915 3674 973 3724 et
993 3669 1202 3724 salutis
1225 3668 1619 3736 harmoniam,
1656 3685 1788 3740 quas
1821 3674 1911 3724 est
1932 3684 2021 3723 ve-

369 3756 635 3812 neranda
667 3757 976 3829 firmaque,
1001 3758 1102 3813 alii
1127 3757 1388 3829 quidem,
1414 3764 1480 3811 ut
1508 3758 1905 3826 ostendimus,
1926 3759 2019 3813 ni-

367 3845 555 3898 mium
585 3845 997 3912 intenderunt,
1048 3846 1394 3917 blaspheme
1444 3863 1511 3901 ac
1558 3848 1844 3902 maledice
1885 3864 2020 3902 cum

370 3934 577 4004 quavis
607 3934 913 4005 impietate
946 3935 1340 4006 suscipientes
1384 3936 1849 4003 continentiam;
1881 3954 2017 3991 cum

368 4021 464 4097 pie
496 4021 703 4076 liceret
733 4022 1083 4087 castitatem,
1109 4039 1240 4093 qua:
1264 4024 1591 4079 secundum
1619 4041 1827 4079 sanam
1853 4042 2017 4097 regu-

366 4090 488 4167 lam
508 4109 1083 4180 instituitur,eligere
1100 4128 1113 4174 ;
1128 4090 1358 4182 gratias
1380 4110 1616 4180 quidem
1643 4112 1870 4184 agendo
1888 4090 2017 4183 pro-

368 4205 501 4271 pter
521 4199 716 4253 datam
740 4198 885 4270 ipsis
905 4198 1174 4269 gratiam,
1202 4215 1322 4252 non
1347 4199 1618 4253 habendo
1649 4204 1847 4254 autem
1880 4200 2016 4254 odio

367 4293 721 4355 creaturam,
746 4303 939 4357 neque
972 4302 1073 4341 eos
1099 4285 1496 4358 aspernando,
1529 4287 1630 4356 qui
1649 4288 1843 4358 juncti
1879 4294 2017 4343 sunt

366 4376 750 4433 matrimonio
776 4393 790 4443 ;
823 4379 913 4430 est
940 4375 1101 4430 enim
1125 4381 1359 4430 creatus
1385 4375 1665 4443 mundus,
1698 4381 1895 4430 creata
1925 4380 2016 4430 est

2201 3666 2310 3732 Τήν
2345 3661 2693 3736 δικαιοσύνην
2753 3666 2934 3722 τοίνυν
2982 3669 3072 3723 καὶ
3130 3668 3228 3737 τήν
3255 3668 3518 3741 ἁρμονίαν
3549 3674 3650 3724 τοῦ
3680 3691 3794 3725 σω-

2128 3753 2346 3827 τηρίου,
2397 3756 2600 3827 σεμνὴν
2648 3755 2807 3810 ὀῦσαν
2857 3756 2945 3811 καὶ
2999 3751 3243 3832 βεϐαίαν,
3276 3759 3328 3811 οἱ
3364 3759 3459 3830 μὲν
3489 3757 3791 3830 ἐπίτειναν,

2131 3841 2207 3902 ὡς
2248 3839 2588 3915 ἐπεδείξαμεν
2649 3847 2777 3916 (59),
2842 3843 3188 3922 βλασφήμως
3237 3842 3594 3920 ἐκδεχόμενοι
3654 3850 3791 3921 μετὰ

2129 3931 2307 4000 πάσης
2368 3931 2664 4000 ἀθεότητος
2717 3934 2817 4001 τὴν
2869 3932 3204 4007 ἐγκράτειαν·
3263 3934 3374 4004 ἐξὸν
3436 3934 3652 4000 ἑλέσθαι
3684 3940 3789 4006 τὴν

2130 4018 2415 4094 εὐνουχίαν
2475 4020 2610 4074 κατά
2678 4022 2770 4075 τὸν
2852 4022 2977 4097 ὑγιῆ
3055 4023 3252 4077 κανόνα
3311 4025 3429 4096 μετ’
3485 4024 3781 4088 εὐσεϐείας·

2129 4107 2553 4181 εὐχαριστοῦντα
2592 4112 2707 4183 (60)
2767 4111 2862 4183 μὲν
2922 4110 3010 4165 ἐπὶ
3068 4114 3137 4186 τῇ
3196 4109 3412 4187 δοθείσῃ
3474 4114 3685 4189 χάριτι,
3720 4115 3781 4170 οὐ

2130 4200 2390 4269 μισοῦντα
2447 4195 2504 4252 δὲ
2549 4200 2648 4267 τὴν
2699 4199 2896 4271 κτίσιν,
2950 4196 3075 4255 οὐδὲ
3124 4199 3507 4270 ὲξουθενοῦυτα
3541 4202 3673 4267 τοὺς
3698 4225 3789 4279 γει

2123 4288 2465 4362 γαμηκότας·
2527 4289 2743 4350 κτιστὸς
2796 4289 2898 4363 γὰρ
2955 4290 2983 4342 ὁ
3059 4288 3290 4363 κόσμος,
3347 4295 3541 4361 κτιστὴ
3601 4294 3690 4347 καί
3750 4296 3781 4363 ἡ

2125 4374 2403 4451 εὐνουχία·
2469 4372 2635 4451 ἄμφω
2694 4373 2750 4431 δὲ
2790 4376 3260 4453 εὐχαριστούντων
3317 4379 3368 4433 ἐν
3425 4382 3510 4442 οἷς
3550 4380 3784 4456 ἐτάχθη.

434 4527 498 4606 νις
523 4530 583 4606 Ρ..
609 4528 853 4606 διξο-Εῐ).
887 4528 1180 4606 Portica.
1208 4528 1458 4606 pineo.
1487 4527 1720 4606 mnis.
1747 4526 1824 4599 (a)
1857 4528 1967 4582 Isa.
2001 4544 2022 4581 ι

2140 4530 2176 4597 5,
2231 4533 2284 4596 7,
2336 4531 2391 4583 8.
2441 4529 2515 4601 (ὸ)
2555 4534 2717 4585 Prov.
2753 4548 2876 4602 xm,
2913 4534 2997 4587 12.
3031 4530 3101 4605 (ο)
3138 4533 3277 4589 Gen.
3312 4551 3399 4601 ιιι,
3427 4537 3480 4589 5.
3515 4535 3598 4606 (ά)
3632 4536 3774 4592 Gen.

362 4616 437 4668 ιν,
474 4604 522 4654 1.
557 4599 627 4670 (e)
657 4601 681 4654 I
710 4600 839 4655 Cor.
872 4617 963 4670 xv,
993 4602 1081 4667 50,
1122 4603 1169 4654 1.
1201 4600 1269 4671 (Γ)
1301 4600 1485 4656 Galat.
1519 4616 1605 4669 ιιι,
1630 4600 1681 4654 3.

363 4749 427 4840 τὲ
473 4745 907 4839 ἄνθοςμέξὲπεσε,
958 4749 1021 4802 τὸ
1073 4745 1132 4803 δὶ
1186 4747 1337 4824 ῥῆμα
1374 4752 1470 4804 τοῦ
1499 4752 1634 4804 Θεοῦ
1663 4750 1824 4821 ἡμῶν
1862 4748 2010 4821 μένει

366 4820 444 4881 εἷς
466 4820 560 4874 τὸν
594 4818 783 4874 αῗῶνα.

437 4893 548 4962 (54)
579 4888 814 4962 Ἀηδής.
841 4892 1007 4962 Haud
1040 4893 1185 4957 scio,
1213 4908 1288 4949 an
1318 4895 1511 4949 verius
1545 4889 1751 4962 ἀειδής,
1784 4897 1849 4948 ut
1877 4910 2011 4948 mox

368 4960 656 5035 sequitur,
686 4964 748 5016 τὸ
796 4960 987 5023 ἀειδὲς.
1021 4964 1293 5035 SvLBune.
1330 4998 1393 5035 τ-
1429 4969 1626 5035 Recte,
1654 4960 1792 5035 nam
1824 4964 2013 5035 respi-

367 5033 449 5106 cit
477 5038 680 5106 auctor
730 5036 839 5106 Isa.
874 5036 1093 5106 1.1",‘3;
1146 5034 1217 5088 Τὸ
1277 5033 1416 5096 εἶδος
1475 5032 1643 5090 αὐτοῦ
1696 5032 1887 5106 ἄτιμον
1920 5032 2009 5088 καὶ

366 5099 619 5179 ὲ-κλῇπον
648 5102 792 5179 παρὰ
818 5103 943 5179 τοὺς
976 5099 1125 5165 υἱοὺς
1155 5109 1272 5179 τῶν
1295 5108 1623 5179 ἆνφρώπων.
1657 5099 1799 5172 Ουεῑέ
1836 5107 2011 5163 verba

367 5174 439 5245 de
470 5172 701 5226 Christo
727 5172 1006 5243 explicat,
1040 5193 1172 5230 cum
1222 5172 1381 5234 aliis'
1403 5172 1700 5245 "Patribus,
1732 5180 2010 5235 Clemens

366 5244 544 5321 etiam
573 5251 775 5297 noster
792 5247 1036 5321 Δἕξελρίιαρ.
1098 5247 1225 5321 ίὶὺη
1258 5265 1340 5316 ιιι,
1402 5250 1508 5303 sub
1569 5244 1748 5305 finem
1791 5267 1918 5321 cap.
1956 5255 2004 5316 1,

363 5318 569 5374 Strom.
604 5331 664 5374 ιι,
700 5332 755 5386 p.
790 5315 892 5369 368
923 5317 1063 5371 edit.
1097 5317 1280 5373 Paris.

434 5388 550 5460 (55)
584 5387 897 5461 [Ιρονξιήτης.
916 5386 1293 5461 Salomonem
1328 5388 1616 5461 designat.
1641 5390 1812 5459 cujus
1832 5391 2007 5447 verba

365 5458 505 5534 sunt
534 5458 955 5534 Ρτονςχιιιη12.
984 5458 1274 5534 Eumdem
1297 5458 1647 5531 prophetam
1677 5458 1842 5516 vocat
1871 5478 2002 5534 pag.

362 5533 462 5586 471
495 5536 554 5586 et
582 5549 638 5603 p.
674 5532 778 5586 674
807 5529 947 5603 edit.
981 5529 1166 5603 Paris.
1201 5529 1417 5603 Lovvra.

435 5604 548 5675 (56)
582 5600 1013 5671 “Έπισκιάζων.
1127 5601 1516 5659 Scribendum
1616 5600 2002 5676 ἐπισκευάζων,

2123 4750 2282 4822 quod
2304 4752 2594 4830 _Het_'vetus
2626 4752 2804 4830 etiam
2826 4752 3199 4830 inversionis
3225 4772 3346 4830 suae
3362 4758 3640 4830 margine
3669 4757 3775 4812 ad-

2124 4823 2364 4897 notavit.
2398 4824 2616 4897 Sensus
2646 4829 2772 4878 est:
2810 4845 2839 4873 «
2860 4825 3169 4897 Christum
3209 4828 3475 4883 noluisse
3505 4823 3772 4897 carnem,

2122 4895 2395 4949 restituta
2416 4894 2468 4948 ei
2492 4895 2769 4962 sanitate,
2784 4895 3127 4951 validiorem
3152 4898 3439 4965 fecisse,si
3467 4916 3538 4955 ea
3557 4894 3771 4956 animae

2122 4965 2311 5021 hostis
2333 4971 2508 5021 esset.
2544 4988 2571 5015 ››

2191 5035 2607 5114 (57)-1Δέναται.
2670 5034 2945 5105 Δύνανται,
3007 5039 3031 5091 Ι
3081 5040 3209 5096 Cor.
3264 5058 3355 5108 xv,
3386 5045 3477 5109 50',
3512 5043 3672 5114 quod
3701 5046 3767 5098 Α.

2122 5108 2368 5164 mavult.
2404 5108 2563 5164 εγω.

2198 5183 2306 5247 (58)
2338 5178 2692 5253 Ἐπιτελεῖτε.
2720 5178 2893 5253 yulg.
2937 5180 3087 5237 Bibl.
3131 5184 3253 5239 Gal.
3287 5201 3371 5251 ιιι,
3408 5180 3767 5253 ἐπιτελεῖσθε,

2118 5249 2311 5305 forma
2340 5250 2682 5322 deponenti,
2715 5249 2986 5307 Sirmium.

2189 5319 2449 5399 (59ι-ξιὶί
2483 5319 2848 5392 ἐπεδείξαμεν.
2910 5324 3172 5395 Respicit
3226 5326 3477 5399 hujusce
3538 5327 3675 5383 libri
3706 5345 3760 5399 p.

2116 5394 2221 5447 442
2249 5393 2389 5449 edit.
2417 5395 2602 5450 Paris.

2189 5467 2297 5546 (6οι
2332 5463 2820 5560 Ἐύχαριστρῦντᾱ.
2904 5466 3165 5560 Respici’t
3247 5468 3393 5560 illud
3450 5469 3759 5560 apostoli:

2115 5536 2224 5587 Ιιᾶν
2256 5534 2476 5610 κτίσμιῖ
2513 5534 2704 5592 καλὸν.
2752 5579 2763 5591 .
2809 5579 2822 5592 .
2869 5578 2883 5590 .
2926 5534 3041 5609 μετ’
3099 5539 3447 5616 εὐχαριστίας
3475 5534 3754 5615 λαμϐανό-

2118 5625 2302 5678 μενον.
