4048 6186
287 291 426 346 1209

1628 286 2069 345 STROMATUM
2107 287 2240 342 LIB.
2281 284 2379 343 III.

3555 284 3699 342 1210

281 438 398 484 σαν,
457 413 504 470 εί
561 412 888 489 γινώσκουσι
946 413 1037 468 καὶ
1091 411 1171 490 ἐφ’
1221 414 1303 473 οῖς
1360 411 1690 488 ἐτάχθησαν.
1726 413 1793 469 Οἱ
1851 408 1928 480 ὂὶ,

2046 413 2224 468 etiam
2257 413 2495 467 castitas
2529 429 2543 478 ;
2571 412 2744 466 ambo
2775 416 2975 466 autem
3029 415 3206 484 agant
3253 410 3472 482 gratias
3512 411 3571 464 in
3605 412 3701 480 iis,

279 504 690 581 ἀφηνιάσαντες,
745 499 1050 572 ἐξύϐρισαν,
1085 527 1111 553 ‹‹
1153 500 1316 556 ’ίπποι
1375 501 1720 574 θηλυμανεῖς
1785 526 1811 553 ››
1860 505 1939 572 τῷ

284 592 399 650 ὄντι
432 620 458 645 ‹‹
489 592 799 669 γενόμενοι,
831 592 922 646 καὶ
955 589 1042 646 ἐπὶ
1091 591 1186 653 τὰς
1242 595 1351 645 τῶν
1409 590 1646 661 πλησίον
1679 589 1935 666 χρεμετί-

286 691 545 756 ζοντες·››
579 680 728 736 αὐτοί
783 701 841 735 τε
897 680 1280 754 ἀκατασχέτως
1336 678 1620 754 ἐχόμενοι,
1682 681 1768 734 καὶ
1814 679 1940 741 τοὺς

285 772 524 843 πλησίον
554 770 928 830 ἀναπείθοντες
988 767 1328 846 φιληδονεῖν·
1391 768 1600 832 ἀθλίως
1658 767 1936 830 ἐπαίοντες

286 861 504 916 ἐκείνων
565 860 672 914 τῶν
736 862 980 934 Γραφῶνο
1033 881 1054 910 ιι
1113 858 1212 911 Τὸν
1272 858 1361 911 σὸν
1416 857 1623 932 κλῆρον
1674 856 1808 932 βάλε
1885 857 1934 912 ἐν

282 954 441 1026 ἡμῖν·
499 949 676 1004 κοινὸν
739 945 796 1003 δὲ
847 947 1132 1023 βαλάντιον
1193 946 1521 1018 κτησώμεθα
1573 946 1788 1012 πάντες,
1846 947 1934 1000 καὶ

285 1039 624 1114 μαρσίππιον
655 1035 710 1092 ἓν
753 1039 1039 1110 γενηθήτω
1069 1038 1229 1109 ἡμῖν.
1265 1060 1292 1085 ››
1333 1037 1430 1089 Διά
1459 1035 1684 1098 τούτους
1720 1037 1746 1090 6
1779 1035 1937 1098 αὐτὸς

279 1131 596 1206 προφήτης,
623 1121 1019 1199 συμϐουλεύων
1051 1128 1212 1198 ἡμῖν,
1259 1126 1426 1200 Αέγειο
1457 1150 1483 1175 ‹‹
1520 1127 1613 1194 Μὴ
1662 1125 1938 1199 πορεύθῇς

279 1216 473 1290 ἐνὸδῷ
508 1222 624 1290 μετ’
653 1216 854 1270 αὐτῶν·
913 1211 1159 1269 ἔκκλινον
1225 1219 1338 1288 (6i)
1395 1215 1487 1268 τὸν
1546 1212 1688 1269 πόδα
1728 1236 1824 1269 σου
1882 1215 1941 1269 ἐκ

278 1313 388 1366 τῶν
418 1302 622 1384 τρίϐων
656 1304 943 1361 αὐτῶν.οὐ
1002 1304 1106 1379 γὰρ
1155 1301 1357 1366 ἀδίκως
1415 1302 1707 1358 ἐκτείνεται
1752 1302 1940 1359 δίκτυα

280 1402 610 1474 πτερωτοῖς
644 1394 797 1450 αὐτοὶ
829 1395 932 1468 γὰρ
989 1393 1232 1466 αἱμάτων
1278 1393 1622 1469 μετέχοντες,
1681 1394 1942 1466 θησαυρί-

279 1492 460 1558 ζουσιν
523 1486 735 1545 ἑαυτοῖς
795 1484 954 1538 κακά·
1016 1507 1043 1534 ››
1101 1485 1396 1552 τουτέστι,
1460 1486 1560 1552 τῆς
1612 1482 1942 1558 ἀκαθαρσίας

277 1574 753 1647 ἀντιποιούμενοι,
786 1572 878 1628 καὶ
931 1571 1060 1637 τοὺς
1117 1570 1354 1642 πλησίον
1405 1572 1471 1626 τὰ
1526 1573 1694 1645 ’ὃμοια
1726 1569 1941 1627 ἐκδιδα-

281 1686 522 1733 σκοντες,
559 1688 585 1714 ‹.
621 1661 979 1734 πολεμισταί,
1007 1669 1249 1730 πλῆκται
1279 1667 1397 1722 ταῖς
1453 1662 1643 1736 οὐραῖς
1672 1662 1873 1729 αὐτῶν,
1911 1685 1938 1712 ››

280 1754 419 1811 κατᾶ
445 1755 536 1809 τὸν
585 1754 873 1828 προφήτην
928 1754 1060 1824 (62),
1117 1753 1176 1813 ἇς
1234 1752 1459 1826 κέρκους
1518 1750 1787 1821 Ἕλληνες
1842 1771 1937 1805 κα·

284 1843 501 1901 λοῖσιν.
537 1843 654 1900 Εἶεν
684 1839 731 1897 δ’
763 1841 846 1908 ἂν,
880 1841 971 1902 οὕς
1014 1839 1309 1895 αἰνίσσεται
1340 1843 1374 1910 ἡ
1421 1842 1748 1918 προφητεία,
1780 1861 1940 1894 κατα-

281 1939 490 2011 φερεῖς,
524 1932 798 2006 ἀκρατεῖς,
831 1931 883 1984 οἱ
932 1935 1052 1992 ταῖς
1113 1929 1296 2002 οὐραῖς
1357 1929 1534 1985 αὐτῶν
1592 1928 1947 2003 πολεμισταὶ,

295 2020 526 2080 σκότους
558 2020 647 2072 καὶ
671 2043 696 2069 ‹‹
733 2017 896 2091 ὀργῆς
927 2016 1105 2073 τέκνα.
1144 2041 1170 2067 ››
1201 2018 1505 2092 μιαιφόνοι,
1539 2018 1717 2073 αὐτῶν
1751 2022 1862 2090 (63)
1891 2039 1948 2073 τε

282 2110 565 2178 αὐθένται,
597 2107 688 2162 καὶ
740 2111 849 2162 τῶν
908 2105 1145 2176 πλησίον
1195 2104 1544 2184 ἀνδροφόνοι.
1597 2132 1623 2158 (ι
1681 2109 1946 2164 Ἑκκαθά-

280 2218 412 2272 ρατε
441 2199 540 2266 τὴν
571 2194 805 2258 παλαιὰν
842 2195 1042 2268 ζύμην,
1067 2193 1158 2248 ’ίνα
1215 2195 1313 2264 ἦτε
1370 2195 1487 2251 νέον
1546 2196 1791 2274 φύραμα,
1824 2220 1852 2248 ››
1916 2198 1944 2251 6

279 2285 625 2346 ’Δπὸστολος
677 2287 814 2357 ἡμῖν
873 2279 1067 2356 ἐμϐοᾷ.
1123 2285 1225 2340 Καὶ
1283 2285 1472 2350 πάλιν,
1522 2284 1822 2341 ἀσχάλλων
1856 2285 1945 2341 ἐπὶ

281 2375 562 2436 τοιούτοις
612 2374 744 2441 τισὶ,
801 2371 1160 2442 διατάττεται,
1192 2398 1220 2426 ι(
1278 2376 1373 2442 Μὴ
1433 2375 1942 2451 συναναμίγνυσθαι,

297 2463 386 2520 ἐάν
413 2485 494 2526 τις
515 2462 754 2536 ἀδελφὸς
781 2457 1194 2535 ἀνομαζόμενυς
1247 2464 1282 2532 ἢ
1327 2464 1525 2538 πόρνοι
1557 2465 1753 2537 (64),ἢ
1777 2463 1943 2520 πλεο-

289 2557 501 2624 νέκτης,
534 2551 1035 2627 ἤείδωλολάτρης,
1095 2551 1131 2621 ἢ
1189 2549 1469 2626 λοίδορος,
1518 2552 1553 2623 ἤ
1607 2555 1860 2626 μέθυσος,
1906 2554 1941 2623 ἦ

287 2646 485 2718 ἅρπαξ,
542 2643 622 2714 τῷ
672 2641 908 2714 τοιούτῳ
958 2638 1097 2713 μηδὲ
1163 2641 1478 2705 συνεσθίειν.
1513 2643 1657 2713 Ἐγὼ
1710 2643 1810 2717 γὰρ
1857 2641 1946 2698 διὰ

294 2734 476 2804 νόμου
505 2733 661 2804 νόμῳ
683 2732 968 2799 ἀπέθανον,
999 2752 1025 2782 ιι
1063 2730 1227 2805 λέγει’
1263 2756 1289 2782 ‹‹
1322 2731 1415 2784 ἳνα
1455 2735 1570 2802 Θεῷ
1602 2734 1771 2800 ζήσω.
1807 2737 1944 2804 Χρι-

294 2826 407 2894 στῷ
440 2820 902 2894 συνεσταύρωμαι,
922 2823 996 2888 ζῶ
1028 2817 1084 2873 δὲ
1114 2820 1213 2874 οὐκ
1242 2815 1319 2874 ἔτι
1344 2820 1474 2894 ἐγὼ,
1495 2844 1520 2870 ›ι
1553 2821 1627 2882 ὡς
1660 2818 1944 2888 ἔζωνκατά

289 2913 386 2972 τὰς
410 2909 721 2982 ἐπιθυμίας·
763 2934 788 2961 ‹‹
918 2905 975 2962 δὲ
1007 2907 1058 2962 ἐν
1090 2907 1211 2980 ἐμοὶ
1265 2909 1492 2979 Χριστὸς
1526 2933 1553 2958 ››
1587 2905 1676 2962 διὰ
1704 2912 1801 2976 τῆς
1831 2914 1941 2963 τῶν

286 2999 525 3055 ἐντολῶν
584 2999 829 3065 ὑπακοῆς
889 2999 1065 3071 ἁγνῶς
1117 2997 1204 3051 καὶ
1262 2995 1562 3069 μακαρίως.
1624 3000 1784 3052 ’Ὼστε
1819 2997 1943 3052 τότε

283 3090 379 3162 μὶν
413 3084 548 3157 ἔζων
581 3087 632 3142 ἐν
666 3087 818 3160 σαρκὲ
857 3090 1151 3161 σαρκικῶςο
1185 3110 1212 3138 .‹
1267 3085 1296 3140 6'
1356 3084 1414 3140 δὲ
1456 3089 1544 3139 νῦν
1582 3090 1656 3155 ζῶ
1678 3085 1729 3140 ἐν
1758 3087 1935 3161 σαρκί,

2047 502 2109 556 ἱιι
2139 501 2354 572 quibus
2387 506 2526 555 sunt
2553 501 2847 568 collocati,
2907 501 2952 554 si
3014 501 3188 556 modo
3217 517 3286 555 ea
3329 517 3563 571 quoque
3595 519 3705 555 no-

2046 597 2205 656 runt,
2239 591 2299 644 in
2327 590 2542 661 quibus
2574 595 2713 644 sunt
2743 589 3037 645 collocati.
3061 591 3174 644 Alii
3208 595 3405 645 autem
3430 591 3701 645 effrenati

2046 697 2107 735 se
2141 680 2479 751 petulanter
2509 685 2568 733 et
2597 679 2927 735 insolenter
2947 686 3490 751 gesserunt.revera
3512 702 3538 729 ‹‹
3565 681 3706 734 effe-

2047 769 2123 824 cti
2156 770 2290 840 equi
2326 770 2384 823 in
2416 769 2670 824 feminas
2704 770 3093 836 insanientes,
3116 777 3173 824 et
3193 771 3266 824 ad
3299 771 3705 841 proximorum

2048 875 2287 914 suorum
2320 875 2532 912 uxores
2552 859 2893 913 hinnientes
2916 861 3022 930 (a);
3049 882 3076 907 n
3110 866 3174 914 ut
3195 861 3368 930 quiet
3387 860 3496 932 ipsi
3517 860 3706 914 conti-

2048 948 2174 1002 neri
2209 964 2328 1002 non
2361 949 2611 1018 possint,
2646 954 2703 1002 et
2732 949 3016 1019 proximis
3049 949 3172 1002 suis
3203 947 3604 1019 persuadeant
3634 953 3700 1002 ut

2048 1037 2191 1092 dent
2219 1054 2461 1108 Operam
2493 1038 2778 1110 voluptati
2811 1057 2825 1104 ;
2860 1038 3182 1093 infeliciter
3221 1039 3355 1092 illas
3387 1038 3702 1093 audientes

2049 1128 2380 1199 Scripturas
2417 1144 2429 1182 :
2463 1150 2490 1177 «
2519 1130 2656 1193 Qua;
2682 1130 2788 1182 tibi
2823 1129 3051 1202 obtigit,
3077 1135 3304 1200 partem
3337 1145 3490 1200 pone
3505 1129 3708 1183 nobis-

2049 1233 2208 1284 cum,
2243 1233 2589 1272 crumenam
2640 1225 2838 1273 autem
2870 1236 3050 1273 unam
3107 1219 3520 1290 possideamus
3551 1234 3707 1272 com-

2049 1322 2316 1373 munem,
2343 1313 2401 1361 et
2429 1325 2616 1362 unum
2649 1309 2752 1362 ﬂat
2781 1308 2952 1362 nobis
2979 1309 3350 1379 marsupium
3381 1309 3480 1378 (ὸ).
3501 1329 3530 1357 ››
3565 1309 3704 1362 Pro-

2048 1400 2182 1466 pter
2211 1412 2311 1450 eos
2343 1395 2498 1450 idem
2516 1398 2806 1468 propheta
2836 1397 3178 1464 dicit,nobis
3203 1396 3598 1452 consulens:«
3627 1397 3706 1450 Ne

2048 1485 2446 1540 ambulaveris
2476 1487 2537 1540 in
2569 1486 2660 1540 via
2690 1503 2825 1540 cum
2846 1486 3267 1556 ipsis.declina
3297 1486 3509 1557 pedem
3538 1489 3704 1540 tuum

2051 1590 2086 1628 a
2107 1574 2336 1629 semitis
2371 1577 2731 1629 eorum.;’\'on
2765 1575 2924 1630 enim
2959 1575 3177 1645 injuste
3207 1576 3535 1630 tenduntur
3555 1574 3707 1628 retia

2047 1665 2343 1736 pennatis.
2379 1665 2493 1735 Ipsi
2528 1665 2711 1732 enim,
2763 1681 2895 1718 cum
2920 1665 3038 1718 sint
3082 1665 3435 1735 sanguinum
3469 1663 3706 1736 partici~

2052 1770 2179 1824 pes,
2210 1754 2520 1808 thesauros
2552 1753 2846 1808 malorum
2876 1753 2988 1807 sibi
3043 1754 3376 1808 recondunt
3399 1755 3467 1818 (ο)
3493 1771 3507 1820 ;
3533 1774 3559 1801 ιι
3595 1754 3707 1806 hoc

2057 1846 2164 1909 est,
2201 1841 2311 1895 sibi
2338 1843 2687 1896 affectantes
2717 1840 3176 1906 immunditiam,
3212 1846 3270 1894 et
3299 1840 3600 1912 proximos
3632 1839 3712 1893 si-

2055 1929 2222 1984 milia
2271 1929 2588 1997 docentes,
2658 1929 2998 1996 bellatores,
3060 1946 3441 2000 percussores
3501 1927 3707 1984 caudis

2055 2019 2178 2073 suis
2208 2020 2308 2091 (d),
2341 2026 2405 2073 ut
2429 2020 2512 2074 ait
2540 2020 2846 2091 propheta,
2881 2036 3028 2090 quas
3081 2019 3323 2090 quidem
3375 2019 3556 2073 Graeci
3584 2016 3706 2088 κέρ-

2050 2127 2179 2170 κους
2208 2108 2530 2180 appellant.
2566 2108 2809 2162 Fuerint
2838 2114 3038 2162 autem
3094 2108 3157 2168 ii,
3205 2125 3354 2178 quos
3414 2107 3708 2179 significat

2051 2198 2384 2269 prophetia,
2421 2197 2750 2260 libidinosi,
2783 2197 3270 2266 intemperantes,
3289 2197 3389 2267 qui
3421 2201 3558 2250 sunt
3574 2211 3709 2249 cau-

2051 2287 2141 2342 dis
2172 2287 2296 2340 suis
2325 2301 2642 2358 pugnaces,
2676 2285 3056 2340 tenebrarum
3095 2308 3123 2332 «
3156 2286 3380 2354 ineque
3413 2284 3522 2338 ﬂlii
3557 2284 3647 2353 (e),
3679 2303 3704 2333 υ

2050 2376 2208 2431 caade
2241 2375 2475 2447 polluti,
2511 2391 2726 2430 manus
2768 2374 2880 2428 sibi
2931 2375 3270 2441 afferentes,
3304 2378 3362 2428 et
3392 2371 3707 2427 homicidas

2050 2467 2546 2538 propinquorum.
2573 2487 2600 2514 (ι
2625 2466 2954 2536 Expurgate
2973 2479 3109 2536 ergo
3133 2470 3296 2518 vetus
3317 2462 3703 2528 fermentum,

2049 2563 2114 2611 ut
2143 2557 2272 2611 sitis
2303 2572 2452 2611 nova
2482 2555 2830 2626 conspersio
2859 2557 2948 2625 (ft.
2985 2579 3004 2602 »ι
3034 2555 3206 2608 nobis
3237 2553 3530 2608 exclamat
3549 2556 3706 2623 Apo-

2050 2648 2259 2703 stolus.
2295 2651 2363 2702 Et
2407 2665 2633 2714 rursus,
2668 2653 2908 2717 propter
2937 2646 3224 2715 quosdam
3266 2644 3559 2715 ejusmodi
3592 2645 3703 2697 ho-

2047 2739 2240 2793 mines
2273 2736 2949 2809 indignanspraacipitm
2968 2737 3046 2790 Ne
3074 2735 3404 2789 conversari
3433 2732 3697 2804 quidem,

2047 2827 2094 2880 si
2127 2828 2261 2897 quis
2292 2827 2474 2880 frater
2495 2824 2836 2879 nominetur
2864 2823 2952 2877 vel
2983 2823 3328 2887 fornicator,
3353 2822 3443 2875 vel
3465 2837 3696 2890 avarus,

2045 2915 2134 2970 vel
2166 2915 2498 2978 idolotatra,
2533 2913 2625 2967 vel
2669 2912 3018 2978 maledicus,
3041 2911 3130 2966 vel
3163 2911 3452 2976 ebriosus,
3481 2911 3573 2965 vel
3605 2927 3702 2966 ra-

2045 3010 2179 3076 ptor
2203 3022 2216 3069 ;
2243 3020 2377 3058 cum
2410 3020 2503 3070 eo,
2535 3002 2632 3074 qui
2667 3008 2754 3056 est
2786 3002 2942 3068 talis,
2967 3017 3042 3056 ne
3069 3018 3189 3056 una
3219 3000 3462 3071 quidem
3501 3017 3700 3055 come-

2049 3093 2208 3148 dere.
2243 3094 2358 3164 Ego
2391 3091 2549 3146 enim
2580 3107 2687 3162 per
2713 3090 2900 3162 legem
2935 3090 3047 3162 legi
3082 3094 3352 3145 mortuus
3385 3105 3573 3155 sum,»
3607 3089 3701 3144 in-

275 3178 327 3234 ἐν
361 3178 538 3233 πίστει
572 3181 647 3246 ζῶ
666 3180 736 3250 τῇ
765 3180 862 3230 τοῦ
893 3177 1022 3229 ἶίοῦ
1052 3180 1146 3230 τοῦ
1167 3179 1324 3233 Θεοῦ.
1344 3198 1496 3228 ››-‹‹
1511 3174 1606 3237 Εἷς
1622 3173 1744 3230 ὁδὸν
1770 3174 1928 3239 ἐθνῶν

2048 3181 2213 3252 quit;
2247 3203 2274 3230 «
2299 3186 2364 3234 ut
2393 3181 2510 3235 Deo
2541 3179 2748 3247 vivam,
2781 3195 2915 3234 cum
2929 3179 3157 3233 Christo
3182 3195 3314 3233 sum
3345 3177 3697 3245 cruciﬁxus;

282 3268 360 3340 μή
386 3265 680 3336 ἀπέλθητε,
729 3264 820 3319 καὶ
881 3263 956 3326 είς
1001 3261 1164 3318 πόλιν
1218 3268 1572 3339 Σαμαρειτῶν
1609 3267 1684 3337 μὴ
1745 3264 1928 3320 εἰσέλ-

277 3367 428 3426 θητε’
464 3379 492 3406 ›)
522 3361 621 3423 τῆς
678 3353 921 3415 ἐναντίας
978 3350 1258 3415 πολιτείας
1304 3354 1624 3426 ἀποτρέπων
1685 3357 1852 3427 ἡμᾶς,
1904 3355 1932 3408 6

273 3443 478 3518 Κύριος
503 3443 674 3518 λέγει’
711 3441 825 3497 ἐπεὶ
859 3467 887 3494 ‹‹
914 3444 948 3511 ἡ
979 3443 1323 3520 καταστροφή
1357 3439 1566 3517 ἀνδρῶν
1598 3442 1930 3518 παρανόμων

273 3536 440 3604 κακή’
474 3533 566 3588 καὶ
597 3532 753 3587 αὗταί
785 3531 918 3587 εἶσιν
951 3533 1006 3586 αἱ
1033 3530 1148 3587 ὁδοὶ
1175 3538 1285 3605 (65)
1315 3534 1530 3587 πάντων
1580 3534 1688 3587 τῶν
1749 3555 1933 3588 συντε-

277 3621 524 3678 λούντων
555 3622 622 3676 τά
652 3623 993 3693 ἀνομα.»-‹‹
1009 3621 1270 3693 υύαὶ(66)
1287 3627 1366 3693 τῷ
1393 3621 1660 3695 ἀνθρώπῳ
1682 3621 1924 3694 ἐκείνῳ,ιι

268 3712 438 3789 φησῖν
486 3712 514 3765 6
577 3710 795 3784 Κύριοςο
856 3735 882 3762 ι(
932 3711 1102 3765 καλὸν
1159 3713 1224 3779 ἦν
1254 3711 1400 3782 αὐτῷ
1449 3711 1494 3766 εί
1543 3712 1618 3784 μὴ
1653 3711 1929 3786 ἐγεννήθη,

267 3803 302 3872 ἢ
363 3797 459 3856 ἵνα
509 3803 615 3853 τῶν
677 3798 946 3853 ἐκλεκτῶν
1010 3821 1116 3871 μου
1173 3797 1544 3854 σκανδαλίσαι·
1590 3806 1834 3875 κρεῖττον
1860 3801 1926 3870 ἦν

265 3889 425 3959 αὐτῷ
485 3894 834 3963 περιτεθῆναι
897 3887 1093 3959 μύλον,
1143 3890 1234 3942 καὶ
1290 3893 1783 3959 καταποντισθῆναι
1853 3891 1928 3952 είς

267 3978 574 4042 θάλασσαν,
607 3974 643 4045 ἤ
674 3973 766 4030 ἕνα
793 3980 900 4030 τῶν
932 3975 1200 4031 ἐκλεκτῶν
1256 3998 1362 4049 μου
1391 3975 1704 4050 διαστρέψαι
1734 3981 1864 4052 (67).
1900 4004 1927 4031 ι)

273 4068 393 4124 αΤὸ
408 4067 509 4141 γὰρ
542 4061 712 4137 ὄνομα
741 4069 838 4119 τοῦ
855 4069 988 4120 Θεοῦ
1024 4067 1428 4142 βλασφημεῖται
1461 4065 1529 4120 δι’
1560 4066 1930 4143 αὐτούς(68).››

2044 3271 2168 3325 vivo
2199 3274 2397 3325 autem
2427 3285 2548 3323 non
2579 3267 2835 3339 amplius
2867 3284 2994 3340 ego,
3020 3287 3045 3318 ιι
3078 3273 3144 3322 ut
3171 3266 3434 3322 vivebam
3466 3282 3572 3337 per
3592 3283 3689 3321 cu-

2040 3360 2320 3432 piditates
2345 3376 2358 3424 ;
2382 3381 2409 3408 «
2444 3359 2580 3412 vivit
2608 3363 2808 3412 autem
2840 3357 2902 3411 in
2935 3374 3026 3412 me
3058 3357 3345 3422 Christus,
3375 3378 3402 3405 »
3433 3361 3593 3411 caste
3627 3359 3690 3422 ›ι‹

2043 3455 2101 3504 et
2128 3449 2298 3503 beate
2327 3465 2434 3520 per
2463 3446 2861 3502 obedientiam
2881 3446 3539 3518 praeceptorum.Quare
3555 3451 3696 3500 tunc

2041 3537 2282 3610 quidem
2315 3538 2376 3592 in
2407 3553 2584 3592 carne
2607 3537 2866 3592 vivebam
2886 3537 3204 3592 carnaliter
3228 3553 3240 3589 ε
3274 3558 3300 3584 (ι
3327 3534 3694 3607 quodautem

2040 3644 2201 3682 nunc
2222 3628 2349 3680 vivo
2382 3627 2440 3680 in
2461 3642 2662 3692 carne,
2697 3627 2756 3680 in
2791 3626 2907 3680 ﬁde
2937 3627 3062 3680 vivo
3085 3625 3216 3680 Filii
3239 3625 3445 3694 Dei(g).
3468 3645 3605 3675 ι-ιε
3625 3625 3691 3678 In

2042 3717 2192 3770 viam
2223 3715 2484 3788 gentium
2519 3732 2592 3770 ne
2626 3715 2913 3781 abieritis,
2947 3721 3004 3770 et
3047 3733 3120 3770 ne
3179 3713 3596 3786 ingrediamini
3629 3717 3689 3767 in

2039 3806 2249 3860 urbem
2281 3805 2783 3860 Samaritanorum
2810 3805 2907 3875 (h),
2941 3826 2967 3853 ι»
2987 3804 3334 3859 acontraria
3363 3803 3496 3857 vita:
3516 3803 3690 3856 insti-

2040 3895 2268 3948 tutione
2321 3912 2426 3948 nos
2483 3895 2802 3949 dehortans
2860 3894 3004 3949 dicit
3032 3894 3318 3949 Dominus
3352 3910 3365 3958 ;
3401 3891 3687 3962 quoniam

2041 4005 2068 4033 (ι
2108 3985 2449 4055 lniquorum
2479 3985 2738 4038 virorum
2772 3984 2928 4039 mala
2969 3989 3058 4038 est
3087 3982 3486 4049 conversatio;
3512 3987 3570 4036 et
3595 3982 3684 4035 has

2045 4081 2186 4129 sunt
2215 4076 2324 4130 viai
2355 4075 2646 4143 omnium,
2680 4076 2780 4145 qui
2813 4091 2901 4142 ea,
2952 4092 3084 4145 quas
3135 4079 3276 4128 sunt
3303 4074 3528 4144 iniqua,
3563 4072 3687 4126 effi-

335 4168 623 4246 ,x<_1_>._ss_1
653 4168 760 4220 ED.
797 4168 1220 4246 Ρριιιιιιζιιε
1244 4170 1354 4246 EQ.
1389 4170 1618 4246 ranis.
1654 4170 1729 4240 (α)
1759 4171 1928 4226 Jeren

2047 4217 2058 4240 ,
2096 4177 2147 4228 8.
2206 4175 2280 4246 'b)
2315 4177 2480 4230 Prov.
2515 4193 2552 4239 ι,
2598 4177 2681 4230 14.
2719 4176 2786 4246 (c)
2812 4175 2956 4230 Ibid.
3019 4179 3104 4245 15,
3141 4177 3226 4241 16,
3278 4178 3362 4229 17.
3391 4176 3568 4243 Apoc.
3601 4189 3681 4237 ιιι,

271 4245 361 4296 10.
396 4243 464 4311 (e)
499 4241 710 4310 Ephes.
741 4255 802 4305 ιι,
838 4241 888 4292 3.
923 4241 992 4308 (Γ)
1025 4241 1043 4294 Ι
1075 4241 1204 4294 Cor.
1238 4257 1289 4306 ν,
1316 4243 1365 4292 7.
1399 4242 1478 4309 (g)
1514 4241 1698 4295 Galat.
1735 4258 1796 4308 ιι,
1828 4247 1912 4310 19,

2066 4247 2146 4317 (Ιι)
2179 4241 2378 4302 Matth.
2415 4265 2472 4312 x,
2505 4251 2558 4301 5.

333 4341 445 4409 (δι)
476 4334 790 4411 ’ίΕκχλινοψ
825 4335 1118 4390 ’Έκκλινον
1152 4333 1230 4405 δὲ,
1264 4339 1561 4403 Proverb.,
1607 4339 1706 4393 ubi
1755 4357 1914 4411 mox,

260 4408 548 4482 αὐτοίγάρ
581 4409 632 4461 οἱ
663 4408 831 4482 φόνου
861 4411 1179 4482 μετέχοντες
1221 4421 1344 4478 θησ.

335 4480 797 4556 (62)“ιιροφῄτην.
829 4480 1262 4556 Αροοιιιγρεθοε
1285 4486 1587 4556 auctorem
1619 4481 1909 4554 designat;

260 4555 480 4610 alludit
509 4552 803 4624 siquidem
835 4552 908 4606 ad
942 4557 1122 4624 Apoc.
1162 4571 1234 4618 Ix,
1263 4557 1345 4606 1οο
1383 4553 1598 4624 Loer.

332 4629 449 4694 {63)
484 4621 690 4678 Αὐτῶν.
716 4624 817 4695 _Sic
846 4621 1226 4695 scribendum
1260 4641 1364 4695 pro
1398 4623 1560 4692 Vulg.
1593 4621 1788 4676 αὐτῶν.

332 4692 446 4767 (64)
470 4696 662 4767 ὈνομῘ
695 4692 730 4762 ἢ
754 4715 810 4767 π.
844 4694 1032 4765 Ὀνομ.
1064 4695 1180 4767 ᾗ-π,
1214 4692 1394 4767 ICQI'.
1424 4711 1515 4748 vu.

478 4767 576 4821 Καὶ
604 4759 764 4820 ἀὗταί
797 4767 929 4820 εἶσιν
975 4759 1035 4820 ἀί
1065 4759 1208 4822 δ’δοί.
1267 4765 1432 4821 Αὗται
1495 4763 1549 4818 αἱ
1607 4759 1726 4817 ὁδοί
1785 4763 1907 4837 εἶσι,

261 4839 541 4895 Proverb.

330 4913 444 4980 (66)
473 4908 625 4964 Οὐαί.
658 4909 875 4964 Christi
908 4909 980 4964 de
1003 4910 1153 4965 Juda
1177 4909 1481 4980 proditore
1510 4907 1910 4980 verbaappli-

259 4988 356 5037 cat
386 4982 460 5036 ad
491 4999 593 5038 eos
645 4997 872 5039 omnes.
908 4981 1007 5051 qui
1043 4979 1246 5036 electis
1277 4979 1560 5036 scandala
1596 4979 1905 5047 objiciunt.

257 5055 443 5108 Porro
470 5055 596 5109 haec
627 5053 952 5122 sumpsisse
975 5053 1204 5108 videtur
1233 5069 1262 5106 e
1312 5052 1632 5107 Clementis
1658 5052 1907 5122 Romani

259 5125 461 5196 priore
482 5126 556 5181 ad
587 5121 1230 5196 CorinthiosEpistola,
1260 5141 1390 5196 cap.
1421 5140 1547 5196 πινι
1575 5139 1588 5196 ς
1620 5121 1749 5196 Eine
1779 5121 1903 5196 γάρ·

255 5175 394 5266 ὗύαὶ
451 5200 532 5266 τῷ
590 5194 866 5266 ἀνθρώπῳ
922 5175 1128 5266 ἐκεῖνῳο
1186 5175 1363 5249 καλὸιῖ
1413 5195 1478 5263 ἦν
1530 5192 1683 5266 αὐτῶ
1706 5175 1909 5266 -.οὐκ

251 5261 561 5342 ἐγεννήθηζ
597 5269 632 5337 ἢ
678 5261 782 5342 Δἕνα
838 5261 942 5317 τῶν
1031 5261 1335 5342 ἐκλεκτῶν--
1361 5261 1464 5337 μου
1531 5261 1902 5342 σκανδαλίσαιο

248 5337 496 5412 κρεῖττον
529 5339 594 5408 ἧν
636 5337 800 5412 αὐτῷΔ
834 5345 1186 5412 ’περιτεθῆναι
1237 5337 1440 5412 Δμόλον,
1497 5337 1584 5392 καί
1638 5356 1904 5390 καταπον-

249 5405 502 5477 τισθῆναι
538 5405 739 5476 sine,»
783 5405 1091 5475 θάλασσαν,
1132 5410 1165 5478 ἢ
1222 5405 1314 5466 ἕνα
1370 5415 1475 5463 τῶν
1534 5413 1738 5480 μικρῶν
1801 5428 1903 5478 μου

248 5480 627 5536 σκανδαλίσαι·
659 5503 681 5531 ι
717 5480 870 5538 Dixit
917 5482 1109 5536 enim:
1148 5484 1239 5538 Vas
1273 5483 1496 5537 homini
1530 5481 1617 5536 illi
1643 5501 1656 5536 :
1682 5481 1902 5536 bonum

251 5563 380 5610 erat
410 5556 461 5610 ei
494 5557 542 5610 si
567 5561 741 5610 natus
763 5569 884 5625 non
906 5551 1132 5615 fuisset.
1169 5572 1349 5625 quam
1371 5563 1641 5609 utunum
1689 5569 1758 5607 ex
1782 5553 1900 5625 ele-

249 5627 364 5683 ctis
393 5628 540 5682 meis
572 5624 1028 5688 scandalizaret;
1073 5624 1284 5681 melius
1335 5633 1478 5692 erat,
1514 5632 1577 5680 ut
1633 5625 1686 5679 ei
1746 5624 1904 5680 mola

250 5698 826 5771 circumpoueretur,
859 5694 997 5751 etin
1024 5711 1187 5752 mare
1229 5697 1690 5771 demergeretur,
1723 5712 1900 5768 quam

2028 4349 2094 4399 ut
2121 4363 2308 4400 unum
2340 4347 2411 4401 de
2428 4345 2662 4416 pusillis
2692 4346 2842 4399 meis
2874 4344 3316 4399 scandalizaret.
3353 4363 3380 4390 ››
3411 4341 3518 4416 _Ubi
3549 4341 3679 4416 haec

2027 4417 2274 4472 adnotat
2301 4412 2663 4472 Cotelerius:
2695 4438 2721 4464 ‹‹
2755 4417 2920 4480 Quod
2951 4415 3212 4484 antiquis
3243 4429 3362 4467 non
3408 4412 3677 4466 insolens

2025 4487 2155 4553 fuit,
2188 4489 2376 4543 multa
2407 4487 2748 4542 testimonia
2797 4487 2855 4539 in
2879 4503 3061 4540 unum
3093 4484 3401 4555 coniungit
3424 4501 3436 4538 :
3463 4500 3675 4553 nempe

1949 4561 1995 4621 D
2027 4561 2226 4614 Matth.
2253 4577 2399 4623 xxw,
2435 4562 2538 4623 24;
2574 4563 2710 4612 Luc.
2766 4574 2897 4616 xvn.
2931 4561 3001 4622 2;
3063 4558 3262 4611 Matth.
3323 4572 3478 4621 xvm,
3513 4557 3563 4615 6.
3619 4561 3677 4608 et

2027 4631 2201 4684 Marc.
2244 4648 2318 4688 IX.
2351 4633 2439 4682 42.
2493 4629 2664 4683 Acin
2718 4629 2926 4696 Marco,
2974 4633 3076 4681 aut
3135 4628 3195 4682 in
3255 4628 3424 4686 Luca,
3458 4632 3561 4680 aut
3614 4626 3672 4679 in

2028 4707 2280 4772 utroque
2312 4700 2613 4772 reperisse,
2653 4699 2884 4772 videtur
2920 4704 3174 4772 περιτεθῆ
3237 4715 3341 4772 pro
3385 4697 3673 4772 hodierno

2026 4769 2347 4841 περίκειται·
2374 4769 2574 4840 sicque
2602 4771 2663 4824 in
2698 4771 2849 4824 Luca
2895 4771 3136 4825 exhibet
3185 4769 3370 4824 codex
3425 4771 3677 4841 Evange-

2027 4839 2241 4898 liorum
2275 4860 2383 4898 ms.
2419 4839 2519 4913 qui
2551 4847 2641 4895 est
2687 4841 3067 4896 Bibliothecaa
3120 4842 3310 4913 Regiaa
3341 4842 3499 4913 2247.
3535 4839 3676 4913 Vul-

2023 4922 2175 4986 gata.
2217 4911 2622 4986 uimponatur.
2661 4934 2687 4961 ››
2721 4913 2908 4967 Verbo
2968 4914 3146 4986 etiam
3188 4911 3531 4984 viapttsﬁﬁvat
3565 4911 3673 4965 uti-

2024 4985 2120 5041 tur
2138 4985 2608 5057 Theophylactus
2627 5000 2760 5057 eum
2781 4985 3200 5057 evangelistam
3225 5000 3676 5057 enarraus.nec-

2024 5074 2142 5111 non
2177 5055 2456 5125 Origenes
2486 5056 2559 5111 ad
2591 5056 2841 5110 Matthaai
2876 5055 3002 5127 cap.
3037 5073 3194 5111 xvm.
3228 5059 3298 5110 Et
3316 5055 3673 5110 veroeadem

2023 5129 2358 5183 divinorum
2416 5127 2798 5199 Eloquiorum
2855 5144 3169 5199 compages
3201 5129 3451 5183 struitur
3480 5143 3514 5182 a
3545 5127 3676 5181 Cle-

2021 5207 2219 5254 mente
2251 5198 2651 5255 Alexandrino
2665 5199 2738 5252 ad
2761 5199 2944 5254 finem
2976 5198 3246 5255 cen’tonis
3268 5202 3321 5267 3,
3350 5199 3448 5253 ubi
3463 5214 3672 5270 cogno-

2020 5271 2200 5326 minis
2223 5271 2311 5325 sui
2347 5270 2593 5326 Romani
2628 5276 2964 5334 mutuatur;
3007 5277 3118 5326 etc.
3153 5293 3178 5319 ι)

2091 5346 2201 5412 (67)
2257 5343 2386 5396 Ἳςνα
2444 5346 2551 5413 τῶν
2613 5337 2884 5394 ἐκλεκτῶν
2956 5362 3061 5413 μου
3123 5338 3456 5413 διαστρεψαι.
3525 5339 3672 5413 7019‘

2019 5409 2189 5468 mens
2223 5417 2414 5478 Rom.,
2445 5409 2536 5466 ἕνα
2565 5417 2671 5465 τῶν
2710 5417 2918 5484 μικοῶν
2951 5409 3054 5484 μου
3112 5409 3486 5484 σκανδαλίσω,
3520 5411 3664 5484 Dein

2019 5486 2203 5549 addit,
2232 5485 2294 5538 τὸ
2326 5485 2419 5558 σχί
2433 5506 2504 5554 μα
2538 5484 2688 5555 ὑμῶν
2712 5481 2967 5544 ⁷πολλοὺς
2998 5483 3326 5555 διέστρεψεν,
3352 5507 3378 5558 ε(
3408 5481 3667 5558 schisma

2016 5566 2272 5628 vestrum
2309 5553 2524 5613 multos
2546 5553 2843 5628 pervertit.
2866 5580 2893 5606 ››
2927 5559 3090 5614 Unde
3111 5553 3540 5612 Alexandrinus
3558 5567 3664 5604 no-

2017 5635 2138 5684 ster
2169 5625 2843 5700 Stanpéqiziisumpsisse
2876 5630 3122 5684 videtur.

2088 5702 2200 5773 (68)
2230 5699 2458 5761 Αὐτούς.
2490 5699 2676 5771 Ὑμᾶς,
2706 5702 2874 5756 Rom.
2909 5718 2966 5770 ιι,
3007 5703 3094 5756 24.
