4048 6186
347 250 443 308 121
455 250 482 308 1

1575 254 1988 310 CLEMENTIB
2020 253 2524 311 ALEXANDBINI

3627 258 3762 314 1212

339 371 613 445 ciunt(a).
627 375 862 429 o—«Vae
877 374 1107 430 homini
1125 373 1272 441 illi,»
1291 376 1486 446 inquit
1506 375 1822 443 Dominus;
1840 399 1866 428 ‹‹
1884 376 1986 430 bo-

2101 374 2255 428 "OOev
2286 373 2543 450 γενναίως
2603 375 2630 429 6
2663 372 3019 445 Ἀπόστολος,
3044 399 3073 427 ‹‹
3116 378 3369 452 Ἔγραψα
3400 379 3558 451 ὑμῖν,
3591 402 3619 432 ιο
3662 401 3764 456 φη-

341 481 486 521 num
511 469 670 519 esset
689 464 820 530 ei,si
844 481 964 518 non
989 471 1162 520 natus
1193 471 1371 532 esset,
1404 483 1582 536 quam
1616 471 1680 520 ut
1709 483 1892 520 unum
1926 482 1995 520 ex

341 553 546 609 electis
562 553 712 607 meis
737 553 1479 623 scandalizaret(b).Melius
1511 554 1998 621 esset,uteimola

340 644 912 714 circumponeretur,
951 650 1009 698 et
1040 645 1100 699 in
1129 646 1280 700 mari
1324 645 1785 718 demergeretur,
1816 662 1995 717 quam

339 739 404 789 ut
435 749 622 788 unum
655 750 722 788 ex
757 733 908 788 meis
940 739 1302 807 perverteret
1330 735 1425 805 (ο).
1451 736 1678 789 Nomen
1711 734 1870 788 enim
1892 730 1996 788 Dei

335 823 789 895 blasphematur
818 830 1060 896 propter
1109 825 1270 896 ipsos
1296 825 1398 895 (εἰ).
1451 847 1478 874 ››
1515 825 1679 880 Unde
1710 825 1994 896 prmclare

334 915 657 987 Apostolus
692 931 704 969 :
739 938 765 964 «
804 915 1091 986 Scripsi,»
1127 915 1344 985 inquit,
1367 938 1392 964 «
1427 915 1591 970 vobis
1625 915 1686 970 in
1719 914 1991 986 epistola,

333 1021 456 1060 non
483 1004 818 1059 conversari
869 1020 1002 1058 cum
1033 1002 1494 1058 fornicatoribus
1523 1005 1611 1073 (e),
1640 1025 1668 1052 ››
1701 1021 1888 1074 usque
1919 1003 1993 1058 ad

330 1094 517 1149 illud:
554 1115 580 1146 ιι
612 1095 835 1164 Corpus
865 1099 1063 1149 autem
1119 1109 1240 1148 non
1271 1093 1671 1157 fornicationi,
1706 1094 1810 1148 sed
1870 1095 1990 1148 Do-

334 1185 518 1252 mino,
553 1191 612 1240 et
641 1185 926 1240 Dominus
958 1184 1193 1255 corpori
1215 1186 1306 1252 (f).
1338 1205 1365 1232 ››
1399 1185 1467 1238 Et
1498 1183 1656 1254 quod
1675 1184 1989 1239 matrimo-

332 1275 501 1331 nium
533 1291 654 1330 non
692 1275 849 1330 dicat
874 1276 1028 1332 203
1080 1275 1556 1341 fornicationem,
1609 1275 1869 1330 ostendit
1899 1292 1987 1346 eo,

332 1365 492 1436 quod
517 1363 856 1436 subjungit:
893 1385 921 1412 ‹‹
959 1369 1045 1419 An
1076 1364 1342 1429 nescitis,
1394 1363 1550 1434 quod
1600 1365 1697 1434 qui
1727 1364 1992 1418 adhaeret

330 1453 846 1518 meretrici,unum
868 1459 958 1508 est
975 1453 1336 1524 corpus(g)?»
1355 1456 1442 1507 An
1460 1453 1835 1508 meretricem
1857 1453 1990 1524 quis

330 1544 488 1599 dicet
501 1543 1165 1615 virginem.priusquam
1190 1542 1378 1597 nubat
1396 1543 1423 1597 ?
1437 1545 1540 1596 «Et
1555 1559 1628 1597 ne
1643 1543 1986 1606 fraudetis,»

328 1633 687 1704 inquit,-vos
703 1632 1102 1698 invicem,nisi
1120 1647 1188 1685 ex
1207 1648 1504 1686 consensu
1521 1631 1593 1685 ad
1611 1632 1980 1702 tempus(hl:n

2107 463 2214 530 σὶν,
2249 486 2277 515 (‹
2309 465 2360 517 ἐν
2387 469 2456 539 τῇ
2489 463 2778 539 ἐπιστολῇ,
2813 466 2889 537 μή
2913 467 3404 541 συναναμίγνυσθαι
3464 468 3715 543 πόρνοις,
3739 493 3766 520 ιι

2104 551 2208 615 ἕως
2241 579 2266 606 (‹
2303 556 2373 610 Τὸ
2415 553 2472 610 δὲ
2531 561 2711 630 σῶμα,
2774 556 2836 611 οὐ
2869 561 2938 630 τῇ
2992 557 3240 630 πορνείᾳ,
3275 555 3422 612 ἀλλὰ
3451 562 3532 630 τῷ
3566 561 3767 633 Κυρίῳ,

2105 645 2195 697 καὶ
2219 644 2246 698 6
2282 643 2478 719 Κύριος
2519 650 2597 716 τῷ
2629 647 2898 717 σώματι.»
2937 644 3040 702 Καὶ
3072 647 3157 700 ὅτι
3187 646 3250 700 οὐ
3282 647 3374 701 τὸν
3411 648 3598 721 γάμον
3632 668 3768 720 πορ-

2104 733 2251 787 νείαν
2287 731 2454 808 λέγει,
2483 733 2744 812 ἐπιφέρει·
2778 759 2807 786 ‹‹
2836 736 2908 790 Ἤ
2961 732 3061 789 οὐκ
3114 732 3320 805 οἴδατε,
3354 736 3436 790 ὅτι
3485 737 3512 790 6
3542 734 3770 791 κολλώ-

2109 843 2273 895 μενος
2301 826 2370 896 τῇ
2401 823 2578 898 πόρνῃ
2607 821 2660 879 ἓν
2695 825 2856 897 σῶμά
2913 822 3055 878 ἐστιν
3091 843 3104 894 ;
3140 848 3167 875 »ι
3193 826 3263 881 ’Ή
3296 823 3502 898 πόρνην
3534 846 3624 887 τις
3657 824 3774 902 ἐρεῖ

2101 912 2201 979 τήν
2232 913 2524 988 παρθένον,
2558 911 2684 986 πρὶν
2719 911 2753 982 ἢ
2783 919 2960 988 γῆμαι
2996 933 3010 981 ;
3044 937 3072 964 ‹‹
3110 913 3212 968 Καὶ
3246 914 3322 986 μή
3355 913 3769 991 ἀποστερεῖτε,››

2102 1003 2342 1080 φησίν,‹‹
2387 1001 2695 1073 ἀλλήλους,
2744 1002 2793 1057 εἴ
2853 1005 2930 1076 μή
2991 1003 3052 1059 ἐκ
3111 1007 3221 1084 (69)
3272 1006 3569 1083 συμφώνου
3631 1007 3773 1079 προς

2099 1091 2306 1166 καιρόν·
2352 1117 2379 1143 ››
2415 1091 2504 1147 διὰ
2531 1099 2631 1162 τῆς
2663 1116 2687 1146 α
2723 1093 3068 1168 ἀποστερεῖτε
3094 1117 3120 1144 η
3172 1092 3368 1164 λέξεως
3396 1095 3460 1149 τὸ
3481 1094 3771 1172 ὀφείλημα

2097 1185 2195 1235 τοῦ
2226 1183 2409 1256 γάμου
2436 1183 2534 1250 τὴν
2569 1178 2922 1235 παιδοποιίαν
2983 1179 3284 1257 ἐμφαίνων
3336 1184 3469 1257 ὅπερ
3532 1183 3586 1236 ἐν
3645 1188 3770 1244 τοῖς

2099 1264 2403 1344 ἔμπροσθεν
2437 1267 2738 1341 ἐδήλωσεν,
2773 1269 2962 1324 εἰπών·
3003 1295 3022 1320 ι
3055 1274 3132 1342 Τῇ
3164 1269 3376 1344 γυναικὶ
3428 1271 3457 1324 6
3487 1270 3632 1345 ἀνὴρ
3664 1271 3766 1338 τήν

2103 1357 2330 1437 ὀφειλὴν
2367 1362 2478 1433 (70)
2513 1356 2847 1414 ἀποδιδότω·
2883 1360 3097 1432 ὁμοίως
3130 1357 3185 1413 δὲ
3213 1360 3303 1413 καὶ
3335 1361 3370 1429 ἡ
3400 1360 3536 1435 γυνὴ
3566 1364 3650 1431 τῷ
3673 1360 3766 1414 ἀν-

2100 1445 2208 1522 δρί’
2242 1471 2268 1502 ι
2309 1450 2424 1521 μεθ’
2451 1449 2517 1517 ἢν
2551 1446 2748 1502 ἔκτισιν
2788 1448 2923 1502 κατᾶ
2952 1449 3051 1516 τὴν
3086 1447 3362 1524 οἰκουρίαν
3393 1449 3481 1503 καὶ
3540 1449 3644 1517 τήν
3710 1449 3762 1502 ἐν

2102 1538 2324 1610 Χριστῷ
2365 1536 2542 1591 πίστιν
2604 1536 2824 1613 βοηθός.
2887 1535 2994 1592 Καὶ
3051 1531 3128 1590 ἔτι
3188 1537 3510 1614 σαφέστερον
3563 1538 3760 1592 εδπώψ

2107 1652 2132 1682 ι
2155 1634 2281 1693 Τοῖς
2300 1627 2640 1704 γεγαμηκόσι
2671 1626 3067 1704 παραγγέλλω,
3101 1627 3201 1683 οὐκ
3255 1627 3388 1703 ἐγὼ,
3421 1627 3548 1684 ἀλλ’
3590 1630 3618 1683 6
3647 1629 3761 1686 Κύ-

331 1739 437 1793 per
458 1720 805 1782 dictionem,
840 1742 868 1771 «
890 1720 1198 1787 fraudetis,
1226 1742 1254 1770 ››
1277 1721 1601 1775 ostendens
1624 1719 1986 1774 matrimonii

2102 1739 2238 1794 ριος,
2273 1723 2506 1793 γυναῖκα
2538 1718 2644 1772 ἀπὸ
2674 1715 2869 1792 ἀνδρὸς
2903 1718 2979 1790 μή
3031 1725 3392 1792 χωρισθῆναι·
3429 1718 3518 1773 ἐὰν
3553 1715 3613 1773 δὲ
3665 1719 3761 1772 καὶ

335 1810 604 1865 debitum
629 1827 759 1864 esse
782 1809 1105 1864 liberorum
1141 1810 1617 1880 procreationem
1643 1826 1656 1863 :
1678 1808 1835 1879 quod
1857 1809 1991 1878 qui-

333 1899 468 1954 dem
501 1899 562 1952 in
592 1899 826 1969 iis,qum
856 1899 1221 1969 praecedunt,
1243 1899 1525 1966 ostendit,
1558 1898 1763 1953 dicens
1797 1914 1809 1951 :
1835 1899 1991 1952 «Mu-

329 1987 460 2042 lieri
492 1989 579 2042 vir
608 1987 873 2044 debitum
904 1988 1151 2055 reddat;
1210 1989 1488 2043 similiter
1545 1995 1741 2044 autem
1779 1988 1994 2043 mulier

330 2094 566 2148 quoque
601 2078 723 2131 viro
752 2077 814 2148 (ι)
842 2084 1032 2148 ;npost
1063 2095 1242 2149 quam
1275 2077 1990 2141 exsolutionem,indomo

328 2167 814 2226 custodienda.et
842 2169 905 2222 in
937 2185 1006 2223 ea
1027 2186 1161 2239 quae
1195 2175 1285 2224 est
1314 2170 1376 2223 in
1409 2169 1640 2224 Christo
1661 2167 1798 2234 ﬁde,
1818 2167 1990 2239 adju-

328 2255 443 2310 trix
465 2262 575 2311 est.
612 2258 682 2310 Et
711 2256 904 2312 adhuc
932 2259 1215 2328 apertius.
1252 2258 1495 2314 dicens:
1529 2280 1558 2308 «
1596 2258 1692 2319 Iis.
1721 2257 1821 2327 qui
1855 2262 1994 2312 sunt

321 2343 523 2417 juncti
581 2346 986 2413 matrimonio,
1048 2347 1348 2418 principio,
1409 2347 1624 2418 inquit,
1684 2363 1804 2401 non
1862 2363 1988 2418 ego,

329 2433 435 2490 sed
470 2435 775 2502 Dominus,
795 2451 1040 2490 uxorem
1072 2452 1106 2491 a
1134 2437 1258 2490 viro
1291 2453 1411 2491 non
1443 2436 1737 2508 separari;
1770 2437 1862 2490 sin
1892 2451 1992 2490 au-

335 2528 456 2578 tem
487 2529 760 2596 separata
790 2525 989 2590 fuerit,
1022 2531 1262 2580 maneat
1297 2525 1566 2597 innupta,
1609 2525 1700 2580 vel
1744 2525 1868 2580 viro
1903 2542 1988 2580 re-

332 2613 722 2680 concilietur;
756 2619 816 2669 et
836 2614 1025 2669 virum
1054 2631 1298 2669 uxorem
1317 2632 1435 2670 non
1471 2615 1788 2670 dimittere.
1824 2615 1986 2670 Reli-

343 2703 476 2775 quis
497 2708 695 2758 autem
728 2703 859 2758 dico
891 2719 1018 2776 ego.
1052 2720 1174 2758 non
1207 2704 1530 2760 Dominus:
1566 2704 1621 2758 Si
1651 2705 1785 2775 quis
1805 2705 1991 2760 frater

340 2793 438 2863 (k),
477 2813 503 2841 ››
525 2783 713 2862 usque
745 2793 818 2847 ad
852 2792 998 2847 illud
1026 2809 1038 2846 :
1073 2815 1100 2841 «
1135 2794 1302 2847 Nunc
1322 2799 1519 2848 autem
1539 2801 1742 2848 sancta
1763 2794 1986 2863 est(l).»

333 2881 483 2946 Quid
513 2887 708 2936 autem
731 2881 806 2936 ad
837 2881 963 2936 haec
993 2880 1219 2943 dicunt.
1247 2883 1348 2952 qui
1371 2882 1430 2936 in
1455 2881 1644 2954 legem
1694 2882 1985 2936 invehun-

330 2975 512 3031 tur.et
540 2970 600 3024 in
634 2969 1101 3035 matrimonium,
1124 2971 1293 3042 quasi
1328 2971 1403 3025 sit
1429 2971 1621 3026 solum
1641 2987 1676 3026 a
1694 2970 1820 3044 lege
1843 2987 1986 3026 con-

326 3076 584 3127 cessum,
617 3076 739 3114 non
765 3066 963 3115 autem
1013 3061 1192 3115 etiam
1247 3060 1309 3114 in
1341 3062 1494 3115 Novo
1542 3061 1918 3116 Testamento
1951 3059 1978 3114 ?

324 3150 473 3216 Quid
504 3149 579 3204 ad
608 3150 715 3204 has
765 3149 926 3221 leges
957 3149 1106 3205 latas
1154 3155 1407 3221 possunt
1427 3149 1644 3215 dicere,
1665 3151 1764 3221 qui
1797 3151 1976 3205 satio-

327 3256 463 3295 nem
480 3238 806 3294 abhorrent
822 3245 882 3295 et
899 3240 1349 3313 generationem
1371 3240 1398 3295 ‘I
1418 3241 1939 3312 cumuepiscopum
1955 3262 1981 3290 ι)

323 3344 583 3401 quoque,
609 3350 638 3376 ‹‹
672 3329 773 3400 qui
805 3329 1005 3384 domui
1046 3335 1204 3385 recte
1255 3330 1459 3401 praasit
1484 3330 1599 3401 (τη),
1630 3352 1655 3379 »ι
1705 3330 1983 3386 Ecclesiaa

326 3418 538 3474 ducem
569 3420 925 3486 constituat;
956 3419 1020 3482 ›ι‹
1061 3420 1304 3475 domum
1363 3424 1561 3474 autem
1612 3420 1981 3476 Dominicam

331 3529 358 3557 «
375 3507 556 3563 unius
578 3508 848 3563 mulieris
872 3532 897 3556 »
920 3510 1243 3564 constituat
1263 3509 1665 3581 conjugium.«
1700 3511 1912 3567 Omnia
1949 3530 1976 3562 ι

324 3612 460 3668 ergo
491 3595 636 3650 dicit
665 3613 792 3652 esse
827 3619 854 3648 ‹‹
887 3597 1110 3653 munda
1140 3599 1413 3667 mundis;
1449 3599 1692 3671 pollutis
1707 3607 1906 3656 autem
1926 3606 1984 3656 et

319 3682 672 3739 infidelibus
696 3685 847 3740 nihil
870 3692 958 3741 est
979 3687 1402 3743 mundum.sed
1418 3688 1645 3760 polluta
1667 3696 1757 3745 est
1775 3705 1983 3746 eorum

325 3778 384 3828 et
404 3789 594 3842 mens,
615 3779 673 3828 et
691 3775 1056 3830 conscientia
1072 3777 1172 3847 (η).
1199 3798 1226 3825 ››
1254 3778 1332 3833 De
1358 3793 1426 3833 ea
1446 3785 1643 3834 autem
1663 3779 1983 3850 voluptate;

325 3877 457 3932 qum
473 3868 560 3916 est
571 3868 785 3934 prmter
797 3864 1115 3936 regulamm
1127 3867 1204 3920 Ne
1221 3867 1738 3938 erretis,»inquit;«
1750 3869 1986 3924 necfor—

329 3949 684 4024 nicatoresp
693 3968 756 4006 ec
772 3951 1228 4026 idololatrmpec
1242 3955 1629 4028 adulteri,nec
1644 3957 1985 4031 mollespec

330 4039 734 4096 masculorum
765 4041 1196 4110 concubitores,
1231 4061 1426 4116 neque
1458 4046 1635 4114 avari,
1668 4064 1862 4118 neque
1895 4047 1986 4100 l‘u-

326 4145 651 4201 res,neque
683 4129 922 4195 ebriosi,
967 4147 1160 4202 neque
1191 4132 1488 4192 maledici.
1547 4152 1657 4190 nec
1692 4143 1982 4207 raptores,

325 4237 577 4286 regnum
605 4222 706 4276 Dei
739 4220 1129 4292 possidebunt
1153 4239 1165 4286 ;
1187 4227 1368 4278 etnos
1386 4224 1627 4293 quidem
1645 4225 1832 4280 abluti
1889 4244 1984 4282 su-

324 4310 601 4383 mus(o),n
623 4311 723 4382 qui
758 4310 819 4364 in
851 4311 945 4366 his
969 4327 1205 4366 eramus
1231 4330 1244 4378 ;
1267 4313 1368 4382 qui
1393 4318 1592 4367 autem
1617 4314 1677 4368 in
1695 4315 1850 4370 hanc
1869 4316 1986 4369 tin—

323 4405 472 4473 gunt
520 4401 1067 4474 intemperantiam,
1092 4419 1161 4456 ex
1207 4403 1600 4474 temperantia
1630 4404 1689 4458 in
1724 4403 1982 4460 fornica-

2104 1812 2380 1884 χωρισθῇ,
2417 1807 2621 1881 μενέτω
2653 1806 2882 1882 ἄγαμος,
2913 1806 2948 1876 ἢ
2980 1812 3059 1879 τῷ
3115 1806 3269 1881 ἄνδρὶ
3324 1806 3758 1884 καταλλαγήτω·

2095 1898 2186 1952 καὶ
2220 1895 2384 1971 ἄνδρα
2414 1902 2641 1970 γυναῖκα
2677 1897 2752 1969 μὴ
2781 1896 3016 1974 ἀφιέναι.
3050 1899 3188 1960 Τοῖς
3237 1895 3294 1950 δὲ
3350 1895 3572 1960 λοιποῖς
3607 1896 3760 1973 λέγω

2097 1986 2202 2062 ἐγὼ
2235 1990 2369 2058 (71),
2399 1985 2508 2060 οὐχ
2538 1987 2566 2040 6
2615 1984 2837 2053 Κύριος·
2871 1983 2938 2039 hi'
2961 2007 3044 2040 τις
3092 1982 3350 2062 ἀδελφὸς,
3385 2010 3411 2037 ››
3441 1983 3570 2049 ἕως·

2098 2073 2154 2130 δὲ
2179 2075 2306 2150 ἁγία
2340 2078 2446 2148 (72)
2479 2075 2607 2130 ἐστι.
2648 2099 2674 2125 n
2705 2076 2775 2132 Τί
2807 2073 2864 2130 δὲ
2920 2072 3143 2149 λέγουσι
3177 2075 3312 2150 πρὸς
3339 2079 3505 2130 ταῦτα
3568 2078 3619 2130 οἱ
3668 2083 3769 2132 τοῦ

2095 2166 2267 2238 νόμου
2298 2164 2722 2239 κατατρέχοντες
2780 2163 2870 2217 καὶ
2929 2169 3025 2217 τοῦ
3058 2165 3266 2236 γάμου,
3314 2164 3388 2224 ὡς
3425 2164 3566 2218 κατὰ
3591 2166 3770 2238 νόμον

2095 2252 2628 2329 συγκεχωρημένου,
2691 2251 2994 2326 μονονουχὶ
3043 2248 3099 2306 δὲ
3150 2251 3241 2306 καὶ
3301 2254 3416 2325 (73)
3469 2253 3608 2309 κατᾶ
3663 2257 3767 2325 τὴν

2097 2345 2372 2413 Διαθήκην
2404 2343 2503 2411 τήν
2539 2343 2735 2412 Καινήν
2769 2361 2783 2413 ;
2814 2341 2878 2396 Τί
2929 2341 3064 2414 πρὸς
3120 2339 3321 2404 ταύτας
3367 2341 3535 2396 εἰπεῖν
3570 2341 3768 2420 ἔχουσι

2092 2430 2187 2493 τὰς
2220 2430 2549 2504 νομοθεσίας
2579 2430 2632 2484 οἱ
2662 2430 2759 2499 τὴν
2795 2429 2998 2504 σπορὰν
3031 2429 3122 2484 καὶ
3167 2430 3266 2498 τήν
3311 2429 3520 2505 γένεσιν
3557 2454 3764 2504 μυσατ-

2091 2521 2318 2593 τόμενοι
2353 2541 2366 2588 ;
2399 2518 2550 2574 Ἐπεὶ
2581 2517 2672 2574 καὶ
2703 2518 2795 2572 τὸν
2822 2518 2854 2570 ¹‹‹
2883 2517 3178 2574 ἐπίσκοπον
3219 2523 3327 2591 (74)
3357 2524 3454 2574 τοῦ
3488 2518 3642 2576 οἷ’κοο
3661 2545 3766 2579 κα-

2094 2609 2208 2673 λῶς
2237 2607 2643 2684 προϊστάμενον
2679 2630 2702 2661 ι
2765 2610 3054 2681 νομοθετεῖ
3089 2611 3189 2673 τῆς
3236 2608 3568 2679 Ἐκκλησίας
3605 2611 3760 2690 ἀφη-

2091 2700 2322 2774 γεῖσθαι·
2357 2697 2508 2752 οἷκον
2538 2694 2596 2752 δὲ
2627 2697 2890 2769 Κυριακὸν
2923 2699 3036 2770 (75)
3101 2703 3226 2770 μιᾶς
3285 2701 3550 2772 γυναικὸς
3599 2700 3753 2755 συνί-

2092 2809 2247 2857 στησι
2281 2787 2527 2862 συζυγία.
2569 2807 2589 2834 ι
2657 2787 2830 2840 Πάντα
2877 2785 2968 2840 οὖν
3010 2787 3216 2863 καθαρά
3251 2793 3372 2848 τοῖς
3430 2790 3692 2863 καθαροῖς
3724 2814 3752 2842 ιο

2091 2875 2261 2952 λέγει·
2297 2901 2324 2927 ‹‹
2357 2883 2474 2938 τοῖς
2508 2875 2566 2930 δὲ
2596 2877 2996 2948 μεμιασμένοις
3025 2875 3114 2930 καὶ
3165 2875 3417 2940 ἀπίστοις
3460 2875 3618 2932 οὐδὲν
3657 2900 3756 2934 κα-

2091 2967 2274 3039 θαρὸν,
2310 2964 2455 3021 ἀλλά
2489 2965 2782 3039 μεμίανται
2841 2964 3018 3020 αὐτῶν
3071 2967 3162 3019 καὶ
3194 2966 3221 3020 6
3280 2970 3404 3028 νοῦς
3433 2966 3524 3022 καὶ
3557 2970 3592 3036 ἡ
3626 2990 3750 3023 συν-

2092 3054 2317 3127 είδησις.
2376 3080 2402 3107 ››
2455 3055 2581 3113 Ἐπὶ
2627 3053 2685 3110 δὲ
2732 3062 2834 3125 τῆς
2892 3055 3040 3130 παρά
3122 3056 3214 3110 τὸν
3265 3057 3465 3111 κανόνα
3521 3055 3752 3128 ἡδονῆςο

2098 3167 2118 3195 ι
2274 3143 2572 3215 πλανᾶσθε,
2599 3169 2626 3196 ››
2643 3145 2828 3222 φησίν·
2851 3169 2872 3194 ι
2893 3141 3016 3199 οὔτε
3045 3145 3261 3220 πόρνοι,
3293 3144 3417 3201 οὔτε
3445 3144 3756 3204 εἰδωλολά-

2085 3255 2232 3311 τραι,
2266 3231 2392 3290 οὔτε
2425 3234 2651 3309 μοιχοὶ,
2684 3231 2808 3289 οὕτε
2869 3233 3131 3307 μαλακοὶ,
3190 3231 3318 3290 οὔτε
3348 3235 3752 3310 ἀρσενοκοῖται,

2089 3322 2213 3380 οὔτε
2242 3323 2590 3392 πλεονέκται,
2648 3320 2772 3378 οὔτε
2814 3321 3069 3392 κλέπται,
3128 3324 3191 3378 οὐ
3257 3324 3478 3397 μέθυσοι
3510 3331 3651 3399 (76),
3685 3326 3749 3381 ού

2088 3412 2360 3489 λοίδοροι,
2394 3414 2507 3489 οὐχ
2531 3415 2765 3490 ἅρπαγες
2809 3412 3087 3490 βασιλείαν
3118 3418 3251 3469 Θεοῦ
3282 3413 3343 3468 οὗ
3380 3414 3747 3491 κληρονομή-

2089 3523 2293 3560 σουσινο
2326 3505 2418 3559 καὶ
2449 3506 2614 3574 ἡμεῖς
2669 3503 2762 3576 μὲν
2815 3501 3256 3574 ἀπελουσάμεθα,
3291 3527 3316 3552 n
3367 3505 3418 3557 οἳ
3450 3502 3500 3558 ἐν
3533 3505 3758 3570 τούτοις

2086 3594 2400 3670 γενόμενοιο
2436 3595 2488 3646 οἳ
2520 3590 2577 3647 δὲ
2631 3592 2709 3656 είς
2761 3590 2961 3662 ταύτην
3013 3590 3381 3656 ἀπολούοντες
3424 3595 3525 3662 τήν
3587 3594 3754 3649 ἀσέλ-

2085 3704 2235 3760 γειαν
2267 3681 2327 3738 ἐκ
2359 3680 2717 3757 σωφροσύνης
2775 3680 2852 3743 εἶς
2909 3681 3164 3756 πορνείαν
3222 3682 3564 3754 βαπτίζουσι,
3626 3689 3752 3747 ταῖς

2087 3771 2310 3843 ἡδοναῖς
2357 3772 2447 3828 καὶ
2501 3776 2620 3833 τοῖς
2674 3772 2865 3835 πάθεσι
2925 3771 3243 3846 χαρίζεσθαι
3299 3769 3749 3848 δογματίζοντες,

2087 3864 2335 3935 ἀκρατεῖς
2387 3861 2446 3917 ἐκ
2501 3862 2798 3937 σωφρόνων
2854 3861 2986 3916 εἶναι
3075 3857 3442 3930 διδάσκοντες,
3501 3862 3592 3916 καὶ
3643 3865 3746 3932 τὴν

2089 3949 2285 4008 ἐλπίδα
2311 3952 2410 4020 τήν
2445 3955 2592 4030 σφῶν
2620 3955 2739 4012 ταῖς
2761 3954 2870 4005 τῶν
2907 3948 3113 4023 μορίων
3139 3950 3548 4025 ἀναισχυντίαις
3572 3972 3756 4028 προσ-

2088 4044 2374 4118 ανέχοντες
2409 4062 2421 4073 ·
2480 4041 2899 4115 ἀποκηρύκτους
2957 4041 3097 4094 εἶναι
3150 4045 3251 4109 τῆς
3311 4039 3596 4116 βασιλείας
3652 4046 3753 4096 τοῖ’)

2091 4135 2251 4198 Θεοῦ,
2283 4129 2408 4185 ἀλλ’
2441 4131 2544 4185 οὐκ
2573 4129 2895 4208 ἐγγράφους,
2937 4128 3066 4191 τοὺς
3099 4130 3362 4207 φοιτητὰς
3403 4131 3752 4206 παρασκευά-

2093 4224 2296 4288 ζοντες·
2331 4216 2692 4293 ψευδωνύμου
2751 4219 3006 4294 γνώσεως
3053 4219 3417 4296 προσηγορίᾳ,
3449 4221 3548 4289 τήν
3582 4219 3660 4282 εἷς
3689 4223 3751 4275 τὸ

2091 4313 2348 4384 ἐξώτερον
2381 4309 2571 4372 σκότος
2605 4309 2924 4385 ὁδοιπορίαν
2977 4310 3407 4386 ἐπανῃρημένοι.
3444 4336 3471 4362 α
3515 4311 3591 4367 T6
3626 4309 3750 4366 λοι-

2089 4402 2213 4468 πὸν,
2248 4397 2496 4475 ἀδελφοὶ,
2527 4397 2624 4453 ὅσα
2653 4397 2839 4470 ἀληθῆ
2870 4403 3004 4472 (77),
3038 4398 3135 4453 ὅσα
3185 4399 3376 4472 σεμνὰ,
3409 4398 3508 4454 ὅσα
3540 4396 3752 4471 δίκαια,

3613 2012 3633 2037 ι
3669 1993 3763 2042 νῦν

397 4528 458 4591 ›ι‹
487 4530 548 4583 Ρ.
576 4530 680 4583 562
704 4529 813 4582 ED.
841 4529 1134 4594 POTTER,
1166 4529 1270 4583 473
1294 4530 1404 4584 ΕΙ).
1430 4530 1661 4586 PARIS.
1693 4530 1770 4598 (α)
1795 4532 1962 4586 Prov.

2097 4531 2148 4596 Β,
2173 4529 2256 4582 19.
2293 4529 2366 4594 (ὸ)
2394 4527 2595 4583 Matth.
2630 4544 2779 4590 xxvi.
2810 4529 2900 4584 24.
2935 4528 3006 4599 (c)
3030 4527 3238 4600 Matth.
3274 4543 3428 4600 vvm.
3464 4527 3522 4592 6.
3575 4545 3745 4600 seqq.

327 4600 413 4673 (ἀ)
437 4602 611 4673 Rom.
635 4617 697 4673 ιι,
725 4601 813 4654 24.
846 4601 964 4673 (8)]
997 4601 1126 4673 Gor.
1163 4617 1212 4667 v,
1251 4605 1334 4655 11.
1369 4603 1439 4672 (f)
1471 4602 1645 4656 ICor.
1679 4620 1758 4662 Vl.
1796 4605 1877 4657 t3.
1902 4605 1978 4673 {gl

2103 4601 2159 4656 d.
2197 4603 2281 4673 16.
2306 4600 2394 4673 (lt)
2422 4601 2445 4673 _l
2475 4601 2604 4654 Cor.
2633 4616 2728 4673 vii,
2761 4602 2812 4653 5.
2850 4600 2908 4670 (ι)
2957 4599 3105 4656 Ibid.
3139 4602 3188 4654 3.
3225 4601 3295 4671 (k)
3320 4599 3468 4655 Ibid.
3507 4601 3593 4669 10,
3661 4599 3748 4670 11,

329 4670 415 4726 12⁷.
451 4671 511 4743 (ι)
533 4670 680 4727 Ibid.
717 4673 802 4726 14.
839 4672 933 4742 (m)
968 4673 992 4725 Ι
1021 4672 1168 4726 Tim.
1201 4688 1288 4740 ιιι,
1321 4676 1373 4743 2,
1409 4670 1441 4727 4
1474 4691 1488 4741 ;
1520 4673 1628 4729 Tit.
1655 4691 1691 4742 ι,
1727 4677 1778 4729 6.
1812 4675 1888 4749 (η)
1918 4670 1980 4729 Ti

2097 4673 2211 4731 ,15.
2247 4672 2320 4744 (ο)
2357 4671 2373 4725 ι
2408 4671 2538 4725 Cor.
2564 4688 2636 4738 Vl,
2668 4671 2724 4739 9,
2760 4674 2962 4738 10,“.

427 4813 514 4873 69)
547 4807 614 4882 Εῗ
637 4809 712 4880 μή
747 4807 826 4868 ἐκ.
859 4808 927 4866 Eii
955 4811 1030 4882 μή
1061 4831 1114 4866 τι
1146 4811 1204 4866 ἄν
1242 4811 1321 4881 ἐκ,
1351 4816 1374 4882 I
1405 4815 1537 4870 Cor.
1565 4831 1658 4869 vn.

545 4881 831 4959 ’OFPEMDV;
868 4881 1266 4959 Ὀφεελρμένην
1292 4881 1537 4959 εὔνοιαν,
1570 4886 1720 4942 Ibid.

403 4954 514 5032 l2!)
545 4953 701 5032 Αεγευ
729 4953 1033 5032 έιώ-,ῘΕγῲ
1062 4953 1232 5032 λέγιιισ
1265 4957 1411 5032 Ibid-

403 5023 720 5102 (72)⁴Αγία.
755 5023 1151 5102 Ξοιὶὺεξιιόιιιιί
1195 5028 1326 5102 am
1381 5031 1443 5085 in
1495 5029 1650 5102 plur.
1711 5046 1984 5097 numero,

335 5093 634 5171 exAl‘CorJ
648 5113 744 5162 vn,
782 5100 867 5171 lli.
898 5099 998 5171 ubi
1040 5102 1113 5155 ad
1145 5093 1679 5171 praecedens-ﬁmo:
1708 5093 1981 5157 refertur.

397 5165 545 5246 (13)“
580 5163 702 5246 Ὡςκ
723 5166 859 5246 κατά
914 5168 1083 5246 νόμον
1149 5163 1659 5246 ῖσυγκεχωρημένου
1693 5214 1707 5239 ,
1783 5193 1982 5245 μονον-

330 5233 466 5318 ουχξ
492 5230 557 5288 δὲ
588 5256 638 5290 κ.
666 5230 1085 5318 ,δοτὶῢθρᾴόῐξμ
1139 5241 1216 5318 ὡς
1239 5230 1249 5246 ’
1274 5230 1427 5318 κατα
1467 5230 1639 5318 νόμον
1695 5230 1985 5318 συγκεγω-

331 5306 572 5385 ρημένου
608 5306 954 5385 μόνοῃρύχῖ
1013 5306 1079 5364 δὲ’
1118 5313 1206 5366 καὶ
1265 5313 1402 5367 κατὰ
1446 5306 1546 5381 τήν
1581 5306 1982 5385 Διαθήκηνπῆν

325 5380 519 5448 καινήν
554 5398 567 5443 ;
601 5382 767 5446 Quod
801 5380 1002 5438 Latine
1036 5400 1268 5440 versum
1298 5392 1406 5440 est.

395 5454 511 5526 (74)
535 5451 746 5526 Tigrin.
780 5453 862 5510 Cf.
901 5471 1029 5525 sup.
1065 5473 1121 5526 p.
1160 5459 1262 5511 459
1295 5463 1354 5512 et
1381 5458 1486 5511 464
1518 5455 1658 5513 edit.
1693 5457 1884 5513 Paris.

360 5523 722 5606 .(752_0ixov.
759 5569 771 5582 .
809 5569 821 5582 .
876 5523 1196 5606 Kupiaiév._
1230 5528 1322 5606 Sic
1385 5528 1626 5606 templa,
1660 5544 1764 5584 seu
1793 5529 1986 5586 eccle-

326 5597 448 5661 size,
477 5597 967 5654 Christianorum
1003 5599 1290 5671 appellari
1325 5597 1600 5656 solebant
1634 5616 1645 5654 :
1698 5608 1988 5657 verumta-

326 5682 487 5736 men,
520 5675 585 5725 ut
616 5671 989 5729 Balsamonis
1021 5673 1214 5730 verbis
1244 5673 1318 5730 ad
1351 5689 1481 5729 can.
1517 5673 1584 5726 74
1640 5673 1875 5729 concilii
1924 5675 1987 5729 in

2091 4812 2289 4869 Trullo
2322 4811 2511 4882 habiti
2539 4817 2709 4867 utar:
2743 4815 2850 4872 ΙΙᾶς
2903 4809 3294 4882 τόπος-Κυρίῳ,
3330 4810 3744 4882 ἀνατεθειμένος

2094 4883 2359 4954 Κυριακὸς
2393 4881 2628 4956 λέγεται,
2685 4882 2781 4936 κᾶν
2845 4883 2919 4954 μὴ
2980 4879 3418 4948 ἐκκλησίαὲστίν
3475 4907 3502 4933 ‹‹
3540 4879 3745 4940 Omnis

2093 4957 2259 5012 locus
2319 4957 2566 5012 Domino
2654 4960 3034 5012 consecratus
3084 4956 3428 5011 Dominicus
3502 4956 3741 5022 dicitur,

2095 5029 2325 5085 etiamsi
2360 5045 2478 5083 non
2513 5028 2585 5082 sit
2620 5028 2907 5083 ecclesia:
2939 5050 2964 5075 ι)
3017 5044 3083 5082 ac
3111 5028 3363 5098 proinde
3393 5027 3610 5082 domus
3641 5045 3742 5083 cu-

2087 5100 2276 5173 jusvis
2298 5100 2636 5164 Christiani,
2671 5100 2969 5214 praecipue
3001 5117 3135 5154 vero
3168 5099 3392 5164 clerici,
3426 5106 3605 5170 atque
3632 5101 3744 5154 im-

2093 5172 2304 5214 nrimiq
2335 5172 2591 5214 pniqrnni
2650 5190 2677 5214 ο
2703 5169 3077 5214 νηρκυοιακόε
3108 5171 3357 5214 «dnmn:
3380 5171 3686 5214 “nminina
3717 5194 3744 5214 η

2093 5169 2304 5244 primis
2335 5172 2616 5242 episcopi,
2650 5169 2798 5234 οἶκος
2817 5169 3135 5244 Κῦριακός,‹‹
3152 5171 3357 5227 domus
3379 5171 3745 5238 Dominica,»

2094 5243 2306 5302 inerito
2331 5243 2652 5299 vocabitur.

2167 5317 2278 5388 (76)
2311 5310 2451 5370 Οὔτε
2612 5359 2624 5371 .
2663 5357 2687 5388 ._
2712 5357 2724 5370 .
2761 5310 3004 5388 μέθυσοι.
3069 5309 3202 5367 Οὕτε
3257 5308 3515 5388 κλέπται,
3574 5309 3637 5367 οὗ
3692 5333 3748 5366 τε

2093 5382 2437 5458 πλεονέκται,
2474 5382 2594 5439 οὔτε
2629 5382 2874 5458 μέθυσοι,
2914 5387 2928 5439 Ι
2961 5387 3091 5441 Cor.
3128 5403 3201 5453 Vl,
3234 5385 3331 5458 ubi
3355 5402 3579 5458 mog.
3618 5429 3649 5458 ._
3684 5427 3699 5441 .

2095 5458 2156 5532 οὐ
2185 5453 2726 5532 κληρονομήσουσιν
2787 5458 2878 5512 καὶ
2920 5459 3090 5512 ταῦτά
3119 5476 3260 5516 τινες
3289 5457 3407 5523 ἦτε·
3445 5453 3594 5510 ἀλλά
3625 5455 3752 5510 ἀπε-

2095 5529 2380 5594 λούσασθε,
2411 5537 2520 5587 etc.

2169 5608 2280 5667 (77)
2310 5603 2446 5659 Ὅσα
2475 5599 2567 5659 ἀλ.
2600 5602 2742 5657 ’Όσα
2773 5599 2923 5672 ἐστὶνΔ
2946 5599 3034 5656 ἀλ.
3056 5600 3314 5672 Philipp.
3348 5617 3420 5672 IY,
3455 5599 3560 5672 tibi
3590 5617 3752 5670 mox,

2099 5675 2131 5728 ἃ
2160 5673 2244 5728 καὶ
2279 5674 2523 5746 ἐμάθετε,
2554 5674 2643 5728 καὶ
2677 5667 3013 5746 παρελάϐετε
3042 5670 3130 5726 καὶ
3173 5667 3276 5740 4,}..—
3308 5669 3397 5726 καὶ
3450 5668 3643 5729 εἴδετε.
