4048 6186
299 263 445 321 1213

1633 263 2084 322 8ΤΒΟΠΔΤΠΜ
2118 263 2256 319 LIB.
2299 264 2396 318 IV.

3584 261 3722 320 1214

300 389 403 444 ’ὅσα
433 383 585 462 ἁγνὰ,
620 387 717 442 ὅσα
741 386 1048 466 προσφιλῆ,
1109 389 1210 442 ὅσα
1268 385 1510 466 εὔφημα·
1547 385 1602 443 εἴ
1642 408 1727 450 τις
1770 386 1951 461 ἀρετή,

2077 384 2298 440 tionem
2329 385 2646 456 baptizant,
2694 383 3096 455 voluptatibus
3125 389 3184 441 et
3228 384 3537 441 affectibus
3587 403 3716 444 esse

298 476 393 533 καὶ
425 477 474 532 εἷ’
500 497 585 538 τις
646 474 888 547 ἔπαινος,
940 481 1108 533 ταῦτα
1167 477 1476 552 λογίζεσθε,
1527 474 1626 533 ὅσα
1682 476 1772 532 καὶ
1829 474 1961 547 ἐμοὶ·

305 579 441 632 θετε⁶
507 563 539 619 ἃ
583 566 674 620 καὶ
717 561 1056 634 παρελάϐετε
1112 567 1204 622 καὶ
1261 567 1532 638 ἠκούσατε
1587 567 1677 622 καὶ
1717 563 1856 620 ἴδετε
1913 563 1964 618 ἐν

303 653 453 728 ἐμοὶ.
483 657 652 709 ταῦτα
684 654 970 729 πράσσετεο
1003 655 1093 710 καὶ
1127 657 1154 711 6
1213 657 1344 719 Θεὸς
1393 664 1492 726 τῆς
1544 655 1760 731 εἰρήνης
1817 650 1962 709 ἔσται

305 745 424 818 μεθ’
475 745 656 814 ὑμῶν.
692 769 720 796 ››
776 743 873 800 Καὶ
933 745 960 799 ὁ
1019 744 1220 818 Πέτρος
1300 745 1352 802 ἰν
1402 750 1469 820 τῇ
1527 744 1827 818 Ἐπιστολῇ
1897 743 1964 798 τὰ

301 835 471 907 ὃμοια
501 831 673 907 λέγει’
728 858 748 884 ι
811 835 971 890 Ὥστε
1027 836 1124 904 τὴν
1184 837 1362 890 πίστιν
1422 837 1572 908 ὑμῶν
1629 836 1719 890 καὶ
1767 831 1962 890 ἐλπίδα

303 925 442 979 εἴναι
471 923 550 985 εἷς
583 922 733 978 Θεόνο
766 923 859 986 τὰς
891 925 1074 999 ψυχὰς
1125 925 1278 997 ὑμῶν
1326 925 1615 1000 ἡγνικότες
1646 925 1698 980 ἐν
1727 929 1796 998 τῇ
1822 925 1962 978 ὑπα-

301 1017 407 1086 κοῇ
437 1016 536 1082 τῆς
565 1012 852 1082 ἀληθείας·
881 1014 959 1076 ὡς
1013 1015 1173 1068 τὲκνὰ
1227 1015 1498 1086 ὑπακοῆς,
1548 1017 1624 1088 μὴ
1671 1015 1959 1086 aud/min-

295 1101 580 1176 τιζόμενοι
610 1108 728 1158 ταῖς
769 1102 1033 1177 πρότερον
1093 1102 1144 1158 ἐν
1190 1108 1259 1177 τῇ
1317 1103 1506 1179 ἀγνοίᾳ
1563 1105 1714 1178 ὑμῶν
1774 1103 1960 1167 ἐπέθυ-

300 1191 470 1266 μίαις’
505 1189 651 1246 ἀλλά
679 1191 814 1246 κατά
833 1191 923 1246 τὸν
958 1189 1262 1247 καλέσαντα
1299 1193 1436 1264 ὑμᾶς
1491 1192 1641 1268 ἅγιον
1684 1193 1773 1247 καὶ
1803 1191 1956 1246 αὐτοὶ

298 1281 444 1357 ἅγιοι
519 1278 572 1334 ἐν
633 1282 778 1356 πάσῃ
834 1281 1144 1357 ἀναστροφῇ
1221 1284 1506 1356 γενήθητε·
1569 1279 1709 1336 διότι
1761 1281 1958 1357 γέγρα-

298 1389 451 1424 πται·
483 1371 673 1444 ’Ἅγιοι
705 1366 886 1434 ἔσεσθε
926 1372 1065 1444 (78),
1122 1367 1261 1426 διότι
1311 1370 1421 1446 ἐγὼ
1475 1370 1648 1445 ἃγιος.
1706 1396 1735 1422 υ
1783 1368 1960 1428 Ἀλλὰ

291 1459 402 1534 γὰρ
436 1459 576 1532 πὲρα
604 1463 701 1513 τοῦ
733 1457 953 1521 δὲοντος
1012 1462 1048 1529 ἡ
1089 1460 1223 1536 πρὸς
1251 1460 1380 1523 τοὺς
1410 1457 1803 1534 ψευδωνύμους
1855 1467 1956 1529 τῆς

300 1548 560 1622 γνώσεως
590 1547 890 1622 ὑποκριτὰς
939 1548 1203 1624 ἀναγκαία
1251 1548 1526 1623 λεγομένη
1563 1547 1848 1623 ἀντιλογία
1877 1547 1954 1611 εἷς

302 1633 509 1708 μακρὸν
545 1636 818 1710 ἀπήγαγεν
851 1638 1023 1709 ἡμᾶς,
1082 1637 1172 1690 καὶ
1231 1635 1455 1707 ἐξέτεινε
1492 1637 1586 1692 τὸν
1619 1637 1801 1712 λόγον’
1837 1638 1952 1692 ὅθεν

296 1723 654 1798 καὶὸτρίτος
704 1727 841 1797 ἡμῖν
898 1730 1005 1780 τῶν
1067 1727 1204 1781 κατὰ
1257 1728 1356 1796 τήν
1409 1725 1590 1796 ἀληθῆ
1625 1727 1950 1804 φιλοσοφίαν

295 1817 610 1890 γνωστικῶν
649 1815 1063 1888 ὑπομνημάτων
1096 1815 1462 1891 Στρωματεὺς
1518 1821 1680 1872 τοῦτο
1721 1815 1836 1892 ἔχει
1884 1817 1948 1872 τὸ

293 1903 488 1978 πέρας.

2070 474 2500 547 indulgendum
2528 475 2937 530 decernentes.
2960 475 3399 530 incontinentes
3422 492 3493 530 ex
3514 477 3717 532 mode-

2068 565 2213 620 ratis
2246 565 2373 620 ﬁeri
2407 565 2708 630 docentes,
2739 571 2797 618 et
2825 564 2887 617 in
2906 580 3007 634 spe
3027 580 3133 619 sua
3152 564 3557 620 membrorum
3581 582 3717 621 suo-

2068 671 2201 710 rum
2232 653 2616 726 impudentiaa
2639 653 2798 709 afﬁxi
2824 671 2836 719 ;
2862 659 2986 708 uta
3005 670 3184 726 regno
3217 655 3318 709 Dei
3340 653 3714 725 abdicentur,

2068 761 2186 800 non
2220 751 2416 800 autem
2450 750 2512 798 ut
2544 743 2966 810 inscribantur,
3000 745 3102 814 qui
3141 745 3215 799 ad
3263 761 3364 800 eos
3403 746 3714 816 ventitant,

2068 835 2398 890 efﬁcientes
2423 851 2438 899 ;
2479 833 2588 889 sub
2619 833 2767 888 falso
2791 834 3113 888 nominatae
3139 835 3494 906 cognitionis
3517 836 3712 905 titulo,

2068 940 2220 990 eam,
2245 941 2375 995 quae
2398 923 2472 978 ad
2503 924 2826 978 exteriores
2849 922 3012 978 ducit
3029 923 3326 988 tenebras,
3351 924 3501 979 viam
3526 925 3713 997 ingre~

2066 1011 2316 1065 dientes.
2331 1037 2348 1057 -
2360 1011 2523 1076 Quod
2537 1011 2834 1082 reliquum
2849 1010 3161 1066 estfratres
3175 1028 3542 1082 quascunque
3558 1029 3712 1081 vera,

2066 1117 2436 1171 quacunque
2459 1101 2727 1168 honesta,
2747 1102 3308 1171 quaecunquejusta,
3343 1117 3713 1173 quaecunque

2064 1197 2244 1248 casta.
2260 1206 2628 1260 quascunque
2641 1191 2939 1254 amabilia,
2952 1207 3322 1261 quascunque
3335 1191 3504 1245 bonae
3518 1192 3710 1259 famae;

2065 1281 2113 1336 si
2132 1297 2248 1351 qua
2267 1281 2472 1348 virtus,
2501 1287 2560 1335 et
2579 1281 2627 1335 si
2653 1297 2771 1350 qua
2792 1280 2942 1340 laus.
2968 1296 3038 1335 ea
3057 1280 3429 1336 considerate
3453 1297 3467 1347 ;
3500 1299 3631 1352 quae
3655 1287 3714 1338 et

2063 1369 2512 1441 didicistis;qua3
2525 1371 2704 1425 etiam
2723 1370 3034 1440 accepistis
3052 1375 3111 1426 et
3125 1370 3398 1426 audiistis
3411 1371 3710 1427 etvidistis

2063 1463 2122 1516 in
2142 1477 2257 1527 me,
2279 1478 2349 1516 ea
2363 1460 2537 1516 facite
2563 1467 2652 1526 ;et
2668 1461 2820 1515 Deus
2840 1460 3001 1531 pacis
3019 1461 3131 1515 erit
3153 1461 3456 1516 vobiscum
3471 1463 3567 1532 (a).
3595 1484 3623 1512 »
3642 1465 3713 1518 Et

2062 1552 2271 1606 Petrus
2299 1549 2522 1603 similia
2551 1548 2698 1603 dicit
2738 1549 2799 1603 in
2831 1548 3129 1619 Epistola:
3165 1571 3192 1598 ‹‹
3223 1550 3294 1604 Ut
3340 1549 3489 1605 ﬁdes
3519 1555 3711 1607 vestra

2061 1644 2120 1694 et
2151 1654 2284 1710 spes
2317 1637 2394 1692 sit
2424 1637 2484 1692 in
2515 1638 2721 1702 Deum,
2756 1653 2893 1692 cum
2923 1638 3154 1692 animas
3174 1641 3396 1692 vestras
3416 1643 3608 1693 castas
3630 1638 3712 1693 ef-

2058 1727 2317 1784 feceritis
2341 1726 2402 1781 in
2435 1726 2777 1782 obedientia
2806 1727 3068 1782 veritatis
3089 1726 3167 1796 (b)
3193 1743 3206 1789 ;
3233 1727 3400 1796 quasi
3425 1727 3531 1781 ﬁlii
3567 1727 3709 1782 obe-

2057 1817 2318 1876 dientim.
2349 1833 2468 1872 non
2494 1816 2844 1888 conﬁgurati
2877 1815 3174 1887 prioribus
3205 1814 3538 1882 desideriis,
3573 1833 3705 1887 qum

2056 1907 2298 1963 fuerunt
2328 1907 2389 1961 in
2422 1907 2793 1978 ignorantia;
2826 1905 2930 1961 sed
2953 1905 3280 1960 secundum
3309 1921 3464 1970 eum,
3488 1907 3587 1977 qui
3609 1924 3703 1962 vo-

291 1995 447 2050 cavit
477 2000 911 2063 vos,sanctum,
961 2001 1019 2051 et
1047 1997 1161 2068 ipsi
1193 1998 1382 2053 sancti
1408 1997 1537 2053 sitis
1565 1998 1624 2052 in
1669 1997 1832 2052 omni
1884 1996 2348 2052 conversatione.
2411 1996 2700 2060 Quoniam
2743 1995 3030 2066 scriptum
3060 2000 3149 2049 est
3177 2010 3190 2048 :
3225 2016 3251 2043 ‹‹
3288 1995 3482 2050 Sancti
3514 1996 3702 2063 eritis,

294 2087 580 2156 quoniam
607 2102 711 2158 ego
741 2092 980 2141 sanctus
1012 2102 1142 2140 sum
1166 2089 1260 2156 (c).
1297 2109 1326 2136 »
1362 2089 1780 2142 Verumtamen
1804 2104 1936 2158 qua)
1953 2086 2233 2142 adversus
2264 2086 2501 2156 eos,qui
2517 2085 2916 2158 cognitionem
2947 2084 3096 2140 falso
3128 2084 3370 2138 nomine
3393 2084 3701 2151 simulant,

292 2176 632 2230 necessario
664 2181 938 2248 suscepta
963 2180 1052 2231 est
1080 2193 1114 2231 a
1137 2175 1309 2231 nobis
1340 2176 1684 2248 disputatio,
1719 2193 1827 2232 nos
1856 2177 2113 2249 longius,
2167 2192 2347 2246 quam
2405 2190 2512 2247 par
2570 2176 2666 2242 sit,
2718 2174 2986 2239 abduxit,
3046 2180 3104 2228 et
3145 2173 3474 2228 orationem
3507 2175 3704 2228 effecit

290 2266 698 2338 prolixiorem.
734 2266 897 2321 Unde
927 2266 1135 2321 tertius
1160 2267 1565 2339 quoqueliber
1593 2268 1957 2322 Stromateus
1989 2282 2216 2334 eorum,
2241 2281 2372 2338 qua:
2404 2269 2544 2321 sunt
2590 2263 2663 2319 de
2718 2281 2854 2320 vera
2902 2263 3306 2336 philosophia,
3333 2268 3706 2319 commenta-

292 2357 540 2423 riorum,
566 2356 725 2412 hunc
757 2357 938 2412 ﬁnem
968 2356 1204 2413 habeat.

364 2514 441 2586 (a)
472 2514 626 2572 Phil.
657 2531 733 2583 iv,
762 2515 815 2582 8,
850 2519 904 2571 9.
943 2517 1014 2587 (b)
1045 2518 1069 2570 Ι
1100 2521 1250 2572 Petr.
1283 2533 1322 2580 ι,
1354 2515 1446 2581 2|,
1478 2519 1565 2570 22.
1600 2517 1670 2588 (ο)
1703 2515 1850 2572 Ibid.
1884 2517 1949 2572 14

2058 2518 2088 2580 ι,
2123 2517 2212 2570 16.

363 2644 474 2714 (78)
503 2643 686 2718 ’Δγιοι
713 2637 794 2700 id.
829 2645 852 2698 Ι
885 2647 1040 2700 Petr.
1077 2662 1116 2716 1,
1153 2645 1218 2699 16
1257 2661 1270 2700 :
1303 2645 1487 2718 ’Δγιοι
1512 2644 1750 2719 γένεσθε,
1779 2643 1861 2698 ὅτι
1886 2641 1993 2718 ἐγὼ
2025 2640 2180 2718 ἅγιός
2214 2642 2350 2715 εἶμι.

1265 2996 2717 3171 ΚΛΗΜΕΝΤΟΣ

720 3293 1230 3468 ΤΟΥ
1391 3293 3261 3466 ΑΛΕΞΑΝΔΡΕΩΣ

1390 3582 2580 3712 ΣΤΡΩΜΑΤΕΩΝ

889 3833 1147 3929 ΤΩΝ
1231 3835 1428 3930 ΕΙΣ
1513 3831 1853 3930 ΟΚΤΩ
1932 3834 2336 3931 ΛΟΓΟΣ
2420 3834 3112 3933 ΤΕΤΑΡΤΟΣ.

680 4219 1478 4386 CLEMEN
1487 4221 1804 4385 TIS
1921 4221 3236 4386 ALEXANDRIN
3243 4225 3314 4386 Ι

1457 4513 2506 4636 STROMATUM

1284 4733 1764 4829 LIBER
1898 4733 2679 4845 QUARTUS.

1665 5064 1897 5120 CAPUT
1968 5065 2271 5122 PRIMUM.

1701 5179 1845 5235 Ordo
1867 5180 2241 5235 dicendorum.

345 5304 684 5371 Ἀκόλουθον
715 5302 762 5360 δ’
795 5305 876 5373 ἄν,
913 5304 1092 5374 οἶμαι,
1124 5300 1247 5370 περί
1293 5287 1350 5357 τε
1400 5302 1700 5379 μαρτυρίου
1734 5300 1925 5358 διαλα-

2111 5307 2494 5378 Consequens
2516 5310 2713 5362 autem
2743 5304 3023 5378 deinceps
3045 5323 3174 5364 esse
3198 5310 3491 5376 existimo,
3524 5316 3588 5366 ut
3618 5311 3689 5366 de

273 5391 411 5466 δεῖν,
443 5395 534 5450 καὶ
563 5395 646 5458 τίς
686 5395 714 5449 6
771 5391 1001 5453 τέλειος·
1054 5389 1136 5452 οἷς
1196 5387 1738 5468 ἐμπεριληφθτςσεται
1794 5394 1930 5448 κατὰ

265 5487 369 5555 τὴν
403 5485 692 5556 ἀπαίτησιν
725 5487 835 5538 τῶν
868 5478 1296 5551 λεχθησομὲνων
1327 5483 1393 5535 τὰ
1431 5483 1801 5555 παρεπόμενα,
1836 5482 1924 5538 καὶ

268 5574 348 5636 ὡς
381 5573 592 5648 ὁμοίως
617 5594 674 5628 τε
717 5569 1122 5647 φιλοσοφητέον
1183 5565 1369 5641 δούλῳ
1398 5591 1455 5624 τε
1510 5573 1599 5625 καὶ
1633 5569 1923 5647 ἐλευθέρῳ,

264 5660 364 5718 κᾶν
401 5665 537 5742 ἀνὴρ
569 5663 763 5742 ἢγδνὴ
811 5661 873 5716 τὸ
904 5661 1061 5736 γένος
1092 5657 1362 5734 τυγχάνῃ·
1417 5661 1484 5713 τά
1510 5681 1568 5714 τε
1625 5659 1768 5732 ἑξῆς,
1802 5660 1924 5736 περί

2037 5397 2322 5468 martyrio
2356 5403 2699 5459 tractemus.
2732 5402 2790 5452 et
2818 5398 3095 5468 quisnam
3119 5399 3195 5452 sit
3224 5399 3538 5471 perfectus.
3565 5401 3691 5456 Una

2037 5492 2235 5541 autem
2251 5503 2384 5542 cum
2402 5487 2494 5542 his
2515 5503 2644 5542 com
2655 5487 3100 5558 prehendentur
3120 5503 3488 5558 quaecunque
3512 5493 3689 5543 natu-

2035 5573 2500 5630 radicendorum
2517 5575 2695 5647 exigit
2720 5577 3003 5641 ;utetiam
3027 5576 3182 5645 quod
3197 5591 3362 5644 teque
3388 5574 3463 5628 sit
3483 5575 3683 5646 philo-

2036 5662 2411 5734 sOphandum
2443 5669 2501 5719 et
2531 5681 2694 5720 servo
2725 5669 2784 5719 et
2803 5663 3012 5731 libero,
3047 5663 3163 5717 sive
3187 5662 3263 5716 sit
3292 5661 3377 5716 vir
3397 5679 3539 5720 sexu
3561 5665 3679 5720 sive
