4066 6192
363 266 504 328 1215

1596 265 2013 320 σιωπητιε
2050 264 2556 320 ALBXANDBINI

3658 265 3783 320 1216

366 393 608 450 femina.
641 389 866 445 Etcum
888 403 1019 460 quae
1041 387 1324 460 deinceps
1347 393 1698 459 sequuntur,
1727 395 1786 442 et
1807 388 1878 443 de
1899 388 2016 444 fide

2129 409 2186 442 τε
2213 385 2448 447 πίστεως
2472 386 2586 458 (79)
2615 384 2703 441 καὶ
2734 383 2858 460 περὶ
2911 386 3008 440 τοῦ
3041 389 3243 454 ζητεῖν,
3282 384 3787 460 προσαποπληρώ-

366 483 510 539 etde
530 480 940 553 inquisitione,
966 478 1614 550 absolverimus,genus
1629 477 2017 548 symbolicum

367 573 734 629 adducemus
759 589 771 636 ;
794 575 858 623 ut
879 585 1012 623 cum
1038 569 1392 633 orationem,
1419 584 1548 637 quas
1573 566 1646 620 ad
1668 583 1865 620 mores
1887 583 2019 637 per-

366 663 536 725 tinet,
579 660 803 715 cursim
831 658 1325 718 concluserimus.
1379 655 1722 710 summatim
1754 657 2022 711 ostenda'

367 768 522 816 mus,
558 755 783 821 quanta
812 748 1042 802 utilitas
1073 747 1255 802 allata
1301 747 1378 800 sit
1428 746 1641 801 Graacis
1689 762 1724 800 a
1771 745 2022 800 barbara

367 840 764 912 philosophia.
797 839 982 903 Quam
1007 836 1247 908 quidem
1271 842 1587 907 postquam
1610 835 1798 889 oculis
1821 835 2024 905 subje-

367 946 523 995 cero,
560 933 618 982 et
650 927 930 981 adversus
964 928 1194 980 Graecos
1227 930 1286 980 et
1315 925 1594 979 adversus
1623 924 1853 978 Iudaeos
1900 930 2014 977 tra-

367 1019 540 1074 detur
557 1017 981 1088 compendiosa
999 1016 1436 1086 Scripturarum
1458 1014 1764 1084 expositio.
1783 1018 1842 1066 et
1861 1030 2019 1083 quie-

369 1123 605 1178 cunque
633 1107 694 1159 in
729 1105 898 1159 libris
945 1104 1442 1176 praecedentibus,
1487 1121 1618 1174 quas
1666 1102 1907 1173 quidem
1957 1101 2019 1156 in

366 1196 636 1270 prooemii
669 1195 939 1266 ingressu
990 1211 1108 1248 uno
1149 1193 1575 1248 commentario
1608 1192 2021 1246 statuissemus

369 1286 697 1352 absolvere,
731 1283 832 1339 sed
874 1290 1114 1354 propter
1162 1300 1362 1338 rerum
1405 1280 1878 1345 multitudinem,
1926 1279 2021 1334 cui

367 1375 704 1432 necessario
733 1373 1111 1429 serviendum
1142 1373 1274 1438 fuit,
1303 1389 1423 1426 non
1446 1370 1618 1425 licuit
1637 1369 2024 1440 comprehen-

369 1465 529 1519 dere.
565 1467 704 1518 Post
733 1465 859 1518 hazc
889 1479 924 1517 a
950 1463 1142 1528 nobis,
1186 1462 1380 1531 quoad
1414 1460 1543 1515 fieri
1576 1465 1789 1531 potest,
1822 1475 2022 1513 rerum

367 1553 806 1625 propositarum
826 1552 1069 1622 impleta
1091 1551 1514 1613 declaratione,
1538 1566 1668 1619 qum
1687 1549 1759 1603 de
1781 1554 2022 1602 natura-

369 1643 525 1698 libus
557 1642 866 1714 principiis
893 1647 950 1695 et
979 1657 1014 1694 a
1058 1641 1273 1695 Graecis
1326 1645 1384 1693 et
1429 1639 1501 1693 ab
1547 1638 1682 1692 aliis
1732 1637 2021 1692 barbaris.

369 1738 546 1804 prout
575 1732 646 1786 ad
679 1747 787 1784 nos
813 1734 1210 1801 pervenerunt
1239 1729 1576 1798 opiniones,
1609 1727 1826 1780 tradita
1860 1731 2018 1790 sunt,
2053 1749 2098 1813 Β

373 1827 606 1892 oportet
630 1835 941 1874 recensere
971 1836 983 1884 ;
1013 1825 1072 1872 et
1119 1818 1399 1873 adversus
1442 1817 1740 1888 praecipua
1791 1831 2019 1881 eorum,

373 1926 505 1980 qum
539 1914 677 1964 sunt
723 1908 1052 1979 excogitata
1080 1924 1114 1961 a
1154 1905 1546 1978 philosophis,
1597 1903 2019 1976 argumentari.

372 1997 595 2064 Quibus
641 1997 820 2052 fuerit
870 2012 1267 2066 consequens,
1317 2000 1384 2049 ut
1430 1988 1744 2065 postquam
1791 1993 2024 2047 theolo-

372 2088 526 2158 giam
559 2087 781 2142 cursim
805 2086 1298 2156 percurrerimus,
1325 2101 1415 2148 ea,
1440 2101 1572 2154 qum
1604 2083 1676 2137 de
1707 2081 2022 2154 prophetia

373 2175 588 2229 tradita
619 2181 777 2241 sunt,
810 2180 1134 2229 tractemus
1166 2191 1180 2238 ;
1213 2178 1280 2227 ut
1299 2189 1434 2227 cum
1457 2173 1635 2227 etiam
1667 2172 2019 2242 Scripturas,

373 2262 590 2334 quibus
621 2262 1004 2328 credidimus,
1037 2261 1261 2317 validas
1288 2278 1355 2316 ac
1382 2267 1541 2316 ratas
1572 2277 1700 2315 esse
1748 2261 2022 2330 omnipo-

374 2351 519 2408 tenti
553 2351 903 2406 auctoritate
927 2350 1389 2413 ostenderimus,
1414 2349 1567 2404 serie
1588 2349 1887 2420 possimus
1918 2365 2024 2421 per

372 2442 533 2513 ipsas
561 2440 856 2512 progredi,
892 2446 951 2495 et
980 2440 1118 2494 hinc
1161 2439 1436 2494 omnibus
1466 2439 1793 2494 haeresibus
1831 2455 2020 2494 unum

373 2531 557 2585 Deum
575 2529 910 2596 ostendere,
931 2535 989 2584 et
1011 2528 1326 2583 Dominum
1351 2529 1504 2583 204
1527 2527 2016 2598 omnipotentem,

373 2620 473 2691 qui
505 2635 612 2690 per
641 2619 830 2692 legem
858 2625 916 2674 et
941 2620 1258 2691 prophetas
1283 2624 1341 2672 et
1368 2618 1607 2672 beatum
1632 2617 1808 2672 etiam
1833 2619 2018 2672 Evan-

369 2709 592 2783 gelium
623 2710 733 2763 iuit
763 2709 992 2764 sincere
1025 2708 1399 2780 praedicatus.
1452 2707 1631 2761 Multa
1678 2713 1874 2762 autem
1928 2724 2021 2762 se-

367 2803 639 2870 quuntur
696 2798 870 2852 nobis
927 2798 1179 2852 dicenda
1227 2797 1506 2852 adversus
1555 2813 1677 2862 eos,
1730 2797 1830 2866 qui
1882 2801 2024 2851 sunt

366 2888 612 2943 diversae
647 2887 946 2958 Opinionis
999 2886 1352 2942 conantibus
1384 2903 1453 2941 ea
1502 2887 1564 2940 in
1615 2886 1850 2956 scriptis
1898 2886 2021 2940 dis-

367 2978 614 3043 solvere,
649 2993 779 3046 quaa
807 2976 878 3031 ab
911 2976 1056 3047 ipsis
1088 2976 1438 3043 afferuntur,
1471 2981 1529 3030 et
1553 2975 1641 3029 vel
1669 2976 1866 3030 invitis
1887 2993 2020 3047 per-

364 3066 638 3132 suadere,
665 3081 772 3136 per
810 3065 966 3136 ipsas
1013 3065 1417 3120 convincendo
1470 3065 1822 3136 Scripturas.
1875 3067 2009 3118 Per-

361 3156 514 3210 fecto
555 3155 754 3225 itaque
788 3153 961 3208 nobis
1009 3155 1283 3208 universo
1332 3155 1658 3224 proposito,
1711 3171 1842 3208 cum
1887 3154 2013 3225 jam

364 3244 850 3309 commentarios,
881 3243 1088 3313 quales
1113 3243 1367 3298 voluerit
1397 3243 1669 3313 Spiritus.
1721 3242 1794 3297 ad
1844 3259 2017 3298 usum

363 3335 691 3389 instantem
734 3333 1275 3388 ministraverimus
1327 3333 1620 3402 (quasdam
1673 3333 1832 3387 enim
1883 3339 2018 3388 ante

359 3424 665 3479 veritatem
699 3423 943 3477 omnino
975 3422 1208 3493 praefari
1242 3420 1486 3477 necesse
1533 3422 1667 3490 est),
1699 3427 1840 3476 tunc
1888 3439 2020 3476 vere

360 3513 689 3584 gnosticam
723 3519 954 3566 naturai
981 3511 1394 3583 aggrediemur
1425 3511 2016 3582 contemplationem,

361 3600 556 3672 parvis
586 3605 722 3654 ante
757 3616 973 3670 magna
1003 3600 1218 3655 initiati
1253 3600 1557 3671 mysteria,
1599 3605 1665 3654 ut
1709 3617 1842 3654 vere
1875 3600 2025 3654 divi-

362 3706 454 3743 na)
473 3705 774 3743 sacrorum
798 3689 1277 3760 interpretationi
1302 3689 1451 3743 nihil
1473 3690 1548 3743 sit
1566 3689 2017 3759 impedimento,

363 3778 528 3848 prius
557 3777 894 3849 expurgatis
927 3785 1106 3849 atque
1134 3778 1469 3832 informatis
1502 3778 1594 3839 iis,
1628 3795 1759 3849 quae
1789 3783 2023 3850 oportet

362 3873 498 3920 ante
531 3866 667 3920 sciri
702 3873 760 3920 et
791 3867 962 3920 tradi.
999 3870 1080 3921 Ac
1124 3872 1350 3921 natura:
1399 3867 1638 3938 quidem
1692 3867 2018 3922 secundum

359 3953 631 4007 veritatis
661 3954 923 4025 regulam
957 3955 1294 4025 disciplina,
1331 3972 1432 4008 seu
1473 3956 1767 4025 inspectio
1799 3957 2018 4027 potius.

359 4059 491 4114 quae
514 4059 620 4114 per
642 4043 973 4114 gnosticam
996 4044 1376 4097 traditionem
1397 4045 1744 4114 acquiritur.
1771 4045 1925 4100 facto
1949 4045 2020 4100 ab

360 4139 493 4187 ortu
525 4132 734 4186 mundi
765 4131 958 4197 initio,
1000 4131 1136 4185 inde
1168 4132 1240 4185 ad
1275 4148 1470 4186 rerum
1503 4132 1833 4189 divinarum
1879 4151 2022 4188 con-

355 4220 807 4292 templationem
827 4220 1108 4274 ascendit.
1122 4220 1284 4275 Unde
1301 4236 1664 4289 eorum,quaa
1683 4223 2013 4287 tradentur,

356 4309 719 4380 principium
751 4326 784 4364 a
811 4309 1132 4374 creatione,
1163 4325 1293 4379 qua)
1326 4325 1360 4363 a
1383 4309 1687 4380 pr0phetis
1715 4309 2015 4382 descripta

361 4404 470 4464 est,
514 4399 818 4466 ducemus,
871 4399 1352 4453 intermiscentes
1402 4415 1837 4468 nonnunquam
1884 4417 2014 4470 qua)

2129 497 2338 546 σαντες,
2369 476 2432 531 τὸ
2463 469 2801 548 συμϐολικὸν
2862 472 3003 536 εἶδος
3035 478 3148 548 (80)
3204 476 3659 549 παραθησόμεθα·
3692 477 3786 549 ἵν’,

2129 567 2204 628 ὡς
2237 565 2289 620 ἐν
2351 562 2625 638 ἐπιδρομῇ
2679 566 2770 619 τὸν
2825 564 3019 634 ἠθικὸν
3080 567 3553 639 συμπερανάμενοι
3597 565 3790 641 λόγον1

2127 652 2523 733 κεφαλαιωδῶς
2551 657 2986 728 παραστήσωμεν
3015 655 3116 723 τήν
3169 654 3246 716 εἷς
3285 653 3567 725 Ἓλληνας
3603 657 3666 711 ἐκ
3690 664 3790 724 τῆς

2135 741 2415 820 βαρϐάρου
2447 741 2772 819 φιλοσοφίας
2827 738 3165 804 διαδοθεῖσαν
3205 740 3492 819 ὠφέλειαν.
3529 744 3665 799 Μεθ’
3724 740 3791 811 ἤν

2130 834 2478 889 ὑποτύπωσιν
2509 835 2620 903 ἣτε
2651 834 2786 908 πρὸς
2804 831 2933 896 τοὺς
2959 830 3236 902 Ἓλληνας
3273 833 3361 887 καὶ
3395 836 3429 902 ἡ
3489 834 3634 906 πρὸς
3661 834 3792 895 τοὺς

2125 922 2422 985 Ἰουδαίους
2453 925 2571 979 κατ’
2602 923 2874 995 ἐπιτομὴν
2928 926 3034 976 τῶν
3069 926 3297 998 Γραφῶν
3356 920 3560 984 ἕκθεσις
3611 943 3793 997 παρα-

2129 1013 2442 1083 δοθήσεται,
2471 1012 2560 1066 καὶ
2591 1012 2688 1067 ὅσα
2721 1011 2772 1066 ἐν
2827 1017 2944 1072 τοῖς
3000 1011 3107 1082 πρὸ
3161 1012 3358 1066 τούτου
3393 1013 3792 1086 Στρωματεύσι

2124 1106 2261 1160 κατὰ
2289 1105 2388 1170 τήν
2437 1107 2534 1157 τοῦ
2591 1102 2896 1173 προοιμίου
2951 1096 3208 1169 εἰσϐολὴν
3266 1101 3317 1155 έν
3378 1102 3457 1156 ὲνὶ
3514 1104 3797 1175 προθεμέ-

2126 1215 2250 1255 νους
2303 1196 2415 1266 (81)
2466 1191 2776 1247 τελειώσειν
2843 1192 3222 1264 ὑπομνήματι,
3289 1196 3371 1263 τῷ
3424 1191 3628 1262 πλήθει
3680 1197 3793 1247 τῶν

2125 1286 2468 1356 πραγμάτων
2542 1279 2843 1356 ἀναγκαίως
2897 1276 3258 1349 δουλεύσασι,
3307 1276 3628 1351 περιλαϐεῖν
3689 1280 3794 1335 οὐκ

2127 1372 2419 1444 ἐξεγένετο.
2455 1370 2573 1424 Ἐπὶ
2605 1369 2823 1430 τούτοις
2855 1367 3100 1440 ὕστερον,
3133 1369 3523 1443 πληρωθείσης
3578 1373 3656 1431 ὡς
3710 1368 3791 1424 ἔνι

2134 1462 2369 1535 μάλιστα
2397 1466 2497 1527 τῆς
2525 1458 2662 1513 κατὰ
2689 1460 2756 1512 τὰ
2785 1457 3118 1533 προκείμενα
3165 1460 3301 1530 ἡμῖν
3359 1459 3790 1531 ὑποτυπώσεως,

2127 1552 2193 1606 τὰ
2222 1549 2343 1622 περὶ
2377 1548 2564 1623 ἀρχῶν
2621 1546 3090 1622 φυσιολογηθέντα
3137 1552 3256 1608 τοῖς
3299 1567 3357 1601 τε
3398 1545 3641 1615 Ἕλλησι
3669 1553 3797 1611 τοῖς

2129 1660 2188 1694 τε
2214 1636 2409 1699 ἃλλοις
2446 1631 2922 1712 βαρϐάροις,δσον
2956 1637 3092 1705 ἧκον
3154 1635 3232 1697 εἴς
3291 1638 3442 1708 ἡμᾶς
3499 1637 3553 1690 αἱ
3614 1633 3796 1709 δόξαι,

2129 1727 2525 1801 έξιστορητέον,
2549 1726 2636 1780 καὶ
2668 1726 2804 1801 πρὸς
2833 1726 2900 1779 τὰ
2953 1727 3267 1800 κυριώτατα
3295 1730 3403 1780 τῶν
3451 1731 3568 1784 τοῖς
3629 1723 3800 1803 φιλο-

2128 1818 2318 1892 σόφοις
2352 1815 2788 1888 έπινενοημένων
2851 1810 3228 1890 ἐγχειρητέον.
3263 1815 3364 1876 Οἷς
3425 1815 3696 1886 ἑπόμενον
3731 1813 3794 1868 ἃν

2129 1904 2237 1975 ε”η,
2273 1906 2408 1978 μετὰ
2435 1906 2533 1973 τήν
2568 1902 2873 1979 ἐπιδρομὴν
2905 1911 3005 1972 τῆς
3039 1901 3358 1979 θεολογίας,
3387 1903 3454 1959 τὰ
3503 1905 3630 1980 περὶ
3653 1925 3798 1978 προ-

2128 1996 2350 2072 φητείας
2405 1990 2821 2068 παραδεδομένα
2881 1987 3159 2047 διαλαϐεῖν
3220 1995 3354 2065 (82)·
3414 1991 3490 2051 ὡς
3546 1995 3641 2046 καί
3698 1992 3798 2053 τὰς

2126 2083 2362 2160 Γραφὰς,
2396 2085 2481 2146 αἷς
2511 2082 2968 2152 πεπιστεύκαμεν,
3027 2082 3220 2155 κυρίας
3270 2077 3431 2144 οῧσας
3490 2080 3539 2152 ἐξ
3600 2079 3798 2136 αὐθεν-

2124 2172 2241 2235 τίας
2269 2178 2781 2246 παντοκρατορεκῆς
2839 2167 3236 2240 ἐπιδείξαντας,
3294 2171 3542 2246 προϊέναι
3587 2167 3658 2224 δι’
3699 2171 3799 2224 αύ-

2124 2265 2233 2317 τῶν
2263 2262 2440 2335 εἷρμῷ
2462 2258 2739 2328 δύνασθαι,
2781 2259 2874 2314 καὶ
2927 2261 3157 2321 ἁπάσαις
3201 2259 3436 2323 ἐντεῦθεν
3492 2265 3613 2320 ταῖς
3644 2260 3799 2334 αἱρέ-

2126 2371 2292 2418 σεσιν,
2323 2347 2414 2404 ἕνα
2447 2347 2713 2404 δεικνύναι
2745 2350 2900 2420 Θεὸν,
2961 2348 3052 2403 καὶ
3112 2347 3314 2424 Κύριον
3346 2349 3793 2423 παντοκράτορα,

2123 2441 2217 2494 τὸν
2243 2437 2332 2494 διὰ
2353 2437 2523 2511 νόμου
2553 2437 2644 2492 καὶ
2675 2443 2996 2515 προφητῶν,
3028 2437 3164 2511 πρὸς
3223 2435 3282 2492 δὲ
3327 2437 3418 2491 καὶ
3475 2441 3577 2490 τοῦ
3616 2458 3796 2509 μακα-

2129 2531 2250 2605 ρίου
2284 2525 2631 2602 Εύαγγελίου
2661 2529 2904 2603 γνησίως
2962 2527 3392 2602 κεκηρυγμένον.
3455 2524 3671 2580 Πολλαὶ
3734 2524 3793 2581 δὲ

2125 2621 2274 2691 ἡμᾶς
2298 2618 2351 2671 αἱ
2381 2618 2518 2692 πρὸς
2576 2617 2702 2678 τοὺς
2761 2614 3105 2691 ἓτεροδόξους
3136 2615 3478 2692 ἀντιρρησεις
3527 2613 3790 2691 ἐκδέχον-

2123 2728 2236 2772 ται,
2289 2705 2659 2781 πειρωμένους
2713 2708 2780 2760 τά
2833 2727 2891 2761 τε
2949 2705 3038 2759 ὐπ’
3103 2704 3278 2760 αὐτῶν
3332 2703 3793 2780 προκομιζόμενα

2125 2794 2416 2873 ἐγγράφως
2449 2793 2785 2863 διαλύεσθαι,
2819 2793 3022 2849 πείθειν
3071 2815 3132 2848 τε
3163 2792 3357 2855 αὐτοὺς
3408 2793 3500 2848 καὶ
3531 2795 3788 2860 ἄκοντας,

2127 2882 2198 2939 δι’
2229 2885 2401 2939 αὐτῶν
2434 2879 2763 2959 ἐλέγχοντας
2793 2888 2902 2938 τῶν
2943 2887 3188 2960 Γραφῶν.
3221 2881 3621 2951 Τελειωθείσης
3669 2884 3790 2936 τοί-

2125 2996 2218 3028 νυν
2249 2981 2351 3042 τῆς
2375 2973 2686 3047 προθέσεως
2729 2975 2865 3045 ἡμῖν
2915 2972 3151 3040 ἀπάσης,
3205 2969 3258 3025 έν
3309 2973 3394 3031 οἷς
3451 2970 3538 3025 ἐὰν
3569 2970 3781 3045 θελήσῃ

2127 3065 2189 3116 τὸ
2225 3067 2440 3134 Πνεῦμα
2473 3062 2832 3134 ὑπομνήμασι
2888 3061 3026 3133 πρὸς
3077 3061 3176 3127 τήν
3209 3059 3634 3134 κατεπεῗγουσαν
3667 3059 3783 3129 ἐξυ-

2127 3151 2534 3228 πηρετούμενοι
2589 3150 2777 3226 χρείαν
2836 3147 3044 3222 (πολλή
3102 3150 3205 3223 γὰρ
3254 3151 3289 3218 ἡ
3340 3152 3448 3202 τῶν
3507 3147 3791 3223 προλεγο-

2128 3244 2304 3315 μένων
2361 3239 2668 3317 ὀφείλεσθαι
2720 3246 2820 3308 τῆς
2880 3238 3138 3308 ἀληθείας
3193 3241 3305 3310 (83)
3358 3237 3608 3311 ἀνάγκη),
3659 3239 3790 3293 τότε

2125 3330 2192 3400 δὴ
2223 3333 2321 3400 τὴν
2351 3336 2430 3402 τῷ
2465 3328 2576 3384 ὄντι
2607 3330 2911 3406 γνωστικὴν
2959 3327 3312 3403 φυσιολογίαν
3372 3329 3621 3401 μέτειμεν
3645 3331 3787 3401 (84),

2123 3423 2189 3475 τὰ
2222 3421 2390 3496 μικρὰ
2418 3421 2524 3494 πρὸ
2578 3425 2686 3474 τῶν
2740 3418 2996 3495 μεγάλων
3054 3422 3163 3492 (85)
3228 3421 3522 3491 μυηθέντες
3574 3440 3786 3490 μυστηο

2129 3512 2284 3587 ρίων.
2318 3511 2390 3570 ὡς
2424 3506 2593 3582 μηδὲν
2621 3506 2878 3581 ἐμποδὼν
2910 3513 2979 3582 τῇ
3012 3508 3128 3579 θείᾳ
3157 3504 3329 3569 ὄντως
3355 3508 3673 3584 ἱεροφαντίᾳ
3701 3507 3789 3581 γί-

2124 3601 2331 3666 νεσθαι,
2395 3597 2921 3673 προκεκαθαρμένων
3007 3598 3098 3652 καὶ
3180 3595 3787 3673 προδιατετυπωμένων

2125 3693 2233 3742 τῶν
2287 3689 2762 3762 προῖστορηθῆναι
2815 3686 2904 3741 καὶ
2985 3683 3470 3762 προπαραδοθῆναι
3525 3682 3786 3743 δεόντων.

2125 3779 2188 3834 Ἠ
2222 3781 2352 3852 γοῦν
2409 3777 2545 3831 κατὰ
2589 3776 2681 3830 τὸν
2739 3782 2840 3844 τῆς
2901 3775 3164 3844 ἀληθείας
3221 3775 3418 3829 κανόνα
3473 3779 3790 3848 γνωπικῆς

2125 3863 2478 3939 παραδόσεως
2511 3863 2855 3942 φυσιολογία,
2894 3863 3106 3936 μᾶλλον
3163 3861 3220 3918 δὲ
3270 3863 3553 3932 ἐποπτεία,
3587 3863 3645 3917 έκ
3688 3869 3788 3918 τοῦ

2122 3957 2243 4030 περὶ
2305 3955 2666 4030 κοσμογονίας
2719 3955 2953 4026 ἢρτηται
3017 3953 3208 4029 λόγου,
3296 3950 3503 4016 ἐνθένδε
3555 3948 3787 4007 ἀναϐαί-

2127 4065 2293 4098 νουσα
2347 4042 2435 4098 έπὶ
2483 4044 2545 4097 τὸ
2595 4041 2917 4117 θεολογικὸν
2978 4040 3134 4103 εἶδος.
3171 4043 3331 4098 ’Όθεν
3405 4040 3634 4103 εἰκότως
3685 4044 3788 4110 τὴν

2122 4134 2305 4208 ἀρχὴν
2361 4139 2463 4202 τῆς
2519 4129 2896 4207 παραδόσεως,
2957 4130 3060 4186 ἀπὸ
3145 4137 3246 4199 τῆς
3309 4131 3787 4206 προφητευθείσης

2123 4223 2468 4294 ποιησόμεθα
2497 4222 2774 4297 γενέσεως,
2807 4220 2860 4275 ἐν
2893 4223 3044 4297 μέρει
3100 4219 3190 4276 καὶ
3254 4219 3321 4274 τὰ
3371 4223 3480 4273 τῶν
3540 4216 3790 4292 ἒτεροδὸο

2124 4313 2225 4382 ξων
2255 4312 2702 4385 παρατιθέμενοι,
2745 4310 2836 4364 καὶ
2869 4311 2942 4370 ὡς
3001 4309 3115 4364 οἶόν
3163 4329 3222 4362 τε
3268 4311 3404 4380 ἡμῖν
3466 4305 3786 4371 διαλύεσθαι

2122 4405 2477 4476 πειρώμενοι.
2513 4397 2685 4455 Ἀλλᾶ
2714 4400 2816 4473 γὰρ
2846 4399 2910 4452 τὸ
2947 4400 3038 4470 μὲν
3071 4399 3423 4474 γεγράψεται,
3457 4394 3522 4465 ἤν
3554 4397 3687 4458 Θεός
3720 4418 3784 4470 γε

357 4487 430 4540 ab
463 4488 556 4545 iis.
589 4489 689 4558 qui
723 4488 952 4543 diversa
996 4489 1280 4554 sentiunt,
1333 4487 1632 4551 dicuntur,
1683 4493 1761 4553 et,
1813 4489 2006 4558 quoad

2129 4489 2293 4562 ἱθέλῃ,
2353 4489 2442 4543 καὶ
2477 4488 2627 4550 ὅπως
2688 4485 2747 4542 ἄν
2808 4487 3038 4562 έμπνέῃ’
3100 4487 3213 4540 νυνὶ
3274 4484 3331 4541 δὲ
3383 4486 3472 4540 ἐπὶ
3527 4487 3591 4540 τὸ
3649 4506 3784 4556 προο

357 4592 393 4630 a
421 4576 592 4630 nobis
622 4577 749 4630 fieri
781 4578 1015 4648 poterit.
1043 4577 1450 4632 dissolventes.
1477 4576 1587 4631 Sed
1616 4577 1741 4631 haec
1765 4578 2006 4648 quidem

359 4681 498 4720 mox
529 4666 884 4731 scribentur,
920 4667 968 4720 si
1017 4669 1168 4721 Deus
1199 4666 1358 4732 velit,
1410 4671 1467 4720 et
1508 4667 2009 4736 quemadmodum

2118 4577 2370 4649 κείμενον
2435 4577 2673 4650 μετιτέον
2709 4619 2722 4644 ,
2778 4577 2865 4631 καὶ
2924 4578 3016 4630 τὸν
3067 4577 3254 4645 ἠθικὸν
3339 4575 3783 4650 ἀποπληρωτέον

2125 4663 2306 4740 λόγον.

365 4753 467 4810 ille
500 4755 911 4826 inspiraverit:
945 4774 1106 4812 nunc
1136 4761 1333 4811 autem
1366 4756 1828 4828 aggrediendum
1861 4762 1951 4812 est
1982 4756 2063 4826 id,
2091 4773 2168 4828 qu
2183 4755 2254 4811 od
2286 4756 2399 4810 fuit
2427 4757 2818 4829 prapositum,
2867 4760 2927 4810 et
2975 4753 3332 4810 absolvenda
3391 4771 3482 4814 ea.
3541 4771 3680 4826 qum
3711 4755 3786 4811 ad

363 4860 564 4900 mores
595 4846 875 4916 pertinet,
901 4846 1112 4901 oratio.

429 4984 494 5047 ᾧ
523 4986 586 5039 Ρ.
622 4987 867 5040 563οὸ64
897 4987 1012 5042 ΕΙ).
1047 4987 1342 5053 POTTER,
1367 4989 1608 5043 474-475
1637 4990 1750 5046 ED.
1782 4989 2011 5046 PABIS.

433 5130 544 5197 (79)
577 5126 791 5203 Περί-τε
822 5127 1277 5203 πίστεωςεοοῐιῖ.
1357 5149 1412 5202 p.
1477 5135 1600 5201 497,
1648 5137 1771 5203 500,
1805 5138 1899 5189 521
1961 5139 2018 5190 et

360 5201 483 5258 525.
515 5203 638 5255 527.
672 5200 810 5253 edit.
847 5202 1030 5255 Paris.
1068 5202 1332 5255 GnAmus.

431 5274 547 5339 (80)
582 5270 660 5327 Τὸ
692 5263 1032 5340 συμϐολικὸν
1067 5268 1229 5332 εἶδος.
1268 5273 1390 5327 Lib.
1427 5291 1476 5326 ν.
1511 5277 1685 5330 GRAB.

434 5345 543 5419 (81)
574 5343 1204 5419 ΙΙροθεμζένουςζΑρϐιιδ.
1265 5343 1635 5419 προθεμένους
1694 5349 1799 5414 (sc.
1845 5348 2016 5419 ἡμᾶς)

360 5417 585 5488 regitur
619 5408 653 5472 ἐι
677 5408 857 5471 verbo
892 5415 1094 5470 inlinit
1147 5408 1483 5488 περιλαϐεῖν.
1521 5417 1627 5472 Ubi
1661 5408 1836 5472 etiam
1855 5408 2014 5478 n'ota'.

361 5486 624 5544 medium
658 5494 716 5543 et
741 5493 1073 5542 extremum
1131 5486 1420 5557 cujusque
1481 5488 1854 5559 Στρωματέως
1895 5508 2014 5547 non

360 5576 596 5630 semper
613 5559 1143 5632 propositioni,seu
1159 5559 1443 5632 prooemio
1467 5559 2014 5630 respondere.SvLa.

428 5625 542 5706 (8?)
574 5625 658 5688 Τ’ἀ
689 5625 810 5701 περὶ
869 5625 1210 5706 προφητείας
1257 5648 1317 5685 π.
1381 5625 1431 5685 δ.
1482 5625 1582 5686 ΑΠ’
1632 5631 1770 5688 hinc
1820 5632 2016 5688 Ἐκλο-

359 5702 454 5774 γαὶ
483 5699 546 5757 έκ
573 5723 680 5759 των
721 5699 1080 5779 προφητικῶν
1119 5722 1132 5772 ;
1170 5703 1432 5760 GBABIUS.

2200 5133 2330 5205 (83),
2387 5133 2519 5205 ,Τῶν
2573 5129 3019 5205 ,προλεγομένων
3110 5128 3426 5205 ὀφείλεσθαι
3496 5137 3599 5205 τῆς
3682 5131 3782 5205 ᾇλ.

2127 5199 2339 5279 Procul
2366 5199 2904 5279 dubiolegendilm.
2963 5207 3071 5256 τῶν
3130 5199 3493 5276 προλέγεσθαι
3559 5202 3786 5279 ὀφειλο-

2131 5277 2308 5347 μένων
2337 5283 2436 5342 τῆς
2465 5274 2748 5344 ἀληθείας,
2776 5301 2801 5327 «ι
2835 5293 3064 5335 eorum.
3115 5274 3246 5346 quae
3303 5274 3440 5330 ante
3470 5274 3785 5332 veritatem

2129 5349 2244 5404 dici
2277 5348 2551 5413 debent,»
2567 5355 2632 5403 ut
2657 5350 2948 5419 interpres
2971 5347 3403 5421 quoquevertit
3429 5366 3488 5401 ;‹‹
3506 5349 3788 5421 quaedam

2129 5421 2290 5546 (Sanim
2321 5428 2456 5476 ante
2482 5421 2785 5476 veritatem
2816 5418 3060 5475 omnino
3088 5418 3321 5491 praefari
3344 5418 3593 5476 necesse
3614 5428 3725 5477 est.
3761 5443 3790 5470 υ

2169 5507 2400 5546 anunc.

2169 5507 2400 5547 YLBUBG.

2199 5563 2309 5634 (84)
2347 5558 2631 5634 Μέτειμεν.
2665 5563 2829 5618 Conf.
2866 5563 3040 5618 Index
3071 5563 3312 5634 Gra'cus.

2202 5635 2310 5701 (85)
2342 5634 2420 5689 Τὰ
2454 5633 2624 5706 μικρὰ
2651 5633 2757 5706 πρὸ
2801 5636 2909 5707 τῶν
2965 5653 3059 5707 μη,
3086 5633 3283 5707 Οοῐιῖ.Δ
3317 5635 3594 5707 Stromq,
3653 5651 3785 5707 pag.

2130 5708 2256 5773 277,
2290 5712 2349 5761 et
2377 5704 2579 5763 Strom'.
2615 5704 2778 5782 vi,'p.
2807 5706 2933 5776 582,
2969 5704 3115 5761 edit.
3156 5704 3341 5761 Paris.
3393 5711 3451 5760 et
3479 5704 3782 5762 adnotata.
