4066 6192
338 331 478 389 1217

1667 330 2109 388 ΒΤΒΟΜΔἸἫΜ
2153 335 2286 388 LIB.
2330 336 2424 391 IV.

3616 340 3754 398 1218

1869 487 2098 542 CAPUT
2156 491 2226 546 Il.

1513 586 1620 640 Cur
1651 585 1779 640 libri
1813 589 1908 642 isti
1935 589 2255 644 Stromateis
2295 592 2573 648 dicantur.

411 708 593 760 Ἔστω
625 697 684 756 δὲ
711 701 837 773 ὑμῖν
893 701 1006 772 (86)
1061 698 1126 753 τά
1179 699 1597 770 Ὑπομνήματα,
1651 700 1726 760 ὡς
1757 697 1982 754 πολλά..

2171 705 2388 769 Sint»?
2425 714 2624 763 autem
2681 709 2891 773 nostri,
2942 715 3008 764 ut
3054 726 3210 782 szepe
3259 713 3540 778 diximus,
3587 731 3750 772 com-

335 815 422 856 κις
453 791 700 865 εἷ’πομεν,
734 790 823 845 διὰ
864 789 992 850 τοὺς
1052 785 1276 856 ἀναίδην
1335 788 1571 862 ἀπείρως
1623 787 1988 863 ἐντυγχάνον-

334 905 452 953 τας,
485 881 736 944 ποικίλα,
765 881 842 941 ὡς
872 879 1004 934 αὑτό
1035 897 1139 932 που
1183 875 1426 949 τοῦνομά
1473 898 1627 954 φησι,
1663 903 1689 928 ‹‹
1725 875 1990 951 διεστρω-

343 971 498 1049 μένα,
535 998 556 1026 ι
595 973 684 1026 ἀπ’
716 969 892 1025 ἀλλου
923 967 998 1030 εἶς
1047 965 1188 1022 ἄλλο
1234 967 1457 1042 συνεχὲς
1502 967 1776 1039 μετιόντα,
1809 965 1989 1042 ἕτερον

344 1067 440 1137 μὲν
467 1085 518 1118 τι
559 1062 693 1116 κατά
747 1061 839 1114 τὸν
901 1057 1090 1132 εἱρμὸν
1143 1061 1252 1110 τῶν
1312 1056 1492 1132 λόγων
1551 1061 1851 1128 μηνύοντα,
1907 1057 1994 1110 έν-

340 1151 661 1225 δειγνύμενα
692 1149 749 1205 δὲ
778 1148 920 1204 ἄλλο
971 1168 1044 1202 τι·
1096 1172 1122 1198 ‹‹
1153 1146 1362 1218 Χρυσὸν
1393 1147 1498 1221 γὰρ
1530 1147 1581 1200 οἱ
1617 1143 1926 1218 διζήμενοι,
1963 1169 1987 1199 ι

341 1243 506 1322 φησῖν
563 1239 941 1314 Ἡράκλειτος,
1003 1262 1030 1288 ‹‹
1090 1239 1194 1322 γῆν
1252 1233 1468 1302 πολλὴν
1530 1235 1842 1308 ὀρύσσουσι,
1901 1235 1990 1289 καὶ

340 1321 682 1406 εὑρίσκουσιν
741 1328 951 1402 ὀλίγον·
987 1350 1014 1377 ››
1066 1326 1118 1379 οἱ
1172 1321 1230 1378 δὲ
1275 1328 1372 1378 τοῦ
1427 1325 1642 1398 χρυσοῦ
1703 1323 1874 1388 ὄντως
1901 1325 1993 1397 γέ-

339 1442 467 1482 νους
515 1420 578 1474 τὸ
627 1417 879 1492 συγγενὲς
941 1411 1368 1488 μεταλλεύοντες
1428 1413 1722 1486 εὑρήσουσι
1753 1414 1816 1467 τὸ
1845 1412 1989 1468 πολὺ

341 1509 394 1566 ἒν
427 1507 620 1582 όλίγῳ’
682 1507 898 1580 εὑρήσει
956 1504 1059 1580 γὰρ
1110 1503 1200 1557 τὸν
1260 1503 1558 1572 συνήσοντα
1610 1498 1704 1556 ἕνα
1741 1503 1987 1578 ἡγραφή

341 1604 474 1674 (87).
535 1590 996 1669 Συλλαμῦανουσι
1061 1592 1157 1665 μὶν
1218 1589 1310 1647 οὖν
1366 1591 1506 1667 πρός
1552 1613 1610 1647 τε
1666 1591 1987 1665 ἀνάμνησιν,

337 1689 475 1763 πρός
504 1708 562 1742 τε
605 1684 836 1763 ἔμφασιν
898 1681 1158 1753 ἀληθείας
1210 1685 1290 1753 τῷ
1347 1679 1449 1754 οἵῳ
1503 1701 1563 1736 τε
1617 1685 1795 1752 ζητεῖν
1856 1681 1991 1754 μετὰ

338 1777 511 1854 λόγου
543 1776 594 1832 οἳ
645 1780 752 1830 τῶν
811 1771 1225 1845 ὑπομνημάτων
1284 1775 1656 1844 Στρωματεῖς.
1692 1777 1780 1826 Δεῖ
1811 1768 1869 1825 δὲ
1898 1769 1988 1826 καὶ

338 1869 479 1941 ὑμᾶς
557 1865 774 1926 τούτοις
854 1865 1244 1938 προσεκπονεῖν
1329 1861 1419 1915 καὶ
1511 1860 1986 1938 προσεφευρίσκειν

333 1953 492 2031 ἵτερα
564 1954 680 2010 ἐπεὶ
737 1951 827 2007 καὶ
875 1956 992 2014 τοῖς
1053 1948 1176 2005 ὁδὸν
1239 1949 1514 2019 ἀπιοῦσιν,
1562 1947 1628 2019 ἤν
1661 1949 1759 2005 οὐκ
1789 1949 1986 2019 ἴσασιν,

336 2047 492 2120 ἀρκεῖ
543 2045 646 2112 τὴν
703 2043 968 2119 φέρουσαν
1031 2039 1385 2111 ὑποσημῆναι
1456 2039 1641 2111 μόνον·
1708 2035 1987 2114 βαδιστέον

334 2132 394 2190 δὶ
423 2135 483 2188 τὸ
518 2132 653 2204 μετά
680 2135 846 2186 τοῦτο
894 2126 1029 2199 ἤδη,
1073 2127 1163 2184 καὶ
1213 2130 1313 2198 τήν
1366 2125 1567 2196 λοιπὴν
1601 2127 1814 2190 ἑαυτοῖς
1844 2127 1988 2197 ἐξευ-

341 2222 557 2299 ρητέον.
589 2223 815 2290 Ὠσπερ,
847 2217 996 2297 φασὶ,
1036 2216 1126 2271 καὶ
1178 2214 1364 2288 δούλῳ
1392 2215 1499 2270 τινὶ
1532 2217 1806 2290 χρωμένῳ
1834 2216 1987 2282 ποτὶ,

341 2314 394 2366 τί
454 2312 514 2366 ἄν
571 2314 744 2364 ποιῶν
800 2308 892 2362 τὸν
953 2303 1222 2375 δεσπότην
1280 2303 1550 2377 άρέσαιτο,
1610 2305 1843 2358 ἀνειπεῖν
1891 2304 1990 2372 τήν

343 2401 569 2456 Πυθίαν⁶
633 2424 660 2450 ‹‹
695 2399 986 2470 Εὑρῆσεις,
1043 2395 1130 2450 ἐὰν
1184 2395 1444 2468 ζητήσῃς.
1497 2418 1526 2444 »
1584 2392 1836 2450 Χαλεπὸν
1895 2392 1986 2448 οῦν

342 2495 423 2562 τῷ
452 2487 592 2554 ὄντι,
649 2487 722 2549 ὡς
780 2481 976 2550 ἔοικεν,
1037 2483 1295 2539 λανθάνον
1355 2481 1521 2538 καλὸν
1579 2481 1830 2559 ἐξευρεῖνο
1873 2482 1990 2537 ἐπεὶ

344 2605 373 2633 ‹‹
397 2586 499 2650 τῆς
530 2579 725 2655 ἀρετῆς
757 2579 878 2650 (88)
900 2571 1068 2650 ἱδρὼς
1097 2572 1398 2649 πρόκειται’

488 2874 706 2947 Μακρὸς
738 2870 914 2947 δεκαί
945 2866 1126 2935 ὄρθιος
1158 2869 1314 2947 οζμᾳς
1349 2867 1630 2947 ἒςῇαὑτήν,

342 2949 442 3004 Καὶ
498 2935 711 3023 τρηχὺς
768 2945 830 2999 τὸ
882 2947 1121 3019 πρῶτον·
1199 2935 1332 3008 ἔπὴν
1389 2936 1434 2993 δ’
1504 2938 1579 3000 εἷς
1617 2935 1799 3014 ἀκρον
1853 2935 1986 3023 :ixn-

340 3087 557 3161 Ῥηΐδίη
593 3086 658 3157 δὴ
692 3085 880 3142 ἔπειτα
908 3083 1088 3152 πέλει,
1120 3079 1339 3158 χαλεπή
1375 3100 1474 3155 περ
1505 3079 1682 3136 ἐοῦσα.
1719 3105 1746 3131 ››
1855 3011 1986 3082 μαι,

346 3229 370 3259 α
407 3206 575 3274 Στενή
610 3207 720 3277 (89)
755 3229 775 3256 ι
813 3202 916 3277 γὰρ
941 3204 1022 3272 τῷ
1054 3195 1168 3253 ὄντι
1199 3196 1287 3252 καὶ
1317 3222 1337 3246 α
1361 3194 1700 3268 τεθλιμμένη
1733 3198 1768 3265 ἡ
1803 3193 1927 3259 ὁδὸς
1960 3221 1986 3248 ››

343 3294 561 3369 Κυρίου·
619 3293 710 3347 καὶ
772 3315 798 3343 ‹.
834 3292 1068 3365 βιαστῶν
1127 3291 1237 3360 (90)
1297 3285 1436 3341 ἐστιν
1495 3289 1528 3354 ἡ
1589 3284 1838 3360 βασιλεία
1889 3290 1987 3340 τοῦ

343 3389 497 3439 Θεοῦ.
531 3384 772 3444 ››Ὄθεν.
835 3401 865 3433 (ι
897 3380 1077 3448 Ζήτει,
1137 3375 1293 3454 φησὶ,
1352 3377 1437 3429 καὶ
1499 3375 1770 3448 εὑρήσεις,
1806 3398 1833 3425 ››
1885 3381 1986 3444 τῆς

345 3472 638 3550 βασιλικῆς
665 3466 836 3532 ὄντως
864 3467 1124 3543 ἐχόμενος
1153 3462 1303 3533 ὁδοὺ,
1333 3464 1423 3518 καὶ
1464 3466 1539 3535 μή
1572 3465 1983 3538 παρεκτρέχων.

340 3562 588 3622 Εῗκότως
638 3559 728 3614 οὗν
777 3555 922 3612 πολὺ
970 3557 1030 3611 τὸ
1072 3556 1298 3631 γόνιμον
1348 3552 1398 3607 έν
1451 3551 1624 3626 ὀλίγῳ
1663 3573 1986 3627 σπερματων

341 3647 828 3724 ἐμπεριεχομένων
892 3644 1024 3720 τῇδε
1105 3647 1174 3718 τῇ
1255 3641 1597 3718 πραγματείᾳ
1671 3640 1987 3717 δογμάτων,

339 3741 524 3814 ὣσπερ
568 3744 676 3811 (91)
729 3762 757 3790 ι(
787 3739 848 3791 τὸ
897 3730 1246 3808 παμϐότανον
1304 3737 1402 3788 τοῦ
1458 3733 1646 3807 ἀγροῦ,
1682 3757 1709 3783 ››
1754 3731 1918 3809 φησὶν
1949 3734 1984 3802 ἡ

341 3832 550 3909 Γραφή.
613 3835 657 3898 ῌ
707 3827 797 3883 καὶ
857 3828 954 3896 τήν
1037 3824 1344 3901 ἐπιγραφὴν
1403 3821 1588 3895 κυρίαν
1651 3822 1870 3897 ἔχουσιν
1934 3823 1985 3877 οἱ

335 3926 446 3977 τῶν
507 3918 920 3991 ὑπομνημάτων
985 3920 1354 3984 Στρωματεῖς,
1415 3911 1659 3984 ἀτεχνῶς
1716 3912 1852 3965 κατὰ
1886 3912 1988 3979 τήν

334 4009 576 4066 παλαιὰν
627 4005 833 4075 ἐκείνην
897 4003 1307 4074 ἀπηνθισμένην
1363 3999 1700 4076 προσφορὰν,
1761 4005 1883 4074 περί
1921 4001 1987 4068 ἧς

336 4100 365 4154 ὁ
401 4094 698 4177 Σοφοκλῆς
735 4091 950 4170 γράφει·

410 4216 508 4272 Ἠν
547 4213 641 4287 μὲν
673 4211 774 4287 γὰο
808 4209 922 4264 οἷὸς
957 4203 1194 4280 μαλλὸς,
1219 4204 1284 4274 ἦν
1315 4201 1372 4258 δὲ
1401 4201 1699 4275 κάμπέλων

2016 2089 2065 2155 Β

2015 3441 2058 3507 C

2101 796 2398 862 mentarii,
2431 803 2672 868 propter
2702 815 2823 858 eos.
2857 799 2957 869 qui
2991 805 3212 856 temere
3263 818 3330 857 ac
3371 803 3642 874 imperite
3675 804 3748 860 ad

2100 899 2201 938 eos
2231 885 2513 958 legendos
2543 893 2682 942 sunt
2711 888 3030 954 accessuri,
3059 891 3219 946 varia
3241 895 3299 945 et
3328 893 3538 947 diversi
3571 909 3751 966 gene-

2099 973 2182 1026 ris
2225 976 2496 1038 materia,
2546 984 2612 1031 ut
2658 979 2852 1048 ipsum
2900 995 3118 1033 nomen
3170 981 3412 1046 indicat,
3465 984 3744 1049 contexti,

2098 1062 2171 1116 ab
2203 1081 2318 1118 uno
2351 1065 2424 1118 ad
2456 1065 2617 1120 aliud
2649 1067 2900 1122 subinde
2952 1074 3350 1133 transeuntes,
3401 1076 3460 1124 et
3489 1088 3595 1142 per
3625 1089 3750 1126 ser-

2098 1152 2292 1205 monis
2323 1153 2564 1223 quidem
2598 1155 2811 1210 seriem
2835 1156 2995 1210 aliud
3029 1158 3399 1228 proﬁtentes,
3431 1159 3592 1214 aliud
3612 1178 3745 1215 vero

2099 1240 2464 1297 exhibentes.
2501 1267 2528 1291 «
2561 1246 2666 1308 Qui
2700 1245 2858 1300 enim
2893 1262 3103 1300 aurum
3149 1247 3365 1317 (inquit
3398 1249 3748 1320 Heraclitus)

2100 1336 2394 1399 quaerunt,
2429 1333 2682 1386 multum
2710 1339 2880 1388 terrm
2913 1335 3166 1398 fodiunt,
3219 1342 3276 1390 et
3321 1354 3529 1407 parum
3583 1339 3748 1394 inve-

2098 1420 2310 1485 niunt;
2351 1443 2369 1466 ι
2407 1422 2508 1491 qui
2540 1428 2760 1488 autem,
2791 1440 2926 1477 cum
2959 1425 3079 1478 sint
3103 1441 3234 1480 vere
3278 1427 3440 1480 aurei
3489 1427 3744 1498 generis,

2098 1507 2256 1577 quod
2287 1516 2600 1579 cognatum
2625 1517 2734 1577 est,
2770 1519 3130 1574 scrutantur.
3164 1513 3415 1568 multum
3467 1515 3526 1569 in
3560 1532 3745 1585 pauco

2097 1595 2437 1662 invenient;
2472 1598 2732 1652 inveniet
2757 1599 2916 1652 enim
2949 1600 3240 1670 scriptura
3269 1617 3477 1668 unum,
3519 1602 3620 1671 qui
3671 1603 3748 1656 sit

2100 1699 2228 1739 eam
2256 1685 2686 1740 intellecturus.
2722 1687 2933 1742 Juvant
2960 1703 3095 1758 ergo
3128 1694 3186 1742 et
3224 1688 3296 1742 ad
3347 1689 3742 1745 revocandum

2099 1772 2159 1826 in
2194 1775 2566 1841 memoriam,
2583 1781 2640 1830 et
2658 1775 2730 1830 ad
2746 1777 3054 1831 veritatem
3076 1781 3276 1847 aperte
3300 1777 3742 1845 declarandam,

2097 1878 2255 1929 eum,
2303 1863 2403 1932 qui
2453 1863 2608 1918 valet
2654 1880 2919 1934 quaarere
2971 1881 3104 1919 cum
3153 1864 3402 1930 ratione,
3454 1867 3746 1922 Stromata

2097 1952 2681 2006 commentariorum.
2711 1955 2955 2024 Oportet
2982 1960 3181 2008 autem
3208 1971 3307 2010 vos
3339 1971 3574 2026 quoque
3597 1955 3745 2011 alla-

2094 2038 2328 2105 borare,
2361 2045 2420 2095 et
2450 2041 2540 2095 his
2585 2041 2704 2097 alia
2751 2041 3115 2106 adinvenire,
3169 2044 3450 2114 quoniam
3495 2045 3591 2108 iis.
3641 2045 3741 2115 qui

2095 2128 2186 2182 via
2215 2129 2413 2200 ignota
2454 2131 2933 2200 proﬁciscuntur,
2987 2131 3206 2186 sufﬁcit
3247 2137 3470 2188 rectam
3517 2133 3745 2188 solum-

2095 2218 2269 2272 modo
2302 2219 2632 2286 indicasse;
2665 2226 2869 2291 postea
2899 2226 3096 2275 autem
3150 2226 3240 2276 est
3288 2222 3743 2295 ingrediendum

2094 2312 2150 2360 et
2182 2307 2478 2377 reliquum
2497 2309 2601 2362 via:
2622 2309 2740 2362 illis
2765 2308 3206 2364 inveniendum.
3231 2310 3741 2374 Quemadmodum

2092 2395 2320 2461 dicunt,
2353 2414 2518 2451 servo
2541 2397 2861 2468 aliquando
2886 2397 3230 2456 sciscitanti.
3259 2399 3545 2469 quidnam
3563 2416 3744 2472 agen-

2093 2483 2166 2539 do
2199 2485 2526 2556 placiturus
2557 2493 2715 2541 esset
2744 2486 3006 2552 domino,
3033 2487 3410 2558 respondisse
3435 2489 3741 2560 Pythiam:

2093 2595 2120 2622 ‹‹
2154 2574 2446 2641 Invenies,
2479 2575 2526 2628 si
2556 2575 2864 2646 quaesieris
2919 2597 2945 2624 ››
2981 2577 3050 2628 Ει
3097 2581 3186 2630 est
3225 2576 3466 2646 quidem
3517 2594 3740 2645 revera,

2090 2663 2418 2730 utvidetur,
2439 2663 2703 2732 difﬁcile,
2728 2664 3043 2736 pulchrum
3067 2663 3260 2718 latens
3281 2665 3566 2735 invenire,
3590 2681 3742 2736 quo-

2089 2753 2250 2808 niam
2282 2776 2310 2802 ‹‹
2340 2754 2522 2808 sudor
2548 2759 2685 2808 ante
2716 2753 2992 2808 virtutem
3023 2759 3114 2807 est
3141 2755 3368 2824 positus
3393 2770 3406 2807 :

2202 2870 2306 2923 Via
2338 2869 2502 2937 longa
2532 2875 2610 2923 est
2639 2876 2805 2938 atque
2829 2868 3047 2924 acclivis
3068 2869 3148 2922 ad
3178 2871 3353 2938 ipsam
3377 2886 3390 2933 ;

2195 2940 2390 2993 Ardua
2404 2956 2642 3010 namque
2653 2943 2815 3010 prius
2837 2957 2854 2994 :
2867 2940 2961 2994 sed
2981 2956 3101 2994 cum
3119 2940 3192 2994 ad
3210 2943 3457 3010 fastigia,
3491 2949 3734 3008 ventum,

2194 3081 2283 3133 Fit
2313 3081 2516 3148 facilis,
2552 3098 2672 3152 quae
2703 3082 2938 3150 difﬁcilis
2968 3081 3125 3137 valde
3153 3088 3284 3136 ante
3309 3083 3531 3139 clueret.
3567 3106 3594 3132 »

2089 3194 2190 3246 Est
2219 3195 2378 3249 enim
2409 3212 2613 3250 revera
2647 3218 2673 3246 ‹‹
2705 3201 2868 3251 arcta
2896 3197 3001 3265 (et)
3041 3203 3291 3269 angusta
3319 3198 3411 3252 via
3457 3199 3738 3268 (Domini,

2091 3283 2169 3348 et)
2200 3300 2448 3355 regnum
2474 3285 2573 3339 Dei
2598 3285 2732 3356 (est)
2754 3285 3171 3339 violentorum.
3201 3308 3228 3334 ››
3253 3286 3416 3340 Unde
3444 3303 3456 3340 :
3481 3306 3511 3339 ι(
3533 3289 3740 3352 Quaere

2093 3373 2328 3442 (inquit)
2361 3379 2417 3427 et
2450 3374 2717 3428 invenies
2757 3375 2854 3442 (a).
2895 3395 2918 3423 ν
2961 3374 3007 3427 si
3043 3379 3244 3428 teneas
3277 3376 3428 3429 viam
3455 3393 3588 3430 vere
3637 3393 3738 3432 re-

2096 3461 2274 3532 giam,
2303 3468 2362 3516 et
2391 3479 2509 3515 non
2542 3461 2657 3515 alio
2679 3461 2980 3516 dellectas.
3006 3464 3104 3516 Est
3127 3479 3261 3533 ergo
3286 3463 3346 3516 in
3377 3464 3584 3533 exiguo
3607 3465 3737 3535 qui-

2098 3550 2232 3604 dem
2263 3551 2451 3621 spatio
2482 3551 2670 3604 multa
2698 3550 2973 3620 genitalis
3003 3551 3174 3621 copia
3203 3553 3499 3606 seminum
3536 3569 3741 3608 eorum

2099 3638 2460 3710 dogmatum,
2495 3655 2624 3708 quae
2656 3639 3244 3708 comprehenduntur
3274 3641 3333 3694 in
3382 3641 3493 3696 hoc
3540 3658 3741 3713 opere,

2098 3728 2256 3798 quod
2275 3727 2467 3781 simile
2485 3732 2576 3780 est
2595 3749 2620 3775 α
2641 3743 2778 3798 agro
2800 3727 3076 3781 omnibus
3096 3728 3295 3783 herbis
3312 3729 3601 3800 pleno(b),
3631 3753 3657 3777 »ι
3681 3736 3746 3785 ιιι

2097 3818 2180 3872 ait
2203 3817 2519 3887 Scriptura.
2543 3817 2703 3871 Unde
2728 3817 2904 3871 etiam
2926 3819 3224 3887 propriam
3252 3819 3469 3874 habent
3491 3820 3744 3891 inscrip-

2097 3907 2317 3960 tionem
2350 3906 2641 3960 Stromata
2671 3906 3255 3966 commentariorum.
3281 3908 3537 3962 similem
3570 3908 3746 3978 plane

2098 3995 2182 4049 illi
2202 3995 2382 4049 veteri
2403 3993 2666 4064 undique
2703 3994 2994 4066 decerpta)
3025 3994 3334 4060 oblationi,
3355 3995 3426 4050 de
3449 4012 3568 4066 qua
3595 3997 3746 4052 scri-

2095 4085 2183 4139 bit
2203 4083 2527 4155 Sophocles
2553 4101 2565 4137 :

2202 4203 2432 4272 Ovisque
2462 4202 2653 4268 vellus,
2686 4203 2990 4272 vitiumque
3022 4203 3136 4258 illic
3166 4209 3304 4258 erat.
3639 4171 3663 4202 ’λ

406 4333 470 4396 ’κ
494 4335 557 4387 Ρ.
590 4333 691 4386 565
723 4329 833 4382 ED.
868 4325 1161 4391 POTTER,
1193 4323 1294 4377 476
1326 4322 1437 4376 ΕΙ).
1470 4320 1698 4376 PABIS.
1732 4320 1809 4391 (a)
1843 4322 1985 4376 Matt

2102 4337 2170 4391 ιι,
2207 4321 2310 4387 14ς
2343 4336 2420 4386 χι,
2456 4322 2687 4386 12ςνιι,
2723 4323 2774 4374 7.
2809 4320 2882 4390 (b)
2912 4319 3039 4373 Job.
3074 4335 3127 4385 ν,
3156 4321 3243 4372 25.

417 4468 527 4537 (86)
558 4465 735 4517 Ἐστω
792 4457 850 4514 δὲ
879 4538 882 4539 ν
911 4459 1060 4529 ὑμῖν.
1094 4457 1355 4539 ‘Aptius.
1413 4460 1479 4536 ut

338 4525 552 4608 ἡμῖν,’‹‹
588 4540 762 4608 erunt
791 4525 991 4608 autem
1013 4525 1224 4596 nobis;
1252 4550 1276 4579 ι
1307 4527 1502 4598 inquit
1529 4525 1797 4598 Sylburg.
1821 4526 1984 4582 Idem

341 4605 587 4665 Herveto
619 4607 796 4661 etiam
828 4605 1014 4657 visum
1048 4608 1155 4658 est.

411 4682 521 4749 (87)
572 4680 698 4731 Ἕνα
751 4678 784 4744 ἡ
842 4674 1044 4749 γραφή.
1093 4672 1274 4749 Dicit,
1309 4671 1419 4724 hoc
1473 4685 1646 4722 suum
1697 4669 2018 4749 scriptum'

340 4741 551 4808 saltem
579 4741 1056 4817 unum'ali'qu'em
1090 4746 1465 4817 inventurum
1497 4757 1648 4800 esse.
1679 4741 1776 4806 qui
1802 4741 1861 4817 id
1892 4742 1985 4794 in-

338 4825 686 4878 tellecturus
717 4821 811 4875 sit.
844 4812 1081 4894 Fatetur
1111 4816 1267 4869 enim
1301 4829 1363 4867 se
1385 4826 1726 4894 ‘paucorum
1759 4812 1985 4894 solum-.-

336 4895 513 4950 modo
543 4894 730 4966 gratia
757 4891 1037 4966 scribere,
1097 4894 1270 4957 atque
1329 4883 1475 4966 adeo
1527 4899 1634 4953 per
1663 4883 1858 4966 operis
1890 4884 1981 4966 sui

335 4951 589 5022 formam
617 4982 684 5020 ac
717 4963 1005 5036 rationem
1038 4951 1249 5036 arce-re
1271 4954 1402 5036 τοὺ-τ
1449 4951 1685 5036 ἀπιειρως
1706 4951 1984 5036 ίέντυγχαξτ

336 5057 551 5098 νοντας.
573 5035 776 5091 Simile
800 5040 908 5098 est,
933 5032 1090 5103 quod
1110 5028 1461 5086 dissimilem
1480 5027 1552 5080 ob
1577 5042 1815 5082 causam
1839 5027 1984 5082 dioit

339 5111 598 5174 Persius,
631 5105 922 5181 principio
956 5109 1202 5181 satia“
1274 5173 1284 5181 _
1338 5178 1344 5181 _
1443 5172 1497 5181 ,_
1565 5169 1580 5181 .
1656 5167 1665 5177 .

411 5183 482 5235 M.
514 5169 649 5245 Quis
675 5181 814 5247 leget
830 5169 1000 5230 'haec?
1035 5177 1091 5228 P.
1125 5176 1202 5229 Mi
1231 5173 1284 5227 n’
1327 5178 1385 5226 tu
1433 5169 1580 5223 istud
1607 5169 1690 5223 ais
1713 5174 1740 5223 φ
1771 5171 1840 5222 Μ.
1875 5171 1982 5225 Ne-

481 5269 568 5305 mo
599 5251 834 5304 hercule.
871 5250 929 5301 P.
966 5248 1174 5300 Nemo?

413 5325 461 5378 Μ
524 5323 624 5377 νει
652 5322 781 5398 άιέον
811 5319 897 5373 vel
925 5334 1110 5398 "imos.
1187 5386 1196 5397 .
1262 5385 1298 5398 ..
1334 5383 1397 5398 υτ,
1556 5381 1567 5398 ρ

409 5397 525 5462 (88)
558 5396 674 5459 Τῆς
705 5382 922 5462 ἀρετῆς.
957 5391 1036 5442 Ex
1070 5385 1302 5462 Hesiodi
1334 5382 1587 5462 ’Έργηαζ
1620 5399 1670 5462 v.
1704 5382 1844 5462 28:7:

336 5450 449 5532 Tﬁ‘c
503 5450 550 5519 δ’
606 5450 804 5532 ἀρετῆς
859 5450 1064 5530 ῖδρῶτα
1147 5450 1702 5532 θεοί-Λπροπαροιθεν
1757 5450 1977 5520 ἔθηκαν,

340 5529 488 5595 Ante
515 5529 782 5614 virtutem
805 5529 933 5614 vero
953 5529 1313 5614 sudoremﬁii
1337 5532 1681 5614 posueruntt
1758 5601 1770 5614 ι
1799 5544 1824 5614 ξ,
1882 5535 1902 5602 ξ

339 5609 565 5664 Ibidem
598 5625 730 5663 mox
765 5603 848 5658 ἐπ’
877 5601 1016 5673 αὐτ,-
1046 5618 1150 5673 pro
1205 5596 1445 5673 ignave.“
1463 5602 1684 5673 exstat:
1719 5601 1777 5673 et
1799 5596 1977 5673 iam},

343 5702 368 5734 ι
404 5680 769 5754 perveneris,
804 5700 832 5726 ››
866 5692 972 5747 pro
991 5667 1199 5742 ἵκηται.
1238 5671 1383 5725 Hinc
1409 5668 1606 5724 Cebeti
1639 5669 1701 5722 in
1732 5667 1862 5846 Τῖι,
1886 5668 1981 5722 via.

1767 5847 1780 5880 ι

1529 4459 1692 4526 puto,
1744 4447 1881 4506 ἔστω
1939 4451 1985 4508 δ’

2102 4453 2166 4509 ad
2198 4451 2688 4526 virtutemprimo
2713 4456 2801 4504 est
2822 4445 3130 4515 Suaiv030c,
3153 4452 3406 4526 τραχεῖα,
3429 4444 3740 4526 πετρώδης·

2097 4549 2123 4574 ‹‹
2150 4541 2393 4580 accessu
2415 4519 2699 4588 difficilis,
2720 4537 2950 4592 aspera,
2975 4536 3207 4592 saxosa.
3231 4541 3256 4570 ι
3286 4525 3396 4592 etc,
3418 4519 3559 4592 dein
3576 4538 3738 4592 vero,

2096 4602 2371 4672 superato
2403 4593 2656 4672 fastigio,
2689 4588 2955 4672 ὁδόξβστι
3004 4588 3148 4672 καλή
3199 4609 3256 4643 τε
3285 4589 3374 4672 καὶ
3407 4589 3618 4672 ὁμαλὴ,
3652 4591 3742 4672 καῖ

2095 4661 2442 4734 εὐπόρευτος,
2499 4663 2588 4716 καὶ
2639 4661 2845 4734 καθαρά
2902 4661 3096 4721 παντὸς
3173 4661 3342 4715 κακοῦ
3425 4661 3599 4734 «Vivia
3654 4668 3745 4718 est

2092 4733 2361 4810 pulchra,
2388 4742 2445 4789 et
2467 4737 2662 4810 plana.
2690 4742 2748 4788 et
2768 4733 3065 4810 facilis._et
3096 4734 3260 4810 omni
3292 4735 3447 4810 malo
3474 4733 3681 4789 libera.
3714 4756 3742 4784 η

2163 4811 2272 4879 (89)
2321 4805 2517 4874 Στενή,
2580 4806 3188 4879 Οἰνθνδᾶίδοι-ἱρῐιιτω
3247 4805 3494 4879 ῙΟΟᾶᾼξῐὶ
3551 4822 3737 4879 unum

2093 4877 2420 4951 conjungit.
2457 4879 2794 4951 Sunt__enim
2818 4878 3246 4951 _hzec__sumpta
3286 4877 3741 4951 exAMatt_h._vu,

2095 4944 2406 5016 14ῘΣτξνή
2456 4950 2490 5016 ἡ
2534 4945 2682 5017 πύλη
2744 4946 2833 5001 καὶ
2890 4944 3229 5018 τεθλιμμένη
3281 4949 3315 5014 ἡ
3363 4944 3498 5018 ὁδὸς
3533 4949 3567 5015 ἡ
3603 4948 3746 5001 ἀπάο

2092 5043 2261 5096 γουσά
2293 5020 2367 5078 εἰς
2398 5015 2496 5096 τήν
2532 5015 2699 5088 ζωήν.
2732 5021 2932 5096 Matth.
2969 5015 3058 5086 XI,
3081 5015 3194 5096 ,12)
3243 5018 3307 5096 ᾟ
3357 5015 3606 5096 βασιλεία
3635 5023 3744 5096 τῷν

2092 5089 2334 5168 οὐρανῶν
2397 5093 2662 5167 βιάζεται,
2719 5091 2807 5144 καὶ
2885 5089 3096 5168 βιαρταὶ
3157 5089 3485 5164 ἁρπάζουσιν
3545 5091 3740 5161 αὑτήν.

2093 5163 2293 5221 Μὰιιὶι.
2324 5163 2415 5228 vn,
2452 5170 2480 5218 7
2507 5183 2519 5219 :
2554 5166 2792 5232 Ζητεῖτε,
2820 5163 2909 5216 καὶ
2942 5163 3217 5233 εὑρήσετε.

2163 5241 2275 5308 (90)
2311 5239 2565 5326 Βιαῖἱῳν.
2627 5235 2819 5326 gonf.“
2852 5238 3140 5326 stromzi,
3175 5251 3306 5326 pag.
3353 5238 3454 5326 5‘353
3483 5236 3736 5326 ;’S’trom.

2092 5305 2178 5369 γι,
2226 5326 2356 5380 pag.
2417 5310 2520 5363 689
2576 5307 2715 5362 edit.
2777 5307 2987 5374 Paris.,
3047 5305 3314 5366 libfTic
3356 5307 3382 5360 ὁ
3432 5305 3743 5375 σωζόμενος

2092 5380 2189 5436 πλ.
2225 5379 2260 5452 p
2313 5384 2381 5436 5‘7
2417 5379 2554 5434 edit.
2590 5379 2774 5452 ann.

2164 5441 2274 5540 φῖ)
2303 5453 2526 5523 Ὥσπερ·
2583 5449 2734 5540 Job...
2764 5467 2815 5517 νν
2859 5453 2982 5540 ,2⁵³
3043 5441 3643 5540 Γνώσιπεὲὶηδτρεξίῖξδ
3672 5443 3736 5540 3?

2093 5514 2308 5595 σπέρμα
2365 5514 2485 5588 σου,
2537 5521 2622 5595 τὰ-
2687 5514 2744 5574 δέ
2804 5514 2980 5574 ’τέκνα
3054 5539 3149 5572 σου
3205 5514 3373 5571 ’ἔσται
3432 5515 3612 5590 ὥσπερ
3671 5514 3734 5569 τὸ

2093 5592 2440 5669 παμϐότανον
2470 5596 2568 5648 τοῦ
2599 5592 2791 5666 ἀγροῦ.
