4066 6192
297 316 431 374 1221

1610 321 2055 378 ΒἸἮΟΜΔἸἮΜ
2092 323 2227 378 LIB.
2269 322 2366 380 IV.

3571 329 3710 386 i222

291 441 444 520 φησὶ,
477 465 504 493 (ι
540 435 720 516 βραχύ
750 461 800 495 τι
822 439 949 514 παρ’
974 437 1252 514 ἀγγέλους·
1286 461 1317 494 ι)
1347 440 1408 496 οὐ
1439 441 1542 518 γὰρ
1577 441 1660 498 ἐπὶ
1694 449 1790 498 τοῦ
1827 451 1934 501 Κυ-

2053 455 2193 503 sunt
2223 451 2461 506 homine
2516 453 2905 524 sapientiores
2936 453 2965 509 ?
3019 476 3048 504 «
3111 453 3371 511 Minuisti
3419 472 3555 512 eum
3585 458 3713 529 (in-

288 533 407 607 ρίου
438 528 756 585 ἐκδέΛονται
817 530 918 596 τὴν
967 530 1201 606 γραφήν,
1256 529 1434 585 καίτοι
1491 532 1739 594 κακεῖνος
1772 539 1941 608 σαρκα

287 615 492 699 ἔφερεν,
517 619 603 673 ἐπὶ
637 616 694 673 δὲ
719 622 817 672 τοῦ
844 619 1058 672 τελείου
1114 620 1201 672 καὶ
1259 626 1584 693 γνωστικοῦ,
1641 627 1721 693 τῷ
1754 620 1943 696 χρόνῳ

286 712 376 766 καὶ
405 714 485 781 τῷ
530 706 784 780 ἐνδύματι
816 711 891 780 (2)
952 707 1354 780 ἐλαττουμένου
1409 710 1555 782 παρᾶ
1610 712 1738 774 τοὺς
1784 711 1944 786 ἀγγέ-

287 799 442 862 λους.
478 797 690 857 Οὔκουν
723 797 864 854 ἄλλο
896 803 968 870 (3)
998 820 1050 853 τι
1108 799 1297 877 σοφίαν
1357 801 1503 875 παρᾶ
1556 803 1656 870 τήν
1713 803 1943 872 ἐπιστή-

291 913 400 965 μην
434 891 601 966 λέγω’
635 889 750 944 ἐπεὶ
794 890 869 961 μὴ
921 885 1158 964 διαφέρει
1214 891 1325 958 ζιυή
1385 894 1550 958 ζωῆςσ
1606 892 1786 946 κοινὸν
1839 894 1942 966 γαρ

286 983 355 1054 τῇ
389 978 547 1057 φύσει
575 982 642 1052 τῇ
679 981 869 1051 θνητῇ,
927 979 1178 1032 τουτέστι
1232 983 1312 1050 τῷ
1363 978 1656 1054 ἀνθρώπῳ,
1689 981 1824 1054 πρὸς
1881 983 1942 1035 τὸ

287 1066 576 1132 ἀθανασίας
603 1064 1034 1138 κατηξιωμένον,
1087 1065 1148 1118 τὸ
1209 1069 1328 1138 ζῇν,
1386 1063 1492 1136 ἕξιν
1523 1069 1598 1140 (4)
1631 1073 1858 1143 θεωρίας
1885 1089 1945 1123 τε

284 1157 375 1211 καὶ
427 1155 758 1230 ἐγκρατείας,
820 1155 1046 1229 θατέρου
1101 1150 1472 1231 διαφέροντοςο
1549 1155 1585 1230 ᾖ
1643 1177 1735 1229 μοι
1795 1154 1946 1212 δοκεῖ

284 1243 375 1298 καὶ
407 1241 720 1319 Πυθαγόρας
749 1242 913 1318 σοφὸν
949 1242 1044 1315 μὲν
1098 1240 1232 1296 εἶναι
1271 1241 1362 1296 τὸν
1423 1243 1550 1298 Θεὸν
1613 1243 1787 1319 λέγων
1850 1245 1944 1317 μό-

279 1355 368 1388 νον
423 1332 560 1406 (έπεὶ
619 1334 693 1405 (ὅ)
746 1331 837 1386 καὶ
903 1331 931 1385 ὁ
989 1330 1330 1394 ’Λπόστολος
1386 1331 1437 1386 ἐν
1497 1335 1566 1407 τῇ
1625 1334 1762 1407 πρὸς
1806 1335 1943 1391 Ῥω-

285 1425 484 1497 μαίους
534 1420 840 1495 Ἐπιστολῇ
889 1419 1118 1498 γράφει⁸
1183 1442 1209 1474 α
1269 1420 1362 1483 Εἰς
1414 1420 1660 1492 ὕπακοὴν
1712 1423 1943 1487 πίστεως

281 1511 359 1574 εἷς
391 1511 562 1566 πάντα
586 1512 654 1566 τὰ
700 1504 827 1581 ἔθνη
879 1509 1266 1585 γνωρισθέντες
1299 1514 1371 1584 (6)
1434 1511 1582 1585 μόνῳ
1641 1519 1794 1588 σοφῷ
1827 1519 1944 1587 Θεῷ

283 1598 372 1656 διὰ
402 1602 585 1671 Ἰησοῦ
616 1601 895 1674 Χριστοῦ),
932 1623 960 1651 ››
989 1599 1174 1654 ἑαυτὸν
1211 1595 1292 1671 δὲ,
1324 1599 1412 1655 δια
1441 1600 1628 1674 φιλίαν
1677 1603 1774 1672 τήν
1809 1603 1945 1676 πρὸς

279 1691 372 1745 τὸν
408 1692 558 1758 Θεὸν,
591 1688 913 1766 φιλόσοφον.
947 1714 974 1741 ‹‹
1011 1689 1294 1766 Διελέγετο
1326 1695 1457 1766 γοῦν
1501 1693 1745 1761 Μωϋσεῖ,
1773 1714 1799 1746 ι
1837 1715 1944 1766 φη-

283 1780 469 1853 σὶν(’1),
504 1805 529 1830 ‹‹
564 1779 740 1841 ὁΘεὸς
769 1779 843 1842 ὡς
873 1777 1040 1856 φίλος
1063 1776 1347 1854 φίλῳ.›)Τὸ
1382 1780 1477 1853 μὲν
1510 1778 1600 1834 οῦν
1634 1780 1834 1852 ἀληθὲς
1863 1787 1942 1854 τῷ

282 1873 402 1941 Θεῷ
432 1869 593 1942 σαφὲς
619 1867 811 1923 αὐτίκα
862 1869 961 1936 τὴν
1019 1867 1278 1938 ἀλήθειαν
1332 1875 1508 1944 γεννᾷ·
1557 1871 1585 1924 ὁ
1643 1871 1942 1945 γνωστικὸς

283 1956 342 2012 δὲ
365 1957 622 2028 ἀληθείας
654 1957 768 2032 ἐρᾷ.
817 1983 838 2008 α
871 1959 998 2024 Ἴθι,
1022 1958 1217 2035 ››φησῖ,
1257 1959 1432 2032 ιπρὸς
1462 1959 1553 2014 τὸν
1591 1959 1874 2036 μύρμηκα,
1896 1955 1940 2014 ὤ

283 2045 507 2119 ὀκνηρὶ,
537 2049 625 2102 καὶ
663 2047 926 2119 μελίττης
981 2051 1141 2122 γενοῦ
1206 2049 1456 2121 μαθητής
1519 2053 1612 2120 (8),
1651 2075 1672 2099 ι
1709 2051 1735 2103 ὁ
1762 2049 1936 2104 Σολο-

282 2135 402 2208 μὼν
441 2135 606 2210 λέγει’
633 2135 678 2189 εἰ
706 2137 807 2210 γαρ
842 2135 1067 2190 ἑκάστου
1113 2141 1216 2203 τῆς
1275 2134 1476 2196 οἰκείας
1535 2136 1744 2214 φύσεως
1775 2133 1935 2212 ἔργον

275 2222 356 2292 ἓν,
389 2225 478 2278 καὶ
533 2223 661 2299 βοὸς
718 2223 948 2296 ὁμοίως,
1007 2223 1097 2278 καὶ
1151 2220 1350 2291 ἵππου,
1382 2223 1473 2278 καὶ
1530 2226 1712 2296 κυνὸς,
1765 2225 1818 2280 τί
1877 2228 1934 2280 ἂν

278 2315 551 2391 φήσαιμεν
582 2317 680 2367 τοῦ
722 2312 1018 2386 ἀνθρώπου
1047 2312 1110 2366 τὸ
1167 2309 1321 2386 ἔργον
1375 2314 1438 2367 τὸ
1494 2313 1694 2368 οἰκεῖον
1728 2335 1743 2382 ;
1776 2316 1936 2371 Ἔοι-

277 2422 368 2456 κεν
434 2399 504 2473 δ’,
560 2403 737 2474 οἶμαι,
800 2402 1101 2474 κενταύρῳ,
1160 2400 1472 2473 Θετταλικῷ
1524 2409 1600 2473 (9)
1630 2401 1934 2475 πλάσματι,

277 2490 338 2545 ἐκ
369 2488 603 2566 λογικοῦ
633 2491 722 2545 καὶ
755 2490 960 2564 ἀλόγου
993 2489 1372 2563 συγκείμενος,
1405 2494 1593 2566 ψυχῆς
1622 2493 1712 2547 καὶ
1743 2493 1937 2566 σώμα-

277 2600 395 2642 τος.
427 2579 603 2636 Ἀλλὰ
640 2580 704 2634 τὸ
739 2581 833 2652 μὲν
863 2585 1025 2651 σῶμα
1053 2586 1154 2654 γῆν
1202 2600 1260 2633 τε
1291 2578 1594 2653 ἐργάζεται,
1628 2579 1717 2635 καὶ
1775 2580 1939 2635 σπεύ-

281 2666 361 2723 δει
393 2668 468 2730 εἷς
497 2675 620 2745 γῆν·
670 2668 886 2724 τέταται
938 2665 995 2724 δὲ
1050 2671 1084 2737 ἡ
1119 2669 1276 2742 ψυχὴ
1308 2669 1444 2742 πρὸς
1475 2670 1568 2724 τὸν
1600 2671 1752 2726 Θεόν·
1785 2668 1819 2738 ἢ
1877 2691 1938 2744 γε

281 2754 372 2812 διὰ
402 2756 727 2835 φιλοσοφίας
759 2765 859 2827 τῆς
915 2755 1158 2828 ἀληθοῦς
1219 2756 1614 2830 παιδευομένη,
1646 2759 1782 2834 πρὸς
1812 2758 1939 2821 τοὺς

281 2844 395 2902 ἂνω
446 2844 661 2902 σπεύδει
720 2852 1024 2924 συγγενεῖς,
1084 2847 1494 2921 ἀποστραφεῖσα
1547 2847 1654 2902 τῶν
1705 2845 1799 2902 τοῦ
1827 2850 1936 2901 σώο

284 2957 458 3010 ματος
487 2936 818 3009 ἐπιθυμιῶν,
849 2936 987 3010 πρός
1013 2956 1073 2990 τε
1101 2935 1324 2997 ταύταις
1347 2937 1515 2990 πόνου
1562 2957 1620 2991 τε
1675 2937 1764 2990 καὶ
1835 2936 1936 3014 φό-

283 3020 406 3080 6ου’
439 3025 617 3080 καίτοι
645 3025 783 3101 πρὸς
840 3025 1042 3101 ἀγαθοῦ
1103 3023 1194 3078 καὶ
1250 3025 1350 3092 τήν
1411 3024 1696 3098 ὑπομονὴν
1727 3025 1816 3080 καὶ
1875 3026 1937 3080 τὸ

2052 539 2198 608 quit)
2231 540 2406 610 paulo
2445 542 2644 596 minus
2701 542 2771 597 ab
2830 543 3058 614 angelis
3118 546 3215 614 (α).
3250 566 3278 593 ››
3322 546 3400 600 De
3460 547 3710 602 Domino

2053 630 2211 683 enim
2271 647 2390 685 non
2449 633 2750 703 accipiunt
2815 634 2968 688 hanc
3029 635 3384 706 scripturam
3421 678 3434 702 ,
3518 654 3710 708 quan-

2051 734 2227 786 quam
2259 719 2360 774 ille
2416 737 2652 793 quoque
2710 738 2951 776 carnem
3000 721 3227 777 ferebat
3259 744 3273 786 ;
3307 724 3411 778 sed
3439 725 3510 780 de
3565 743 3710 796 quo-

2049 806 2133 860 vis
2163 807 2402 863 homine
2457 810 2718 881 perfecto
2752 817 2810 865 et
2851 811 3142 883 gnostico,
3205 813 3304 884 qui
3339 820 3397 868 et
3443 819 3708 885 tempore

2047 894 2112 957 ἦ(
2141 902 2198 950 et
2228 897 2576 953 indumento
2608 900 2804 954 minor
2841 900 3030 955 factus
3062 907 3152 955 est
3188 902 3434 974 angelis.
3471 904 3715 974 Sapien-

2051 984 2193 1040 tiam
2209 1002 2344 1058 ergo
2365 988 2514 1041 nihil
2539 989 2702 1043 aliud
2715 989 2846 1044 dico
2880 1005 3059 1060 quam
3083 990 3710 1062 scientiam,quoniam

2049 1072 2166 1127 vita
2203 1091 2321 1129 non
2356 1076 2557 1130 differt
2586 1094 2620 1131 a
2649 1078 2784 1132 vita.
2822 1079 3055 1132 Naturaa
3088 1080 3249 1133 enim
3305 1082 3565 1148 mortali,
3602 1082 3714 1136 hoc

2052 1165 2161 1229 est,
2195 1163 2588 1230 homini,cum
2624 1167 2882 1238 eo,quod
2915 1167 3160 1239 dignum
3188 1168 3459 1224 habitum
3487 1176 3578 1225 est
3600 1171 3711 1226 im-

2052 1253 2434 1320 mortalitate,
2468 1272 2782 1310 commune
2829 1261 2916 1311 est
2944 1257 3152 1322 vivere,
3184 1258 3514 1314 secundum
3545 1259 3711 1314 babi-

2051 1343 2177 1392 tum
2201 1341 2724 1411 contemplationis
2757 1348 2815 1396 et
2859 1344 3263 1412 continentiaa,
3306 1362 3440 1400 cum
3473 1347 3548 1401 sit
3565 1347 3712 1402 alte-

2049 1444 2182 1481 rum
2213 1431 2613 1499 praastantius.
2647 1432 2770 1496 Quo
2803 1439 3077 1502 respectu
3108 1433 3258 1487 mihi
3292 1435 3532 1505 quidem
3554 1441 3712 1491 certe

2050 1516 2282 1572 videtur
2313 1519 2676 1592 Pythagoras
2722 1520 2916 1575 solum
2970 1522 3154 1576 Deum
3218 1524 3547 1594 sapientem
3580 1541 3712 1580 esse

2051 1605 2247 1661 dicere
2267 1612 2424 1674 (nam
2450 1609 2767 1680 Apostolus
2790 1626 3026 1680 quoque
3048 1611 3329 1666 scribitin
3353 1614 3617 1684 Epistola
3635 1614 3712 1669 ad

2051 1696 2346 1750 Romanos
2374 1715 2386 1751 :
2422 1719 2450 1746 ‹‹
2479 1696 2566 1751 Ad
2599 1698 2747 1754 205
2791 1698 3193 1753 obedientiam
3225 1700 3360 1755 fidei
3387 1702 3450 1755 in
3481 1703 3710 1757 cunctis

2050 1785 2346 1854 gentibus,
2381 1787 2604 1858 cogniti
2639 1787 2749 1841 soli
2785 1788 3036 1857 sapienti
3068 1789 3185 1843 Deo
3207 1805 3314 1859 per
3339 1791 3536 1845 .lesum
3551 1791 3713 1846 Chri-

2053 1879 2232 1944 stum)
2258 1875 2355 1945 (b),
2394 1898 2413 1921 ι
2451 1882 2695 1946 propter
2729 1892 2858 1930 eam
2888 1882 3106 1945 autem,
3140 1895 3272 1947 quas
3304 1878 3391 1933 illi
3416 1896 3548 1934 cum
3592 1881 3708 1936 Deo

2051 1961 2881 2033 intercedebant,amicitiam,
2898 1965 3144 2020 vocabat
3169 1983 3232 2021 se
3262 1968 3708 2041 philosophum.

2051 2072 2080 2099 «
2113 2051 2487 2122 Loquebatur
2518 2075 2545 2101 »
2577 2053 2778 2124 itaque
2811 2076 2838 2102 α
2898 2055 3052 2108 Deus
3103 2071 3239 2110 cum
3272 2058 3488 2128 Moyse,
3524 2081 3553 2108 »
3613 2059 3706 2113 in-

2049 2140 2197 2210 quit,
2230 2163 2257 2189 «
2293 2148 2358 2196 ut
2387 2143 2612 2196 amicus
2644 2159 2780 2197 cum
2811 2143 3003 2198 amico
3035 2146 3123 2211 (c).
3163 2166 3190 2193 υ
3239 2146 3443 2217 Itaque
3477 2163 3708 2214 verum,

2048 2229 2206 2299 quod
2238 2231 2355 2284 Deo
2381 2236 2469 2284 est
2491 2231 2895 2298 manifestum,
2929 2239 3174 2304 generat
3196 2235 3539 2302 veritatem;
3564 2252 3709 2308 gno-

2049 2318 2231 2373 sticus
2261 2324 2460 2373 autem
2492 2327 2653 2375 amat
2681 2321 3010 2376 veritatem.
3043 2342 3065 2369 α
3100 2322 3277 2386 Vade,
3303 2345 3330 2371 »
3354 2323 3610 2394 inquit;
3632 2323 3705 2379 ad

2044 2406 2419 2468 formicamo
2446 2409 2698 2481 piger,et
2727 2411 2854 2480 apis
2879 2411 3112 2466 efﬁcere
3136 2411 3605 2484 discipulus(d),»
3623 2413 3708 2470 ait

2048 2496 2346 2553 Salomon.
2383 2497 2438 2551 Si
2481 2498 2639 2552 enim
2685 2499 3154 2572 uniuscujusque
3192 2502 3445 2572 proprias
3476 2510 3703 2559 natura;

2046 2602 2232 2642 unum
2258 2594 2346 2641 est
2370 2595 2683 2654 munus,et
2713 2589 2875 2642 bovis
2910 2590 3204 2656 similiter,
3240 2597 3297 2644 et
3327 2592 3485 2661 equi,
3519 2599 3577 2646 et
3606 2609 3706 2647 ca-

2048 2675 2163 2741 nis,
2197 2677 2495 2746 quoddam
2529 2676 2797 2732 dicemus
2831 2694 2958 2732 esse
3009 2678 3314 2748 proprium
3348 2695 3566 2735 munus
3597 2681 3703 2734 ho-

2047 2765 2227 2819 minis
2257 2765 2286 2819 ?
2319 2766 2562 2820 Videtur
2613 2766 2914 2837 equidem,
2948 2772 3013 2819 ut
3069 2767 3301 2836 opinor,
3329 2783 3458 2822 esse
3491 2768 3704 2823 similis

2049 2855 2642 2926 centauro,figmento
2675 2854 3034 2920 Thessalico,
3059 2855 3422 2925 compositus
3447 2873 3517 2911 ex
3537 2863 3703 2928 parte

2047 2942 2294 2995 rationis
2325 2943 2613 3013 participe
2646 2949 2703 2997 et
2732 2949 2969 3014 experte
2993 2943 3470 3012 rationis,anima
3492 2952 3549 3001 et
3570 2963 3702 3002 cor-

2047 3045 2208 3099 pore.
2230 3029 2341 3084 Sed
2372 3047 2586 3102 corpus
2609 3032 2848 3102 quidem
2882 3038 2940 3088 et
2973 3032 3128 3087 circa
3161 3038 3379 3088 terram
3403 3036 3702 3106 operando

360 3126 435 3204 .1:
447 3130 498 3177 ρ.
530 3128 629 3180 567
653 3128 766 3204 Ep.
800 3127 1092 3204 porrus,
1126 3126 1366 3180 477-478
1399 3127 1511 3180 ED.
1536 3126 1765 3182 PARIS.
1803 3128 1872 3198 (a)
1897 3128 1934 3181 P

2079 3144 2194 3182 νιιι.
2239 3129 2291 3182 6.
2326 3130 2400 3200 (ὁ)
2433 3131 2599 3185 Rom.
2633 3148 2747 3199 χνι,
2781 3134 2870 3198 26,
2903 3135 2992 3188 27.
3024 3133 3097 3204 (ο)
3127 3134 3309 3188 Exod.
3334 3151 3530 3202 χχχιιι,
3613 3137 3700 3189 11.

278 3197 367 3271 (d)
399 3199 566 3253 Prov.
600 3215 676 3262 vx,
709 3200 761 3265 6,
796 3199 847 3252 8.

353 3297 429 3368 (2)
461 3298 550 3366 Τῷ
605 3295 791 3370 χρόνῳ
845 3295 936 3349 καὶ
991 3299 1072 3368 τῷ
1129 3293 1379 3369 ένδύμαι.
1446 3298 1682 3352 Scilicet
1728 3297 1934 3371 χρόνῳ¹

353 3375 668 3429 tempore.»
702 3369 842 3429 quia
871 3369 1139 3424 mortalis
1170 3376 1229 3424 et
1259 3374 1391 3429 post
1412 3370 1654 3429 angelos
1673 3377 1926 3429 creatus:

2051 3299 2722 3373 philoso;7horum,seg.t2
2747 3317 2762 3356 :
2787 3324 2808 3351 α
2838 3299 3049 3356 Φιλοσο
3099 3302 3223 3357 ίαν»
3253 3299 3310 3357 δὲ
3330 3307 3548 3376 πρῶτος
3564 3299 3705 3356 ὠνό-

2055 3390 2189 3429 μασε
2223 3371 2555 3429 Πυθαγόρας.
2587 3372 2674 3425 καὶ
2711 3372 2896 3426 ἑαυτὸν
2930 3398 2957 3424 ι(
2993 3323 3351 3429 φιλόσοωον.»
3383 3375 3434 3429 ἐν
3469 3377 3703 3428 Σικυῶνι

279 3390 308 3442 ε‹
345 3369 668 3442 tempore,»
702 3369 842 3440 quia
871 3369 1139 3442 mortalis
1170 3376 1229 3424 et
1259 3374 1391 3440 post
1412 3370 1654 3442 angelos
1673 3369 1926 3438 creatus;

277 3435 563 3514 ἐνδύμέτι,
595 3435 738 3514 quia
764 3457 941 3495 carne
967 3441 1211 3514 vestitus
1465 3435 1670 3510 ἔνδυμα
1717 3435 1931 3514 corpus

276 3507 467 3586 vocat.
503 3507 692 3586 Sim—ili
739 3528 919 3567 sensu
970 3528 1133 3586 νοσοῖ
1167 3507 1486 3586 ἐνδύσασθαι
1536 3507 1724 3586 utitur
1771 3507 1929 3586 Apo-

280 3584 472 3654 stolus
506 3585 554 3638 ΙΙ
585 3585 713 3640 Cor.
746 3601 798 3650 v,
823 3588 875 3650 2,
929 3586 958 3638 3
984 3600 1026 3654 _:
1079 3584 1163 3638 Ἑν
1221 3582 1400 3654 τούτῳ
1459 3583 1803 3654 στενάζομεν,
1825 3582 1841 3586 “
1867 3585 1929 3638 τὸ

280 3653 602 3728 οἰκητήριον
656 3657 818 3747 ᾐμῶν
869 3654 932 3744 τδ
979 3652 1318 3745 ξξκούρανοῦ
1366 3652 1750 3746 ἐπενδύσασθαι
1794 3652 1929 3710 -ἐπι-

363 3738 384 3747 -
431 3731 451 3740 -
497 3746 516 3747 κ
985 3745 992 3747 _
1047 3742 1055 3747 .
1708 3729 1722 3747 ε
1815 3729 1828 3747 ε

278 3723 596 3805 ποθοῦντες
631 3723 792 3802 εἷ”γε
848 3727 936 3780 καὶ
977 3723 1352 3800 ἐνδυσάμενοι,
1414 3727 1475 3781 ού
1525 3729 1724 3804 γυμνοὶ
1781 3729 1931 3805 εὑρε-

281 3798 582 3870 θησόμεθα.

352 3866 438 3941 (3i
463 3867 671 3925 υῦγουν
704 3866 794 3925 ἄλ.
820 3871 1127 3936 Quomodo
1197 3871 1359 3936 dicit,
1422 3871 1777 3942 sapientiam
1810 3890 1932 3929 non

277 3943 582 4017 differrega
604 3943 871 4017 scientia.
888 3959 1023 3997 cum
1043 3945 1354 4017 scientiam
1376 3946 1929 4017 creaturissapien-

275 4016 422 4070 tiam
455 4015 563 4069 soli
599 4017 714 4068 Deo
739 4014 1265 4086 tribuat.e.\'plicari
1299 4015 1454 4070 haud
1488 4023 1712 4085 potest;
1738 4014 1930 4072 utnec

276 4103 508 4158 ea,qua_3
541 4087 944 4158 sequuntur,si
966 4087 1193 4158 Herveti
1227 4087 1554 4141 versionem
1588 4105 1927 4158 sequamur.

275 4156 534 4212 Proinde
557 4156 937 4212 scribendum
962 4156 1177 4223 οὐκοῦν,
1211 4159 1519 4229 igiturpro
1543 4156 1932 4229 negativo-Sz-

274 4236 617 4299 oov:etquaa
650 4235 998 4299 sequuntur,
1029 4230 1139 4284 hoc
1171 4229 1346 4284 modo
1369 4229 1927 4300 intelligendasunt:

274 4324 303 4351 α
323 4300 579 4356 Proinde
606 4300 925 4355 dicendum
948 4307 1056 4365 est,
1082 4301 1436 4371 sapientiam
1461 4302 1774 4371 aiscientia
1807 4303 1928 4357 dif-

270 4373 464 4428 ferre:
495 4373 712 4443 quippe
740 4372 856 4426 vita
886 4389 1004 4426 non
1036 4370 1410 4427 differtavita
1435 4370 1523 4434 ;id
1548 4373 1707 4426 enim
1728 4380 1930 4430 estna-

273 4449 424 4499 turaa
457 4445 714 4508 mortali,
748 4459 962 4513 nempe
1020 4444 1267 4507 homini,
1318 4459 1632 4498 commune
1675 4461 1808 4499 cum
1837 4463 1930 4514 eo,

275 4515 379 4587 qui
411 4515 856 4570 immortalitate
887 4515 1160 4586 dignatus
1189 4520 1294 4577 est.
1328 4522 1395 4569 ut
1437 4521 1686 4585 uterque
1730 4517 1882 4571 vivat
1913 4534 1926 4571 :

273 4603 413 4642 cum
430 4588 660 4642 interea
678 4587 883 4641 habitu
908 4587 1426 4657 contemplationis
1439 4593 1497 4639 et
1521 4589 1927 4657 temperantia)

274 4659 429 4714 alter
456 4658 628 4713 alteri
659 4659 1050 4730 praestet.Qua
1081 4659 1258 4730 etiam
1281 4659 1511 4730 ratione
1536 4659 1728 4713 solum
1743 4661 1926 4715 Deum
1961 4659 2003 4724 D

274 4730 608 4801 sapientem
637 4728 785 4785 mihi
817 4728 1051 4801 videtur
1079 4729 1299 4784 dixisse
1333 4729 1712 4801 Pythagoras,
1749 4738 1859 4787 etc.
1900 4755 1920 4782 ι

347 4795 425 4875 (4)
456 4801 621 4875 Ἒξιν.
657 4803 801 4875 cum
857 4795 962 4875 ἓξιν
997 4795 1408 4875 ειιῢιιιιίάίοιιάἐι
1444 4795 1675 4875 videtur
1697 4795 1927 4875 pmpo-

276 4866 417 4998 gitio'
445 4866 600 4942 κατα,
631 4873 718 4928 vel
754 4866 1134 4944 participium
1165 4866 1384 4946 ἔχοντα,
1417 4877 1520 4927 aut
1552 4866 1746 4929 simile
1760 4866 1923 4946 quid.

321 4961 556 4998 YLBURG.

321 4961 556 5002 YLBURG.

348 5019 422 5081 (ὅι
456 5013 675 5071 Ἐπεὶ...
707 5014 882 5078 ’[ησοῦ
912 5013 1165 5085 Χριστοῦ.
1227 5015 1446 5088 Sensus
1489 5021 1597 5082 est,
1637 5039 1656 5061 α
1704 5019 1926 5088 Pytha-

274 5104 479 5159 goram
513 5087 704 5143 solum
741 5088 922 5141 Deum
953 5103 1188 5142 vocasse
1249 5087 1578 5155 sapientem
1615 5087 1930 5158 (quemad-

276 5159 519 5214 modum
553 5160 729 5213 etiam
757 5159 1109 5227 Apostolus),
1145 5176 1204 5212 se
1238 5166 1436 5213 autem
1473 5168 1711 5229 propter
1739 5161 1924 5229 illam,

276 5248 408 5301 quas
442 5231 554 5285 sibi
583 5247 720 5286 cum
747 5232 862 5284 Deo
895 5230 1082 5284 interc
1107 5230 1321 5296 idebat,
1356 5230 1700 5291 amicitiam.
1732 5234 1930 5302 philo-

277 5303 556 5372 sophum.
580 5320 683 5357 seu
716 5307 1079 5355 «amatorem
1113 5303 1477 5372 sapientius,»
1503 5303 1611 5357 hoc
1636 5311 1724 5357 est
1746 5305 1868 5360 Dei.
1897 5327 1924 5355 ››

276 5373 678 5437 Quintilianus
726 5375 972 5427 Institut.
1009 5374 1162 5427 Orat.
1205 5374 1283 5426 lib
1339 5391 1440 5436 xu,
1475 5389 1599 5443 cap.
1643 5378 1752 5428 1;‹‹
1783 5379 1928 5434 Nam

275 5450 335 5518 et
363 5446 740 5518 Pythagoras.
772 5461 892 5518 non
915 5445 1244 5514 sapientem
1271 5461 1352 5518 se,
1387 5450 1451 5498 ut
1481 5445 1601 5518 qui
1627 5453 1760 5501 ante
1793 5465 1928 5503 eum

271 5515 536 5575 fuerunt.
561 5515 665 5572 sed
697 5515 1028 5570 studiosum
1085 5517 1388 5587 sapientiae
1416 5517 1606 5569 vocari
1661 5518 1859 5573 voluit.
1902 5543 1928 5570 ››

274 5588 612 5669 Clementis,
633 5587 820 5669 nostri
871 5587 1182 5669 sententiae
1239 5587 1431 5643 adhuc
1479 5590 1731 5669 propria
1765 5597 1926 5669 sunt,

277 5675 410 5732 quaa
442 5662 623 5716 refert
652 5661 939 5731 Diogenes
999 5659 1282 5726 Laertius,
1343 5659 1613 5730 procemii
1662 5661 1736 5718 ad
1774 5665 1930 5720 Vitas

2047 3390 2189 3457 μασε
2223 3371 2555 3457 ῃυθαγόρας,
2587 3371 2674 3425 καὶ
2711 3372 2896 3457 ἑαυτὸν
2930 3398 2957 3424 «
2993 3371 3351 3457 φιλόσοφογμ
3375 3371 3434 3430 ’ἐν
3468 3377 3703 3457 δικυῶνι

2046 3441 2652 3518 διαλεγόμενόςλὲοντι
2702 3447 2781 3518 τῷ
2813 3441 3125 3518 Σικυωνίων
3157 3441 3425 3518 τυράννῳ,
3458 3443 3494 3515 ἤ
3528 3445 3702 3518 Φλιατ-

2046 3512 2366 3591 σίωνςκαθα
2398 3534 2558 3591 φησιν
2590 3512 2951 3591 Ἡρακλείδης
2977 3518 3003 3571 ὁ
3035 3519 3293 3591 Ποντικὸς
3351 3512 3420 3572 ἐν’
3453 3512 3520 3591 τῇ
3569 3516 3696 3591 ΙΛΙᾲερξ

2043 3592 2144 3662 τῆς
2177 3584 2363 3662 ἀξπνου·
2400 3584 2620 3662 Μηδένα
2801 3584 2930 3642 εἶναι
2987 3590 3152 3662 σοφὸν
3213 3584 3522 3662 ἄνθρωπον,
3571 3584 3699 3662 ᾅλλ’

2043 3657 2077 3724 ἢ
2103 3652 2263 3738 (Θεόν.
2298 3652 2499 3738 Θᾶττον
2527 3654 2584 3711 δὲ
2605 3652 2849 3738 έκαλεζτο
2882 3652 3129 3738 σοφία.ἶὴ
3162 3665 3250 3715 νῦν
3285 3652 3322 3738 (ι’
3347 3652 3698 3738 φιλοσοφίαοξι

2044 3730 2134 3806 καὶ
2165 3753 2193 3806 ς(
2219 3729 2382 3805 σοφὸς
2419 3750 2446 3777 ››
2481 3730 2508 3782 ὁ
2536 3729 2735 3806 ταύτην
2772 3729 3330 3806 ἐπαγγελλόμενοςβς
3359 3729 3445 3802 εἴη
3561 3729 3701 3787 κατᾶ

2350 3803 2538 3880 ψυχῆς
2561 3799 3026 3880 ἀπρκριϐωμὶἑῖιος
3060 3799 3519 3880 αῲιλόοίοεροςι-δὶ
3610 3825 3704 3857 σο..

2046 3871 2169 3950 sua.
2191 3871 2953 3950 ἀσπαζόμενοςςςιεειὲιειτιιιιια
2972 3871 3410 3950 philosophiam
3430 3902 3448 3928 ιι
3475 3878 3700 3950 primus

2046 3933 3600 4021 Pythagoras'appellavit.sequeutphilosophumpmium
3614 3949 3702 4002 Si-

2045 4034 2228 4088 cyone
2255 4033 2591 4092 sermonem
2631 4018 2875 4092 haberet
2896 4018 3030 4075 cum
3055 4018 3265 4075 Leonte
3288 4022 3698 4092 Sicyoniorum

2047 4089 2446 4160 tyranno.sive
2463 4088 2950 4152 Phliasiorummt
2969 4095 3050 4146 ait
3065 4088 3400 4148 Heraclides
3420 4093 3697 4146 Ponticus

2046 4162 2108 4214 in
2141 4160 2292 4236 libro
2324 4176 2501 4236 quem
2526 4160 2830 4236 inscripsit
2875 4170 2949 4217 Ue
2976 4167 3186 4232 femina
3217 4166 3439 4236 [septem
3485 4161 3696 4236 diebus]

2047 4233 2289 4286 earamini
2321 4249 2338 4285 :
2361 4232 2599 4285 Nullum
2619 4233 2780 4287 enim
2802 4234 3132 4296 hominum.
3167 4232 3268 4289 sed
3290 4232 3484 4289 solum
3512 4235 3694 4286 Deum

2047 4319 2175 4358 esse
2207 4304 2755 4376 sapientem.Antea
2785 4306 2983 4359 enim«
3011 4306 3299 4376 sapientia
3321 4327 3340 4351 ιο
3368 4305 3696 4376 dicta,quaa

2045 4392 2203 4429 nunc
2234 4398 2260 4422 ‹‹
2298 4375 2674 4444 philosophia
2699 4383 2824 4430 :net
2849 4377 2948 4445 qui
2971 4375 3122 4430 hanc
3150 4375 3694 4446 protitebatur,«gsa-

2045 4448 2236 4517 piens,
2256 4468 2281 4493 υ
2315 4446 2654 4515 quicunque
2676 4446 2750 4500 ad
2773 4463 3064 4501 summam
3098 4446 3280 4501 animi
3306 4445 3697 4517 perpicacita-

2043 4516 2163 4572 tem
2195 4517 2596 4588 pervenisset:
2624 4539 2650 4565 «
2685 4517 3074 4588 philosophus
3114 4541 3142 4568 ››
3187 4523 3386 4572 autem
3439 4516 3539 4587 qui
3600 4533 3694 4572 sa-

2042 4587 2329 4660 pientiam
2360 4587 2838 4660 amplecteretur.
2869 4609 2895 4636 »

2112 4662 2190 4730 I6)
2223 4663 2631 4730 Γνωρισθὲντες.
2667 4658 2946 4723 Quaedam
2994 4658 3184 4714 Biblia
3238 4663 3372 4730 post
3403 4659 3555 4714 hanc
3593 4674 3695 4712 vo-

2038 4747 2166 4785 cem
2199 4731 2648 4798 interpungunt.
2691 4732 2759 4786 Α.
2819 4730 3092 4785 SYLBURG.

2110 4803 2190 4870 (7)
2239 4769 2436 4867 Φησιίν.
2485 4769 2716 4871 Ii‘iempe
2758 4801 2812 4856 S.
2873 4802 3194 4873 Scriptura,
3245 4818 3446 4873 equa
3494 4816 3695 4873 exem-

2040 4872 2204 4944 plum
2233 4873 2455 4943 profert
2485 4873 2745 4926 hominis
2762 4873 2859 4942 qui
2881 4871 3018 4928 cum
3052 4874 3261 4936 Deo,ut
3281 4871 3363 4928 de
3388 4889 3449 4928 se
3471 4871 3693 4927 referre

2040 4944 2267 4999 solebat
2290 4944 3049 5014 Pythagoras,familiariter
3081 4951 3140 5000 et
3169 4945 3498 5000 amicorum
3528 4959 3695 4999 more

2038 5031 2391 5088 congressus
2415 5022 2519 5088 est.
2551 5015 2642 5069 Sic
2674 5015 2830 5088 enim
2888 5017 3106 5071 dicitur
3136 5017 3317 5071 Exod.
3351 5033 3549 5088 χχχιιι,
3583 5019 3642 5088 11
3681 5030 3694 5069 :

2041 5084 2410 5157 Καῖἓλοὶλησςε
2448 5084 2641 5154 Κύριος
2691 5086 2826 5156 πρὸς
2863 5089 3122 5155 Μωυσῆν,
3182 5088 3415 5146 ένώπιος
3448 5085 3694 5157 ένωπίῳ,

2039 5159 2113 5218 ὡς
2145 5155 2537 5235 ε”τις-λαλήσαι
2566 5155 2820 5235 πῡὸςντὸν
2862 5158 3054 5212 ἑαυτοῦ
3085 5157 3264 5235 φίλον.
3302 5159 3467 5217 Conf.
3520 5155 3693 5214 Num.

2037 5249 2141 5295 χιι,
2175 5233 2206 5284 8
2233 5247 2244 5283 :
2267 5231 2432 5284 Deut.
2467 5247 2657 5297 xxxxv,
2695 5234 2780 5284 10.

2108 5301 2314 5374 (8)ῨΚαὶ
2353 5299 2617 5374 μελίττης
2649 5305 2805 5374 γενοῦ
2858 5302 3130 5372 μαθητής.
3192 5305 3356 5357 Prov.
3403 5319 3495 5374 γι,Δ
3521 5303 3552 5353 8
3577 5299 3695 5374 :"'II

2037 5369 2504 5498 ’ἐπορεύθητιπρὸς
2537 5373 2634 5440 τὴν
2662 5369 2954 5445 μέλισσαν,
2992 5369 3095 5428 ’καὶ
3154 5374 3292 5446 μάθε
3346 5374 3421 5433 ὡς
3479 5369 3696 5443 ἐργάτις

2068 5445 2174 5498 στί.
2208 5451 2324 5498 etc.

2068 5451 2174 5500 στί.
2208 5451 2324 5500 etc.

2111 5520 2182 5585 (9)
2207 5513 2522 5590 Θετταλικῴ
2552 5537 2610 5574 π.
2644 5517 2921 5574 Centauri
2955 5517 3318 5575 Thessaliam
3369 5511 3692 5568 incoluisse

2036 5588 2300 5646 feruntu.
