4066 6192
388 265 410 314 1
419 261 526 316 223

1615 260 2026 316 ΟΙιΕΜΕΝΤΙΒ
2063 259 2562 316 ALEXANDBINI

3667 266 3799 323 1224

384 387 678 449 versatur,
711 387 770 438 et
797 382 994 437 tendit
1054 382 1128 437 ad
1187 387 1405 437 terram
1433 400 1448 449 ;
1499 381 1699 437 anima
1737 390 1935 438 autem
1966 396 2018 436 a<

2157 372 2324 451 φόϐον
2407 376 2704 452 ἐδείξαμε).
2738 377 2804 435 Εἰ
2864 380 2970 452 γὰρ
3049 403 3078 432 α
3136 378 3227 436 διὰ
3278 381 3455 457 νόμου
3513 384 3807 462 ιπίγνωσις

388 475 573 528 Deum
609 473 950 539 extollitur;
986 489 1116 543 qum
1149 471 1390 542 quidem
1423 488 1528 542 per
1583 488 1778 527 veram
1811 471 2044 526 erudita

385 561 848 633 phi1050phiam,
877 561 1184 615 contendit
1217 561 1290 614 ad
1321 577 1479 626 suos,
1513 560 1610 629 qui
1673 576 1852 630 supra
1879 564 2040 626 sunt,

384 657 684 722 cognatos,
702 650 954 705 liberata
983 649 1249 720 corporis
1268 648 1778 720 cupiditatibus,et
1798 655 2043 718 praeter-

384 756 454 794 ea
487 740 687 794 labore
722 745 780 792 et
807 746 1358 808 metu;quanquam
1392 737 1466 791 ad
1495 737 1716 790 bonum
1745 737 2040 807 pertinere

383 835 442 883 et
475 829 852 883 tolerantiam
876 833 934 883 et
964 834 1189 882 metum
1221 827 1676 881 ostendimus.Si
1696 827 1854 880 enim
1885 848 1907 877 (ι
1935 843 2042 896 per

381 918 572 989 legem
598 924 687 971 est
703 918 924 989 agnitio
958 917 1180 987 peccati
1211 918 1310 985 (a).
1347 941 1370 965 υ
1401 922 1468 970 ut
1495 916 1704 970 dicunt
1725 917 1824 986 qui
1849 915 2036 986 legem

383 1008 774 1072 insectantur,
811 1012 870 1059 et
900 1029 925 1054 ‹‹
953 1022 1140 1076 usque
1170 1005 1242 1059 ad
1277 1005 1466 1076 legem
1501 1011 1807 1075 peccatum
1833 1003 1944 1058 fuit
1978 1003 2036 1058 in

382 1096 606 1152 mundo
633 1099 705 1166 ib)
734 1113 746 1149 :
782 1119 808 1144 υ
836 1095 938 1150 sed
971 1119 996 1144 ‹‹
1034 1096 1160 1150 sine
1195 1096 1319 1167 lege
1372 1102 1674 1149 mortuum
1709 1101 1799 1148 est
1828 1109 2038 1164 pecca-

383 1193 507 1239 tum
541 1189 634 1254 (c),
663 1208 689 1234 n
719 1203 829 1239 nos
860 1185 944 1238 eis
966 1191 1168 1238 contra
1198 1184 1558 1238 occidamus.
1595 1184 1650 1236 Si
1687 1184 1844 1236 enim
1866 1183 2034 1237 timo-

377 1276 460 1330 ris
491 1291 729 1329 causam
786 1279 1091 1344 peccatum
1139 1272 1475 1340 abstuleris,
1522 1271 1820 1326 abstulisti
1855 1271 2033 1324 etiam

377 1365 650 1418 timorem
677 1381 690 1428 ;
726 1362 912 1417 multo
953 1367 1152 1416 autem
1182 1362 1368 1434 magis
1399 1361 1778 1431 supplicium.
1806 1376 1940 1414 cum
1973 1358 2034 1412 id

377 1452 655 1518 abfuerit,
680 1469 712 1506 a
743 1469 858 1522 quo
886 1451 1026 1505 oriri
1085 1451 1235 1505 solet
1282 1449 1780 1520 concupiscentia.
1819 1471 1844 1498 ‹‹
1867 1451 2030 1502 .lusto

376 1543 558 1609 enim,
595 1563 622 1590 ››
655 1541 955 1611 Scriptura
983 1539 1047 1602 exs
1093 1540 1310 1610 inquit,
1338 1561 1361 1590 «
1426 1539 1522 1593 lex
1577 1556 1696 1592 non
1729 1543 1819 1592 est
1870 1537 2032 1608 posi-

377 1638 435 1684 ta
466 1631 567 1700 (d).
605 1651 633 1678 »
666 1628 917 1682 Pulchre
952 1644 1088 1698 ergo
1145 1625 1475 1680 Heraclitus
1511 1642 1522 1679 :
1557 1644 1587 1676 (ι
1618 1625 1888 1690 Iustitia),
1933 1625 2028 1678 in-

2148 466 2436 538 ἁμαρτίας,
2470 492 2497 519 ››
2535 467 2608 528 ὡς
2665 468 2716 522 οἱ
2776 471 3205 543 κατατρέχοντες
3258 475 3356 525 τοῦ
3412 473 3594 545 νόμου
3654 477 3802 548 φασὶ,

2145 555 2235 609 καὶ
2271 579 2295 608 ι
2354 555 2486 630 ἂχρι
2545 555 2718 628 νόμου
2775 557 3013 632 ἁμαρτία
3070 560 3138 627 ἦν
3195 561 3247 614 ἐν
3301 561 3518 633 κόσμῳο
3571 588 3601 613 υ
3665 563 3807 619 ἀλλά

2145 667 2174 695 ‹‹
2235 645 2412 718 χωρὶς
2470 643 2644 718 νόμου
2702 646 2938 719 ἁμαρτία
2987 648 3171 716 νεκρά,
3231 673 3260 700 ››
3326 649 3638 723 ἀντᾴδομεν
3697 659 3805 724 (10)

2145 734 2357 795 αὐτοῖς·
2393 733 2518 787 ὅταν
2550 733 2651 809 γὰρ
2709 733 2916 811 ἀφέλῃς
2973 736 3036 790 τὸ
3092 735 3269 791 αἶ’τιον
3309 743 3407 793 τοῦ
3462 736 3646 817 φόϐου
3706 744 3804 809 τήν

2145 822 2436 898 ἁμαρτίαν,
2485 819 2707 897 ἀφεῖλες
2737 824 2827 878 τὸν
2861 819 3054 902 φόϐον·
3086 825 3230 881 πολὺ
3264 824 3320 880 δὲ
3351 825 3428 882 ἔτι
3488 834 3608 902 (11)
3638 830 3807 885 κόλαο

2143 933 2246 975 σιν,
2277 912 2403 966 ὅταν
2436 911 2547 985 ἀπῇ
2581 914 2642 965 τὸ
2673 913 2910 988 πεφυκὸς
2939 913 3244 986 ἐπιθυμεῖν.
3299 941 3325 966 ‹‹
3361 917 3568 988 Δικαίῳ
3600 920 3708 992 γὰρ
3749 919 3807 972 οὗ

2141 1005 2315 1054 κεῖται
2345 996 2540 1072 νόμος,
2578 1027 2604 1049 η
2655 1002 2689 1068 ἡ
2752 1003 2935 1077 Γραφή
2989 1023 3172 1078 φησιν.
3234 1001 3432 1066 Καλῶς
3483 1004 3577 1059 οὖν
3640 1008 3809 1078 Ἠρά-

2140 1087 2385 1160 κλειτος,
2414 1113 2440 1139 ‹‹
2477 1088 2642 1157 Δίκης
2673 1085 2869 1162 ὄνομα,
2925 1091 3110 1165 φησὶν,
3172 1091 3272 1146 ούκ
3330 1093 3389 1146 ἄν
3432 1090 3632 1167 ᾔδεσαν
3670 1098 3802 1169 (12),

2139 1177 2183 1230 εἰ
2215 1182 2383 1232 ταῦτα
2409 1179 2484 1250 μή
2517 1179 2606 1246 ἧν·
2647 1206 2672 1228 υ
2707 1185 3005 1252 Σωκράτης
3048 1177 3126 1246 δὲ,
3161 1205 3188 1231 ι(
3245 1181 3416 1255 νόμον
3471 1181 3631 1238 ἓνεκα
3665 1185 3803 1259 ἀγαο

2140 1273 2247 1331 θῶν
2281 1269 2379 1323 οὐκ
2410 1267 2470 1323 ἄν
2501 1271 2765 1343 γενέσθαι.
2805 1295 2825 1320 ι
2889 1269 3042 1326 Ἀλλ’
3073 1269 3198 1326 οὐδέ
3252 1277 3418 1326 τοῦτο
3449 1272 3692 1350 ἔγνωσαν
3752 1278 3804 1330 οἱ

2136 1359 2550 1432 κατήγοροι,ὡς
2572 1358 2600 1412 6
2631 1358 2967 1422 Ἀπόστολός
3001 1361 3336 1434 φησιν,δτι,‹‹
3367 1363 3428 1420 Ὀ
3450 1364 3802 1437 ἀγαπῶν(13)

2134 1445 2225 1499 τὸν
2260 1445 2519 1515 πλησίον,
2552 1446 2717 1500 κακὸν
2751 1446 2851 1501 οὐκ
2908 1446 3211 1522 ἐργάζεται·
3247 1475 3269 1502 ι
3315 1450 3377 1504 τὸ
3434 1453 3566 1524 γὰρ,
3629 1473 3660 1502 α
3718 1454 3797 1509 Οὔ

2136 1533 2432 1612 φονεύσεις,
2496 1533 2558 1590 ού
2619 1535 2958 1610 μοιχεύσεις,
3009 1536 3071 1591 ού
3125 1539 3390 1612 κλέψεις,
3445 1540 3536 1594 καὶ
3614 1540 3672 1595 εἴ
3713 1563 3800 1603 τις

2135 1623 2290 1699 ἑτέρα
2321 1623 2540 1692 ἐντολὴ,
2575 1627 2626 1678 ἐν
2653 1624 2834 1697 τούτῳ
2880 1625 3034 1697 μόνῳ
3062 1625 3553 1704 ἀνακεφαλαιοῦται
3582 1635 3666 1700 τῲ
3701 1629 3800 1684 λό-

375 1721 521 1789 quit,
556 1734 774 1771 nomen
814 1733 934 1770 non
960 1715 1284 1780 novissent,
1320 1715 1367 1769 si
1401 1715 1524 1768 hanc
1568 1731 1688 1768 non
1740 1719 1962 1768 essent.
1997 1733 2018 1762 ιι

2133 1735 2238 1788 γῳ,
2269 1716 2370 1784 τῷ,
2407 1714 2733 1786 Ἀγαπήσεις
2791 1714 2882 1767 τὸν
2940 1711 3180 1784 πλησίον
3239 1736 3335 1770 σου
3383 1717 3460 1779 ὡς
3488 1720 3738 1776 σεαυτόν.
3774 1745 3795 1770 ι

374 1809 644 1862 Socrates
674 1811 873 1861 autem
905 1805 1083 1860 dicit:
1109 1828 1136 1855 α
1186 1806 1395 1875 Legem
1427 1820 1547 1858 non
1597 1803 1778 1858 fuisse
1804 1803 2022 1857 factam

373 1903 616 1968 propter
645 1895 853 1950 bonos.
874 1919 899 1945 ››
921 1893 1030 1950 Sed
1062 1910 1254 1964 neque
1287 1895 1394 1948 hoc
1427 1898 2022 1966 cognoveruntaccu-

370 1985 782 2056 satores,quod
797 1984 940 2039 dicit
955 1982 1604 2054 Apostolus,quoduQui
1619 1982 2022 2053 propinquum

375 2093 546 2131 suum
573 2076 785 2148 diligit,
817 2074 1040 2129 malum
1075 2090 1193 2127 non
1231 2079 1527 2144 operatur.
1561 2097 1582 2123 ι
1615 2071 1766 2126 lllud
1811 2071 1970 2126 enim
2006 2086 2018 2124 :

369 2188 395 2213 α
417 2166 541 2218 Non
565 2165 820 2224 occides.
853 2180 972 2217 non
991 2162 1530 2218 mwchaberismon
1557 2159 1780 2214 furtum
1801 2160 1980 2214 facies
2005 2177 2020 2226 ;

373 2258 431 2307 et
462 2253 510 2305 si
545 2253 702 2321 quod
735 2253 811 2306 sit
839 2251 1001 2306 aliud
1034 2257 1416 2321 praeceptum.
1446 2251 1502 2303 in
1562 2251 1673 2304 hoc
1723 2249 1848 2303 solo
1898 2265 2020 2302 ser-

369 2359 545 2396 mone
577 2341 637 2394 in
671 2357 850 2395 unam
890 2340 1067 2394 veluti
1122 2356 1415 2394 summam
1456 2338 1761 2405 redigitur.
1807 2337 2024 2409 Diliges

367 2430 705 2500 proximum
740 2434 904 2482 tuum
927 2428 1080 2482 sicut
1104 2427 1361 2498 teipsum
1383 2427 1470 2497 (ε).
1500 2450 1520 2477 ι
1552 2427 1667 2480 Hac
1699 2425 1904 2496 utique
1935 2442 2023 2479 ra-

368 2518 554 2584 tione,
592 2540 618 2568 «
667 2517 904 2589 Diliges,
970 2515 1186 2585 inquit.
1248 2514 1563 2568 Dominum
1618 2513 1803 2567 Deum
1853 2519 2021 2567 tuum

373 2623 443 2660 ex
462 2613 582 2660 toto
609 2606 784 2660 corde
820 2611 938 2671 tuo,
973 2611 1032 2658 et
1052 2604 1260 2675 diliges
1291 2603 1626 2674 proximum
1668 2607 1837 2656 tuum
1870 2601 2023 2656 sicut

363 2694 640 2765 teipsum.
675 2717 700 2742 υ
733 2693 898 2758 Quod
931 2694 977 2748 si
1004 2693 1102 2764 qui
1136 2716 1162 2742 «
1200 2693 1537 2763 proximum
1571 2691 2020 2763 diligit,malum

363 2799 479 2839 non
502 2784 622 2856 agit
646 2788 735 2838 :et
755 2799 932 2837 omne
963 2788 1322 2854 prmceptum
1357 2782 1418 2835 in
1450 2782 1558 2835 hoc
1580 2781 1759 2835 veluti
1784 2781 1845 2835 in
1863 2797 2020 2836 com-

359 2873 644 2942 pendium
675 2872 982 2944 redigitur,
1006 2891 1030 2921 ι
1067 2887 1281 2941 nempe
1318 2891 1344 2921 ι
1375 2871 1435 2924 in
1479 2870 1777 2942 diligendo
1827 2869 2022 2941 proxi-

358 2978 521 3016 mum
556 2965 681 3030 If).»
708 2965 1161 3032 praeceptaquze
1193 2965 1417 3014 metum
1443 2957 2019 3030 injiciunt,dilectio-

2139 1801 2316 1877 Ταύτῃ
2348 1823 2477 1869 που,
2520 1828 2540 1852 ι
2578 1804 2907 1878 Ἀγαπήσεις
2964 1804 3164 1878 Κύριον
3213 1807 3305 1860 τὸν
3353 1809 3482 1861 Θεόν
3530 1829 3650 1875 σου,
3687 1832 3799 1885 φη-

2138 1891 2245 1959 σὶν,
2295 1890 2347 1961 ἐξ
2388 1889 2527 1960 ὅλης
2584 1889 2808 1965 καρδίας
2865 1896 2974 1964 (14)
3033 1912 3149 1947 σου⁶
3208 1896 3301 1949 καὶ
3344 1897 3648 1971 ἀγαπήσεις
3698 1901 3795 1953 τὸν

2137 1979 2370 2050 πλησίον
2425 2000 2518 2034 σου
2571 1981 2645 2041 ὡς
2695 1979 2936 2037 σεαυτόν.
2971 2003 2998 2032 »ι
3060 1982 3123 2038 Εἰ
3185 1980 3250 2051 δὴ
3289 2007 3312 2036 σ
3347 1985 3375 2039 ὁ
3420 1985 3510 2039 τὸν
3544 1987 3791 2054 πλησίον

2139 2070 2360 2143 ἀγαπῶν
2416 2070 2579 2123 κακὸν
2638 2068 2737 2124 οὐκ
2779 2068 3082 2144 ἐργάζεται,
3119 2095 3145 2121 ››
3176 2071 3266 2126 καὶ
3316 2098 3343 2123 ‹‹
3393 2080 3538 2128 πᾶσα
3591 2075 3795 2147 ἐντολὴ

2139 2158 2190 2212 ἐν
2251 2157 2431 2229 τούτῳ
2481 2156 2996 2234 ἀνακεφαλαιοῦται,
3055 2165 3156 2231 τῷ,
3217 2161 3427 2236 ἀγαπᾷν
3484 2165 3578 2218 τὸν
3637 2164 3794 2236 πλη-

2138 2247 2277 2315 σίον,
2313 2271 2340 2298 ››
2391 2248 2446 2301 αἱ
2475 2247 2567 2300 τὸν
2599 2243 2768 2324 φόϐον
2822 2247 3129 2322 ἐπαρτῶσαι
3171 2249 3386 2306 ἐντολαὶ
3436 2253 3678 2327 ἀγάπην,
3735 2254 3798 2308 ού

2141 2342 2298 2408 μῖσος
2328 2339 2804 2404 κατασκευάζουσι·
2841 2334 3035 2391 οὕγουν
3067 2340 3235 2400 πάθος
3264 2337 3655 2417 τοῦί15)φόϐου
3672 2364 3798 2417 γεν-

2135 2425 2356 2495 νητικὸς
2392 2427 2420 2479 6
2451 2425 2640 2498 νόμος.
2677 2449 2703 2476 ‹‹
2743 2427 2905 2480 Ὠστε
2935 2427 2963 2480 6
2995 2427 3161 2499 νόμος
3195 2429 3350 2501 ἅγιος
3371 2454 3399 2480 ››
3439 2431 3529 2483 καὶ
3560 2435 3642 2501 τῷ
3675 2428 3791 2486 ὄντι

2135 2538 2163 2564 ‹‹
2197 2515 2564 2586 πνευματικός
2618 2513 2752 2580 ἐστι,
2808 2538 2836 2566 ››
2867 2516 3004 2569 κατά
3048 2518 3140 2570 τὸν
3172 2517 3538 2574 Ἀπόστολον.
3573 2525 3667 2573 Δεῖ
3697 2518 3790 2589 δή,

2133 2603 2206 2664 ὡς
2236 2599 2402 2671 ἔοικε,
2432 2605 2531 2673 τήν
2563 2624 2623 2678 γε
2668 2607 2765 2657 τοῦ
2827 2604 3078 2676 σώματος
3138 2603 3319 2677 φύσιν,
3352 2606 3441 2660 καὶ
3469 2613 3571 2674 τῆς
3602 2611 3793 2682 ψυχῆς

2133 2691 2317 2746 οὐσίαν
2342 2689 3011 2767 πολυπραγμονήσαντας,
3067 2693 3129 2747 τὸ
3189 2695 3445 2769 ἐκατέρου
3490 2695 3656 2758 τέλος
3689 2718 3792 2751 κα-

2129 2775 2496 2846 ταλαϐἐσθαι,
2549 2781 2639 2835 καὶ
2702 2782 2776 2854 μὴ
2854 2781 2946 2836 τὸν
3010 2784 3236 2846 θάνατον
3297 2786 3549 2857 ἡγεῖσθαι
3599 2787 3791 2845 κακόν,

2131 2894 2158 2921 ‹‹
2192 2872 2212 2888 ⁸
2242 2871 2345 2927 Οτε
2374 2871 2476 2945 γὰρ
2512 2867 2701 2925 δοῦλοι
2733 2870 2831 2938 ἦτε
2852 2877 2952 2938 τῆς
2982 2871 3273 2945 ἁμαρτίας,
3307 2895 3335 2923 ››
3367 2875 3533 2951 φησὶν
3565 2875 3789 2931 ὁἈπό-

2129 2957 2348 3025 στόλος,
2382 2982 2409 3010 ‹‹
2443 2958 2718 3032 ἐλεύθεροι
2749 2959 2847 3027 ἦτε
2878 2963 2945 3031 τῇ
2981 2957 3313 3034 δικαιοσύνῃ.
3341 2962 3466 3016 Τίνα
3516 2961 3613 3017 οῦν
3652 2984 3790 3039 καρ-

357 3067 494 3106 nem
523 3051 782 3122 pariunt,
813 3066 932 3104 non
957 3049 1159 3103 odium
1188 3065 1199 3102 :
1231 3048 1438 3102 vitium
1470 3065 1605 3119 ergo
1629 3064 1748 3102 non
1781 3053 1870 3103 est
1893 3047 2006 3113 lex,

2133 3048 2228 3100 n6v
2262 3045 2440 3122 εἶ’χετε
2469 3048 2614 3108 τότε,
2647 3048 2728 3126 ἐφ’
2759 3049 2842 3110 οἷς
2866 3053 2952 3101 νῦν
2983 3047 3375 3124 ἐπαισχύνεσθε
3407 3069 3422 3117 ς
3453 3052 3516 3106 τὸ
3542 3052 3644 3125 γὰρ
3696 3053 3782 3107 τὲ-

351 3157 418 3196 eo
455 3141 611 3211 quod
637 3141 908 3194 timorem
940 3145 1227 3210 procreet.
1263 3161 1290 3187 «
1344 3139 1532 3202 Quare
1591 3137 1685 3191 lex
1745 3144 1834 3192 est
1869 3154 2006 3191 san-

351 3237 462 3295 cta,
503 3253 530 3278 ››
564 3235 621 3283 et
641 3246 842 3283 revera
869 3251 896 3278 ‹‹
923 3227 1206 3299 spiritalis
1237 3228 1337 3295 (g),
1371 3247 1400 3279 »
1427 3243 1494 3280 ex
1530 3227 1825 3280 sententia
1857 3230 2009 3297 Apo-

349 3319 506 3374 stoli.
541 3320 783 3389 Oportet
811 3323 1031 3376 autem.
1065 3324 1129 3371 ut
1158 3322 1248 3370 est
1267 3321 1755 3382 consentaneum,
1785 3331 1920 3370 cum
1954 3321 2012 3370 et

353 3408 619 3478 corporis
640 3415 937 3472 naturam,
974 3411 1031 3459 et
1075 3406 1290 3460 animm
1322 3405 1643 3459 essentiam
1693 3404 2010 3476 diligenter

352 3496 826 3565 inquisierimus,
861 3495 1171 3564 utriusque
1208 3495 1386 3548 tinem
1421 3493 2006 3564 deprehendere,nec

349 3589 604 3639 mortem
627 3584 851 3638 malum
885 3601 1013 3638 esse
1059 3589 1286 3654 putare.
1328 3606 1346 3630 α
1386 3582 1630 3647 Quando
1664 3582 1822 3636 enim
1857 3581 2006 3636 servi

351 3672 529 3726 eratis
563 3673 807 3742 peccati,
839 3693 867 3720 »
899 3672 1095 3741 inquit
1150 3671 1486 3742 Apostolus,
1516 3693 1541 3719 α
1602 3671 1771 3725 liberi
1811 3671 2006 3725 fuistis

347 3761 612 3833 justitiaa.
647 3763 828 3825 Quem
863 3777 1000 3832 ergo
1033 3761 1291 3814 fructum
1327 3767 1468 3814 tunc
1497 3759 1790 3814 habuistis
1820 3775 1888 3814 ex
1911 3759 2003 3825 iis,

347 3856 590 3921 propter
617 3868 746 3920 quae
778 3867 936 3904 nunc
984 3850 1334 3904 erubescitis
1356 3851 1382 3904 ‘I
1413 3850 1549 3904 finis
1583 3850 1740 3904 enim
1767 3850 2007 3904 illorum

350 3944 442 3993 est
470 3955 651 3993 mors.
706 3941 868 3993 Nunc
901 3945 1098 3992 autem
1130 3938 1364 3992 liberati
1399 3955 1433 3993 a
1464 3945 1726 4010 peccato,
1761 3941 1877 3994 Deo
1900 3956 2006 3994 au-

353 4033 472 4082 tem
498 4028 649 4081 servi
677 4028 891 4091 effecti,
917 4026 1150 4080 habetis
1182 4027 1439 4081 fructum
1472 4033 1730 4083 vestrum
1772 4029 1832 4082 in
1867 4045 2008 4083 san-

353 4117 775 4172 ctiﬁcationem
806 4133 818 4182 ;
853 4116 1031 4170 finem
1059 4121 1276 4172 autem.
1325 4115 1502 4170 vitam
1553 4123 1858 4170 aeternam.
1893 4117 2008 4170 Sti-

353 4207 636 4279 pendium
671 4205 828 4260 enim
855 4205 1080 4276 peccati
1114 4220 1275 4258 mors
1297 4209 1418 4269 est;
1446 4205 1633 4274 gratia
1654 4211 1849 4258 autem
1879 4205 2003 4259 Dei.

2121 3134 2218 3197 λος
2273 3136 2491 3190 ἐκείνων
2551 3137 2799 3197 θάνατος·
2852 3141 2943 3190 νῦν
3005 3140 3115 3210 (16)
3175 3137 3260 3206 δὲ,
3322 3139 3782 3214 ἐλευθερωθέντες

2121 3223 2226 3277 ἀπὸ
2273 3231 2373 3292 τῆς
2426 3223 2716 3296 ἁμαρτίας,
2771 3223 3136 3290 δουλωθέντες
3188 3224 3245 3281 δὲ
3301 3233 3380 3299 τῷ
3429 3233 3570 3301 Θεῷ,
3623 3229 3784 3304 ἔχετε

2117 3313 2208 3366 τὸν
2241 3315 2447 3388 καρπὸν
2491 3314 2642 3386 ὑμῶν
2704 3313 2780 3376 εἰς
2841 3316 3131 3388 ἁγιασμόν,
3186 3317 3251 3371 τὸ
3305 3314 3362 3371 δὲ
3411 3317 3576 3381 τέλος
3636 3322 3788 3389 ζωήν

2119 3401 2360 3455 αἰώνιον·
2394 3404 2460 3457 τὰ
2510 3405 2610 3477 γὰρ
2641 3402 2852 3475 ὀψώνια
2897 3411 2998 3472 τῆς
3058 3403 3346 3478 ἁμαρτίας,
3401 3413 3656 3469 θάνατος·
3721 3410 3786 3464 τὸ

2119 3487 2175 3543 δὲ
2206 3490 2453 3562 7.αρισμα
2491 3495 2588 3544 τοῦ
2647 3496 2802 3560 Θεοῦ,
2840 3493 2952 3560 ζωὴ
3011 3492 3234 3556 αἰώνιος
3291 3493 3342 3547 ἐν
3400 3497 3628 3566 Χριστῷ
3661 3497 3778 3564 Ἰη-

2119 3584 2214 3633 σοῦ
2242 3583 2320 3650 τῷ
2351 3580 2534 3652 Κυρίῳ
2574 3582 2756 3652 ἡμῶν.
2814 3605 2840 3630 ι)
2904 3577 3213 3636 Κινδυνεύει
3251 3582 3434 3636 τοίνυν
3492 3581 3776 3659 δεδεῖχθαι

2116 3670 2342 3730 θάνατος
2378 3671 2472 3740 μὶν
2494 3669 2623 3723 εἶναι
2667 3672 2701 3738 ἡ
2765 3668 2815 3724 ἐν
2869 3672 3082 3742 σώματι
3141 3671 3400 3726 κοινωνία
3427 3675 3527 3736 τῆς
3562 3673 3775 3746 ψυχῆς,

2117 3759 2493 3830 άμαρτητικῆς
2527 3757 2710 3827 οὔσης,
2746 3760 2857 3827 ζωὴ
2920 3756 2978 3813 δὲ
3035 3760 3063 3813 6
3118 3761 3409 3833 χωρισμὸς
3454 3768 3556 3830 τῆς
3588 3763 3770 3834 ἀμαρ-

2113 3844 2252 3906 τίας.
2289 3844 2502 3902 Πολλοὶ
2525 3843 2583 3900 δὲ
2627 3848 2678 3900 οἱ
2711 3847 2762 3900 ἐν
2794 3847 2922 3902 ποσὶ
2983 3847 3220 3923 χάρακες
3277 3848 3369 3902 καὶ
3421 3848 3623 3924 τάφροι
3678 3859 3783 3921 τῆς

2118 3933 2431 4007 ἐπιθυμίας,
2462 3937 2527 3988 τά
2555 3956 2612 3989 τε
2642 3936 2813 4009 ὀργῆς
2853 3937 2942 3991 καὶ
3006 3942 3182 4010 θυμοῦ
3246 3939 3511 4013 βάραθρα,
3570 3938 3602 3994 ἃ
3661 3938 3781 3994 δια-

2114 4020 2292 4093 πηδᾷν
2325 4024 2557 4097 ἀνάγκη,
2616 4025 2706 4078 καὶ
2774 4031 2945 4080 πᾶσαν
3006 4026 3330 4103 ἀποφεύγειν
3385 4029 3486 4095 τὴν
3517 4033 3624 4083 τῶν
3661 4029 3782 4084 ἐπι-

2116 4107 2336 4168 ϐουλῶν
2359 4113 2678 4182 ἀνααευήν,
2709 4114 2802 4168 τὸν
2830 4114 3023 4188 μηκέτι
3056 4141 3084 4168 ιι
3141 4113 3208 4170 δι’
3263 4115 3530 4191 ἐσόπτρου
3571 4120 3686 4190 (17)
3748 4142 3776 4170 ι»

2114 4203 2212 4270 τήν
2239 4206 2437 4277 γνῶσιν
2460 4207 2556 4256 τοῦ
2597 4207 2730 4257 Θεοῦ
2759 4204 3159 4277 κατοψόμενον*

343 4297 464 4350 vita
493 4303 714 4351 aeterna
750 4295 810 4349 in
837 4293 1064 4348 Christo
1094 4294 1229 4347 Jesu
1250 4291 1499 4346 Domino
1527 4297 1729 4346 nostro
1775 4293 1874 4363 (ὴ).
1909 4315 1934 4342 ››
1966 4295 2077 4348 Res
2130 4294 2330 4364 itaque
2377 4309 2442 4347 eo
2474 4293 2704 4347 videtur
2747 4309 2876 4348 esse
2927 4294 3201 4360 deducta,
3233 4301 3299 4350 ut
3325 4302 3637 4352 ostensum
3675 4299 3771 4364 sit,

347 4392 598 4441 mortem
626 4383 868 4456 quidem
916 4401 1046 4438 esse
1093 4399 1222 4438 eam
1258 4381 1472 4436 animae
1502 4398 1636 4436 cum
1685 4398 1930 4452 corpore
1981 4382 2486 4453 conjunctionem,
2521 4399 2651 4453 qua:
2690 4389 2779 4437 est
2807 4383 3006 4438 dedita
3037 4391 3276 4455 peccato
3311 4406 3327 4451 ;
3359 4387 3540 4441 vitam
3571 4394 3772 4441 autem

345 4491 380 4528 a
414 4481 653 4545 peccato
686 4473 1142 4545 separationem.
1179 4471 1341 4525 Multi
1374 4476 1570 4526 autem
1599 4487 1708 4525 nos
1730 4470 2063 4541 impediunt
2092 4471 2226 4525 valli
2257 4478 2314 4525 et
2335 4473 2507 4527 fossa)
2538 4472 2900 4542 cupiditatis,
2925 4474 3146 4543 iraeque
3169 4479 3227 4528 et
3258 4475 3774 4530 excandescentia;

423 4645 486 4708 ›χ‹
515 4646 578 4699 Ρ.
609 4646 710 4698 568
770 4645 882 4699 ED.
919 4645 1210 4710 POTTER,
1236 4644 1478 4696 478-479
1502 4642 1612 4696 ΕΙ).
1648 4641 1988 4714 ΡΑΒιεημι)

2133 4658 2183 4695 ιι.
2221 4659 2300 4708 ιιι,
2323 4645 2410 4695 20.
2449 4643 2523 4712 (ὁ)
2556 4645 2724 4697 Rom.
2749 4660 2799 4705 v,
2837 4644 2922 4697 13.
2957 4645 3025 4714 (c)
3066 4646 3230 4700 Rom.
3264 4662 3361 4709 vn,
3393 4648 3445 4698 6.
3474 4647 3591 4714 ((1)1
3623 4647 3772 4702 Tim.

352 4716 583 4842 12,29.2(30)
617 4718 784 4772 Rom.
820 4733 943 4783 xm,
982 4717 1034 4785 8,
1072 4720 1158 4780 10,
1189 4717 1240 4769 9.
1279 4716 1344 4786 (f)
1377 4715 1511 4768 Luc.
1542 4731 1598 4781 x,
1622 4716 1709 4766 ‘27.
1745 4713 1924 4767 Matth
1979 4731 2114 4781 χχιι,
2148 4715 2236 4785 37,
2287 4716 2373 4768 39.
2435 4718 2514 4785 (g)
2567 4715 2733 4770 Rom.
2777 4733 2867 4782 vii,
2905 4713 3110 4784 12,14.
3141 4717 3218 4788 (Ιι)
3249 4718 3414 4771 Rom.
3449 4713 3648 4788 V5720,
3683 4723 3772 4787 21,

419 4961 526 5029 (1οὶ
561 4955 916 5029 Ἀντᾷδ-ομεν.
954 4962 1020 5014 Α,
1076 4959 1300 5014 mavult
1357 4952 1695 5029 ἀντᾴὸωμεν.
1730 4959 2000 5012 SYLBUBG.

423 5025 531 5097 (11)
566 5025 714 5083 ΙΙολῦ
748 5025 934 5099 δὲ’-ἔτι.
990 5025 1475 5085 Subaudiendum
1513 5025 1748 5099 μᾶλλον,
1783 5037 1885 5084 aut
1915 5029 2002 5083 le-

348 5101 619 5172 gendum,
642 5100 778 5172 πρὸς
809 5097 854 5152 δ’
887 5097 993 5172 ἔτι,ἱ
1021 5102 1180 5154 SvLB.

418 5175 528 5242 (12)
562 5165 814 5234 Ἠδέσαν,
845 5171 910 5224 Η.
946 5165 1170 5224 ἔδεισαν.
1209 5177 1566 5242 metuerent.
1600 5172 1759 5226 εγω.

421 5241 533 5312 (13)
562 5241 817 5325 Ὀιᾶγαπ.
853 5244 1018 5325 Βρῐξι.
1078 5259 1216 5325 Χηιᾲ
1659 5242 1880 5325 ἀγαπῶν
1904 5243 1998 5325 τὸν

345 5309 546 5388 ἕτερον,
579 5309 1138 5388 νόμω-πεπλήρωκε.
1175 5313 1469 5388 ΧΙΣ-1Ος11Δ
1494 5309 1716 5388 ἀγάπη
1751 5317 1830 5388 τῷ
1860 5312 2000 5388 πλης

347 5381 461 5441 σίον
494 5381 658 5442 κακὸν
717 5385 819 5456 οὐκ
876 5382 1170 5456 ἐργάζεται.
1228 5384 1299 5456 ν,
1351 5385 1401 5435 9.
1437 5381 1514 5438 Οὐ
1560 5381 1910 5456 μοιχεύσεις,
1938 5384 2000 5438 ού

385 5459 640 5524 ονεύσεις,
671 5456 732 5511 οὐ
760 5448 1003 5527 κλέψεις,
1025 5448 1116 5527 ίού
1170 5448 1732 5527 ψευδομαρτυρήσεις,
1765 5452 1862 5527 οὐκ
1892 5455 2003 5510 ἐπι-

385 5479 640 5524 ονευσεις,
671 5479 732 5511 ου
760 5479 1003 5527 κΛεψεις,
1056 5479 1116 5507 ου
1170 5479 1732 5527 ψευυυμαρτυρησεις,
1765 5479 1862 5508 ουκ
1892 5479 2002 5510 επι-

339 5479 630 5600 ξυμήσεις,
662 5528 753 5584 καὶ
788 5526 834 5583 έί
864 5548 946 5600 τις
979 5526 1136 5600 ἑτέρα
1195 5522 1414 5600 ἐντολὴ,
1450 5524 1500 5577 ἐν
1525 5525 1710 5600 τούτῳ
1746 5530 1825 5600 τῷ
1851 5523 2002 5600 λόγῳ

340 5594 863 5680 ἀνακεφαλῦιοῦται,
898 5597 949 5654 ἐν
982 5594 1084 5669 τῷ,
1116 5596 1446 5672 Ἀγαπήσεις
1485 5594 1577 5650 τὸν
1635 5594 1868 5667 πλησίον
1901 5594 2002 5653 σου

2113 4957 2187 5020 ὡς
2217 4955 2426 5012 ἑαυτόν.

2185 5031 2296 5106 (14)
2325 5027 2505 5106 ’Ὁλης
2527 5049 2648 5106 καρ.
2684 5027 2860 5099 Ὅλης
2885 5037 2985 5099 τῆς
3015 5051 3138 5104 καρ.
3166 5033 3440 5106 Evangel.

2188 5102 2299 5172 (15)
2335 5102 2510 5174 uaeas
2568 5103 2686 5157 Hoc
2710 5102 3137 5174 supervacuum
3181 5112 3286 5173 est,
3333 5102 3459 5159 nisi
3516 5112 3622 5162 aut
3668 5108 3773 5159 πά-

2115 5167 2242 5249 θους
2271 5167 2369 5225 τοῦ
2400 5167 2918 5249 φόϐου-γεννητικός
2977 5167 3283 5248 legamus,
3326 5183 3429 5232 aut
3466 5178 3640 5240 πάθος
3673 5181 3768 5232 τοῦ

2112 5237 2284 5319 φόϐου
2353 5237 2652 5313 εννητικόν.
2685 5237 2847 5302 δὶίιβ.

2182 5265 2453 5370 (16]1Ἱῦν.
2486 5315 2639 5370 Novi.
2675 5319 2842 5370 Rom.

2182 5318 2292 5382 (ιδ)
2324 5315 2453 5371 Νῦν.
2486 5315 2639 5380 Novi,
2675 5319 2842 5373 Rom.

2184 5388 2297 5457 (17)
2328 5389 2404 5462 Δι’
2437 5389 2724 5462 ἐσόπτρου.
2758 5390 3020 5462 Respicit
3045 5395 3091 5462 I_
3119 5391 3251 5462 Cor.
3285 5407 3424 5462 Διιιιι,
3489 5395 3594 5462 i2;
3629 5391 3766 5462 Βλέ-

2110 5475 2284 5534 πομεν
2316 5458 2415 5533 γὰρ
2449 5458 2567 5534 ἄρτι
2609 5457 2712 5534 ’δι”
2752 5457 3019 5534 ἐσόπτρου
3077 5459 3128 5514 ἐν
3185 5459 3486 5534 αἰνίγματι,
3531 5461 3658 5516 τότε
3709 5459 3766 5516 δὲ

2109 5527 2409 5599 πρόσωπον
2442 5527 2578 5607 πρὸς
2609 5527 2925 5605 πρόσωπονξ
