4066 6192
509 218 649 273 1227
1740 217 2153 284 CLEMENTIS
2187 215 2686 272 ALEXANDRINI
3747 231 3850 288 12-23

509 352 600 402 est
629 345 824 401 ﬁdelis
855 361 960 416 per
989 343 1373 399 dilectionem
1399 360 1412 411 ;
1446 342 1696 397 Domino
1729 347 1947 410 autem,
1999 358 2086 412 qui

2195 345 2240 410 Α
2270 339 2483 393 πιστόν·
2517 342 2594 412 τῷ
2627 336 2674 394 δ’
2722 337 2787 393 αὖ
2845 340 3037 415 Κυρίῳ
3092 341 3191 409 τήν
3253 338 3434 406 ἔνθεον
3477 344 3609 420 πρὸς
3637 348 3719 416 τήν
3744 349 3850 408 aea.

509 437 694 508 ipsius
727 434 1011 490 doctrinae
1042 434 1241 489 divina
1269 433 1667 506 persuadendi
1688 433 1771 487 vis
1793 433 1955 501 insit,
1979 449 2013 488 a
2038 450 2086 503 qi

2266 425 2492 483 σκαλίαν
2547 428 2744 499 πειθὼ,
2801 431 2866 498 ἧς
2926 427 3025 484 οὐκ
3080 429 3449 501 ἀποστὴσεται
3483 432 3698 491 θανάτου
3723 438 3848 517 φόϐην

508 541 582 580 ne
613 529 776 579 metu
815 522 1057 594 quidem
1087 524 1297 579 mortis
1327 523 1600 579 deﬁciet:
1633 522 1962 594 quinetiam
1999 522 2086 576 fac

2263 517 2349 570 ναὶ
2387 517 2493 589 μὴν
2554 515 2644 571 καὶ
2698 521 2796 572 τοῦ
2856 517 3210 594 κηρύγματος
3269 521 3370 589 τήν
3431 520 3680 594 ἀλήθειαν
3702 515 3853 602 συμϐέ.

507 613 822 670 conﬁrmat
851 613 1158 668 veritatem
1189 613 1652 684 praedicationis,
1684 617 1986 684 potentem
2017 629 2086 666 eu

2262 599 2414 660 ϐαιοῖ
2444 601 2611 681 ἔργῳ,
2647 603 2872 661 δυνατὸν
2923 607 3059 662 εἶναι
3112 608 3328 672 δεικνὺς
3357 611 3449 665 τὸν
3489 613 3626 688 πρὸς
3655 615 3704 670 ὅν
3730 599 3853 674 cari-

507 719 636 758 esse
670 703 1012 770 ostendens,
1046 703 1118 758 ad
1152 719 1328 774 quem
1359 702 1682 758 contendit.
1709 701 1934 757 Mireris
1956 707 2086 757 aute

2263 691 2341 749 δει
2373 697 2524 752 Θεόν.
2557 697 2872 769 Θαυμάσαις
2929 696 2987 751 ἓν
3043 699 3143 766 τήν
3197 700 3409 775 ἀγάπην
3449 700 3634 774 αὐτοῦ,
3663 706 3723 774 ἣν
3743 705 3855 783 Evag-

505 794 636 865 ejus
665 793 1068 860 dilectionem,
1103 809 1280 862 quam
1311 792 1484 847 docet
1513 791 1837 862 evidenter,
1871 791 2012 846 dum
2053 808 2081 846 c

2259 787 2369 858 γῶς
2427 781 2668 839 διδάσκει
2723 784 3061 861 εὐχαρίστως
3119 787 3408 860 ἑνούμενος
3461 791 3597 866 πρὸς
3636 793 3692 846 τὸ
3719 781 3856 872 cru-ne.

501 889 675 956 gnato
709 882 949 954 quidem
981 882 1182 955 generi
1211 887 1374 954 grato
1405 882 1604 936 animo
1637 881 1860 950 unitur,
1893 886 1949 936 et
1971 881 2086 936 etia

2259 872 2367 941 νὶς,
2401 871 2463 927 οὐ
2498 874 2606 945 μὴν
2640 872 2785 929 ἀλλά
2813 874 2902 928 καὶ
2945 879 3025 946 τῷ
3073 875 3244 950 τιμίῳ
3276 876 3467 950 α’ίματι
3496 879 3623 942 τοὺς
3654 871 3857 948 ἀπίστους

501 973 763 1044 pretioso
797 972 1084 1045 sanguine
1117 972 1278 1042 ipsos
1308 971 1583 1026 inﬁdeles
1612 970 1838 1042 pudore
1867 970 2069 1025 afﬁcit.

2259 957 2548 1019 δυσωπῶν.
2587 962 2758 1024 Οὗτος
2791 961 2883 1017 οὖν
2917 959 3072 1040 φόϐῳ
3118 965 3181 1020 τὸ
3232 967 3502 1041 ἀρνεῖσθαι
3539 974 3642 1043 (27)
3674 977 3853 1046 Χριστὸν

501 1079 637 1134 ergo
669 1066 832 1117 metu
861 1066 1105 1133 propter
1137 1066 1501 1132 praeceptum
1544 1060 1804 1116 declinat
1849 1059 2085 1116 Christu

2258 1047 2346 1104 διά
2365 1051 2464 1119 τὴν
2500 1048 2729 1121 ἐντολὴν
2759 1051 3018 1122 ἐκκλίνει,
3064 1051 3158 1108 ἵνα
3201 1051 3267 1124 δὴ
3321 1051 3476 1133 φόϐῳ
3510 1060 3706 1134 μάρτυς
3733 1063 3856 1136 γένη-

499 1167 735 1223 negare,
777 1156 843 1206 ut
884 1150 1069 1206 metui
1113 1151 1214 1206 ﬁat
1261 1151 1447 1205 testis.
1505 1149 1616 1205 Sed
1664 1165 1858 1221 neque
1906 1154 2086 1222 proptr

2255 1157 2361 1192 ται·
2405 1139 2469 1194 οὐ
2521 1139 2630 1212 μὴν
2680 1137 2806 1195 ούδὶ
2856 1139 3044 1196 ἐλπίδι
3094 1139 3310 1217 δωρεῶν
3366 1147 3765 1222 ἡτοιμασμένων
3789 1173 3858 1207 πι-

501 1257 668 1312 spem
699 1239 993 1295 donorum
1023 1244 1368 1312 paratorum
1401 1239 1580 1295 ﬁdem
1608 1239 1848 1295 vendit:
1873 1238 1976 1295 sed
2009 1257 2086 1310 pr!

2253 1225 2508 1302 πράσκων
2537 1229 2634 1297 τὴν
2664 1228 2867 1299 πίστιν,
2900 1229 3082 1306 ἀγάπῃ
3122 1229 3181 1286 δὲ
3221 1233 3357 1308 πρές
3385 1235 3476 1290 τὸν
3512 1236 3698 1314 Κύριον
3729 1241 3861 1314 ἄσμε-

497 1334 631 1400 pter
660 1345 829 1384 suam
860 1327 919 1384 in
951 1328 1270 1384 Dominum
1303 1328 1706 1398 dilectionem,
1729 1328 2086 1383 lubentissin

2251 1314 2480 1372 νέστατα
2529 1315 2689 1373 τοῦδε
2743 1323 2840 1373 τοῦ
2898 1319 3020 1393 βίου
3079 1319 3506 1394 ἀπολυθήσεταιο
3572 1326 3720 1402 χάριν
3758 1329 3859 1393 ἴσως

499 1418 608 1473 hac
639 1417 754 1473 vita
785 1417 1163 1482 exsolvetur;
1194 1417 1421 1473 habens
1470 1418 1649 1474 etiam
1696 1417 1965 1490 gratiam,
2008 1433 2080 1472 cu

2251 1404 2452 1478 καὶτῷ
2481 1407 2581 1476 τήν
2622 1407 2800 1492 αἰτίαν
2847 1410 3262 1484 παρασχομένῳ
3308 1419 3408 1482 τῆς
3458 1413 3663 1479 ἐνθένδε
3689 1417 3856 1492 ἐξόδου,

496 1507 570 1575 ei,
605 1509 706 1578 qui
739 1525 980 1563 causam
1009 1507 1264 1578 praabuit
1293 1508 1434 1563 hinc
1467 1507 1747 1578 exeundi,
1772 1513 1899 1563 tum
1931 1507 2004 1572 ei,
2041 1525 2086 1579 qi

2250 1493 2340 1549 καὶ
2389 1499 2497 1582 τῷν,
2525 1496 2625 1565 τήν
2681 1491 2983 1582 ἐπιβουλὴν
3042 1502 3428 1575 τεχνασαμένῳ
3458 1503 3723 1578 ἐγνωκὼς,
3752 1491 3858 1582 πρόέ

493 1595 608 1666 ipsi
639 1585 898 1650 molitu!
915 1601 1005 1650 est
1024 1595 1316 1663 insidias;
1367 1595 1524 1666 quod
1570 1595 1643 1650 ab
1691 1595 1784 1650 his
1823 1596 2086 1650 honesta]

2251 1605 2409 1661 φασιν
2443 1581 2674 1660 εὔλογον
2709 1581 2917 1659 λαϐὼν,
2962 1588 3029 1658 ἢν
3063 1587 3163 1643 οὐκ
3193 1591 3355 1653 αὐτὸς
3385 1593 3676 1669 παρέσχεν,
3705 1597 3855 1652 ἑαυτὸν

494 1683 722 1755 accepit
751 1684 903 1739 206
937 1684 1332 1749 occasionem,
1358 1701 1536 1755 quam
1558 1685 1684 1756 ipse
1710 1701 1830 1740 non
1862 1684 2086 1756 przebui

2195 1709 2220 1774 Β
2252 1670 2512 1746 ἐπιδεῖξαι
2545 1673 2603 1736 ὅς
2632 1673 2767 1744 ἐστι,
2817 1680 2897 1748 τῷ
2961 1677 3057 1749 μέν
3116 1675 3186 1732 δι’
3247 1680 3554 1754 ὑπομονῆς,
3586 1681 3653 1739 δι’
3675 1685 3857 1760 ἀγάπης

493 1774 754 1845 seipsum
785 1773 1135 1830 ostendendi
1182 1775 1458 1845 quisnam
1491 1775 1603 1842 sit;
1638 1774 1726 1829 illi
1757 1775 1999 1846 quidem
2037 1793 2086 1846 p1

2195 1760 2220 1774 “’
2252 1760 2311 1819 δὲ
2359 1767 2562 1838 Κυρίῳ,
2597 1763 2666 1820 δι’
2697 1769 2763 1835 ἧς
2795 1763 3134 1823 ἀνεδείκνυτο
3187 1775 3269 1842 τῷ
3325 1771 3515 1846 Κυρίῳ
3546 1775 3632 1828 καὶ
3661 1777 3860 1851 πρὸτῆς

492 1863 890 1932 tolerantiam,
927 1864 1175 1919 Domino
1208 1880 1341 1919 vero
1375 1881 1481 1935 per
1512 1863 1862 1920 charitatem
1891 1880 1904 1918 :
1949 1863 2011 1927 ᾖ(
2036 1881 2086 1935 ρι

2249 1854 2514 1928 γενέσεως
2545 1855 2644 1924 τήν
2704 1855 3019 1932 προαίρεσιν
3077 1861 3177 1912 τοῦ
3231 1879 3674 1935 μαρτυρησαντος
3702 1865 3858 1924 εἰδότι.

492 1969 670 2023 quam
701 1953 876 2008 etiam
906 1959 1229 2024 antequam
1259 1958 1605 2008 nasceretur
1634 1953 1984 2010 manifestus
2015 1970 2086 2010 er;

2249 1941 2601 2017 Εύθαρσήσας
2655 1942 2842 1999 τοίνυν
2905 1945 3041 2018 πρὸς
3098 1943 3258 2019 φίλον
3290 1949 3381 2004 τὸν
3408 1952 3633 2026 Κύριον,
3669 1955 3786 2027 ὑπὲρ
3811 1956 3859 2010 οὗ

491 2043 760 2108 Domino,
794 2043 895 2112 qui
926 2047 1065 2096 tunc
1098 2043 1225 2114 ejus
1257 2043 1625 2113 propositum
1648 2042 1828 2110 novit,
1854 2043 1955 2113 qui
1989 2059 2086 2098 ma

2246 2031 2335 2086 καὶ
2363 2031 2425 2086 τὸ
2459 2036 2620 2105 σῶμα
2651 2031 2786 2088 ἑκὼν
2821 2031 3171 2104 ἐπιδέδωκεν,
3225 2039 3365 2112 πρὸς
3413 2036 3470 2094 δὲ
3518 2042 3608 2095 καὶ
3657 2046 3745 2113 τήν
3774 2048 3859 2117 ψυ-

493 2131 711 2201 tyrium
743 2147 1026 2200 passurus
1055 2131 1227 2185 foret.
1273 2133 1434 2186 Bono
1483 2132 1682 2202 itaque
1731 2132 1930 2187 animo
1981 2149 2086 2188 ven

2247 2121 2380 2195 χὴν,
2412 2121 2487 2185 ὡς
2520 2122 2576 2175 οἱ
2625 2119 2872 2177 δικασταὶ
2930 2121 3364 2200 προσεδόκησαν,
3395 2125 3639 2203 ἔρχεται,
3671 2157 3696 2182 ‹‹
3727 2133 3857 2208 φίλε-

490 2219 561 2273 ad
594 2220 850 2274 amicum
882 2219 1219 2286 Dominum,
1251 2237 1356 2291 pro
1392 2237 1506 2292 quo
1561 2226 1619 2274 et
1673 2237 1907 2292 corpus,
1958 2226 2086 2292 atqu

2243 2209 2530 2284 κασίγνητε
2584 2234 2612 2262 ››
2669 2216 2974 2282 ποιητικῶς
3031 2234 3095 2287 γε
3156 2217 3264 2287 (28)
3319 2216 3556 2280 ἀκούσας
3612 2221 3738 2293 πρὸς
3779 2227 3855 2276 τοῦ

489 2309 688 2376 etiam,
721 2307 1040 2378 utjudices
1083 2308 1420 2378 sperabant,
1455 2308 1716 2363 animam
1763 2309 2027 2374 tradidit,
2077 2330 2086 2362 ι

2245 2304 2504 2374 Σωτῆρος
2527 2301 2714 2372 ἡμῶν,
2747 2297 2838 2355 διὰ
2864 2301 2962 2369 τὴν
3011 2305 3109 2356 τοῦ
3168 2303 3288 2374 βίου
3330 2305 3654 2378 ὁμοιότητα.
3684 2309 3855 2366 Αὐτίκα

482 2413 517 2450 a
547 2397 849 2452 Servatore
879 2401 1104 2462 nostro,
1135 2419 1161 2445 υ
1199 2413 1231 2450 o
1262 2396 1445 2451 frater
1477 2395 1710 2464 dilecte,
1748 2418 1770 2447 ι
1826 2403 1892 2452 ut
1939 2399 2086 2453 dicar

2244 2413 2269 2441 (ι
2293 2387 2575 2445 τελείωσιν
2601 2415 2622 2441 ι
2648 2391 2710 2446 τὸ
2737 2391 3032 2466 μαρτύριον
3055 2391 3355 2467 καλοῦμεν,
3386 2397 3498 2472 οὐχ
3520 2399 3602 2453 ὅτι
3621 2424 3648 2450 ‹‹
3673 2402 3847 2461 τέλος.

476 2484 728 2556 poetice,
757 2490 1001 2556 propter
1030 2485 1160 2539 vita)
1213 2485 1669 2541 similitudinem
1717 2487 2086 2557 compellatm

2238 2482 2335 2532 τοῦ
2369 2478 2493 2554 βίου
2524 2480 2551 2534 ὁ
2584 2477 2870 2554 ἅνθρωπος
2899 2476 3117 2552 ἔλαϐεν,
3169 2483 3242 2545 ὡς
3297 2484 3349 2538 οἱ
3398 2482 3617 2557 λοιποὶ,
3647 2487 3761 2544 ἀλλ’
3785 2489 3851 2544 ὅτι

475 2575 588 2628 Nos
602 2579 835 2629 autem«
845 2574 1420 2629 consummationem
1432 2590 1739 2629 nvocamus
1756 2576 2086 2647 martyriun

2240 2565 2497 2623 «τέλειον
2533 2591 2561 2619 ››
2592 2565 2747 2644 ἔργον
2804 2569 3016 2644 ἀγάπης
3073 2569 3394 2645 ἐνεδείξατο·
3426 2577 3515 2630 καὶ
3573 2578 3624 2631 οἱ
3661 2577 3849 2632 παλαιοὶ

475 2679 597 2718 non
631 2662 789 2734 quod
820 2663 950 2717 vita;
974 2682 1006 2716 α
1028 2663 1208 2718 ﬁnem
1234 2685 1262 2712 ››
1285 2663 1462 2718 homo
1485 2664 1802 2734 acceperit,
1827 2671 1892 2718 ut
1912 2665 2086 2736 relin

2238 2651 2296 2708 δὲ
2323 2660 2430 2710 τῶν
2463 2662 2591 2732 παρ’
2641 2655 2902 2727 Ἕλλησι,
2956 2663 3063 2713 τῶν
3123 2658 3176 2714 έν
3238 2659 3470 2736 πολέμῳ
3521 2664 3846 2729 έπιθανόντων

471 2751 819 2822 loquuntur,
837 2750 938 2806 sed
954 2751 1112 2823 quod
1127 2751 1498 2823 «perfectum
1518 2768 1586 2807 ac
1603 2759 2081 2809 consummatum

2233 2744 2331 2812 τὴν
2363 2743 2622 2814 τελευτὴν
2655 2745 2960 2801 ἐπαινοῦσιν
3011 2750 3146 2821 (29),
3195 2748 3258 2804 οὐ
3305 2751 3370 2806 τὸ
3412 2752 3607 2827 βιαίως
3644 2756 3848 2824 ἀποθνή-

471 2856 620 2911 opus
637 2839 967 2895 ostenderit
983 2840 1311 2896 charitatis.
1332 2841 1665 2908 Quinetiam
1687 2842 1868 2896 Graeci
1889 2857 2086 2914 quoqu

2235 2855 2378 2888 σκειν
2410 2830 2905 2908 συμϐουλεύοντες,
2931 2835 3060 2891 ἀλλ’
3088 2837 3174 2892 δτι
3204 2839 3232 2894 ὁ
3261 2841 3397 2895 κατά
3417 2840 3668 2916 πόλεμον
3696 2843 3845 2897 τελευ-

470 2933 694 2983 veteres
725 2927 970 2984 laudant
1002 2929 1180 2984 ﬁnem
1214 2945 1444 2998 eorum,
1476 2929 1578 3000 qui
1604 2929 1825 2984 mortui
1874 2937 2015 2985 sunt
2060 2932 2086 2985 i1

2230 2927 2338 2977 τῶν
2371 2921 2534 2993 ἀδεής
2587 2929 2682 2979 τοῦ
2739 2926 2915 2980 θανεῖν
2973 2925 3350 3000 ἀπήλλακται,
3411 2929 3843 3003 ἀποτμηθείςτοῦ

469 3016 647 3084 bello,
681 3034 798 3072 non
835 3017 1078 3089 quidem
1108 3024 1360 3074 mortem
1407 3018 1725 3074 suadentes
1773 3019 2086 3076 violentam

2231 3013 2506 3085 σώματος,
2537 3013 2627 3068 καὶ
2659 3012 2724 3068 οὐ
2777 3015 3078 3090 προκαμὼν
3133 3019 3202 3090 τῇ
3261 3020 3440 3093 ψυχῇ,
3474 3018 3603 3074 οὐδὲ
3629 3041 3845 3093 καταμα-

470 3106 571 3160 sed
603 3079 762 3177 quod
802 3079 900 3177 qui
925 3107 985 3161 in
1016 3107 1172 3162 bello
1201 3107 1379 3162 vitam
1412 3109 1564 3176 ﬁnit,
1599 3113 1850 3165 mortem
1893 3127 2012 3164 non
2045 3111 2084 3165 ti

2229 3099 2527 3172 λακισθεῖς,
2561 3106 2649 3158 οἷα
2679 3101 2802 3178 περὶ
2847 3103 2944 3164 τάς
3001 3104 3192 3166 νόσους
3247 3108 3557 3182 πάσχουσιν
3587 3111 3639 3164 οἱ
3666 3107 3842 3185 ἄνθρω-

466 3211 636 3250 mens
667 3196 948 3263 recessit;
983 3201 1322 3267 amputatus
1353 3213 1621 3269 corpore,
1646 3215 1780 3252 cum
1810 3215 1919 3253 nec
1949 3199 2082 3269 priu

2221 3211 2336 3245 ποι·
2387 3190 2827 3247 ἀπαλλάττονται
2869 3194 2972 3267 γὰρ
3027 3194 3456 3268 θηλυκευόμενοι
3509 3199 3597 3253 καὶ
3647 3200 3840 3272 ἱμειρό-

462 3285 660 3339 animo
693 3284 1040 3352 laborasset,
1076 3301 1184 3340 nec
1218 3285 1518 3340 emollitus
1553 3291 1728 3354 esset,
1764 3291 1829 3340 ut
1869 3286 2021 3342 solet
2051 3287 2086 3343 i1

2223 3285 2503 3353 μενοιτοῦ
2531 3286 2650 3355 ζῇν·
2710 3279 2798 3336 διὰ
2851 3286 3020 3337 ταῦτα
3078 3281 3201 3338 οὐδὲ
3257 3286 3497 3360 καθαρὰν
3542 3285 3841 3343 ἀπολύουσιν

460 3374 686 3430 morbis
715 3375 980 3430 accidere
1014 3376 1394 3443 hominibus;
1443 3376 1730 3431 recedunt
1761 3377 1918 3431 enim
1967 3379 2086 3432 effe

2216 3371 2315 3439 τὴν
2344 3371 2549 3446 ψυχὴν,
2597 3369 2724 3426 ἀλλ’
2783 3371 2964 3445 ὥσπερ
3027 3368 3367 3444 μολυϐδίδας
3397 3379 3515 3447 (30)
3545 3377 3637 3438 τὰς
3680 3377 3842 3440 ἐπιθυ-

458 3462 667 3516 minati
699 3469 757 3516 et
785 3463 974 3518 vivere
1005 3465 1352 3534 cupientes;
1387 3469 1444 3520 et
1475 3464 1608 3519 ideo
1659 3481 1852 3535 neque
1896 3480 2086 3536 puran

2220 3459 2346 3532 μίας
2380 3462 2497 3532 μεθ⁹
2529 3461 2727 3529 ἑαυτῆς
2759 3461 3086 3538 φερομένην,
3135 3461 3180 3516 εἰ
3228 3465 3304 3536 μή
3352 3484 3498 3526 τινες
3538 3466 3738 3521 τούτων
3763 3465 3839 3521 έλ-

455 3550 1036 3620 emittuntanimam,
1058 3553 1160 3608 sed
1179 3571 1309 3625 qua)
1333 3554 1710 3625 cupiditates,
1733 3555 1911 3609 veluti
1935 3561 2086 3612 nota:

2216 3546 2446 3625 λόγιμοι
2474 3552 2592 3605 κατ’
2639 3551 2836 3627 ἀρετὴν
2890 3552 3198 3626 γεγόνασιν.
3232 3553 3354 3610 Eia?
3387 3552 3443 3610 δὲ
3474 3558 3571 3611 καὶ
3602 3555 3653 3612 οἵ
3683 3556 3731 3611 ἐν
3754 3578 3838 3610 πο-

451 3638 782 3710 plumbeas,
819 3658 1019 3696 secum
1052 3644 1242 3711 effert,
1274 3644 1391 3698 nisi
1431 3643 1657 3698 fuerint
1685 3660 1888 3699 eorum
1919 3646 2104 3717 aliqui

451 3728 664 3783 virtute
694 3735 1069 3800 praestantes.
1115 3733 1331 3787 Eorum
1363 3738 1583 3796 autem,
1618 3735 1718 3804 qui
1767 3735 2106 3790 moriuntur

453 3816 514 3870 in
583 3817 762 3886 bello,
839 3819 1122 3874 nonnulli
1181 3837 1315 3876 cum
1391 3821 1814 3893 cupiditatibus
1890 3841 1920 3880 e
1987 3825 2105 3881 vita

453 3911 686 3971 exeunt,
723 3905 882 3975 quod
914 3907 1160 3977 perinde
1193 3915 1284 3962 est
1313 3925 1379 3964 ac
1429 3910 1476 3964 si
1525 3911 1730 3967 morbo
1782 3913 2100 3968 contabue-

448 3998 600 4049 rant.
637 3993 691 4047 Si
725 3999 921 4049 autem
957 3996 1074 4050 Deo
1110 3997 1380 4052 conﬁteri
1410 3999 1484 4052 sit
1527 4001 1897 4072 martyrium,
1934 4019 2099 4073 quae-

446 4099 683 4154 cunque
707 4083 909 4138 anima
938 4101 1083 4155 pure
1118 4101 1250 4139 cum
1275 4086 1574 4158 agnitione
1597 4090 1699 4143 Dei
1723 4090 1899 4144 vitam
1927 4091 2100 4146 insti-

442 4172 556 4227 tuit
587 4178 644 4228 et
671 4173 984 4246 praeceptis
1010 4173 1227 4244 paruit,
1254 4191 1321 4229 ea
1343 4174 1586 4246 quidem
1610 4177 1726 4232 vita
1749 4183 1807 4232 et
1824 4195 2096 4236 sermone

439 4266 530 4316 est
558 4267 801 4333 martyr,
837 4262 1375 4334 quomodocunque
1427 4262 1718 4319 liberetur
1747 4281 1781 4320 a
1809 4283 2052 4338 corpore
2079 4287 2092 4324 :

437 4350 616 4405 ﬁdem
630 4351 877 4419 scilicet,
896 4357 1179 4423 tanquam
1201 4353 1576 4425 sanguinem,
1595 4370 1702 4424 per
1715 4361 1899 4410 totam
1915 4357 2093 4414 vitam

2216 3637 2371 3711 λέμῳ
2430 3641 2546 3712 μετ’
2604 3639 2906 3714 ἐπιθυμιῶν
2969 3643 3428 3713 ἀποθνήσκουσιν,
3493 3643 3651 3701 οὗδὶν
3709 3645 3834 3700 οὗτοι

2213 3724 2578 3803 διαφέροντες,
2611 3727 2656 3783 εί
2705 3729 2796 3783 καὶ
2847 3729 2994 3802 νόσῳ
3049 3732 3536 3804 κατεμαραίνοντο.
3594 3735 3657 3792 Ei
3681 3734 3832 3789 τοίνυν

2210 3818 2243 3885 ἡ
2279 3817 2413 3892 πρὸς
2445 3818 2572 3871 Θεὸν
2615 3815 2888 3892 ὁμολογία
2949 3821 3218 3894 μαρτυρία
3265 3819 3401 3890 ἐστὶ,
3449 3829 3599 3878 πᾶσα
3631 3826 3665 3892 ἡ
3693 3825 3835 3877 καθαο

2211 3910 2320 3979 ρῶς
2347 3904 2785 3977 πολιτευσαμένη
2832 3909 2986 3982 ψυχή
3041 3910 3157 3981 μετ’
3204 3908 3554 3987 ἐπιγνώσεως
3583 3912 3676 3968 τοῦ
3702 3917 3834 3977 Θεοῦ,

2207 3998 2392 4064 ἡταῖς
2450 3993 2696 4057 ἐντολαῖς
2755 3994 3114 4066 ἐπακηκουῖα,
3179 3999 3383 4073 μάρτυς
3439 3999 3555 4057 ἐστέ
3614 4002 3698 4056 καὶ
3748 4002 3834 4078 βίῳ

2205 4083 2295 4139 καὶ
2345 4083 2518 4160 λόγῳ,
2570 4084 2718 4145 ὅπως
2775 4086 2908 4140 ποτὲ
2961 4089 3058 4140 τοῦ
3117 4088 3370 4160 σώματος
3415 4089 3832 4160 ἀπαλλάττηται’

2206 4175 2320 4228 οἷον
2355 4175 2493 4246 αἷμα
2538 4174 2636 4242 τὴν
2687 4173 2868 4228 πίστιν
2925 4175 3023 4228 ἀνὰ
3070 4177 3166 4231 τὸν
3219 4175 3336 4249 βίον
3369 4179 3604 4248 ἃπαντα,
3635 4180 3762 4254 πρὸς
3788 4175 3834 4232 δὲ

2203 4263 2290 4316 καὶ
2323 4263 2422 4329 τήν
2455 4259 2635 4334 ἔξοδον
2693 4261 3062 4338 προσχέουσα.
3119 4263 3323 4322 Αὐτίκα
3367 4267 3394 4320 ὁ
3444 4267 3654 4343 Κύριος
3692 4267 3738 4322 ἐν
3767 4271 3834 4338 τῷ

2203 4351 2525 4427 Εὐαγγελίῳ
2555 4350 2741 4428 φησίν.
2775 4376 2802 4402 ‹‹
2848 4356 2942 4413 ⁸ος
2992 4352 3049 4408 ἂν
3083 4353 3385 4430 καταλείψῃ
3414 4358 3640 4432 πατέρα,
3671 4358 3704 4426 ἢ
3732 4377 3830 4428 μη·

435 4443 494 4492 et
524 4440 700 4494 etiam
731 4440 792 4495 in
819 4441 999 4508 exitu,
1051 4440 1442 4512 profundens.
1472 4443 1598 4496 Jam
1629 4441 1773 4498 dicit
1804 4445 2086 4501 Dominus

2195 4442 2344 4519 τέρα,
2444 4438 2738 4518 ἀδελφοὺς,
2771 4465 2799 4494 ››
2831 4441 2921 4496 καὶ
2951 4442 3019 4497 τά
3048 4442 3192 4514 ἑξῆς,
3229 4466 3253 4497 ι
3276 4440 3451 4500 ἵνεκεν
3487 4451 3588 4500 τοῦ
3615 4445 3830 4522 Εὐάγγε-

432 4527 493 4582 iu
525 4529 834 4602 Evangelio
861 4545 874 4584 :
900 4552 927 4579 «
960 4529 1068 4595 Qui
1091 4529 1403 4602 reliquerit
1418 4536 1668 4602 patrem,
1695 4532 1787 4588 vel
1809 4539 2081 4604 matrem,

499 4690 562 4754 ἦ(
583 4689 646 4744 Ρ.
679 4693 782 4744 570
814 4691 925 4746 ΕΙ).
955 4691 1250 4758 POTTER,
1284 4693 1388 4746 480
1415 4693 1525 4747 ED.
1560 4693 1785 4749 PARIS.

502 4838 611 4924 (27)
641 4836 816 4924 Οιξξος
839 4835 939 4924 ὀὗν
1000 4833 1158 4924 φόξῳ
1334 4839 1422 4913 ἀρ.
1456 4841 1642 4924 Scribi
1673 4845 1879 4914 possit,
1918 4843 2078 4924 οὗτος

432 4902 522 4988 εον
552 4902 616 4988 ςτᾷ
645 4903 916 4988 φόϐῳᾶρ.
965 4902 1151 4967 «ἸΙΙὲ
1204 4902 1396 4988 ίξζίίυέ-
1441 4902 1689 4988 propter
1714 4902 2076 4988 praeceptum

431 4976 728 5054 Christum
759 4976 832 5034 ob
859 4976 1083 5037 metum
1119 4976 1333 5054 negare
1365 4976 1644 5051 declinat,
1673 4976 1845 5043 n'etc.

499 5047 613 5116 (28)
659 5052 994 5133 Ποιητικῶςη
1029 5072 1107 5107 τε.
1170 5047 1736 5133 Βῇῐὶυεῄποιητικῶς
1765 5079 1844 5133 γε,
1877 5065 1980 5115 aut
2017 5057 2076 5133 τέ

427 5133 789 5197 supervacua
817 5129 928 5197 est.
963 5123 1234 5197 Syriacae}
1269 5156 1346 5197 7—7
1372 5123 1683 5196 ποιητικῶς
1729 5123 1804 5197 τί,
1829 5123 2075 5186 Ἠθὶηείί

421 5192 970 5272 et'eo‘posteriores
1002 5192 1507 5272 e_ditt_._exhib_ent.'
1530 5201 1710 5254 Porro
1743 5192 1895 5257 hanc
1920 5220 2075 5258 com-

415 5260 806 5333 pellationem
841 5265 1114 5333 superius
1147 5267 1520 5323 Homericam
1549 5272 1787 5327 vocavit.

453 5336 596 5413 .(29)
646 5331 1023 5413 ςίζίιταινοῦὶτινΖ
1087 5337 1490 5413 QuantOpere_
1538 5340 1761 5413 laudati
1828 5344 2072 5413 fuerint,

414 5405 517 5474 qui
551 5405 612 5460 in
646 5405 802 5462 bello
857 5405 1337 5465 occubuissentf
1365 5408 1627 5465 declarat
1683 5412 1932 5474 insignis
1972 5405 2075 5472 illa

414 5477 659 5533 Periclis
691 5479 880 5534 oratio
914 5479 1068 5550 apud
1103 5478 1363 5551 Thucyd.
1425 5480 1528 5534 lib.
1590 5499 1652 5550 ιι,
1714 5491 1771 5539 et
1803 5477 2073 5544 Platonis

416 5551 714 5607 sententia
742 5552 802 5608 in
831 5555 1148 5609 Menexeno.
1177 5554 1242 5608 Β.
1278 5551 1550 5607 SYLBURG.

487 5619 599 5691 (30)
664 5622 867 5697 Ὥσπερ
954 5617 1312 5696 μολυϐδίδας.
1395 5623 1703 5681 Platonem
1783 5629 2068 5687 imitatur.

2195 4531 2322 4588 λίου
2352 4529 2443 4585 καὶ
2492 4533 2590 4585 τοῦ
2620 4529 2889 4603 ὀνόματός
2951 4551 3078 4604 μου,
3142 4555 3171 4583 ››
3231 4535 3502 4609 μακάριος
3546 4535 3744 4590 οὑτοσί·
3775 4531 3827 4587 ού

2189 4846 2333 4936 ξίφη
2355 4843 2458 4936 ille
2481 4841 2847 4936 haud'longe
2861 4844 2932 4936 ab
2945 4843 3084 4936 init.
3107 4843 3210 4936 lib.
3236 4862 3305 4934 vn
3335 4849 3410 4901 De
3427 4849 3824 4936 rgmb.,p.§9§,

2188 4916 2528 4993 ait£_To§to
2591 4913 2791 4993 μέντοι
2822 4914 2884 4968 τὸ
2941 4922 3043 4984 τῆς
3098 4914 3360 4993 τοιαύτης
3403 4913 3728 4993 θύσεως,ᾊί
3770 4913 3820 4969 ἐκ

2184 4983 2378 5066 παιδὸς
2411 4983 2566 5066 εὐρὺς
2592 4983 2981 5066 ’κοπτόμενηονζ
3002 4983 3323 5066 περιεκόπη
3358 4983 3552 5066 cattle-i5
3580 4990 3818 5066 γενέσεως

2185 5059 2436 5132 ξυγγενῆ,
2471 5057 2653 5132 ὥσπερ
2689 5052 3092 5132 μολυϐδίδας,
3133 5059 3186 5132 αἳ
3219 5052 3340 5132 λδῆ,
3393 5052 3634 5132 νέδωδαῗς
3663 5083 3719 5115 τε
3744 5059 3820 5114 καὶ

2183 5127 2633 5209 etM-amorier
2667 5127 2922 5209 ,ἡδοναῖς’
2955 5149 3013 5183 τε
3069 5130 3185 5209 καὶ.
3219 5128 3490 5209 λιχνείαις
3539 5137 3822 5209 προσφυεξς

2181 5200 2682 5278 γιγνόμεναι,-περὶ
2742 5201 2808 5278 τὰ
2865 5201 3010 5278 κάτω
3067 5200 3356 5278 στρέφούσι
3393 5205 3491 5273 τήν
3526 5200 3628 5274 τῆς
3658 5200 3823 5278 ψυχῆς

2183 5273 2330 5346 ὄψιν.
2357 5299 2384 5326 ‹‹
2420 5275 2474 5330 Si
2511 5273 2581 5329 ab
2613 5273 2724 5328 hoc
2758 5274 3000 5348 ingenio,
3029 5273 3226 5348 statim
3260 5293 3293 5330 a
3325 5273 3592 5347 pueritia
3622 5273 3817 5348 ampu-

2186 5354 2404 5411 tentur,
2431 5363 2562 5417 quae
2587 5346 3143 5420 suntgenerationis
3166 5346 3387 5414 afﬁnia,
3414 5371 3441 5398 ››
3465 5367 3563 5404 ceu
3577 5346 3818 5420 plumbea

2175 5421 2450 5492 pondera,
2479 5441 2505 5466 ‹‹
2543 5433 2684 5492 ψιξῇ
2715 5417 3315 5492 ρρω-οδὶὶοῐιίὺιιεηοί
3357 5417 3702 5492 liujusmodi
3732 5437 3816 5472 vo-

2183 5487 2533 5563 luptatibus,
2550 5495 2607 5543 et
2623 5487 2998 5563 libidinibus,
3014 5495 3191 5563 atque
3205 5487 3811 5552 deliciisinhwrentia,

2183 5507 2533 5563 luptaiinus,
2550 5507 2607 5543 et
2625 5507 2998 5555 nominibus,
3014 5507 3432 5613 argueueucns
3455 5507 3657 5547 mnam

2182 5563 2404 5619 mentis
2430 5560 2616 5617 aciem
2651 5559 2724 5615 ad
2758 5560 3041 5615 inferiora
3113 5567 3446 5633 etorquent,
3485 5587 3510 5611 »
3543 5569 3657 5619 etc.
