  <div class='ocr_page' id='page_1' title='image "/cluster/home/n/w/nwhite01/storage/ocr_20150623/8/hvd.32044073501298/620.png"; bbox 0 0 4066 6192; ppageno 0'>
   <div class='ocr_carea' id='block_1_1' title="bbox 309 313 450 369">
    <p class='ocr_par' dir='ltr' id='par_1_1' title="bbox 309 313 450 369">
     <span class='ocr_line' id='line_1_1' title="bbox 309 313 450 369; baseline 0.007 -1"><span class='ocrx_word' id='word_1_1' title='bbox 309 313 450 369; x_wconf 85' lang='grc'>1233</span> 
     </span>
    </p>
   </div>
   <div class='ocr_carea' id='block_1_2' title="bbox 1635 314 2394 371">
    <p class='ocr_par' dir='ltr' id='par_1_2' title="bbox 1635 314 2394 371">
     <span class='ocr_line' id='line_1_2' title="bbox 1635 314 2394 371; baseline -0.007 0"><span class='ocrx_word' id='word_1_2' title='bbox 1635 314 2084 371; x_wconf 77' lang='grc' dir='ltr'>ΒΤΒΟΜΑἸἭΜ</span> <span class='ocrx_word' id='word_1_3' title='bbox 2122 315 2257 368; x_wconf 82' lang='lat' dir='ltr'>LIB.</span> <span class='ocrx_word' id='word_1_4' title='bbox 2300 316 2394 369; x_wconf 90' lang='lat' dir='ltr'>IV.</span> 
     </span>
    </p>
   </div>
   <div class='ocr_carea' id='block_1_3' title="bbox 3584 312 3723 368">
    <p class='ocr_par' dir='ltr' id='par_1_3' title="bbox 3584 312 3723 368">
     <span class='ocr_line' id='line_1_3' title="bbox 3584 312 3723 368; baseline -0.014 0"><span class='ocrx_word' id='word_1_5' title='bbox 3584 312 3723 368; x_wconf 72' lang='grc'>1234</span> 
     </span>
    </p>
   </div>
   <div class='ocr_carea' id='block_1_4' title="bbox 308 434 1946 514">
    <p class='ocr_par' dir='ltr' id='par_1_4' title="bbox 308 434 1946 514">
     <span class='ocr_line' id='line_1_4' title="bbox 308 434 1946 514; baseline -0.002 -18"><span class='ocrx_word' id='word_1_6' title='bbox 308 439 412 496; x_wconf 78' lang='grc' dir='ltr'>Καὶ</span> <span class='ocrx_word' id='word_1_7' title='bbox 445 439 528 494; x_wconf 75' lang='grc' dir='ltr'>ὅτι</span> <span class='ocrx_word' id='word_1_8' title='bbox 571 460 631 514; x_wconf 89' lang='grc' dir='ltr'>γε</span> <span class='ocrx_word' id='word_1_9' title='bbox 690 436 887 500; x_wconf 85' lang='grc' dir='ltr'>είκόνες</span> <span class='ocrx_word' id='word_1_10' title='bbox 943 438 1008 494; x_wconf 75' lang='grc' dir='ltr'>τὰ</span> <span class='ocrx_word' id='word_1_11' title='bbox 1063 439 1272 495; x_wconf 83' lang='grc' dir='ltr'>παλαιά</span> <span class='ocrx_word' id='word_1_12' title='bbox 1329 439 1728 514; x_wconf 78' lang='grc' dir='ltr'>κατορθώματα</span> <span class='ocrx_word' id='word_1_13' title='bbox 1786 436 1863 500; x_wconf 65' lang='grc' dir='ltr'>εἷς</span> <span class='ocrx_word' id='word_1_14' title='bbox 1893 434 1946 493; x_wconf 71' lang='grc' dir='ltr'><strong><em>τὲ</em></strong></span> 
     </span>
    </p>
   </div>
   <div class='ocr_carea' id='block_1_5' title="bbox 2062 434 3728 514">
    <p class='ocr_par' dir='ltr' id='par_1_5' title="bbox 2072 439 3728 513">
     <span class='ocr_line' id='line_1_5' title="bbox 2072 439 3728 513; baseline 0.001 -20"><span class='ocrx_word' id='word_1_15' title='bbox 2072 439 2229 494; x_wconf 89' lang='lat' dir='ltr'>clare</span> <span class='ocrx_word' id='word_1_16' title='bbox 2262 445 2401 496; x_wconf 89' lang='lat' dir='ltr'>sunt</span> <span class='ocrx_word' id='word_1_17' title='bbox 2428 444 2611 513; x_wconf 89' lang='lat' dir='ltr'>gesta,</span> <span class='ocrx_word' id='word_1_18' title='bbox 2645 441 2717 496; x_wconf 86' lang='lat' dir='ltr'>ad</span> <span class='ocrx_word' id='word_1_19' title='bbox 2750 446 3015 497; x_wconf 88' lang='lat' dir='ltr'>nostram</span> <span class='ocrx_word' id='word_1_20' title='bbox 3039 439 3540 508; x_wconf 80' lang='lat' dir='ltr'>emendationem,</span> <span class='ocrx_word' id='word_1_21' title='bbox 3566 449 3728 511; x_wconf 56' lang='grc' dir='ltr'>(μισθς</span> 
     </span>
    </p>
   </div>
   <div class='ocr_carea' id='block_1_6' title="bbox 307 527 1962 608">
    <p class='ocr_par' dir='ltr' id='par_1_6' title="bbox 307 527 1962 608">
     <span class='ocr_line' id='line_1_6' title="bbox 307 527 1962 608; baseline -0.002 -25"><span class='ocrx_word' id='word_1_22' title='bbox 307 527 568 601; x_wconf 77' lang='grc' dir='ltr'>ἡμεδαπά</span> <span class='ocrx_word' id='word_1_23' title='bbox 606 529 1032 603; x_wconf 80' lang='grc' dir='ltr'>ἐπανορθώματα</span> <span class='ocrx_word' id='word_1_24' title='bbox 1081 527 1366 598; x_wconf 81' lang='grc' dir='ltr'>ἕκκεινται,</span> <span class='ocrx_word' id='word_1_25' title='bbox 1428 528 1702 608; x_wconf 73' lang='grc' dir='ltr'>ἐμφαίνων</span> <span class='ocrx_word' id='word_1_26' title='bbox 1739 529 1766 583; x_wconf 98' lang='lat'>6</span> <span class='ocrx_word' id='word_1_27' title='bbox 1794 527 1962 584; x_wconf 86' lang='grc' dir='ltr'>Ἀπό-</span> 
     </span>
    </p>
   </div>
   <div class='ocr_carea' id='block_1_7' title="bbox 308 617 1963 696">
    <p class='ocr_par' dir='ltr' id='par_1_7' title="bbox 308 617 1963 696">
     <span class='ocr_line' id='line_1_7' title="bbox 308 617 1963 696; baseline -0.002 -23"><span class='ocrx_word' id='word_1_28' title='bbox 308 617 529 688; x_wconf 86' lang='grc' dir='ltr'>στολος,</span> <span class='ocrx_word' id='word_1_29' title='bbox 566 645 592 671; x_wconf 86' lang='grc'>‹‹</span> <span class='ocrx_word' id='word_1_30' title='bbox 623 622 785 674; x_wconf 83' lang='grc' dir='ltr'>’Ὡστε</span> <span class='ocrx_word' id='word_1_31' title='bbox 839 617 966 682; x_wconf 70' lang='grc' dir='ltr'>τοὺς</span> <span class='ocrx_word' id='word_1_32' title='bbox 998 617 1229 692; x_wconf 67' lang='grc' dir='ltr'>δεσμούς</span> <span class='ocrx_word' id='word_1_33' title='bbox 1267 641 1393 691; x_wconf 82' lang='grc' dir='ltr'>μου,</span> <span class='ocrx_word' id='word_1_34' title='bbox 1431 643 1456 669; x_wconf 84' lang='grc'><strong>››</strong></span> <span class='ocrx_word' id='word_1_35' title='bbox 1518 619 1676 696; x_wconf 71' lang='grc' dir='ltr'>φησὶ,</span> <span class='ocrx_word' id='word_1_36' title='bbox 1737 643 1764 668; x_wconf 90' lang='grc'>‹‹</span> <span class='ocrx_word' id='word_1_37' title='bbox 1801 637 1963 695; x_wconf 70' lang='grc' dir='ltr'>φανε-</span> 
     </span>
    </p>
   </div>
   <div class='ocr_carea' id='block_1_8' title="bbox 309 705 1960 783">
    <p class='ocr_par' dir='ltr' id='par_1_8' title="bbox 309 705 1960 783">
     <span class='ocr_line' id='line_1_8' title="bbox 309 705 1960 783; baseline -0.003 -21"><span class='ocrx_word' id='word_1_38' title='bbox 309 709 440 782; x_wconf 77' lang='grc' dir='ltr'>ροὺς</span> <span class='ocrx_word' id='word_1_39' title='bbox 485 708 536 763; x_wconf 88' lang='grc' dir='ltr'>ἐν</span> <span class='ocrx_word' id='word_1_40' title='bbox 593 712 813 782; x_wconf 84' lang='grc' dir='ltr'>Χριστῴ</span> <span class='ocrx_word' id='word_1_41' title='bbox 843 709 1086 783; x_wconf 65' lang='grc' dir='ltr'>γενέσθαι</span> <span class='ocrx_word' id='word_1_42' title='bbox 1119 709 1169 762; x_wconf 80' lang='grc' dir='ltr'>ἐν</span> <span class='ocrx_word' id='word_1_43' title='bbox 1221 707 1336 780; x_wconf 66' lang='grc' dir='ltr'>ίἵλῳ</span> <span class='ocrx_word' id='word_1_44' title='bbox 1367 713 1446 780; x_wconf 80' lang='grc' dir='ltr'>τῷ</span> <span class='ocrx_word' id='word_1_45' title='bbox 1497 706 1819 781; x_wconf 78' lang='grc' dir='ltr'>πραιτωρίῳ</span> <span class='ocrx_word' id='word_1_46' title='bbox 1872 705 1960 760; x_wconf 86' lang='grc' dir='ltr'>καὶ</span> 
     </span>
    </p>
   </div>
   <div class='ocr_carea' id='block_1_9' title="bbox 305 793 1957 872">
    <p class='ocr_par' dir='ltr' id='par_1_9' title="bbox 305 793 1957 872">
     <span class='ocr_line' id='line_1_9' title="bbox 305 793 1957 872; baseline -0.003 -19"><span class='ocrx_word' id='word_1_47' title='bbox 305 803 426 860; x_wconf 87' lang='grc' dir='ltr'>τοῖς</span> <span class='ocrx_word' id='word_1_48' title='bbox 458 795 681 859; x_wconf 81' lang='grc' dir='ltr'>λοιποῖς</span> <span class='ocrx_word' id='word_1_49' title='bbox 712 802 863 867; x_wconf 78' lang='grc' dir='ltr'>πᾶσι,</span> <span class='ocrx_word' id='word_1_50' title='bbox 895 797 983 852; x_wconf 82' lang='grc' dir='ltr'>καὶ</span> <span class='ocrx_word' id='word_1_51' title='bbox 1014 798 1145 860; x_wconf 78' lang='grc' dir='ltr'>τοὺς</span> <span class='ocrx_word' id='word_1_52' title='bbox 1171 795 1426 860; x_wconf 89' lang='grc' dir='ltr'>πλείονας</span> <span class='ocrx_word' id='word_1_53' title='bbox 1472 801 1578 851; x_wconf 83' lang='grc' dir='ltr'>τῶν</span> <span class='ocrx_word' id='word_1_54' title='bbox 1624 793 1872 872; x_wconf 74' lang='grc' dir='ltr'>ἀδελφῶν</span> <span class='ocrx_word' id='word_1_55' title='bbox 1907 794 1957 848; x_wconf 82' lang='grc' dir='ltr'>ἐν</span> 
     </span>
    </p>
   </div>
   <div class='ocr_carea' id='block_1_10' title="bbox 306 884 1962 962">
    <p class='ocr_par' dir='ltr' id='par_1_10' title="bbox 306 884 1962 962">
     <span class='ocr_line' id='line_1_10' title="bbox 306 884 1962 962; baseline -0.002 -19"><span class='ocrx_word' id='word_1_56' title='bbox 306 887 501 962; x_wconf 80' lang='grc' dir='ltr'>Κυρίῳ</span> <span class='ocrx_word' id='word_1_57' title='bbox 552 887 898 954; x_wconf 87' lang='grc' dir='ltr'>πεποιθόνας,</span> <span class='ocrx_word' id='word_1_58' title='bbox 939 892 1056 948; x_wconf 80' lang='grc' dir='ltr'>τοῖς</span> <span class='ocrx_word' id='word_1_59' title='bbox 1121 884 1342 958; x_wconf 75' lang='grc' dir='ltr'>δεσμοῖς</span> <span class='ocrx_word' id='word_1_60' title='bbox 1403 907 1506 958; x_wconf 91' lang='grc' dir='ltr'>μου</span> <span class='ocrx_word' id='word_1_61' title='bbox 1562 885 1962 960; x_wconf 78' lang='grc' dir='ltr'>περισσοτέρως</span> 
     </span>
    </p>
   </div>
   <div class='ocr_carea' id='block_1_11' title="bbox 305 971 1958 1054">
    <p class='ocr_par' dir='ltr' id='par_1_11' title="bbox 305 971 1958 1054">
     <span class='ocr_line' id='line_1_11' title="bbox 305 971 1958 1054; baseline -0.002 -23"><span class='ocrx_word' id='word_1_62' title='bbox 305 982 531 1050; x_wconf 71' lang='grc' dir='ltr'>πολμᾷν</span> <span class='ocrx_word' id='word_1_63' title='bbox 555 971 776 1054; x_wconf 77' lang='grc' dir='ltr'>ἀφόϐως</span> <span class='ocrx_word' id='word_1_64' title='bbox 803 977 895 1031; x_wconf 88' lang='grc' dir='ltr'>τὸν</span> <span class='ocrx_word' id='word_1_65' title='bbox 927 974 1089 1050; x_wconf 85' lang='grc' dir='ltr'>λόγον</span> <span class='ocrx_word' id='word_1_66' title='bbox 1120 980 1216 1029; x_wconf 77' lang='grc' dir='ltr'>τοῦ</span> <span class='ocrx_word' id='word_1_67' title='bbox 1248 980 1380 1030; x_wconf 78' lang='grc' dir='ltr'>Θεοῦ</span> <span class='ocrx_word' id='word_1_68' title='bbox 1408 977 1518 1049; x_wconf 81' lang='grc'>(41)</span> <span class='ocrx_word' id='word_1_69' title='bbox 1543 973 1754 1029; x_wconf 89' lang='grc' dir='ltr'>λαλειν·</span> <span class='ocrx_word' id='word_1_70' title='bbox 1793 999 1818 1025; x_wconf 86' lang='grc'><strong>››</strong></span> <span class='ocrx_word' id='word_1_71' title='bbox 1844 974 1958 1030; x_wconf 74' lang='grc' dir='ltr'>ἐπεὶ</span> 
     </span>
    </p>
   </div>
   <div class='ocr_carea' id='block_1_12' title="bbox 303 1061 1959 1140">
    <p class='ocr_par' dir='ltr' id='par_1_12' title="bbox 303 1061 1959 1140">
     <span class='ocr_line' id='line_1_12' title="bbox 303 1061 1959 1140; baseline -0.004 -18"><span class='ocrx_word' id='word_1_72' title='bbox 303 1066 394 1122; x_wconf 81' lang='grc' dir='ltr'>καὶ</span> <span class='ocrx_word' id='word_1_73' title='bbox 425 1067 492 1120; x_wconf 75' lang='grc' dir='ltr'>τά</span> <span class='ocrx_word' id='word_1_74' title='bbox 525 1065 795 1140; x_wconf 66' lang='grc' dir='ltr'>μαρτύρια</span> <span class='ocrx_word' id='word_1_75' title='bbox 848 1064 1178 1140; x_wconf 69' lang='grc' dir='ltr'>ἐπιστροφῆς</span> <span class='ocrx_word' id='word_1_76' title='bbox 1238 1063 1347 1119; x_wconf 82' lang='grc' dir='ltr'>ἐστι</span> <span class='ocrx_word' id='word_1_77' title='bbox 1402 1061 1840 1137; x_wconf 81' lang='grc' dir='ltr'>παραδείγματα,</span> <span class='ocrx_word' id='word_1_78' title='bbox 1874 1063 1959 1117; x_wconf 79' lang='grc' dir='ltr'>ἐν·</span> 
     </span>
    </p>
   </div>
   <div class='ocr_carea' id='block_1_13' title="bbox 306 1151 1958 1230">
    <p class='ocr_par' dir='ltr' id='par_1_13' title="bbox 306 1151 1958 1230">
     <span class='ocr_line' id='line_1_13' title="bbox 306 1151 1958 1230; baseline -0.003 -19"><span class='ocrx_word' id='word_1_79' title='bbox 306 1155 465 1228; x_wconf 79' lang='grc' dir='ltr'>δόξος</span> <span class='ocrx_word' id='word_1_80' title='bbox 511 1154 834 1230; x_wconf 75' lang='grc' dir='ltr'>ἡγιασμένα.</span> <span class='ocrx_word' id='word_1_81' title='bbox 895 1179 922 1206; x_wconf 89' lang='grc'>‹‹</span> <span class='ocrx_word' id='word_1_82' title='bbox 956 1155 1094 1211; x_wconf 88' lang='grc' dir='ltr'>Ὅσα</span> <span class='ocrx_word' id='word_1_83' title='bbox 1144 1154 1244 1228; x_wconf 86' lang='grc' dir='ltr'>γάρ</span> <span class='ocrx_word' id='word_1_84' title='bbox 1304 1157 1339 1222; x_wconf 84' lang='grc' dir='ltr'>ἡ</span> <span class='ocrx_word' id='word_1_85' title='bbox 1395 1154 1615 1230; x_wconf 77' lang='grc' dir='ltr'>Γγραφὴ</span> <span class='ocrx_word' id='word_1_86' title='bbox 1677 1151 1846 1226; x_wconf 71' lang='grc' dir='ltr'>λέγει,</span> <span class='ocrx_word' id='word_1_87' title='bbox 1880 1152 1958 1215; x_wconf 78' lang='grc' dir='ltr'>εἷς</span> 
     </span>
    </p>
   </div>
   <div class='ocr_carea' id='block_1_14' title="bbox 300 1239 1957 1318">
    <p class='ocr_par' dir='ltr' id='par_1_14' title="bbox 300 1239 1957 1318">
     <span class='ocr_line' id='line_1_14' title="bbox 300 1239 1957 1318; baseline -0.002 -18"><span class='ocrx_word' id='word_1_88' title='bbox 300 1245 402 1313; x_wconf 83' lang='grc' dir='ltr'>τήν</span> <span class='ocrx_word' id='word_1_89' title='bbox 434 1248 543 1317; x_wconf 72' lang='grc'>(42)</span> <span class='ocrx_word' id='word_1_90' title='bbox 575 1245 844 1318; x_wconf 72' lang='grc' dir='ltr'>ἡμετέραν</span> <span class='ocrx_word' id='word_1_91' title='bbox 897 1240 1248 1298; x_wconf 69' lang='grc' dir='ltr'>διδασκαλίαν</span> <span class='ocrx_word' id='word_1_92' title='bbox 1300 1241 1532 1317; x_wconf 77' lang='grc' dir='ltr'>ἐγράφη,</span> <span class='ocrx_word' id='word_1_93' title='bbox 1582 1241 1668 1296; x_wconf 71' lang='grc' dir='ltr'>ῗνα</span> <span class='ocrx_word' id='word_1_94' title='bbox 1717 1239 1805 1296; x_wconf 80' lang='grc' dir='ltr'>διὰ</span> <span class='ocrx_word' id='word_1_95' title='bbox 1857 1246 1957 1307; x_wconf 78' lang='grc' dir='ltr'>τῆς</span> 
     </span>
    </p>
   </div>
   <div class='ocr_carea' id='block_1_15' title="bbox 306 1323 1954 1408">
    <p class='ocr_par' dir='ltr' id='par_1_15' title="bbox 306 1323 1954 1408">
     <span class='ocr_line' id='line_1_15' title="bbox 306 1323 1954 1408; baseline -0.002 -19"><span class='ocrx_word' id='word_1_96' title='bbox 306 1335 596 1407; x_wconf 81' lang='grc' dir='ltr'>ὑπομονῆς</span> <span class='ocrx_word' id='word_1_97' title='bbox 628 1333 718 1387; x_wconf 84' lang='grc' dir='ltr'>καὶ</span> <span class='ocrx_word' id='word_1_98' title='bbox 747 1339 849 1402; x_wconf 83' lang='grc' dir='ltr'>τῆς</span> <span class='ocrx_word' id='word_1_99' title='bbox 881 1329 1282 1408; x_wconf 76' lang='grc' dir='ltr'>παρακλήσεως</span> <span class='ocrx_word' id='word_1_100' title='bbox 1329 1335 1434 1385; x_wconf 81' lang='grc' dir='ltr'>τῶν</span> <span class='ocrx_word' id='word_1_101' title='bbox 1471 1335 1696 1407; x_wconf 73' lang='grc' dir='ltr'>Γραφῶν</span> <span class='ocrx_word' id='word_1_102' title='bbox 1726 1333 1827 1398; x_wconf 76' lang='grc' dir='ltr'>την</span> <span class='ocrx_word' id='word_1_103' title='bbox 1861 1323 1954 1385; x_wconf 68' lang='grc' dir='ltr'>ἐλ-</span> 
     </span>
    </p>
   </div>
   <div class='ocr_carea' id='block_1_16' title="bbox 299 1417 1956 1497">
    <p class='ocr_par' dir='ltr' id='par_1_16' title="bbox 299 1417 1956 1497">
     <span class='ocr_line' id='line_1_16' title="bbox 299 1417 1956 1497; baseline -0.002 -20"><span class='ocrx_word' id='word_1_104' title='bbox 299 1421 433 1477; x_wconf 74' lang='grc' dir='ltr'>πίδα</span> <span class='ocrx_word' id='word_1_105' title='bbox 459 1418 677 1497; x_wconf 80' lang='grc' dir='ltr'>ἔχωμεν</span> <span class='ocrx_word' id='word_1_106' title='bbox 708 1429 808 1491; x_wconf 76' lang='grc' dir='ltr'>τῆς</span> <span class='ocrx_word' id='word_1_107' title='bbox 840 1419 1260 1496; x_wconf 73' lang='grc' dir='ltr'>παρακλήσεως.</span> <span class='ocrx_word' id='word_1_108' title='bbox 1292 1445 1319 1471; x_wconf 91' lang='grc'>››</span> <span class='ocrx_word' id='word_1_109' title='bbox 1350 1421 1534 1475; x_wconf 83' lang='grc' dir='ltr'>Ἒοιγε</span> <span class='ocrx_word' id='word_1_110' title='bbox 1567 1417 1624 1474; x_wconf 74' lang='grc' dir='ltr'>δὲ</span> <span class='ocrx_word' id='word_1_111' title='bbox 1653 1440 1790 1488; x_wconf 91' lang='grc' dir='ltr'>πως,</span> <span class='ocrx_word' id='word_1_112' title='bbox 1825 1441 1956 1494; x_wconf 76' lang='grc' dir='ltr'>παρο</span> 
     </span>
    </p>
   </div>
   <div class='ocr_carea' id='block_1_17' title="bbox 303 1507 1956 1585">
    <p class='ocr_par' dir='ltr' id='par_1_17' title="bbox 303 1507 1956 1585">
     <span class='ocr_line' id='line_1_17' title="bbox 303 1507 1956 1585; baseline -0.002 -19"><span class='ocrx_word' id='word_1_113' title='bbox 303 1511 473 1582; x_wconf 81' lang='grc' dir='ltr'>οόσης</span> <span class='ocrx_word' id='word_1_114' title='bbox 506 1508 838 1585; x_wconf 77' lang='grc' dir='ltr'>ἀλγηδόνος,</span> <span class='ocrx_word' id='word_1_115' title='bbox 870 1512 904 1579; x_wconf 84' lang='grc' dir='ltr'>ἡ</span> <span class='ocrx_word' id='word_1_116' title='bbox 938 1509 1092 1583; x_wconf 79' lang='grc' dir='ltr'>ψυχὴ</span> <span class='ocrx_word' id='word_1_117' title='bbox 1142 1507 1313 1564; x_wconf 71' lang='grc' dir='ltr'>νεύειν</span> <span class='ocrx_word' id='word_1_118' title='bbox 1370 1509 1459 1562; x_wconf 84' lang='grc' dir='ltr'>ἀπ’</span> <span class='ocrx_word' id='word_1_119' title='bbox 1490 1507 1680 1579; x_wconf 80' lang='grc' dir='ltr'>αὐτῆς,</span> <span class='ocrx_word' id='word_1_120' title='bbox 1733 1509 1818 1562; x_wconf 79' lang='grc' dir='ltr'>καὶ</span> <span class='ocrx_word' id='word_1_121' title='bbox 1874 1509 1956 1563; x_wconf 87' lang='grc' dir='ltr'>τί-</span> 
     </span>
    </p>
   </div>
   <div class='ocr_carea' id='block_1_18' title="bbox 306 1595 1950 1677">
    <p class='ocr_par' dir='ltr' id='par_1_18' title="bbox 306 1595 1950 1677">
     <span class='ocr_line' id='line_1_18' title="bbox 306 1595 1950 1677; baseline -0.004 -21"><span class='ocrx_word' id='word_1_122' title='bbox 306 1624 433 1676; x_wconf 87' lang='grc' dir='ltr'>μιον</span> <span class='ocrx_word' id='word_1_123' title='bbox 461 1603 706 1677; x_wconf 72' lang='grc' dir='ltr'>ἡγεῖσθαι</span> <span class='ocrx_word' id='word_1_124' title='bbox 765 1601 863 1668; x_wconf 83' lang='grc' dir='ltr'>τήν</span> <span class='ocrx_word' id='word_1_125' title='bbox 920 1598 1242 1673; x_wconf 74' lang='grc' dir='ltr'>ἀπαλλαγῆν</span> <span class='ocrx_word' id='word_1_126' title='bbox 1274 1605 1374 1668; x_wconf 78' lang='grc' dir='ltr'>τῆς</span> <span class='ocrx_word' id='word_1_127' title='bbox 1405 1597 1686 1673; x_wconf 75' lang='grc' dir='ltr'>παρούσης</span> <span class='ocrx_word' id='word_1_128' title='bbox 1734 1595 1950 1667; x_wconf 71' lang='grc' dir='ltr'>ὀδύνης,</span> 
     </span>
    </p>
   </div>
   <div class='ocr_carea' id='block_1_19' title="bbox 302 1685 1950 1764">
    <p class='ocr_par' dir='ltr' id='par_1_19' title="bbox 302 1685 1950 1764">
     <span class='ocr_line' id='line_1_19' title="bbox 302 1685 1950 1764; baseline -0.005 -16"><span class='ocrx_word' id='word_1_129' title='bbox 302 1694 443 1764; x_wconf 86' lang='grc' dir='ltr'>Ἀμε</span> <span class='ocrx_word' id='word_1_130' title='bbox 487 1711 531 1745; x_wconf 94' lang='grc' dir='ltr'>ει</span> <span class='ocrx_word' id='word_1_131' title='bbox 562 1691 680 1744; x_wconf 86' lang='grc' dir='ltr'>κατ’</span> <span class='ocrx_word' id='word_1_132' title='bbox 719 1688 892 1742; x_wconf 84' lang='grc' dir='ltr'>ἐκεῖνο</span> <span class='ocrx_word' id='word_1_133' title='bbox 924 1692 1142 1762; x_wconf 81' lang='grc' dir='ltr'>καιροῦ,</span> <span class='ocrx_word' id='word_1_134' title='bbox 1187 1689 1276 1741; x_wconf 75' lang='grc' dir='ltr'>καὶ</span> <span class='ocrx_word' id='word_1_135' title='bbox 1327 1687 1668 1759; x_wconf 74' lang='grc' dir='ltr'>μαθημάτων</span> <span class='ocrx_word' id='word_1_136' title='bbox 1700 1685 1950 1762; x_wconf 74' lang='grc' dir='ltr'>ῥᾳθυμεῖ,</span> 
     </span>
    </p>
   </div>
   <div class='ocr_carea' id='block_1_20' title="bbox 2075 527 3727 602">
    <p class='ocr_par' dir='ltr' id='par_1_20' title="bbox 2075 527 3727 602">
     <span class='ocr_line' id='line_1_20' title="bbox 2075 527 3727 602; baseline 0.001 -19"><span class='ocrx_word' id='word_1_137' title='bbox 2075 527 2208 584; x_wconf 90' lang='lat' dir='ltr'>dam</span> <span class='ocrx_word' id='word_1_138' title='bbox 2223 530 2390 600; x_wconf 87' lang='lat' dir='ltr'>quasi</span> <span class='ocrx_word' id='word_1_139' title='bbox 2405 530 3026 602; x_wconf 86' lang='lat' dir='ltr'>imagines,proposita</span> <span class='ocrx_word' id='word_1_140' title='bbox 3043 530 3265 596; x_wconf 90' lang='lat' dir='ltr'>sunt,hi</span> <span class='ocrx_word' id='word_1_141' title='bbox 3277 545 3303 583; x_wconf 90' lang='lat' dir='ltr'>s</span> <span class='ocrx_word' id='word_1_142' title='bbox 3317 529 3507 583; x_wconf 81' lang='lat' dir='ltr'>verbis</span> <span class='ocrx_word' id='word_1_143' title='bbox 3523 534 3727 585; x_wconf 89' lang='lat' dir='ltr'>osten—</span> 
     </span>
    </p>
   </div>
   <div class='ocr_carea' id='block_1_21' title="bbox 2073 618 3730 690">
    <p class='ocr_par' dir='ltr' id='par_1_21' title="bbox 2073 618 3730 690">
     <span class='ocr_line' id='line_1_21' title="bbox 2073 618 3730 690; baseline 0.001 -18"><span class='ocrx_word' id='word_1_144' title='bbox 2073 618 2540 690; x_wconf 80' lang='lat' dir='ltr'>ditApostolus:«</span> <span class='ocrx_word' id='word_1_145' title='bbox 2554 621 2620 674; x_wconf 90' lang='lat' dir='ltr'><strong>Ut</strong></span> <span class='ocrx_word' id='word_1_146' title='bbox 2635 636 2767 674; x_wconf 88' lang='lat' dir='ltr'>mea</span> <span class='ocrx_word' id='word_1_147' title='bbox 2785 619 3023 674; x_wconf 89' lang='lat' dir='ltr'>vincula</span> <span class='ocrx_word' id='word_1_148' title='bbox 3036 619 3259 673; x_wconf 82' lang='lat' dir='ltr'>fuerint</span> <span class='ocrx_word' id='word_1_149' title='bbox 3277 620 3336 673; x_wconf 90' lang='lat' dir='ltr'>in</span> <span class='ocrx_word' id='word_1_150' title='bbox 3355 619 3584 673; x_wconf 84' lang='lat' dir='ltr'>Christo</span> <span class='ocrx_word' id='word_1_151' title='bbox 3601 637 3730 674; x_wconf 89' lang='lat' dir='ltr'>ma-</span> 
     </span>
    </p>
   </div>
   <div class='ocr_carea' id='block_1_22' title="bbox 2073 707 3728 780">
    <p class='ocr_par' dir='ltr' id='par_1_22' title="bbox 2073 707 3728 780">
     <span class='ocr_line' id='line_1_22' title="bbox 2073 707 3728 780; baseline 0.002 -20"><span class='ocrx_word' id='word_1_152' title='bbox 2073 707 2287 763; x_wconf 72' lang='lat' dir='ltr'>nifesta</span> <span class='ocrx_word' id='word_1_153' title='bbox 2308 709 2544 763; x_wconf 89' lang='lat' dir='ltr'>inomni</span> <span class='ocrx_word' id='word_1_154' title='bbox 2571 710 2846 780; x_wconf 68' lang='lat' dir='ltr'>praetorio</span> <span class='ocrx_word' id='word_1_155' title='bbox 2865 709 3185 778; x_wconf 90' lang='lat' dir='ltr'>etreliquis</span> <span class='ocrx_word' id='word_1_156' title='bbox 3210 708 3728 780; x_wconf 88' lang='lat' dir='ltr'>omnibus,etplu-</span> 
     </span>
    </p>
   </div>
   <div class='ocr_carea' id='block_1_23' title="bbox 2072 796 3730 862">
    <p class='ocr_par' dir='ltr' id='par_1_23' title="bbox 2072 796 3730 862">
     <span class='ocr_line' id='line_1_23' title="bbox 2072 796 3730 862; baseline 0.001 -13"><span class='ocrx_word' id='word_1_157' title='bbox 2072 796 2462 853; x_wconf 88' lang='lat' dir='ltr'>resfratresin</span> <span class='ocrx_word' id='word_1_158' title='bbox 2480 799 2750 860; x_wconf 92' lang='lat' dir='ltr'>Domino,</span> <span class='ocrx_word' id='word_1_159' title='bbox 2768 798 2918 852; x_wconf 81' lang='lat' dir='ltr'>confi</span> <span class='ocrx_word' id='word_1_160' title='bbox 2930 799 2976 852; x_wconf 92' lang='lat' dir='ltr'>si</span> <span class='ocrx_word' id='word_1_161' title='bbox 2992 798 3140 852; x_wconf 85' lang='lat' dir='ltr'>meis</span> <span class='ocrx_word' id='word_1_162' title='bbox 3154 797 3424 862; x_wconf 85' lang='lat' dir='ltr'>vinculis,</span> <span class='ocrx_word' id='word_1_163' title='bbox 3441 797 3730 852; x_wconf 81' lang='lat' dir='ltr'>auderent</span> 
     </span>
    </p>
   </div>
   <div class='ocr_carea' id='block_1_24' title="bbox 2072 885 3726 958">
    <p class='ocr_par' dir='ltr' id='par_1_24' title="bbox 2072 885 3726 958">
     <span class='ocr_line' id='line_1_24' title="bbox 2072 885 3726 958; baseline -0.002 -18"><span class='ocrx_word' id='word_1_164' title='bbox 2072 885 2474 942; x_wconf 82' lang='lat' dir='ltr'>abundantius</span> <span class='ocrx_word' id='word_1_165' title='bbox 2495 888 2721 958; x_wconf 86' lang='lat' dir='ltr'>absque</span> <span class='ocrx_word' id='word_1_166' title='bbox 2747 892 2907 941; x_wconf 90' lang='lat' dir='ltr'>metu</span> <span class='ocrx_word' id='word_1_167' title='bbox 2933 887 3094 957; x_wconf 85' lang='lat' dir='ltr'>loqui</span> <span class='ocrx_word' id='word_1_168' title='bbox 3127 886 3369 942; x_wconf 84' lang='lat' dir='ltr'>verbum</span> <span class='ocrx_word' id='word_1_169' title='bbox 3404 887 3502 941; x_wconf 91' lang='lat' dir='ltr'>Dei</span> <span class='ocrx_word' id='word_1_170' title='bbox 3538 886 3614 957; x_wconf 90' lang='lat' dir='ltr'>(a)</span> <span class='ocrx_word' id='word_1_171' title='bbox 3641 903 3654 940; x_wconf 88' lang='lat'><strong><em>:</em></strong></span> <span class='ocrx_word' id='word_1_172' title='bbox 3699 908 3726 936; x_wconf 88' lang='grc'>››</span> 
     </span>
    </p>
   </div>
   <div class='ocr_carea' id='block_1_25' title="bbox 2071 975 3727 1048">
    <p class='ocr_par' dir='ltr' id='par_1_25' title="bbox 2071 975 3727 1048">
     <span class='ocr_line' id='line_1_25' title="bbox 2071 975 3727 1048; baseline 0.001 -19"><span class='ocrx_word' id='word_1_173' title='bbox 2071 976 2554 1046; x_wconf 84' lang='lat' dir='ltr'>quandoquidem</span> <span class='ocrx_word' id='word_1_174' title='bbox 2581 977 2867 1048; x_wconf 87' lang='lat' dir='ltr'>martyria</span> <span class='ocrx_word' id='word_1_175' title='bbox 2898 993 3133 1046; x_wconf 87' lang='lat' dir='ltr'>quoque</span> <span class='ocrx_word' id='word_1_176' title='bbox 3176 982 3316 1030; x_wconf 89' lang='lat' dir='ltr'>sunt</span> <span class='ocrx_word' id='word_1_177' title='bbox 3365 975 3727 1046; x_wconf 87' lang='lat' dir='ltr'>exemplaria</span> 
     </span>
    </p>
   </div>
   <div class='ocr_carea' id='block_1_26' title="bbox 2070 1065 3721 1137">
    <p class='ocr_par' dir='ltr' id='par_1_26' title="bbox 2070 1065 3721 1137">
     <span class='ocr_line' id='line_1_26' title="bbox 2070 1065 3721 1137; baseline 0.001 -19"><span class='ocrx_word' id='word_1_178' title='bbox 2070 1066 2496 1134; x_wconf 80' lang='lat' dir='ltr'>conversionis,</span> <span class='ocrx_word' id='word_1_179' title='bbox 2538 1066 2793 1137; x_wconf 78' lang='lat' dir='ltr'>gloriose</span> <span class='ocrx_word' id='word_1_180' title='bbox 2840 1065 3228 1120; x_wconf 79' lang='lat' dir='ltr'>sanctificata.</span> <span class='ocrx_word' id='word_1_181' title='bbox 3270 1085 3296 1114; x_wconf 72' lang='grc' dir='ltr'>α</span> <span class='ocrx_word' id='word_1_182' title='bbox 3343 1067 3721 1134; x_wconf 69' lang='lat' dir='ltr'>Qumcunque</span> 
     </span>
    </p>
   </div>
   <div class='ocr_carea' id='block_1_27' title="bbox 2071 1155 3723 1228">
    <p class='ocr_par' dir='ltr' id='par_1_27' title="bbox 2071 1155 3723 1228">
     <span class='ocr_line' id='line_1_27' title="bbox 2071 1155 3723 1228; baseline 0.001 -20"><span class='ocrx_word' id='word_1_183' title='bbox 2071 1156 2252 1223; x_wconf 90' lang='lat' dir='ltr'>enim,</span> <span class='ocrx_word' id='word_1_184' title='bbox 2283 1157 2364 1211; x_wconf 88' lang='lat' dir='ltr'>ait</span> <span class='ocrx_word' id='word_1_185' title='bbox 2388 1157 2707 1228; x_wconf 87' lang='lat' dir='ltr'>Scriptura,</span> <span class='ocrx_word' id='word_1_186' title='bbox 2738 1157 2810 1212; x_wconf 88' lang='lat' dir='ltr'>ad</span> <span class='ocrx_word' id='word_1_187' title='bbox 2841 1161 3105 1211; x_wconf 89' lang='lat' dir='ltr'>nostram</span> <span class='ocrx_word' id='word_1_188' title='bbox 3139 1155 3469 1210; x_wconf 87' lang='lat' dir='ltr'>doctrinam</span> <span class='ocrx_word' id='word_1_189' title='bbox 3505 1155 3723 1225; x_wconf 87' lang='lat' dir='ltr'>scripta</span> 
     </span>
    </p>
   </div>
   <div class='ocr_carea' id='block_1_28' title="bbox 2073 1243 3718 1314">
    <p class='ocr_par' dir='ltr' id='par_1_28' title="bbox 2073 1243 3718 1314">
     <span class='ocr_line' id='line_1_28' title="bbox 2073 1243 3718 1314; baseline 0.002 -19"><span class='ocrx_word' id='word_1_190' title='bbox 2073 1247 2208 1295; x_wconf 89' lang='lat' dir='ltr'>sunt</span> <span class='ocrx_word' id='word_1_191' title='bbox 2229 1248 2292 1296; x_wconf 90' lang='lat' dir='ltr'>ut</span> <span class='ocrx_word' id='word_1_192' title='bbox 2314 1259 2418 1314; x_wconf 92' lang='lat' dir='ltr'>per</span> <span class='ocrx_word' id='word_1_193' title='bbox 2439 1244 2788 1314; x_wconf 87' lang='lat' dir='ltr'>patientiam</span> <span class='ocrx_word' id='word_1_194' title='bbox 2814 1249 2871 1298; x_wconf 82' lang='lat' dir='ltr'>et</span> <span class='ocrx_word' id='word_1_195' title='bbox 2892 1243 3361 1300; x_wconf 88' lang='lat' dir='ltr'>consolationem</span> <span class='ocrx_word' id='word_1_196' title='bbox 3387 1243 3718 1313; x_wconf 89' lang='lat' dir='ltr'>Scriptura-</span> 
     </span>
    </p>
   </div>
   <div class='ocr_carea' id='block_1_29' title="bbox 2068 1332 3718 1402">
    <p class='ocr_par' dir='ltr' id='par_1_29' title="bbox 2068 1332 3718 1402">
     <span class='ocr_line' id='line_1_29' title="bbox 2068 1332 3718 1402; baseline 0.001 -18"><span class='ocrx_word' id='word_1_197' title='bbox 2068 1348 2396 1402; x_wconf 90' lang='lat' dir='ltr'>rum,spem</span> <span class='ocrx_word' id='word_1_198' title='bbox 2422 1333 2748 1388; x_wconf 87' lang='lat' dir='ltr'>habeamus</span> <span class='ocrx_word' id='word_1_199' title='bbox 2769 1333 3195 1388; x_wconf 88' lang='lat' dir='ltr'>consolationis</span> <span class='ocrx_word' id='word_1_200' title='bbox 3212 1334 3308 1400; x_wconf 85' lang='lat' dir='ltr'>(b).</span> <span class='ocrx_word' id='word_1_201' title='bbox 3322 1332 3597 1386; x_wconf 73' lang='lat' dir='ltr'>nVidetur</span> <span class='ocrx_word' id='word_1_202' title='bbox 3612 1347 3718 1386; x_wconf 89' lang='lat' dir='ltr'>au-</span> 
     </span>
    </p>
   </div>
   <div class='ocr_carea' id='block_1_30' title="bbox 2068 1421 3710 1493">
    <p class='ocr_par' dir='ltr' id='par_1_30' title="bbox 2068 1421 3710 1493">
     <span class='ocr_line' id='line_1_30' title="bbox 2068 1421 3710 1493; baseline 0.001 -20"><span class='ocrx_word' id='word_1_203' title='bbox 2068 1424 2185 1474; x_wconf 91' lang='lat' dir='ltr'>tem</span> <span class='ocrx_word' id='word_1_204' title='bbox 2207 1421 2253 1474; x_wconf 89' lang='lat' dir='ltr'>si</span> <span class='ocrx_word' id='word_1_205' title='bbox 2273 1421 2429 1476; x_wconf 89' lang='lat' dir='ltr'>adsit</span> <span class='ocrx_word' id='word_1_206' title='bbox 2446 1422 2614 1476; x_wconf 92' lang='lat' dir='ltr'>dolor</span> <span class='ocrx_word' id='word_1_207' title='bbox 2626 1424 2826 1477; x_wconf 87' lang='lat' dir='ltr'>anima</span> <span class='ocrx_word' id='word_1_208' title='bbox 2839 1422 3276 1493; x_wconf 89' lang='lat' dir='ltr'>quodammodo</span> <span class='ocrx_word' id='word_1_209' title='bbox 3291 1421 3362 1476; x_wconf 91' lang='lat' dir='ltr'>ab</span> <span class='ocrx_word' id='word_1_210' title='bbox 3387 1421 3514 1492; x_wconf 91' lang='lat' dir='ltr'>ipso</span> <span class='ocrx_word' id='word_1_211' title='bbox 3529 1421 3710 1475; x_wconf 86' lang='lat' dir='ltr'>decli-</span> 
     </span>
    </p>
   </div>
   <div class='ocr_carea' id='block_1_31' title="bbox 2068 1510 3712 1584">
    <p class='ocr_par' dir='ltr' id='par_1_31' title="bbox 2068 1510 3712 1584">
     <span class='ocr_line' id='line_1_31' title="bbox 2068 1510 3712 1584; baseline 0.001 -22"><span class='ocrx_word' id='word_1_212' title='bbox 2068 1526 2210 1564; x_wconf 86' lang='lat' dir='ltr'>nare</span> <span class='ocrx_word' id='word_1_213' title='bbox 2236 1516 2292 1563; x_wconf 86' lang='lat' dir='ltr'>et</span> <span class='ocrx_word' id='word_1_214' title='bbox 2310 1512 2704 1584; x_wconf 86' lang='lat' dir='ltr'>magnifacere</span> <span class='ocrx_word' id='word_1_215' title='bbox 2720 1528 2753 1566; x_wconf 89' lang='lat' dir='ltr'>a</span> <span class='ocrx_word' id='word_1_216' title='bbox 2767 1513 3043 1583; x_wconf 71' lang='lat' dir='ltr'>praesenti</span> <span class='ocrx_word' id='word_1_217' title='bbox 3061 1512 3472 1566; x_wconf 86' lang='lat' dir='ltr'>liberationem</span> <span class='ocrx_word' id='word_1_218' title='bbox 3494 1510 3712 1564; x_wconf 91' lang='lat' dir='ltr'>moles-</span> 
     </span>
    </p>
   </div>
   <div class='ocr_carea' id='block_1_32' title="bbox 2065 1598 3710 1672">
    <p class='ocr_par' dir='ltr' id='par_1_32' title="bbox 2065 1598 3710 1672">
     <span class='ocr_line' id='line_1_32' title="bbox 2065 1598 3710 1672; baseline 0.002 -21"><span class='ocrx_word' id='word_1_219' title='bbox 2065 1598 2165 1652; x_wconf 89' lang='lat' dir='ltr'>tia.</span> <span class='ocrx_word' id='word_1_220' title='bbox 2205 1599 2310 1653; x_wconf 91' lang='lat' dir='ltr'>lllo</span> <span class='ocrx_word' id='word_1_221' title='bbox 2342 1607 2499 1654; x_wconf 93' lang='lat' dir='ltr'>certe</span> <span class='ocrx_word' id='word_1_222' title='bbox 2532 1606 2799 1672; x_wconf 89' lang='lat' dir='ltr'>tempore</span> <span class='ocrx_word' id='word_1_223' title='bbox 2831 1601 3276 1672; x_wconf 90' lang='lat' dir='ltr'>quiescitetiam</span> <span class='ocrx_word' id='word_1_224' title='bbox 3300 1600 3710 1670; x_wconf 89' lang='lat' dir='ltr'>adisciplinis,</span> 
     </span>
    </p>
   </div>
   <div class='ocr_carea' id='block_1_33' title="bbox 2065 1688 3709 1762">
    <p class='ocr_par' dir='ltr' id='par_1_33' title="bbox 2065 1688 3709 1762">
     <span class='ocr_line' id='line_1_33' title="bbox 2065 1688 3709 1762; baseline 0 -20"><span class='ocrx_word' id='word_1_225' title='bbox 2065 1688 2302 1756; x_wconf 89' lang='lat' dir='ltr'>quando</span> <span class='ocrx_word' id='word_1_226' title='bbox 2317 1689 2449 1743; x_wconf 69' lang='lat' dir='ltr'>alim</span> <span class='ocrx_word' id='word_1_227' title='bbox 2464 1707 2700 1760; x_wconf 90' lang='lat' dir='ltr'>quoque</span> <span class='ocrx_word' id='word_1_228' title='bbox 2713 1691 2956 1744; x_wconf 86' lang='lat' dir='ltr'>virtutes</span> <span class='ocrx_word' id='word_1_229' title='bbox 2971 1690 3496 1762; x_wconf 88' lang='lat' dir='ltr'>negliguntur.Non</span> <span class='ocrx_word' id='word_1_230' title='bbox 3511 1694 3709 1742; x_wconf 89' lang='lat' dir='ltr'>autem</span> 
     </span>
    </p>
   </div>
   <div class='ocr_carea' id='block_1_34' title="bbox 302 1772 1946 1861">
    <p class='ocr_par' dir='ltr' id='par_1_34' title="bbox 302 1772 1946 1850">
     <span class='ocr_line' id='line_1_34' title="bbox 302 1772 1946 1850; baseline -0.004 -15"><span class='ocrx_word' id='word_1_231' title='bbox 302 1780 540 1850; x_wconf 81' lang='grc' dir='ltr'>ὁπηνίκα</span> <span class='ocrx_word' id='word_1_232' title='bbox 569 1778 656 1833; x_wconf 78' lang='grc' dir='ltr'>καὶ</span> <span class='ocrx_word' id='word_1_233' title='bbox 686 1777 740 1832; x_wconf 75' lang='grc' dir='ltr'>αἱ</span> <span class='ocrx_word' id='word_1_234' title='bbox 771 1775 937 1831; x_wconf 75' lang='grc' dir='ltr'>ἄλλαι</span> <span class='ocrx_word' id='word_1_235' title='bbox 979 1775 1361 1848; x_wconf 82' lang='grc' dir='ltr'>ἀπημὲληνται</span> <span class='ocrx_word' id='word_1_236' title='bbox 1383 1775 1588 1850; x_wconf 89' lang='grc' dir='ltr'>άρεταί.</span> <span class='ocrx_word' id='word_1_237' title='bbox 1623 1774 1719 1829; x_wconf 77' lang='grc' dir='ltr'>Καὶ</span> <span class='ocrx_word' id='word_1_238' title='bbox 1751 1776 1815 1829; x_wconf 82' lang='grc' dir='ltr'>οὐ</span> <span class='ocrx_word' id='word_1_239' title='bbox 1849 1772 1946 1845; x_wconf 76' lang='grc' dir='ltr'>δή·</span> 
     </span>
    </p>
   </div>
   <div class='ocr_carea' id='block_1_35' title="bbox 2062 1772 3713 1861">
    <p class='ocr_par' dir='ltr' id='par_1_35' title="bbox 2062 1777 3713 1850">
     <span class='ocr_line' id='line_1_35' title="bbox 2062 1777 3713 1850; baseline 0.001 -21"><span class='ocrx_word' id='word_1_240' title='bbox 2062 1781 2267 1846; x_wconf 79' lang='lat' dir='ltr'>uthue</span> <span class='ocrx_word' id='word_1_241' title='bbox 2283 1777 2538 1832; x_wconf 90' lang='lat' dir='ltr'>dicimus</span> <span class='ocrx_word' id='word_1_242' title='bbox 2554 1779 2742 1849; x_wconf 88' lang='lat' dir='ltr'>ipsam</span> <span class='ocrx_word' id='word_1_243' title='bbox 2757 1779 2877 1850; x_wconf 92' lang='lat' dir='ltr'>pati</span> <span class='ocrx_word' id='word_1_244' title='bbox 2891 1779 3332 1834; x_wconf 81' lang='lat' dir='ltr'>virtutemznam</span> <span class='ocrx_word' id='word_1_245' title='bbox 3348 1795 3456 1832; x_wconf 90' lang='lat' dir='ltr'>nec</span> <span class='ocrx_word' id='word_1_246' title='bbox 3469 1783 3713 1849; x_wconf 69' lang='lat' dir='ltr'>aegrotat</span> 
     </span>
    </p>
   </div>
   <div class='ocr_carea' id='block_1_36' title="bbox 303 1859 1954 1939">
    <p class='ocr_par' dir='ltr' id='par_1_36' title="bbox 303 1859 1954 1939">
     <span class='ocr_line' id='line_1_36' title="bbox 303 1859 1954 1939; baseline -0.003 -17"><span class='ocrx_word' id='word_1_247' title='bbox 303 1889 408 1922; x_wconf 85' lang='grc' dir='ltr'>που</span> <span class='ocrx_word' id='word_1_248' title='bbox 438 1869 536 1936; x_wconf 70' lang='grc' dir='ltr'>τὴν</span> <span class='ocrx_word' id='word_1_249' title='bbox 566 1865 760 1939; x_wconf 77' lang='grc' dir='ltr'>ἀρετήν</span> <span class='ocrx_word' id='word_1_250' title='bbox 795 1864 964 1932; x_wconf 64' lang='grc' dir='ltr'>αιῦτήν</span> <span class='ocrx_word' id='word_1_251' title='bbox 995 1865 1225 1938; x_wconf 80' lang='grc' dir='ltr'>πάσχειν</span> <span class='ocrx_word' id='word_1_252' title='bbox 1269 1861 1465 1934; x_wconf 73' lang='grc' dir='ltr'>φαμὲν·</span> <span class='ocrx_word' id='word_1_253' title='bbox 1499 1859 1623 1916; x_wconf 73' lang='grc' dir='ltr'>οὐδὲ</span> <span class='ocrx_word' id='word_1_254' title='bbox 1669 1862 1773 1936; x_wconf 82' lang='grc' dir='ltr'>γὰρ</span> <span class='ocrx_word' id='word_1_255' title='bbox 1805 1868 1954 1917; x_wconf 84' lang='grc' dir='ltr'>νοσεῖ</span> 
     </span>
    </p>
   </div>
   <div class='ocr_carea' id='block_1_37' title="bbox 298 1951 1948 2032">
    <p class='ocr_par' dir='ltr' id='par_1_37' title="bbox 298 1951 1948 2032">
     <span class='ocr_line' id='line_1_37' title="bbox 298 1951 1948 2032; baseline -0.002 -22"><span class='ocrx_word' id='word_1_256' title='bbox 298 1960 333 2026; x_wconf 81' lang='grc' dir='ltr'>ἡ</span> <span class='ocrx_word' id='word_1_257' title='bbox 371 1957 556 2032; x_wconf 78' lang='grc' dir='ltr'>ἀρετή·</span> <span class='ocrx_word' id='word_1_258' title='bbox 592 1957 620 2010; x_wconf 88' lang='lat'>6</span> <span class='ocrx_word' id='word_1_259' title='bbox 646 1952 704 2009; x_wconf 73' lang='grc' dir='ltr'>δὲ</span> <span class='ocrx_word' id='word_1_260' title='bbox 733 1954 938 2032; x_wconf 73' lang='grc' dir='ltr'>ἀμφοῖν</span> <span class='ocrx_word' id='word_1_261' title='bbox 973 1951 1352 2027; x_wconf 75' lang='grc' dir='ltr'>μετεσχηκὼς,</span> <span class='ocrx_word' id='word_1_262' title='bbox 1387 1951 1581 2022; x_wconf 81' lang='grc' dir='ltr'>ἀρετῆς</span> <span class='ocrx_word' id='word_1_263' title='bbox 1631 1955 1720 2006; x_wconf 82' lang='grc' dir='ltr'><strong>καί</strong></span> <span class='ocrx_word' id='word_1_264' title='bbox 1763 1951 1948 2022; x_wconf 87' lang='grc' dir='ltr'>νόσου,</span> 
     </span>
    </p>
   </div>
   <div class='ocr_carea' id='block_1_38' title="bbox 303 2035 1950 2118">
    <p class='ocr_par' dir='ltr' id='par_1_38' title="bbox 303 2035 1950 2118">
     <span class='ocr_line' id='line_1_38' title="bbox 303 2035 1950 2118; baseline -0.003 -18"><span class='ocrx_word' id='word_1_265' title='bbox 303 2046 409 2101; x_wconf 80' lang='grc' dir='ltr'>ὑπὸ</span> <span class='ocrx_word' id='word_1_266' title='bbox 439 2049 536 2099; x_wconf 74' lang='grc' dir='ltr'>τοῦ</span> <span class='ocrx_word' id='word_1_267' title='bbox 565 2043 977 2118; x_wconf 83' lang='grc' dir='ltr'>κατεπείγοντος</span> <span class='ocrx_word' id='word_1_268' title='bbox 1019 2035 1286 2104; x_wconf 79' lang='grc' dir='ltr'>θλίϐεται’</span> <span class='ocrx_word' id='word_1_269' title='bbox 1319 2039 1415 2094; x_wconf 74' lang='grc' dir='ltr'>κᾶν</span> <span class='ocrx_word' id='word_1_270' title='bbox 1453 2041 1528 2112; x_wconf 75' lang='grc' dir='ltr'>μὴ</span> <span class='ocrx_word' id='word_1_271' title='bbox 1577 2039 1950 2114; x_wconf 84' lang='grc' dir='ltr'>καταμεγαλο-</span> 
     </span>
    </p>
   </div>
   <div class='ocr_carea' id='block_1_39' title="bbox 299 2128 1951 2210">
    <p class='ocr_par' dir='ltr' id='par_1_39' title="bbox 299 2128 1951 2210">
     <span class='ocr_line' id='line_1_39' title="bbox 299 2128 1951 2210; baseline -0.003 -21"><span class='ocrx_word' id='word_1_272' title='bbox 299 2139 518 2210; x_wconf 77' lang='grc' dir='ltr'>φρονῶν</span> <span class='ocrx_word' id='word_1_273' title='bbox 546 2152 689 2207; x_wconf 81' lang='grc' dir='ltr'>τυχῃ</span> <span class='ocrx_word' id='word_1_274' title='bbox 720 2133 748 2186; x_wconf 92' lang='lat'>6</span> <span class='ocrx_word' id='word_1_275' title='bbox 783 2129 1013 2204; x_wconf 71' lang='grc' dir='ltr'>μηδέπω</span> <span class='ocrx_word' id='word_1_276' title='bbox 1043 2131 1142 2198; x_wconf 73' lang='grc' dir='ltr'>τὴν</span> <span class='ocrx_word' id='word_1_277' title='bbox 1169 2128 1276 2202; x_wconf 68' lang='grc' dir='ltr'>ἕξιν</span> <span class='ocrx_word' id='word_1_278' title='bbox 1308 2136 1407 2198; x_wconf 78' lang='grc' dir='ltr'>τῆς</span> <span class='ocrx_word' id='word_1_279' title='bbox 1453 2129 1764 2204; x_wconf 81' lang='grc' dir='ltr'>ἐγκρατείας</span> <span class='ocrx_word' id='word_1_280' title='bbox 1796 2150 1951 2206; x_wconf 90' lang='grc' dir='ltr'>περι-</span> 
     </span>
    </p>
   </div>
   <div class='ocr_carea' id='block_1_40' title="bbox 297 2216 1951 2296">
    <p class='ocr_par' dir='ltr' id='par_1_40' title="bbox 297 2216 1951 2296">
     <span class='ocr_line' id='line_1_40' title="bbox 297 2216 1951 2296; baseline -0.002 -18"><span class='ocrx_word' id='word_1_281' title='bbox 297 2224 706 2295; x_wconf 72' lang='grc' dir='ltr'>ποιησάμενος,</span> <span class='ocrx_word' id='word_1_282' title='bbox 755 2218 1044 2292; x_wconf 77' lang='grc' dir='ltr'>ἐξίσταται,</span> <span class='ocrx_word' id='word_1_283' title='bbox 1072 2216 1194 2272; x_wconf 71' lang='grc' dir='ltr'>’ίσον</span> <span class='ocrx_word' id='word_1_284' title='bbox 1242 2239 1300 2272; x_wconf 86' lang='grc' dir='ltr'>τε</span> <span class='ocrx_word' id='word_1_285' title='bbox 1346 2217 1646 2293; x_wconf 74' lang='grc' dir='ltr'>εὑρίσκεται</span> <span class='ocrx_word' id='word_1_286' title='bbox 1695 2223 1774 2290; x_wconf 85' lang='grc' dir='ltr'>τῷ</span> <span class='ocrx_word' id='word_1_287' title='bbox 1821 2219 1951 2296; x_wconf 79' lang='grc' dir='ltr'>φεύ-</span> 
     </span>
    </p>
   </div>
   <div class='ocr_carea' id='block_1_41' title="bbox 297 2305 1950 2388">
    <p class='ocr_par' dir='ltr' id='par_1_41' title="bbox 297 2305 1950 2388">
     <span class='ocr_line' id='line_1_41' title="bbox 297 2305 1950 2388; baseline -0.003 -20"><span class='ocrx_word' id='word_1_288' title='bbox 297 2335 412 2388; x_wconf 88' lang='grc' dir='ltr'>γειν</span> <span class='ocrx_word' id='word_1_289' title='bbox 445 2313 508 2368; x_wconf 84' lang='grc' dir='ltr'>τὸ</span> <span class='ocrx_word' id='word_1_290' title='bbox 544 2313 619 2384; x_wconf 73' lang='grc' dir='ltr'>μὴ</span> <span class='ocrx_word' id='word_1_291' title='bbox 653 2311 714 2366; x_wconf 80' lang='grc' dir='ltr'>οὐ</span> <span class='ocrx_word' id='word_1_292' title='bbox 747 2311 1056 2382; x_wconf 84' lang='grc' dir='ltr'>ὑπομεῖναι.</span> <span class='ocrx_word' id='word_1_293' title='bbox 1089 2310 1146 2363; x_wconf 81' lang='grc' dir='ltr'><strong>Ὀ</strong></span> <span class='ocrx_word' id='word_1_294' title='bbox 1177 2306 1234 2362; x_wconf 68' lang='grc' dir='ltr'>δὲ</span> <span class='ocrx_word' id='word_1_295' title='bbox 1276 2306 1435 2370; x_wconf 79' lang='grc' dir='ltr'>αὐτὸς</span> <span class='ocrx_word' id='word_1_296' title='bbox 1469 2305 1635 2382; x_wconf 83' lang='grc' dir='ltr'>λόγος</span> <span class='ocrx_word' id='word_1_297' title='bbox 1679 2308 1771 2362; x_wconf 83' lang='grc' dir='ltr'>καὶ</span> <span class='ocrx_word' id='word_1_298' title='bbox 1825 2308 1950 2384; x_wconf 76' lang='grc' dir='ltr'>περὶ</span> 
     </span>
    </p>
   </div>
   <div class='ocr_carea' id='block_1_42' title="bbox 295 2395 1947 2472">
    <p class='ocr_par' dir='ltr' id='par_1_42' title="bbox 295 2395 1947 2472">
     <span class='ocr_line' id='line_1_42' title="bbox 295 2395 1947 2472; baseline -0.004 -15"><span class='ocrx_word' id='word_1_299' title='bbox 295 2402 505 2464; x_wconf 71' lang='grc' dir='ltr'>πενίας·</span> <span class='ocrx_word' id='word_1_300' title='bbox 540 2401 652 2456; x_wconf 79' lang='grc' dir='ltr'>ἐπεὶ</span> <span class='ocrx_word' id='word_1_301' title='bbox 685 2403 774 2454; x_wconf 82' lang='grc' dir='ltr'>καί</span> <span class='ocrx_word' id='word_1_302' title='bbox 824 2399 958 2467; x_wconf 79' lang='grc' dir='ltr'>αὖτή</span> <span class='ocrx_word' id='word_1_303' title='bbox 1016 2402 1124 2452; x_wconf 81' lang='grc' dir='ltr'>τῶν</span> <span class='ocrx_word' id='word_1_304' title='bbox 1175 2397 1504 2472; x_wconf 82' lang='grc' dir='ltr'>ἀναγκαίων,</span> <span class='ocrx_word' id='word_1_305' title='bbox 1536 2401 1635 2462; x_wconf 75' lang='grc' dir='ltr'>τῆς</span> <span class='ocrx_word' id='word_1_306' title='bbox 1697 2395 1947 2469; x_wconf 85' lang='grc' dir='ltr'>Θεωρίας,</span> 
     </span>
    </p>
   </div>
   <div class='ocr_carea' id='block_1_43' title="bbox 298 2484 1946 2568">
    <p class='ocr_par' dir='ltr' id='par_1_43' title="bbox 298 2484 1946 2568">
     <span class='ocr_line' id='line_1_43' title="bbox 298 2484 1946 2568; baseline -0.007 -19"><span class='ocrx_word' id='word_1_307' title='bbox 298 2492 471 2568; x_wconf 69' lang='grc' dir='ltr'>λέγω,</span> <span class='ocrx_word' id='word_1_308' title='bbox 532 2490 622 2545; x_wconf 78' lang='grc' dir='ltr'>καὶ</span> <span class='ocrx_word' id='word_1_309' title='bbox 674 2490 774 2558; x_wconf 85' lang='grc' dir='ltr'>τής</span> <span class='ocrx_word' id='word_1_310' title='bbox 832 2492 1069 2558; x_wconf 80' lang='grc' dir='ltr'>καθαρᾶς</span> <span class='ocrx_word' id='word_1_311' title='bbox 1124 2485 1552 2562; x_wconf 84' lang='grc' dir='ltr'>ἀναμαρτησίας,</span> <span class='ocrx_word' id='word_1_312' title='bbox 1606 2484 1946 2560; x_wconf 84' lang='grc' dir='ltr'>ἀπασχολεῖν</span> 
     </span>
    </p>
   </div>
   <div class='ocr_carea' id='block_1_44' title="bbox 303 2569 1947 2659">
    <p class='ocr_par' dir='ltr' id='par_1_44' title="bbox 303 2569 1947 2659">
     <span class='ocr_line' id='line_1_44' title="bbox 303 2569 1947 2659; baseline -0.004 -23"><span class='ocrx_word' id='word_1_313' title='bbox 303 2583 544 2659; x_wconf 82' lang='grc' dir='ltr'>βιάζεται</span> <span class='ocrx_word' id='word_1_314' title='bbox 575 2581 674 2648; x_wconf 80' lang='grc' dir='ltr'>τήν</span> <span class='ocrx_word' id='word_1_315' title='bbox 707 2578 917 2654; x_wconf 75' lang='grc' dir='ltr'>ψυχὴν,</span> <span class='ocrx_word' id='word_1_316' title='bbox 949 2577 1072 2650; x_wconf 83' lang='grc' dir='ltr'>περὶ</span> <span class='ocrx_word' id='word_1_317' title='bbox 1114 2576 1244 2637; x_wconf 80' lang='grc' dir='ltr'>τοὺς</span> <span class='ocrx_word' id='word_1_318' title='bbox 1294 2573 1600 2649; x_wconf 83' lang='grc' dir='ltr'>πορισμοὺς</span> <span class='ocrx_word' id='word_1_319' title='bbox 1651 2569 1947 2648; x_wconf 76' lang='grc' dir='ltr'>διατρίϐειν</span> 
     </span>
    </p>
   </div>
   <div class='ocr_carea' id='block_1_45' title="bbox 300 2661 1950 2746">
    <p class='ocr_par' dir='ltr' id='par_1_45' title="bbox 300 2661 1950 2746">
     <span class='ocr_line' id='line_1_45' title="bbox 300 2661 1950 2746; baseline -0.004 -21"><span class='ocrx_word' id='word_1_320' title='bbox 300 2671 698 2746; x_wconf 71' lang='grc' dir='ltr'>ἀναγκάζουσα,</span> <span class='ocrx_word' id='word_1_321' title='bbox 729 2667 820 2721; x_wconf 88' lang='grc' dir='ltr'>τὸν</span> <span class='ocrx_word' id='word_1_322' title='bbox 861 2667 934 2740; x_wconf 80' lang='grc' dir='ltr'>μὴ</span> <span class='ocrx_word' id='word_1_323' title='bbox 969 2663 1099 2720; x_wconf 79' lang='grc' dir='ltr'>ὅλον</span> <span class='ocrx_word' id='word_1_324' title='bbox 1145 2665 1332 2719; x_wconf 71' lang='grc' dir='ltr'>ἑαυτὸν</span> <span class='ocrx_word' id='word_1_325' title='bbox 1385 2661 1454 2718; x_wconf 87' lang='grc' dir='ltr'>δι’</span> <span class='ocrx_word' id='word_1_326' title='bbox 1504 2662 1720 2737; x_wconf 80' lang='grc' dir='ltr'>ἀγάπης</span> <span class='ocrx_word' id='word_1_327' title='bbox 1761 2662 1950 2718; x_wconf 86' lang='grc' dir='ltr'>ἀνατε-</span> 
     </span>
    </p>
   </div>
   <div class='ocr_carea' id='block_1_46' title="bbox 299 2750 1944 2829">
    <p class='ocr_par' dir='ltr' id='par_1_46' title="bbox 299 2750 1944 2829">
     <span class='ocr_line' id='line_1_46' title="bbox 299 2750 1944 2829; baseline -0.006 -14"><span class='ocrx_word' id='word_1_328' title='bbox 299 2761 516 2824; x_wconf 85' lang='grc' dir='ltr'>θεικότα</span> <span class='ocrx_word' id='word_1_329' title='bbox 571 2761 650 2828; x_wconf 82' lang='grc' dir='ltr'>τῷ</span> <span class='ocrx_word' id='word_1_330' title='bbox 708 2761 844 2828; x_wconf 57' lang='grc' dir='ltr'>Θεῷ</span> <span class='ocrx_word' id='word_1_331' title='bbox 880 2755 1062 2829; x_wconf 85' lang='grc' dir='ltr'>ὥσπερ</span> <span class='ocrx_word' id='word_1_332' title='bbox 1094 2750 1331 2826; x_wconf 79' lang='grc' dir='ltr'>ἔμπαλιν</span> <span class='ocrx_word' id='word_1_333' title='bbox 1381 2752 1415 2822; x_wconf 76' lang='grc' dir='ltr'><strong>ἥ</strong></span> <span class='ocrx_word' id='word_1_334' title='bbox 1464 2773 1524 2807; x_wconf 85' lang='grc' dir='ltr'>τε</span> <span class='ocrx_word' id='word_1_335' title='bbox 1583 2752 1752 2828; x_wconf 84' lang='grc' dir='ltr'>ὑγίεια</span> <span class='ocrx_word' id='word_1_336' title='bbox 1790 2751 1880 2806; x_wconf 85' lang='grc' dir='ltr'>καὶ</span> <span class='ocrx_word' id='word_1_337' title='bbox 1910 2753 1944 2821; x_wconf 78' lang='grc' dir='ltr'>ἡ</span> 
     </span>
    </p>
   </div>
   <div class='ocr_carea' id='block_1_47' title="bbox 294 2837 1945 2922">
    <p class='ocr_par' dir='ltr' id='par_1_47' title="bbox 294 2837 1945 2922">
     <span class='ocr_line' id='line_1_47' title="bbox 294 2837 1945 2922; baseline -0.006 -18"><span class='ocrx_word' id='word_1_338' title='bbox 294 2853 404 2904; x_wconf 82' lang='grc' dir='ltr'>τῶν</span> <span class='ocrx_word' id='word_1_339' title='bbox 435 2844 753 2917; x_wconf 75' lang='grc' dir='ltr'>ἐπιτηδείων</span> <span class='ocrx_word' id='word_1_340' title='bbox 797 2843 1023 2922; x_wconf 66' lang='grc' dir='ltr'>ἀφθονία</span> <span class='ocrx_word' id='word_1_341' title='bbox 1072 2841 1358 2914; x_wconf 73' lang='grc' dir='ltr'>ἐλευθέραν</span> <span class='ocrx_word' id='word_1_342' title='bbox 1409 2840 1498 2895; x_wconf 83' lang='grc' dir='ltr'>καὶ</span> <span class='ocrx_word' id='word_1_343' title='bbox 1548 2837 1945 2912; x_wconf 80' lang='grc' dir='ltr'>ἀνεμπόδιστον</span> 
     </span>
    </p>
   </div>
   <div class='ocr_carea' id='block_1_48' title="bbox 295 2929 1945 3016">
    <p class='ocr_par' dir='ltr' id='par_1_48' title="bbox 295 2929 1945 3016">
     <span class='ocr_line' id='line_1_48' title="bbox 295 2929 1945 3016; baseline -0.013 -23"><span class='ocrx_word' id='word_1_344' title='bbox 295 2936 557 3016; x_wconf 77' lang='grc' dir='ltr'>φυλάσσει</span> <span class='ocrx_word' id='word_1_345' title='bbox 587 2937 686 3005; x_wconf 80' lang='grc' dir='ltr'>τὴν</span> <span class='ocrx_word' id='word_1_346' title='bbox 719 2935 924 3010; x_wconf 71' lang='grc' dir='ltr'>ψυχὴν,</span> <span class='ocrx_word' id='word_1_347' title='bbox 961 2933 1050 2987; x_wconf 85' lang='grc' dir='ltr'>καὶ</span> <span class='ocrx_word' id='word_1_348' title='bbox 1101 2929 1156 2985; x_wconf 74' lang='grc' dir='ltr'>εὖ</span> <span class='ocrx_word' id='word_1_349' title='bbox 1207 2934 1444 3005; x_wconf 75' lang='grc' dir='ltr'>χρῆσθαι</span> <span class='ocrx_word' id='word_1_350' title='bbox 1485 2931 1597 3004; x_wconf 79' lang='grc'>(43)</span> <span class='ocrx_word' id='word_1_351' title='bbox 1627 2934 1746 2990; x_wconf 82' lang='grc' dir='ltr'>τοῖς</span> <span class='ocrx_word' id='word_1_352' title='bbox 1804 2949 1945 3016; x_wconf 76' lang='grc' dir='ltr'>παρ-</span> 
     </span>
    </p>
   </div>
   <div class='ocr_carea' id='block_1_49' title="bbox 293 3015 1947 3102">
    <p class='ocr_par' dir='ltr' id='par_1_49' title="bbox 293 3015 1947 3102">
     <span class='ocr_line' id='line_1_49' title="bbox 293 3015 1947 3102; baseline -0.008 -20"><span class='ocrx_word' id='word_1_353' title='bbox 293 3015 411 3083; x_wconf 75' lang='grc' dir='ltr'>οὖσι</span> <span class='ocrx_word' id='word_1_354' title='bbox 453 3027 838 3102; x_wconf 70' lang='grc' dir='ltr'>γινώσκουσι-ιν·</span> <span class='ocrx_word' id='word_1_355' title='bbox 894 3047 921 3075; x_wconf 89' lang='grc'>‹‹</span> <span class='ocrx_word' id='word_1_356' title='bbox 955 3020 1147 3094; x_wconf 80' lang='grc' dir='ltr'>Θλίψιν</span> <span class='ocrx_word' id='word_1_357' title='bbox 1204 3021 1313 3093; x_wconf 76' lang='grc'>(4-4)</span> <span class='ocrx_word' id='word_1_358' title='bbox 1354 3019 1479 3094; x_wconf 89' lang='grc' dir='ltr'>γάρ,</span> <span class='ocrx_word' id='word_1_359' title='bbox 1526 3016 1689 3092; x_wconf 73' lang='grc' dir='ltr'>φησὶν</span> <span class='ocrx_word' id='word_1_360' title='bbox 1721 3017 1748 3071; x_wconf 89' lang='lat'>6</span> <span class='ocrx_word' id='word_1_361' title='bbox 1781 3015 1947 3073; x_wconf 86' lang='grc' dir='ltr'>Ἀπό-</span> 
     </span>
    </p>
   </div>
   <div class='ocr_carea' id='block_1_50' title="bbox 293 3103 1939 3189">
    <p class='ocr_par' dir='ltr' id='par_1_50' title="bbox 293 3103 1939 3189">
     <span class='ocr_line' id='line_1_50' title="bbox 293 3103 1939 3189; baseline -0.009 -16"><span class='ocrx_word' id='word_1_362' title='bbox 293 3117 509 3186; x_wconf 88' lang='grc' dir='ltr'>στολος,</span> <span class='ocrx_word' id='word_1_363' title='bbox 540 3119 609 3189; x_wconf 81' lang='grc' dir='ltr'>τῇ</span> <span class='ocrx_word' id='word_1_364' title='bbox 659 3113 815 3187; x_wconf 85' lang='grc' dir='ltr'>σαρκὶ</span> <span class='ocrx_word' id='word_1_365' title='bbox 843 3110 1052 3185; x_wconf 70' lang='grc' dir='ltr'>ἕξουσιν</span> <span class='ocrx_word' id='word_1_366' title='bbox 1104 3111 1155 3164; x_wconf 75' lang='grc' dir='ltr'>οἱ</span> <span class='ocrx_word' id='word_1_367' title='bbox 1209 3112 1472 3165; x_wconf 78' lang='grc' dir='ltr'>τοιοῦτοι.</span> <span class='ocrx_word' id='word_1_368' title='bbox 1525 3107 1666 3182; x_wconf 85' lang='grc' dir='ltr'>Ἐγὼ</span> <span class='ocrx_word' id='word_1_369' title='bbox 1699 3103 1754 3161; x_wconf 78' lang='grc' dir='ltr'>δὲ</span> <span class='ocrx_word' id='word_1_370' title='bbox 1787 3107 1939 3178; x_wconf 81' lang='grc' dir='ltr'>ὑμῶν</span> 
     </span>
    </p>
   </div>
   <div class='ocr_carea' id='block_1_51' title="bbox 292 3167 2014 3286">
    <p class='ocr_par' dir='ltr' id='par_1_51' title="bbox 292 3167 2014 3286">
     <span class='ocr_line' id='line_1_51' title="bbox 297 3167 1833 3189; baseline -0.008 1"><span class='ocrx_word' id='word_1_371' title='bbox 297 3167 509 3186; x_wconf 59' lang='grc' dir='ltr'>*ν’-πη</span> <span class='ocrx_word' id='word_1_372' title='bbox 553 3167 609 3189; x_wconf 67' lang='lat' dir='ltr'>&quot;.I</span> <span class='ocrx_word' id='word_1_373' title='bbox 668 3167 789 3187; x_wconf 58' lang='lat'>&quot;1&quot;</span> <span class='ocrx_word' id='word_1_374' title='bbox 875 3167 896 3185; x_wconf 69' lang='grc' dir='ltr'>τ</span> <span class='ocrx_word' id='word_1_375' title='bbox 1599 3167 1610 3182; x_wconf 76' lang='grc' dir='ltr'><strong><em>ο</em></strong></span> <span class='ocrx_word' id='word_1_376' title='bbox 1823 3167 1833 3178; x_wconf 84' lang='grc'><strong>.</strong></span> 
     </span>
     <span class='ocr_line' id='line_1_52' title="bbox 292 3167 2014 3286; baseline -0.009 -24"><span class='ocrx_word' id='word_1_377' title='bbox 292 3205 576 3286; x_wconf 69' lang='grc' dir='ltr'>φείδομαι·</span> <span class='ocrx_word' id='word_1_378' title='bbox 609 3203 753 3259; x_wconf 80' lang='grc' dir='ltr'>θὲλω</span> <span class='ocrx_word' id='word_1_379' title='bbox 781 3202 882 3278; x_wconf 74' lang='grc' dir='ltr'>γάρ</span> <span class='ocrx_word' id='word_1_380' title='bbox 929 3201 1068 3273; x_wconf 81' lang='grc' dir='ltr'>ὑμᾶς</span> <span class='ocrx_word' id='word_1_381' title='bbox 1125 3197 1459 3272; x_wconf 79' lang='grc' dir='ltr'>ἀμερίμνους</span> <span class='ocrx_word' id='word_1_382' title='bbox 1520 3199 1656 3251; x_wconf 84' lang='grc' dir='ltr'>εἴναι</span> <span class='ocrx_word' id='word_1_383' title='bbox 1715 3196 1850 3266; x_wconf 86' lang='grc' dir='ltr'>πρὸς</span> <span class='ocrx_word' id='word_1_384' title='bbox 1877 3195 1940 3249; x_wconf 87' lang='grc' dir='ltr'>τὸ</span> <span class='ocrx_word' id='word_1_385' title='bbox 1971 3167 2014 3230; x_wconf 82' lang='lat' dir='ltr'><strong><em>C</em></strong></span> 
     </span>
    </p>
   </div>
   <div class='ocr_carea' id='block_1_52' title="bbox 294 3287 1934 3373">
    <p class='ocr_par' dir='ltr' id='par_1_52' title="bbox 294 3287 1934 3373">
     <span class='ocr_line' id='line_1_53' title="bbox 294 3287 1934 3373; baseline -0.01 -19"><span class='ocrx_word' id='word_1_386' title='bbox 294 3297 578 3373; x_wconf 65' lang='grc' dir='ltr'>εὔσχημον</span> <span class='ocrx_word' id='word_1_387' title='bbox 609 3294 698 3350; x_wconf 78' lang='grc' dir='ltr'>καὶ</span> <span class='ocrx_word' id='word_1_388' title='bbox 732 3289 1060 3368; x_wconf 70' lang='grc' dir='ltr'>εὐπάρεδρον</span> <span class='ocrx_word' id='word_1_389' title='bbox 1109 3295 1188 3362; x_wconf 76' lang='grc' dir='ltr'>τῷ</span> <span class='ocrx_word' id='word_1_390' title='bbox 1219 3289 1404 3361; x_wconf 87' lang='grc' dir='ltr'>Κυρίῳ</span> <span class='ocrx_word' id='word_1_391' title='bbox 1433 3287 1870 3362; x_wconf 83' lang='grc' dir='ltr'>ἀπερισπάστως.</span> <span class='ocrx_word' id='word_1_392' title='bbox 1907 3311 1934 3337; x_wconf 81' lang='grc'><strong>››</strong></span> 
     </span>
    </p>
   </div>
   <div class='ocr_carea' id='block_1_53' title="bbox 293 3374 1938 3448">
    <p class='ocr_par' dir='ltr' id='par_1_53' title="bbox 293 3374 1938 3448">
     <span class='ocr_line' id='line_1_54' title="bbox 293 3374 1938 3448; baseline -0.009 -4"><span class='ocrx_word' id='word_1_393' title='bbox 293 3389 514 3444; x_wconf 70' lang='grc' dir='ltr'>Τοΰτῶν</span> <span class='ocrx_word' id='word_1_394' title='bbox 540 3386 631 3440; x_wconf 77' lang='grc' dir='ltr'>οὖν</span> <span class='ocrx_word' id='word_1_395' title='bbox 657 3382 933 3439; x_wconf 70' lang='grc' dir='ltr'>ἀνθεκτέον</span> <span class='ocrx_word' id='word_1_396' title='bbox 968 3379 1029 3434; x_wconf 77' lang='grc' dir='ltr'>οὐ</span> <span class='ocrx_word' id='word_1_397' title='bbox 1063 3377 1134 3434; x_wconf 84' lang='grc' dir='ltr'>δι’</span> <span class='ocrx_word' id='word_1_398' title='bbox 1176 3377 1330 3448; x_wconf 72' lang='grc' dir='ltr'>αὐτὰ,</span> <span class='ocrx_word' id='word_1_399' title='bbox 1382 3375 1526 3432; x_wconf 90' lang='grc' dir='ltr'>ἀλλά</span> <span class='ocrx_word' id='word_1_400' title='bbox 1550 3374 1639 3431; x_wconf 81' lang='grc' dir='ltr'>διὰ</span> <span class='ocrx_word' id='word_1_401' title='bbox 1666 3376 1729 3431; x_wconf 84' lang='grc' dir='ltr'>τὸ</span> <span class='ocrx_word' id='word_1_402' title='bbox 1762 3380 1938 3448; x_wconf 81' lang='grc' dir='ltr'>σῶμα·</span> 
     </span>
    </p>
   </div>
   <div class='ocr_carea' id='block_1_54' title="bbox 293 3465 1941 3547">
    <p class='ocr_par' dir='ltr' id='par_1_54' title="bbox 293 3465 1941 3547">
     <span class='ocr_line' id='line_1_55' title="bbox 293 3465 1941 3547; baseline -0.008 -16"><span class='ocrx_word' id='word_1_403' title='bbox 293 3480 329 3547; x_wconf 77' lang='grc' dir='ltr'>ἠ</span> <span class='ocrx_word' id='word_1_404' title='bbox 365 3475 422 3531; x_wconf 65' lang='grc' dir='ltr'>δι</span> <span class='ocrx_word' id='word_1_405' title='bbox 450 3479 546 3530; x_wconf 77' lang='grc' dir='ltr'>τοῦ</span> <span class='ocrx_word' id='word_1_406' title='bbox 578 3475 830 3546; x_wconf 74' lang='grc' dir='ltr'>σώματος</span> <span class='ocrx_word' id='word_1_407' title='bbox 873 3468 1159 3543; x_wconf 62' lang='grc' dir='ltr'>ἐπιμέλεια</span> <span class='ocrx_word' id='word_1_408' title='bbox 1202 3466 1290 3522; x_wconf 78' lang='grc' dir='ltr'>διὰ</span> <span class='ocrx_word' id='word_1_409' title='bbox 1346 3467 1444 3534; x_wconf 81' lang='grc' dir='ltr'>τήν</span> <span class='ocrx_word' id='word_1_410' title='bbox 1474 3467 1660 3540; x_wconf 82' lang='grc' dir='ltr'>ψυχὴν</span> <span class='ocrx_word' id='word_1_411' title='bbox 1719 3465 1941 3540; x_wconf 86' lang='grc' dir='ltr'>γίνεται,</span> 
     </span>
    </p>
   </div>
   <div class='ocr_carea' id='block_1_55' title="bbox 296 3554 1942 3644">
    <p class='ocr_par' dir='ltr' id='par_1_55' title="bbox 296 3554 1942 3644">
     <span class='ocr_line' id='line_1_56' title="bbox 296 3554 1942 3644; baseline -0.01 -22"><span class='ocrx_word' id='word_1_412' title='bbox 296 3567 378 3644; x_wconf 82' lang='grc' dir='ltr'>ἐφ’</span> <span class='ocrx_word' id='word_1_413' title='bbox 408 3566 476 3635; x_wconf 73' lang='grc' dir='ltr'>ἣν</span> <span class='ocrx_word' id='word_1_414' title='bbox 507 3567 541 3633; x_wconf 76' lang='grc' dir='ltr'>ἡ</span> <span class='ocrx_word' id='word_1_415' title='bbox 575 3563 837 3640; x_wconf 73' lang='grc' dir='ltr'>ἀναφορά.</span> <span class='ocrx_word' id='word_1_416' title='bbox 873 3561 959 3617; x_wconf 85' lang='grc' dir='ltr'>Ἐν</span> <span class='ocrx_word' id='word_1_417' title='bbox 991 3558 1159 3632; x_wconf 70' lang='grc' dir='ltr'>ταύτῃ</span> <span class='ocrx_word' id='word_1_418' title='bbox 1191 3558 1295 3632; x_wconf 75' lang='grc' dir='ltr'>γὰρ</span> <span class='ocrx_word' id='word_1_419' title='bbox 1349 3560 1536 3628; x_wconf 82' lang='grc' dir='ltr'>μαθεῖν</span> <span class='ocrx_word' id='word_1_420' title='bbox 1587 3554 1798 3644; x_wconf 81' lang='grc' dir='ltr'>ἀνάγκη</span> <span class='ocrx_word' id='word_1_421' title='bbox 1847 3555 1942 3644; x_wconf 70' lang='grc' dir='ltr'>τὸν</span> 
     </span>
    </p>
   </div>
   <div class='ocr_carea' id='block_1_56' title="bbox 294 3637 1945 3732">
    <p class='ocr_par' dir='ltr' id='par_1_56' title="bbox 294 3637 1945 3732">
     <span class='ocr_line' id='line_1_57' title="bbox 294 3637 1945 3732; baseline -0.009 -22"><span class='ocrx_word' id='word_1_422' title='bbox 294 3637 613 3732; x_wconf 71' lang='grc' dir='ltr'>γνωστικῶς</span> <span class='ocrx_word' id='word_1_423' title='bbox 651 3637 1072 3721; x_wconf 82' lang='grc' dir='ltr'>πολιτευόμενον</span> <span class='ocrx_word' id='word_1_424' title='bbox 1131 3647 1197 3701; x_wconf 81' lang='grc' dir='ltr'>τά</span> <span class='ocrx_word' id='word_1_425' title='bbox 1251 3646 1614 3718; x_wconf 79' lang='grc' dir='ltr'>προσήκοντα⁶</span> <span class='ocrx_word' id='word_1_426' title='bbox 1649 3642 1764 3697; x_wconf 86' lang='grc' dir='ltr'>ἐπεὶ</span> <span class='ocrx_word' id='word_1_427' title='bbox 1794 3637 1856 3696; x_wconf 87' lang='grc' dir='ltr'>τό</span> <span class='ocrx_word' id='word_1_428' title='bbox 1885 3663 1945 3717; x_wconf 89' lang='grc' dir='ltr'>γε</span> 
     </span>
    </p>
   </div>
   <div class='ocr_carea' id='block_1_57' title="bbox 295 3730 1944 3819">
    <p class='ocr_par' dir='ltr' id='par_1_57' title="bbox 295 3730 1944 3819">
     <span class='ocr_line' id='line_1_58' title="bbox 295 3730 1944 3819; baseline -0.009 -19"><span class='ocrx_word' id='word_1_429' title='bbox 435 3746 570 3798; x_wconf 79' lang='grc' dir='ltr'>εἶναι</span> <span class='ocrx_word' id='word_1_430' title='bbox 626 3743 726 3810; x_wconf 73' lang='grc' dir='ltr'>τὴν</span> <span class='ocrx_word' id='word_1_431' title='bbox 782 3736 986 3809; x_wconf 76' lang='grc' dir='ltr'>ἡδονὴν</span> <span class='ocrx_word' id='word_1_432' title='bbox 1046 3737 1242 3812; x_wconf 79' lang='grc' dir='ltr'>ἀγαθὸν</span> <span class='ocrx_word' id='word_1_433' title='bbox 1304 3731 1686 3806; x_wconf 85' lang='grc' dir='ltr'>ὡμολόγηται,</span> <span class='ocrx_word' id='word_1_434' title='bbox 1737 3730 1796 3786; x_wconf 85' lang='grc' dir='ltr'>ἐκ</span> <span class='ocrx_word' id='word_1_435' title='bbox 1846 3735 1944 3786; x_wconf 80' lang='grc' dir='ltr'>τοῦ</span> 
     </span>
    </p>
   </div>
   <div class='ocr_carea' id='block_1_58' title="bbox 291 3821 1944 3900">
    <p class='ocr_par' dir='ltr' id='par_1_58' title="bbox 291 3821 1944 3900">
     <span class='ocr_line' id='line_1_59' title="bbox 291 3821 1944 3900; baseline -0.009 -11"><span class='ocrx_word' id='word_1_436' title='bbox 291 3834 464 3895; x_wconf 79' lang='grc' dir='ltr'>κακάς</span> <span class='ocrx_word' id='word_1_437' title='bbox 497 3829 629 3887; x_wconf 75' lang='grc' dir='ltr'>εἶναί</span> <span class='ocrx_word' id='word_1_438' title='bbox 657 3850 805 3891; x_wconf 88' lang='grc' dir='ltr'>τινας</span> <span class='ocrx_word' id='word_1_439' title='bbox 865 3827 1084 3896; x_wconf 77' lang='grc' dir='ltr'>ἡδονάς·</span> <span class='ocrx_word' id='word_1_440' title='bbox 1143 3824 1322 3895; x_wconf 68' lang='grc' dir='ltr'>τούτῳ</span> <span class='ocrx_word' id='word_1_441' title='bbox 1373 3827 1454 3894; x_wconf 80' lang='grc' dir='ltr'>τῷ</span> <span class='ocrx_word' id='word_1_442' title='bbox 1514 3822 1662 3897; x_wconf 86' lang='grc' dir='ltr'>λόγῳ</span> <span class='ocrx_word' id='word_1_443' title='bbox 1716 3821 1944 3900; x_wconf 77' lang='grc' dir='ltr'>ἀναφαί-</span> 
     </span>
    </p>
   </div>
   <div class='ocr_carea' id='block_1_59' title="bbox 288 3906 1944 3996">
    <p class='ocr_par' dir='ltr' id='par_1_59' title="bbox 288 3906 1944 3996">
     <span class='ocr_line' id='line_1_60' title="bbox 288 3906 1944 3996; baseline -0.009 -18"><span class='ocrx_word' id='word_1_444' title='bbox 288 3944 438 3978; x_wconf 87' lang='grc' dir='ltr'>νεται</span> <span class='ocrx_word' id='word_1_445' title='bbox 467 3922 528 3978; x_wconf 85' lang='grc' dir='ltr'>τὸ</span> <span class='ocrx_word' id='word_1_446' title='bbox 561 3920 756 3996; x_wconf 83' lang='grc' dir='ltr'>ἀγαθὸν</span> <span class='ocrx_word' id='word_1_447' title='bbox 787 3916 972 3987; x_wconf 85' lang='grc' dir='ltr'>κακὸν,</span> <span class='ocrx_word' id='word_1_448' title='bbox 1002 3914 1091 3970; x_wconf 84' lang='grc' dir='ltr'>καὶ</span> <span class='ocrx_word' id='word_1_449' title='bbox 1141 3914 1206 3968; x_wconf 86' lang='grc' dir='ltr'>τὸ</span> <span class='ocrx_word' id='word_1_450' title='bbox 1236 3912 1400 3967; x_wconf 86' lang='grc' dir='ltr'>κακὸν</span> <span class='ocrx_word' id='word_1_451' title='bbox 1450 3906 1671 3988; x_wconf 86' lang='grc' dir='ltr'>ἀγαθόν.</span> <span class='ocrx_word' id='word_1_452' title='bbox 1724 3911 1944 3966; x_wconf 83' lang='grc' dir='ltr'>Ἔπειτα</span> 
     </span>
    </p>
   </div>
   <div class='ocr_carea' id='block_1_60' title="bbox 290 3996 1944 4079">
    <p class='ocr_par' dir='ltr' id='par_1_60' title="bbox 290 3996 1944 4079">
     <span class='ocr_line' id='line_1_61' title="bbox 290 3996 1944 4079; baseline -0.01 -11"><span class='ocrx_word' id='word_1_453' title='bbox 290 4011 369 4078; x_wconf 75' lang='grc' dir='ltr'>δὲ,</span> <span class='ocrx_word' id='word_1_454' title='bbox 431 4011 478 4066; x_wconf 83' lang='grc' dir='ltr'>εἷ</span> <span class='ocrx_word' id='word_1_455' title='bbox 532 4009 682 4070; x_wconf 75' lang='grc' dir='ltr'>τινάς</span> <span class='ocrx_word' id='word_1_456' title='bbox 717 4007 812 4079; x_wconf 73' lang='grc' dir='ltr'>μὲν</span> <span class='ocrx_word' id='word_1_457' title='bbox 862 4003 1166 4079; x_wconf 72' lang='grc' dir='ltr'>αἱρούμεθα</span> <span class='ocrx_word' id='word_1_458' title='bbox 1219 4006 1329 4056; x_wconf 78' lang='grc' dir='ltr'>τῶν</span> <span class='ocrx_word' id='word_1_459' title='bbox 1384 3997 1624 4070; x_wconf 77' lang='grc' dir='ltr'>ἡδονῶν,</span> <span class='ocrx_word' id='word_1_460' title='bbox 1683 3999 1834 4061; x_wconf 83' lang='grc' dir='ltr'>τινάς</span> <span class='ocrx_word' id='word_1_461' title='bbox 1887 3996 1944 4053; x_wconf 79' lang='grc' dir='ltr'>δὲ</span> 
     </span>
    </p>
   </div>
   <div class='ocr_carea' id='block_1_61' title="bbox 290 4085 1942 4179">
    <p class='ocr_par' dir='ltr' id='par_1_61' title="bbox 290 4085 1942 4179">
     <span class='ocr_line' id='line_1_62' title="bbox 290 4085 1942 4179; baseline -0.008 -23"><span class='ocrx_word' id='word_1_462' title='bbox 290 4100 598 4179; x_wconf 68' lang='grc' dir='ltr'>φεύγομεν,</span> <span class='ocrx_word' id='word_1_463' title='bbox 650 4096 712 4152; x_wconf 76' lang='grc' dir='ltr'>οὐ</span> <span class='ocrx_word' id='word_1_464' title='bbox 768 4100 912 4150; x_wconf 79' lang='grc' dir='ltr'>πᾶσα</span> <span class='ocrx_word' id='word_1_465' title='bbox 955 4090 1129 4162; x_wconf 85' lang='grc' dir='ltr'>ἠδονή</span> <span class='ocrx_word' id='word_1_466' title='bbox 1184 4089 1400 4166; x_wconf 87' lang='grc' dir='ltr'>ἀγαθόν.</span> <span class='ocrx_word' id='word_1_467' title='bbox 1457 4088 1702 4161; x_wconf 86' lang='grc' dir='ltr'>Ὁμοίως</span> <span class='ocrx_word' id='word_1_468' title='bbox 1755 4085 1812 4143; x_wconf 74' lang='grc' dir='ltr'>δὲ</span> <span class='ocrx_word' id='word_1_469' title='bbox 1852 4089 1942 4143; x_wconf 84' lang='grc' dir='ltr'>καὶ</span> 
     </span>
    </p>
   </div>
   <div class='ocr_carea' id='block_1_62' title="bbox 290 4177 1943 4261">
    <p class='ocr_par' dir='ltr' id='par_1_62' title="bbox 290 4177 1943 4261">
     <span class='ocr_line' id='line_1_63' title="bbox 290 4177 1943 4261; baseline -0.008 -15"><span class='ocrx_word' id='word_1_470' title='bbox 290 4177 381 4247; x_wconf 80' lang='grc' dir='ltr'>ἐπὶ</span> <span class='ocrx_word' id='word_1_471' title='bbox 415 4193 523 4243; x_wconf 75' lang='grc' dir='ltr'>τῶν</span> <span class='ocrx_word' id='word_1_472' title='bbox 557 4183 873 4261; x_wconf 86' lang='grc' dir='ltr'>ἀλγηδόνων</span> <span class='ocrx_word' id='word_1_473' title='bbox 907 4183 935 4236; x_wconf 90' lang='lat'>6</span> <span class='ocrx_word' id='word_1_474' title='bbox 965 4181 1126 4243; x_wconf 83' lang='grc' dir='ltr'>αὐτὸς</span> <span class='ocrx_word' id='word_1_475' title='bbox 1186 4179 1374 4254; x_wconf 87' lang='grc' dir='ltr'>λόγος,</span> <span class='ocrx_word' id='word_1_476' title='bbox 1407 4179 1479 4231; x_wconf 81' lang='grc' dir='ltr'>ὧν</span> <span class='ocrx_word' id='word_1_477' title='bbox 1511 4177 1606 4239; x_wconf 77' lang='grc' dir='ltr'>τὰς</span> <span class='ocrx_word' id='word_1_478' title='bbox 1659 4177 1753 4250; x_wconf 84' lang='grc' dir='ltr'>μὶν</span> <span class='ocrx_word' id='word_1_479' title='bbox 1808 4177 1943 4232; x_wconf 82' lang='grc' dir='ltr'>ὑπο-</span> 
     </span>
    </p>
   </div>
   <div class='ocr_carea' id='block_1_63' title="bbox 292 4265 1940 4353">
    <p class='ocr_par' dir='ltr' id='par_1_63' title="bbox 292 4265 1940 4353">
     <span class='ocr_line' id='line_1_64' title="bbox 292 4265 1940 4353; baseline -0.009 -19"><span class='ocrx_word' id='word_1_480' title='bbox 292 4281 553 4353; x_wconf 66' lang='grc' dir='ltr'>μένομεν,</span> <span class='ocrx_word' id='word_1_481' title='bbox 609 4277 704 4336; x_wconf 75' lang='grc' dir='ltr'>τὰς</span> <span class='ocrx_word' id='word_1_482' title='bbox 765 4271 821 4328; x_wconf 75' lang='grc' dir='ltr'>δὲ</span> <span class='ocrx_word' id='word_1_483' title='bbox 878 4270 1167 4347; x_wconf 69' lang='grc' dir='ltr'>φεύγομεν.</span> <span class='ocrx_word' id='word_1_484' title='bbox 1210 4269 1272 4322; x_wconf 85' lang='grc' dir='ltr'>Ἣ</span> <span class='ocrx_word' id='word_1_485' title='bbox 1305 4265 1361 4321; x_wconf 79' lang='grc' dir='ltr'>δὲ</span> <span class='ocrx_word' id='word_1_486' title='bbox 1391 4265 1595 4340; x_wconf 78' lang='grc' dir='ltr'>α’ίρεσις</span> <span class='ocrx_word' id='word_1_487' title='bbox 1651 4267 1740 4320; x_wconf 85' lang='grc' dir='ltr'>καὶ</span> <span class='ocrx_word' id='word_1_488' title='bbox 1798 4267 1940 4340; x_wconf 77' lang='grc' dir='ltr'>φυγὴ</span> 
     </span>
    </p>
   </div>
   <div class='ocr_carea' id='block_1_64' title="bbox 287 4355 1940 4438">
    <p class='ocr_par' dir='ltr' id='par_1_64' title="bbox 287 4355 1940 4438">
     <span class='ocr_line' id='line_1_65' title="bbox 287 4355 1940 4438; baseline -0.009 -15"><span class='ocrx_word' id='word_1_489' title='bbox 287 4369 408 4423; x_wconf 85' lang='grc' dir='ltr'>κατ’</span> <span class='ocrx_word' id='word_1_490' title='bbox 441 4366 749 4438; x_wconf 71' lang='grc' dir='ltr'>ἐπιστήμην</span> <span class='ocrx_word' id='word_1_491' title='bbox 802 4363 1028 4436; x_wconf 82' lang='grc' dir='ltr'>γίνεται’</span> <span class='ocrx_word' id='word_1_492' title='bbox 1089 4358 1227 4412; x_wconf 83' lang='grc' dir='ltr'>ὥστε</span> <span class='ocrx_word' id='word_1_493' title='bbox 1283 4357 1380 4424; x_wconf 82' lang='grc' dir='ltr'>τὴν</span> <span class='ocrx_word' id='word_1_494' title='bbox 1435 4355 1743 4426; x_wconf 72' lang='grc' dir='ltr'>ἐπιστήμην</span> <span class='ocrx_word' id='word_1_495' title='bbox 1804 4355 1940 4409; x_wconf 82' lang='grc' dir='ltr'>εἶναι</span> 
     </span>
    </p>
   </div>
   <div class='ocr_carea' id='block_1_65' title="bbox 285 4441 1937 4533">
    <p class='ocr_par' dir='ltr' id='par_1_65' title="bbox 285 4441 1937 4533">
     <span class='ocr_line' id='line_1_66' title="bbox 285 4441 1937 4533; baseline -0.01 -20"><span class='ocrx_word' id='word_1_496' title='bbox 285 4457 350 4514; x_wconf 81' lang='grc' dir='ltr'>τὸ</span> <span class='ocrx_word' id='word_1_497' title='bbox 384 4456 604 4533; x_wconf 78' lang='grc' dir='ltr'>ἀγαθὸν,</span> <span class='ocrx_word' id='word_1_498' title='bbox 634 4453 696 4508; x_wconf 73' lang='grc' dir='ltr'>οὐ</span> <span class='ocrx_word' id='word_1_499' title='bbox 735 4454 833 4521; x_wconf 72' lang='grc' dir='ltr'>τὴν</span> <span class='ocrx_word' id='word_1_500' title='bbox 885 4447 1112 4520; x_wconf 72' lang='grc' dir='ltr'>ἡδονήν,</span> <span class='ocrx_word' id='word_1_501' title='bbox 1161 4447 1229 4501; x_wconf 85' lang='grc' dir='ltr'>δι’</span> <span class='ocrx_word' id='word_1_502' title='bbox 1285 4445 1351 4514; x_wconf 71' lang='grc' dir='ltr'>ἢν</span> <span class='ocrx_word' id='word_1_503' title='bbox 1399 4443 1540 4498; x_wconf 82' lang='grc' dir='ltr'>ἔστιν</span> <span class='ocrx_word' id='word_1_504' title='bbox 1601 4441 1691 4497; x_wconf 75' lang='grc' dir='ltr'>ὅτε</span> <span class='ocrx_word' id='word_1_505' title='bbox 1720 4443 1808 4497; x_wconf 81' lang='grc' dir='ltr'>καὶ</span> <span class='ocrx_word' id='word_1_506' title='bbox 1838 4445 1937 4511; x_wconf 78' lang='grc' dir='ltr'>τήν</span> 
     </span>
    </p>
   </div>
   <div class='ocr_carea' id='block_1_66' title="bbox 2060 1865 3710 1939">
    <p class='ocr_par' dir='ltr' id='par_1_66' title="bbox 2060 1865 3710 1939">
     <span class='ocr_line' id='line_1_67' title="bbox 2060 1865 3710 1939; baseline 0.001 -22"><span class='ocrx_word' id='word_1_507' title='bbox 2060 1865 2383 1921; x_wconf 88' lang='lat' dir='ltr'>virtus.Sed</span> <span class='ocrx_word' id='word_1_508' title='bbox 2401 1873 2596 1922; x_wconf 86' lang='lat' dir='ltr'>tamen</span> <span class='ocrx_word' id='word_1_509' title='bbox 2613 1869 2712 1939; x_wconf 89' lang='lat' dir='ltr'>qui</span> <span class='ocrx_word' id='word_1_510' title='bbox 2729 1868 3140 1938; x_wconf 90' lang='lat' dir='ltr'>estutriusque</span> <span class='ocrx_word' id='word_1_511' title='bbox 3155 1867 3449 1938; x_wconf 87' lang='lat' dir='ltr'>particeps</span> <span class='ocrx_word' id='word_1_512' title='bbox 3463 1873 3520 1920; x_wconf 88' lang='lat' dir='ltr'>et</span> <span class='ocrx_word' id='word_1_513' title='bbox 3537 1867 3710 1920; x_wconf 87' lang='lat' dir='ltr'>virtu-</span> 
     </span>
    </p>
   </div>
   <div class='ocr_carea' id='block_1_67' title="bbox 2061 1954 3710 2028">
    <p class='ocr_par' dir='ltr' id='par_1_67' title="bbox 2061 1954 3710 2028">
     <span class='ocr_line' id='line_1_68' title="bbox 2061 1954 3710 2028; baseline 0 -20"><span class='ocrx_word' id='word_1_514' title='bbox 2061 1954 2134 2008; x_wconf 87' lang='lat' dir='ltr'>tis</span> <span class='ocrx_word' id='word_1_515' title='bbox 2153 1955 2435 2023; x_wconf 88' lang='lat' dir='ltr'>etmorbi,</span> <span class='ocrx_word' id='word_1_516' title='bbox 2451 1957 2684 2028; x_wconf 89' lang='lat' dir='ltr'>urgenti</span> <span class='ocrx_word' id='word_1_517' title='bbox 2701 1957 2903 2012; x_wconf 88' lang='lat' dir='ltr'>dolore</span> <span class='ocrx_word' id='word_1_518' title='bbox 2918 1958 3209 2028; x_wconf 88' lang='lat' dir='ltr'>premitur</span> <span class='ocrx_word' id='word_1_519' title='bbox 3228 1974 3241 2022; x_wconf 91' lang='lat'>;</span> <span class='ocrx_word' id='word_1_520' title='bbox 3261 1962 3318 2010; x_wconf 89' lang='lat' dir='ltr'>et</span> <span class='ocrx_word' id='word_1_521' title='bbox 3333 1957 3379 2010; x_wconf 87' lang='lat' dir='ltr'>si</span> <span class='ocrx_word' id='word_1_522' title='bbox 3396 1973 3517 2010; x_wconf 92' lang='lat' dir='ltr'>non</span> <span class='ocrx_word' id='word_1_523' title='bbox 3532 1955 3710 2009; x_wconf 90' lang='lat' dir='ltr'>fuerit</span> 
     </span>
    </p>
   </div>
   <div class='ocr_carea' id='block_1_68' title="bbox 2058 2045 3706 2116">
    <p class='ocr_par' dir='ltr' id='par_1_68' title="bbox 2058 2045 3706 2116">
     <span class='ocr_line' id='line_1_69' title="bbox 2058 2045 3706 2116; baseline 0 -19"><span class='ocrx_word' id='word_1_524' title='bbox 2058 2045 2254 2115; x_wconf 89' lang='lat' dir='ltr'>magni</span> <span class='ocrx_word' id='word_1_525' title='bbox 2271 2050 2328 2098; x_wconf 90' lang='lat' dir='ltr'>et</span> <span class='ocrx_word' id='word_1_526' title='bbox 2341 2045 2558 2100; x_wconf 83' lang='lat' dir='ltr'>excelsi</span> <span class='ocrx_word' id='word_1_527' title='bbox 2577 2047 2782 2113; x_wconf 90' lang='lat' dir='ltr'>animi,</span> <span class='ocrx_word' id='word_1_528' title='bbox 2797 2046 2898 2116; x_wconf 89' lang='lat' dir='ltr'>qui</span> <span class='ocrx_word' id='word_1_529' title='bbox 2918 2045 3185 2101; x_wconf 86' lang='lat' dir='ltr'>nundum</span> <span class='ocrx_word' id='word_1_530' title='bbox 3201 2045 3584 2100; x_wconf 71' lang='lat' dir='ltr'>continentiae</span> <span class='ocrx_word' id='word_1_531' title='bbox 3603 2045 3706 2097; x_wconf 86' lang='lat' dir='ltr'>ha-</span> 
     </span>
    </p>
   </div>
   <div class='ocr_carea' id='block_1_69' title="bbox 2057 2131 3700 2206">
    <p class='ocr_par' dir='ltr' id='par_1_69' title="bbox 2057 2131 3700 2206">
     <span class='ocr_line' id='line_1_70' title="bbox 2057 2131 3700 2206; baseline -0.001 -20"><span class='ocrx_word' id='word_1_532' title='bbox 2057 2131 2246 2187; x_wconf 90' lang='lat' dir='ltr'>bitum</span> <span class='ocrx_word' id='word_1_533' title='bbox 2275 2133 2339 2196; x_wconf 55' lang='lat' dir='ltr'>is</span> <span class='ocrx_word' id='word_1_534' title='bbox 2368 2135 2702 2204; x_wconf 87' lang='lat' dir='ltr'>acquisivit,</span> <span class='ocrx_word' id='word_1_535' title='bbox 2736 2135 2864 2190; x_wconf 92' lang='lat' dir='ltr'>loco</span> <span class='ocrx_word' id='word_1_536' title='bbox 2896 2136 3176 2206; x_wconf 86' lang='lat' dir='ltr'>pellitur;</span> <span class='ocrx_word' id='word_1_537' title='bbox 3212 2141 3270 2188; x_wconf 90' lang='lat' dir='ltr'>et</span> <span class='ocrx_word' id='word_1_538' title='bbox 3315 2135 3504 2189; x_wconf 88' lang='lat' dir='ltr'>instar</span> <span class='ocrx_word' id='word_1_539' title='bbox 3550 2133 3700 2204; x_wconf 71' lang='lat' dir='ltr'>fuga)</span> 
     </span>
    </p>
   </div>
   <div class='ocr_carea' id='block_1_70' title="bbox 2056 2221 3707 2280">
    <p class='ocr_par' dir='ltr' id='par_1_70' title="bbox 2056 2221 3707 2280">
     <span class='ocr_line' id='line_1_71' title="bbox 2056 2221 3707 2280; baseline 0 -4"><span class='ocrx_word' id='word_1_540' title='bbox 2056 2221 2358 2277; x_wconf 89' lang='lat' dir='ltr'>invenitur</span> <span class='ocrx_word' id='word_1_541' title='bbox 2375 2240 2494 2278; x_wconf 88' lang='lat' dir='ltr'>non</span> <span class='ocrx_word' id='word_1_542' title='bbox 2513 2224 2819 2280; x_wconf 88' lang='lat' dir='ltr'>tolerasse.</span> <span class='ocrx_word' id='word_1_543' title='bbox 2843 2225 3062 2280; x_wconf 88' lang='lat' dir='ltr'>Eadem</span> <span class='ocrx_word' id='word_1_544' title='bbox 3085 2229 3174 2279; x_wconf 93' lang='lat' dir='ltr'>est</span> <span class='ocrx_word' id='word_1_545' title='bbox 3194 2228 3392 2278; x_wconf 88' lang='lat' dir='ltr'>autem</span> <span class='ocrx_word' id='word_1_546' title='bbox 3413 2223 3591 2276; x_wconf 90' lang='lat' dir='ltr'>etiam</span> <span class='ocrx_word' id='word_1_547' title='bbox 3611 2237 3707 2276; x_wconf 87' lang='lat' dir='ltr'>ra-</span> 
     </span>
    </p>
   </div>
   <div class='ocr_carea' id='block_1_71' title="bbox 2057 2311 3707 2384">
    <p class='ocr_par' dir='ltr' id='par_1_71' title="bbox 2057 2311 3707 2384">
     <span class='ocr_line' id='line_1_72' title="bbox 2057 2311 3707 2384; baseline -0.001 -20"><span class='ocrx_word' id='word_1_548' title='bbox 2057 2311 2139 2365; x_wconf 87' lang='lat' dir='ltr'>tio</span> <span class='ocrx_word' id='word_1_549' title='bbox 2167 2311 2240 2366; x_wconf 93' lang='lat' dir='ltr'>de</span> <span class='ocrx_word' id='word_1_550' title='bbox 2270 2319 2638 2382; x_wconf 88' lang='lat' dir='ltr'>paupertate.</span> <span class='ocrx_word' id='word_1_551' title='bbox 2672 2315 2815 2367; x_wconf 87' lang='lat' dir='ltr'>Nam</span> <span class='ocrx_word' id='word_1_552' title='bbox 2848 2315 2976 2384; x_wconf 89' lang='lat' dir='ltr'>ipsa</span> <span class='ocrx_word' id='word_1_553' title='bbox 3006 2329 3242 2384; x_wconf 88' lang='lat' dir='ltr'>quoque</span> <span class='ocrx_word' id='word_1_554' title='bbox 3273 2330 3305 2367; x_wconf 87' lang='lat' dir='ltr'>a</span> <span class='ocrx_word' id='word_1_555' title='bbox 3333 2311 3707 2374; x_wconf 87' lang='lat' dir='ltr'>necessariis,</span> 
     </span>
    </p>
   </div>
   <div class='ocr_carea' id='block_1_72' title="bbox 2057 2400 3707 2473">
    <p class='ocr_par' dir='ltr' id='par_1_72' title="bbox 2057 2400 3707 2473">
     <span class='ocr_line' id='line_1_73' title="bbox 2057 2400 3707 2473; baseline 0.001 -21"><span class='ocrx_word' id='word_1_556' title='bbox 2057 2400 2584 2471; x_wconf 87' lang='lat' dir='ltr'>contemplatione,</span> <span class='ocrx_word' id='word_1_557' title='bbox 2607 2402 2872 2472; x_wconf 91' lang='lat' dir='ltr'>inquam,</span> <span class='ocrx_word' id='word_1_558' title='bbox 2899 2409 2956 2456; x_wconf 84' lang='lat' dir='ltr'>et</span> <span class='ocrx_word' id='word_1_559' title='bbox 2979 2419 3126 2473; x_wconf 89' lang='lat' dir='ltr'>pura</span> <span class='ocrx_word' id='word_1_560' title='bbox 3144 2401 3367 2472; x_wconf 90' lang='lat' dir='ltr'>peccati</span> <span class='ocrx_word' id='word_1_561' title='bbox 3386 2401 3707 2467; x_wconf 89' lang='lat' dir='ltr'>amotione,</span> 
     </span>
    </p>
   </div>
   <div class='ocr_carea' id='block_1_73' title="bbox 2057 2488 3705 2562">
    <p class='ocr_par' dir='ltr' id='par_1_73' title="bbox 2057 2488 3705 2562">
     <span class='ocr_line' id='line_1_74' title="bbox 2057 2488 3705 2562; baseline 0.001 -20"><span class='ocrx_word' id='word_1_562' title='bbox 2057 2504 2290 2543; x_wconf 90' lang='lat' dir='ltr'>cessare</span> <span class='ocrx_word' id='word_1_563' title='bbox 2322 2491 2477 2562; x_wconf 81' lang='lat' dir='ltr'>cogit</span> <span class='ocrx_word' id='word_1_564' title='bbox 2505 2491 2792 2561; x_wconf 87' lang='lat' dir='ltr'>animam,</span> <span class='ocrx_word' id='word_1_565' title='bbox 2826 2497 2891 2545; x_wconf 92' lang='lat' dir='ltr'>ut</span> <span class='ocrx_word' id='word_1_566' title='bbox 2921 2508 3054 2562; x_wconf 74' lang='lat' dir='ltr'>qum</span> <span class='ocrx_word' id='word_1_567' title='bbox 3088 2492 3146 2544; x_wconf 93' lang='lat' dir='ltr'>in</span> <span class='ocrx_word' id='word_1_568' title='bbox 3180 2491 3334 2545; x_wconf 87' lang='lat' dir='ltr'>victu</span> <span class='ocrx_word' id='word_1_569' title='bbox 3384 2488 3705 2560; x_wconf 65' lang='lat' dir='ltr'>quaerendo</span> 
     </span>
    </p>
   </div>
   <div class='ocr_carea' id='block_1_74' title="bbox 2053 2577 3710 2649">
    <p class='ocr_par' dir='ltr' id='par_1_74' title="bbox 2053 2577 3710 2649">
     <span class='ocr_line' id='line_1_75' title="bbox 2053 2577 3710 2649; baseline 0.001 -20"><span class='ocrx_word' id='word_1_570' title='bbox 2053 2577 2273 2631; x_wconf 87' lang='lat' dir='ltr'>versari</span> <span class='ocrx_word' id='word_1_571' title='bbox 2309 2593 2445 2631; x_wconf 89' lang='lat' dir='ltr'>eum</span> <span class='ocrx_word' id='word_1_572' title='bbox 2473 2583 2660 2649; x_wconf 80' lang='lat' dir='ltr'>cogat,</span> <span class='ocrx_word' id='word_1_573' title='bbox 2697 2579 2798 2648; x_wconf 92' lang='lat' dir='ltr'>qui</span> <span class='ocrx_word' id='word_1_574' title='bbox 2830 2595 2950 2632; x_wconf 92' lang='lat' dir='ltr'>non</span> <span class='ocrx_word' id='word_1_575' title='bbox 2984 2595 3047 2633; x_wconf 89' lang='lat' dir='ltr'>se</span> <span class='ocrx_word' id='word_1_576' title='bbox 3073 2583 3257 2632; x_wconf 89' lang='lat' dir='ltr'>totum</span> <span class='ocrx_word' id='word_1_577' title='bbox 3283 2579 3399 2632; x_wconf 91' lang='lat' dir='ltr'>Deo</span> <span class='ocrx_word' id='word_1_578' title='bbox 3431 2595 3537 2648; x_wconf 92' lang='lat' dir='ltr'>per</span> <span class='ocrx_word' id='word_1_579' title='bbox 3557 2577 3710 2631; x_wconf 89' lang='lat' dir='ltr'>dile-</span> 
     </span>
    </p>
   </div>
   <div class='ocr_carea' id='block_1_75' title="bbox 2055 2666 3698 2733">
    <p class='ocr_par' dir='ltr' id='par_1_75' title="bbox 2055 2666 3698 2733">
     <span class='ocr_line' id='line_1_76' title="bbox 2055 2666 3698 2733; baseline 0 -14"><span class='ocrx_word' id='word_1_580' title='bbox 2055 2666 2313 2721; x_wconf 88' lang='lat' dir='ltr'>ctionem</span> <span class='ocrx_word' id='word_1_581' title='bbox 2345 2667 2706 2722; x_wconf 86' lang='lat' dir='ltr'>dedicaverit</span> <span class='ocrx_word' id='word_1_582' title='bbox 2733 2689 2747 2733; x_wconf 87' lang='lat'>;</span> <span class='ocrx_word' id='word_1_583' title='bbox 2774 2669 2926 2722; x_wconf 90' lang='lat' dir='ltr'>sieut</span> <span class='ocrx_word' id='word_1_584' title='bbox 2949 2685 3156 2722; x_wconf 91' lang='lat' dir='ltr'>rursus</span> <span class='ocrx_word' id='word_1_585' title='bbox 3177 2668 3399 2722; x_wconf 88' lang='lat' dir='ltr'>sanitas</span> <span class='ocrx_word' id='word_1_586' title='bbox 3421 2672 3479 2720; x_wconf 92' lang='lat' dir='ltr'>et</span> <span class='ocrx_word' id='word_1_587' title='bbox 3498 2682 3698 2720; x_wconf 91' lang='lat' dir='ltr'>rerum</span> 
     </span>
    </p>
   </div>
   <div class='ocr_carea' id='block_1_76' title="bbox 2055 2755 3702 2826">
    <p class='ocr_par' dir='ltr' id='par_1_76' title="bbox 2055 2755 3702 2826">
     <span class='ocr_line' id='line_1_77' title="bbox 2055 2755 3702 2826; baseline -0.001 -18"><span class='ocrx_word' id='word_1_588' title='bbox 2055 2756 2528 2811; x_wconf 86' lang='lat' dir='ltr'>necessariarum</span> <span class='ocrx_word' id='word_1_589' title='bbox 2557 2756 2728 2826; x_wconf 90' lang='lat' dir='ltr'>copia</span> <span class='ocrx_word' id='word_1_590' title='bbox 2761 2757 3009 2810; x_wconf 92' lang='lat' dir='ltr'>liberam</span> <span class='ocrx_word' id='word_1_591' title='bbox 3042 2755 3298 2810; x_wconf 89' lang='lat' dir='ltr'>custodit</span> <span class='ocrx_word' id='word_1_592' title='bbox 3324 2755 3603 2822; x_wconf 88' lang='lat' dir='ltr'>animam,</span> <span class='ocrx_word' id='word_1_593' title='bbox 3637 2759 3702 2808; x_wconf 91' lang='lat' dir='ltr'>ut</span> 
     </span>
    </p>
   </div>
   <div class='ocr_carea' id='block_1_77' title="bbox 2055 2843 3696 2915">
    <p class='ocr_par' dir='ltr' id='par_1_77' title="bbox 2055 2843 3696 2915">
     <span class='ocr_line' id='line_1_78' title="bbox 2055 2843 3696 2915; baseline 0 -19"><span class='ocrx_word' id='word_1_594' title='bbox 2055 2860 2184 2912; x_wconf 67' lang='lat' dir='ltr'>qua:</span> <span class='ocrx_word' id='word_1_595' title='bbox 2219 2843 2453 2898; x_wconf 90' lang='lat' dir='ltr'>nullum</span> <span class='ocrx_word' id='word_1_596' title='bbox 2482 2843 2697 2898; x_wconf 85' lang='lat' dir='ltr'>habeat</span> <span class='ocrx_word' id='word_1_597' title='bbox 2727 2843 3244 2915; x_wconf 88' lang='lat' dir='ltr'>impedimentum,</span> <span class='ocrx_word' id='word_1_598' title='bbox 3273 2849 3332 2898; x_wconf 93' lang='lat' dir='ltr'>et</span> <span class='ocrx_word' id='word_1_599' title='bbox 3361 2843 3508 2898; x_wconf 90' lang='lat' dir='ltr'>sciat</span> <span class='ocrx_word' id='word_1_600' title='bbox 3538 2847 3696 2896; x_wconf 89' lang='lat' dir='ltr'>recte</span> 
     </span>
    </p>
   </div>
   <div class='ocr_carea' id='block_1_78' title="bbox 2053 2933 3697 3006">
    <p class='ocr_par' dir='ltr' id='par_1_78' title="bbox 2053 2933 3697 3006">
     <span class='ocr_line' id='line_1_79' title="bbox 2053 2933 3697 3006; baseline 0.001 -21"><span class='ocrx_word' id='word_1_601' title='bbox 2053 2933 2137 2986; x_wconf 92' lang='lat' dir='ltr'>uti</span> <span class='ocrx_word' id='word_1_602' title='bbox 2171 2933 2346 2987; x_wconf 87' lang='lat' dir='ltr'>rebus</span> <span class='ocrx_word' id='word_1_603' title='bbox 2393 2935 2807 3006; x_wconf 71' lang='lat' dir='ltr'>prmsentibus.</span> <span class='ocrx_word' id='word_1_604' title='bbox 2857 2958 2884 2984; x_wconf 91' lang='grc'>‹‹</span> <span class='ocrx_word' id='word_1_605' title='bbox 2936 2934 3401 2989; x_wconf 90' lang='lat' dir='ltr'>Tribulationem</span> <span class='ocrx_word' id='word_1_606' title='bbox 3452 2955 3479 2983; x_wconf 85' lang='lat'>»</span> <span class='ocrx_word' id='word_1_607' title='bbox 3536 2933 3697 2988; x_wconf 89' lang='lat' dir='ltr'>enim</span> 
     </span>
    </p>
   </div>
   <div class='ocr_carea' id='block_1_79' title="bbox 2053 3023 3699 3096">
    <p class='ocr_par' dir='ltr' id='par_1_79' title="bbox 2053 3023 3699 3096">
     <span class='ocr_line' id='line_1_80' title="bbox 2053 3023 3699 3096; baseline 0.002 -24"><span class='ocrx_word' id='word_1_608' title='bbox 2053 3043 2080 3071; x_wconf 83' lang='lat'><strong>«</strong></span> <span class='ocrx_word' id='word_1_609' title='bbox 2115 3023 2309 3076; x_wconf 88' lang='lat' dir='ltr'>carnis</span> <span class='ocrx_word' id='word_1_610' title='bbox 2332 3023 2655 3089; x_wconf 89' lang='lat' dir='ltr'>habebunt,</span> <span class='ocrx_word' id='word_1_611' title='bbox 2693 3045 2720 3073; x_wconf 86' lang='lat'>»</span> <span class='ocrx_word' id='word_1_612' title='bbox 2753 3024 2949 3094; x_wconf 88' lang='lat' dir='ltr'>inquit</span> <span class='ocrx_word' id='word_1_613' title='bbox 2978 3025 3321 3096; x_wconf 84' lang='lat' dir='ltr'>Apostolus,</span> <span class='ocrx_word' id='word_1_614' title='bbox 3355 3045 3382 3072; x_wconf 86' lang='lat'><strong><em>«</em></strong></span> <span class='ocrx_word' id='word_1_615' title='bbox 3425 3023 3525 3094; x_wconf 92' lang='lat' dir='ltr'>qui</span> <span class='ocrx_word' id='word_1_616' title='bbox 3559 3028 3699 3077; x_wconf 90' lang='lat' dir='ltr'>sunt</span> 
     </span>
    </p>
   </div>
   <div class='ocr_carea' id='block_1_80' title="bbox 2053 3111 3698 3184">
    <p class='ocr_par' dir='ltr' id='par_1_80' title="bbox 2053 3111 3698 3184">
     <span class='ocr_line' id='line_1_81' title="bbox 2053 3111 3698 3184; baseline 0.001 -20"><span class='ocrx_word' id='word_1_617' title='bbox 2053 3111 2418 3182; x_wconf 81' lang='lat' dir='ltr'>hujusmodi.</span> <span class='ocrx_word' id='word_1_618' title='bbox 2469 3114 2584 3182; x_wconf 81' lang='lat' dir='ltr'>Ego</span> <span class='ocrx_word' id='word_1_619' title='bbox 2635 3118 2832 3168; x_wconf 91' lang='lat' dir='ltr'>autem</span> <span class='ocrx_word' id='word_1_620' title='bbox 2878 3113 3044 3168; x_wconf 86' lang='lat' dir='ltr'>vobis</span> <span class='ocrx_word' id='word_1_621' title='bbox 3093 3130 3309 3184; x_wconf 88' lang='lat' dir='ltr'>parco;</span> <span class='ocrx_word' id='word_1_622' title='bbox 3361 3113 3487 3168; x_wconf 87' lang='lat' dir='ltr'>volo</span> <span class='ocrx_word' id='word_1_623' title='bbox 3537 3113 3698 3167; x_wconf 89' lang='lat' dir='ltr'>enim</span> 
     </span>
    </p>
   </div>
   <div class='ocr_carea' id='block_1_81' title="bbox 2052 3200 3700 3267">
    <p class='ocr_par' dir='ltr' id='par_1_81' title="bbox 2052 3200 3700 3267">
     <span class='ocr_line' id='line_1_82' title="bbox 2052 3200 3700 3267; baseline 0 -13"><span class='ocrx_word' id='word_1_624' title='bbox 2052 3217 2154 3254; x_wconf 87' lang='lat' dir='ltr'>vos</span> <span class='ocrx_word' id='word_1_625' title='bbox 2185 3217 2313 3255; x_wconf 89' lang='lat' dir='ltr'>esse</span> <span class='ocrx_word' id='word_1_626' title='bbox 2344 3218 2468 3256; x_wconf 92' lang='lat' dir='ltr'>non</span> <span class='ocrx_word' id='word_1_627' title='bbox 2498 3200 2806 3267; x_wconf 88' lang='lat' dir='ltr'>sollicitos,</span> <span class='ocrx_word' id='word_1_628' title='bbox 2839 3207 2903 3256; x_wconf 92' lang='lat' dir='ltr'>ut</span> <span class='ocrx_word' id='word_1_629' title='bbox 2928 3202 3139 3258; x_wconf 89' lang='lat' dir='ltr'>decore</span> <span class='ocrx_word' id='word_1_630' title='bbox 3185 3207 3242 3256; x_wconf 88' lang='lat' dir='ltr'>et</span> <span class='ocrx_word' id='word_1_631' title='bbox 3290 3203 3534 3257; x_wconf 87' lang='lat' dir='ltr'>honeste</span> <span class='ocrx_word' id='word_1_632' title='bbox 3584 3203 3700 3255; x_wconf 83' lang='lat' dir='ltr'>Do—</span> 
     </span>
    </p>
   </div>
   <div class='ocr_carea' id='block_1_82' title="bbox 2052 3290 3701 3363">
    <p class='ocr_par' dir='ltr' id='par_1_82' title="bbox 2052 3290 3701 3363">
     <span class='ocr_line' id='line_1_83' title="bbox 2052 3290 3701 3363; baseline 0.001 -19"><span class='ocrx_word' id='word_1_633' title='bbox 2052 3290 2214 3344; x_wconf 92' lang='lat' dir='ltr'>mino</span> <span class='ocrx_word' id='word_1_634' title='bbox 2249 3290 2539 3346; x_wconf 87' lang='lat' dir='ltr'>indivulse</span> <span class='ocrx_word' id='word_1_635' title='bbox 2571 3291 2882 3346; x_wconf 89' lang='lat' dir='ltr'>assideatis</span> <span class='ocrx_word' id='word_1_636' title='bbox 2905 3292 2996 3362; x_wconf 89' lang='lat' dir='ltr'>(c).</span> <span class='ocrx_word' id='word_1_637' title='bbox 3035 3313 3062 3340; x_wconf 85' lang='lat'><strong>»</strong></span> <span class='ocrx_word' id='word_1_638' title='bbox 3086 3291 3219 3345; x_wconf 66' lang='lat' dir='ltr'>Haec</span> <span class='ocrx_word' id='word_1_639' title='bbox 3249 3296 3387 3346; x_wconf 90' lang='lat' dir='ltr'>sunt</span> <span class='ocrx_word' id='word_1_640' title='bbox 3418 3307 3554 3363; x_wconf 86' lang='lat' dir='ltr'>ergo</span> <span class='ocrx_word' id='word_1_641' title='bbox 3576 3307 3701 3346; x_wconf 86' lang='lat' dir='ltr'>am-</span> 
     </span>
    </p>
   </div>
   <div class='ocr_carea' id='block_1_83' title="bbox 2053 3379 3698 3452">
    <p class='ocr_par' dir='ltr' id='par_1_83' title="bbox 2053 3379 3698 3452">
     <span class='ocr_line' id='line_1_84' title="bbox 2053 3379 3698 3452; baseline 0.002 -20"><span class='ocrx_word' id='word_1_642' title='bbox 2053 3379 2387 3450; x_wconf 90' lang='lat' dir='ltr'>plectenda,</span> <span class='ocrx_word' id='word_1_643' title='bbox 2419 3396 2539 3434; x_wconf 91' lang='lat' dir='ltr'>non</span> <span class='ocrx_word' id='word_1_644' title='bbox 2590 3385 2832 3451; x_wconf 86' lang='lat' dir='ltr'>propter</span> <span class='ocrx_word' id='word_1_645' title='bbox 2881 3397 2964 3446; x_wconf 91' lang='lat' dir='ltr'>se,</span> <span class='ocrx_word' id='word_1_646' title='bbox 3018 3380 3120 3435; x_wconf 90' lang='lat' dir='ltr'>sed</span> <span class='ocrx_word' id='word_1_647' title='bbox 3162 3385 3403 3452; x_wconf 89' lang='lat' dir='ltr'>propter</span> <span class='ocrx_word' id='word_1_648' title='bbox 3443 3395 3698 3452; x_wconf 90' lang='lat' dir='ltr'>corpus:</span> 
     </span>
    </p>
   </div>
   <div class='ocr_carea' id='block_1_84' title="bbox 2053 3467 3701 3540">
    <p class='ocr_par' dir='ltr' id='par_1_84' title="bbox 2053 3467 3701 3540">
     <span class='ocr_line' id='line_1_85' title="bbox 2053 3467 3701 3540; baseline 0.001 -18"><span class='ocrx_word' id='word_1_649' title='bbox 2053 3467 2306 3522; x_wconf 88' lang='lat' dir='ltr'>habetur</span> <span class='ocrx_word' id='word_1_650' title='bbox 2336 3474 2532 3524; x_wconf 89' lang='lat' dir='ltr'>autem</span> <span class='ocrx_word' id='word_1_651' title='bbox 2575 3485 2716 3524; x_wconf 89' lang='lat' dir='ltr'>cura</span> <span class='ocrx_word' id='word_1_652' title='bbox 2747 3468 3010 3540; x_wconf 90' lang='lat' dir='ltr'>corporis</span> <span class='ocrx_word' id='word_1_653' title='bbox 3041 3473 3281 3540; x_wconf 90' lang='lat' dir='ltr'>propter</span> <span class='ocrx_word' id='word_1_654' title='bbox 3309 3469 3590 3536; x_wconf 88' lang='lat' dir='ltr'>animam,</span> <span class='ocrx_word' id='word_1_655' title='bbox 3626 3469 3701 3525; x_wconf 92' lang='lat' dir='ltr'>ad</span> 
     </span>
    </p>
   </div>
   <div class='ocr_carea' id='block_1_85' title="bbox 2055 3557 3698 3627">
    <p class='ocr_par' dir='ltr' id='par_1_85' title="bbox 2055 3557 3698 3627">
     <span class='ocr_line' id='line_1_86' title="bbox 2055 3557 3698 3627; baseline 0.002 -17"><span class='ocrx_word' id='word_1_656' title='bbox 2055 3573 2233 3627; x_wconf 89' lang='lat' dir='ltr'>quam</span> <span class='ocrx_word' id='word_1_657' title='bbox 2273 3557 2339 3611; x_wconf 81' lang='lat' dir='ltr'>ﬁt</span> <span class='ocrx_word' id='word_1_658' title='bbox 2366 3557 2596 3613; x_wconf 90' lang='lat' dir='ltr'>relatio.</span> <span class='ocrx_word' id='word_1_659' title='bbox 2633 3559 2749 3612; x_wconf 84' lang='lat' dir='ltr'>Hac</span> <span class='ocrx_word' id='word_1_660' title='bbox 2782 3558 2941 3612; x_wconf 92' lang='lat' dir='ltr'>enim</span> <span class='ocrx_word' id='word_1_661' title='bbox 2964 3573 3141 3613; x_wconf 91' lang='lat' dir='ltr'>causa</span> <span class='ocrx_word' id='word_1_662' title='bbox 3163 3574 3406 3614; x_wconf 88' lang='lat' dir='ltr'>necesse</span> <span class='ocrx_word' id='word_1_663' title='bbox 3431 3563 3520 3613; x_wconf 90' lang='lat' dir='ltr'>est</span> <span class='ocrx_word' id='word_1_664' title='bbox 3540 3576 3698 3627; x_wconf 90' lang='lat' dir='ltr'>eum,</span> 
     </span>
    </p>
   </div>
   <div class='ocr_carea' id='block_1_86' title="bbox 2056 3647 3702 3720">
    <p class='ocr_par' dir='ltr' id='par_1_86' title="bbox 2056 3647 3702 3720">
     <span class='ocr_line' id='line_1_87' title="bbox 2056 3647 3702 3720; baseline 0.001 -20"><span class='ocrx_word' id='word_1_665' title='bbox 2056 3647 2154 3716; x_wconf 90' lang='lat' dir='ltr'>qui</span> <span class='ocrx_word' id='word_1_666' title='bbox 2187 3647 2365 3701; x_wconf 88' lang='lat' dir='ltr'>vitam</span> <span class='ocrx_word' id='word_1_667' title='bbox 2397 3647 2658 3718; x_wconf 88' lang='lat' dir='ltr'>gnostice</span> <span class='ocrx_word' id='word_1_668' title='bbox 2691 3648 2968 3712; x_wconf 88' lang='lat' dir='ltr'>instituit,</span> <span class='ocrx_word' id='word_1_669' title='bbox 3002 3647 3230 3703; x_wconf 87' lang='lat' dir='ltr'>discere</span> <span class='ocrx_word' id='word_1_670' title='bbox 3263 3649 3405 3720; x_wconf 92' lang='lat' dir='ltr'>quid</span> <span class='ocrx_word' id='word_1_671' title='bbox 3454 3648 3532 3703; x_wconf 91' lang='lat' dir='ltr'>sit</span> <span class='ocrx_word' id='word_1_672' title='bbox 3559 3666 3702 3703; x_wconf 89' lang='lat' dir='ltr'>con-</span> 
     </span>
    </p>
   </div>
   <div class='ocr_carea' id='block_1_87' title="bbox 2051 3735 3702 3808">
    <p class='ocr_par' dir='ltr' id='par_1_87' title="bbox 2051 3735 3702 3808">
     <span class='ocr_line' id='line_1_88' title="bbox 2051 3735 3702 3808; baseline 0.002 -19"><span class='ocrx_word' id='word_1_673' title='bbox 2051 3735 2336 3790; x_wconf 89' lang='lat' dir='ltr'>veniens:</span> <span class='ocrx_word' id='word_1_674' title='bbox 2365 3753 2503 3791; x_wconf 88' lang='lat' dir='ltr'>nam</span> <span class='ocrx_word' id='word_1_675' title='bbox 2534 3737 2759 3792; x_wconf 90' lang='lat' dir='ltr'>bonum</span> <span class='ocrx_word' id='word_1_676' title='bbox 2793 3737 3032 3808; x_wconf 92' lang='lat' dir='ltr'>quidem</span> <span class='ocrx_word' id='word_1_677' title='bbox 3083 3753 3202 3792; x_wconf 88' lang='lat' dir='ltr'>non</span> <span class='ocrx_word' id='word_1_678' title='bbox 3255 3755 3384 3792; x_wconf 89' lang='lat' dir='ltr'>esse</span> <span class='ocrx_word' id='word_1_679' title='bbox 3433 3737 3702 3808; x_wconf 89' lang='lat' dir='ltr'>volupta-</span> 
     </span>
    </p>
   </div>
   <div class='ocr_carea' id='block_1_88' title="bbox 2054 3825 3702 3898">
    <p class='ocr_par' dir='ltr' id='par_1_88' title="bbox 2054 3825 3702 3898">
     <span class='ocr_line' id='line_1_89' title="bbox 2054 3825 3702 3898; baseline 0.001 -19"><span class='ocrx_word' id='word_1_680' title='bbox 2054 3829 2193 3890; x_wconf 89' lang='lat' dir='ltr'>tem,</span> <span class='ocrx_word' id='word_1_681' title='bbox 2226 3830 2388 3895; x_wconf 89' lang='lat' dir='ltr'>patet</span> <span class='ocrx_word' id='word_1_682' title='bbox 2415 3842 2488 3880; x_wconf 89' lang='lat' dir='ltr'>ex</span> <span class='ocrx_word' id='word_1_683' title='bbox 2508 3842 2598 3892; x_wconf 90' lang='lat' dir='ltr'>eo,</span> <span class='ocrx_word' id='word_1_684' title='bbox 2624 3825 2783 3896; x_wconf 90' lang='lat' dir='ltr'>quod</span> <span class='ocrx_word' id='word_1_685' title='bbox 2809 3825 2980 3882; x_wconf 73' lang='lat' dir='ltr'>malm</span> <span class='ocrx_word' id='word_1_686' title='bbox 3003 3827 3124 3880; x_wconf 88' lang='lat' dir='ltr'>sint</span> <span class='ocrx_word' id='word_1_687' title='bbox 3143 3843 3413 3898; x_wconf 69' lang='lat' dir='ltr'>qumqam</span> <span class='ocrx_word' id='word_1_688' title='bbox 3432 3827 3702 3898; x_wconf 86' lang='lat' dir='ltr'>volupta-</span> 
     </span>
    </p>
   </div>
   <div class='ocr_carea' id='block_1_89' title="bbox 2051 3913 3699 3984">
    <p class='ocr_par' dir='ltr' id='par_1_89' title="bbox 2051 3913 3699 3984">
     <span class='ocr_line' id='line_1_90' title="bbox 2051 3913 3699 3984; baseline 0.001 -15"><span class='ocrx_word' id='word_1_689' title='bbox 2051 3917 2178 3980; x_wconf 83' lang='lat' dir='ltr'>tes;</span> <span class='ocrx_word' id='word_1_690' title='bbox 2212 3913 2478 3984; x_wconf 89' lang='lat' dir='ltr'>alioquin</span> <span class='ocrx_word' id='word_1_691' title='bbox 2528 3915 2638 3969; x_wconf 90' lang='lat' dir='ltr'>hac</span> <span class='ocrx_word' id='word_1_692' title='bbox 2684 3915 2912 3969; x_wconf 89' lang='lat' dir='ltr'>ratione</span> <span class='ocrx_word' id='word_1_693' title='bbox 2953 3915 3251 3970; x_wconf 87' lang='lat' dir='ltr'>videretur</span> <span class='ocrx_word' id='word_1_694' title='bbox 3297 3915 3519 3970; x_wconf 90' lang='lat' dir='ltr'>bonum</span> <span class='ocrx_word' id='word_1_695' title='bbox 3569 3933 3699 3971; x_wconf 88' lang='lat' dir='ltr'>esse</span> 
     </span>
    </p>
   </div>
   <div class='ocr_carea' id='block_1_90' title="bbox 2052 4002 3700 4076">
    <p class='ocr_par' dir='ltr' id='par_1_90' title="bbox 2052 4002 3700 4076">
     <span class='ocr_line' id='line_1_91' title="bbox 2052 4002 3700 4076; baseline 0.003 -20"><span class='ocrx_word' id='word_1_696' title='bbox 2052 4002 2299 4074; x_wconf 88' lang='lat' dir='ltr'>malum,</span> <span class='ocrx_word' id='word_1_697' title='bbox 2316 4008 2373 4056; x_wconf 89' lang='lat' dir='ltr'>et</span> <span class='ocrx_word' id='word_1_698' title='bbox 2389 4002 2612 4058; x_wconf 92' lang='lat' dir='ltr'>malum</span> <span class='ocrx_word' id='word_1_699' title='bbox 2632 4003 2874 4058; x_wconf 92' lang='lat' dir='ltr'>bonum.</span> <span class='ocrx_word' id='word_1_700' title='bbox 2892 4005 3185 4059; x_wconf 72' lang='lat' dir='ltr'>Prmterea</span> <span class='ocrx_word' id='word_1_701' title='bbox 3196 4010 3393 4060; x_wconf 91' lang='lat' dir='ltr'>autem</span> <span class='ocrx_word' id='word_1_702' title='bbox 3409 4005 3455 4060; x_wconf 90' lang='lat' dir='ltr'>si</span> <span class='ocrx_word' id='word_1_703' title='bbox 3470 4006 3700 4076; x_wconf 90' lang='lat' dir='ltr'>aliquas</span> 
     </span>
    </p>
   </div>
   <div class='ocr_carea' id='block_1_91' title="bbox 2054 4092 3697 4167">
    <p class='ocr_par' dir='ltr' id='par_1_91' title="bbox 2054 4092 3697 4167">
     <span class='ocr_line' id='line_1_92' title="bbox 2054 4092 3697 4167; baseline 0.002 -20"><span class='ocrx_word' id='word_1_704' title='bbox 2054 4092 2296 4164; x_wconf 91' lang='lat' dir='ltr'>quidem</span> <span class='ocrx_word' id='word_1_705' title='bbox 2311 4093 2642 4163; x_wconf 82' lang='lat' dir='ltr'>expetimus</span> <span class='ocrx_word' id='word_1_706' title='bbox 2657 4094 3250 4165; x_wconf 87' lang='lat' dir='ltr'>voluptates,aliquas</span> <span class='ocrx_word' id='word_1_707' title='bbox 3269 4111 3402 4150; x_wconf 86' lang='lat' dir='ltr'>vero</span> <span class='ocrx_word' id='word_1_708' title='bbox 3417 4095 3697 4167; x_wconf 81' lang='lat' dir='ltr'>fugimus,</span> 
     </span>
    </p>
   </div>
   <div class='ocr_carea' id='block_1_92' title="bbox 2052 4182 3703 4254">
    <p class='ocr_par' dir='ltr' id='par_1_92' title="bbox 2052 4182 3703 4254">
     <span class='ocr_line' id='line_1_93' title="bbox 2052 4182 3703 4254; baseline 0.001 -18"><span class='ocrx_word' id='word_1_709' title='bbox 2052 4187 2179 4236; x_wconf 91' lang='lat' dir='ltr'>tum</span> <span class='ocrx_word' id='word_1_710' title='bbox 2213 4198 2332 4237; x_wconf 89' lang='lat' dir='ltr'>non</span> <span class='ocrx_word' id='word_1_711' title='bbox 2366 4187 2455 4237; x_wconf 89' lang='lat' dir='ltr'>est</span> <span class='ocrx_word' id='word_1_712' title='bbox 2475 4183 2700 4252; x_wconf 72' lang='lat' dir='ltr'>qumvis</span> <span class='ocrx_word' id='word_1_713' title='bbox 2729 4182 2998 4254; x_wconf 87' lang='lat' dir='ltr'>voluptas</span> <span class='ocrx_word' id='word_1_714' title='bbox 3020 4183 3262 4238; x_wconf 91' lang='lat' dir='ltr'>bonum.</span> <span class='ocrx_word' id='word_1_715' title='bbox 3296 4185 3580 4238; x_wconf 89' lang='lat' dir='ltr'>Similiter</span> <span class='ocrx_word' id='word_1_716' title='bbox 3604 4201 3703 4238; x_wconf 86' lang='lat' dir='ltr'>au-</span> 
     </span>
    </p>
   </div>
   <div class='ocr_carea' id='block_1_93' title="bbox 2052 4271 3699 4342">
    <p class='ocr_par' dir='ltr' id='par_1_93' title="bbox 2052 4271 3699 4342">
     <span class='ocr_line' id='line_1_94' title="bbox 2052 4271 3699 4342; baseline -0.001 -17"><span class='ocrx_word' id='word_1_717' title='bbox 2052 4276 2170 4325; x_wconf 91' lang='lat' dir='ltr'>tem</span> <span class='ocrx_word' id='word_1_718' title='bbox 2203 4271 2410 4326; x_wconf 89' lang='lat' dir='ltr'>eadem</span> <span class='ocrx_word' id='word_1_719' title='bbox 2434 4288 2692 4342; x_wconf 88' lang='lat' dir='ltr'>quoque,</span> <span class='ocrx_word' id='word_1_720' title='bbox 2721 4277 2810 4326; x_wconf 92' lang='lat' dir='ltr'>est</span> <span class='ocrx_word' id='word_1_721' title='bbox 2831 4273 2980 4326; x_wconf 88' lang='lat' dir='ltr'>ratio</span> <span class='ocrx_word' id='word_1_722' title='bbox 3004 4273 3066 4326; x_wconf 91' lang='lat' dir='ltr'>in</span> <span class='ocrx_word' id='word_1_723' title='bbox 3089 4272 3413 4337; x_wconf 85' lang='lat' dir='ltr'>doloribus,</span> <span class='ocrx_word' id='word_1_724' title='bbox 3448 4289 3699 4342; x_wconf 89' lang='lat' dir='ltr'>quorum</span> 
     </span>
    </p>
   </div>
   <div class='ocr_carea' id='block_1_94' title="bbox 2052 4359 3703 4430">
    <p class='ocr_par' dir='ltr' id='par_1_94' title="bbox 2052 4359 3703 4430">
     <span class='ocr_line' id='line_1_95' title="bbox 2052 4359 3703 4430; baseline -0.001 -16"><span class='ocrx_word' id='word_1_725' title='bbox 2052 4359 2200 4414; x_wconf 88' lang='lat' dir='ltr'>alios</span> <span class='ocrx_word' id='word_1_726' title='bbox 2232 4359 2474 4430; x_wconf 89' lang='lat' dir='ltr'>quidem</span> <span class='ocrx_word' id='word_1_727' title='bbox 2509 4361 2850 4427; x_wconf 82' lang='lat' dir='ltr'>toleramus,</span> <span class='ocrx_word' id='word_1_728' title='bbox 2901 4360 3050 4414; x_wconf 86' lang='lat' dir='ltr'>alios</span> <span class='ocrx_word' id='word_1_729' title='bbox 3098 4377 3232 4414; x_wconf 88' lang='lat' dir='ltr'>vero</span> <span class='ocrx_word' id='word_1_730' title='bbox 3283 4359 3558 4429; x_wconf 83' lang='lat' dir='ltr'>fugimus.</span> <span class='ocrx_word' id='word_1_731' title='bbox 3612 4359 3703 4413; x_wconf 88' lang='lat' dir='ltr'>Fit</span> 
     </span>
    </p>
   </div>
   <div class='ocr_carea' id='block_1_95' title="bbox 2052 4447 3701 4520">
    <p class='ocr_par' dir='ltr' id='par_1_95' title="bbox 2052 4447 3701 4520">
     <span class='ocr_line' id='line_1_96' title="bbox 2052 4447 3701 4520; baseline 0.001 -19"><span class='ocrx_word' id='word_1_732' title='bbox 2052 4454 2251 4503; x_wconf 91' lang='lat' dir='ltr'>autem</span> <span class='ocrx_word' id='word_1_733' title='bbox 2283 4449 2494 4504; x_wconf 93' lang='lat' dir='ltr'>electio</span> <span class='ocrx_word' id='word_1_734' title='bbox 2521 4454 2578 4502; x_wconf 90' lang='lat' dir='ltr'>et</span> <span class='ocrx_word' id='word_1_735' title='bbox 2607 4449 2742 4520; x_wconf 82' lang='lat' dir='ltr'>fuga</span> <span class='ocrx_word' id='word_1_736' title='bbox 2773 4465 2841 4502; x_wconf 85' lang='lat' dir='ltr'>ex</span> <span class='ocrx_word' id='word_1_737' title='bbox 2886 4449 3168 4513; x_wconf 88' lang='lat' dir='ltr'>scientia;</span> <span class='ocrx_word' id='word_1_738' title='bbox 3217 4464 3283 4501; x_wconf 91' lang='lat' dir='ltr'>ac</span> <span class='ocrx_word' id='word_1_739' title='bbox 3315 4447 3563 4517; x_wconf 90' lang='lat' dir='ltr'>proinde</span> <span class='ocrx_word' id='word_1_740' title='bbox 3594 4447 3701 4502; x_wconf 90' lang='lat' dir='ltr'>ho-</span> 
     </span>
    </p>
   </div>
   <div class='ocr_carea' id='block_1_96' title="bbox 287 4519 1946 4614">
    <p class='ocr_par' dir='ltr' id='par_1_96' title="bbox 287 4519 1933 4614">
     <span class='ocr_line' id='line_1_97' title="bbox 287 4519 1933 4614; baseline -0.012 -11"><span class='ocrx_word' id='word_1_741' title='bbox 287 4519 451 4604; x_wconf 72' lang='grc' dir='ltr'>ποιὰν</span> <span class='ocrx_word' id='word_1_742' title='bbox 485 4519 691 4614; x_wconf 74' lang='grc' dir='ltr'>ἡδονὴν</span> <span class='ocrx_word' id='word_1_743' title='bbox 743 4519 1103 4614; x_wconf 71' lang='grc' dir='ltr'>αἱρησόμεθα.</span> <span class='ocrx_word' id='word_1_744' title='bbox 1139 4533 1345 4590; x_wconf 75' lang='grc' dir='ltr'>Αὐτίκα</span> <span class='ocrx_word' id='word_1_745' title='bbox 1395 4535 1422 4588; x_wconf 88' lang='lat'>6</span> <span class='ocrx_word' id='word_1_746' title='bbox 1476 4531 1678 4606; x_wconf 85' lang='grc' dir='ltr'>μάρτυς</span> <span class='ocrx_word' id='word_1_747' title='bbox 1727 4528 1933 4602; x_wconf 79' lang='grc' dir='ltr'>ἡδονήν</span> 
     </span>
    </p>
   </div>
   <div class='ocr_carea' id='block_1_97' title="bbox 2062 4519 3696 4614">
    <p class='ocr_par' dir='ltr' id='par_1_97' title="bbox 2062 4519 3696 4607">
     <span class='ocr_line' id='line_1_98' title="bbox 2062 4519 3696 4607; baseline 0.002 -19"><span class='ocrx_word' id='word_1_748' title='bbox 2062 4552 2192 4590; x_wconf 74' lang='lat' dir='ltr'>ium</span> <span class='ocrx_word' id='word_1_749' title='bbox 2218 4543 2325 4602; x_wconf 89' lang='lat' dir='ltr'>est,</span> <span class='ocrx_word' id='word_1_750' title='bbox 2353 4554 2474 4591; x_wconf 92' lang='lat' dir='ltr'>non</span> <span class='ocrx_word' id='word_1_751' title='bbox 2495 4519 2785 4607; x_wconf 85' lang='lat' dir='ltr'>voluptas,</span> <span class='ocrx_word' id='word_1_752' title='bbox 2815 4535 2917 4589; x_wconf 89' lang='lat' dir='ltr'>sed</span> <span class='ocrx_word' id='word_1_753' title='bbox 2949 4536 3218 4600; x_wconf 89' lang='lat' dir='ltr'>scientia,</span> <span class='ocrx_word' id='word_1_754' title='bbox 3255 4540 3496 4606; x_wconf 90' lang='lat' dir='ltr'>propter</span> <span class='ocrx_word' id='word_1_755' title='bbox 3517 4553 3696 4607; x_wconf 90' lang='lat' dir='ltr'>quam</span> 
     </span>
    </p>
   </div>
   <div class='ocr_carea' id='block_1_98' title="bbox 287 4619 1934 4706">
    <p class='ocr_par' dir='ltr' id='par_1_98' title="bbox 287 4619 1934 4706">
     <span class='ocr_line' id='line_1_99' title="bbox 287 4619 1934 4706; baseline -0.012 -14"><span class='ocrx_word' id='word_1_756' title='bbox 287 4637 389 4706; x_wconf 79' lang='grc' dir='ltr'>τήν</span> <span class='ocrx_word' id='word_1_757' title='bbox 425 4632 494 4689; x_wconf 84' lang='grc' dir='ltr'>δι’</span> <span class='ocrx_word' id='word_1_758' title='bbox 527 4629 747 4693; x_wconf 76' lang='grc' dir='ltr'>ἐλπίδος</span> <span class='ocrx_word' id='word_1_759' title='bbox 781 4629 870 4684; x_wconf 70' lang='grc' dir='ltr'>διὰ</span> <span class='ocrx_word' id='word_1_760' title='bbox 892 4635 990 4696; x_wconf 82' lang='grc' dir='ltr'>τῆς</span> <span class='ocrx_word' id='word_1_761' title='bbox 1030 4622 1310 4698; x_wconf 76' lang='grc' dir='ltr'>παρούσης</span> <span class='ocrx_word' id='word_1_762' title='bbox 1357 4619 1628 4692; x_wconf 83' lang='grc' dir='ltr'>ἀληδόνος</span> <span class='ocrx_word' id='word_1_763' title='bbox 1680 4621 1934 4696; x_wconf 74' lang='grc' dir='ltr'>αἱρεῖται.</span> 
     </span>
    </p>
   </div>
   <div class='ocr_carea' id='block_1_99' title="bbox 2048 4624 3695 4696">
    <p class='ocr_par' dir='ltr' id='par_1_99' title="bbox 2048 4624 3695 4696">
     <span class='ocr_line' id='line_1_100' title="bbox 2048 4624 3695 4696; baseline 0.002 -18"><span class='ocrx_word' id='word_1_764' title='bbox 2048 4625 2379 4696; x_wconf 88' lang='lat' dir='ltr'>voluptates</span> <span class='ocrx_word' id='word_1_765' title='bbox 2411 4625 2697 4694; x_wconf 90' lang='lat' dir='ltr'>quasdam</span> <span class='ocrx_word' id='word_1_766' title='bbox 2743 4641 3178 4694; x_wconf 89' lang='lat' dir='ltr'>nonnunquam</span> <span class='ocrx_word' id='word_1_767' title='bbox 3228 4624 3524 4696; x_wconf 86' lang='lat' dir='ltr'>eligimus.</span> <span class='ocrx_word' id='word_1_768' title='bbox 3568 4627 3695 4680; x_wconf 87' lang='lat' dir='ltr'>Jam</span> 
     </span>
    </p>
   </div>
   <div class='ocr_carea' id='block_1_100' title="bbox 375 4739 1946 4817">
    <p class='ocr_par' dir='ltr' id='par_1_100' title="bbox 375 4739 1946 4817">
     <span class='ocr_line' id='line_1_101' title="bbox 375 4739 1946 4817; baseline -0.01 -8"><span class='ocrx_word' id='word_1_769' title='bbox 375 4754 437 4817; x_wconf 66' lang='grc' dir='ltr'>»ιι</span> <span class='ocrx_word' id='word_1_770' title='bbox 469 4756 530 4808; x_wconf 86' lang='grc' dir='ltr'>Ρ.</span> <span class='ocrx_word' id='word_1_771' title='bbox 562 4753 666 4807; x_wconf 75' lang='lat'>573</span> <span class='ocrx_word' id='word_1_772' title='bbox 723 4751 831 4806; x_wconf 90' lang='lat' dir='ltr'>El).</span> <span class='ocrx_word' id='word_1_773' title='bbox 877 4745 1170 4808; x_wconf 77' lang='lat' dir='ltr'>POTTEB,</span> <span class='ocrx_word' id='word_1_774' title='bbox 1217 4743 1320 4796; x_wconf 82' lang='grc'>483</span> <span class='ocrx_word' id='word_1_775' title='bbox 1368 4742 1485 4796; x_wconf 89' lang='lat' dir='ltr'>EI).</span> <span class='ocrx_word' id='word_1_776' title='bbox 1522 4740 1722 4794; x_wconf 80' lang='lat' dir='ltr'>PARS.</span> <span class='ocrx_word' id='word_1_777' title='bbox 1781 4739 1856 4810; x_wconf 90' lang='lat' dir='ltr'>(a)</span> <span class='ocrx_word' id='word_1_778' title='bbox 1918 4740 1946 4794; x_wconf 66' lang='grc' dir='ltr'>ι</span> 
     </span>
    </p>
   </div>
   <div class='ocr_carea' id='block_1_101' title="bbox 2062 4739 3696 4817">
    <p class='ocr_par' dir='ltr' id='par_1_101' title="bbox 2062 4740 3696 4812">
     <span class='ocr_line' id='line_1_102' title="bbox 2062 4740 3696 4812; baseline 0.002 -18"><span class='ocrx_word' id='word_1_779' title='bbox 2062 4740 2134 4812; x_wconf 82' lang='lat' dir='ltr'>ip.</span> <span class='ocrx_word' id='word_1_780' title='bbox 2167 4758 2200 4808; x_wconf 80' lang='grc' dir='ltr'>ι,</span> <span class='ocrx_word' id='word_1_781' title='bbox 2240 4741 2325 4810; x_wconf 67' lang='grc'>13,</span> <span class='ocrx_word' id='word_1_782' title='bbox 2386 4743 2476 4796; x_wconf 79' lang='grc'>14.</span> <span class='ocrx_word' id='word_1_783' title='bbox 2542 4741 2616 4811; x_wconf 84' lang='lat' dir='ltr'>(b)</span> <span class='ocrx_word' id='word_1_784' title='bbox 2674 4743 2838 4796; x_wconf 83' lang='lat' dir='ltr'>Rom.</span> <span class='ocrx_word' id='word_1_785' title='bbox 2899 4758 2990 4810; x_wconf 88' lang='lat' dir='ltr'>xv,</span> <span class='ocrx_word' id='word_1_786' title='bbox 3022 4743 3074 4795; x_wconf 88' lang='grc'>4.</span> <span class='ocrx_word' id='word_1_787' title='bbox 3108 4742 3179 4812; x_wconf 84' lang='grc' dir='ltr'>(ο)</span> <span class='ocrx_word' id='word_1_788' title='bbox 3214 4745 3235 4794; x_wconf 88' lang='grc'>1</span> <span class='ocrx_word' id='word_1_789' title='bbox 3266 4742 3394 4796; x_wconf 91' lang='lat' dir='ltr'>Cor.</span> <span class='ocrx_word' id='word_1_790' title='bbox 3446 4758 3544 4808; x_wconf 83' lang='lat' dir='ltr'>vn,</span> <span class='ocrx_word' id='word_1_791' title='bbox 3600 4744 3696 4812; x_wconf 83' lang='lat'>28,</span> 
     </span>
    </p>
   </div>
   <div class='ocr_carea' id='block_1_102' title="bbox 288 4829 501 4898">
    <p class='ocr_par' dir='ltr' id='par_1_102' title="bbox 288 4829 501 4898">
     <span class='ocr_line' id='line_1_103' title="bbox 288 4829 501 4898; baseline -0.023 -14"><span class='ocrx_word' id='word_1_792' title='bbox 288 4831 380 4898; x_wconf 85' lang='lat'>32,</span> <span class='ocrx_word' id='word_1_793' title='bbox 414 4829 501 4880; x_wconf 75' lang='lat'>35.</span> 
     </span>
    </p>
   </div>
   <div class='ocr_carea' id='block_1_103' title="bbox 289 4937 1935 5024">
    <p class='ocr_par' dir='ltr' id='par_1_103' title="bbox 289 4937 1935 5024">
     <span class='ocr_line' id='line_1_104' title="bbox 289 4937 1935 5024; baseline -0.007 -14"><span class='ocrx_word' id='word_1_794' title='bbox 289 4953 533 5014; x_wconf 78' lang='grc' dir='ltr'>πλοῦτος</span> <span class='ocrx_word' id='word_1_795' title='bbox 590 4949 748 5006; x_wconf 82' lang='grc' dir='ltr'>αὐτὸν</span> <span class='ocrx_word' id='word_1_796' title='bbox 807 4945 1092 5024; x_wconf 79' lang='grc' dir='ltr'>ἐφῦσησεν,</span> <span class='ocrx_word' id='word_1_797' title='bbox 1161 4937 1283 4996; x_wconf 70' lang='grc' dir='ltr'>οὔτε</span> <span class='ocrx_word' id='word_1_798' title='bbox 1344 4942 1503 5024; x_wconf 65' lang='grc' dir='ltr'>πενία</span> <span class='ocrx_word' id='word_1_799' title='bbox 1561 4941 1935 5024; x_wconf 76' lang='grc' dir='ltr'>ἐταπείνωσεν.</span> 
     </span>
    </p>
   </div>
   <div class='ocr_carea' id='block_1_104' title="bbox 294 5014 1941 5092">
    <p class='ocr_par' dir='ltr' id='par_1_104' title="bbox 294 5014 1941 5092">
     <span class='ocr_line' id='line_1_105' title="bbox 294 5014 1941 5092; baseline -0.005 -13"><span class='ocrx_word' id='word_1_800' title='bbox 294 5050 324 5079; x_wconf 76' lang='grc' dir='ltr'>ι(</span> <span class='ocrx_word' id='word_1_801' title='bbox 358 5029 569 5082; x_wconf 89' lang='lat' dir='ltr'>Beatus</span> <span class='ocrx_word' id='word_1_802' title='bbox 603 5024 719 5092; x_wconf 87' lang='lat' dir='ltr'>hic,</span> <span class='ocrx_word' id='word_1_803' title='bbox 762 5014 902 5076; x_wconf 79' lang='lat' dir='ltr'>licet</span> <span class='ocrx_word' id='word_1_804' title='bbox 954 5019 1027 5092; x_wconf 87' lang='lat' dir='ltr'>in_</span> <span class='ocrx_word' id='word_1_805' title='bbox 1075 5033 1210 5092; x_wconf 74' lang='lat' dir='ltr'>eum</span> <span class='ocrx_word' id='word_1_806' title='bbox 1239 5014 1502 5092; x_wconf 69' lang='lat' dir='ltr'>undique</span> <span class='ocrx_word' id='word_1_807' title='bbox 1561 5017 1941 5092; x_wconf 82' lang='lat' dir='ltr'>mitterentur</span> 
     </span>
    </p>
   </div>
   <div class='ocr_carea' id='block_1_105' title="bbox 293 5086 1936 5171">
    <p class='ocr_par' dir='ltr' id='par_1_105' title="bbox 293 5086 1936 5171">
     <span class='ocr_line' id='line_1_106' title="bbox 293 5086 1936 5171; baseline -0.007 -17"><span class='ocrx_word' id='word_1_808' title='bbox 293 5100 543 5171; x_wconf 66' lang='lat' dir='ltr'>sagittas,</span> <span class='ocrx_word' id='word_1_809' title='bbox 573 5086 754 5171; x_wconf 75' lang='lat' dir='ltr'>tutior</span> <span class='ocrx_word' id='word_1_810' title='bbox 777 5110 844 5171; x_wconf 81' lang='lat' dir='ltr'>ac</span> <span class='ocrx_word' id='word_1_811' title='bbox 877 5088 1104 5145; x_wconf 83' lang='lat' dir='ltr'>ﬁrmior</span> <span class='ocrx_word' id='word_1_812' title='bbox 1126 5086 1518 5171; x_wconf 71' lang='lat' dir='ltr'>nihilominus</span> <span class='ocrx_word' id='word_1_813' title='bbox 1541 5089 1936 5171; x_wconf 69' lang='lat' dir='ltr'>consistebat;</span> 
     </span>
    </p>
   </div>
   <div class='ocr_carea' id='block_1_106' title="bbox 291 5158 1940 5240">
    <p class='ocr_par' dir='ltr' id='par_1_106' title="bbox 291 5158 1940 5240">
     <span class='ocr_line' id='line_1_107' title="bbox 291 5158 1940 5240; baseline -0.007 -14"><span class='ocrx_word' id='word_1_814' title='bbox 291 5158 550 5240; x_wconf 74' lang='lat' dir='ltr'>cumque</span> <span class='ocrx_word' id='word_1_815' title='bbox 571 5166 775 5238; x_wconf 89' lang='lat' dir='ltr'>jacula</span> <span class='ocrx_word' id='word_1_816' title='bbox 812 5158 1274 5240; x_wconf 79' lang='lat' dir='ltr'>innumerabilia</span> <span class='ocrx_word' id='word_1_817' title='bbox 1305 5159 1654 5240; x_wconf 50' lang='lat' dir='ltr'>excepisset,</span> <span class='ocrx_word' id='word_1_818' title='bbox 1684 5161 1836 5240; x_wconf 86' lang='lat' dir='ltr'>nihil</span> <span class='ocrx_word' id='word_1_819' title='bbox 1868 5161 1940 5215; x_wconf 93' lang='lat' dir='ltr'>de</span> 
     </span>
    </p>
   </div>
   <div class='ocr_carea' id='block_1_107' title="bbox 292 5229 1939 5302">
    <p class='ocr_par' dir='ltr' id='par_1_107' title="bbox 292 5229 1939 5302">
     <span class='ocr_line' id='line_1_108' title="bbox 292 5229 1939 5302; baseline -0.006 -5"><span class='ocrx_word' id='word_1_820' title='bbox 292 5229 481 5298; x_wconf 75' lang='lat' dir='ltr'>animi</span> <span class='ocrx_word' id='word_1_821' title='bbox 509 5229 719 5293; x_wconf 66' lang='lat' dir='ltr'>virtute</span> <span class='ocrx_word' id='word_1_822' title='bbox 747 5234 991 5290; x_wconf 89' lang='lat' dir='ltr'>remisit.</span> <span class='ocrx_word' id='word_1_823' title='bbox 1029 5237 1150 5284; x_wconf 91' lang='lat' dir='ltr'>lmo</span> <span class='ocrx_word' id='word_1_824' title='bbox 1182 5246 1315 5302; x_wconf 85' lang='lat' dir='ltr'>vero</span> <span class='ocrx_word' id='word_1_825' title='bbox 1349 5229 1569 5285; x_wconf 89' lang='lat' dir='ltr'>diaboli</span> <span class='ocrx_word' id='word_1_826' title='bbox 1601 5232 1939 5302; x_wconf 88' lang='lat' dir='ltr'>pharetram</span> 
     </span>
    </p>
   </div>
   <div class='ocr_carea' id='block_1_108' title="bbox 290 5301 1936 5381">
    <p class='ocr_par' dir='ltr' id='par_1_108' title="bbox 290 5301 1936 5381">
     <span class='ocr_line' id='line_1_109' title="bbox 290 5301 1936 5381; baseline -0.007 -12"><span class='ocrx_word' id='word_1_827' title='bbox 290 5312 590 5378; x_wconf 81' lang='lat' dir='ltr'>exhausit,</span> <span class='ocrx_word' id='word_1_828' title='bbox 624 5311 749 5381; x_wconf 88' lang='lat' dir='ltr'>ipse</span> <span class='ocrx_word' id='word_1_829' title='bbox 783 5323 915 5361; x_wconf 89' lang='lat' dir='ltr'>vero</span> <span class='ocrx_word' id='word_1_830' title='bbox 943 5319 1050 5358; x_wconf 91' lang='lat' dir='ltr'>nec</span> <span class='ocrx_word' id='word_1_831' title='bbox 1079 5301 1369 5381; x_wconf 78' lang='lat' dir='ltr'>concedit,</span> <span class='ocrx_word' id='word_1_832' title='bbox 1411 5319 1548 5381; x_wconf 32' lang='lat' dir='ltr'>nec.</span> <span class='ocrx_word' id='word_1_833' title='bbox 1573 5301 1772 5358; x_wconf 87' lang='lat' dir='ltr'>animo</span> <span class='ocrx_word' id='word_1_834' title='bbox 1825 5305 1936 5358; x_wconf 85' lang='lat' dir='ltr'>fra-</span> 
     </span>
    </p>
   </div>
   <div class='ocr_carea' id='block_1_109' title="bbox 287 5372 1938 5450">
    <p class='ocr_par' dir='ltr' id='par_1_109' title="bbox 287 5372 1938 5450">
     <span class='ocr_line' id='line_1_110' title="bbox 287 5372 1938 5450; baseline -0.007 -10"><span class='ocrx_word' id='word_1_835' title='bbox 287 5391 418 5441; x_wconf 87' lang='lat' dir='ltr'>ctus</span> <span class='ocrx_word' id='word_1_836' title='bbox 447 5389 553 5450; x_wconf 84' lang='lat' dir='ltr'>est,</span> <span class='ocrx_word' id='word_1_837' title='bbox 579 5372 686 5437; x_wconf 75' lang='lat' dir='ltr'>sed</span> <span class='ocrx_word' id='word_1_838' title='bbox 721 5386 1000 5449; x_wconf 84' lang='lat' dir='ltr'>tanquam</span> <span class='ocrx_word' id='word_1_839' title='bbox 1032 5372 1392 5450; x_wconf 59' lang='lat' dir='ltr'>gnbernator</span> <span class='ocrx_word' id='word_1_840' title='bbox 1432 5374 1710 5450; x_wconf 72' lang='lat' dir='ltr'>optimus,</span> <span class='ocrx_word' id='word_1_841' title='bbox 1744 5392 1938 5450; x_wconf 80' lang='lat' dir='ltr'>neque</span> 
     </span>
    </p>
   </div>
   <div class='ocr_carea' id='block_1_110' title="bbox 286 5444 1935 5518">
    <p class='ocr_par' dir='ltr' id='par_1_110' title="bbox 286 5444 1935 5518">
     <span class='ocr_line' id='line_1_111' title="bbox 286 5444 1935 5518; baseline -0.007 -6"><span class='ocrx_word' id='word_1_842' title='bbox 286 5444 724 5514; x_wconf 46' lang='lat' dir='ltr'>furente&#39;mari.</span> <span class='ocrx_word' id='word_1_843' title='bbox 746 5444 992 5518; x_wconf 77' lang='lat' dir='ltr'>seseque</span> <span class='ocrx_word' id='word_1_844' title='bbox 1015 5444 1401 5518; x_wconf 61' lang='lat' dir='ltr'>offerentibus</span> <span class='ocrx_word' id='word_1_845' title='bbox 1429 5445 1702 5500; x_wconf 81' lang='lat' dir='ltr'>[luctibus</span> <span class='ocrx_word' id='word_1_846' title='bbox 1725 5444 1935 5501; x_wconf 82' lang='lat' dir='ltr'>obrue-</span> 
     </span>
    </p>
   </div>
   <div class='ocr_carea' id='block_1_111' title="bbox 291 5515 1942 5595">
    <p class='ocr_par' dir='ltr' id='par_1_111' title="bbox 291 5515 1942 5595">
     <span class='ocr_line' id='line_1_112' title="bbox 291 5515 1942 5595; baseline -0.007 -12"><span class='ocrx_word' id='word_1_847' title='bbox 291 5529 468 5584; x_wconf 90' lang='lat' dir='ltr'>batur</span> <span class='ocrx_word' id='word_1_848' title='bbox 495 5544 509 5591; x_wconf 86' lang='lat'>;</span> <span class='ocrx_word' id='word_1_849' title='bbox 543 5541 735 5595; x_wconf 90' lang='lat' dir='ltr'>neque</span> <span class='ocrx_word' id='word_1_850' title='bbox 765 5523 825 5576; x_wconf 92' lang='lat' dir='ltr'>in</span> <span class='ocrx_word' id='word_1_851' title='bbox 857 5515 1262 5595; x_wconf 71' lang='lat' dir='ltr'>tranquilitate</span> <span class='ocrx_word' id='word_1_852' title='bbox 1293 5521 1468 5595; x_wconf 89' lang='lat' dir='ltr'>atque</span> <span class='ocrx_word' id='word_1_853' title='bbox 1517 5518 1768 5595; x_wconf 79' lang='lat' dir='ltr'>malacia</span> <span class='ocrx_word' id='word_1_854' title='bbox 1815 5523 1942 5595; x_wconf 80' lang='lat' dir='ltr'>erat</span> 
     </span>
    </p>
   </div>
   <div class='ocr_carea' id='block_1_112' title="bbox 293 5586 1939 5665">
    <p class='ocr_par' dir='ltr' id='par_1_112' title="bbox 293 5586 1939 5665">
     <span class='ocr_line' id='line_1_113' title="bbox 293 5586 1939 5665; baseline -0.007 -10"><span class='ocrx_word' id='word_1_855' title='bbox 293 5586 657 5655; x_wconf 64' lang='lat' dir='ltr'>desidiosior</span> <span class='ocrx_word' id='word_1_856' title='bbox 697 5613 708 5650; x_wconf 92' lang='lat'>:</span> <span class='ocrx_word' id='word_1_857' title='bbox 769 5608 972 5665; x_wconf 89' lang='lat' dir='ltr'>parem</span> <span class='ocrx_word' id='word_1_858' title='bbox 1013 5586 1469 5665; x_wconf 59' lang='lat' dir='ltr'>potiusartem</span> <span class='ocrx_word' id='word_1_859' title='bbox 1527 5589 1602 5643; x_wconf 91' lang='lat' dir='ltr'>ad</span> <span class='ocrx_word' id='word_1_860' title='bbox 1659 5590 1939 5661; x_wconf 88' lang='lat' dir='ltr'>temporis</span> 
     </span>
    </p>
   </div>
   <div class='ocr_carea' id='block_1_113' title="bbox 292 5657 1580 5726">
    <p class='ocr_par' dir='ltr' id='par_1_113' title="bbox 292 5657 1580 5726">
     <span class='ocr_line' id='line_1_114' title="bbox 292 5657 1580 5726; baseline -0.009 1"><span class='ocrx_word' id='word_1_861' title='bbox 292 5672 606 5726; x_wconf 81' lang='lat' dir='ltr'>utriusque</span> <span class='ocrx_word' id='word_1_862' title='bbox 638 5657 960 5723; x_wconf 73' lang='lat' dir='ltr'>discrimen</span> <span class='ocrx_word' id='word_1_863' title='bbox 983 5657 1285 5714; x_wconf 72' lang='lat' dir='ltr'>afferebat.</span> <span class='ocrx_word' id='word_1_864' title='bbox 1318 5660 1580 5716; x_wconf 78' lang='lat' dir='ltr'>COLLRCT.</span> 
     </span>
    </p>
   </div>
   <div class='ocr_carea' id='block_1_114' title="bbox 371 5688 1408 5816">
    <p class='ocr_par' dir='ltr' id='par_1_114' title="bbox 371 5688 1408 5816">
     <span class='ocr_line' id='line_1_115' title="bbox 371 5688 1408 5725; baseline -0.015 1"><span class='ocrx_word' id='word_1_865' title='bbox 371 5688 486 5725; x_wconf 81' lang='lat' dir='ltr'>nus</span> <span class='ocrx_word' id='word_1_866' title='bbox 534 5688 606 5724; x_wconf 92' lang='lat' dir='ltr'>ue</span> <span class='ocrx_word' id='word_1_867' title='bbox 638 5688 960 5723; x_wconf 74' lang='lat' dir='ltr'>alscruucu</span> <span class='ocrx_word' id='word_1_868' title='bbox 983 5688 1285 5714; x_wconf 74' lang='grc' dir='ltr'>ιωυισυαι.</span> <span class='ocrx_word' id='word_1_869' title='bbox 1319 5688 1408 5714; x_wconf 75' lang='lat' dir='ltr'>um</span> 
     </span>
     <span class='ocr_line' id='line_1_116' title="bbox 371 5688 1408 5816; baseline -0.012 -18"><span class='ocrx_word' id='word_1_870' title='bbox 371 5688 623 5816; x_wconf 45' lang='lat' dir='ltr'>“nam</span> <span class='ocrx_word' id='word_1_871' title='bbox 654 5739 808 5794; x_wconf 77' lang='grc' dir='ltr'>Θεοῦ.</span> <span class='ocrx_word' id='word_1_872' title='bbox 841 5733 1022 5790; x_wconf 83' lang='lat' dir='ltr'>Abest</span> <span class='ocrx_word' id='word_1_873' title='bbox 1050 5747 1085 5786; x_wconf 87' lang='lat' dir='ltr'>a</span> <span class='ocrx_word' id='word_1_874' title='bbox 1115 5729 1329 5802; x_wconf 89' lang='lat' dir='ltr'>Philip.</span> <span class='ocrx_word' id='word_1_875' title='bbox 1373 5747 1408 5787; x_wconf 84' lang='grc' dir='ltr'>ι.</span> 
     </span>
    </p>
   </div>
   <div class='ocr_carea' id='block_1_115' title="bbox 2125 4933 3696 5014">
    <p class='ocr_par' dir='ltr' id='par_1_115' title="bbox 2125 4933 3696 5014">
     <span class='ocr_line' id='line_1_117' title="bbox 2125 4933 3696 5014; baseline -0.006 -20"><span class='ocrx_word' id='word_1_876' title='bbox 2125 4941 2232 5010; x_wconf 81' lang='grc'>(42)</span> <span class='ocrx_word' id='word_1_877' title='bbox 2261 4939 2556 5014; x_wconf 25' lang='grc' dir='ltr'>Ὅσα-γᾶρι</span> <span class='ocrx_word' id='word_1_878' title='bbox 2601 4941 2636 5008; x_wconf 77' lang='grc' dir='ltr'><strong>ἡ</strong></span> <span class='ocrx_word' id='word_1_879' title='bbox 2685 4937 2871 5014; x_wconf 70' lang='grc' dir='ltr'>Γραφῇ</span> <span class='ocrx_word' id='word_1_880' title='bbox 2914 4933 3080 5014; x_wconf 74' lang='grc' dir='ltr'>λέγει,</span> <span class='ocrx_word' id='word_1_881' title='bbox 3109 4937 3188 5014; x_wconf 67' lang='grc' dir='ltr'>εἷς</span> <span class='ocrx_word' id='word_1_882' title='bbox 3236 4959 3284 4994; x_wconf 83' lang='grc' dir='ltr'>τ,</span> <span class='ocrx_word' id='word_1_883' title='bbox 3320 4941 3540 5014; x_wconf 63' lang='lat' dir='ltr'>Forsan</span> <span class='ocrx_word' id='word_1_884' title='bbox 3594 4958 3696 4999; x_wconf 77' lang='lat' dir='ltr'>au-</span> 
     </span>
    </p>
   </div>
   <div class='ocr_carea' id='block_1_116' title="bbox 2056 5008 3696 5097">
    <p class='ocr_par' dir='ltr' id='par_1_116' title="bbox 2056 5008 3696 5097">
     <span class='ocr_line' id='line_1_118' title="bbox 2056 5008 3696 5097; baseline 0.001 -30"><span class='ocrx_word' id='word_1_885' title='bbox 2056 5008 2452 5097; x_wconf 43' lang='lat' dir='ltr'>gigpécri‘psit&#39;</span> <span class='ocrx_word' id='word_1_886' title='bbox 2478 5030 2490 5066; x_wconf 89' lang='lat'><strong>:</strong></span> <span class='ocrx_word' id='word_1_887' title='bbox 2520 5012 2658 5068; x_wconf 88' lang='grc' dir='ltr'>Ὃσα</span> <span class='ocrx_word' id='word_1_888' title='bbox 2693 5008 2819 5082; x_wconf 67' lang='grc' dir='ltr'>γὰρ’</span> <span class='ocrx_word' id='word_1_889' title='bbox 2847 5008 3074 5097; x_wconf 57' lang='grc' dir='ltr'>ἐγράφη,</span> <span class='ocrx_word' id='word_1_890' title='bbox 3109 5008 3275 5097; x_wconf 63' lang='grc' dir='ltr'>λέγει,</span> <span class='ocrx_word' id='word_1_891' title='bbox 3322 5010 3397 5094; x_wconf 76' lang='grc' dir='ltr'>εἷς</span> <span class='ocrx_word' id='word_1_892' title='bbox 3445 5033 3503 5097; x_wconf 66' lang='grc' dir='ltr'>τ.Δ</span> <span class='ocrx_word' id='word_1_893' title='bbox 3529 5015 3696 5087; x_wconf 78' lang='lat' dir='ltr'>Vulg.</span> 
     </span>
    </p>
   </div>
   <div class='ocr_carea' id='block_1_117' title="bbox 2054 5082 3698 5156">
    <p class='ocr_par' dir='ltr' id='par_1_117' title="bbox 2054 5082 3698 5156">
     <span class='ocr_line' id='line_1_119' title="bbox 2054 5082 3698 5156; baseline 0.002 -18"><span class='ocrx_word' id='word_1_894' title='bbox 2054 5084 2244 5138; x_wconf 87' lang='lat' dir='ltr'>Biblia</span> <span class='ocrx_word' id='word_1_895' title='bbox 2302 5087 2470 5139; x_wconf 83' lang='lat' dir='ltr'>Rom.</span> <span class='ocrx_word' id='word_1_896' title='bbox 2531 5101 2621 5152; x_wconf 87' lang='lat' dir='ltr'>xv,</span> <span class='ocrx_word' id='word_1_897' title='bbox 2681 5082 2999 5156; x_wconf 73' lang='grc' dir='ltr'>προεγράφη</span> <span class='ocrx_word' id='word_1_898' title='bbox 3053 5082 3391 5156; x_wconf 40' lang='grc' dir='ltr'>Ιιξὼεηιηὶιι</span> <span class='ocrx_word' id='word_1_899' title='bbox 3446 5082 3698 5156; x_wconf 73' lang='lat' dir='ltr'>utroque</span> 
     </span>
    </p>
   </div>
   <div class='ocr_carea' id='block_1_118' title="bbox 2053 5148 3702 5229">
    <p class='ocr_par' dir='ltr' id='par_1_118' title="bbox 2053 5148 3702 5229">
     <span class='ocr_line' id='line_1_120' title="bbox 2053 5148 3702 5229; baseline 0.003 -21"><span class='ocrx_word' id='word_1_900' title='bbox 2053 5156 2339 5229; x_wconf 79' lang='lat' dir='ltr'>membro.</span> <span class='ocrx_word' id='word_1_901' title='bbox 2374 5148 2623 5229; x_wconf 13' lang='grc' dir='ltr'>ννοξίτῆς</span> <span class='ocrx_word' id='word_1_902' title='bbox 2654 5148 3053 5225; x_wconf 72' lang='grc' dir='ltr'>παρακλήσεως</span> <span class='ocrx_word' id='word_1_903' title='bbox 3103 5162 3236 5226; x_wconf 84' lang='lat' dir='ltr'>post</span> <span class='ocrx_word' id='word_1_904' title='bbox 3287 5148 3506 5229; x_wconf 78' lang='grc' dir='ltr'>ἔχωμεν</span> <span class='ocrx_word' id='word_1_905' title='bbox 3533 5148 3702 5212; x_wconf 71' lang='grc' dir='ltr'>αὒέεῐ</span> 
     </span>
    </p>
   </div>
   <div class='ocr_carea' id='block_1_119' title="bbox 2053 5227 2853 5282">
    <p class='ocr_par' dir='ltr' id='par_1_119' title="bbox 2053 5227 2853 5282">
     <span class='ocr_line' id='line_1_121' title="bbox 2053 5227 2853 5282; baseline -0.005 0"><span class='ocrx_word' id='word_1_906' title='bbox 2053 5227 2124 5282; x_wconf 92' lang='lat' dir='ltr'>ab</span> <span class='ocrx_word' id='word_1_907' title='bbox 2159 5227 2367 5282; x_wconf 89' lang='lat' dir='ltr'>iisdem</span> <span class='ocrx_word' id='word_1_908' title='bbox 2400 5227 2547 5282; x_wconf 90' lang='lat' dir='ltr'>Bibl.</span> <span class='ocrx_word' id='word_1_909' title='bbox 2583 5229 2853 5281; x_wconf 75' lang='lat' dir='ltr'>vaunc.</span> 
     </span>
    </p>
   </div>
   <div class='ocr_carea' id='block_1_120' title="bbox 2124 5295 3697 5372">
    <p class='ocr_par' dir='ltr' id='par_1_120' title="bbox 2124 5295 3697 5372">
     <span class='ocr_line' id='line_1_122' title="bbox 2124 5295 3697 5372; baseline 0.001 -20"><span class='ocrx_word' id='word_1_910' title='bbox 2124 5299 2237 5366; x_wconf 71' lang='grc'>(43)</span> <span class='ocrx_word' id='word_1_911' title='bbox 2270 5296 2373 5351; x_wconf 84' lang='grc' dir='ltr'>Καὶ</span> <span class='ocrx_word' id='word_1_912' title='bbox 2407 5295 2462 5350; x_wconf 78' lang='grc' dir='ltr'>εὖ</span> <span class='ocrx_word' id='word_1_913' title='bbox 2496 5316 2588 5372; x_wconf 87' lang='grc' dir='ltr'>χρ.</span> <span class='ocrx_word' id='word_1_914' title='bbox 2626 5301 2734 5352; x_wconf 87' lang='lat' dir='ltr'>Pro</span> <span class='ocrx_word' id='word_1_915' title='bbox 2792 5296 2881 5349; x_wconf 83' lang='grc' dir='ltr'>καὶ</span> <span class='ocrx_word' id='word_1_916' title='bbox 2943 5297 3316 5372; x_wconf 30' lang='grc' dir='ltr'>ῐηᾶὶίῐῐιητῆν,</span> <span class='ocrx_word' id='word_1_917' title='bbox 3374 5304 3442 5372; x_wconf 86' lang='lat' dir='ltr'>ut</span> <span class='ocrx_word' id='word_1_918' title='bbox 3490 5316 3697 5372; x_wconf 87' lang='lat' dir='ltr'>sensus</span> 
     </span>
    </p>
   </div>
   <div class='ocr_carea' id='block_1_121' title="bbox 2055 5370 3697 5439">
    <p class='ocr_par' dir='ltr' id='par_1_121' title="bbox 2055 5370 3697 5439">
     <span class='ocr_line' id='line_1_123' title="bbox 2055 5370 3697 5439; baseline -0.002 -14"><span class='ocrx_word' id='word_1_919' title='bbox 2055 5371 2150 5436; x_wconf 89' lang='lat' dir='ltr'>sit,</span> <span class='ocrx_word' id='word_1_920' title='bbox 2187 5394 2212 5419; x_wconf 89' lang='grc'>‹‹</span> <span class='ocrx_word' id='word_1_921' title='bbox 2248 5372 2385 5425; x_wconf 88' lang='lat' dir='ltr'>Eam</span> <span class='ocrx_word' id='word_1_922' title='bbox 2409 5370 2692 5435; x_wconf 84' lang='lat' dir='ltr'>animam,</span> <span class='ocrx_word' id='word_1_923' title='bbox 2726 5387 2856 5439; x_wconf 59' lang='lat' dir='ltr'>qua;</span> <span class='ocrx_word' id='word_1_924' title='bbox 2888 5370 3283 5439; x_wconf 65' lang='lat' dir='ltr'>praesentibus</span> <span class='ocrx_word' id='word_1_925' title='bbox 3301 5371 3384 5424; x_wconf 89' lang='lat' dir='ltr'>uti</span> <span class='ocrx_word' id='word_1_926' title='bbox 3417 5371 3592 5428; x_wconf 70' lang='lat' dir='ltr'>norit,</span> <span class='ocrx_word' id='word_1_927' title='bbox 3627 5371 3697 5422; x_wconf 87' lang='lat' dir='ltr'>li-</span> 
     </span>
    </p>
   </div>
   <div class='ocr_carea' id='block_1_122' title="bbox 2053 5441 3693 5512">
    <p class='ocr_par' dir='ltr' id='par_1_122' title="bbox 2053 5441 3693 5512">
     <span class='ocr_line' id='line_1_124' title="bbox 2053 5441 3693 5512; baseline -0.002 -16"><span class='ocrx_word' id='word_1_928' title='bbox 2053 5441 2255 5497; x_wconf 90' lang='lat' dir='ltr'>beram</span> <span class='ocrx_word' id='word_1_929' title='bbox 2289 5449 2346 5496; x_wconf 90' lang='lat' dir='ltr'>et</span> <span class='ocrx_word' id='word_1_930' title='bbox 2374 5441 2817 5512; x_wconf 85' lang='lat' dir='ltr'>impedimentis</span> <span class='ocrx_word' id='word_1_931' title='bbox 2866 5441 3192 5494; x_wconf 88' lang='lat' dir='ltr'>immunem</span> <span class='ocrx_word' id='word_1_932' title='bbox 3227 5458 3332 5512; x_wconf 82' lang='lat' dir='ltr'>per</span> <span class='ocrx_word' id='word_1_933' title='bbox 3380 5442 3693 5494; x_wconf 89' lang='lat' dir='ltr'>sanitatem</span> 
     </span>
    </p>
   </div>
   <div class='ocr_carea' id='block_1_123' title="bbox 2055 5511 3420 5582">
    <p class='ocr_par' dir='ltr' id='par_1_123' title="bbox 2055 5511 3420 5582">
     <span class='ocr_line' id='line_1_125' title="bbox 2055 5511 3420 5582; baseline -0.006 -14"><span class='ocrx_word' id='word_1_934' title='bbox 2055 5519 2113 5568; x_wconf 91' lang='lat' dir='ltr'>et</span> <span class='ocrx_word' id='word_1_935' title='bbox 2142 5531 2338 5569; x_wconf 90' lang='lat' dir='ltr'>rerum</span> <span class='ocrx_word' id='word_1_936' title='bbox 2374 5511 2776 5569; x_wconf 69' lang='lat' dir='ltr'>neéessarium</span> <span class='ocrx_word' id='word_1_937' title='bbox 2809 5511 3039 5582; x_wconf 91' lang='lat' dir='ltr'>copiam</span> <span class='ocrx_word' id='word_1_938' title='bbox 3071 5511 3357 5581; x_wconf 67' lang='lat' dir='ltr'>praastari.</span> <span class='ocrx_word' id='word_1_939' title='bbox 3392 5533 3420 5559; x_wconf 87' lang='grc'><strong><em>››</em></strong></span> 
     </span>
    </p>
   </div>
   <div class='ocr_carea' id='block_1_124' title="bbox 2121 5582 3692 5657">
    <p class='ocr_par' dir='ltr' id='par_1_124' title="bbox 2121 5582 3692 5657">
     <span class='ocr_line' id='line_1_126' title="bbox 2121 5582 3692 5657; baseline -0.001 -19"><span class='ocrx_word' id='word_1_940' title='bbox 2121 5585 2235 5654; x_wconf 76' lang='grc'>(44)</span> <span class='ocrx_word' id='word_1_941' title='bbox 2294 5583 2512 5657; x_wconf 23' lang='grc' dir='ltr'>Θλίψινμ.</span> <span class='ocrx_word' id='word_1_942' title='bbox 2570 5587 2641 5657; x_wconf 44' lang='grc' dir='ltr'>Ιῃᾷ</span> <span class='ocrx_word' id='word_1_943' title='bbox 2682 5582 3217 5657; x_wconf 29' lang='grc' dir='ltr'>υηιιιῃιοοηάμηείῐ</span> <span class='ocrx_word' id='word_1_944' title='bbox 3247 5582 3268 5634; x_wconf 94' lang='grc' dir='ltr'>Ι</span> <span class='ocrx_word' id='word_1_945' title='bbox 3297 5582 3427 5635; x_wconf 91' lang='lat' dir='ltr'>Cor.</span> <span class='ocrx_word' id='word_1_946' title='bbox 3471 5586 3692 5657; x_wconf 32' lang='lat' dir='ltr'>v11.‘28,</span> 
     </span>
    </p>
   </div>
   <div class='ocr_carea' id='block_1_125' title="bbox 2051 5650 3692 5728">
    <p class='ocr_par' dir='ltr' id='par_1_125' title="bbox 2051 5650 3692 5728">
     <span class='ocr_line' id='line_1_127' title="bbox 2051 5650 3692 5728; baseline -0.001 -20"><span class='ocrx_word' id='word_1_947' title='bbox 2051 5650 2140 5728; x_wconf 66' lang='lat' dir='ltr'>g2,</span> <span class='ocrx_word' id='word_1_948' title='bbox 2174 5650 2264 5722; x_wconf 75' lang='lat'>35,</span> <span class='ocrx_word' id='word_1_949' title='bbox 2294 5657 2392 5712; x_wconf 89' lang='lat' dir='ltr'>ubi</span> <span class='ocrx_word' id='word_1_950' title='bbox 2415 5650 2570 5728; x_wconf 66' lang='grc' dir='ltr'>’θέλω</span> <span class='ocrx_word' id='word_1_951' title='bbox 2601 5651 2658 5708; x_wconf 76' lang='grc' dir='ltr'>δὲ</span> <span class='ocrx_word' id='word_1_952' title='bbox 2683 5671 2788 5725; x_wconf 88' lang='lat' dir='ltr'>pro</span> <span class='ocrx_word' id='word_1_953' title='bbox 2821 5651 2966 5705; x_wconf 84' lang='grc' dir='ltr'>θέλω</span> <span class='ocrx_word' id='word_1_954' title='bbox 2990 5650 3114 5724; x_wconf 66' lang='grc' dir='ltr'>γάρ,</span> <span class='ocrx_word' id='word_1_955' title='bbox 3153 5650 3224 5706; x_wconf 86' lang='lat' dir='ltr'>et</span> <span class='ocrx_word' id='word_1_956' title='bbox 3252 5668 3386 5706; x_wconf 83' lang='lat' dir='ltr'>mox</span> <span class='ocrx_word' id='word_1_957' title='bbox 3436 5650 3692 5728; x_wconf 79' lang='grc' dir='ltr'>εὐπρόσε-</span> 
     </span>
    </p>
   </div>
   <div class='ocr_carea' id='block_1_126' title="bbox 2053 5723 2917 5804">
    <p class='ocr_par' dir='ltr' id='par_1_126' title="bbox 2053 5723 2917 5804">
     <span class='ocr_line' id='line_1_128' title="bbox 2053 5723 2917 5804; baseline 0 -25"><span class='ocrx_word' id='word_1_958' title='bbox 2053 5723 2178 5802; x_wconf 81' lang='grc' dir='ltr'>ὃρον</span> <span class='ocrx_word' id='word_1_959' title='bbox 2208 5745 2313 5800; x_wconf 90' lang='lat' dir='ltr'>pro</span> <span class='ocrx_word' id='word_1_960' title='bbox 2345 5723 2917 5804; x_wconf 47' lang='lat' dir='ltr'>adnipeSpoVexstat.</span> 
     </span>
    </p>
   </div>
  </div>
