4066 6192
409 304 549 361 1239

1638 306 2040 362 CLEMENTIS
2073 305 2573 361 ALEXANDBINI

3679 306 3791 361 1240

409 435 654 503 propter
673 429 973 500 justitiam
994 428 1287 496 videlicet,
1311 431 1436 484 Non
1457 445 1594 502 ergo
1619 429 1888 486 absolute
1909 447 2053 502 pau-

2181 425 2279 502 ›ὖχ
2324 426 2476 489 alia;
2508 426 2639 489 τοὺς
2666 425 2922 498 πένητας,
2953 425 3103 483 ἀλλὰ
3146 426 3274 489 τοῦς
3331 425 3696 498 ἐθελήσαντας
3733 429 3803 484 διὰ

410 537 606 590 peres,
642 518 746 573 sed
777 535 898 588 eos,
925 519 1024 589 qui
1048 519 1596 590 propterjustitiam
1619 520 1912 574 voluerint
1933 519 2061 574 ﬁeri

412 624 725 679 pauperes,
759 625 859 661 eos
888 607 1095 662 beatos
1127 625 1256 663 esse
1279 609 1462 675 dicit;
1491 609 1591 679 qui
1625 609 1853 663 scilicet
1883 609 2064 679 hujus

411 695 621 751 mundi
653 697 909 751 honores
939 703 1444 768 contempserunt,
1464 704 1530 752 ut
1550 698 1771 752 bonum
1795 697 2063 768 acquire-

411 791 581 840 rent:
618 786 863 857 perinde
895 803 962 841 ac
989 803 1088 841 eos
1122 804 1357 858 quoque
1389 787 1490 858 qui
1521 787 1754 842 honesti
1799 786 2063 842 moribus

415 889 473 938 et
498 900 742 955 corpore
769 884 933 940 fuere
964 903 1071 956 per
1101 886 1454 953 castitatem,
1487 885 1798 956 clarosque
1829 890 1887 938 et
1923 883 2064 938 illu-

417 979 589 1042 stres,
623 973 723 1044 qui
753 980 994 1046 pr0pter
1015 975 1312 1046 justitiom
1347 975 1603 1046 provecti
1634 981 1772 1028 sunt
1801 973 1874 1028 ad
1910 973 2065 1028 lilio-

415 1079 549 1118 rum
580 1063 982 1134 adoptionem,
1017 1070 1074 1118 et
1103 1064 1236 1119 ideo
1261 1087 1289 1114 «
1321 1070 1680 1135 acceperunt
1710 1067 2062 1135 potestatem

416 1157 482 1205 ut
512 1151 618 1206 ﬁlii
652 1153 752 1207 Dei
787 1154 1017 1218 ﬁerent,
1052 1160 1111 1208 et
1136 1170 1314 1224 super
1343 1160 1648 1224 serpentes
1695 1159 1753 1206 et
1800 1151 2064 1222 scorpios

417 1240 796 1296 ambularent
827 1247 884 1295 et
913 1241 975 1295 in
1001 1241 1302 1298 daemones
1335 1248 1392 1296 et
1422 1242 1482 1296 in
1515 1241 1832 1297 adversarii
1864 1240 2064 1311 copias

419 1329 790 1384 dominatum
810 1329 1150 1385 obtinerent
1171 1332 1272 1399 (a).
1295 1353 1323 1380 »
1340 1333 1429 1400 Et,
1448 1331 1586 1384 utin
1602 1329 2062 1395 summadicam,

418 1427 725 1482 Dominica
771 1428 1112 1482 exercitatio
1153 1433 1315 1499 grate
1365 1445 1430 1483 ac
1480 1427 1758 1483 lubenter
1803 1428 2063 1482 animam

418 1513 657 1569 abducit
714 1531 749 1570 a
797 1532 1063 1587 corpore,
1118 1517 1165 1570 si
1213 1516 1453 1587 quidem
1498 1516 1627 1588 ipsa
1682 1533 1918 1587 quoque
1969 1532 2064 1570 se-

417 1603 609 1674 ipsam
641 1604 1050 1660 transferendo
1077 1605 1296 1660 avellit.
1328 1629 1355 1655 ‹‹
1389 1607 1496 1672 Qui
1540 1607 1698 1662 enim
1731 1612 1890 1660 amat
1931 1605 2063 1660 ani-

418 1709 578 1747 mam
611 1709 797 1758 suam,
832 1693 1041 1764 perdet
1085 1694 1235 1750 208
1270 1695 1473 1750 illam:
1525 1701 1582 1750 et
1631 1696 1730 1766 qui
1781 1694 2060 1766 perdidit,

2174 513 2522 586 δικαιοσύνην
2575 515 2834 592 πτωχοὺς
2889 517 3170 591 γενέσθαι,
3227 516 3461 578 τούτους
3526 517 3804 588 μακαρίζει,

2168 605 2298 666 τοῦς
2351 605 3084 682 καταμεγαλοφρονήσαντας
3160 611 3268 661 τῶν
3353 606 3589 669 ἐνταῦθα
3655 613 3802 676 τιμῶν

2174 694 2251 756 εἷς
2283 696 2634 766 περιποίησιν
2680 694 2933 770 τάγαθοῦ⁸
2985 694 3195 767 ὁμοίως
3229 692 3288 749 δὲ
3321 695 3411 749 καὶ
3446 695 3579 756 τοὺς
3633 697 3804 757 καλῶς

2170 781 2234 836 τὸ
2260 783 2394 851 ἦθος
2423 783 2514 837 καὶ
2543 783 2604 838 τὸ
2657 787 2817 856 σῶμα
2848 781 2919 838 δι’
2972 782 3183 857 ἁγνείαν
3231 785 3589 857 γενομένους,
3620 784 3738 845 τοὺς
3763 806 3808 840 τε

2173 872 2405 947 εὐγενεῖς
2435 872 2525 926 καὶ
2558 869 2829 942 ἐνδόξους,
2861 871 2993 936 τοὺς
3021 870 3111 928 διὰ
3142 869 3493 943 δικαιοσύνην
3532 873 3613 935 εἷς
3657 875 3807 927 03.005-

2174 961 2291 1014 σίαν
2349 957 2731 1032 ἐληλακότας,
2788 961 2877 1015 καὶ
2937 958 3027 1016 διὰ
3081 965 3244 1017 τοῦτο
3301 960 3664 1038 «εἰληφότας
3721 967 3810 1035 (57)

2173 1048 2410 1120 ἐξουσίαν
2458 1050 2618 1104 τέκνα
2669 1054 2802 1105 Θεοῦ
2856 1049 3123 1126 γενέσθαι,
3155 1050 3244 1106 καὶ
3300 1049 3478 1105 ἐπάνω
3532 1048 3708 1128 ὄφεων
3737 1053 3810 1106 καὶ

2171 1137 2447 1213 σκορπίων
2508 1145 2849 1215 περιπατεῖν,
2883 1161 2913 1194 ι
2968 1139 3239 1216 κυριεύειν
3299 1161 3354 1195 τε
3404 1141 3497 1194 καί
3550 1137 3808 1212 δαιμόνων

2171 1227 2260 1282 καὶ
2289 1231 2390 1293 τῆς
2424 1252 2451 1278 ‹‹
2483 1231 2580 1282 τοῦ
2637 1228 3044 1300 Ἀντικειμένου
3086 1235 3339 1303 στρατιᾶς
3387 1253 3416 1281 ››
3479 1230 3582 1283 Καὶ
3617 1229 3811 1297 ὅλωςὴ

2172 1317 2420 1389 Κυριακή
2482 1317 2708 1387 ἄσκησις
2768 1317 2961 1393 ἀπάγει
3010 1319 3112 1387 τήν
3171 1319 3358 1392 ψυχην
3416 1322 3516 1372 τοῦ
3578 1319 3812 1390 σώματος

2172 1403 2514 1478 εὐχαρίστως
2548 1448 2564 1472 ,
2623 1403 2731 1482 ε’ίγε
2779 1407 2870 1460 καὶ
2927 1407 3064 1475 αὐτὴ
3122 1406 3290 1476 αὐτὴν
3348 1409 3483 1461 κατά
3549 1409 3811 1480 μετάθεσιν

2174 1493 2412 1563 ἀποσπᾷ.
2448 1515 2474 1548 σ
2505 1494 2568 1551 Ὀ
2596 1495 2698 1569 γὰρ
2739 1494 2874 1569 ἐρῶν
2923 1497 3038 1568 (58)
3086 1495 3185 1563 τήν
3236 1498 3424 1570 ψυχήν
3472 1493 3643 1550 αὑτοῦ
3690 1495 3812 1549 ἀπο-

2174 1579 2318 1636 λέσει
2374 1581 2564 1652 αὐτήν·
2627 1581 2718 1637 καὶ
2778 1583 2806 1636 ὁ
2863 1582 3136 1645 ἀπολέσας
3190 1584 3407 1658 εὑρήσει
3464 1583 3656 1652 αὐτὴν·
3689 1609 3715 1635 ››
3758 1583 3814 1651 ἢν

2179 1669 2343 1724 μόνον
2385 1671 2446 1725 τὸ
2480 1671 2741 1744 ἐπίκηρον
2799 1674 2960 1744 ἡμῶν
3021 1666 3373 1744 ἐπιϐάλωμεν
3433 1675 3504 1746 τῇ
3561 1670 3662 1727 τοῦ
3689 1676 3812 1727 Θεοῦ

419 1780 682 1835 inveniet
711 1758 899 1852 ipsa-In
925 1783 1000 1853 (ὂ)
1025 1800 1038 1848 ;
1078 1805 1105 1832 »
1129 1783 1177 1837 si
1201 1783 1375 1837 modo
1399 1758 1666 1838 nostram
1686 1758 2064 1855 fragilitatem

2181 1759 2461 1834 ἀφθαρσίᾳ.
2495 1758 2722 1834 Θέλημα
2763 1758 2819 1816 δέ
2861 1765 2958 1816 τοῦ
3017 1765 3173 1835 Θεοῦ,
3203 1760 3492 1837 ἐπίγνωσις
3543 1767 3642 1816 τοῦ
3671 1765 3812 1832 Θεοῦ,

419 1869 786 1940 applicemus
816 1871 889 1925 ad
923 1870 1024 1924 Dei
1057 1871 1583 1944 incorruptionem.
1611 1872 1710 1926 Dei
1743 1877 1940 1926 autem
1973 1887 2067 1924 vo-

418 1957 617 2014 luntas
651 1965 759 2025 est,
791 1966 856 2014 ut
880 1961 1060 2014 Deum
1094 1977 1505 2033 agnoscamus,
1533 1976 1650 2032 qua
1675 1961 1904 2015 ratione
1936 1960 2065 2031 ejus

418 2047 885 2120 incorruptionis
915 2049 1233 2121 participes
1265 2050 1506 2106 erimus.
1528 2051 1635 2116 Qui
1661 2067 1795 2122 ergo
1819 2066 1924 2120 per
1944 2065 2064 2120 pa:-

419 2136 688 2191 nitentiaa
711 2138 1005 2192 rationem
1026 2139 1416 2210 peccatricem
1439 2139 1708 2211 agnoscit
1728 2161 1756 2189 ‹‹
1781 2138 2065 2206 animam,

418 2233 628 2302 perdet
657 2256 685 2283 »
718 2235 907 2305 ipsam
940 2252 974 2289 a
1005 2242 1266 2306 peccato,
1299 2253 1332 2291 a
1362 2254 1477 2307 quo
1505 2237 1848 2301 estavulsa;
1875 2257 1899 2288 ι
1933 2251 2066 2306 per-

420 2322 605 2375 ditam
621 2345 647 2371 ››
667 2331 867 2378 autem
889 2346 916 2374 «
939 2325 1200 2379 inveniet
1222 2347 1250 2374 »
1272 2343 1380 2396 per
1400 2325 1822 2395 obedientiam,
1847 2331 1912 2378 ut
1935 2341 2066 2395 quas

416 2410 554 2464 ﬁdei
589 2411 828 2480 quidem
859 2413 1158 2480 revixerit,
1193 2419 1427 2468 mortua
1455 2419 1654 2469 autem
1686 2417 1764 2468 sit
1804 2418 2063 2485 peccato.

415 2502 535 2553 Hoc
566 2506 655 2555 est
680 2517 815 2573 ergo
849 2502 1113 2556 invenire
1144 2503 1428 2567 animam,
1460 2526 1487 2552 «
1521 2520 1696 2558 nosse
1728 2504 2008 2575 seipsum.
2036 2523 2066 2552 ι)

418 2598 559 2651 Eam
582 2602 800 2664 autem,
826 2615 957 2670 quae
982 2599 1136 2654 ﬁtad
1153 2599 1372 2668 divina,
1394 2601 1862 2667 conversionem,
1885 2595 2064 2655 Stoici

419 2685 660 2755 quidem
691 2686 899 2742 dicunt
930 2688 1081 2742 ﬁieri
1136 2707 1242 2760 per
1281 2690 1600 2761 quamdam
1652 2690 2066 2760 mutationem,

420 2774 562 2829 dum
593 2775 796 2831 anima
825 2782 1089 2832 mutatur
1115 2778 1189 2833 ad
1219 2780 1572 2850 sapientiam
1599 2798 1612 2846 ;
1647 2779 1812 2835 Plato
1843 2785 2064 2846 autem,

419 2894 448 2922 ‹‹
481 2873 697 2929 animm
719 2874 792 2928 ad
813 2875 1066 2930 meliora
1086 2877 1628 2947 circumactionem,
1654 2884 1712 2933 et
1741 2877 2070 2934 conversio-

418 2977 556 3016 nem
588 2979 659 3018 ex
688 2969 980 3020 nocturno
1013 2965 1271 3036 quodam
1304 2965 1418 3022 die.
1455 2989 1483 3017 »
1513 2967 1576 3030 ιιι
1595 2969 1720 3024 1am
1743 2968 1923 3022 etiam
1944 2967 2066 3022 viro

415 3048 569 3105 bono
595 3053 948 3122 permittunt
966 3055 1329 3127 philosophi,
1348 3061 1414 3110 ut
1431 3056 1605 3111 liceat
1624 3057 1886 3112 animam
1901 3057 2067 3129 justa

417 3139 489 3195 de
521 3157 699 3197 causa
729 3143 1000 3212 educere,
1026 3145 1074 3198 si
1099 3146 1232 3215 quis
1257 3145 1330 3200 ab
1353 3147 1579 3218 agendo
1602 3147 1750 3202 adeo
1776 3147 1955 3203 fuerit
1978 3164 2067 3202 re-

419 3236 637 3299 motus,
665 3237 732 3286 ut
752 3233 919 3288 nulla
937 3235 990 3289 ei
1013 3251 1146 3305 spes
1169 3235 1425 3306 amplius
1445 3235 1676 3307 reliqua
1693 3238 1770 3292 sit
1790 3237 2059 3292 actionis.

417 3327 602 3383 Judex
633 3334 854 3398 autem,
887 3331 988 3401 qui
1014 3348 1122 3402 per
1149 3333 1266 3386 vim
1295 3339 1484 3405 urget,
1507 3340 1574 3388 ut
1592 3335 1874 3390 dilectum
1894 3350 2065 3406 nege-

418 3434 574 3483 mus,
606 3419 838 3474 videtur
867 3419 1161 3492 detegere,
1197 3423 1472 3492 quisnam
1495 3425 1612 3478 Deo
1631 3425 1857 3479 amicus
1889 3424 1984 3490 sit,
2008 3429 2066 3477 et

419 3515 553 3584 quis
584 3533 724 3570 non.
761 3518 861 3572 llic
892 3525 1090 3574 autem
1119 3536 1193 3574 ne
1219 3521 1582 3592 comparatio
1610 3521 1851 3592 quidem
1883 3521 2068 3576 relin-

418 3603 640 3672 quitur,
672 3605 814 3675 quid
847 3607 1124 3676 quisnam
1154 3609 1340 3680 magis
1363 3609 1628 3682 elegerit,
1658 3610 1930 3665 minasne
1964 3610 2067 3663 ho-

421 3691 674 3760 minum,
707 3711 782 3749 an
812 3695 915 3749 Dei
949 3695 1347 3753 dilectionem.
1382 3700 1452 3753 Et
1479 3699 1812 3754 abtinentia
1840 3716 1874 3754 a
1895 3698 2069 3754 malis

433 3788 766 3845 actionibus
817 3791 1114 3848 invenitur
1160 3795 1600 3865 quodammodo
1649 3797 1966 3852 diminutio
2015 3800 2074 3849 et

433 3878 745 3933 exstinctio
761 3880 1220 3949 malorum,dum
1236 3901 1441 3939 eorum
1456 3885 1685 3940 tollitur
1697 3885 1958 3958 operatio
1971 3901 2076 3956 per

431 3976 825 4032 cessationem
852 3979 922 4032 ab
951 3980 1200 4052 agendo.
1234 3983 1304 4035 Et
1333 3983 1442 4037 hoc
1475 3989 1584 4051 est,
1619 4008 1645 4034 «
1698 3983 1895 4040 Vende
1945 4001 2075 4054 qua)

438 4061 643 4132 habes,
659 4071 718 4120 et
738 4065 812 4120 da
826 4068 1187 4139 pauperibus
1213 4090 1228 4136 ;
1252 4077 1311 4125 et
1326 4072 1477 4140 veni,
1494 4079 1548 4127 et
1566 4090 1812 4144 sequere
1830 4089 1922 4128 me
1938 4074 2027 4144 (c);
2046 4094 2074 4123 »

432 4161 544 4218 hoc
577 4168 684 4232 est,
719 4181 967 4237 sequere
1002 4183 1070 4222 ea
1091 4183 1220 4237 quae
1243 4167 1521 4224 dicuntur
1540 4187 1574 4226 a
1595 4171 1866 4226 Domino.
1891 4174 1960 4226 Et
1974 4187 2081 4242 per

2174 1849 2295 1917 ἥτις
2350 1849 2460 1904 ἐστὶ
2514 1850 2768 1904 κοινωνία
2822 1849 3164 1928 ἀφθαρσίας.
3221 1851 3284 1907 Ὀ
3331 1850 3512 1906 τοίνυν
3571 1851 3813 1926 ἐπιγινώ-

2172 1959 2315 1992 σκων
2347 1938 2483 1993 κατά
2509 1940 2602 1994 τὸν
2631 1945 2731 2009 τῆς
2765 1940 3050 2013 μετανοίας
3082 1938 3250 2015 λόγον
3301 1940 3635 2015 ἁμαρτωλὸν
3674 1964 3694 1994 ι
3723 1942 3810 2010 τήν

2175 2028 2382 2103 ψυχήν,
2415 2026 2678 2083 ἀπολέσει
2707 2051 2734 2083 ι
2778 2029 2948 2098 αὐτὴν
2995 2032 3095 2098 τῆς
3142 2029 3430 2103 ἁμαρτίας,
3463 2031 3532 2100 ἧς
3585 2031 3813 2086 ἀπεσπαο

2177 2135 2316 2171 σται’
2358 2142 2386 2169 α
2421 2116 2689 2180 ἀπολέσας
2714 2141 2743 2169 ››
2773 2115 2851 2188 δὲ,
2888 2142 2912 2171 σ
2947 2119 3161 2193 εὑρήσει
3195 2141 3224 2169 ιι
3265 2119 3402 2173 κατά
3426 2119 3526 2187 τὴν
3560 2120 3814 2189 ὑπακοήν,

2173 2207 2274 2274 τήν
2317 2207 2652 2275 ἀναζήσασαν
2833 2207 2929 2279 μὶν
2983 2210 3052 2280 τῇ
3108 2206 3312 2276 πίστει,
3368 2207 3735 2263 ἀποθανοῦσαν
3767 2207 3816 2263 δέ

2173 2298 2243 2368 τῇ
2277 2295 2532 2369 ἁμαρτίᾳ.
2565 2295 2723 2350 Τοῦτ’
2755 2295 2848 2349 οὖν
2875 2294 2987 2349 ἐστι
3016 2296 3078 2350 τὸ
3127 2295 3300 2367 εόρεῖν
3353 2297 3454 2364 τήν
3500 2299 3711 2372 ψυχήν,
3759 2297 3813 2351 τὸ

2177 2388 2436 2460 «γνῶναι
2469 2384 2678 2439 ἐαυτόν.
2715 2408 2744 2435 ››
2787 2385 2898 2453 Τὴν
2949 2381 3007 2438 δὲ
3041 2387 3418 2461 μεταστροφὴν
3467 2387 3570 2454 τήν
3629 2386 3709 2439 ἐπὶ
3755 2388 3811 2438 τὰ

2177 2474 2294 2527 θεῖα
2325 2473 2376 2527 οἱ
2441 2473 2534 2546 μὲν
2597 2473 2818 2528 Στοϊκοὶ
2877 2473 2940 2528 ἐκ
2997 2467 3313 2545 μεταϐολῆς
3371 2494 3500 2549 φασι
3559 2472 3809 2548 γενέσθαι,

2178 2557 2613 2636 μεταϐαλούσης.
2633 2569 2733 2632 τῆς
2765 2562 2951 2635 ψυχῆς
3010 2562 3087 2624 εἷς
3145 2562 3359 2639 σοφίαν·
3419 2560 3650 2618 Πλάτων
3708 2568 3808 2635 (60)

2177 2649 2255 2718 δὲ,
2289 2676 2316 2702 ‹‹
2349 2654 2447 2716 τῆς
2480 2654 2666 2726 ψυχῆς
2699 2650 2786 2705 ἐπὶ
2841 2652 2911 2706 τά
2956 2652 3166 2724 ἀμεῖνω
3221 2653 3577 2727 περιαγωγήν
3615 2648 3809 2707 M1606-

2176 2759 2292 2814 σρς,
2322 2739 2414 2794 καί
2467 2741 2843 2818 μεταστροφήν
2874 2739 2934 2795 ἐκ
2961 2747 3279 2816 νυκτερινῆς
3335 2761 3485 2802 τινος
3519 2742 3759 2818 ἡμέρας.
3786 2766 3808 2792 ιο

2176 2827 2386 2883 Αὐτίκα
2415 2826 2642 2902 εὔλογον
2671 2828 2949 2904 ἐξαγωγὴν
3004 2833 3084 2901 τῷ
3140 2826 3425 2902 σπουδαίῳ
3478 2835 3809 2906 συγχωροῦσι

2173 2917 2264 2972 καὶ
2317 2918 2369 2972 οί
2403 2916 2720 2995 φιλόσοφοι,
2753 2916 2808 2972 εἷ’
2850 2939 2932 2980 τις
2989 2922 3086 2972 τοῦ
3142 2918 3399 2993 πράσσειν
3461 2918 3619 2974 αὐτὸν
3653 2919 3809 2980 οὕτως

2174 3009 2460 3076 τηρήσειεν
2495 3007 2698 3077 αὐτῶν,
2730 3007 2804 3060 ὡς
2839 3008 3036 3080 μηκέτι
3084 3010 3196 3079 (61)
3228 3005 3624 3085 ἀπολελεῖφθαι
3679 3007 3808 3079 αὗτῴ

2180 3093 2321 3168 μηὃέ
2386 3093 2584 3151 ἐλπίδα
2663 3103 2762 3166 τῆς
2851 3097 3141 3170 πράξεως.
3199 3097 3260 3153 Ὀ
3321 3094 3378 3151 δὲ
3437 3093 3810 3170 ἐκϐιασάμενος

2095 3162 2137 3228 C
2176 3162 2432 3254 δικαστής
2491 3162 2767 3257 ἀρνεῖσθαι
2818 3162 2911 3241 τὸν
2969 3162 3323 3258 ἦγαπημένον
3365 3162 3673 3262 διελέγχειν
3725 3207 3808 3259 μοι

2174 3271 2325 3329 δοκεῖ
2352 3274 2442 3329 τὸν
2476 3272 2636 3352 φίλον
2678 3279 2758 3347 τῷ
2801 3279 2936 3347 Θεῷ,
2967 3274 3177 3329 καὶτὸν
3231 3277 3333 3348 μή.
3387 3277 3648 3332 Ἐνταῦθα
3697 3273 3812 3332 οὐδὶ

2174 3365 2450 3439 σύγκρισις
2506 3358 2584 3418 ἔτι
2635 3361 3036 3432 ἀπολείπεται,
3093 3363 3146 3418 τί
3202 3361 3260 3418 ἄν
3318 3385 3403 3426 τις
3461 3367 3551 3419 καὶ
3611 3365 3808 3438 μᾶλλον

2172 3450 2383 3522 ἕλοιτο,
2419 3453 2652 3522 ἀπειλήν
2680 3453 3046 3528 ἀνθρωπίνην,
3080 3454 3115 3521 ἢ
3142 3453 3241 3521 τὴν
3294 3453 3508 3530 ἀγάπην
3540 3459 3636 3509 τοῦ
3666 3459 3804 3510 Θεοῦ·

2174 3543 2266 3596 καί
2300 3562 2417 3604 πως
2451 3544 2485 3611 ἡ
2517 3546 2623 3596 τῶν
2650 3546 2832 3596 κακῶν
2875 3541 3118 3616 πράξεων
3153 3542 3341 3617 ἀποχή
3378 3542 3604 3615 μείωσίς
3633 3564 3687 3598 τε
3726 3544 3804 3596 καὶ

2179 3626 2358 3694 σϐέσις
2413 3635 2522 3684 τῶν
2579 3635 2759 3684 κακῶν
2819 3630 3163 3703 εὑρίσκεται,
3235 3631 3668 3706 καθαιρουμένης
3721 3637 3808 3698 τῆς

2179 3720 2450 3797 ἐνεργείας
2496 3720 2669 3775 αὐτῶν
2705 3717 2793 3776 διὰ
2849 3727 2948 3790 τῆς
3004 3720 3286 3795 ἀπραξίας·
3345 3721 3435 3776 καὶ
3492 3725 3640 3777 τοῦτ’
3687 3719 3806 3788 ἔστι,

2183 3836 2209 3862 ‹‹
2245 3808 2515 3881 Πώλησὸν
2552 3831 2648 3864 σου
2677 3811 2744 3864 τά
2775 3809 3112 3886 ὑπάρχοντα,
3144 3810 3231 3864 καὶ
3289 3806 3380 3872 δὸς
3409 3817 3678 3887 πτωχοῖς·
3731 3811 3808 3864 καὶ

2184 3897 2341 3974 δεῦρο
2371 3898 2662 3963 ἀκολούθει
2693 3917 2805 3972 μοι’
2839 3924 2867 3950 ››
2887 3900 3186 3968 τουτέστιν,
3215 3904 3334 3963 τοῖς
3359 3899 3466 3954 ὑπὸ
3496 3905 3591 3955 τοῦ
3624 3901 3808 3973 Κυρίου

2185 3987 2503 4063 λεγομενοις
2557 3984 2732 4043 ἕπου.
2791 3989 3132 4063 ’Υπάρχοντα
3179 3985 3238 4042 δὶ
3288 3989 3416 4064 φασί
3470 4010 3609 4051 τινες
3665 3989 3811 4044 αὐτὸν

2189 4075 2458 4152 είρηκέναι
2485 4077 2552 4130 τὰ
2581 4074 2632 4130 ἐν
2673 4080 2740 4150 τῇ
2773 4078 2927 4151 ψυχῇ
2959 4075 3228 4152 ἀλλότρια
3280 4079 3412 4151 (62)'
3446 4078 3537 4131 καὶ
3569 4083 3680 4139 πῶς
3707 4081 3812 4136 τοῖς

2187 4171 2435 4240 πτωχοῖς
2463 4170 2630 4222 ταῦτα
2678 4162 3013 4238 διανέμεται,
3063 4164 3164 4220 οὐκ
3209 4161 3430 4239 ἔχουσιν
3487 4165 3670 4221 εἴπεῖν·
3701 4166 3810 4222 ἀλλ’

496 4345 784 4419 *_P._576
815 4345 926 4400 ΕΙ).
961 4344 1250 4415 POTTER,
1281 4346 1383 4400 485
1415 4347 1527 4401 ΕΙ).
1587 4348 1815 4403 PABIS.
1877 4348 1948 4419 (α)
1974 4349 2068 4404 Joa

2181 4363 2213 4417 ι,
2247 4348 2352 4411 l2;
2383 4347 2519 4402 Luc.
2553 4363 2610 4414 x,
2646 4347 2731 4400 l9.
2792 4345 2870 4417 (ὸ)
2925 4346 3091 4401 Joan.
3149 4361 3249 4412 xu,
3278 4348 3385 4413 25;
3419 4347 3618 4402 Matth.
3646 4364 3697 4412 x,
3727 4347 3811 4399 39.

422 4416 491 4488 (ο)
522 4417 724 4472 Matth.
749 4435 865 4488 xix,
896 4420 984 4474 21.

433 4577 623 4660 πόθον,
687 4581 960 4662 Summe.
995 4611 1078 4662 :-
1111 4579 1223 4635 Sed
1270 4586 1509 4662 recepta
1538 4582 1714 4638 lectio
1745 4583 1938 4639 verior
1969 4587 2078 4652 est,
2110 4593 2157 4658 D
2192 4581 2334 4662 Vide
2357 4579 2458 4662 l_ib_.
2486 4597 2517 4662 γ
2537 4581 2741 4662 δξτργη.
2766 4580 3029 4662 Οομεοτ.
3057 4611 3127 4662 -Τ
3147 4578 3412 4662 Platonis
3435 4581 3718 4662 sententia
3737 4581 3810 4636 sic

433 4652 602 4721 cujus
634 4669 876 4724 sensum
910 4653 1111 4724 Latine
1151 4654 1570 4724 expressimus.

495 4723 738 4798 (gj‘ZLAia‘:
765 4725 926 4798 τοῦτο
954 4721 1139 4798 egw.
1199 4721 1466 4798 Respicit
1500 4727 1668 4782 Joan.
1700 4744 1740 4794 ι,
1777 4728 1879 4782 l2:
1912 4727 2070 4781 Ὅσοι

429 4787 712 4847 δὲέλαὸον
746 4792 922 4861 αὺτὸν,
969 4787 1167 4848 ἔδωκεν
1215 4787 1398 4858 αὐτοῖς
1427 4794 1667 4865 ἐξουσίαν
1719 4787 1877 4852 τέκνα
1933 4799 2067 4850 Θεοῦ

466 4867 693 4935 ενέσθαι,
739 4871 855 4925 τοῖς
908 4865 1248 4941 πιστεύουσιν
1286 4866 1384 4941 ,είς
1441 4864 1504 4922 τὸ
1562 4864 1738 4941 ὄνομα
1792 4869 1978 4924 αὐτοῦ’
2013 4873 2072 4924 et

459 4953 569 5017 .uq.
603 4934 915 5017 x,.718,.19:
951 4937 1082 5017 Εξπε
1112 4934 1182 5017 ῥὶ
1241 4936 1446 5017 αῦτοῖς·
1507 4934 1809 5017 Ἐθεώρουν
1865 4940 2072 5017 toga:

429 5010 612 5096 ταὲἆν,
642 5007 717 5096 ὡτς
751 5007 1073 5096 ,ἀστραπῄη
1109 5006 1168 5096 ἐκ
1212 5013 1308 5062 τοῦ
1362 5011 1595 5085 οὐρανοῦ
1651 5006 2074 5096 πεσόντακξιδοῖῖ»

438 5072 642 5158 egw!“
675 5077 801 5158 ὑμῖν
830 5072 927 5145 τήν
975 5072 1212 5158 ἒξρδῖίσεν
1269 5084 1366 5133 τοῦ
1424 5072 1609 5137 πατεῖν
1661 5086 1840 5139 ἐπάνω
1898 5079 2075 5158 ὄφεων

436 5147 530 5228 καί
583 5147 921 5228 σκορπίωνλι
958 5150 1046 5228 καὶ
1106 5149 1222 5228 ἐπὶ.
1277 5157 1447 5228 πάσαν
1530 5157 1628 5224 τὴν
1696 5147 2077 5228 δύναμιν’τοῦ

436 5217 656 5293 ἐχθροῖν
686 5217 778 5293 καὶ
811 5218 972 5293 οὐδὲν.
999 5221 1138 5292 ὑμᾶς
1168 5218 1229 5273 οὖ
1263 5222 1337 5292 μὴ
1369 5217 1636 5292 ἀδικήσει,

511 5288 620 5362 (58)
654 5292 850 5361 Ἐρῶν,
883 5288 1069 5344 ψιλῶν
1103 5288 1272 5346 ,Ιοοηξ
1312 5311 1411 5362 xu,
1473 5288 1561 5360 23,
1595 5300 1705 5353 hoc
1735 5299 1936 5352 christi
1991 5297 2078 5352 di-

440 5372 601 5420 ctum
632 5362 888 5438 recitans
910 5381 922 5416 :
945 5363 1275 5438 sed‘malim
1308 5365 1498 5438 εὑρών,
1529 5369 1685 5438 quod
1704 5375 1861 5423 extat
1877 5369 2078 5423 Matth.

439 5456 496 5502 x,
528 5440 594 5492 39
621 5453 632 5490 :
665 5435 851 5511 Dnde
911 5435 1201 5511 sequitur,
1231 5510 1234 5511 ν
1263 5435 1395 5489 cum
1440 5435 1514 5511 in
1547 5435 1920 5511 :Evangeliis,
1959 5446 2081 5494 tum

447 5511 622 5649 etiasm
664 5509 758 5563 hic
790 5507 946 5580 apud
977 5506 1380 5560 Clementem:
1438 5507 1494 5559 Ὀ
1541 5506 1808 5570 ἀπολέσας
1868 5510 2082 5583 εὑρήσει

447 5601 535 5634 αυτ
579 5602 627 5636 ν.

438 5601 627 5636 αυτην.

669 5651 1052 5724 Ἀναζήσασανῖ
1111 5648 1370 5719 Respicit
1425 5653 1592 5708 Rom.
1653 5669 1724 5717 v1,
1778 5655 1831 5720 4,
1883 5657 1933 5720 ὅ,
1992 5651 2083 5706 vel

446 5722 1000 5793 similemApostoli
1039 5722 1256 5776 locum.

517 5797 630 5871 (60)
660 5792 895 5852 ΙΙλάτον.
925 5796 1110 5853 Locus
1135 5799 1312 5852 estex
1341 5812 1413 5853 vu
1443 5798 1520 5855 De
1540 5797 1842 5870 republica,
1865 5813 1922 5869 p.
1957 5796 2083 5853 528.

2190 4670 2251 4708 se
2284 4652 2461 4706 habet
2490 4651 2549 4706 in
2582 4651 2683 4723 lib.
2712 4668 2786 4723 ,vu
2815 4653 2906 4723 _De
2933 4652 3249 4723 fepub.,_p.
3296 4655 3421 4723 696,
3465 4654 3606 4723 edit.
3653 4655 3810 4708 Frano

2182 4724 2393 4778 cofurt.
2420 4725 2632 4794 21,9510
2665 4719 2756 4789 δὴ,
2797 4721 2870 4782 ὡς
2931 4718 3095 4790 ἔοῖκε,
3153 4718 3418 4794 ὀστράκου
3468 4722 3527 4777 ἂν
3563 4724 3642 4792 εἴη
3673 4743 3810 4794 περι-

2176 4795 2410 4870 στροφή,
2440 4791 2609 4870 duo}-
2640 4794 2825 4870 ψυχῆς
2873 4793 3224 4870 περιαγωγὴ,Δ
3247 4792 3304 4870 ἐκ
3329 4791 3647 4870 νυκτερινῆς
3683 4791 3814 4870 τινος

2180 4860 2403 4940 ᾐμέρας
2447 4860 2825 4940 εἰςιάληθινήν
2875 4860 2972 4940 τοῦ
3004 4860 3187 4940 ὄντος-⁷
3212 4864 3406 4933 ’ίούσης
3458 4860 3725 4934 ἐπάνοδον,
3749 4866 3806 4934 ἣν

2183 4933 2250 5004 δή
2280 4933 2607 5012 φιλοσοφίαν
2633 4933 2818 5005 ἀληθῆ
2851 4937 3098 5012 φήσομεν
3134 4937 3285 5012 εἶναι.
3326 4958 3349 4984 α
3380 4939 3536 5006 Haec,
3573 4949 3637 4996 ut
3666 4933 3810 4994 vide-

2184 5009 2303 5068 tur.
2331 5027 2450 5065 non
2483 5009 2596 5063 erit
2626 5015 2790 5063 testa)
2821 5009 3134 5070 revolutio.
3167 5009 3270 5064 sed
3308 5012 3524 5066 animae
3577 5014 3806 5067 circum-

2185 5082 2404 5149 ductio,
2429 5098 2464 5136 a
2493 5087 2783 5154 nocturno
2817 5080 3074 5154 quodam
3106 5080 3200 5134 die
3230 5080 3478 5154 adejus,
3513 5083 3667 5154 quod
3696 5097 3807 5137 vere

2189 5160 2277 5208 est
2333 5151 2919 5222 contemplationem.
2979 5152 3161 5216 Quem
3221 5151 3464 5221 quidem
3521 5151 3806 5211 ascensum

2187 5241 2385 5278 veram
2416 5223 2852 5294 philosophiam
2885 5238 3013 5294 esse
3053 5222 3336 5294 dicemus.
3376 5247 3404 5274 »

2262 5297 2372 5364 (61)
2411 5291 2500 5367 γ-Εῗ
2551 5291 2780 5367 τις-τοῦ
2836 5293 3092 5367 πράσσειν
3172 5291 3330 5347 αὐτὸν
3424 5293 3598 5367 οὕτως
3647 5295 3805 5367 πηρή.

2192 5386 2327 5419 σειεν
2364 5366 2563 5432 αὐτῶν,
2605 5364 2678 5439 ᾡς
2733 5385 2790 5438 μ’
2850 5364 3088 5439 Rectius
3135 5367 3202 5439 Α.
3262 5383 3368 5438 pro
3424 5365 3599 5429 οὕτως
3651 5364 3806 5439 τηρήσ

2192 5457 2352 5520 σειεν,
2386 5439 2526 5520 legit
2572 5435 2741 5520 obruti“
2763 5437 3153 5520 Exegit-cra:st-
3186 5435 3282 5520 ita;
3301 5439 3564 5509 privarit,
3614 5441 3690 5495 sic
3718 5435 3806 5493 ὀτ-

2190 5511 2366 5583 harit,
2403 5506 2657 5580 iilnquit
2683 5506 2956 5583 Sylhu’rg.
2987 5508 3205 5583 scribe,
3230 5506 3282 5561 εἷ’
3303 5506 3387 5569 τις
3437 5513 3533 5583 τοῦ
3578 5513 3800 5583 πράσσειν

2194 5580 2364 5653 οὕτως
2419 5578 2964 5653 τηρῆσειεναύτὸν,
3023 5578 3098 5640 ὡς
3159 5599 3218 5650 μ.
3254 5623 3269 5650 ,
3327 5587 3397 5636 ut
3451 5578 3705 5639 deleatur
3749 5580 3802 5634 τὸ

2191 5651 2388 5707 αὐτῶν.
2422 5651 2698 5707 Hnmsws.

2264 5724 2479 5796 (62)7Tc_‘1
2517 5721 2571 5776 ἐν
2602 5726 2693 5796 Δτῇ
2753 5724 2909 5796 ψυχῇ
2968 5717 3259 5796 ἀλλότρια.
3293 5724 3472 5794 Flor.,
3528 5726 3592 5781 τά
3644 5723 3689 5779 ἰν
3738 5725 3794 5796 τῇ

2193 5791 2362 5870 ψυχῇ
2380 5791 2679 5868 ἀλλοτρίᾳ,
2699 5791 3012 5868 perperam
3040 5791 3314 5852 Sasona.
