4066 6192
298 250 441 311 1249

1627 254 2069 312 STROMATUM
2108 257 2241 313 LIB.
2285 259 2379 314 IV.

3573 266 3751 341 1250

296 375 647 451 Λαττόμενοί,
682 374 863 451 ὥσπερ
906 372 1300 453 δεσμωτηρίων
1332 381 1434 451 (5),
1468 376 1580 432 ἄνω
1625 374 1683 432 δὲ
1735 377 1811 439 εἰς
1857 399 1950 432 κα-

2076 384 2288 436 υιιιιιιιι·
2314 399 2449 455 ergo
2476 385 2900 443 convenienter
2929 387 3366 460 mansionibus,
3398 404 3530 463 qua:
3574 411 3714 464 pro-

294 465 463 542 θαρᾶν
522 464 736 538 οἴκησιν
778 464 1188 544 ἀφικνούμενοι.
1250 488 1280 517 ››
1340 466 1439 521 Διὰ
1495 467 1832 545 σαφεστέρων
1892 486 1950 520 τε

296 556 360 610 αὖ
408 556 473 611 τὸ
529 555 657 610 αὐτὸ
711 551 818 610 ὧδέ
866 575 985 619 πως
1032 552 1202 631 λέγει*
1236 578 1265 607 «
1297 555 1517 610 Τούτων
1563 556 1638 630 (6)
1688 553 1746 611 δὲ
1775 554 1952 610 αὐτῶν

296 643 349 701 οἳ
381 645 433 699 ὲν
467 643 764 723 φιλοσοφίᾳ
791 646 869 718 (7)
920 643 1112 706 ἱκανῶς
1161 645 1535 718 καθηράμενοι
1565 642 1688 700 ἄνευ
1732 665 1792 700 τε
1841 664 1952 699 σω-

299 733 484 808 μάτων
534 738 665 803 ζῶσι
713 734 775 788 τὸ
824 731 1075 808 παράπαν
1128 732 1203 795 εἷς
1256 733 1347 788 τὸν
1399 734 1606 788 ἅπαντα
1661 733 1886 808 χρόνον
1923 753 1950 785 ο

295 823 476 879 καίτοι
509 823 771 897 σχήματά
798 842 916 877 τινα
958 820 1292 897 περιτίθησι,
1323 826 1442 885 ταῖς
1478 823 1573 895 μὲν
1622 823 1808 896 ἀὲρινα
1854 820 1953 877 αὐ-

296 918 451 981 τῶν,
506 916 626 974 ταῖς
686 908 746 966 δι
801 911 892 966 καὶ
950 909 1169 987 πύρινα.
1230 914 1349 968 Ἔτι
1412 910 1699 989 ἐπιφέρει·
1766 937 1787 963 ι
1849 910 1955 967 Καὶ

297 1002 377 1065 εἰς
405 1006 480 1072 (8)
530 1001 771 1071 οἰκήσεις
814 998 891 1055 ἔτι
939 998 1147 1055 τούτων
1175 997 1441 1065 καλλίους
1470 1000 1837 1079 ἀφικνοῦνται,
1894 999 1956 1063 ἃς

298 1088 429 1146 οὐδὲ
459 1087 644 1167 ῥᾴδιον
677 1086 951 1158 δηλῶσα.,
984 1086 1110 1145 οὐδὲ
1140 1092 1215 1163 (9)
1265 1091 1294 1146 ὁ
1347 1091 1550 1167 χρόνος
1577 1090 1763 1153 ἱκανὸς
1792 1090 1844 1146 ἐν
1876 1094 1956 1163 τῷ

296 1181 548 1257 παρόντι.
602 1202 632 1232 ιι
686 1180 845 1243 ’Όθεν
896 1178 1122 1241 εἰκότως
1162 1204 1189 1231 ι(
1223 1181 1499 1257 Μακάριοι
1532 1182 1584 1236 οἱ
1614 1186 1952 1247 πενθοῦντεςο

297 1270 384 1325 ὅτι
443 1268 593 1325 αὐτοὶ
641 1266 1160 1344 παρακληθήσονται
1206 1270 1333 1341 (10)’
1388 1292 1417 1321 »
1458 1269 1515 1324 οἱ
1545 1270 1649 1345 γὰρ
1685 1274 1957 1344 μετανοή-

296 1381 485 1423 σαντες
518 1360 599 1438 ὲφ’
630 1361 713 1421 οἷς
743 1363 925 1422 κακῶς
969 1353 1434 1434 προϐεὗιώκασιν,
1484 1360 1560 1423 εἱς
1609 1383 1633 1415 ι
1665 1363 1764 1432 τὴν
1814 1360 1955 1434 κλῆ-

298 1474 383 1508 σιν
421 1480 449 1503 n
509 1452 852 1528 παρέσονταιο
904 1454 1066 1506 τοῦτο
1114 1452 1221 1527 γάρ
1267 1450 1377 1506 ἐστι
1418 1453 1481 1508 τὸ
1530 1477 1559 1505 ι(
1592 1452 1955 1529 παρακληθῆο

300 1561 412 1599 ναι.
447 1564 475 1592 n
506 1542 617 1596 Τοῦ
652 1542 1049 1612 μετανοοῦντος
1080 1535 1139 1593 δὲ
1185 1538 1380 1614 τρόποι
1412 1537 1529 1595 δύο·
1565 1541 1593 1596 ὁ
1628 1540 1722 1615 μὶν
1768 1542 1956 1597 κοινό-

297 1631 457 1707 τὲρος
488 1624 657 1708 φόϐος
688 1628 775 1684 ἐπὶ
817 1633 934 1691 τοῖς
992 1634 1340 1705 πραχθεῖσιν,
1391 1630 1419 1687 ὁ
1479 1628 1537 1685 δὶ
1568 1628 1860 1707 ΐδιαίτερος
1918 1634 1952 1704 ἡ

302 1717 549 1774 δυσωπία
595 1719 630 1787 ἠ
664 1718 799 1794 πρὸς
831 1718 1027 1788 ἑαυτὴν
1075 1725 1177 1788 τῆς
1223 1721 1409 1795 ψυχῆς
1463 1719 1523 1774 ἐκ
1570 1717 1953 1792 συνειδήσεως.
1987 1756 2036 1822 Β

306 1807 422 1866 Εἶτ’
453 1807 545 1863 οὖν
579 1808 824 1878 ἐνταῦθα,
860 1805 969 1862 εἷ’τε
996 1805 1087 1862 καὶ
1127 1805 1380 1884 ἀλλαχῆ,
1431 1806 1569 1882 (ἐπεὶ
1621 1808 1814 1884 μηδεὶς
1862 1812 1955 1866 τό·

300 1920 407 1960 πος
463 1898 630 1973 ἀργὸς
681 1895 928 1958 εὐποιίας
980 1900 1158 1969 Θεοῖν)
1197 1895 1360 1952 πάλιν
1410 1898 1589 1975 φησίψ
1624 1923 1654 1951 ‹‹
1687 1898 1961 1975 Μακάριοι

304 1990 360 2043 οἱ
392 1987 708 2060 ἐλεήμονες·
763 1986 846 2040 ὅτι
901 1985 1055 2041 αὖτοῖ
1109 1984 1512 2057 ἐλεηθήσονταί
1545 1988 1676 2062 (11).
1713 2013 1741 2040 ››
1784 1990 1844 2046 Ὁ
1906 1985 1964 2043 δὲ

301 2075 459 2138 ἕλεος
510 2075 637 2151 οὐχ,
764 2095 908 2137 τινες
960 2079 1069 2130 τῶν
1104 2074 1423 2154 φιλοσόφων
1460 2078 1574 2150 (12)
1606 2075 1961 2163 ὑπειλήφασι⁹

303 2164 455 2236 λύπη
488 2164 571 2219 ἐπ’
626 2162 949 2237 ἀλλοτρίαις
997 2169 1326 2243 συμφοραῖς·
1381 2163 1595 2237 μᾶλλον
1646 2163 1705 2221 δὲ
1750 2162 1961 2222 ἀστεῖόν

300 2252 356 2309 τί
412 2256 528 2329 (13)
588 2253 723 2321 ἐστι,
782 2253 858 2315 ὡς
918 2252 970 2307 οἱ
1000 2258 1277 2327 προφῆται
1326 2253 1598 2331 λέγουσιν·
1643 2279 1672 2309 ιι
1702 2255 1898 2312 Ἔλεον
1934 2280 1963 2309 ››

302 2343 431 2419 γὰρ,
483 2341 638 2420 φησὶ,
690 2365 719 2394 ‹‹
750 2340 916 2414 θὲλω,
965 2340 1056 2396 καὶ
1107 2340 1170 2396 οὗ
1217 2340 1408 2397 θυσίαν
1465 2345 1595 2414 (14).
1632 2368 1661 2396 ι)
1691 2341 1965 2419 Ἐλεήμο-

302 2451 401 2495 νας
450 2427 501 2485 δ’
526 2430 661 2487 εἶναι
716 2428 973 2506 βοῦλεται
1021 2429 1084 2485 οὗ
1149 2428 1311 2503 μόνον
1367 2430 1495 2494 τοὺς
1543 2426 1696 2488 ἔλεον
1744 2436 1963 2489 ποιοῦν-

304 2543 423 2591 τας,
476 2520 624 2578 ἀλλὰ
676 2521 768 2577 καὶ
822 2519 951 2583 τοὺς
1006 2520 1293 2584 ἐθέλοντας
1332 2521 1524 2594 ἐλεεῖν,
1580 2521 1677 2578 κᾶν
1736 2525 1813 2597 μὴ
1873 2522 1965 2579 δύο

305 2630 528 2666 νωνται’
613 2613 696 2673 οἷς
772 2609 909 2665 κατᾶ
981 2609 1296 2686 προαίρεσιν
1362 2613 1425 2666 τὸ
1478 2611 1708 2688 ἐνεργεῖν
1765 2611 1969 2690 πάρεσ.

308 2722 394 2757 τιν
431 2720 443 2732 ·
501 2700 671 2755 ἐνίοτε
727 2699 826 2775 γὰρ
884 2697 1198 2776 βουλόμεθα
1268 2697 1339 2754 δι’
1396 2699 1659 2777 ἀργυρίου
1717 2697 1918 2764 δόσεως
1949 2748 1966 2775 ,

311 2789 346 2859 ἢ
422 2786 513 2844 διὰ
587 2794 905 2861 σωματικῆς
980 2785 1224 2858 σπουδῆς
1308 2784 1462 2844 ἔλεον
1530 2795 1806 2860 ποιῆσαι,
1894 2791 1971 2854 ὡς

314 2876 560 2951 δεομένῳ
637 2875 952 2954 ἐπαρκέσαι,
1036 2876 1071 2945 ἢ
1148 2880 1401 2931 νοσοῦντι
1482 2876 1844 2953 ὑπουργῆσαι,
1930 2878 1967 2948 ἢ

310 2966 366 3023 ἐν
397 2968 704 3043 περιστάσει
734 2965 1013 3042 γενομένῳ
1064 2971 1425 3039 παραστῆναι⁸
1475 2966 1564 3020 καὶ
1599 2966 1707 3042 οὐχ
1753 2966 1863 3021 οἷοί
1909 2965 1969 3022 τὲ

308 3055 494 3129 ἐσμεν,
545 3052 673 3125 ἤτοι
723 3052 813 3109 διὰ
858 3053 1065 3123 πενίαν,
1122 3054 1158 3124 ἢ
1206 3054 1389 3124 νόσον,
1419 3053 1455 3123 ἢ
1502 3060 1678 3129 γῆρας
1735 3056 1958 3133 (φυσική

304 3146 407 3222 γὰρ
466 3146 624 3209 νόσος
677 3143 767 3199 καὶ
819 3146 1005 3213 τοῦτο)
1062 3142 1553 3219 ἐξυπηρετῆσαιτῇ
1598 3143 1957 3218 προαιρέσει,

306 3234 390 3313 ἐφ’
421 3232 492 3289 ὧν
525 3233 851 3308 ὁρμώμεθα,
914 3234 990 3306 μὴ
1041 3230 1360 3302 δυνηθέντες
1414 3231 1502 3287 ἐπὶ
1558 3230 1715 3296 τέλος
1743 3232 1956 3308 ἀγαγεῖν

304 3324 335 3379 ’ὁ
373 3318 778 3399 βεϐουλήμεθα.
811 3323 926 3392 Τῆς
958 3320 1126 3391 αὐτῆς
1156 3324 1326 3395 τιμῆς
1366 3319 1657 3398 μετέχουσι
1705 3328 1825 3386 τοῖς
1867 3321 1959 3378 δυ-

304 3415 550 3483 νηθεῖσιν
590 3413 642 3466 οἱ
696 3405 1122 3489 βεϐουλημένοι.
1157 3411 1230 3465 ὧν
1284 3412 1319 3481 ἡ
1350 3410 1665 3489 προαίρεσις
1691 3409 1813 3483 Ἱση,
1862 3412 1962 3467 κᾶν

306 3500 709 3557 πλεονεκτῶσιν
765 3497 944 3576 ἕτεροι
1007 3503 1076 3574 τῇ
1134 3499 1466 3576 περιουσίᾳ.
1525 3500 1681 3556 Ἐπεὶ
1740 3499 1798 3556 δὲ
1850 3505 1958 3557 τῶν

307 3589 629 3665 ἆπαγόντων
679 3589 758 3652 εἷς
801 3591 900 3659 τὴν
949 3587 1232 3644 τελείωσιν
1272 3595 1375 3658 τῆς
1407 3588 1679 3665 σωτηρίας
1709 3587 1829 3645 ὁδοὶ
1874 3591 1960 3646 εὖ·

312 3678 588 3754 ρίσκονται
635 3675 775 3749 δύο,
833 3675 967 3754 ἔργα
1020 3677 1110 3732 καὶ
1165 3681 1403 3754 γνῶσις,
1467 3676 1770 3754 μακαρίους
1819 3679 1963 3736 εἶπεν

314 3789 345 3819 ‹‹
385 3764 514 3829 τοὺς
572 3764 841 3838 καθαροὺς
898 3766 999 3834 τὴν
1057 3761 1279 3840 καρδίαν
1336 3766 1473 3839 (15),
1531 3766 1616 3821 ὅτι
1666 3766 1822 3823 αὐτοὶ
1868 3769 1960 3824 τὸν

317 3855 448 3911 Θεὸν
499 3849 744 3928 ὄψονται.
792 3874 824 3908 υ
877 3852 981 3908 Κᾶν
1027 3857 1109 3926 τῷ
1160 3848 1275 3908 ὄντι
1303 3853 1366 3909 τὸ
1414 3854 1615 3926 ἀληθὲς
1648 3861 1963 3930 σκοπῶμεν,

314 3946 353 4013 ἠ
384 3948 587 4020 γνῶσις
644 3947 732 3998 δοῦ
769 3945 1107 4018 ἡγεμονικοῦ
1153 3950 1253 4013 τῆς
1303 3946 1490 4022 ψυχῆς
1533 3946 1789 4021 κάθαρσίς
1830 3946 1941 4002 ἐστι

1948 4029 1963 4054 9

387 4080 452 4144 ›ι‹
476 4076 538 4128 P.
570 4074 673 4129 581
708 4073 821 4127 ΕΙ).
853 4073 1146 4138 POTTER,
1178 4072 1420 4127 489-490
1449 4074 1559 4127 ED.
1593 4074 1820 4132 PARIS.
1897 4077 1964 4148 (α)

2076 4077 2201 4132 Ltth.
2235 4093 2287 4145 v,
2320 4079 2373 4143 4,
2407 4081 2458 4132 7.

391 4192 468 4262 (5)
501 4188 928 4263 Δεσμωτηρίων.
979 4184 1393 4261 Δεσμωτηρίου,
1436 4189 1659 4246 Theod.
1711 4193 1859 4260 Mox,
1890 4191 1967 4255 εἷς

316 4263 417 4330 τὴν
450 4263 639 4336 καθαρς
675 4262 865 4336 Plato.

395 4337 472 4407 (6)
523 4330 763 4389 Τούτων.
825 4334 958 4388 Haec
1015 4348 1104 4399 ea,
1163 4347 1294 4403 quas
1334 4331 1463 4402 jam
1519 4330 1758 4389 laudata
1806 4341 1968 4403 sunt,

326 4411 679 4479 sequuntur.

399 4473 478 4551 (Ἴ)
509 4477 596 4564 Ἐν
626 4496 681 4552 φ.
713 4475 803 4561 :Ev
837 4491 871 4530 a
895 4474 1161 4564 ‘Platon‘e
1193 4474 1362 4564 abest
1393 4489 1406 4529 :
1458 4473 1614 4564 apud
1646 4492 1824 4564 quem
1853 4477 1971 4564 ἱκαο

325 4540 416 4603 νόν
447 4540 553 4621 pro
584 4540 806 4621 ἱκανῶς,
857 4552 916 4601 et
961 4544 1035 4606 εἰς
1077 4543 1170 4597 τὸν
1200 4540 1387 4599 ἔπειτα
1407 4540 1610 4620 χρόνον
1643 4540 1747 4618 pro
1779 4545 1855 4608 εἷς
1885 4548 1977 4601 τὸν

328 4618 1009 4708 ἅπὲῗτῇχρεὶνονξκδίδὲτ

401 4695 473 4762 (8)
508 4686 739 4750 Κάῖἐίς.
773 4690 906 4744 Haec
936 4689 1113 4743 etiam
1145 4686 1288 4762 loco_
1307 4688 1582 4762 superius
1622 4688 1801 4757 dicto,
1858 4697 1976 4746 tam

330 4758 487 4836 apud
499 4763 1123 4836 Theodoretumquam
1139 4758 1293 4836 apud
1308 4759 1617 4836 Platonem
1634 4768 1975 4836 occurrunt.

402 4838 472 4904 (9»
498 4830 638 4888 Οὐδὲ
667 4824 983 4907 ρηδηορδἑῖ
1011 4824 1230 4907 Οὔτε-β.
1259 4824 1308 4884 δ.
1343 4826 1486 4901 οὔτε,
1521 4831 1870 4907 Theodoret.

402 4900 512 4979 (18)
540 4900 1090 4979 Παρακληθήσονται.
1124 4900 1245 4958 Hbc
1277 4907 1387 4967 est,
1420 4900 1491 4958 ex
1523 4905 1821 4959 sententia
1850 4905 1981 4960 Cle-

331 4976 570 5043 mentis,
610 4975 636 5026 ‹ἱ
669 4975 1131 5043 advocabuntur.
1164 4996 1193 5024 ι)

405 5050 515 5118 (11)
560 5042 685 5103 Ε⁹ίτ’
734 5043 824 5099 οὖν
868 5087 881 5101 .
923 5087 998 5118 ,λ
1049 5042 1464 5115 ἐλεηθήσονται,
1518 5045 1650 5100 Haec
1694 5045 1868 5101 nobis
1898 5048 1983 5103 sic

335 5118 700 5192 distinguere
746 5124 803 5173 et
846 5117 1376 5192 explicarevisum
1399 5122 1508 5182 est,
1544 5123 1725 5192 prout
1740 5118 1870 5190 jam
1920 5136 1983 5175 se

335 5187 594 5246 habent:
622 5208 752 5261 qua;
772 5187 1001 5261 priores
1032 5187 1324 5261 editiones
1354 5189 1466 5261 hoc
1485 5187 1984 5261 modonGraaceac

336 5262 540 5317 Latine
587 5254 1020 5328 eihibuerunt:
1068 5256 1178 5313 Εἶτ’
1228 5256 1318 5312 οὖν
1356 5258 1602 5328 ἐνταῦθα,
1632 5254 1736 5314 εἷ’τε
1763 5260 1857 5314 καὶ
1886 5259 1983 5316 ἀλ-

335 5330 509 5406 λιχῆ,
545 5330 658 5386 ἐπεὶ
708 5327 926 5406 μηδεὶςΔ
950 5329 1119 5406 τόπος
1166 5331 1327 5406 ᾀργὸς
1356 5327 1600 5406 εὐποιίας
1630 5334 1782 5406 Θεοῖν
1816 5330 1983 5406 πάλιν

336 5399 519 5480 φησίν.
568 5399 839 5480 Μακάριοι
868 5401 932 5480 ὀἱ
981 5399 1061 5457 ti.
1114 5426 1141 5453 «ι
1170 5399 1298 5480 Sive
1330 5420 1465 5480 ergo
1498 5403 1614 5480 hic,
1648 5404 1765 5480 sive
1797 5405 1938 5480 alibi
1969 5422 1982 5459 :

338 5474 621 5548 quoniam
644 5476 848 5531 nullus
868 5474 1034 5548 locus
1064 5481 1230 5548 vacat
1260 5475 1359 5548 Dei
1387 5474 1814 5548 misericordia.
1844 5479 1989 5532 Rur-

341 5545 440 5603 sus
467 5548 649 5604 dicit:
684 5571 712 5597 ‹‹
746 5547 906 5602 Beati
941 5545 1379 5614 misericordes,
1414 5547 1697 5619 quoniam
1729 5547 1842 5620 ipsi
1875 5549 1987 5603 mi-

343 5641 370 5669 α
402 5619 789 5676 sericordiam
823 5623 1284 5687 consequentur.
1318 5640 1347 5667 ››

411 5692 524 5764 (12)
553 5690 703 5752 Τινὲς
750 5692 857 5745 τῶν
907 5685 1245 5764 φιλοσόφων.
1297 5689 1523 5745 Stoicos
1553 5689 1852 5764 intelligit,
1885 5692 1987 5763 qui

2009 4517 2056 4581 D

2060 471 2331 542 portione
2356 473 2721 545 respondent
2751 476 2845 545 iis,
2878 477 3096 548 quibus
3127 479 3351 551 dignati
3373 487 3530 550 sunt,
3562 500 3714 555 pras-

2062 560 2220 627 miis,
2244 560 2566 617 ineffabilia
2597 565 2942 619 mconomiae
2982 571 3041 621 et
3072 569 3338 624 muneris
3384 568 3711 641 adjutores.

2063 670 2090 699 ‹‹
2123 649 2233 715 Qui
2258 655 2479 709 autem.
2512 676 2540 703 »
2573 654 2767 724 inquit
2797 655 2963 710 Plato
3010 676 3031 703 ι
3066 657 3172 711 visi
3220 656 3445 713 fuerint
3489 661 3711 716 evocati

2062 737 2137 793 ad
2170 739 2302 806 hoc,
2332 747 2399 796 ut
2445 748 2648 798 sancte
2680 761 2801 814 prae
2842 745 3072 801 caateris
3102 746 3317 816 vivant,
3344 748 3386 801 ii
3419 754 3577 817 sunt,
3611 750 3714 821 qui

2063 843 2133 882 ex
2148 827 2242 884 his
2266 830 2519 885 terrenis
2544 830 2713 902 locis,
2738 837 3022 904 tanquam
3049 851 3079 889 e
3102 836 3462 904 carceribus,
3480 837 3716 893 liberati

2064 920 2124 970 et
2153 917 2353 987 soluti,
2386 936 2621 975 sursum
2654 921 2727 977 ad
2756 939 2966 993 puram
2997 924 3457 995 proﬁciscuntur
3486 927 3716 983 habita-

2064 1005 2309 1063 tionem.
2336 1030 2365 1058 »
2388 1010 2457 1062 Et
2484 1026 2692 1066 rursus
2713 1013 2976 1083 apertius
3006 1012 3165 1068 idem
3198 1014 3343 1069 dicit
3370 1033 3383 1070 :
3432 1040 3458 1066 ‹‹
3491 1018 3573 1071 Ex
3620 1018 3714 1072 his

2066 1102 2286 1170 autem,
2306 1100 2645 1172 quicunque
2666 1118 2773 1173 per
2791 1103 3231 1174 philosophiam
3255 1107 3400 1162 satis
3423 1112 3564 1162 sunt
3584 1125 3717 1179 pur-

2063 1186 2204 1260 gati,
2238 1186 2365 1243 sine
2395 1189 2742 1261 corporibus
2781 1190 3024 1247 omnino
3055 1192 3255 1248 vivunt
3281 1195 3341 1248 in
3372 1196 3717 1251 universum

2066 1282 2319 1348 tempus.
2351 1300 2379 1327 »
2428 1279 2777 1350 Quanquam
2828 1281 3046 1353 figuras
3079 1282 3368 1353 quasdam
3399 1284 3519 1339 illis
3564 1285 3717 1355 adji-

2065 1364 2164 1433 cit,
2198 1364 2332 1421 aliis
2365 1366 2602 1437 quidem
2651 1384 2723 1422 ex
2750 1368 2916 1439 ipsis,
2948 1385 3174 1440 aereas,
3207 1371 3341 1427 aliis
3372 1388 3506 1426 vero
3539 1373 3717 1427 etiam

2065 1454 2289 1528 igneas.
2322 1456 2635 1530 Subjungit
2659 1463 2946 1528 praeterea
2971 1474 2983 1512 :
3013 1482 3037 1509 ‹‹
3067 1460 3137 1513 Ει
3163 1460 3624 1531 proficiscuntur
3654 1462 3717 1517 in

2064 1546 2464 1602 habitationes
2490 1547 2585 1601 his
2617 1547 2794 1602 etiam
2842 1548 3236 1619 pulchriores,
3277 1567 3532 1621 quarum
3580 1551 3717 1622 pul-

2066 1634 2340 1693 chritudo
2372 1652 2565 1707 neque
2604 1637 2797 1692 facilis
2849 1637 3012 1692 dictu
3047 1642 3155 1705 est,
3212 1655 3406 1709 neque
3454 1656 3718 1711 praesens

2068 1731 2301 1797 tempus
2350 1726 2425 1780 ad
2483 1725 2801 1781 dicendum
2849 1726 3168 1783 sufﬁceret.
3203 1749 3232 1778 »
3285 1728 3448 1784 Unde
3503 1729 3716 1783 merito

2067 1816 2246 1871 dicit:
2289 1835 2309 1864 ι
2347 1816 2507 1870 Beati
2539 1816 2639 1886 qui
2671 1815 2895 1888 lugent,
2929 1816 3209 1887 quoniam
3233 1817 3345 1888 ipsi
3375 1817 3720 1873 advocatio-

2067 1920 2203 1961 nem
2226 1903 2520 1976 accipient
2538 1906 2639 1973 (a).
2678 1925 2700 1951 ιι
2727 1905 2833 1970 Qui
2866 1905 3025 1960 enim
3049 1906 3203 1961 male
3225 1911 3370 1962 actae
3402 1908 3532 1963 vitaa
3556 1907 3716 1962 ducti

2068 1998 2205 2049 sunt
2232 1994 2602 2065 poenitentia,
2635 1993 2887 2049 aderunt
2935 1995 3009 2050 ad
3043 2016 3070 2046 ι(
3103 1996 3507 2064 vocationem;
3544 2018 3572 2047 »
3607 1998 3720 2052 hoc

2067 2083 2227 2139 enim
2258 2083 2370 2138 sibi
2400 2082 2525 2137 vult
2552 2080 2995 2157 παρακληθῆναι.
3051 2085 3473 2140 Pcenitentium
3524 2091 3725 2141 autem

2066 2173 2181 2228 duo
2226 2176 2367 2227 sunt
2408 2172 2682 2227 ordines:
2734 2188 2987 2244 quorum
3018 2172 3188 2240 alter,
3241 2174 3343 2244 qui
3375 2173 3565 2228 multo
3595 2173 3719 2229 fre-

2067 2259 2346 2332 quentior
2375 2264 2485 2329 est,
2517 2260 2728 2316 timore
2758 2277 2947 2332 paenae
2967 2261 3140 2317 factis
3166 2261 3291 2316 suis
3315 2261 3529 2316 debitaa
3552 2261 3721 2317 duci-

2068 2353 2196 2416 tur;
2229 2348 2380 2404 alter
2408 2364 2562 2413 vero,
2596 2349 2698 2419 qui
2730 2349 2916 2421 magis
2947 2354 3038 2404 est
3066 2348 3410 2422 singularis,
3443 2365 3515 2405 ex
3550 2367 3723 2407 cons-

2069 2437 2290 2493 cientia
2313 2437 2604 2493 factorum
2642 2436 2900 2492 afficitur
2926 2438 3165 2494 interna
3193 2439 3408 2495 animai
3440 2455 3725 2496 verecun-

2070 2526 2189 2582 dia.
2254 2526 2381 2581 Sive
2437 2526 2618 2598 igitur
2674 2526 2786 2581 hoc
2846 2526 3040 2592 modo,
3101 2528 3219 2583 sive
3275 2527 3380 2582 illo
3438 2529 3724 2599 poeniteat

2070 2614 2580 2688 (quandoquidem
2612 2614 2816 2670 nullus
2847 2614 3014 2669 locus
3046 2616 3147 2669 Dei
3181 2616 3591 2670 misericordia
3626 2633 3727 2671 va-

2071 2722 2216 2761 cuus
2247 2704 2605 2774 est),rursus
2631 2703 2811 2757 dicit:
2847 2724 2875 2751 «
2908 2704 3066 2758 Beati
3099 2703 3536 2772 misericordes,
3567 2722 3722 2774 quo-

2072 2794 2233 2849 niam
2264 2792 2377 2864 ipsi
2419 2790 2891 2846 misericordiam
2932 2798 3397 2862 consequentur,
3434 2815 3462 2841 ››
3497 2794 3725 2848 Miseri-

2072 2881 2275 2937 cordia
2298 2884 2498 2936 autem
2518 2896 2641 2935 non
2665 2885 2774 2950 est,
2806 2885 2872 2935 ut
2892 2880 3310 2935 existimarunt
3330 2881 3574 2952 quidam
3596 2882 3720 2953 phi-

2070 2968 2325 3040 losophi,
2381 2966 2551 3022 dolor
2592 2972 2835 3039 propter
2882 2967 3107 3024 alienas
3138 2968 3531 3037 calamitates,
3569 2971 3725 3027 2“)

2074 3057 2178 3114 sed
2210 3062 2301 3113 est
2331 3057 2527 3129 potius
2559 3056 2783 3112 bonum
2817 3056 2980 3128 quid,
3014 3062 3079 3112 ut
3119 3058 3329 3114 dicunt
3374 3060 3679 3131 propheta:
3709 3077 3723 3116 :

2075 3170 2101 3196 «
2132 3144 2619 3212 Misericordiam,
2649 3164 2675 3195 ι
2732 3145 2947 3216 inquit,
2987 3167 3013 3198 ιι
3043 3146 3194 3213 volo,
3236 3153 3294 3202 et
3322 3164 3444 3203 non
3498 3150 3731 3206 sacriﬁ-

2071 3236 2228 3292 cium
2258 3233 2352 3306 (b).
2382 3254 2410 3284 »ι
2446 3234 2853 3289 Misericordes
2901 3240 3101 3289 autem
3140 3241 3327 3302 vocat,
3363 3254 3483 3292 non
3531 3238 3727 3294 solum

2072 3340 2172 3379 eos
2202 3323 2304 3395 qui
2333 3322 2560 3378 faciunt
2587 3339 2767 3394 opera
2797 3322 3238 3393 misericordiae,
3273 3324 3376 3380 sed
3407 3326 3588 3382 etiam
3622 3329 3727 3398 qui

2071 3412 2343 3469 misereri
2374 3411 2598 3481 volunt,
2630 3412 2740 3467 etsi
2767 3428 2889 3466 non
2918 3412 3187 3483 possint;
3234 3412 3450 3483 quibus
3499 3416 3729 3472 scilicet

2073 3502 2241 3558 adest
2295 3500 2582 3573 operandi
2635 3500 3023 3572 propositum.
3076 3502 3513 3573 Nonnunquam
3563 3505 3723 3560 enim

2072 3590 2345 3646 volumus
2398 3588 2489 3644 vel
2521 3589 2714 3644 dando
2745 3589 3081 3660 pecuniam,
3113 3589 3204 3645 vel
3237 3606 3583 3662 corpoream
3629 3594 3732 3649 ad-

2072 3678 2333 3735 hibendo
2390 3693 2655 3750 operam,
2712 3677 2910 3733 facere
2961 3677 3454 3748 misericordiam,
3519 3685 3723 3752 utpote

2073 3769 2270 3843 egenti
2327 3785 2501 3840 opem
2557 3767 2735 3837 ferre,
2782 3768 2878 3823 vel
2922 3767 3234 3840 aegrotanti
3265 3768 3571 3837 inservire,
3631 3771 3725 3825 vel

2072 3858 2219 3923 issi
2274 3857 2504 3925 adesse,
2564 3857 2665 3928 qui
2720 3862 2811 3912 est
2853 3858 2915 3912 in
2962 3856 3165 3928 aliqua
3195 3856 3554 3926 calamitate,
3615 3874 3727 3914 nec

2074 3965 2413 4021 possumus,
2446 3948 2536 4003 vel
2565 3952 2808 4020 propter
2845 3952 3280 4021 paupertatem,
3314 3948 3404 4003 vel
3435 3948 3731 4019 morbum,

2537 4077 2613 4150 (ὸ)
2646 4079 2741 4133 Os.
2777 4081 2850 4145 vi,
2882 4079 2952 4145 6;
2984 4077 3186 4132 Matth.
3220 4093 3298 4136 ix.
3336 4078 3398 4131 13
3425 4094 3439 4143 ;
3470 4094 3575 4143 xu,
3608 4081 3660 4130 ’7.

2077 4194 2376 4257 dicebant,
2410 4191 2756 4266 Aén‘quivau
2791 4190 3059 4266 συστολὴν
3111 4191 3339 4266 ἄλογον,
3393 4215 3419 4243 ‹‹
3454 4192 3730 4266 dolorum

2079 4283 2209 4321 esse
2245 4264 2716 4321 irrationabilem
2764 4265 2969 4333 animi“
2998 4264 3502 4319 contractionem:
3537 4285 3564 4312 »
3600 4264 3729 4333 ejus

2079 4342 2279 4409 autem
2300 4336 2929 4409 speciemprimariam
2943 4328 3120 4401 ἔλεον,
3145 4328 3730 4409 «Amisericordiam,»

2081 4408 2218 4463 εἶναι
2245 4404 2426 4477 λύπην
2460 4407 2535 4467 ὡς
2566 4404 2656 4460 ἐπὶ
2688 4405 2920 4473 ἀναξίως
2948 4404 3389 4477 κακοπαθοῦντι,
3409 4426 3437 4454 ‹‹
3465 4404 3732 4459 dolorem

2084 4486 2368 4551 tanquam
2384 4475 2574 4550 super
2605 4495 2695 4551 eo,
2727 4477 2832 4551 qui
2861 4475 3104 4551 indigne
3133 4475 3316 4530 miser
3345 4475 3423 4530 sit
3442 4491 3512 4551 :_»
3543 4482 3611 4551 ut
3636 4491 3734 4529 re-

2087 4546 2226 4605 fert'
2257 4551 2320 4604 in
2380 4546 2590 4604 Zerione
2646 4546 2929 4609 Laertius,
2995 4546 3099 4601 lib.
3134 4562 3233 4608 νη,
3283 4562 3400 4617 seg.
3448 4546 3499 4599 3.
3533 4546 3734 4617 Cicero

2094 4621 2309 4676 Tuscul.
2365 4626 2563 4690 quaest.
2614 4618 2716 4673 lib.
2769 4634 2864 4690 1v:
2900 4616 3302 4690 Misericordia
3321 4616 3422 4690 est
3448 4616 3736 4690 aegritudo

2088 4710 2158 4748 ex
2190 4687 2434 4746 miseria
2480 4690 2723 4745 alterius
2774 4688 2997 4760 injuria
3040 4688 3386 4744 laborantis.
3419 4709 3447 4737 »
3482 4687 3737 4742 Proinde

2086 4761 2678 4842 misericordiamnut
2705 4760 2970 4842 reliquos
3014 4760 3195 4842 etiam
3227 4761 3474 4842 affectus
3506 4775 3736 4842 omnes,

2088 4833 2341 4905 sapienti
2363 4833 2484 4887 viro
2508 4832 2814 4913 indignam
2834 4831 3190 4954 judicabant
3214 4847 3226 4884 :
3255 4837 3318 4885 ut
3348 4831 3527 4886 refert
3556 4831 3736 4886 Laer-

2088 4906 2206 4954 tius
2237 4903 2504 4954 eiusdem
2538 4904 2674 4954 librl
2708 4918 2826 4954 sea.
2870 4904 2957 4954 23.
2992 4903 3140 4954 Hinc
3173 4902 3320 4954 illud
3352 4902 3651 4954 Ciceronis
3677 4903 3736 4954 in

2088 4902 2206 4961 tius
2228 4903 2505 4976 ejusdem
2537 4902 2674 4958 libri
2708 4902 2957 4974 seg.i23.
2992 4903 3140 4976 Hinc
3173 4902 3320 4957 illud
3352 4902 3741 4976 Ciceronisin

2091 4974 2356 5033 oratione
2395 4994 2416 5022 ι
2440 4992 2547 5044 pro
2570 4976 2628 5029 L.
2664 4976 2926 5044 Murena,
2961 4996 2988 5024 ››
3020 4974 3178 5029 inter
3203 4981 3467 5040 caateras,
3487 4988 3634 5044 quas
3659 4974 3740 5028 ibi

2091 5051 2400 5112 memorat,
2430 5045 2681 5101 Zenonis
2703 5046 3068 5102 sententias:
3102 5068 3130 5095 ‹‹
3164 5046 3472 5102 Neminem
3499 5045 3740 5100 miseri-

2092 5118 2332 5176 cordem
2361 5134 2512 5186 esse,
2546 5117 2662 5173 nisi
2695 5117 2963 5173 stultum.
3000 5138 3028 5167 »

2164 5191 2276 5261 (13(
2306 5186 2548 5261 Ἀστεῖόν
2578 5209 2651 5243 τι.
2672 5189 2985 5261 _Interpres
3015 5188 3249 5261 mavult
3265 5186 3406 5242 θεῖόν
3438 5207 3511 5261 τι,
3545 5210 3573 5238 ‹‹
3607 5188 3747 5261 divi-

2095 5259 2239 5319 num
2271 5259 2464 5333 quid.
2495 5282 2523 5311 υ
2577 5259 2691 5333 Sed
2739 5262 2948 5333 ἀστεῖον
2999 5277 3105 5333 pro
3138 5282 3166 5310 ‹‹
3201 5260 3454 5333 eleganti
3487 5264 3546 5314 et
3572 5281 3601 5309 ‹‹
3633 5260 3744 5314 hu-

2094 5349 2271 5390 mano
2302 5332 2330 5382 i)
2360 5332 2628 5401 retineri,
2665 5332 2817 5387 nihil
2843 5337 3017 5388 vetat.
3051 5332 3324 5388 Sirmium}

2165 5408 2276 5477 (14)
2337 5401 2533 5460 ’Έλεον
2701 5446 2712 5457 .
2773 5402 2939 5477 θέλωᾷ,
2999 5402 3089 5457 καὶ
3149 5403 3210 5456 οὐ
3263 5402 3311 5456 θ.
3368 5398 3565 5477 Ἔλεος
3598 5395 3743 5477 θέλω

2093 5473 2130 5544 ἢ
2164 5471 2280 5539 δυσ.
2310 5477 2404 5532 Os.
2439 5493 2511 5544 v1,
2545 5478 2597 5531 6.
2623 5477 2840 5530 Verum
2870 5475 3166 5541 Clemens,
3199 5472 3466 5543 quamvis
3498 5471 3747 5542 prophe-

2098 5547 2473 5639 tam‘i‘agdet,
2505 5547 3001 5639 sehquitu'rjotiqs
3031 5546 3334 5639 Ma'ttb‘Lix,
3369 5546 3470 5609 i3;
3504 5558 3603 5612 χιι,
3636 5546 3687 5598 ‘7.

2165 5623 2280 5690 (15)
2308 5618 2416 5687 Τήν
2450 5613 2692 5693 καρδίαν.
2724 5613 3049 5692 Τῇάαρδίᾳ.
3082 5615 3285 5682 Matth,
