4066 6192
295 238 439 296 1253

1628 243 2078 300 ΒΤΒΟΜΔΤΠΜ
2114 243 2246 296 LIB.
2286 242 2380 296 IV.

3571 248 3711 307 1254

292 394 318 422 ‹‹
353 365 657 440 Μακάριοι,
692 391 716 422 ι
751 367 940 444 φησὶν,
974 389 1004 420 ‹‹
1035 367 1087 421 οὶ
1103 363 1459 444 δεδιωγμένοι
1492 369 1594 425 ὑπὸ
1615 376 1714 440 τῆς
1739 367 1948 424 δικαιο-

2067 371 2296 428 silicum
2330 393 2358 420 »
2390 369 2539 426 illud
2571 375 2765 427 servat
2795 371 3186 441 immutabile,
3237 381 3622 449 sanctamque
3653 387 3713 438 et

289 457 455 528 σύνης
490 460 620 530 (21)·
655 457 737 510 ὅτι
767 455 920 511 αύτοὶ
970 451 1181 511 ἔσονται
1211 456 1437 512 τέλειοι·
1469 482 1497 508 ››
1547 457 1660 531 καὶ,
1695 483 1722 510 ‹‹
1756 459 1951 518 Μακά-

290 568 402 624 ριοι
461 546 512 601 οἷ
570 543 926 619 δεδιωγμένοι
986 542 1138 600 ἕνεκα
1197 543 1353 619 ἐμοῦ·
1410 544 1493 602 ὅτι
1537 547 1711 620 ἕξουσι
1751 547 1945 618 τόπον,

288 636 430 692 ὅπου
488 634 551 689 ού
615 633 1043 709 διωχθήσονται·
1099 657 1126 685 ››
1157 635 1271 705 καὶ,
1304 660 1332 687 ‹‹
1365 637 1636 712 Μακάριοί
1669 634 1787 692 ἐστε
1819 637 1942 690 ὅταν

291 727 343 781 οἱ
377 726 653 801 ἄνθρωποι
708 725 1015 796 μισήσωσιν
1067 727 1182 798 (22)
1223 724 1386 797 ὑμᾶς,
1448 749 1475 776 ‹‹
1509 725 1636 780 ὅταν
1669 725 1944 804 ἀφορίσω-

287 837 394 884 σιν,
429 815 560 869 ὅταν
592 808 863 868 ἐκϐάλωσι
907 813 970 867 τὸ
1002 809 1174 887 ὄνομα
1205 815 1358 888 ὑμῶν
1411 816 1486 877 ὡς
1518 817 1782 891 πονηρὸν,
1831 813 1947 870 ἓνε-

284 926 354 960 κα
384 907 484 958 τοῦ
529 904 657 958 Υἱοῦ
705 902 1014 979 ἀνθρώπου·
1065 924 1090 954 ι
1147 902 1234 957 ἐὰν
1279 905 1356 976 μή
1393 902 1815 980 βδελυσσώμεθα
1846 902 1944 974 δη-

288 994 476 1050 λονότι
506 991 636 1056 τοὺς
662 989 981 1062 διώκοντας,
1011 991 1102 1047 καὶ
1139 992 1499 1067 ὑπομένωμεν
1543 993 1640 1056 τὰς
1679 995 1806 1068 παρ’
1839 993 1944 1048 αύ-

284 1087 394 1138 τῶν
428 1081 726 1155 τιμωρίας,
762 1083 840 1153 μὴ
891 1084 1173 1154 μισοῦντες
1202 1081 1397 1144 αὐτοὺς
1435 1080 1656 1158 βράδιον
1689 1083 1724 1154 ἢ
1774 1103 1946 1159 προσ-

287 1169 628 1244 εδοκήσαμεν
681 1175 1035 1246 πεπειρᾶσθαι
1088 1167 1495 1245 διανοούμενοι·
1541 1170 1688 1228 ἀλλά
1726 1172 1944 1228 κάκεῖνο

283 1262 664 1337 γινώσκοντες,
716 1259 985 1338 πρόφασιν
1033 1259 1169 1316 εἶναι
1225 1261 1524 1336 μαρτυρίου
1558 1262 1652 1318 τὸν
1705 1261 1946 1317 ὁντινοῦν

288 1351 618 1428 πειρασμόν.

2059 460 2371 516 honestam
2404 476 2620 515 vocans
2670 459 3106 516 Providentiam
3138 479 3233 517 res
3284 463 3711 525 administran-

2059 556 2198 617 tem,
2249 550 2442 622 posita
2482 550 2544 604 in
2593 566 2793 605 rerum
2839 549 3171 606 divinarum
3222 557 3281 607 et
3310 553 3706 616 humanarum

2056 640 2326 705 scientia,
2360 656 2466 711 per
2491 655 2670 710 quam
2702 655 2821 706 eas,
2855 656 2986 710 quaa
3010 646 3150 695 sunt
3171 641 3232 696 in
3262 645 3502 713 mundo,
3538 664 3711 718 repu-

2057 729 2353 800 gnantias,
2389 728 2707 783 creationis
2737 727 3203 799 pulcherrimam
3237 732 3536 790 existimat
3568 737 3703 793 har-

2057 819 2321 873 moniam
2353 835 2419 872 ac
2452 817 2855 873 concordiam.
2899 840 2928 867 ‹‹
2961 819 3283 874 Paciﬁcant
3314 843 3342 871 »
3371 825 3572 890 etiam,
3605 828 3707 897 qui

2057 907 2303 962 monitis
2345 907 2467 961 suis
2520 906 2593 961 ad
2621 906 2796 960 ﬁdem
2830 923 3156 978 pacemque
3189 911 3554 969 transferunt
3584 933 3705 987 eos,

2057 1013 2206 1067 quos
2239 995 2464 1069 peccati
2497 1001 2914 1068 stratagemata
2945 996 3041 1052 hic
3071 1009 3572 1072 Oppugnaverant.
3599 1009 3705 1061 To—

2057 1086 2174 1143 tius
2203 1091 2404 1141 autem
2434 1085 2666 1140 virtutis
2698 1101 2933 1140 summa
2963 1091 3070 1154 est,
3107 1092 3172 1141 ut
3193 1091 3487 1160 existimo,
3513 1094 3706 1148 Domi-

2056 1193 2190 1242 nus,
2241 1175 2461 1230 docens
2505 1180 2777 1246 oportere
2818 1191 2928 1229 nos
2975 1181 3218 1247 propter
3248 1179 3596 1237 charitatem
3641 1185 3703 1240 in

2055 1267 2241 1320 Deum
2271 1264 2536 1336 gnostice
2568 1269 2820 1318 mortem
2849 1269 3247 1321 contemnere.
3287 1288 3315 1317 «
3348 1270 3528 1338 Beati,
3563 1294 3591 1321 ››
3615 1273 3708 1328 in-

2059 1354 2209 1426 quit,
2242 1374 2270 1404 »
2303 1351 2366 1415 ’14
2399 1353 2498 1424 qui
2522 1353 3000 1424 persecutionem
3023 1355 3332 1425 patiuntur
3349 1366 3591 1431 prapter
3602 1362 3704 1434 ju—

285 1444 535 1510 stitiam,
567 1441 850 1513 quoniam
882 1442 995 1514 ipsi
1027 1441 1134 1497 lilii
1166 1443 1268 1498 Dei
1298 1443 1666 1502 vocabuntur
1697 1444 1770 1517 (a)
1797 1461 1810 1498 :
1846 1467 1872 1494 ι›
1905 1443 2017 1514 vel,
2049 1449 2116 1499 ut
2145 1441 2420 1498 nonnulli
2460 1458 2528 1496 ex
2583 1441 2677 1508 iis,
2737 1442 2838 1513 qui
2887 1443 3202 1515 Evangelia
3257 1451 3657 1518 transponunt
3689 1469 3702 1506 :

289 1554 312 1582 ι
355 1533 540 1602 Beati,
575 1553 603 1582 »
637 1532 848 1602 inquit,
889 1553 915 1584 α
945 1548 1094 1602 quos
1119 1533 1500 1604 persequitur
1519 1533 1777 1605 justitia,
1803 1535 2088 1605 quoniam
2121 1532 2233 1605 ipsi
2267 1536 2440 1587 erunt
2470 1530 2756 1602 perfecti;
2793 1553 2820 1580 »
2879 1537 2939 1586 et
2972 1549 2984 1586 :
3013 1555 3040 1580 «
3075 1534 3234 1588 Beati
3273 1536 3374 1606 qui
3435 1555 3707 1609 persecu-

287 1622 517 1677 tionem
550 1621 858 1692 patiuntur
878 1626 1120 1692 propter
1147 1637 1264 1689 me,
1315 1623 1598 1694 quoniam
1629 1623 1830 1678 locum
1870 1623 2194 1692 habebunt,
2228 1621 2302 1677 ad
2333 1636 2510 1692 quem
2560 1636 2681 1674 non
2737 1621 3042 1692 perveniet
3086 1625 3458 1693 persecutio;
3517 1649 3544 1677 »
3599 1635 3657 1684 et
3691 1647 3704 1685 :

289 1733 320 1762 ‹‹
359 1711 519 1765 Beati
552 1711 712 1778 estis,
748 1709 984 1781 quando
1016 1727 1114 1766 vos
1172 1711 1446 1766 homines
1505 1712 1642 1767 odio
1699 1713 2037 1783 habuerint,
2070 1711 2308 1783 quando
2341 1709 2883 1776 exterminaverint,
2917 1710 3154 1780 quando
3187 1729 3407 1769 nomen
3446 1723 3705 1774 vestrum

287 1806 356 1855 ut
385 1800 739 1855 sceleratum
773 1799 1186 1870 expunxerint,
1219 1806 1461 1872 propter
1489 1801 1702 1857 Filium
1734 1802 1993 1857 hominis
2022 1803 2097 1874 (ὁ)
2135 1818 2148 1868 ;
2186 1823 2213 1850 ››
2263 1800 2311 1854 si
2344 1816 2445 1854 eos
2476 1798 2770 1865 videlicet,
2805 1799 2905 1870 qui
2943 1815 3050 1855 nos
3090 1809 3553 1874 persequuntur,
3585 1825 3705 1864 non

286 1889 726 1956 abominemur,
761 1895 821 1944 et
850 1889 1270 1957 sustineamus,
1304 1907 1436 1962 qua:
1468 1891 1540 1946 ab
1572 1892 1659 1947 eis
1687 1891 2058 1964 infliguntur,
2114 1888 2439 1962 supplicia;
2473 1903 2667 1958 neque
2695 1904 2794 1942 eos
2824 1888 2958 1944 odio
2991 1889 3334 1959 habeamus,
3378 1895 3704 1968 cogitantes

290 1997 406 2034 nos
437 1995 564 2034 esse
595 1983 852 2033 tentatos
882 1978 1109 2034 tardius
1141 1995 1322 2052 quam
1354 1981 1829 2053 expectavimus;
1864 1980 1967 2036 sed
1997 1979 2147 2035 illud
2186 1979 2383 2051 potius
2413 1982 2780 2049 reputantes,
2810 1978 2968 2049 quod
3029 1981 3292 2051 martyrii
3349 1984 3580 2040 occasio
3631 1987 3709 2042 sit

294 2069 522 2140 quaevis
552 2067 820 2123 tentatio.

1806 2185 2036 2241 CAPUT
2076 2183 2198 2242 VII.

1245 2289 1437 2341 Beatos
1466 2303 1573 2342 esse
1601 2287 1700 2356 qui
1732 2285 1828 2341 Dei
1856 2301 2023 2340 causa.
2049 2284 2375 2353 sanguinem
2395 2283 2770 2353 profundunt.

365 2410 498 2464 Εἶτα
578 2410 606 2465 6
691 2410 784 2482 μὲν
854 2411 1211 2484 ψευσάμενος,

292 2495 494 2570 δειξας,
526 2498 616 2553 καὶ
680 2499 943 2571 μεταστὰς
981 2499 1058 2561 είς
1086 2501 1187 2569 τήν
1217 2503 1315 2555 τοῦ
1346 2495 1610 2555 διαϐόλου
1641 2499 1941 2575 στρατείαν,

290 2588 344 2642 ἐν
377 2587 508 2659 τίνι,
541 2585 790 2662 οῗόμεθα,
819 2588 930 2644 ἐστὶ
961 2593 1149 2662 κακῷ;
1177 2586 1431 2663 ψεύδεται
1458 2589 1637 2645 τοίνυν
1686 2591 1778 2645 τὸν
1830 2588 1944 2645 Κύο

290 2698 433 2752 ριον,
471 2677 688 2750 μᾶλλον
721 2675 777 2734 δὲ
804 2679 903 2747 τήν
930 2679 1121 2734 ἑαυτοῦ
1152 2675 1458 2752 διέψευσται
1490 2676 1708 2750 ἐλπίδα,
1760 2679 1820 2740 ’ὸς
1881 2677 1944 2733 ού

289 2767 534 2822 πιστεύει
584 2771 665 2840 τῷ
715 2771 853 2840 Θεῷ·
907 2767 971 2822 ού
1017 2766 1256 2823 πιστεύει
1294 2765 1351 2823 δὶ
1377 2768 1405 2822 6
1439 2768 1516 2840 μή
1547 2771 1722 2823 ποιῶν
1754 2765 1787 2821 ἃ
1832 2763 1947 2820 ἐνε-

289 2857 540 2914 τείλατο.
574 2857 644 2914 Ti
675 2854 769 2926 6t;
815 2857 928 2932 οὐχ
985 2857 1170 2912 ἑαυτὸν
1229 2856 1492 2932 ἀρνεῖται,
1538 2857 1566 2911 6
1613 2855 1947 2930 ἀρνούμενος

294 2949 388 3003 τὸν
423 2945 656 3020 Κύριον;
690 2945 765 3003 Ού
794 2945 896 3021 γὰρ
944 2945 1255 3023 ἀφαιρεῖται
1281 2947 1382 3014 τῆς
1411 2943 1598 3018 κυρίας
1624 2944 1717 2998 τὸν
1752 2940 1947 2998 δεσπό-

291 3058 420 3107 την,
480 3037 510 3090 6
563 3056 625 3110 γε
671 3037 758 3090 καὶ
821 3035 1114 3106 στερίσκων
1178 3033 1335 3089 αὐτὸν
1393 3040 1494 3103 τῆς
1548 3033 1686 3108 πρὸς
1741 3031 1944 3087 ἐκεῖνον

295 3124 659 3194 οἰκειότητος.
692 3125 755 3180 Ὀ
785 3123 966 3178 τοίνυν
995 3123 1328 3198 ἀρνούμενος
1356 3123 1448 3178 τὸν
1485 3129 1740 3196 Σωτῆρα,
1773 3121 1948 3196 ἀρνεῖ-

292 3236 383 3269 ται
413 3216 512 3284 τὴν
549 3215 714 3284 ζωήν·
750 3213 833 3267 δτι
882 3237 909 3265 ‹‹
947 3213 1060 3282 ζωή
1087 3213 1153 3282 ἦν
1181 3212 1243 3266 τὸ
1275 3217 1416 3290 φῶς,
1451 3235 1478 3262 ››
1524 3210 1950 3285 Ὁλιγοπίστους

292 3302 529 3364 τούτους
561 3302 622 3356 ού
656 3299 828 3376 λέγει,
887 3299 1014 3356 ἀλλ’
1056 3301 1317 3363 ἀπίστους
1365 3299 1455 3354 καὶ
1512 3300 1828 3375 ὑποκριτάς·
1887 3298 1950 3352 τὸ

299 3395 398 3467 μὶν
458 3387 633 3465 ὄνομα
686 3389 1210 3466 ὑπογεγραμμένους
1239 3393 1367 3463 (23),
1425 3390 1489 3444 τὸ
1556 3386 1614 3444 δὲ
1670 3390 1804 3444 εἶναι
1856 3408 1951 3442 πι-

298 3481 462 3544 στοὺς
493 3482 878 3556 ἀρνουμένους.
915 3481 1108 3542 Πιστὸς
1136 3477 1193 3535 δὲ
1224 3479 1459 3554 εἴρηται,
1493 3481 1583 3534 καὶ
1615 3477 1834 3547 δοῦλος,
1861 3479 1951 3532 καὶ

301 3570 488 3648 φίλος.
518 3572 677 3625 Ὥστε
706 3568 854 3632 εἴτις
885 3570 1072 3624 ἑαυτὸν
1104 3569 1302 3645 ἀγαπᾷ,
1351 3569 1535 3644 ἀγαπᾷ
1582 3568 1675 3622 τὸν
1732 3565 1950 3642 Κύριον,

298 3661 392 3716 καὶ
423 3661 690 3736 ὁμολογιῖ
715 3662 817 3730 τήν
849 3659 1122 3736 σωτηρίαν
1155 3662 1290 3733 (24),
1313 3656 1406 3714 ’ίνα
1434 3659 1583 3734 σώσῃ
1609 3661 1709 3730 τὴν
1741 3659 1951 3734 ψυχὴν.

308 3750 412 3805 Καί
441 3771 526 3804 τοι
553 3747 648 3804 κᾶν
685 3748 1102 3824 ὑπεραποθάνῃς
1132 3751 1241 3822 (25)
1287 3752 1384 3803 τοῦ
1413 3745 1650 3819 πλησίον
1701 3745 1774 3803 δι’
1821 3746 1954 3823 ἀγά-

305 3861 444 3910 πην,
475 3837 713 3908 πλησίον
746 3837 802 3892 δὲ
844 3840 1006 3911 ἡμῶν
1035 3839 1126 3891 τὸν
1162 3843 1397 3914 Σωτῆρα
1429 3832 1714 3914 ὑπολάϐῃς
1742 3842 1795 3907 (‹‹
1827 3837 1956 3899 Θεὸς

307 3930 416 4004 γὰρ
449 3928 669 4002 ἐγγίζων
701 3929 834 4000 (26),
868 3951 895 3978 ››
929 3929 956 3981 ὸ
988 3926 1177 3996 σώζων
1209 3926 1344 4002 πρὸς
1370 3926 1432 3982 τὸ
1472 3929 1781 4000 σωζόμενον
1833 3924 1954 3981 ἐλέ-

306 4019 471 4094 χθη),
541 4016 767 4081 θάνατον
843 4012 1102 4089 ἐλόμενος
1173 4013 1264 4070 δια
1330 4017 1498 4087 ζωὴν,
1563 4016 1654 4070 καὶ
1733 4019 1956 4071 σεαυτοῦ

311 4106 529 4180 μᾶλλον
559 4107 593 4177 ἢ
627 4104 834 4161 ἐκείνου
874 4102 1049 4160 ἕνεκεν
1082 4105 1290 4168 παθών.
1353 4104 1453 4159 Καὶ
1511 4106 1645 4177 μήτι
1676 4101 1766 4159 διὰ
1793 4109 1956 4160 τοῦτο

304 4194 544 4270 ἀδελφὸς
570 4194 779 4270 ε’ίρηται
813 4213 828 4263 ;
863 4195 890 4248 6
940 4191 1010 4248 δι’
1049 4195 1266 4268 ἀγάπην
1324 4193 1424 4262 τήν
1481 4192 1620 4260 πρὸς
1675 4195 1770 4249 τὸν
1827 4195 1954 4249 Θεὸν

305 4287 522 4353 παθὼν,
553 4282 642 4340 8ιά
677 4285 776 4353 τήν
811 4281 948 4338 ἰδίαν
978 4279 1140 4348 ἔπαθε
1169 4281 1464 4353 σωτηρίαν,
1497 4282 1528 4337 ὅ
1556 4303 1614 4338 τε
1644 4281 1709 4337 αὖ
1741 4281 1830 4337 διὰ
1855 4285 1955 4353 τήν

307 4372 450 4429 ἰδίαν
479 4374 834 4446 ἀποθνήσκων
863 4373 1162 4448 σωτηρίαν,
1204 4369 1293 4426 διά
1321 4371 1419 4441 τὴν
1454 4371 1670 4445 ἀγάπην
1700 4371 1956 4445 ὑπομένει

1295 2411 1385 2466 καὶ
1459 2411 1644 2466 ἑαυτὸν
1722 2412 1946 2465 ἁπιστον

2128 2407 2377 2478 Deinde,
2434 2409 2536 2480 qui
2595 2408 2882 2464 mentitus
2928 2409 3170 2479 quidem
3213 2415 3321 2481 est,
3357 2418 3415 2468 et
3443 2415 3705 2488 seipsum

2051 2497 2316 2553 ostendit
2339 2496 2670 2563 infidelem,
2699 2503 2756 2552 et
2785 2497 2857 2552 ad
2889 2497 3110 2554 diaboli
3136 2501 3453 2574 transfugit
3481 2506 3704 2560 exerci-

2051 2587 2270 2654 tum,in
2291 2593 2581 2658 quantum
2600 2603 2736 2642 eum
2767 2587 2924 2643 malo
2950 2589 3172 2644 versari
3194 2590 3533 2647 credimus?
3548 2595 3705 2647 Men-

2053 2676 2198 2730 titur
2222 2677 2422 2746 itaque
2456 2676 2726 2744 Domino,
2759 2675 2849 2730 vel
2882 2676 3078 2746 potius
3110 2677 3235 2747 spei
3266 2695 3388 2732 sua)
3419 2681 3708 2734 mentitur

2055 2780 2242 2834 eaque
2273 2765 2611 2830 frustratur,
2645 2764 2745 2833 qui
2776 2764 2894 2818 Deo
2926 2781 3048 2818 non
3089 2763 3297 2819 credit.
3349 2768 3474 2820 Non
3519 2769 3710 2823 credit

2056 2858 2279 2921 autem,
2329 2851 2430 2921 qui
2480 2867 2602 2906 non
2642 2851 2783 2906 facit
2814 2868 2903 2918 ea,
2939 2869 3070 2922 quas
3103 2853 3507 2910 mandaverat.
3559 2857 3710 2922 Quid

2054 2957 2190 2995 vero
2211 2940 2238 2995 ?
2262 2955 2462 2994 annon
2493 2939 2757 3010 seipsum
2780 2945 2980 3012 negat.
3013 2942 3112 3012 qui
3138 2948 3316 3015 negat
3346 2944 3665 3001 Dominum
3686 2947 3714 3002 ?

2058 3028 2307 3084 Domino
2339 3027 2498 3082 enim
2521 3043 2642 3082 non
2664 3028 2856 3082 aufert
2876 3028 3230 3098 dominium,
3255 3032 3354 3102 qui
3379 3050 3440 3088 se
3465 3050 3551 3100 ea,
3576 3051 3708 3104 quas

2057 3134 2194 3173 cum
2217 3116 2318 3171 illo
2342 3116 2679 3184 intercedit,
2701 3117 2892 3188 privat
2915 3119 3376 3176 necessitudine.
3407 3123 3515 3186 Qui
3535 3130 3713 3197 negat

2060 3223 2196 3280 ergo
2218 3206 2611 3270 Servatorem,
2645 3211 2820 3278 negat
2837 3207 3053 3273 vitam;
3085 3209 3371 3277 quoniam
3394 3232 3420 3260 «
3452 3211 3554 3265 lux
3584 3219 3713 3268 erat

2058 3298 2176 3352 vita
2202 3297 2292 3369 (ο).
2327 3318 2354 3347 ››
2389 3298 2500 3352 Eos
2528 3294 2770 3367 quidem
2800 3313 2921 3352 non
2955 3297 3098 3352 dicit
3124 3315 3253 3354 esse
3291 3323 3318 3349 «
3353 3301 3600 3357 modicae
3632 3306 3711 3359 ﬁ-

2059 3387 2155 3441 dei
2189 3387 2288 3457 (d),
2325 3408 2346 3434 ι
2384 3385 2487 3440 sed
2519 3384 2795 3441 infideles
2825 3392 2886 3440 et
2910 3387 3286 3458 hypocritas:
3323 3391 3422 3460 qui
3451 3393 3713 3448 nominis

2062 3475 2304 3547 quidem
2322 3475 2655 3546 suscipiunt
2668 3475 3354 3547 inscriptionem,fideles
3368 3487 3566 3535 autem
3585 3498 3713 3544 sese

2062 3567 2375 3639 abnegant.
2409 3565 2628 3622 Fidelis
2675 3571 2875 3622 autem
2905 3567 3144 3632 dicitur,
3179 3574 3302 3622 tum
3333 3585 3556 3638 servus,
3587 3576 3713 3626 tum

2063 3655 2312 3711 amicus.
2364 3655 2552 3719 Quare
2581 3654 2629 3710 si
2661 3655 2796 3726 quis
2829 3654 3093 3726 seipsum
3125 3655 3335 3728 diligit,
3368 3657 3561 3732 diligit
3591 3661 3711 3715 Do-

2067 3745 2320 3809 minum,
2379 3748 2437 3798 et
2494 3743 2813 3799 conﬁtetur
2863 3744 3138 3811 salutem,
3191 3752 3259 3800 ut
3304 3763 3471 3803 suam
3526 3754 3718 3805 servet

2067 3838 2349 3893 animam.
2401 3837 2580 3907 Atqui
2627 3837 2676 3892 si
2716 3837 2805 3891 vel
2834 3855 2939 3909 pro
2971 3839 3238 3910 proximo
3264 3840 3541 3896 moriaris
3570 3859 3715 3913 pro-

2065 3935 2196 4000 pter
2255 3927 2628 3987 charitatem.
2689 3927 2993 3982 existimes
3025 3928 3393 3984 Servatorem
3445 3937 3717 3985 nostrum

2066 4033 2196 4072 esse
2217 4016 2622 4087 propinquum
2645 4016 2697 4088 (‹‹
2721 4017 2877 4072 Deus
2899 4037 2927 4066 ›ι
2958 4017 3119 4071 enim
3145 4040 3172 4066 «
3198 4019 3714 4089 appropinquans»

2065 4105 2258 4160 dictus
2277 4110 2366 4159 est
2386 4105 2434 4158 is
2455 4105 2558 4174 qui
2591 4111 2800 4173 servat,
2831 4105 2960 4176 ejus
2990 4112 3264 4176 respectu
3286 4108 3387 4176 qui
3411 4109 3714 4178 servatur),

2065 4200 2318 4250 mortem
2349 4193 2575 4265 eligens
2606 4199 2846 4265 propter
2875 4194 3075 4262 vitam,
3110 4200 3168 4249 et
3194 4201 3437 4266 propter
3463 4196 3717 4266 teipsum

2064 4285 2127 4349 ᾖ(
2153 4284 2372 4357 potius,
2407 4299 2586 4354 quam
2605 4289 2846 4354 propter
2876 4283 3045 4337 illum
3077 4284 3330 4352 patiens.
3355 4285 3424 4336 Et
3446 4283 3720 4354 nunquid

2066 4377 2384 4445 pr0pterea
2435 4371 2629 4427 dictus
2685 4377 2775 4426 est
2828 4370 3011 4425 frater
3056 4370 3084 4424 ?
3146 4370 3246 4441 qui
3303 4371 3526 4441 patitur
3580 4388 3721 4443 pro-

381 4541 537 4609 μμ).
571 4540 674 4592 582
701 4539 816 4596 ED.
848 4539 1142 4604 porum,
1174 4514 1410 4592 490.494
1439 4536 1566 4609 ED.
1588 4536 1816 4609 pilius.
1895 4534 2206 4609 (a)“Matth.
2264 4551 2318 4600 ν,
2379 4535 2464 4588 ιο.
2541 4531 2618 4603 (b)
2674 4532 2919 4600 Luc.v1,
2969 4535 3057 4586 22.
3136 4531 3206 4602 (ο)
3234 4533 3401 4588 Joan.
3439 4550 3476 4601 ι,
3508 4536 3562 4592 4.
3639 4533 3720 4606 (cl)

309 4606 511 4665 manu.
547 4627 623 4680 v1,
651 4611 740 4665 30.
814 4617 879 4677 ›χ‹
905 4610 1017 4664 ED.
1052 4610 1346 4677 POTTER,
1379 4607 1613 4662 ιρι-492
1643 4608 1754 4662 ΕΙ).
1788 4606 2016 4669 PARIS.

385 4770 496 4841 (21)
551 4769 846 4843 Μακάριοι,
901 4765 1110 4843 φησὶν,
1169 4767 1221 4820 οἱ
1279 4761 1663 4843 δεδιωγμένοι.
1706 4765 1810 4843 ὑπὸ
1864 4771 1966 4843 τῇς

311 4838 684 4910 δικαιοσύνης.
717 4838 874 4896 Ἠωο
914 4838 1096 4912 ’ροῐθε
1139 4844 1390 4909 vertere,
1428 4838 1472 4912 _«&
1507 4839 1689 4912 Beati,
1747 4839 1960 4909 inquit,

313 4915 414 4985 qui
439 4910 1251 4985 persecutionempatilmtur
1271 4929 1395 4985 ΡΓΨ
1415 4910 1758 4985 inﬁgam“
1783 4927 1961 4985 PPOP"

313 4982 405 5040 t'er
441 4982 782 5056 justitiam:
829 4982 973 5056 nam,
1019 4983 1144 5047 ὑπὸ,
1179 4999 1315 5038 cum
1333 4982 1621 5056 gignendi
1653 4997 1816 5048 casu,
1876 4983 1960 5056 sic

311 5054 471 5128 apud
494 5058 800 5112 Platonem
833 5062 893 5110 et
922 5055 1297 5128 Plutarchum
1329 5054 1796 5128 interpretantur
1820 5054 1960 5128 vul-

350 5124 446 5182 ata
504 5128 712 5197 lexica,
773 5143 968 5197 neque
1026 5127 1325 5190 videntur,
1385 5124 1500 5195 qui
1526 5124 1964 5181 transferebant

335 5200 647 5268 Evangelia,
668 5197 1040 5268 contrarium
1071 5197 1417 5253 asseruisse.
1447 5197 1710 5268 COLLBCT.

384 5263 504 5341 (22)
527 5271 595 5326 Οἱ
638 5263 919 5341 ’ἄνθρωποι
956 5288 1023 5341 μη
1049 5271 1184 5324 Luc.
1212 5285 1224 5322 :
1259 5268 1578 5341 Μισξήσξυσιν
1610 5266 1750 5337 ὑμᾶς
1782 5265 1833 5320 οἱ
1865 5263 1962 5341 div-

311 5333 548 5411 Θρωποι,
579 5341 668 5395 καὶ
703 5333 828 5392 ὅταν
861 5333 1212 5416 ἀφορίσωσιν,
1243 5339 1332 5392 καὶ
1368 5333 1483 5395 ὲκὸ.
1517 5342 1586 5394 Et
1634 5333 1788 5406 mox,
1845 5340 1961 5394 Τοῦ

314 5415 444 5466 Υἱοῦ
471 5417 569 5466 τοῦ
600 5413 911 5487 ἀνθρώπους

386 5488 494 5555 (23)
560 5487 642 5557 T6
703 5480 803 5556 ’μὲν
883 5480 1057 5554 ὄνομα
1143 5482 1683 5557 ὑπογεγραμμένους.
1763 5483 1962 5557 Scribe

386 5503 494 5555 (2.3)
570 5503 628 5539 ιο
709 5505 803 5556 μεν
883 5503 1057 5554 ονομα
1143 5503 1683 5606 υπογειῖραμμενους.
1763 5503 1962 5538 δοτιυθ

311 5555 802 5630 ἐπιγεραμμένους.
862 5558 1138 5630 HEtNSIUS.
1201 5587 1264 5596 --
1371 5554 1963 5630 el_61toxaxpty.évou<,

314 5627 456 5700 quia
482 5631 786 5701 praecessit
813 5631 920 5681 τῶν
951 5627 1256 5702 ὑποκριτῶν
1288 5627 1532 5684 mentio.

2317 4758 2610 4837 Ὁμολογεῖ
2666 4760 2766 4828 τήν
2799 4759 3132 4837 Ᾱσωτηρίαν.
3193 4761 3391 4837 Scribe
3450 4759 3725 4837 ὁμολογεῖ

2074 4831 2278 4908 sua,»
2313 4831 2638 4904 σωτηρίαν,‹‹
2672 4831 2990 4908 confitetur
3018 4833 3091 4908 ad
3123 4832 3429 4908 salutem.»
3463 4831 3725 4908 Respicit

2073 4901 2255 4978 enim;
2284 4901 2553 4978 Romf‘x,
2591 4908 2654 4959 10
2681 4921 2720 4978 :h
2749 4901 2957 4978 Καρδίᾳ
2997 4905 3096 4978 γὰρ
3145 4903 3461 4978 πιστεύεται
3511 4901 3598 4968 εἶς’
3637 4904 3722 4962 δι-

2069 4975 2386 5050 καιοσύνην,
2419 4972 2738 5050 στόμανινδὶ
2764 4972 3116 5050 ὁμολογεῖται
3136 4973 3223 5050 Δεἲς
3255 4977 3550 5050 σωτηρίαν,

2143 5052 2253 5121 (25)
2309 5046 2814 5140 ⁸Ὑπεραποθάνςκιςζ
2901 5046 3045 5135 Nam
3127 5046 3437 5140 61:69.10}?
3520 5049 3722 5140 ἀγαθοῦ

2068 5116 2247 5194 τάσχα
2275 5119 2358 5179 τὶς
2389 5116 2478 5172 καὶ
2507 5116 2692 5191 τολμᾷ
2715 5116 2722 5120 ’
2748 5119 3061 5192 ἀποθανεῖν,
3121 5127 3186 5176 ut
3233 5116 3325 5176 ait
3380 5116 3721 5195 Apostolus,

2072 5197 2238 5250 Rom.
2273 5209 2329 5250 x.
2361 5195 2413 5245 7.

2442 5260 2542 5336 γάρ
2596 5258 2838 5336 ἐγγίζων.
2883 5265 3143 5336 Respicit
3173 5266 3339 5336 Deut.
3362 5282 3443 5336 iv,
3479 5269 3509 5318 7
3531 5281 3562 5336 :_
3596 5262 3721 5318 ’Ότι

2071 5331 2435 5428 ποῖον”ἔθνοςι
2448 5331 2607 5406 μέγα,
2735 5333 2888 5428 ἐστιν2
2917 5331 3064 5407 αύτῷ
3095 5335 3222 5396 Θεὸς
3255 5333 3478 5428 ἐγγίζωγ
3506 5333 3717 5428 αύτὶοῖς,

2080 5427 2083 5428 ,
2184 5411 2379 5428 l7,-.--
2473 5405 2598 5428 11-1-
2652 5410 2767 5428 νην·
3003 5411 3025 5428 Ψ
3180 5408 3247 5428 κν,
3323 5409 3333 5423 ‘
3412 5427 3415 5428 ,
3478 5407 3521 5428 ,1
3626 5426 3673 5428 __

2073 5406 2145 5468 ὡς
2179 5403 2380 5476 Κύριος
2412 5403 2599 5466 δΘεὸς
2649 5407 2810 5475 ἡμῶν
2869 5403 2922 5459 ἐν
2953 5403 3134 5471 πᾶσιν,
3170 5408 3252 5466 οἷς
3284 5403 3372 5461 ἒάν
3403 5405 3558 5459 αὐτὸν
3593 5404 3715 5476 ἐπι-

2073 5475 2448 5552 κ-αλεσώμεθα·
2483 5477 2591 5552 _ve1
2619 5480 3122 5552 Jerem._xxm,_23
3150 5479 3323 5552 {956:
3356 5476 3574 5550 ἐγγίζων
3609 5475 3714 5552 ἐγώ

2103 5549 2116 5569 9
2286 5548 2303 5580 ι
2480 5548 2492 5564 I
2749 5549 2760 5565 ι
2837 5548 2849 5568 7
2908 5549 2920 5566 ι
2973 5555 2978 5559 -
3031 5549 3042 5565 ε
3167 5549 3177 5564 ι
3229 5548 3246 5575 3
3340 5568 3358 5578 ,
3395 5547 3403 5549 '

2073 5571 2212 5622 ειμι,
2247 5551 2389 5622 λεγει
2426 5552 2641 5622 Κύριος,
2674 5570 2762 5603 και
2797 5568 2920 5623 ουχι
2955 5558 3082 5610 θεὸς
3110 5547 3412 5624 πορρωθεν.
