4066 6192
209 413 350 470 1257
1544 417 1877 474 ΒΤΕΟΜΔΤ

1990 421 1994 473 ἶ
2028 419 2163 476 LIB.
2207 421 2304 475 IV.
3483 419 3622 476 1258

207 539 371 611 οἷμον
404 537 481 599 εἰς
511 535 668 593 ἀῐδου
707 537 904 616 φέρειν·
941 563 969 591 ››
1019 537 1138 596 ὁδοὶ
1193 537 1252 595 δὲ
1299 538 1530 608 πολλαὶ,
1575 541 1667 595 καὶ
1720 538 1860 594 άπά-

203 647 397 700 γουσαι
459 628 716 700 ἁμαρτίαι
752 671 764 684 .
819 627 1197 691 Πολυπλανεῖς
1251 628 1518 699 τούτους,
1567 630 1641 692 ὡς
1702 627 1870 704 ἔοικε,

205 714 334 778 τοὺς
365 716 630 780 ἀπίστους
657 715 1038 790 διακωμῳδῶν
1073 719 1495 796 Ἀριστοφάνης·
1531 744 1558 770 ‹‹
1584 725 1801 794 νΑγετε,
1841 744 1870 771 ››

211 805 400 882 φησὶν,
439 825 461 854 ι
495 803 682 878 ἄνδρες
711 810 820 877 (33)
851 802 1205 880 ἀμαυρόϐιοι,
1239 806 1463 884 φύλλων
1511 813 1667 883 γενεᾷ
1695 829 1869 883 προσ·

211 893 438 968 ὅμοιοι,
500 893 904 971 ὀλιγοδρανέες,
963 897 1263 970 πλάσματα
1317 901 1492 970 κηροῦ
1528 940 1541 965 ,
1605 895 1872 952 σκιοειδέα

212 981 364 1058 φῦλ’,
416 981 704 1056 ἀμεντλνοὶ,
765 985 1022 1054 ἀπτῆνες,
1075 984 1390 1063 ἐφημέριοι.
1429 1009 1456 1036 ››
1510 984 1609 1039 Καὶ
1660 986 1687 1039 ὁ
1721 984 1868 1040 Ἐπίο

214 1090 437 1146 χαρμος
469 1075 604 1145 (34)·
638 1096 667 1124 ‹‹
701 1071 848 1129 Αῦτα
879 1074 1036 1151 φύσις
1065 1074 1388 1147 ἀνθρώπων,
1421 1075 1575 1128 ἀσκοὶ
1607 1094 1872 1152 πεφευση-

221 1161 397 1233 μένοι.
428 1185 449 1210 ι
477 1161 642 1232 Ἦμϊν
673 1157 730 1215 δὶ
761 1163 790 1216 ὁ
821 1163 1019 1237 Σωτῆρ
1051 1161 1290 1238 εἴρηκεν·
1327 1187 1355 1213 ‹‹
1387 1163 1458 1217 Τὸ
1487 1167 1702 1235 πνεῦμα
1733 1165 1871 1236 (35),

219 1249 526 1322 πρόθυμον·
557 1251 592 1318 ἡ
627 1246 684 1304 δὲ
715 1251 865 1324 σάρξ,
899 1251 1149 1319 ἀσθενὴς·
1185 1274 1214 1302 ››
1264 1247 1403 1305 διότι
1460 1275 1488 1302 (ι
1518 1250 1582 1305 τὸ
1613 1253 1872 1328 φρόνημα

212 1344 316 1406 τῆς
341 1338 540 1413 σαρκὸς
571 1332 742 1413 ἔχθρα
774 1339 850 1402 εἰς
883 1341 1032 1410 Θεὸν,
1066 1365 1094 1392 »
1141 1341 1170 1395 ὁ
1199 1339 1542 1403 Ἀπόστολος
1575 1339 1869 1414 ἐξηγεῖται·

213 1450 242 1478 «
269 1431 353 1481 τῶ
380 1427 480 1502 γὰρ
510 1428 668 1500 νόμῳ
696 1433 794 1483 τοῦ
852 1433 988 1485 Θεοῦ
1020 1430 1132 1506 οὐχ
1172 1428 1553 1486 ὑποτάσσεται·
1604 1427 1728 1486 οὐδὲ
1767 1430 1869 1506 γὰρ

213 1515 457 1571 δύναται·
494 1517 547 1572 οἱ
580 1515 637 1573 δὲ
668 1517 721 1572 ἐν
764 1518 920 1594 σαρκὶ
973 1515 1122 1581 ὄντες
1175 1525 1291 1592 Θεῷ
1345 1520 1529 1594 ἀρέσαι
1578 1519 1640 1575 ού
1685 1517 1871 1574 δύναν-

209 1627 325 1664 ται.
361 1631 383 1658 ι
423 1608 526 1664 Καὶ
569 1606 1088 1686 ἐπεκδιηγούμενος,
1143 1609 1410 1688 ἐπιφέρει,
1461 1611 1612 1665 «ἳνα
1662 1612 1763 1684 μὴ,
1795 1611 1869 1673 ὡς

211 1696 502 1770 Μαρκίων,
534 1696 849 1772 ἀχαρίστως
898 1696 1178 1770 ἐκδέξηταί
1220 1720 1305 1763 τις
1358 1700 1458 1768 τήν
1507 1697 1868 1774 δημιουργίαν

211 1786 410 1855 κακήν.
444 1785 506 1840 Ei
554 1784 611 1840 δὲ
665 1787 900 1860 Χριστὸς
955 1787 1006 1842 ἐν
1045 1788 1199 1860 ὑμῖν,
1228 1789 1292 1843 τὸ
1336 1789 1431 1861 μὶν
1478 1792 1638 1861 σῶμα
1686 1789 1874 1863 νεκρὸν

215 1870 288 1927 δι’
347 1874 635 1948 ἁμαρτίαν,
667 1877 730 1930 τὸ
759 1873 816 1930 δὲ
845 1881 1058 1950 πνεῦμα
1117 1878 1229 1946 ζωὴ
1291 1875 1381 1931 διά
1433 1874 1808 1945 δικαιοσύνην.
1838 1897 1864 1928 ο

215 1961 391 2019 Πάλιν
447 1985 506 2020 τε
559 1963 644 2020 αὗ·
701 1990 729 2016 ‹‹
764 1965 830 2020 Εἴ
859 1949 1150 2042 γάρκατὰ
1205 1967 1376 2039 σάρκα
1433 1973 1576 2036 ζῆτε,
1642 1949 1950 2038 μέλλετεΒ

216 2054 602 2123 ἀποθνήσκειν·
635 2053 934 2130 λογίζομαι
965 2057 1092 2130 γὰρ,
1125 2057 1207 2110 δτι
1241 2055 1339 2110 οὐκ
1397 2054 1516 2126 ἄξια
1571 2056 1639 2110 τὰ
1689 2057 1867 2125 παθή-

209 2158 364 2215 ματα
385 2149 483 2198 τοῦ
511 2148 601 2197 νῦν
633 2148 850 2219 καιροῦ,
882 2146 1020 2219 πρὸς
1049 2147 1150 2214 τὴν
1184 2144 1490 2217 μέλλουσαν
1539 2143 1693 2214 δόξαν
1728 2145 1870 2199 ἀπο-

211 2232 558 2311 καλυφθῆναι
617 2233 692 2296 είς
741 2236 913 2306 ἡμᾶς·
971 2223 1134 2310 εἷ’περε
1177 2234 1596 2309 συμπάσχομεν,
1632 2231 1724 2288 ’ίνα
1777 2232 1866 2288 καὶ

214 2319 690 2395 συνδοξασθῶμεν,
723 2323 799 2386 ὡς
829 2320 1276 2399 συγκληρονόμοι
1319 2325 1554 2399 Χριστοῦ
1583 2327 1710 2396 (36).
1763 2321 1868 2377 Οὕ-

215 2409 384 2484 δαμεν
419 2407 496 2477 δέ,
529 2412 614 2466 ὅτι
642 2417 764 2474 τοῖς
805 2411 1052 2486 ἀγαπῶσι
1083 2411 1176 2466 τὸν
1228 2413 1356 2467 Θεὸν
1405 2412 1581 2466 πάντα
1626 2415 1870 2488 συνεργεῖ

217 2499 295 2561 εἰς
325 2500 389 2554 τὸ
419 2499 617 2574 ἀγαθὸν
650 2501 782 2574 (37),
810 2506 926 2564 τοῖς
970 2502 1109 2556 κατὰ
1154 2500 1408 2576 πρόθεσιν
1453 2499 1684 2572 κλητοῖς
1725 2501 1866 2556 οὖσι·

215 2590 300 2644 δτι
334 2587 427 2651 οὖς
458 2588 731 2665 προέλνω,
760 2590 850 2644 καὶ
894 2591 1199 2666 προώρισεν
1250 2590 1607 2668 συμμόρφους
1655 2597 1754 2660 τῆς
1790 2588 1870 2644 εί-

215 2679 384 2740 κόνος
414 2683 512 2733 τοῦ
542 2679 669 2733 Υἱοῦ
694 2677 880 2747 αὐτοῦ,
915 2677 991 2740 είς
1021 2679 1082 2734 τὸ
1131 2681 1267 2734 εἶναι
1319 2678 1477 2733 αὐτὸν
1522 2679 1870 2752 πρωτότοκον

217 2765 271 2822 ἐν
301 2766 540 2831 πολλοῖς
569 2765 848 2844 ἀδελφοῖς·
892 2767 984 2830 οὕς
1041 2767 1098 2822 δὲ
1145 2769 1476 2843 προώρισεν,
1505 2766 1737 2829 τούτους
1780 2767 1870 2821 καὶ

218 2855 493 2911 ἐκάλεσεν·
537 2855 629 2920 οὕς
679 2853 734 2910 δὲ
786 2855 1060 2926 ἐκάλεσεν,
1118 2856 1344 2918 τούτους
1398 2855 1486 2911 καὶ
1536 2853 1869 2910 ἐδικαίωσεν·

221 2943 321 3007 οὕς
351 2942 410 2999 δὲ
440 2943 747 3015 ἐδικαίωσε,
777 2945 1007 3008 τούτους
1037 2946 1125 3000 καὶ
1157 2943 1423 3018 ἐδόξασεν.
1451 2946 1606 3019 Ὁρᾷς
1636 2943 1704 2998 δι’
1736 2944 1873 3018 ἀγά-

217 3055 332 3104 πην
389 3030 781 3108 διδασκομένην
836 3036 1157 3110 μαρτυρίαν.
1191 3032 1294 3088 Κᾶν
1351 3031 1420 3088 δι’
1452 3027 1690 3106 ἀμοιϐὴν
1742 3033 1870 3108 ἀγα-

225 3127 333 3186 θῶν
365 3120 632 3197 ἐθελήσῃς
684 3130 1050 3198 μαρτυρῆσαι,
1099 3123 1303 3196 ἀκούσῃ
1355 3120 1542 3177 πάλιν·
1597 3146 1625 3174 α
1655 3125 1736 3194 Τῇ
1768 3121 1871 3196 γὰρ

221 3209 409 3268 ἐλπίδι
444 3211 748 3284 ἐσώθημεν,
779 3209 937 3274 ἐλπὶς
971 3209 1029 3266 δὲ
1055 3210 1370 3286 βλεπομένη
1396 3209 1496 3265 οὐκ
1524 3205 1665 3264 ἔστιν
1694 3209 1868 3270 ἐλπίς·

1974 543 2219 613 scelera,
2251 544 2470 602 deinde
2499 545 2859 610 moriuntur,
2893 545 2941 600 si
2968 562 3088 601 non
3120 549 3279 601 esset
3298 546 3498 601 anima
3520 548 3627 612 im,

1976 634 2266 701 mortalis,
2301 652 2460 690 mors
2491 641 2646 690 esset
2675 635 2928 691 lucrum.
2969 657 2998 686 »
3030 637 3100 689 Et
3137 635 3302 690 Plato
3354 636 3414 690 in
3464 637 3624 692 Phoc-

1977 725 2154 778 done:
2190 746 2217 773 «
2252 724 2309 778 Si
2341 730 2499 779 esset
2529 725 2689 780 enim
2721 742 2879 779 mors
2911 723 3112 780 totalis
3143 725 3475 793 dissolutio,
3515 749 3535 778 ι
3574 731 3632 780 et

1977 830 2108 883 quae
2142 813 2423 884 deinceps
2446 820 2796 884 sequuntur.
2828 816 2954 868 Non
2980 819 3070 869 est
3091 831 3227 886 ergo
3252 815 3631 886 cogitandum

1979 919 2048 956 ex
2080 904 2376 957 sententia
2404 903 2644 974 Telephi
2675 903 2832 976 apud
2855 904 3218 976 zEschylum,
3243 927 3270 952 ‹‹
3298 903 3629 975 simplicem

1978 991 2130 1046 viam
2160 993 2314 1047 ferre
2343 992 2416 1046 ad
2450 993 2710 1059 inferos;
2741 1012 2767 1044 1
2802 998 2941 1047 sunt
2970 994 3129 1047 enim
3178 994 3283 1048 via:
3315 993 3536 1062 multa),
3573 998 3629 1047 et

1978 1081 2186 1147 multa,
2211 1090 2274 1154 ›ι‹
2303 1098 2434 1152 quin
2461 1081 2782 1146 abducunt,
2811 1087 3070 1153 peccata.
3096 1081 3473 1137 Errabundos
3495 1083 3625 1152 hos,

1977 1175 2044 1224 ut
2059 1175 2149 1224 est
2168 1170 2509 1240 verisimile,
2534 1171 2811 1227 infideles
2833 1173 3056 1227 comice
3080 1171 3395 1227 ludiﬁcans
3409 1171 3627 1225 Aristo-

1978 1259 2206 1330 phanes
2233 1277 2246 1314 :
2270 1282 2298 1310 «
2323 1260 2510 1332 Agite,
2530 1261 2743 1332 inquit,
2767 1260 3032 1316 obscuraa
3054 1261 3185 1315 vitae
3208 1261 3503 1327 homines,
3528 1277 3629 1330 ge-

1978 1350 2271 1404 nerationi
2288 1349 2566 1405 foliorum
2582 1350 2829 1417 similes,
2849 1349 3311 1417 imbecilli,ceraa
3325 1351 3626 1422 figmenta,

1978 1452 2166 1508 genus
2182 1437 2371 1494 instar
2390 1438 2637 1506 umbra},
2659 1438 2910 1505 evanidi,
2927 1437 3284 1505 involucres,
3299 1437 3477 1492 unius
3499 1442 3631 1491 tan-

1980 1530 2105 1580 tum
2132 1525 2248 1581 diei
2274 1527 2452 1582 vitam
2483 1527 2791 1582 habentes.
2817 1549 2843 1577 ››
2874 1528 2944 1580 Et
2964 1526 3352 1598 Epicharmus
3381 1542 3393 1578 :
3418 1545 3448 1577 «
3472 1526 3629 1592 Haec,

1979 1614 2194 1686 inquit,
2226 1615 2537 1670 hominum
2566 1617 2704 1680 vita,
2737 1619 2901 1670 utres
2931 1615 3142 1670 inflati.
3174 1638 3195 1666 ι
3226 1614 3402 1668 Nobis
3430 1619 3630 1668 autem

1978 1703 3208 1776 dixitServator:«Spirituspromptus,caro
3225 1704 3573 1772 inﬁrma(a);
3603 1723 3625 1749 ι

1979 1793 2261 1863 quoniam
2293 1817 2320 1843 ‹‹
2349 1794 2665 1865 prudentia
2697 1794 2894 1849 carnis
2925 1799 3015 1848 est
3044 1793 3162 1848 Deo
3197 1791 3459 1855 inimica,
3505 1812 3533 1838 »
3566 1791 3631 1844 ut

1980 1881 2222 1950 exponit
2250 1882 2571 1952 Apostolus
2595 1902 2609 1947 ;
2640 1904 2667 1932 «
2701 1881 2812 1953 legi
2838 1882 2996 1935 enim
3019 1881 3120 1935 Dei
3146 1897 3265 1934 non
3291 1878 3626 1950 subjicitur,

1981 1985 2174 2039 neque
2207 1971 2366 2025 enim
2395 1976 2610 2041 potest.
2644 1970 2750 2035 Qui
2783 1977 2982 2025 autem
3015 1970 3074 2024 in
3107 1985 3281 2023 carne
3316 1973 3473 2035 sunt,
3508 1968 3624 2020 Deo

1979 2058 2213 2128 placere
2239 2076 2357 2114 non
2390 2065 2658 2130 possunt.
2696 2082 2722 2108 »
2772 2061 2840 2113 Et
2889 2058 2947 2113 id
2994 2057 3250 2129 amplius
3299 2056 3623 2127 explicans,

1981 2147 2304 2219 subjungit,
2338 2165 2411 2204 ne
2445 2149 2575 2219 quis
2607 2149 2835 2221 ingrato
2867 2148 3089 2214 animo,
3124 2152 3188 2201 ut
3218 2146 3496 2213 Marcion,
3531 2145 3625 2197 in-

1977 2236 2130 2290 ferat
2158 2237 2374 2292 malam
2403 2254 2530 2292 esse
2563 2244 2896 2293 creaturam
2924 2254 2935 2290 :
2974 2260 2994 2284 σ
3031 2237 3087 2290 Si
3119 2242 3320 2290 autem
3360 2233 3627 2288 Christus

1981 2329 2071 2380 est
2100 2326 2160 2379 in
2193 2325 2382 2390 vobis,
2417 2343 2633 2397 corpus
2665 2326 2906 2397 quidem
2937 2329 3237 2379 mortuum
3269 2328 3359 2378 est
3388 2327 3630 2394 propter

1980 2419 2311 2485 peccatum,
2343 2415 2586 2486 spiritus
2613 2421 2810 2470 autem
2832 2413 2971 2468 vivit
2999 2411 3570 2485 prOpterjustitiam.
3602 2431 3630 2459 »

1980 2504 2051 2557 Et
2080 2521 2325 2558 rursus:
2365 2525 2392 2552 ‹‹
2425 2503 2480 2558 Si
2517 2527 2544 2553 ››
2578 2503 2735 2558 enim
2769 2526 2797 2552 ‹‹
2841 2502 3168 2558 secundum
3197 2517 3439 2556 carnem
3488 2499 3632 2552 vivi-

1982 2592 2080 2661 tis,
2115 2593 2257 2647 estis
2289 2593 2582 2648 morituri.
2614 2591 2959 2660 Considero,
2985 2591 3142 2645 enim
3167 2590 3324 2660 quod
3349 2605 3468 2642 non
3491 2591 3631 2642 sunt

1982 2680 2291 2754 condignae
2321 2682 2630 2752 passiones
2660 2681 2840 2752 hujus
2868 2678 3074 2733 mundi
3098 2677 3171 2732 ad
3197 2677 3467 2750 gloriam,
3495 2691 3628 2745 quae

1982 2770 2297 2825 revelanda
2329 2776 2418 2825 est
2447 2770 2507 2823 in
2540 2769 2751 2835 nobis;
2787 2767 3082 2837 siquidem
3119 2765 3531 2836 compatimur,
3565 2765 3630 2817 ut

1983 2857 2520 2929 congloriﬁcemur,
2553 2863 2618 2910 ut
2642 2855 2980 2910 cohmredes
3002 2853 3238 2908 Christi.
3267 2853 3494 2906 Scimus
3523 2868 3626 2906 au-

1983 2951 2124 3013 tem,
2161 2945 2318 3016 quod
2335 2945 2716 3017 diligentibus
2736 2945 2920 2999 Deum
2944 2943 3144 2998 omnia
3160 2948 3550 3012 cooperantur
3569 2942 3628 2995 in

1983 3035 2205 3090 bonum
2238 3035 2330 3102 iis,
2365 3036 2463 3106 qui
2496 3035 2680 3089 vocati
2714 3039 2852 3088 sunt
2881 3031 3208 3088 secundum
3237 3031 3624 3102 propositum.

1983 3125 2274 3190 Quoniam
2306 3141 2456 3196 quos
2481 3124 2791 3196 prmscivit,
2820 3139 2920 3178 eos
2943 3128 3002 3176 et
3032 3119 3470 3193 praedestinavit
3489 3136 3629 3174 con-

1981 3216 2205 3271 formes
2237 3215 2483 3288 imagini
2514 3215 2647 3270 Eilii
2681 3215 2830 3286 ejus,
2866 3219 2933 3268 ut
2955 3212 3176 3284 sitipse
3203 3211 3632 3283 primogenitus

223 3301 254 3356 ’ὁ
279 3301 382 3376 γὰρ
422 3299 612 3374 βλέπει
643 3321 752 3372 τις,
781 3299 835 3355 τί
865 3300 955 3356 καὶ
986 3299 1196 3370 ἐλπίζει
1230 3321 1244 3369 ;
1277 3325 1306 3354 ››
1340 3300 1402 3358 Εἰ
1425 3297 1483 3355 δὲ
1512 3301 1540 3355 ’ὁ
1572 3299 1633 3355 ού
1670 3297 1870 3360 Βλέπο-

1990 3304 2049 3358 in
2089 3304 2296 3361 multis
2319 3303 2619 3360 fratribus.
2643 3305 2798 3368 Quos
2819 3307 3016 3357 autem
3041 3300 3499 3372 przedestinavit,
3529 3315 3630 3353 eos

228 3412 350 3466 μεν,
383 3390 704 3464 ἐλπίζόμεν,
731 3389 802 3445 δι’
823 3391 1110 3465 ὑπομονῆς
1133 3389 1569 3467 ἀπεκδεχόμεθα·
1604 3414 1631 3441 ‹‹
1658 3387 1877 3446 Ἀλλέἷ

219 3479 312 3535 καὶ
336 3479 621 3555 πάσχομεν
643 3482 755 3554 (38)
781 3478 870 3535 διὰ
891 3478 1258 3551 δικαιοσύνην,
1287 3482 1569 3556 μάκάριοι,
1594 3503 1621 3531 ››
1670 3478 1832 3555 φησὶν
1853 3480 1881 3533 ὁ

220 3570 453 3645 Πέτρος·
473 3592 501 3620 α
527 3569 635 3626 Τὸν
661 3566 718 3624 δέ
743 3564 914 3646 φόϐον
936 3569 1114 3624 αὐτῶν
1133 3570 1209 3642 μῆ
1230 3563 1531 3646 φοϐηθῆτε,
1559 3564 1698 3642 μηδὲ
1718 3588 1886 3641 ταρα-

1991 3398 2051 3448 et
2080 3393 2324 3449 vocavit.
2358 3395 2514 3458 Quos
2545 3398 2744 3448 autem
2773 3391 3015 3458 vocavit,
3050 3406 3152 3444 eos
3182 3396 3240 3444 et
3268 3387 3637 3460 justiﬁcavit.

1995 3483 2152 3547 Quos
2178 3487 2374 3538 autem
2400 3481 2769 3554 justificavit,
2794 3497 2894 3536 eos
2913 3485 2972 3534 et
2991 3477 3342 3552 gloriﬁcavit
3362 3478 3452 3545 (ὸ).
3491 3498 3519 3525 ››
3545 3476 3639 3529 Vi-

1995 3570 2099 3626 des
2133 3587 2241 3643 per
2271 3571 2649 3627 dilectionem
2672 3569 2868 3625 doceri
2889 3567 3260 3640 martyrium.
3283 3564 3450 3631 Quod
3473 3565 3521 3620 si
3545 3582 3642 3618 ve-

295 3695 360 3758 .x.
380 3689 442 3741 p.
479 3688 584 3741 584
611 3688 721 3743 an.
755 3689 1049 3743 POTTER.
1082 3687 1212 3756 492,
1240 3690 1344 3744 493
1371 3688 1486 3743 ED.
1525 3687 1754 3742 PARIS.
1787 3685 1866 3758 (a)

1990 3687 2096 3741 tth.
2129 3705 2283 3755 xxvr,
2315 3690 2405 3742 41.
2454 3689 2528 3757 (b)
2562 3689 2728 3744 ltom.
2752 3689 2870 3754 vui,
2903 3689 2956 3753 7,
2987 3685 3041 3752 8,
3077 3685 3162 3750 10,
3197 3684 3282 3750 13,
3318 3685 3406 3752 17,
3440 3682 3524 3751 18,
3547 3683 3636 3748 28,

222 3762 318 3827 29,
351 3761 440 3813 30.

229 3879 363 3966 s39.-
393 3877 450 3966 εἰν
478 3875 877 3966 ἓξὲξ-(αλθέίι
913 3875 1203 3966 δνιδυεεςν
1235 3893 1292 3964 Ρο
1336 3876 1409 3960 :73
1459 3873 1599 3966 ςςίι-
1626 3875 1878 3966 ,οιίξηςτ

231 3941 361 4002 Ἐπὶ
389 3943 447 3998 δὲ
475 3941 592 4005 τοῖς
619 3946 738 3998 καθ’
764 3941 990 4000 ἕκαστον
1022 3945 1110 4000 καὶ
1128 3941 1258 4001 νάπό
1295 3949 1406 3999 τῶν
1460 3943 1693 4012 ἡλικιῶν
1739 3941 1877 3998 πολ-

229 4015 336 4106 λάς
394 4016 648 4103 ἀφονρμάς
701 4017 915 4106 παρέξει
976 4019 1004 4072 ὁ
1054 4015 1352 4106 λόγοςἐἰς
1408 4015 1801 4106 παραμυθίαν,
1834 4012 1884 4068 εἴ

236 4091 333 4180 μέν
366 4087 457 4180 τις
484 4087 634 4180 ἄφνω
663 4087 1435 4180 τελευττδςοειεῆκαῖἀλύτξὶως,ν
1464 4087 1880 4180 ίξτιῖμαδξαρίως

230 4155 383 4231 αὗτῷ
422 4160 465 4246 ξι
497 4155 722 4228 τελευτὴ
778 4155 1203 4236 συνηνέχθη.....
1252 4159 1350 4214 κᾶν
1476 4160 1528 4214 ἐν
1577 4155 1881 4230 ἀποδημίᾳ,

233 4233 316 4320 ὅτι
349 4229 503 4320 es?»
525 4228 975 4320 ENV/ﬂexahpid
1015 4233 1118 4320 γὰρ
1165 4233 1255 4287 καὶ
1286 4232 1488 4320 ἡταυτή
1540 4231 1721 4320 σῖμος,
1749 4231 1886 4284 κατᾶ

230 4306 327 4381 τὸν
358 4301 682 4381 Αίσχύλον,
703 4301 1228 4381 εἰς’ᾆδὸυ-φέρουσα.
1263 4305 1404 4381 «_In_
1433 4301 1701 4381 oratiOne
1749 4320 1884 4381 vero

279 4376 587 4448 rivata,’ex
618 4380 788 4431 astate
819 4376 1078 4448 amplam
1119 4376 1544 4448 consolationis
1576 4376 1886 4448 materiam

279 4395 484 4441 rivaia,
518 4395 587 4430 ex
618 4395 788 4431 mare
819 4395 1078 4448 amplam
1119 4395 1544 4432 consonauonis
1576 4395 1885 4430 malerlam

233 4395 628 4520 Eabebimus:
664 4448 711 4502 si
745 4454 988 4520 repente
1021 4449 1347 4503 exstinctus
1378 4452 1437 4502 et
1486 4447 1615 4520 sine
1657 4446 1885 4520 dolore,

239 4518 400 4592 quod
442 4517 691 4592 felicem!
723 4517 971 4592 exitum,
999 4525 1418 4575 consecutus...
1453 4519 1501 4572 si
1532 4519 1595 4572 in
1627 4517 1888 4592 peregri-

238 4587 508 4658 natione,
541 4590 697 4660 quod
725 4591 852 4645 nihi
886 4591 1086 4657 refert,
1117 4608 1251 4646 cum
1291 4613 1319 4639 «
1352 4607 1472 4644 una
1503 4612 1529 4638 »
1582 4587 1644 4644 et
1678 4587 1887 4645 eadem

238 4685 267 4712 «
299 4663 413 4735 via,
450 4683 478 4710 ››
510 4668 576 4715 ut
605 4661 686 4716 ait
713 4663 1044 4735 Eschylus,
1075 4685 1105 4735 ε‹
1138 4661 1463 4735 adiuferos
1494 4661 1690 4735 ducat.
1729 4683 1750 4709 ι

453 4728 944 4812 κ”ᾹγετεηφῙισ-ὶξν,
1003 4731 1120 4812 ἄγδ.
1183 4734 1275 4788 Sic
1321 4733 1501 4812 _Flor.A
1544 4733 1752 4812 ᾏγετς,
1787 4728 1886 4812 φύ-

237 4798 348 4879 σιν,
376 4798 498 4879 Δὀίνδ.
533 4798 1150 4879 mavult'Sylburgius,
1182 4803 1342 4879 quod
1373 4809 1431 4859 et
1473 4798 1891 4879 Aristophanis

239 4875 509 4950 editione
539 4876 793 4950 vulgata,
827 4874 887 4933 et
916 4874 1044 4950 ipso
1067 4874 1238 4950 metri
1270 4892 1518 4950 numero
1551 4874 1891 4950 confirmari

241 4948 412 5003 dicit.
446 4949 626 5002 Porro
650 4947 718 5002 hi
751 4947 957 5004 versus
987 4950 1047 5004 in
1079 4948 1752 5019 AristOphanisiAvibus
1783 4947 1896 5001 hoc

241 5019 426 5075 modo
459 5024 714 5088 exstant,
748 5038 804 5092 p.
841 5023 942 5076 573
975 5020 1115 5076 edit.
1148 5018 1348 5076 Aurel.
1376 5018 1675 5091 Allobrog.
1709 5035 1727 5073 :

239 5111 377 5184 Ἄγε
433 5104 498 5177 δὴ
561 5108 758 5186 φύσιν,
818 5106 1005 5185 ἄνδρες
1054 5103 1431 5186 ἀμαυρόϐιοιλ
1470 5104 1695 5186 φύλλων
1742 5109 1900 5181 γενεᾷ

1413 5177 1792 5254 [προσόμοιοι,

243 5248 663 5329 Ὀλιγοδρανέες
700 5297 714 5323 ,
773 5251 1070 5326 πλάσματα
1142 5251 1329 5323 πηλοῦ
1362 5295 1377 5322 ,
1415 5247 1427 5250 ⁷
1451 5247 1719 5329 σκιοειδέα
1749 5249 1901 5329 ⁸φῦλ’

1501 5323 1794 5397 [ἀμγενηνὼ

241 5397 556 5465 Ἃπτῆνες,
610 5395 934 5472 ἐφημέριοι,
993 5392 1189 5449 ταλαοὶ
1257 5394 1469 5470 βροτοὶ,
1502 5392 1707 5472 ίᾴνέρες
1767 5394 1903 5449 εἷκε-

1506 5466 1795 5540 [λόνέιροι.

248 5560 379 5627 Age
425 5559 549 5627 jam
595 5565 801 5612 natura
857 5559 966 5612 viri
1026 5556 1288 5626 languide
1345 5560 1600 5624 viventes,
1645 5558 1908 5626 foliorum

1202 5629 1214 5698 [
1226 5632 1574 5697 generationi
1603 5629 1804 5683 similes

249 5704 464 5770 ﬁlium
491 5699 753 5770 valentes,
781 5701 1142 5769 formatiOnes
1173 5700 1298 5768 luti,
1334 5699 1911 5842 umgrissimjlzsetrie‘

1453 5787 1516 5828 us
1545 5787 1677 5827 mva
1703 5788 1720 5825 ι
1827 5789 1830 5792 ’
1893 5787 1900 5793 ·

1453 5787 1516 5828 ιιδ
1545 5787 1830 5827 mvauaz‘
1893 5787 1900 5793 ’

545 5889 807 5951 Pusam.
851 5887 964 5950 Gn.
1006 5885 1168 5950 VIII.

1987 3875 2301 3947 Implumes,
2333 3877 2496 3930 unius
2526 3875 2639 3930 diei
2667 3872 3160 3947 vitam_habent_es,
3191 3871 3388 3947 miseri
3422 3873 3638 3947 morta-

2851 3945 2944 4012 les,
2976 3945 3085 3997 viri
3103 3944 3323 3997 somniis
3342 3939 3563 3995 similes.

2063 4052 2172 4123 (34)
2223 4050 2284 4105 Ὁ
2337 4048 2704 4123 Ἐπίχαρμος.
2765 4048 3166 4123 Theodoretus
3214 4042 3636 4123 Geganiumna',

1992 4113 2208 4194 p.177,
2242 4123 2314 4178 de
2345 4124 2420 4177 iis
2450 4113 2555 4194 (fui
2583 4113 2670 4175 nil
2723 4120 2992 4194 credunt,
3024 4113 3329 4194 uisiﬂquqd
3365 4113 3638 4194 sensibus

1994 4184 2218 4282 be’t‘ci'pi
2251 4184 2576 4282 pos,sit,:ait
2608 4210 2619 4247 :
2655 4191 2769 4282 Καὶι
2792 4191 2920 4252 ἴσως
2949 4195 3066 4275 τοῖς
3098 4184 3641 4282 οὕκτ-ωνὸιαέιειμένοις

1994 4249 2302 4338 ἀνθρώποῖς
2352 4249 2700 4339 Ἐπίχαρμος
2749 4263 2777 4316 ὁ
2820 4249 3065 4334 κωμικὸς
3110 4257 3202 4313 τὸν
3252 4249 3469 4328 ἴαμϐον⁷
3499 4252 3642 4306 ἐκεῖ·

1993 4358 2086 4392 νον
2126 4339 2503 4412 προσήρμοσε·

2072 4443 2239 4506 Φύσις
2266 4441 2582 4517 ἀνθρώπων,
2615 4437 2770 4493 ἀσκοὶ
2803 4434 3193 4513 πεφυσημένοι.

1998 4552 2266 4605 Fortasse
2298 4553 2497 4604 autem
2521 4544 2862 4617 hujusmodi
2893 4540 3236 4617 hominibus
3254 4539 3644 4610 Epicharmus

1920 4625 1965 4690 D
1997 4623 2260 4677 comicus
2292 4613 2617 4675 iambicuni
2646 4615 2793 4670 illud
2822 4613 3046 4686 aptavit
3073 4629 3086 4668 :

2071 4729 2367 4782 Hominum
2394 4731 2619 4792 natura,
2653 4729 2800 4777 utres
2836 4722 3040 4790 inﬂati.

2005 4836 2238 4892 Grotius
2265 4835 2377 4890 hoc
2407 4831 2582 4889 modo
2617 4847 2752 4887 eum
2804 4829 3010 4885 scribit
3058 4828 3120 4883 in
3151 4829 3409 4898 Excerpt.
3443 4843 3470 4881 e
3502 4832 3650 4895 trag.

2010 4915 2062 4964 et
2088 4925 2224 4964 com.
2259 4925 2316 4979 p.
2348 4909 2452 4961 479
2482 4923 2494 4961 :

2005 5004 2150 5064 Αῦτα
2224 5003 2506 5076 ἀνθρώπον
2591 4999 2747 5077 φύσις
2790 5017 2803 5031 ·
2893 4998 3045 5053 ἀσκοί
3103 5017 3164 5074 γε
3243 4995 3661 5138 εἶσὶ[πεφυση-

3402 5088 3576 5138 μενοι.

3443 5089 3576 5123 ενοι.

2009 5172 2139 5225 Hac
2196 5167 2475 5222 hominum
2525 5169 2735 5219 natura
2790 5167 2912 5218 est:
2984 5166 3133 5216 utres
3199 5089 3662 5302 suniﬂltzzggentes

3378 5249 3409 5285 a
3441 5249 3456 5283 ι
3505 5247 3588 5285 us.

3378 5247 3588 5285 anous.

2121 5339 2230 5410 (35)
2259 5335 2337 5392 Τὸ
2359 5357 2419 5393 π.
2454 5333 2817 5410 Concinnius
2840 5331 2905 5410 gs
2942 5329 3034 5410 μὲν
3069 5349 3158 5384 πν.
3193 5330 3466 5410 SYLBuliG.
3505 5399 3538 5410 ν

2086 5391 2611 5481 (θθγΕῖπερσυμ...
2656 5400 2910 5478 Χριστοῦ.
2942 5391 3146 5481 ’.Βοῐηᾲ
3184 5417 3300 5481 Vl",
3339 5399 3442 5480 l7;
3505 5391 3660 5481 Κλη-

2017 5468 2246 5557 ρονόμίοι
2281 5468 2380 5551 μὲν
2423 5468 2578 5544 Θεόῦ,
2622 5468 3068 5557 συγκληρονὸμοι
3103 5468 3157 5524 δὲ
3206 5471 3459 5543 Χριστοῦ·
3513 5468 3662 5536 εἴπερ

2019 5545 2444 5643 συμπάσχζομεν,
2469 5550 2562 5604 Ἕνα
2591 5549 2677 5604 καὶ
2702 5545 3176 5614 συνδοξασθῶμεν.
3483 5607 3492 5615 .

2095 5627 2193 5643 mm
2232 5627 2297 5643 η.
2401 5623 2414 5643 ι
2462 5623 2473 5638 η
2555 5621 2612 5643 n!
2721 5618 2814 5643 ην-
2866 5615 3056 5643 2.--_n.'..
3112 5611 3332 5643 ηιωηιιο
3387 5612 3492 5643 επιὴ

2090 5605 2668 5698 (377)-Ῠῐεῇίςιᾴτίάγαθόν.
2718 5618 2828 5698 βία
2862 5605 3070 5698 ἀγαθόν’
3110 5611 3362 5698 αἰὲς»ᾳὲθῖ
3385 5605 3662 5698 articulo,

2022 5674 2350 5761 mihi;
2373 5674 2665 5762 xui
2687 5689 2777 5751 οὓς
2812 5674 2964 5762 ἐκάλ.
2998 5700 3103 5758 pro
3133 5674 3316 5739 οὖς’δὲ
3345 5674 3500 5760 ἐκάλ.

2092 5770 2201 5840 (38)
2233 5765 2548 5840 Πάσχὸμεν.
2579 5763 2875 5836 Πάσχοιτε,
2908 5761 3066 5816 Petr.
3237 5775 3245 5783 ’
3599 5763 3604 5768 “

3317 5869 3397 5930 40

3939 154 3949 200 «T

3937 239 3953 322 λ.
