4066 6192
348 250 487 308 1271

1584 246 1995 305 amaris
2029 247 2529 305 ALEXANDBINI

3640 240 3780 300 1272

350 380 493 441 tem,
527 387 660 445 quas
691 370 883 428 excita
944 369 1020 426 ad
1063 367 1384 439 Christum,
1417 370 1571 426 sicut
1606 370 1887 439 virorum,
1918 370 2003 427 ita
2031 400 2045 438 λ

2155 369 2254 431 [ας.
2284 368 2473 436 Μεστή
2509 367 2601 441 μὲν
2660 363 2755 421 οὖν
2807 367 2952 422 πᾶσα
2979 366 3016 437 ἢ
3063 363 3362 436 Ἐκκλησία
3386 368 3505 423 τῶν
3545 360 3781 440 μελετη-

353 465 534 519 etiam
564 461 886 517 mulierum
946 460 1431 532 temperantiam.
1492 460 1656 515 Licet
1700 460 1776 526 ei,
1808 460 1911 530 qui
1937 476 2009 514 ex

356 569 521 608 more
555 556 760 605 nostro
791 550 969 604 vitam
1014 549 1297 615 instituit,
1330 550 1508 604 etiam
1539 549 1763 620 absque
1795 548 2013 604 litteris

358 639 789 714 philosophari,
817 655 919 693 seu
942 638 1018 693 sit
1038 637 1349 706 barbarus,
1370 655 1474 693 seu
1497 640 1754 705 Graecus,
1774 655 1878 693 seu
1898 654 2018 693 ser-

356 748 487 799 vus,
520 746 624 786 seu
656 746 858 795 senex,
893 744 997 783 seu
1027 727 1285 799 puellus,
1321 743 1425 782 seu
1452 727 1689 782 mulier.
1724 729 1825 783 Est
1854 726 2016 782 enim

358 818 760 890 temperantia
783 815 1119 871 communis
1135 814 1403 869 omnium
1422 813 1861 884 hominum,qui
1885 829 2017 868 eam

358 907 704 980 delegerint.
723 907 817 960 Est
838 909 1033 960 autem
1053 902 1208 975 apud
1229 919 1337 957 nos
1354 908 1517 957 extra
1535 902 2016 970 controversiam,

363 997 639 1053 eamdem
675 1000 951 1050 naturam
989 993 1051 1047 in
1091 1008 1450 1063 unoquoque
1488 1008 1723 1065 genere,
1749 991 2019 1047 eamdem

369 1087 549 1141 etiam
572 1084 791 1138 habere
813 1082 1108 1136 virtutem.
1150 1083 1278 1136 Non
1308 1080 1486 1136 aliam
1509 1096 1644 1152 ergo
1667 1080 1885 1135 habere
1915 1096 2019 1134 na-

376 1180 571 1230 turam
593 1173 826 1233 mulier,
854 1171 1013 1243 quod
1042 1171 1255 1225 attinet
1274 1170 1348 1226 ad
1370 1169 2021 1239 humanitatem,faliam

368 1281 506 1320 vero
539 1263 769 1317 videtur
789 1261 875 1314 vir
897 1260 1136 1323 habere,
1157 1260 1261 1314 sed
1289 1259 1559 1315 eamdem
1584 1274 1596 1314 :
1630 1274 1813 1329 quare
1844 1259 2024 1313 etiam

378 1355 674 1408 virtutem.
709 1349 873 1415 Quod
906 1350 953 1403 si
985 1350 1092 1403 viri
1122 1348 1326 1418 utique
1357 1348 1539 1401 virtus
1570 1352 1660 1400 est
1688 1353 2024 1419 temperan-

373 1442 476 1509 tia,
507 1447 565 1496 et
584 1440 840 1512 justitia,
876 1445 936 1494 et
962 1453 1334 1508 quacunque
1366 1437 1471 1493 has
1505 1436 1791 1507 consequi
1820 1436 2025 1491 existi-

373 1536 638 1597 mantur,
674 1535 797 1583 tum
832 1527 942 1582 soli
990 1526 1113 1580 viro
1167 1526 1444 1581 convenit
1473 1541 1604 1580 esse
1635 1524 1847 1579 virtute
1873 1541 2024 1595 prte-

380 1620 605 1685 ditum;
634 1616 874 1673 mulieri
903 1632 1059 1679 vero,
1095 1630 1224 1669 esse
1255 1614 1755 1685 intemperantem
1786 1617 1844 1667 et
1868 1613 2026 1684 inju-

2117 460 2325 515 σάντων
2359 458 2451 514 τὸν
2488 458 2735 533 ζώπυρον
2790 457 3019 520 θάνατον
3070 456 3150 512 εἷς
3209 457 3445 532 Χριστὸν
3479 458 3624 530 παρ’
3654 456 3777 511 ὅλον

2116 550 2209 605 τὸν
2268 548 2411 624 βίον,
2466 549 2704 622 καθάπερ
2762 544 2994 622 ἀνδρῶν,
3053 546 3197 601 οὕτω
3250 544 3309 602 δὲ
3354 546 3447 602 καὶ
3509 550 3786 621 γυναικῶν

2118 638 2415 713 σωφρόνων
2449 642 2581 706 (97).
2614 636 2821 708 Ἔξεστι
2876 633 2980 709 γάρ
3027 639 3108 707 τῷ
3155 636 3272 699 καθ’
3296 637 3446 707 ἡμᾶς
3480 632 3791 689 πολιτευο-

2126 725 2272 799 μὲνῳ
2328 724 2418 779 καὶ
2475 721 2600 778 ἄνευ
2653 722 2991 798 γραμμάτων
3053 721 3395 801 φιλοσοφεῖν,
3425 719 3532 777 κᾶν
3572 716 3791 798 βάρεα-

2123 833 2217 889 ρος
2247 816 2359 886 (98)
2390 811 2448 887 ᾔ,
2476 810 2571 867 κᾶν
2616 809 2853 882 “Elim,
2911 811 3006 866 κᾶν
3065 808 3287 877 δοῦλος,
3314 808 3416 867 κᾶν
3445 810 3665 886 γέρων,
3697 810 3792 865 κᾶν

2123 900 2367 972 παιδίον,
2396 901 2494 957 κᾶν
2519 903 2678 977 γυνή·
2730 901 2890 970 κοινὴ
2949 900 3051 975 γὰρ
3109 901 3361 956 ἁπάντων
3417 904 3537 955 τῶν
3573 901 3795 975 ἀνθρώ-

2124 1014 2266 1065 πων,
2295 995 2405 1047 τῶν
2470 1012 2534 1066 γε
2580 990 2879 1064 ἑλομένων,
2925 992 2961 1059 ἡ
3017 988 3365 1067 σωφροσύνη.
3400 988 3795 1062 Ὠμολόγηται

2127 1080 2174 1137 δ’
2220 1084 2355 1155 ἡμῖν
2414 1082 2511 1149 τήν
2571 1078 2738 1148 αὐτὴν
2797 1100 2953 1157 φυσιν
3002 1080 3139 1134 κατά
3193 1076 3351 1154 γένος
3397 1074 3666 1148 ἕκαστον,
3697 1079 3795 1148 τήν

2126 1172 2293 1242 αὐτὴν
2325 1171 2415 1228 καὶ
2448 1168 2627 1247 ἴσχειν
2655 1171 2871 1247 ἀρετήν.
2924 1168 3036 1226 Ούκ
3089 1168 3270 1240 ἄλλην
3304 1169 3488 1225 τοίνυν
3521 1170 3674 1245 πρὸς
3700 1171 3799 1239 τὴν

2127 1260 2526 1335 ἀνθρωπότητα
2553 1260 2712 1336 φύσιν
2747 1257 2864 1335 ἔχει
2886 1261 2997 1333 (99)
3019 1260 3052 1328 ἡ
3073 1259 3232 1333 γυνὴ,
3257 1257 3437 1329 ἄλλην
3482 1256 3550 1312 δὲ
3591 1260 3623 1312 ὁ
3659 1258 3795 1333 ἀνὴρ

2129 1351 2395 1427 φαίνεται,
2428 1346 2554 1404 ἀλλ’
2609 1347 2647 1417 ἢ
2698 1349 2799 1418 τὴν
2854 1346 3044 1417 αὐτήν
3104 1345 3242 1402 ὥστε
3287 1347 3379 1401 καὶ
3426 1349 3531 1416 τὴν
3565 1346 3796 1419 ἆρετήν,

2130 1440 2194 1500 Εἴ
2226 1438 2283 1495 δὲ
2313 1438 2504 1515 ἀνδρὸς
2537 1439 2700 1514 ἀρετὴ
2733 1436 3061 1515 σωφροσύνη
3105 1434 3399 1507 δήπουθεν,
3442 1437 3545 1492 καὶ
3578 1435 3799 1491 δικαιο-

2132 1531 2292 1597 σύνη,
2324 1527 2413 1582 καὶ
2458 1529 2578 1584 ὃσαι
2616 1524 2835 1588 ταύταις
2887 1523 3184 1589 ἀκόλουθοι
3236 1531 3595 1598 νομιζονται,
3641 1522 3795 1599 ἀνδρὶ

2138 1618 2289 1690 μόνῳ
2322 1614 2557 1688 ἰναρὲτῳ
2608 1614 2743 1670 εῖναι
2793 1615 3085 1688 προσήκει,
3142 1613 3353 1688 γυναικῖ
3404 1610 3464 1668 δὲ
3495 1611 3798 1685 ἀκολάστῳ

377 1714 551 1764 stam.
585 1706 763 1777 Atqui
794 1710 965 1777 turpe
994 1709 1084 1759 est
1111 1704 1222 1758 hoc
1241 1702 1331 1758 vel
1354 1702 1549 1758 dicere
1576 1719 1589 1756 :
1619 1701 2028 1773 temperantia)

2155 1706 2225 1761 ιαὶ
2257 1701 2449 1776 ἀδίκῳ.
2481 1702 2652 1760 Ἀλλὰ
2700 1702 2938 1778 ἀπρεπὶς
2984 1702 3145 1757 τοῦτο
3192 1703 3279 1756 καὶ
3329 1700 3541 1777 λὲγειν’
3577 1722 3797 1779 σωφρο-

382 1813 519 1868 ergo
552 1800 610 1849 et
631 1794 902 1866 justitim,
927 1798 986 1848 et
1005 1792 1236 1847 caeteris
1257 1790 1573 1846 virtutibus
1595 1790 1874 1846 similiter
1902 1790 2029 1861 qui-

383 1886 521 1941 dem
552 1884 743 1939 virum
771 1887 830 1938 et
859 1881 1198 1949 mulierem,
1229 1881 1487 1937 liberum
1518 1886 1579 1936 et
1605 1896 1860 1950 servum,
1892 1895 2030 1951 ope-

385 1990 517 2030 ram
539 1977 771 2045 oportet
790 1972 929 2027 dare
955 1992 970 2038 ;
999 1970 1482 2042 quandoquidem
1505 1969 1776 2043 ejusdem
1804 1968 2036 2024 virtutis

389 2079 637 2135 capaces
660 2065 964 2123 sunt,cum
987 2059 1254 2132 ejusdem
1275 2064 1502 2115 natura:
1525 2058 1661 2114 sint
1672 2056 2037 2129 Atqui,quod

391 2154 469 2209 sit
498 2150 741 2222 quidem
772 2150 980 2205 eadem
1012 2154 1225 2205 natura
1252 2148 1492 2204 femina)
1520 2164 1651 2220 qua:
1676 2148 1805 2216 viri,
1830 2152 2037 2219 quate-

386 2258 502 2296 nus
536 2245 626 2295 est
651 2239 896 2310 femina,
921 2256 1042 2295 non
1073 2239 1357 2306 dicimus;
1380 2239 1625 2294 omnino
1644 2238 1804 2294 enim
1834 2253 2041 2292 conve-

390 2331 483 2385 nit
511 2329 750 2399 utrique
775 2344 981 2382 eorum
1001 2333 1067 2382 ut
1091 2328 1291 2383 aliena
1311 2327 1468 2382 inter
1487 2344 1588 2383 eos
1610 2326 1945 2382 diﬂ'erentia
1964 2326 2042 2381 sit

388 2435 498 2490 per
526 2434 704 2489 quam
726 2433 912 2471 unum
936 2415 1179 2488 quidem
1198 2433 1400 2471 eorum
1423 2415 2040 2484 femineum,alterum

391 2524 529 2562 vero
557 2505 890 2561 masculum
948 2505 1199 2561 dicatur.
1262 2506 1503 2560 Uterum
1560 2521 1697 2577 ergo
1725 2508 1954 2575 gestare
1985 2507 2046 2558 et

393 2611 624 2667 parere,
668 2593 907 2649 feminas
939 2593 1148 2649 adesse
1197 2593 1473 2663 dicimus,
1516 2599 1810 2665 quatenus
1842 2599 1932 2649 est
1960 2592 2045 2648 fe-

396 2684 581 2749 mina,
614 2699 735 2737 non
771 2686 1065 2753 quatenus
1094 2686 1185 2736 est
1209 2683 1407 2738 homo.
1432 2682 1489 2737 Si
1511 2688 1710 2739 autem
1738 2681 1847 2736 viri
1878 2686 1939 2738 et
1960 2680 2046 2736 fe-

398 2772 576 2827 minae
601 2771 770 2825 nulla
791 2774 946 2825 esset
970 2769 1325 2831 differentia.
1345 2776 1595 2842 uterque
1616 2787 1821 2825 eorum
1838 2769 2047 2828 eadem

399 2866 601 2932 ageret
638 2866 696 2915 et
724 2864 1044 2930 pateretur.
1078 2860 1379 2924 Quatenus
1428 2875 1564 2932 ergo
1621 2862 1710 2913 est
1740 2858 1947 2913 eadem
1980 2874 2049 2913 eo

404 2948 563 3021 quod
592 2948 809 3004 habeat
837 2947 1107 3003 eamdem
1138 2947 1421 3016 animam,
1454 2947 1650 3003 veniet
1674 2948 1747 3003 ad
1778 2947 2050 3003 eamdem

400 3039 719 3105 virtutem;
753 3042 1047 3108 quatenus
1101 3042 1298 3092 autem
1357 3036 1587 3092 diversa
1640 3054 1747 3108 per
1784 3037 2052 3109 proprie-

405 3133 587 3183 tatem
618 3127 905 3198 corporis,
924 3125 999 3181 ad
1020 3131 1187 3181 utero
1210 3125 1524 3198 gestandos
1554 3125 1618 3190 ›ι‹
1645 3126 1819 3194 fetus,
1845 3131 1905 3181 et
1927 3141 2050 3181 sere

404 3216 659 3271 vandam
689 3215 952 3271 domum.
989 3238 1018 3266 «
1052 3215 1193 3270 Volo
1226 3237 1253 3264 ››
1282 3214 1464 3281 enim,
1496 3216 1689 3286 inquit
1712 3215 2048 3287 Apostolus,

407 3329 440 3358 (ι
470 3323 570 3361 vos
601 3305 775 3373 scire,
810 3303 971 3375 quod
1001 3304 1260 3375 cujusvis
1291 3304 1398 3359 viri
1429 3311 1606 3376 caput
1645 3311 1734 3361 est
1762 3305 2051 3373 Christus,

407 3400 584 3466 caput
613 3401 813 3449 autem
858 3394 1129 3448 mulieris
1188 3394 1292 3449 vir.
1356 3396 1481 3449 Non
1540 3399 1628 3448 est
1680 3394 1837 3449 enim
1870 3394 1956 3448 vir
1984 3410 2056 3449 ex

409 3483 682 3549 muliere,
714 3482 818 3538 sed
849 3482 1065 3538 mulier
1098 3499 1167 3537 ex
1198 3482 1341 3538 viro.
1374 3483 1488 3537 Sed
1516 3499 1711 3553 neque
1730 3482 1946 3539 mulier
1966 3487 2058 3538 est

410 3578 683 3642 separata
713 3588 748 3626 a
776 3571 920 3637 viro,
953 3588 1147 3642 neque
1179 3572 1267 3626 vir
1314 3578 1621 3643 separatus
1652 3588 1687 3626 a
1713 3572 1964 3626 muliere
1996 3572 2056 3627 in

410 3660 659 3715 Domino
682 3660 781 3731 (a).
814 3681 842 3708 ››
865 3660 1029 3714 Sicut
1057 3660 1216 3716 enim
1245 3661 1437 3716 virum
1464 3677 1592 3716 esse
1626 3666 2058 3731 temperantem

412 3754 473 3803 et
498 3748 731 3803 vincere
764 3747 1093 3819 voluptates
1143 3754 1417 3820 oportere
1458 3748 1732 3819 dicimus,
1768 3749 1849 3805 ita
1880 3750 2059 3805 etiam

414 3852 727 3891 censemus
757 3836 1073 3891 mulierem
1095 3853 1224 3893 esse
1246 3846 1521 3909 oportere
1543 3843 2064 3911 temperantem,et

414 3924 476 3978 in
512 3940 708 3995 pugna
735 3923 1016 3979 adversus
1055 3925 1385 3996 voluptates
1425 3929 1824 3984 exercitatam.
1862 3950 1884 3977 ι
1920 3928 2060 3983 Dico

414 4017 634 4075 autem,
669 4011 882 4083 spiritu
910 4012 1233 4080 ambulate,
1252 4019 1312 4068 et
1336 4013 1698 4071 desiderium
1720 4017 1915 4072 carnis
1942 4034 2061 4073 non

409 4099 697 4166 feceritis,
713 4122 741 4149 ››
766 4106 1127 4172 praeceptum
1151 4102 1411 4157 consulit
1426 4104 1844 4173 apostolicum:
1874 4127 1900 4155 ‹‹
1916 4107 2061 4161 Caro

414 4190 575 4245 enim
598 4189 965 4261 concupiscit
986 4189 1266 4245 adversus
1289 4190 1584 4262 spiritum,
1601 4192 1841 4263 spiritus
1863 4200 2063 4249 autem

414 4279 694 4335 adversus
726 4294 987 4335 carnem.
1022 4279 1156 4334 Haec
1187 4296 1322 4352 ergo
1355 4285 1757 4350 opponuntur,
1790 4302 1816 4329 »
1848 4297 1968 4336 non
2001 4287 2066 4337 ut

412 4368 639 4423 malum
668 4368 848 4436 bono,
884 4368 988 4423 sed
1036 4375 1102 4423 ut
1149 4384 1280 4439 quae
1327 4374 1597 4441 pugnant
1626 4369 1873 4425 utiliter.
1906 4369 2062 4425 Sub-

2139 1794 2305 1864 σύνης
2361 1790 2453 1849 οὖν
2508 1789 2875 1865 ἐπιμελητέον
2930 1792 3020 1847 καὶ
3079 1788 3450 1861 δικαιοσύνης,
3543 1791 3641 1845 καὶ
3698 1798 3798 1860 τῆς

2141 1882 2319 1953 ἄλλης
2354 1883 2549 1959 ἀρετῆς
2592 1881 2830 1951 ἀπάσης,
2887 1879 3097 1954 ὁμοίως
3152 1880 3245 1953 μὶν
3303 1879 3551 1954 γυναικὶ,
3586 1879 3801 1952 ὁμοίως

2142 1970 2200 2028 δὲ
2247 1967 2424 2047 ἀνδρὶ,
2474 1966 2742 2043 ἐλευθέρῳ
2793 1989 2854 2024 τε
2908 1969 2997 2023 καί
3053 1966 3256 2040 δούλῳ·
3290 1965 3479 2037 ἐπειδή
3520 1966 3679 2042 μίαν,
3708 1968 3798 2022 καὶ

2140 2062 2239 2131 τήν
2276 2059 2442 2129 αὐτὴν
2495 2058 2690 2135 ἀρετὴν
2747 2057 2884 2113 εἶναι
2936 2063 3040 2128 τῆς
3095 2056 3264 2127 αὐτῆς
3322 2055 3543 2135 φύσεως
3597 2052 3800 2131 συμϐέ-

2144 2145 2330 2219 ϐηκεν.
2363 2149 2443 2206 Τὸ
2475 2147 2571 2222 μὶν
2622 2147 2805 2202 τοίνυν
2857 2146 2957 2215 τὴν
3008 2144 3175 2215 αὐτὴν
3218 2146 3352 2202 εἶναι
3381 2145 3549 2221 φύσιν
3575 2151 3679 2201 τοῦ
3707 2148 3806 2217 M-

2147 2236 2271 2300 λεος
2329 2237 2467 2311 πρὸς
2520 2236 2583 2292 τὸ
2637 2232 2820 2313 ἄῤῥεν,
2877 2235 3011 2300 καθὸ
3064 2232 3209 2305 θῆλύ
3268 2233 3435 2304 ἐστιν,
3480 2233 3555 2290 ού
3607 2236 3805 2312 φαμεν·

2146 2329 2363 2388 πάντως
2402 2324 2508 2401 γὰρ
2564 2345 2686 2380 τινα
2740 2325 2832 2380 καὶ
2891 2321 3154 2400 διαφορὰν
3212 2323 3478 2400 ὑπάρχειν
3532 2326 3805 2399 προσῆκεν

2148 2416 2387 2492 ὲκατέρῳ
2411 2414 2645 2483 τούτων,
2704 2411 2777 2468 δι’
2830 2415 2899 2483 ἢν
2952 2414 3014 2469 τὸ
3075 2414 3171 2487 μὲν
3232 2413 3375 2483 θῆλυ
3417 2413 3627 2484 αὐτῶν,
3656 2414 3720 2469 τὸ
3748 2410 3801 2469 δὶ

2150 2504 2307 2583 ἄῤῥεδ
2339 2503 2572 2580 γένονεψ
2626 2504 2692 2559 τὸ
2748 2507 2880 2578 γοῦν
2928 2508 3216 2582 κυοφορεῖν
3274 2502 3367 2558 καὶ
3403 2503 3467 2558 τὸ
3498 2504 3706 2559 τίκτειν
3732 2505 3799 2574 τῇ

2148 2593 2362 2671 γυναικὶ
2418 2590 2703 2666 προσεῖναί
2758 2612 2953 2669 φαμεν,
3005 2593 3139 2647 καθὸ
3187 2591 3383 2662 θήλεια
3427 2591 3718 2668 τυγχάνει,
3742 2590 3798 2645 οὗ

2151 2682 2286 2739 καθὸ
2318 2681 2627 2758 ἅνθρωπος.
2653 2680 2715 2739 Εἰ
2748 2678 2806 2736 δὲ
2838 2677 3008 2754 μηδὲν
3028 2680 3097 2750 ἦν
3124 2681 3188 2736 τὸ
3217 2677 3478 2758 διάφορον
3502 2678 3701 2753 ἀνδρὸς
3718 2678 3801 2735 καί

2151 2772 2425 2848 γυναικὸς,
2482 2770 2550 2826 τὰ
2608 2770 2749 2824 αὐτὰ
2803 2766 2867 2824 ἂν
2907 2768 3158 2845 ἑκάτερον
3218 2767 3394 2823 αὐτῶν
3456 2772 3541 2842 (1)
3596 2765 3805 2844 ἓδρατῑ

2153 2858 2245 2913 καὶ
2278 2857 2534 2934 ἔπασχεν.
2576 2862 2647 2926 ’ῌ
2707 2857 2801 2930 μὲν
2854 2856 3032 2911 τοίνυν
3090 2856 3284 2912 ταυτόν
3317 2855 3430 2912 ἐστι
3460 2857 3604 2922 καθὸ
3632 2858 3803 2932 ψυχή,

2154 2948 2325 3020 ταύτῃ
2381 2944 2469 3001 ἐπὶ
2525 2946 2624 3014 τήν
2684 2944 2850 3013 αὐτὴν
2911 2943 3151 3023 ἀφίξεται
3211 2945 3425 3019 ἀρετήν·
3581 2942 3640 2999 δὲ
3694 2940 3806 2998 διά-

2162 3056 2352 3116 φορον,
2413 3036 2550 3091 κατά
2601 3040 2703 3103 τήν
2754 3038 2852 3089 τοῦ
2921 3033 3176 3106 σώματος
3238 3030 3510 3103 ἰδιότητα,
3574 3032 3666 3088 ἐπὶ
3717 3032 3805 3093 τὰς

2162 3128 2405 3197 κυήσεις,
2431 3124 2521 3180 καὶ
2550 3125 2649 3193 τὴν
2684 3122 2981 3200 οἰκουρίαν.
3004 3148 3033 3175 «
3061 3121 3217 3179 Θέλω
3240 3147 3267 3176 »ι
3287 3124 3390 3200 γὰρ
3416 3126 3499 3196 (2)
3540 3145 3563 3173 ι
3600 3124 3756 3196 ὑμᾶς,
3779 3144 3804 3171 ιι

2160 3213 2322 3293 φησὶν
2355 3214 2385 3269 ὁ
2416 3209 2774 3282 Ἀπὸστολος,
2839 3237 2860 3264 ι
2913 3208 3110 3268 εἰδέναι
3168 3212 3255 3268 ὅτι
3303 3213 3510 3274 παντὸς
3558 3207 3802 3283 ἀνδρὸςή

2160 3302 2371 3381 κεφαλή
2430 3304 2459 3358 ὁ
2516 3302 2770 3378 Χριστός.
2826 3300 3039 3377 κεφαλὴ
3099 3298 3159 3356 δὲ
3210 3301 3527 3375 γυναικὸςὸ
3562 3296 3804 3375 ἀνήρόύ

2162 3393 2265 3468 γὰρ
2306 3391 2445 3447 ἐστιν
2504 3390 2565 3446 ἐκ
2617 3392 2870 3467 γυναικὸς
2922 3390 3081 3465 ἀνὴρ,
3134 3389 3284 3446 ἀλλὰ
3325 3392 3458 3466 γυνή
3510 3388 3569 3461 ἐξ
3598 3386 3804 3464 ἀνδρὸς.

2167 3480 2317 3552 Πλὴν
2353 3477 2478 3536 οὔτε
2506 3480 2644 3556 γυνή
2668 3479 2846 3556 χωρὶς
2868 3476 3086 3555 ἀνδρὸς,
3110 3476 3236 3534 οὔτε
3259 3480 3397 3555 ἀνὴρ
3419 3479 3605 3555 χωρὶς
3631 3497 3806 3554 γυναι-

2162 3570 2257 3635 κὸς
2311 3568 2364 3625 ἐν
2425 3568 2629 3645 Κυρίῳ.
2663 3593 2691 3621 »ι
2750 3569 2840 3631 Ὠς
2897 3569 3002 3643 γὰρ
3059 3568 3315 3644 σώφρονα
3363 3567 3457 3622 τὸν
3505 3564 3697 3640 ἄνδρα,
3724 3562 3808 3620 καὶ

2163 3662 2272 3713 τῶν
2304 3655 2515 3728 ἡδονῶν
2574 3656 2855 3733 κρείττονα
2911 3654 3019 3712 δεῖν
3076 3656 3211 3712 εἶναι
3271 3657 3469 3733 φαμὲν,
3530 3654 3675 3711 οὓτω
3726 3653 3807 3709 καὶ

2165 3748 2265 3816 τὴν
2314 3751 2545 3820 γυναῖκα
2596 3744 2850 3823 σώφρονά
2902 3767 2962 3801 τε
3011 3744 3223 3819 ὁμοίως
3278 3745 3615 3818 ἀξιώσαιμεν
3662 3744 3807 3813 εἶναι,

2166 3835 2257 3890 καὶ
2309 3835 2446 3910 πρὸς
2499 3836 2597 3896 τὰς
2661 3832 2865 3905 ἡδονὰς
2924 3831 3291 3910 διαμάχεσθαι
3350 3834 3799 3906 μεμελετηκυῖαν.

2170 3949 2199 3976 ‹‹
2228 3923 2385 3998 Λὲγω
2412 3920 2491 3995 δὲ,
2521 3922 2789 3995 πνεύματι
2815 3929 3183 3999 περιπατεῖτε,
3231 3926 3322 3979 καί
3365 3922 3656 3996 ἐπιθυμίαν
3689 3939 3802 3994 σαρ-

2169 4015 2264 4076 κὸς
2295 4013 2357 4069 ού
2409 4014 2485 4087 μή
2531 4011 2809 4084 τελέσητε,
2855 4036 2883 4065 »
2935 4016 2970 4084 ἡ
3020 4011 3394 4083 Ἀποστολική
3456 4007 3804 4084 συμϐουλεύει

2172 4100 2392 4173 ἐντολή·
2436 4102 2551 4159 «Ἣ
2610 4101 2714 4177 γὰρ
2763 4102 2890 4175 σὰρξ
2950 4102 3206 4174 ἐπιθυμεῖ
3260 4101 3399 4157 κατᾶ
3444 4104 3543 4156 τοῦ
3585 4098 3809 4171 πνεύμα·

2171 4213 2283 4260 τος,
2313 4192 2376 4245 τὸ
2406 4187 2464 4246 δὲ
2491 4194 2706 4262 πνεῦμα
2751 4192 2889 4246 κατά
2936 4199 3037 4260 τῆς
3084 4191 3302 4265 σαρκός.
3347 4193 3532 4248 Ταῦτα
3558 4189 3650 4246 οὖν
3677 4188 3807 4244 ἀντί-

2171 4300 2368 4349 κειται,
2398 4303 2426 4330 ››
2458 4278 2565 4353 οὐχ
2594 4279 2668 4340 ὡς
2699 4279 2867 4334 κακὸν
2914 4280 3116 4354 ἀγαθῷ,
3157 4277 3284 4335 ἀλλ’
3325 4279 3401 4341 ὡς
3435 4278 3803 4356 συμφερόντως

2179 4368 2486 4444 μαχόμενα.
2548 4368 2828 4445 Ἐπιφὲρει
2886 4372 3044 4442 μοῦν.
3101 4369 3275 4423 «Ἵνα
3308 4369 3387 4441 μὴ
3418 4367 3452 4422 ἃ
3490 4367 3549 4423 ἂν
3607 4366 3800 4435 θέλητε,

405 4457 609 4529 jungit
640 4458 840 4528 itaque
866 4475 880 4511 :
913 4480 939 4508 ιι
970 4459 1042 4514 Ut
1063 4475 1182 4513 non
1207 4474 1336 4528 qua)
1367 4457 1697 4526 volueritis,
1723 4474 1790 4513 ea
1810 4458 2040 4515 faciatis

2173 4462 2339 4512 ταῦτα
2368 4462 2585 4525 ποιῆτε.
2641 4458 2875 4537 Φανερὲι
2912 4456 2970 4513 δὲ
3025 4456 3135 4513 ἐστι
3192 4457 3260 4511 τὰ
3312 4456 3447 4530 ἓργα
3472 4462 3577 4525 τῆς
3606 4452 3802 4529 σαρκὸς.

412 4543 722 4601 Manifesta
750 4551 953 4602 autem
985 4553 1125 4602 sunt
1145 4563 1325 4619 Opera
1353 4547 1570 4615 carnis,
1603 4564 1734 4619 quas
1769 4553 1907 4602 sunt
1933 4547 2062 4602 for-

2174 4547 2329 4602 ἅτινά
2359 4544 2493 4616 ἐστι,
2551 4547 2779 4620 πορνεία
2834 4534 2933 4618 (3),
2992 4546 3315 4620 ἀκαθαρσία,
3348 4543 3625 4619 ἀσέλγεια,
3655 4538 3805 4598 εἰδω-

482 4698 547 4763 is
576 4700 636 4753 Ρ.
672 4700 768 4754 591
802 4698 912 4753 ΕΕ.
945 4697 1241 4764 POTTER,
1270 4696 1374 4752 498
1403 4698 1514 4753 ED.
1547 4698 1776 4756 PARIS.
1804 4696 1887 4771 ία)
1914 4698 1939 4753 Ι
1970 4698 2045 4754 Co

2155 4717 2210 4767 ιι,
2242 4702 2296 4770 3,
2334 4700 2387 4767 8,
2421 4702 2509 4756 ll.

484 4874 597 4944 (97)
627 4877 917 4951 Γυναικῶν
961 4894 1108 4951 σοφη
1141 4875 1563 4951 Tertullianus.
1597 4875 1702 4930 lib.
1733 4876 1827 4951 {id
1856 4882 2069 4945 marty-

419 4959 523 5021 res,
554 4961 693 5021 cap._
716 4947 749 4998 4
777 4961 797 5021 :_
812 4968 853 5021 _«
886 4944 999 5021 Sed
1021 4944 1265 5018 spiritus
1288 4953 1686 5021 contraponat
1707 4947 1817 5003 sibi
1851 4953 1912 5004 et
1939 4944 2069 5021 car-

424 5018 508 5079 ni,
541 5014 753 5069 acerba
783 5016 926 5070 licet
951 5014 1083 5084 ista,
1119 5033 1153 5071 a
1182 5018 1388 5073 multis
1434 5014 1632 5074 tamen
1665 5036 1835 5084 aequo
1866 5020 2067 5074 animo

423 5091 687 5172 excepta,
710 5085 832 5165 imo
847 5092 938 5172 .et‘
953 5088 1107 5172 ultro
1129 5090 1417 5172 appetita,
1436 5090 1693 5172 fammnet
1712 5085 1914 5172 gloriae
1933 5106 2071 5172 cau-

422 5171 522 5220 sa;
554 5170 663 5209 nec
692 5172 727 5228 a
757 5159 1178 5228 vii-isitantum,
1215 5159 1317 5213 sed
1344 5162 1522 5216 etiam
1548 5178 1582 5215 a
1602 5159 1862 5228 feminis,
1881 5168 1950 5216 ut
1972 5178 2069 5217 vos

424 5243 680 5307 quoque,
706 5225 1229 5307 b_ened_ictae,sexui
1254 5238 1444 5286 vestro
1464 5225 1927 5303 respondeatis,»
1954 5238 2066 5288 etc.

425 5244 539 5298 quo
590 5244 680 5291 ue,
706 5244 1207 5295 benedicweﬁexu

425 5244 589 5353 Con?
623 5296 978 5368 Pa;dag.rli‘b.
1015 5316 1052 5364 ι,
1082 5315 1132 5353 c.
1165 5302 1214 5353 4.

494 5371 605 5440 (98)
788 5361 1115 5443 βάρβαρός.-
1153 5369 1369 5443 δειλίη
1399 5387 1485 5443 nt,
1546 5374 1614 5427 28
1636 5388 1651 5443 :7
1676 5372 1799 5443 Οὔκ
1824 5370 1898 5443 ἔνι
1933 5372 2071 5428 Ἰου-

423 5434 596 5514 δαῖος,
626 5438 755 5514 ού-δὲ
784 5434 1022 5514 Ἕλλην·
1058 5439 1161 5514 οὐκ
1212 5434 1289 5493 ἔνι
1348 5434 1567 5514 δοῦλος,
1602 5439 1728 5495 οὐδέ
1760 5440 2067 5514 ὲλεύθερος’

425 5510 524 5566 οὐκ
664 5511 843 5589 ἄρσεν,
874 5512 965 5567 καὶ
995 5510 1158 5583 θῆλυ.
1219 5512 1383 5569 Conf.
1443 5514 1610 5570 Rom.
1662 5532 1715 5569 Χ.
1754 5518 1853 5581 12ς
1885 5517 1908 5569 Ι
1938 5510 2068 5571 Cor.

428 5602 533 5638 xu.
639 5627 647 5638 .

428 5589 647 5649 111,13.

501 5658 608 5725 (99)
636 5655 811 5729 Ἔχει.
844 5658 1081 5714 Rectius
1111 5657 1263 5714 forte
1287 5649 1434 5731 ἔχειν
1463 5656 1633 5713 intin.
1662 5657 1860 5727 modo,
1893 5663 1958 5712 ut
1986 5674 2074 5713 re-

2176 4878 2349 4952 gatur
2378 4875 2614 4952 a_verbo
2648 4875 2910 4952 φαίνεται.
2954 4878 3225 4952 δγεευιιο.

2249 4946 2323 5032 (1)
2377 4943 2670 5032 Ἱξκᾶτερον
2748 4947 2948 5004 αὐτῶν.
3033 4948 3204 5004 Forte
3271 4947 3493 5003 rectius
3578 4944 3802 5017 ἑκάτερος

2178 5016 2375 5072 αὐτῶν.
2412 5016 2686 5075 SvLBuac.

2251 5092 2330 5160 (2)
2359 5089 2485 5163 Γάρ.
2522 5091 2587 5144 Δέ
2628 5094 2667 5163 ,Ι
2721 5092 2853 5163 Cor.
2907 5107 2987 5163 xi,
3045 5089 3146 5163 ubi
3199 5106 3359 5163 mox,
3409 5084 3607 5163 ἀνδρὸς
3636 5090 3669 5156 ἡ
3699 5104 3803 5163 κεφ.

2251 5104 2485 5162 (2)1‘ap.
2522 5104 2587 5144 Δε
2644 5104 2667 5146 ι
2721 5104 2853 5147 uor.
2907 5107 2987 5156 xl,
3045 5104 3146 5145 uni
3199 5106 3359 5157 mox,
3409 5104 3669 5163 ανοροςη
3699 5104 3802 5213 up.

2180 5160 2411 5232 Χριστός
2440 5159 2571 5235 ἐστι’
2606 5161 2866 5235 dein,_otl
2910 5161 3013 5233 γὰρ
3044 5160 3182 5235 ἀνὴρ
3220 5159 3281 5215 ἐκ
3323 5161 3601 5235 γυναικός,
3652 5173 3802 5235 pauo

2181 5228 2335 5321 pbst‘,
2388 5229 2552 5357 ἐτλδὴνς
2598 5229 2725 5288 οὕτε
2778 5228 2933 5307 ἅνήρ
2977 5228 3163 5307 χωρὶς
3209 5228 3485 5307 γυναικὸς,
3538 5228 3800 5304 οὕτέγυνῆ

2182 5322 2357 5357 γωοις
2423 5325 2448 5354 ν
2494 5323 2518 5356 9
2558 5324 2606 5357 ς.

2226 5323 2357 5375 mch
2388 5323 2606 5376 avogoe.

2226 5323 2325 5355 ωσι
2388 5322 2552 5357 ανοοο
2592 5346 2606 5359 .

2182 5322 2712 5449 χ(θ)ς”ᾼτινάςέστι,
2767 5394 2827 5429 π.
2885 5376 3076 5449 *Δτινά
3133 5371 3268 5443 ἐστι,
3329 5374 3580 5449 μοιχεία,
3604 5394 3692 5449 πη.
3713 5373 3799 5449 (ξδ-

2180 5444 2319 5520 lat,
2362 5446 2493 5520 ubi‘
2520 5464 2675 5513 mox,
2693 5444 2705 5520 ,ν
2732 5444 3043 5520 φαρμακεία
3098 5463 3203 5519 pro
3261 5444 3617 5520 φαρμακεῖαι*
3663 5444 3800 5520 dein,

2180 5518 2395 5594 φθόνοι,
2428 5515 2606 5594 φύγοι,
2633 5515 2762 5594 ’μὲθζ
2807 5515 2996 5594 paulo
3056 5515 3209 5589 post,
3230 5515 3597 5594 ηᾶγαθωσύνη,
3626 5516 3797 5576 πίστις,

2181 5586 2450 5664 πραότης,
2483 5586 2787 5666 ἐγκράτεια.
2820 5586 2969 5654 Mox,
3018 5586 3336 5661 παραθεῖναι
3384 5591 3539 5646 forte
3565 5586 3681 5662 leg.
3710 5600 3794 5659 pro

2181 5667 2575 5735 παραταθῆναι.
