4066 6192
315 345 458 402 12⁸77

1644 344 2091 402 ΒΤΒΟΜΔἹὍΜ
2126 343 2264 400 LIB.
2301 344 2399 400 IV.

3585 339 3726 398 1278

318 494 350 526 α
411 470 480 526 Δί
539 475 813 545 γυναῖκες,
867 469 1051 546 φησὶν,
1109 469 1472 535 ὑποτάσσεσθε
1523 475 1641 532 τοῖς
1698 467 1963 545 ἀνδράσιν.

2091 485 2220 525 esse
2246 469 2433 524 amari
2464 468 2524 525 in
2555 469 2710 525 illas.
2751 468 2905 534 Filii,
2953 467 3189 524 obedite
3237 467 3583 540 parentibus
3626 482 3732 538 per

321 560 399 621 ὡς
431 559 622 630 ἀνήκει
653 563 762 633 (16)
823 558 873 614 ἐν
929 560 1139 632 Κυρίῳ.
1195 561 1263 616 Οἱ
1324 557 1530 632 ἂνδρες,
1591 561 1832 634 ἀγαπᾶτε
1885 559 1980 620 τὰς

317 654 604 724 γυναῖκας,
638 650 728 702 καὶ
766 649 841 721 μή
873 649 1221 724 πικραίνεσθε
1253 650 1391 723 πρὸς
1425 649 1616 710 αὐτάς.
1675 649 1759 704 Τὰ
1803 649 1983 713 τέκνα,

319 737 624 794 ὑπακούετε
651 742 768 798 τοῖς
801 741 1016 810 γονεῦσι
1060 738 1196 792 κατὰ
1251 740 1445 794 πάντα·
1507 742 1669 792 τοῦτο
1726 739 1826 811 γὰρ
1858 735 1983 790 εὐά-

320 847 508 904 ρεστον
579 829 660 898 τῷ
711 825 938 900 Κυρίῳ,
993 826 1055 878 Ol
1133 825 1376 898 πατὲρες,
1449 827 1525 899 μή
1603 825 1864 901 ἐρεθίζετε
1914 826 1980 880 τὰ

315 917 478 972 τέκνα
513 913 802 988 ὑμῶν,⁹ίνα
837 917 914 988 μὴ
967 916 1270 988 ἀθυμῶσιν.
1324 917 1389 972 Οἱ
1432 913 1646 985 δοῦλοι,
1683 915 1978 970 ὑπακούετε

312 1006 453 1062 κατὰ
484 1007 658 1060 πάντα
687 1011 804 1067 τοῖς
863 1004 1000 1059 κατᾶ
1049 1006 1219 1080 σάρκα
1273 1004 1506 1079 κυρίοις,
1557 1006 1632 1077 μή
1685 1003 1736 1059 ἐν
1767 1001 1977 1077 ὀφθαλ-

319 1095 681 1170 μοδουλείαις
752 1096 827 1157 ὡς
880 1094 1348 1170 ἀνθρωπάρεσκοι,
1406 1093 1532 1150 ἀλλ’
1592 1095 1644 1149 ἐν
1701 1094 1974 1164 ἁπλότητι

310 1185 566 1262 καρδίας,
617 1179 951 1260 φοϐούμενοι
1010 1184 1101 1238 τὸν
1162 1185 1394 1258 Κύριονο
1461 1183 1551 1238 καὶ
1609 1187 1712 1238 πᾶν
1797 1182 1828 1237 ὅ
1886 1183 1972 1239 ἐὰν

310 1280 511 1340 ποιῆτε
540 1278 675 1348 (17),
709 1274 768 1328 ἐκ
805 1277 991 1348 ψυχῆς
1021 1271 1326 1349 ἐργάζεσθε,
1378 1274 1452 1335 ὡς
1500 1278 1579 1344 τῷ
1610 1273 1795 1348 Κυρίῳ
1847 1272 1977 1328 δου-

313 1364 584 1431 λεύοντες,
618 1363 710 1418 καὶ
769 1363 869 1418 οὐκ
898 1362 1230 1436 ἀνθρώποις,
1265 1361 1467 1426 εἰδότες
1517 1361 1599 1418 ὅτι
1632 1363 1738 1418 ἀπὸ
1770 1361 1972 1438 Κυρίου

310 1453 668 1527 ἀπολήψεσθε
714 1455 814 1522 τήν
872 1451 1230 1507 ἀνταπόδοσιν
1284 1459 1385 1520 τῆς
1433 1450 1836 1526 κληρονομίας
1894 1457 1974 1525 τῷ

309 1544 416 1618 γὰρ
451 1542 630 1615 Κυρίῳ
663 1544 880 1617 Χριστῷ
911 1539 1217 1596 δουλεύετε·
1255 1543 1283 1596 ὁ
1341 1543 1444 1617 γὰρ
1479 1540 1662 1600 ἄδικος
1744 1541 1972 1614 κομίσε-

308 1652 399 1686 ται
435 1631 466 1686 ὅ
494 1629 773 1701 ἠδίκησεν·
806 1631 898 1686 καὶ
949 1631 1047 1684 οὐκ
1107 1628 1216 1684 ἔστι
1277 1630 1743 1705 προσωποληψία.
1778 1632 1843 1687 0".
1875 1629 1972 1685 κύ-

311 1738 452 1795 ριοι,
479 1722 540 1774 τὰ
573 1717 779 1774 δίκαιον
812 1719 901 1774 καὶ
931 1720 1032 1788 τήν
1090 1718 1318 1790 ἰσότητα
1372 1725 1490 1783 τοῖς
1549 1717 1771 1781 δούλοις
1800 1721 1969 1794 παρὲ-

309 1827 460 1884 χετε,
491 1807 697 1870 εἷ’δότες
729 1807 813 1862 ὅτι
841 1807 931 1862 καὶ
966 1808 1121 1879 ὑμεῖς
1179 1806 1336 1882 ἔχετε
1391 1807 1580 1884 κύριον
1643 1807 1693 1862 ἐν
1728 1808 1964 1880 οὐρανῷ,
1998 1835 2044 1899 Β

309 1895 448 1952 ὅπου
482 1897 582 1952 οὐκ
606 1893 683 1951 ἔνι
709 1897 924 1967 Ἕλλην
949 1897 1037 1951 καὶ
1065 1895 1350 1966 Ἰουδαῖος,
1376 1899 1649 1969 περιτομὴ
1682 1897 1772 1951 καὶ
1804 1897 1967 1966 ἀκρο-

309 1980 522 2054 ϐυστία,
575 1981 872 2061 βάρϐαρος,
928 1985 1142 2054 Σκύθης
1203 1988 1336 2056 (18),
1391 1985 1609 2055 δοῦλος,
1666 1986 1966 2059 ἐλεύθερος,

308 2072 456 2129 ἀλλὰ
500 2076 677 2129 πάντα
704 2075 797 2128 καὶ
853 2073 904 2127 ἐν
965 2080 1096 2128 πᾶσι
1153 2074 1408 2146 Χριστός.
1458 2097 1486 2126 »
1545 2075 1724 2131 Είκὼν
1757 2073 1813 2130 δὲ
1867 2079 1968 2140 τῆς

307 2163 560 2238 οὐρανίου
592 2166 705 2237 (19)
763 2161 1094 2233 Ἐκκλησίας
1125 2165 1159 2232 ἠ
1218 2163 1476 2240 ἐπίγειος
1536 2163 1667 2238 ὅπερ
1714 2168 1828 2238 (20)
1880 2166 1967 2220 εὐ-

306 2254 527 2330 χόμεθα
555 2251 644 2308 καὶ
681 2275 706 2306 ε
739 2251 826 2306 ἐπὶ
871 2259 977 2326 γῆς
1009 2253 1255 2326 γενέσθαι
1303 2254 1366 2308 τὸ
1398 2251 1617 2326 θέλημα
1669 2255 1767 2308 τοῦ
1808 2259 1963 2323 Θεοῦ,

306 2344 382 2406 ὡς
413 2342 466 2397 ἐν
499 2341 733 2417 οὐρανῷ.
792 2338 1182 2414 Ἐνδυσάμενοι
1240 2344 1352 2414 (21)
1411 2341 1704 2418 σπλάγχνα
1761 2343 1965 2420 οἰκτιρ-

311 2436 440 2507 μοῦ,
485 2428 862 2506 χρηστότητα,
919 2431 1443 2508 ταπεινοφροσύνην,
1501 2432 1804 2507 πραότητα,
1861 2454 1965 2506 μα-

307 2520 636 2595 κροθυμίαν·
698 2519 1026 2595 ἀνεχόμενοι
1089 2519 1356 2590 ἀλλήλων
1395 2565 1410 2591 ,
1467 2528 1555 2576 καὶ
1607 2522 1966 2596 χαριζόμενοι

313 2609 661 2681 δαυτοῖς,ὲάν
693 2630 776 2672 τις
824 2610 963 2680 πρός
1016 2630 1135 2664 τινα
1192 2609 1295 2685 ἔχῃ
1355 2613 1606 2688 μομφήν·
1639 2612 1818 2676 καθὼς
1874 2613 1964 2667 καὶ

306 2701 335 2755 ὁ
370 2700 601 2774 Χριστὸς
661 2697 956 2775 ἐχαρίσατο
1009 2701 1169 2772 ἡμῖν,
1230 2699 1403 2763 οὕτως
1456 2701 1545 2756 καὶ
1602 2703 1769 2774 ἡμεῖς
1827 2704 1962 2775 (22).

305 2789 432 2846 Ἐπὶ
463 2795 594 2844 πᾶσι
625 2786 683 2844 δὶ
710 2788 928 2853 τούτοις
983 2791 1017 2858 ἡ
1079 2791 1282 2866 ἀγάπη,
1316 2789 1347 2845 8
1391 2790 1500 2845 ἐστι
1533 2789 1836 2863 σύνδεσμος
1863 2795 1964 2856 τῆς

311 2877 680 2950 τελειότητος·
714 2880 801 2934 καὶ
835 2881 870 2948 ἡ
905 2878 1096 2953 εἰρήνη
1128 2884 1226 2934 τοῦ
1285 2883 1518 2951 Χριστοῦ
1568 2875 1877 2954 βραϐευέτω
1909 2881 1960 2934 ἐν

309 2973 430 3030 ταῖς
458 2965 710 3043 καρδίαις
743 2969 918 3040 ὑμῶν,
952 2969 1028 3030 εἰς
1085 2969 1152 3039 ἢν
1214 2966 1300 3022 xui
1358 2966 1628 3038 ἐκλήθητε
1661 2966 1711 3021 ἐν
1743 2967 1817 3022 ἐνὶ
1855 2968 1965 3022 σώ-

314 3076 466 3130 ματιο
498 3058 588 3113 xui
621 3057 935 3134 εὐχάριστοι
959 3057 1185 3132 γίνεσθε.
1210 3081 1237 3108 ››
1269 3055 1438 3114 Οὐδὲν
1470 3058 1572 3132 γὰρ
1604 3055 1806 3112 κωλύει
1827 3061 1963 3112 πολ-

308 3148 466 3209 λάκις
489 3148 588 3215 τήν
621 3147 788 3216 αὐτὴν
838 3146 1223 3222 παρατίθεσθαι
1284 3147 1499 3222 Γραφὴν
1561 3145 1636 3208 εἷς
1697 3147 1958 3220 ὶντροπήν

305 3238 654 3312 Μαρκίωνος,
709 3237 774 3308 ἤν
834 3260 953 3300 πως
1006 3233 1378 3310 μεταϐάληται
1424 3237 1679 3301 πεισθείς·
1731 3237 1956 3313 εὐχάρι-

305 3345 430 3381 στον
465 3325 575 3382 δεῖν
611 3328 797 3401 μαθὼν
824 3329 916 3383 τὸν
949 3329 1139 3382 πιστὸν
1171 3328 1308 3382 εἶναι
1337 3332 1415 3398 τῷ
1448 3325 1776 3402 δημιουργῷ
1821 3333 1959 3401 Θεῷ,

299 3420 382 3488 τῷ
413 3415 701 3472 καλέσαντι
732 3421 904 3490 ἡμᾶς,
963 3417 1050 3472 xui
1103 3415 1584 3492 εὐαγγελισαμένῳ
1637 3415 1690 3471 ἐν
1723 3419 1958 3489 σώματι.

307 3507 498 3583 Σαφής
517 3509 655 3578 ἡμῖν
687 3505 746 3561 ἐκ
773 3505 980 3561 τούτων
1014 3508 1048 3574 ἡ
1099 3505 1158 3560 ἐκ
1212 3507 1446 3570 πίστεως
1473 3501 1684 3576 ἑνότης·
1743 3507 1832 3560 xui
1878 3507 1960 3569 τίς

304 3594 333 3648 ὁ
358 3594 593 3663 τὲλειος,
629 3592 917 3650 δέδεικταν
951 3594 1089 3650 ὣστε
1118 3595 1206 3649 xui
1267 3591 1505 3650 ἀκόντων
1558 3600 1718 3650 τινῶν
1748 3597 1838 3650 xui
1894 3596 1962 3651 τὰ

305 3683 542 3738 πλεῖστα
569 3683 950 3754 ἐνιπαπὲνων,
995 3685 1091 3739 κᾶν
1124 3682 1380 3747 κολάσεις
1427 3683 1765 3759 ἐπαρτῶνται
1822 3687 1958 3758 πρὸς

302 3777 404 3828 τοῦ
434 3770 653 3847 ἀνδρὸς,
683 3770 720 3843 ἤ
749 3774 886 3848 πρὸς
948 3779 1039 3828 τοῦ
1073 3772 1358 3842 δεσπότου,
1419 3773 1781 3852 φιλοσοφήσει
1832 3775 1862 3830 ὅ
1903 3796 1960 3830 τε

305 3859 526 3930 οἰκέτης
557 3858 594 3929 ἤ
622 3881 681 3915 τε
709 3863 866 3936 γυνή.
901 3862 1004 3916 Ναὶ
1042 3863 1149 3935 μὴν
1205 3863 1292 3917 xui
1350 3860 1652 3936 ἐλεύθερος,
1710 3862 1806 3918 κᾶν
1864 3886 1960 3919 τυ-

307 3948 510 4022 μάννου
541 3951 656 4022 (23)
689 3951 920 4011 θάνατος
966 3948 1260 4020 ἀπειλῆται
1310 3951 1513 4026 τούτῳ,
1569 3949 1664 4006 κᾶν
1727 3952 1813 4007 ἐπὶ
1877 3952 1958 4009 δι-

299 4038 572 4111 καστήρια
628 4038 846 4112 ἄγηται,
904 4039 993 4092 καὶ
1081 4038 1160 4100 εἷς
1209 4036 1491 4102 κινδύνους
1549 4040 1812 4116 ἐσχάτους
1871 4065 1960 4098 πε-

303 4123 612 4200 ριέλκηται,
642 4125 766 4199 περί
812 4147 871 4181 τε
927 4134 1028 4196 τῆς
1085 4129 1333 4197 κτήσεως
1371 4129 1582 4197 ἀπάσης
1613 4127 1957 4206 κινδυνεύσῃ,

303 4213 403 4268 οὐκ
448 4213 692 4292 ἀφέξεται
743 4222 842 4285 τῆς
897 4211 1202 4279 θεοσεϐείας
1272 4215 1390 4272 οὐδ’
1447 4219 1773 4274 ὁπωστιοῦνο
1832 4219 1957 4277 οὐδὲ

301 4301 602 4374 άπαυδήσει
635 4305 788 4372 ποτὲ,
819 4306 853 4374 ἡ
893 4306 984 4377 μὲν
1018 4307 1151 4380 γυνὴ
1186 4306 1380 4382 φαύλῳ
1426 4313 1748 4363 συνοικοῦσα
1780 4309 1955 4386 ἀνδρὶ,

301 4393 330 4447 ὁ
354 4389 410 4446 δὲ
442 4394 579 4463 υἱὸς,
613 4393 700 4448 ἐάν
734 4394 941 4472 φαῦλον
977 4392 1081 4471 ἔχῃ
1114 4394 1339 4470 πατέρα,
1373 4395 1408 4464 ἢ
1465 4399 1702 4472 πονηρὸν
1760 4397 1958 4454 δεσπό-

297 4501 398 4551 την
432 4482 460 4536 ὁ
507 4481 746 4554 οἰκέτης,
805 4491 904 4552 τῆς
956 4483 1152 4558 ἀρετῆς
1205 4479 1463 4560 ἐχόμενοι
1511 4486 1784 4560 γενναίως’
1827 4488 1956 4545 ἀλλ’

2089 559 2292 614 omnia
2315 575 2328 625 ;
2346 559 2455 613 hoc
2479 558 2637 613 enim
2656 558 3094 628 beneplacitnm
3115 562 3204 612 est
3218 558 3485 612 Domino.
3506 559 3732 624 Patres,

2088 648 2271 703 nolite
2304 647 2375 703 ad
2411 648 2881 719 indignationem
2927 665 3240 718 provocare
3288 648 3440 701 filios
3485 652 3732 712 vestros,

2085 743 2151 792 ut
2181 755 2301 792 non
2335 737 2552 808 pusillo
2585 739 2782 792 animo
2817 737 2981 792 (iant.
3009 737 3191 803 Servi,
3215 735 3446 791 obedite
3479 752 3585 806 per
3605 752 3728 790 om-

2083 827 2182 882 nia
2213 827 2472 881 dominis
2498 827 2857 892 carnalibus,
2883 843 3001 880 non
3026 827 3098 880 ad
3119 825 3358 880 oculum
3386 825 3727 890 servientes,

2084 921 2367 986 tanquam
2400 916 2739 971 hominibus
2770 917 3090 986 placentes,
3122 915 3224 968 sed
3257 915 3316 969 in
3349 914 3730 985 simplicitate

2083 1007 2299 1073 cordis,
2336 1007 2612 1061 timentes
2645 1007 2980 1062 Dominum.
3004 1008 3073 1059 Et
3095 1005 3494 1075 quodcunque
3516 1005 3729 1071 facitis,

2083 1111 2154 1149 ex
2184 1097 2382 1150 animo
2413 1095 2763 1167 operamini,
2799 1096 2952 1149 sicut
2997 1095 3247 1150 Domino
3298 1095 3640 1161 servientes,
3676 1093 3734 1148 et

2081 1201 2200 1240 non
2233 1185 2597 1251 hominibus,
2627 1185 2882 1239 scientes
2906 1185 3063 1254 quod
3087 1201 3120 1238 a
3153 1183 3400 1238 Domino
3430 1183 3734 1252 accipietis

2081 1275 2527 1329 retributionem
2560 1275 2963 1341 haereditatis;
3002 1275 3244 1328 domino
3289 1274 3448 1328 enim
3499 1273 3728 1327 Christo

2082 1364 2333 1419 servitis.
2366 1365 2472 1428 Qui
2509 1365 2668 1418 enim
2701 1364 2982 1435 injuriam
3009 1363 3166 1432 facit,
3193 1363 3441 1433 recipiet
3463 1361 3543 1426 id,
3569 1359 3724 1431 quod

2079 1452 2282 1522 inique
2303 1453 2486 1524 gessit
2511 1471 2522 1520 ;
2558 1459 2616 1508 et
2636 1470 2755 1508 non
2777 1459 2865 1508 est
2887 1468 3274 1523 personarum
3294 1451 3556 1522 acceptio
3571 1448 3726 1520 apud

2078 1541 2285 1597 Deum.
2323 1542 2582 1606 llomini,
2617 1541 2773 1612 quod
2796 1542 3026 1612 justum
3062 1545 3152 1594 est
3181 1546 3239 1593 et
3258 1556 3518 1610 (equum,
3542 1538 3724 1593 servis

2077 1636 2374 1701 prrestate,
2411 1631 2665 1686 scientes
2698 1630 2850 1701 quod
2877 1636 2935 1684 et
2958 1647 3061 1684 vos
3083 1629 3391 1683 dominum
3413 1628 3642 1683 habetis
3665 1627 3724 1681 in

2076 1720 2223 1774 cwlo
2248 1721 2323 1791 (a)
2351 1737 2362 1786 ;
2385 1720 2482 1774 ubi
2504 1737 2622 1774 non
2644 1727 2731 1773 est
2748 1722 2982 1774 Grmcus
3001 1735 3108 1773 nec
3130 1719 3386 1785 Iudaeus,
3412 1717 3722 1771 circumci-

2078 1810 2164 1864 sio
2195 1815 2255 1863 et
2285 1810 2665 1881 prmputium,
2694 1826 2803 1864 nec
2835 1808 3140 1874 barbarus,
3175 1823 3284 1862 nec
3328 1807 3562 1878 Scytha,
3612 1822 3722 1861 nec

2077 1915 2300 1965 servus,
2334 1916 2443 1954 nec
2475 1900 2646 1966 liber,
2681 1899 2782 1954 sed
2815 1899 3014 1954 omnia
3045 1903 3104 1953 et
3135 1900 3195 1953 in
3246 1897 3524 1953 omnibus
3553 1897 3720 1951 Chri-

2076 1994 2202 2042 stus
2232 1989 2328 2060 (ὁ).
2369 2012 2388 2035 ιι
2433 1989 2697 2044 Coalestis
2726 1995 2921 2044 autem
2955 1989 3232 2044 Ecclesiae
3264 1989 3454 2060 imago
3487 1993 3576 2042 est
3605 1991 3724 2041 ter-

2074 2077 2299 2131 restris.
2335 2079 2619 2143 Quocirca
2649 2095 2964 2149 precamur
3010 2079 3187 2133 etiam
3237 2100 3264 2126 «
3308 2078 3370 2132 in
3401 2083 3557 2132 terra
3589 2076 3718 2131 fieri

2073 2167 2435 2222 voluntatem
2461 2168 2560 2222 Dei
2593 2167 2746 2222 sicut
2768 2169 2828 2222 in
2855 2168 3000 2222 cmlo
3025 2168 3095 2238 (ο)
3122 2184 3134 2220 :
3158 2168 3478 2222 Induentes
3499 2167 3723 2220 viscera

2075 2257 2496 2321 miserationis,
2523 2256 2974 2328 benignitatem,
2998 2257 3418 2317 humilitatem,
3441 2271 3721 2309 mansue-

2076 2345 2365 2414 tudinem,
2399 2345 2728 2413 lenitatem,
2776 2347 3139 2400 sustinentes
3189 2361 3297 2398 nos
3344 2345 3618 2410 invicem,
3665 2347 3725 2397 et

2074 2434 2484 2490 condonantes
2515 2434 2686 2490 nobis
2715 2435 2992 2502 invicem,
3027 2435 3074 2490 si
3120 2434 3252 2505 quis
3284 2433 3563 2488 adversus
3611 2432 3724 2486 ali-

2076 2541 2252 2594 quem
2282 2524 2498 2580 habeat
2528 2524 2600 2578 de
2631 2541 2746 2595 quo
2769 2529 3056 2596 queratur
3080 2540 3092 2589 ;
3119 2524 3272 2579 sicut
3291 2523 3556 2577 Christus
3579 2538 3720 2576 con-

2075 2614 2314 2670 donavit
2343 2613 2535 2682 nobis,
2563 2615 2646 2670 ita
2676 2620 2735 2669 et
2764 2631 2892 2669 nos.
2925 2616 3112 2686 Super
3141 2613 3266 2667 haec
3289 2616 3485 2666 autem
3518 2609 3719 2663 omnia

2075 2705 2352 2769 Charitas,
2391 2703 2547 2775 quod
2579 2710 2668 2759 est
2696 2703 3000 2758 vinculum
3046 2702 3464 2773 perfectionis;
3518 2705 3576 2754 et
3605 2716 3718 2770 pax

2075 2794 2289 2849 Christi
2321 2799 2526 2864 regnet
2555 2793 2614 2847 in
2647 2793 2923 2847 cordibus
2955 2791 3183 2858 vestris,
3215 2790 3288 2845 ad
3320 2805 3496 2860 quam
3538 2787 3717 2844 etiam

2074 2885 2261 2938 vocati
2295 2885 2436 2938 estis
2482 2885 2540 2937 in
2572 2899 2690 2938 uno
2721 2899 3004 2954 corpore;
3051 2887 3108 2936 et
3138 2881 3284 2954 grati
3336 2884 3522 2935 estote
3563 2878 3658 2949 (ά).
3689 2902 3717 2930 ››

2075 2973 2229 3027 Nihil
2261 2972 2419 3026 enim
2449 2975 2605 3026 vetat
2635 2972 2954 3042 quominus
2982 2987 3135 3042 saepe
3159 2970 3365 3026 eadem
3393 2969 3722 3024 adducatur

2077 3062 2393 3133 Scriptura,
2427 3062 2473 3115 si
2507 3077 2623 3132 qua
2653 3061 2880 3116 ratione
2913 3061 3167 3115 Marcion
3195 3057 3562 3130 pudefactus,
3586 3074 3720 3113 mu-

2075 3157 2196 3206 tata
2225 3151 2541 3217 sententia,
2575 3151 2814 3206 tandem
2845 3155 3124 3222 agnoscat
3156 3155 3427 3220 oportere
3477 3147 3716 3201 ﬁdelem

2073 3258 2202 3297 esse
2232 3246 2462 3314 gratum
2496 3241 2555 3294 in
2588 3241 2770 3294 Deum
2803 3241 3096 3311 opificem,
3134 3239 3233 3308 qui
3267 3255 3376 3293 nos
3406 3237 3632 3292 vocavit
3660 3249 3720 3299 et

2070 3331 2242 3387 nobis
2269 3330 2648 3403 Evangelium
2676 3329 3047 3384 annuntiavit
3077 3329 3136 3383 in
3179 3344 3443 3399 corpore.
3492 3330 3573 3382 Ex
3621 3328 3714 3382 his

2071 3439 2206 3493 ergo
2240 3421 2410 3475 nobis
2442 3426 2531 3474 est
2558 3425 2780 3492 aperta.
2815 3435 2944 3489 qua:
2978 3423 3066 3472 est
3095 3435 3165 3472 ex
3210 3417 3348 3484 ﬁde,
3388 3419 3624 3482 unitas;
3661 3422 3720 3471 et

2071 3517 2375 3566 ostensum
2408 3516 2514 3571 est,
2546 3510 2677 3580 quis
2709 3509 2784 3563 sit
2812 3508 3126 3578 perfectus.
3161 3509 3353 3571 Quare
3385 3505 3471 3560 vel
3520 3506 3718 3560 invitis

2071 3599 2373 3670 aliquibus
2403 3605 2461 3653 et
2489 3615 2594 3670 pro
2622 3597 2775 3651 virili
2805 3596 3241 3661 resistentibus,
3265 3595 3495 3649 etiamsi
3527 3611 3562 3648 a
3590 3611 3719 3648 ma-

2070 3689 2183 3743 rito
2216 3688 2305 3742 vel
2335 3704 2370 3741 a
2397 3687 2638 3741 domino
2676 3685 3060 3755 impendeant
3089 3683 3400 3754 supplicia,
3451 3683 3716 3754 philoso-

2069 3778 2350 3850 phabitur
2377 3792 2577 3830 servus
2611 3780 2666 3829 et
2695 3774 2929 3829 mulier.
2973 3775 3307 3839 Quinetiam
3358 3773 3509 3827 liber
3553 3788 3710 3842 quo-

2069 3883 2204 3938 que,
2225 3865 2456 3919 etiamsi
2475 3871 2762 3935 tyrannus
2779 3863 2832 3917 ei
2851 3867 3102 3917 mortem
3125 3862 3455 3919 minitetur.
3480 3861 3712 3916 etiamsi

2069 3955 2318 4011 ducatur
2347 3953 2420 4009 ad
2444 3953 2666 4024 judicia
2691 3958 2750 4006 et
2778 3953 3046 4008 trahatur
3065 3951 3139 4007 ad
3168 3951 3380 4006 ultima
3399 3950 3714 4022 supplicia,

2069 4051 2127 4100 et
2157 4045 2228 4099 de
2259 4042 2637 4098 facultatibus
2667 4059 2733 4096 ac
2763 4041 3018 4096 fortunis
3066 4041 3190 4096 suis
3220 4041 3498 4097 omnibus
3519 4042 3716 4095 veniat

2069 4135 2129 4189 in
2157 4132 2509 4204 periculum,
2542 4131 2709 4186 nullo
2741 4130 2916 4186 modo
2947 4129 3010 4191 ’Β
3038 4130 3364 4185 abstinebit
3387 4147 3420 4184 a
3449 4147 3585 4184 vero
3611 4130 3711 4183 Dei

2067 4223 2249 4279 cultu.
2273 4224 2473 4293 Neque
2493 4237 2761 4292 unquam
2782 4219 3038 4282 deﬁciet.
3058 4219 3274 4274 mulier
3293 4219 3555 4289 quidem,
3580 4233 3712 4287 quso

2069 4331 2202 4368 cum
2235 4312 2389 4367 malo
2424 4311 2634 4367 marito
2661 4310 2908 4377 habitat,
2940 4315 3043 4363 aut
3065 4308 3244 4371 filius,
3279 4307 3326 4360 si
3360 4306 3580 4360 malum
3605 4306 3710 4359 ha-

2065 4404 2203 4458 beat
2223 4407 2475 4474 patrem,
2509 4401 2597 4454 vel
2621 4399 2955 4470 improbum
2981 4397 3285 4450 dominum
3319 4410 3542 4459 servus,
3576 4393 3711 4446 forti

2067 4511 2134 4548 ac
2165 4507 2450 4565 generoso
2482 4491 2679 4544 animo
2710 4489 2984 4541 virtutem
3017 4487 3465 4556 persequentes.
3509 4483 3619 4536 Sed
3646 4489 3712 4536 ut

300 4569 376 4632 ὡς
406 4567 561 4648 ἀνδρὶ
595 4573 956 4644 ἀποθνήσκειν
1015 4572 1183 4628 καλὸν
1250 4574 1383 4649 ὑπέρ
1438 4595 1496 4630 τε
1541 4574 1761 4650 ἀρετῆς,
1823 4578 1955 4654 ὑπὲρ

2078 4583 2186 4636 viro
2219 4580 2534 4652 pulchrum
2565 4583 2625 4632 et
2657 4577 2994 4639 honestum,
3028 4578 3087 4627 et
3115 4588 3220 4642 pro
3250 4572 3484 4637 virtute,
3514 4576 3573 4625 et
3601 4587 3708 4641 pro

365 4728 430 4792 ›ι‹
459 4726 520 4779 Ρ.
546 4728 649 4780 594
678 4727 788 4781 El).
823 4727 1114 4794 POTTEB,
1147 4730 1242 4781 501
1274 4728 1385 4795 ED,
1421 4729 1649 4783 PARIS.
1686 4731 1760 4796 (a)
1783 4731 1963 4787 Colos:

2084 4751 2122 4795 ι,
2156 4731 2241 4796 18,
2277 4729 2362 4790 19.
2396 4731 2486 4794 20,
2513 4730 2605 4793 21,
2629 4728 2719 4794 22,
2751 4728 2840 4793 23,
2875 4726 2965 4793 24,
2997 4725 3066 4778 25
3102 4741 3117 4791 ;
3145 4740 3221 4792 iv,
3257 4728 3310 4790 1,
3361 4723 3438 4793 (b)
3480 4722 3704 4778 Coloss.

294 4810 376 4861 ιιι,
405 4799 488 4850 11.
523 4796 592 4869 (c)
627 4797 828 4852 Matth.
865 4815 938 4865 γι,
977 4801 1077 4866 1Ο;
1111 4798 1244 4855 Luc.
1273 4815 1349 4869 xx,
1373 4801 1424 4853 2.
1461 4800 1535 4869 (ἀ)
1566 4800 1790 4857 Coloss.
1824 4820 1908 4872 ιιι,
1946 4807 1963 4859 1

2078 4803 2379 4870 13,14,15.

369 4963 479 5053 (16)
537 4967 670 5053 τοῖς
717 4959 998 5053 ,ἀνδράσιν
1058 4965 1134 5026 ὡς
1195 4966 1405 5053 άνσήκει.
1466 4968 1596 5052 Τοῖς
1653 4963 1822 5053 ἶδίρις,
1870 4967 1958 5022 ἆν-

294 5033 503 5127 seciam,
537 5035 613 5096 ὡς
646 5033 864 5105 ἀνῆκεν.
898 5038 1146 5109 Coloss.,
1170 5033 1462 5105 ubi'mox,
1483 5042 1647 5092 τοῦτο
1676 5040 1780 5113 γὰρ
1805 5038 1947 5095 ἐστιν

301 5127 538 5162 ευαοεστ.

367 5161 475 5250 (i7)
523 5178 630 5234 Τὸν
700 5177 923 5250 Κύριον·
985 5181 1072 5234 καὶ
1134 5187 1235 5234 πᾶν
1293 5181 1322 5234 δ
1373 5179 1462 5235 ἐὰν
1519 5201 1578 5236 π.
1640 5182 1744 5236 Τὸν
1797 5184 1947 5237 Θεόν·

294 5252 518 5325 καὶΔπᾷν
553 5251 582 5303 ὅ
611 5271 662 5304 τι
695 5249 899 5325 tam,
931 5253 1176 5318 Coloss.,
1228 5254 1328 5308 ubi
1392 5256 1948 5325 iiiox_participium

294 5319 646 5398 8001,5303!“
678 5323 1050 5398 desideratur
1085 5325 1290 5398 ;_dein,
1327 5325 1354 5378 ὁ
1502 5319 1700 5379 ἀδικῶν
1729 5319 1946 5398 κόμιεῖ-

291 5415 376 5450 ται
411 5391 660 5469 ὅᾼήδηθι
689 5413 948 5464 rursum,
1005 5392 1228 5457 δούλοις
1279 5391 1606 5469 ’παρέχεσθε
1649 5391 1812 5468 mox,
1841 5397 1947 5454 Κύ-

293 5487 410 5542 ριον
444 5465 495 5520 ἐν
529 5465 805 5542 οὐρανοῖς.

365 5542 476 5613 {18)
511 5531 788 5613 Βάρϐαρος
835 5542 962 5613 Σκ.⁸
982 5531 1292 5613 Βάρόαρος-
1317 5537 1428 5613 καὶ.
1458 5538 1690 5611 Σκύθης,
1752 5537 1948 5602 δοῦλος

294 5607 383 5665 καῖ
416 5607 596 5674 ὲλεύθί
627 5607 873 5677 Coloss.,
906 5610 1004 5664 ubi
1036 5607 1178 5664 mox
1204 5607 1349 5664 ἀλλά
1376 5610 1442 5664 τὰ
1472 5607 1660 5668 πάντα.

367 5680 688 5753 (19)Εἷκὼν
751 5679 964 5753 δδλτῆς
1026 5678 1146 5753 ούρ.
1207 5683 1298 5737 Sic
1356 5684 1529 5741 Hebr.
1590 5702 1668 5753 ix,
1723 5687 1789 5739 23
1827 5683 1953 5739 vra

297 5749 660 5828 ὑπεδείγματα
689 5756 792 5812 τῶν
825 5749 880 5807 ἐν
898 5755 1016 5814 τοῖς
1037 5749 1311 5829 οὐρανοῖς.

2141 4971 2252 5052 (2Q)
2277 4969 2470 5095 Ὅπερ.
2505 4967 2742 5048 Rectius
2773 4966 2921 5021 forte
2953 4961 3164 5038 διόπερ,
3202 4987 3229 5014 ‹‹
3265 4969 3626 5036 quapropter
3649 4980 3708 5048 Ξ»

2141 5048 2259 5095 Jult
2315 5041 2410 5095 Svl
2460 5082 2472 5095 .
2521 5039 2742 5095 Scribe.
2803 5034 2990 5095 διόπερ
3038 5035 3312 5095 εὐχόμεθα
3341 5035 3430 5089 καὶ
3463 5033 3548 5088 ἐπὶ
3606 5056 3707 5095 γης

2060 5033 2259 5131 inquit
2315 5033 2750 5131 svlb:_Scribe,
2787 5034 2990 5131 [διόπερ
3038 5033 3548 5131 εὶύἶόμεθᾶμκᾶὶηέπὶ
3606 5037 3707 5110 γῆς

2057 5107 2395 5188 γενεσθαι-το
2424 5113 2642 5188 θέλημα
2657 5113 2754 5164 τοῦ
2785 5107 3022 5188 Θεοῦρξς
3053 5107 3105 5161 ἐν
3135 5107 3706 5188 οὐρανοῖςᾘεικειιξξ.

2131 5188 2242 5254 (21)
2281 5180 2686 5254 Ἐκδυσάμενοι,
2741 5185 2881 5254 Post
2911 5183 3140 5254 aliquot
3171 5183 3506 5254 interiecta,
3545 5181 3713 5254 redit

2059 5250 2386 5312 ad'Coloss.
2421 5250 2639 5315 "1,12:
2672 5250 2991 5307 Ἐνδύσασθε
3015 5250 3145 5321 οὖν,
3179 5251 3252 5313 ὡς
3310 5250 3554 5307 ἐκλεκτοὶ
3610 5256 3707 5321 τοῦ

2059 5330 2197 5381 Θεοῦ
2229 5330 2370 5402 ἅγιοι
2403 5327 2491 5379 καὶ
2523 5325 2894 5402 ἠγαπημένοι,
2929 5320 3216 5402 σπλάγχνα
3257 5323 3577 5393 οἰκτιρμῶν,
3611 5320 3703 5402 Χρε

2129 5403 2242 5470 (22)
2275 5392 2482 5470 ”Ημῖν,
2543 5392 2733 5459 οὕτως
2772 5396 2858 5450 xui
2885 5392 2890 5394 ⁷
2917 5392 3337 5470 ήμεῖςξῗὙμῖν,
3395 5392 3565 5470 οὕτως
3598 5392 3706 5470 ’καί

2060 5463 2234 5541 ὑμεῖς,
2294 5463 2539 5530 Coloss.,
2587 5469 2684 5526 ubi
2738 5487 2908 5530 mox.
2942 5463 3362 5541 ’τήνλάγάπηη
3417 5469 3538 5536 ἣτις
3595 5463 3706 5516 ἐστὶ

2059 5536 2403 5610 σύνδζάθὶη,
2429 5541 2616 5616 εἷρήνη
2642 5543 2750 5616 *τοῦ
2796 5544 2930 5594 Θεοῦ
2965 5536 3314 5616 βασιλευέτωΣ

2133 5616 2246 5687 (23)
2277 5604 2573 5687 Τυράνᾴοδ,
2607 5604 2769 5668 Ὀιιῐιι
2802 5604 3242 5687 praepositione
3301 5608 3617 5683 legendum
3649 5604 3708 5660 ἐκ

2061 5684 2490 5762 τυράννου,ἐθιι
2515 5690 2651 5759 πρὸς
2681 5684 2966 5756 τυράννου.
2999 5684 3271 5737 Svmuac.
