4066 6192
351 305 494 364 1279

1581 306 1989 363 οιωιιπε
2023 306 2524 364 ΔΒΠΔΚΒΒῘΝῙ

3626 311 3763 370 1280

352 437 646 502 libertate,
680 437 739 490 et
766 450 873 506 pro
923 432 1118 505 seipso
1166 433 1338 499 mori,
1386 433 1468 488 ita
1506 434 1686 488 etiam
1735 433 1993 488 mulieri.

2114 449 2168 484 τε
2197 429 2526 507 ἐλευθερίας,
2563 431 2693 507 ὑπέρ
2749 453 2808 488 τε
2863 434 3082 505 δαυτοῢ,
3135 436 3212 497 ὡς
3265 432 3448 498 αὕτως
3506 439 3626 511 (24)
3681 438 3768 492 καὶ

356 525 481 580 Non
510 528 599 577 est
629 523 788 578 enim
817 523 930 577 hoc
961 523 1264 593 proprium
1299 521 1699 577 masculorum
1749 528 1997 587 naturae,

358 613 461 668 sed
492 613 809 667 bonorum.
853 614 919 665 Et
952 628 1130 665 senex
1163 627 1297 682 ergo
1331 611 1666 680 etjuvenis,
1699 617 1757 665 et
1785 611 2003 665 mulier

357 710 415 757 et
443 719 665 767 servus,
695 701 990 756 mandatis
1029 701 1313 756 obediens
1363 701 1618 756 fideliter
1641 701 1810 764 vivet,
1839 707 1918 766 et,
1952 701 1999 755 si

358 808 505 862 opus
522 792 720 857 fuerit,
741 792 1028 845 morietur
1052 808 1064 856 ;
1091 789 1248 861 quod
1270 790 1700 860 quidemfuerit
1716 806 1820 861 per
1838 806 2001 845 mor-

355 885 472 936 tem
505 880 805 934 viviﬁcari.
860 880 1087 933 Scimus
1135 878 1376 949 quidem
1408 884 1565 933 certe
1599 885 1656 932 et
1698 895 1914 948 pueros
1945 883 2003 933 et

354 969 638 1024 mulieres
658 973 715 1024 et
732 985 929 1022 servos
955 985 1132 1039 saepe,
1157 967 1353 1022 invitis
1377 967 1719 1038 parentibus
1741 974 1799 1021 et
1821 968 1999 1022 mari-

353 1059 430 1113 tis
461 1065 520 1113 et
545 1059 824 1123 dominis,
858 1058 1110 1113 evasisse
1141 1064 1416 1129 optimos.
1460 1059 1582 1112 Non
1619 1057 1816 1112 minus
1865 1073 2000 1129 ergo

357 1154 630 1219 prompto
663 1154 721 1202 et
751 1148 931 1203 alacri
964 1149 1160 1202 animo
1195 1164 1294 1201 eos
1325 1163 1454 1201 esse
1484 1152 1736 1217 oportet,
1774 1147 1873 1217 qui
1906 1147 1999 1217 pie

355 1237 534 1292 vitam
565 1243 703 1292 sunt
733 1237 940 1303 acturi,
971 1253 1106 1291 cum
1135 1237 1242 1290 visi
1271 1237 1492 1290 fuerint
1523 1235 1708 1306 aliqui
1756 1253 1857 1290 eos
1904 1253 2000 1290 ar-

361 1342 494 1381 cere
519 1343 532 1390 ;
553 1325 656 1380 sed
675 1325 861 1379 multo
880 1325 1067 1396 magis
1088 1325 1361 1379 convenit
1380 1324 1739 1379 contendere
1763 1329 1821 1378 et
1842 1340 2002 1396 egre-

357 1416 449 1487 gie
508 1413 833 1480 decertare,
887 1430 961 1468 ne
1019 1413 1154 1468 victi
1211 1413 1485 1468 excidant
1530 1413 1602 1468 ab
1651 1413 1891 1484 optimis
1944 1417 2002 1467 et

357 1503 612 1559 maxime
643 1504 996 1558 necessariis
1019 1502 1302 1557 consiliis.
1329 1505 1525 1572 Neque
1547 1503 1705 1557 enim
1729 1502 1999 1557 existimo

356 1593 542 1648 ullam
575 1592 887 1647 admittere
918 1592 1444 1662 comparationem,
1467 1597 1667 1646 utrum
1690 1591 1766 1644 sit
1787 1591 2001 1645 melius

356 1681 572 1736 ascribi
600 1681 659 1735 in
684 1681 1048 1736 consortium
1076 1680 1534 1750 Omnipotentis,
1558 1695 1632 1734 an
1661 1679 2000 1734 dmmonum

2111 519 2342 592 γυναικί·
2402 519 2467 574 οὐ
2517 522 2620 596 γὰρ
2699 527 2798 591 τῆς
2854 526 2961 576 τῶν
3041 520 3276 598 ἀρῥένων
3334 523 3550 600 φύσεως
3613 529 3770 580 τοῦτά

2114 607 2274 676 ἴδιον,
2308 609 2452 664 άΛλᾶ
2479 617 2577 679 τῆς
2607 615 2715 664 τῖον
2751 612 2987 685 ἀγαθῶν.
3021 612 3233 672 ΙΙιστῶς
3266 610 3358 666 οὖν
3420 614 3514 667 καῖ
3546 615 3574 669 6
3603 634 3770 688 πρεσ-

2113 692 2308 767 ϐύτης,
2367 699 2456 752 καὶ
2507 700 2535 753 6
2583 700 2721 766 νέος,
2776 701 2868 754 καὶ
2919 701 2948 755 6
3007 699 3244 770 οἰκέτης,
3308 702 3604 757 ὑπακούων
3654 709 3773 768 ταῖς

2112 785 2382 856 ἐντολαῖς,
2421 787 2674 864 βιώσεταί
2704 810 2762 844 τε
2790 789 2901 858 καὶ,
2962 787 3052 844 ἐὰν
3115 787 3234 864 δέῃ,
3263 793 3599 862 τεθνήξεται·
3638 792 3769 867 ὅπερ

2111 879 2172 932 ἄν
2207 877 2290 948 εἷή
2337 876 2426 932 διὰ
2482 881 2711 934 θανάτου
2771 882 3197 951 ζωοποιηθῆναι.
3249 883 3433 953 Ἴσμεν
3489 887 3624 958 γοῦν
3684 878 3772 938 καὶ

2111 965 2328 1037 παῖδας,
2359 968 2448 1022 καῖ
2479 974 2759 1043 γυναῖκας,
2791 971 2881 1023 καὶ
2940 969 3151 1033 οἰκέτας
3189 970 3492 1043 πολλάκις,
3525 972 3770 1028 ἀκόντων

2111 1054 2382 1127 πατέρων,
2413 1053 2503 1107 καὶ
2536 1052 2835 1122 δεσποτῶν,
2894 1055 2986 1108 καὶ
3042 1051 3274 1124 ἀνδρῶν,
3337 1055 3666 1130 βελτίστους
3691 1079 3779 1132 γε-

2112 1143 2345 1216 γονέναι.
2379 1139 2588 1198 Οὔκουν
2622 1141 2848 1198 ἔλαττον
2873 1145 3271 1218 προθυμεῖσθαι
3304 1146 3416 1219 χρὴ
3476 1145 3611 1209 τοὺς
3643 1146 3776 1219 μέλ-

2114 1229 2306 1291 λοντας
2338 1225 2605 1294 θεοσεϐῶς
2668 1233 2873 1302 ζήσειν,
2907 1229 3121 1286 ἐπειδὰν
3164 1230 3362 1308 εἴργειν
3396 1234 3606 1296 αὑτούς
3635 1255 3778 1295 τινες

2114 1316 2367 1373 δοκῶσιν·
2404 1316 2549 1373 ἀλλὰ
2579 1317 2724 1374 πολὺ
2755 1318 2923 1374 πλέον
2957 1322 3114 1392 οἶμαι
3163 1323 3460 1395 προσήκειν
3520 1320 3774 1378 σπεύδειν

2111 1430 2170 1464 τε
2199 1409 2286 1463 καὶ
2313 1408 2673 1482 ἀγωνίζεσθαι
2729 1406 3118 1487 διαφερόντως,
3177 1410 3328 1473 ὃπως
3361 1409 3444 1479 ἄν,
3480 1413 3559 1484 μὴ
3591 1414 3775 1483 ἡττη-

2115 1497 2316 1567 θέντες,
2349 1498 2662 1553 ἀποπέσωσι
2881 1503 2990 1554 τῶν
3051 1498 3287 1574 ἀρίστων
3337 1500 3429 1555 καὶ
3479 1501 3777 1574 ἀναγκαιο-

2112 1585 2285 1640 τάτων
2347 1585 2760 1662 βουλευμάτων.
2821 1587 2900 1644 Οὐ
2958 1589 3064 1663 γὰρ
3123 1587 3277 1660 οἶμαι
3336 1588 3627 1663 σύγκρισιν
3658 1589 3777 1643 ἐπι-

2115 1673 2391 1744 δέχεσθαι,
2445 1677 2674 1751 τὶτερον
2732 1678 2976 1749 ἄμεινον,
3037 1678 3310 1748 θιασώτην
3370 1679 3621 1751 γενέσθαι
3678 1682 3778 1733 τοῦ

358 1769 634 1826 tenebras
667 1770 902 1842 eligere.
939 1772 1081 1824 Nam
1113 1787 1244 1840 qum
1271 1786 1304 1824 a
1334 1769 1506 1823 nobis
1536 1769 1789 1823 aliorum
1814 1769 1998 1840 gratia

2114 1766 2574 1840 Παντοκράτορος,
2633 1764 2669 1834 ἢ
2724 1767 2788 1820 τὸ
2843 1770 2952 1820 τῶν
2991 1763 3266 1837 δαιμόνων
3299 1765 3519 1822 ἑλέσθαι
3553 1769 3776 1829 σκότος.

361 1859 532 1925 fiunt,
566 1875 636 1913 ea
667 1875 902 1930 semper
931 1858 1202 1926 facimus,
1226 1857 1425 1913 habito
1449 1857 1522 1912 ad
1553 1857 1688 1911 illos
1709 1863 2003 1928 respectu,

360 1963 613 2018 quorum
645 1948 832 2019 gratia
854 1953 1127 2018 suscepta
1157 1953 1314 2013 sunt,
1349 1962 1477 2001 eam
1518 1945 1690 2001 nobis
1735 1962 2002 2000 normam

358 2041 781 2106 proponentes,
817 2042 881 2090 ut
901 2035 1021 2089 illis
1042 2035 1462 2107 gratiﬁcemur.
1487 2035 1625 2099 Quae
1648 2039 1844 2090 autem
1869 2051 2005 2104 pro-

358 2129 491 2194 pter
520 2141 631 2178 nos
663 2125 824 2194 ipsos
848 2125 1042 2194 potius
1070 2140 1248 2195 quam
1279 2129 1520 2195 propter
1549 2124 1698 2179 alios
1729 2129 2004 2194 aguntur,

359 2212 576 2282 aequali
609 2212 804 2266 studio
835 2229 870 2266 a
900 2213 1070 2266 nobis
1103 2213 1192 2284 agi
1240 2212 1478 2279 debent,
1529 2213 1646 2267 sive
1695 2213 2006 2267 videantur

359 2301 508 2358 215
542 2299 841 2370 aliquibus
871 2301 1125 2371 placere,
1161 2301 1282 2356 sive
1314 2319 1431 2356 non
1479 2300 1808 2356 videantur.
1838 2301 2005 2366 Quod

360 2388 409 2442 si
442 2387 733 2442 nonnulla
766 2404 835 2441 ex
868 2388 960 2451 iis,
992 2405 1124 2459 quas
1157 2395 1296 2444 sunt
1326 2390 1748 2457 indifferentia,
1775 2395 2006 2445 tantum

361 2477 649 2531 honorem
681 2483 821 2531 sunt
849 2483 1142 2544 assecuta,
1175 2483 1242 2532 ut
1266 2478 1443 2533 etiam
1476 2478 1775 2549 aliquibus
1809 2479 2005 2534 invitis

359 2565 670 2619 videantur
687 2581 818 2620 esse
835 2565 1165 2635 expetenda
1187 2582 1254 2620 ac
1276 2566 1547 2638 eligenda
1569 2586 1582 2632 ;
1608 2567 1795 2621 multo
1817 2567 2004 2638 magis

361 2653 821 2708 existimandum
854 2660 944 2708 est
971 2671 1103 2708 esse
1147 2671 1252 2725 pro
1296 2655 1507 2709 virtute
1556 2654 2004 2720 decertandum,

359 2742 508 2797 nihil
541 2741 704 2796 aliud
735 2743 1123 2813 respicientes
1154 2760 1331 2814 quam
1360 2743 1440 2808 id,
1491 2744 1647 2814 quod
1695 2750 1852 2798 recte
1898 2745 2007 2798 ho-

359 2838 646 2902 nesteque
676 2833 797 2903 geri
831 2837 1046 2902 potest,
1081 2834 1198 2888 sive
1232 2833 1290 2887 id
1320 2834 1620 2904 aliquibus
1645 2833 1780 2888 aliis
1808 2834 2008 2889 videa-

360 2925 474 2986 tur,
511 2921 628 2975 sive
660 2937 800 2976 non.
833 2921 1085 2976 Pulchre
1107 2938 1242 2993 ergo
1270 2922 1558 2992 Epicurus
1581 2938 1818 2992 quoque
1843 2921 2004 2989 dicit,

360 3009 625 3064 scribens
643 3009 716 3064 ad
741 3011 1099 3064 Menwceum
1125 3027 1138 3064 :
1161 3032 1189 3059 ‹‹
1213 3011 1326 3064 Nec
1349 3011 1396 3064 si
1421 3009 1498 3063 sit
1515 3011 1732 3080 aliquis
1747 3011 2004 3080 juvenis,

2109 1856 2186 1910 Τά
2219 1854 2316 1926 μὲν
2335 1853 2436 1929 γὰρ
2494 1851 2682 1908 ἀλλων
2736 1850 2893 1908 ἕνεκα
2947 1855 3295 1929 πραττόμενα
3333 1858 3470 1927 ἡμῖν
3515 1857 3777 1912 ἑκάστοτε

2109 1945 2410 2017 πράξαιμεν
2444 1940 2527 2010 ὂὶν,
2587 1943 2662 2004 εἰς
2718 1942 2956 2005 ἐκείνους
3015 1939 3348 1998 ἀποϐλέπειν
3404 1946 3778 2019 πειρώμενοι,

2107 2035 2180 2088 ὧν
2211 2029 2367 2086 ἕνεκα
2391 2031 2632 2105 γίνεσθαι
2667 2028 2838 2100 δοκεῖ,
2876 2032 3070 2106 μέτρον
3117 2032 3422 2104 ἡγούμενοι
3479 2037 3649 2088 τοῦτο
3707 2035 3776 2088 τὸ

2107 2121 2160 2176 έν
2191 2120 2416 2181 ἐκείνοις
2445 2122 2866 2194 κεχαρισμένον·
2901 2119 2935 2174 ἂ
2992 2117 3050 2176 δὲ
3103 2121 3282 2176 αὐτῶν
3307 2125 3419 2194 (26)
3450 2120 3673 2194 μᾶλλον
3734 2121 3772 2193 ἤ

2105 2215 2264 2266 τινῶν
2296 2209 2513 2283 ἐτέρων,
2545 2213 2714 2264 ταῦτα
2744 2208 2802 2264 ἄν
2871 2212 3006 2282 ἡμῖν
3038 2209 3276 2285 γίγνοιτο
3337 2211 3474 2283 μετά
3511 2215 3614 2276 τῆς
3647 2211 3776 2281 ἴσης

2106 2297 2367 2367 σπουδῆς,
2401 2299 2488 2353 ἐάν
2520 2319 2580 2353 τε
2611 2299 2856 2372 ἀρέσκειν
2915 2299 3025 2353 τισὶ
3083 2297 3244 2372 δοκῇ,
3278 2299 3364 2354 ἐάν
3396 2321 3456 2354 τε
3510 2301 3599 2354 καὶ
3663 2302 3767 2372 μή.

2106 2388 2170 2446 Εἰ
2228 2386 2294 2457 δὴ
2352 2391 2460 2442 τῶν
2507 2385 2819 2461 ἀδιαφόρων
2879 2385 2993 2441 ἔνια
3039 2387 3298 2456 τοιαῦτην
3331 2386 3536 2462 εἴληχε
3565 2389 3768 2460 τιμὴν,

2108 2476 2245 2532 ὥστε
2300 2477 2390 2530 καὶ
2447 2475 2690 2530 ἀκόντων
2745 2480 2905 2530 τινῶν
2939 2477 3126 2550 αἱρετὰ
3192 2475 3325 2530 εἶναι
3376 2473 3581 2548 δοκεῖν,
3617 2476 3764 2532 πολὺ

2107 2562 2165 2620 δὲ
2194 2563 2360 2620 πλέον
2392 2567 2489 2634 τὴν
2523 2565 2716 2639 ἀρετὴν
2775 2565 3162 2639 περιμάχητον
3218 2567 3530 2637 νομιστέον·
3567 2567 3646 2637 μή
3678 2565 3763 2628 εἷς

2108 2651 2249 2708 ἄλλο
2279 2674 2330 2707 τι
2363 2653 2702 2726 ἀφορῶντας,
2757 2649 2901 2708 ἀλλὰ
2930 2652 3007 2714 εἰς
3035 2653 3166 2708 αὐτὸ
3191 2653 3252 2708 τὸ
3282 2652 3469 2715 καλῶς
3503 2660 3768 2728 πραχθῆ-

2107 2763 2193 2796 ναι
2225 2739 2544 2814 δυνάμενον,
2573 2741 2660 2796 ἐάν
2703 2762 2762 2796 τε
2811 2741 3015 2814 ἑτέροις
3067 2739 3204 2816 δοκῇ
3264 2764 3426 2808 τισιν,
3468 2741 3556 2796 ἰάν
3588 2763 3648 2797 τε
3676 2743 3772 2797 καὶ

2110 2835 2210 2904 μή.
2247 2829 2444 2892 Καλῶς
2474 2831 2564 2884 οὗν
2625 2829 2714 2885 καῖ
2767 2832 3096 2906 Ἐπίκουρος
3156 2833 3416 2888 Μενοικεῖ
3467 2836 3582 2905 (27)
3638 2834 3770 2907 γρά-

2109 2940 2240 2998 φων·
2272 2946 2290 2969 ο
2313 2922 2469 2990 Μήτε
2499 2921 2617 2982 νέος
2643 2923 2849 2993 (28ρτις
2870 2917 2942 2974 ὤν
2979 2919 3230 2993 μελλέτω
3261 2921 3774 2999 φιλοσοφεῖν,μήτε

2108 3011 2283 3086 γέρων
2320 3008 2580 3084 ὑπάρχων
2622 3010 2869 3064 κοπιάτω
2926 3007 3264 3088 φιλοσοφῶν·
3301 3009 3424 3065 οὕτε
3479 3012 3583 3087 γὰρ
3647 3008 3773 3066 ἃω-

359 3099 467 3154 ditl‘
468 3104 594 3153 erat
606 3098 1009 3170 phiIOSOphari
1041 3115 1052 3152 :
1069 3115 1262 3169 neque
1278 3099 1325 3153 si
1341 3099 1418 3153 sit
1435 3115 1634 3166 senex,
1651 3099 1998 3171 defatigetur

2117 3119 2206 3174 ρος
2237 3095 2412 3160 οὐδείς
2469 3098 2630 3168 ἐστιν,
2681 3097 2804 3152 οὕτε
2860 3098 3115 3172 πάρωρος
3158 3099 3295 3174 πρὸς
3320 3097 3384 3154 τό
3417 3099 3554 3155 κατὰ
3583 3101 3775 3174 ψυχὴν

359 3187 863 3260 philosophando;
889 3203 1025 3242 nam
1046 3204 1154 3243 nec
1167 3194 1256 3242 est
1272 3187 1489 3259 aliquis
1504 3190 1876 3256 immaturus,
1897 3205 1997 3243 ne-

357 3293 471 3347 que
505 3277 684 3332 nimis
711 3282 998 3348 provecta)
1030 3283 1088 3331 et
1118 3277 1416 3332 exhausta:
1448 3279 1659 3346 astatis,
1681 3277 1755 3332 ad
1783 3277 2004 3348 adipis-

357 3366 608 3423 cendam
640 3367 822 3421 animi
856 3366 1191 3422 sanitatem.
1217 3368 1322 3431 Qui
1347 3374 1541 3423 autem
1567 3367 1711 3422 dicit
1737 3367 2004 3422 nondum

356 3472 486 3510 esse
499 3455 585 3508 vel
603 3454 958 3525 praeteriisse
974 3461 1207 3526 tempus
1220 3455 1678 3527 philosophandi
1693 3456 1904 3510 similis
1919 3461 2008 3510 est

357 3543 410 3599 ei
430 3544 531 3613 qui
547 3543 692 3598 dicit
707 3543 780 3598 ad
799 3543 1233 3599 beatitudinem
1254 3544 1341 3599 vel
1356 3544 1622 3599 nondum
1636 3544 1842 3599 adesse
1865 3549 2004 3598 tem-

357 3649 488 3704 pus,
505 3632 590 3687 vel
609 3638 840 3704 tempus
856 3635 1431 3705 praeteriisseQuare
1447 3635 1733 3705 etjuniori
1748 3634 2005 3706 philoso-

356 3720 660 3793 phandum
677 3721 739 3784 -ι‹
759 3728 866 3788 est,
889 3728 948 3778 et
967 3723 1096 3778 seni
1123 3740 1135 3776 :
1155 3724 1291 3778 huic
1309 3724 1574 3794 quidem,
1597 3730 1663 3778 ut
1687 3740 2005 3779 senescens

345 3811 696 3881 juvenescat
734 3811 929 3878 bonis,
981 3829 1087 3883 per
1133 3813 1380 3885 gratiam
1425 3829 1628 3867 eorum
1674 3829 1805 3884 qua:
1850 3812 2007 3868 facta

350 3899 614 3965 fuerint;
647 3899 735 3953 illi
768 3907 989 3968 autem,
1021 3908 1088 3956 ut
1116 3902 1193 3956 sit
1230 3902 1409 3957 simul
1431 3903 1670 3974 juvenis
1715 3909 1774 3958 et
1803 3919 2004 3972 senex,

350 4002 460 4058 per
489 3987 829 4042 futurorum
858 3994 1054 4045 metus
1080 3991 1456 4048 vacuitatem.
1489 4013 1516 4040 ιι

2119 3186 2377 3260 ὑγιαίνειν
2409 3189 2540 3258 (29).
2575 3187 2635 3242 Ὀ
2665 3184 2722 3241 δὲ
2753 3186 2949 3263 λέγων,
2985 3188 3154 3258 μήπω
3213 3191 3325 3260 (30)
3383 3192 3482 3242 τοῦ
3540 3187 3782 3262 φιλοσο-

2114 3281 2228 3354 φεῖν
2289 3275 2554 3351 ὑπάρχειν
2615 3275 2792 3351 ὥραν,
2849 3274 3384 3350 ἢ.παρεληλυθέναι
3439 3278 3540 3345 τήν
3604 3275 3782 3353 ὣραν,

2111 3363 2308 3437 ὅμοιός
2337 3363 2447 3420 ἐστι
2497 3369 2576 3437 τῷ
2629 3363 2871 3439 λέγοντι,
2924 3365 3058 3440 πρὸς
3115 3363 3470 3439 εὐδαιμονίαν
3503 3366 3538 3435 ἢ
3604 3369 3782 3440 μήπω

2112 3459 2360 3523 παρεῖναι
2383 3456 2497 3527 (31)
2523 3454 2618 3522 τὴν
2650 3454 2815 3528 ὥραν,
2849 3451 2884 3523 ἢ
2913 3455 3105 3527 μηκέτ’
3154 3455 3287 3508 εἶναι
3319 3455 3417 3524 τὴν
3449 3453 3595 3530 ὥραν
3629 3459 3775 3529 (32).

2111 3545 2274 3598 ⁸¹Ωστε
2303 3541 2704 3620 φιλοσοφητέον
2763 3542 2854 3597 καὶ
2911 3541 3161 3616 νεωτέρῳ
3218 3543 3307 3598 καὶ
3359 3543 3577 3620 γέροντι
3638 3548 3780 3618 (33)·

2111 3637 2190 3703 τῷ
2250 3632 2369 3706 μὶν,
2425 3633 2574 3694 ὅπως
2634 3634 2924 3707 γηράσκων
3000 3631 3160 3705 νεάζῃ
3215 3638 3332 3693 τοῖς
3397 3634 3622 3707 ἀγαθοῖς
3682 3632 3778 3689 διὰ

2111 3724 2212 3790 την
2248 3721 2407 3797 χάριν
2434 3726 2542 3777 τῶν
2569 3722 2895 3798 γεγονότων,
2923 3727 3003 3794 τῷ
3034 3719 3114 3790 δὲ,
3144 3722 3295 3785 ’ὁπως
3351 3723 3473 3787 νέος
3504 3723 3621 3796 ἃμα
3673 3727 3769 3780 καὶ

2114 3809 2348 3873 παλαιὸς
2374 3810 2410 3885 ᾖ
2443 3809 2533 3865 διὰ
2559 3812 2658 3880 τήν
2688 3807 2920 3888 ἀφοϐίαν
2941 3815 3049 3866 τῶν
3083 3810 3430 3884 μελλόντων.
3469 3836 3497 3862 υ

921 4196 1049 4260 Quae
1080 4195 1326 4252 Christus
1343 4197 1412 4250 de
1440 4199 1702 4266 martyrii
1734 4108 2444 4266 bmeggiiudgxizcolligit
2475 4196 2534 4250 in
2565 4211 2734 4249 unum
2763 4201 2929 4264 atque
2956 4193 3221 4248 illustrat.

425 4320 502 4374 De
516 4319 798 4391 martyrio
812 4325 1010 4375 autem
1026 4326 1226 4392 aperte
1241 4319 1384 4374 dixit
1405 4321 1787 4390 Dominus(ea
1800 4326 1997 4376 autem

2179 4319 2313 4393 Ηερί
2348 4315 2404 4371 δὲ
2425 4321 2520 4370 τοῦ
2555 4314 2856 4392 μαρτυρίου
2912 4312 3212 4391 διαρῥήδην
3270 4317 3298 4370 ὁ
3351 4314 3550 4391 Κύριος
3609 4314 3769 4390 ε’ἱρη-

350 4408 531 4462 simul
561 4409 1014 4482 conjungemus,
1049 4426 1179 4480 quaa
1213 4409 1456 4465 diversis
1488 4410 1549 4464 in
1593 4409 1739 4464 locis
1770 4410 1990 4482 scripta

421 4541 484 4604 »Β
507 4539 570 4593 Ρ.
603 4540 708 4593 595
736 4539 848 4593 ED.
883 4540 1177 4606 POTTER,
1211 4542 1314 4593 502
1347 4540 1457 4594 ΕΙ).
1482 4539 1711 4594 PARIS.

421 4666 635 4738 (24)Ὡς
664 4662 858 4726 αὕτως.
880 4667 982 4722 Vel
1014 4667 1330 4738 coniuncte
1361 4664 1643 4727 ὡσαυτως.

578 4737 942 4808 Ἀποπέσωσι.
1007 4735 1230 4808 Duplex
1289 4742 1377 4793 est
1432 4738 1632 4806 lectio,
1686 4735 1999 4790 ἀποπέσωσι

351 4815 410 4864 et
433 4806 836 4864 ἀποπταίσωσι.
873 4806 1146 4865 Ξγιευιιό.

422 4881 532 4948 (26)
561 4880 774 4952 Αὐτῶν,
812 4880 911 4936 Vel
941 4880 1118 4935 αὑτῶν
1149 4897 1341 4952 asper.

427 4953 534 5012 (27)
593 4951 915 5020 Ἐπίκουρος
973 4953 1107 5008 Μεν.
1169 4951 1370 5008 Exstat
1442 4953 1568 5006 haec
1643 4952 1892 5022 epistola
1941 4952 2000 5006 in

352 5022 592 5096 Epicuro
615 5023 893 5096 Qiogenis
917 5025 1126 5079 Laertii
1179 5024 1279 5096 lib.
1343 5042 1399 5090 x,
1435 5041 1616 5096 segm.
1654 5027 1755 5076 {2'2
1785 5029 1844 5077 et
1872 5041 1995 5094 seq.

426 5091 538 5166 (28)
574 5162 582 5166 _
614 5091 768 5166 Μήτε
823 5098 964 5166 νέος.
1022 5097 1155 5149 Haec
1212 5095 1361 5150 forte
1412 5091 1657 5166 respicit
1702 5091 1997 5163 Horatius,

350 5160 586 5231 Epicuri
621 5164 851 5218 scilicet
879 5165 1228 5235 discipulus,
1263 5168 1435 5237 epist.
1473 5160 1530 5234 1,
1557 5184 1608 5234 v,
1633 5168 1699 5219 23
1734 5182 1747 5219 :

349 5270 439 5325 Sic
470 5268 608 5342 mihi
639 5269 800 5322 tarda
829 5272 1028 5338 ﬂuunt,
1053 5273 1386 5340 ingrataque
1417 5279 1678 5341 tempora,
1713 5288 1833 5340 qua:
1849 5289 1996 5342 spem

351 5340 763 5410 Consiliumque
808 5349 1100 5394 morantur
1129 5343 1330 5406 agendi
1360 5340 1614 5410 gnaviter
1633 5343 1714 5408 id,
1742 5340 1890 5412 quod

349 5416 523 5481 Eque
541 5413 881 5484 pauperibus
905 5413 1149 5482 prodest,
1187 5413 1542 5481 locupletibus
1580 5429 1733 5480 aeque
1763 5430 1781 5466 :

348 5487 521 5554 Eque
550 5485 856 5555 neglectum
879 5487 1091 5556 pueris,
1122 5485 1444 5552 senibusque
1473 5484 1706 5537 nocebit.

417 5593 530 5666 (29)
561 5590 868 5666 Ὑγιαίνειν,
929 5591 1212 5666 Ὑγιαῖνον,
1235 5663 1249 5666 _
1271 5591 1458 5666 [_.aert.
1504 5591 1779 5666 AUtraque
1820 5591 1990 5666 lectio

347 5663 533 5752 proba
563 5662 670 5727 est,
704 5662 1147 5752 inquit‘in'Not.
1181 5663 1253 5719 ad
1279 5663 1471 5752 Laert.
1501 5662 1821 5752 lienagius.
1843 5664 1990 5752 bego

349 5733 621 5807 ὑγιαίνειν,
664 5733 807 5807 quia
833 5737 1063 5792 videtur
1092 5743 1393 5806 utcunque
1425 5733 1642 5790 melius
1665 5749 1680 5802 ;
1704 5733 1899 5806 inquit
1928 5733 1988 5790 in

2097 4429 2184 4463 κεν
2246 4409 2382 4482 (καὶ
2440 4407 2508 4461 τὰ
2567 4403 2841 4484 διαφόρως
2927 4403 3281 4481 γεγραμμένα
3351 4405 3712 4478 συντάξομεν)
3752 4449 3768 4462 .

2117 4667 2247 4721 Vita
2279 4665 2505 4735 Epicuri
2525 4662 2878 4720 Cassendus.

2185 4737 2297 4807 (30)
2319 4731 2529 4803 Μήπω.
2574 4735 2838 4807 Laertius
2895 4731 2931 4801 ἢ
2965 4735 3144 4807 μήπω,
3166 4733 3392 4807 scribit.
3417 4734 3772 4807 Quinetiam

2113 4805 2598 4888 Qa'ssenﬂdoapud
2631 4806 2995 4862 Clementem
3027 4805 3612 4888 desiderariﬁdetur
3633 4824 3776 4888 par:

2114 4879 2292 4934 ticula
2317 4877 2351 4946 ἢ
2387 4878 2459 4933 ob
2485 4873 2864 4949 consequens
2898 4877 3256 4945 membrum,
3278 4877 3383 4932 ubi
3415 4873 3679 4932 occurrit
3733 4873 3772 4946 ἤ

2113 4951 2303 5021 μήπω.
2332 4950 2367 5018 ἢ
2405 4950 2622 5020 μηκέτι.

2183 5024 2291 5089 131)
2353 5022 2533 5090 Μήπω
2590 5024 2874 5092 παρεῖναι.
2933 5020 3024 5086 Μὴ
3084 5023 3334 5092 παρεῖναι
3391 5019 3584 5074 Laert.
3634 5021 3771 5076 Cle-

2109 5095 2327 5149 mentis
2356 5095 2532 5148 lectio
2567 5093 2827 5162 Menagio
2859 5093 3045 5163 magis
3085 5091 3299 5162 placet.
3331 5093 3596 5162 itemque
3620 5093 3769 5147 Gas-

2107 5165 2310 5254 sendo,
2343 5182 2410 5219 eo
2441 5163 2602 5235 quod
2635 5163 2825 5234 μήπω,
2870 5170 2934 5218 ut
2961 5164 3061 5231 ait,
3109 5170 3445 5234 opponatur
3489 5163 3620 5217 voci
3656 5183 3767 5232 μη-

2104 5255 2211 5289 κετ·
2225 5281 2236 5292 .

2176 5309 2284 5376 (32)
2344 5306 2547 5372 Μήκετ⁹
2614 5305 2746 5376 εἶναι
2830 5303 2929 5370 τήν
3019 5300 3162 5376 ὥραν
3198 5347 3211 5358 .

2105 5374 2320 5445 l.aert.,
2355 5379 2457 5433 sed
2486 5378 2584 5444 τήν
2621 5375 2763 5449 ὥραν
2819 5393 2941 5430 non
3001 5374 3269 5449 agnoscit
3299 5392 3312 5427 :
3345 5374 3504 5444 quod
3563 5380 3766 5431 tamen

2103 5450 2404 5505 (lassendo
2437 5467 2558 5504 non
2592 5447 2916 5520 inoongrue
2961 5447 3147 5520 repeti
3179 5447 3431 5511 videtur,
3466 5454 3768 5517 quatenus

2103 5523 2354 5593 repetita
2414 5539 2650 5592 quoque
2705 5518 2794 5574 in_
2826 5518 3132 5590 superiore
3192 5525 3517 5589 contraque
3569 5521 3766 5590 posito

2103 5593 2370 5648 membro
2393 5593 2522 5646 fuit.

2172 5665 2282 5734 (33)
2313 5663 2418 5718 Καὶ
2478 5659 2754 5736 νεωτέρῳ,
2813 5660 2908 5736 καὶ,
2959 5657 3357 5736 γέροντιηΚαῖ
3418 5659 3641 5736 γέροντι
3679 5660 3766 5714 καί

2103 5732 2230 5807 νέφ,
2264 5735 2449 5792 Laert.
2475 5732 2660 5792 Porro
2690 5732 2952 5806 Menagio
2977 5732 3187 5805 placet
3216 5732 3396 5790 lectio
3429 5732 3762 5802 Laertiana,

3291 5302 3504 5369 Μηκέτι
3575 5301 3714 5357 εῖναι
3751 5345 3766 5371 ,
