4066 6192
278 351 412 408 1281

273 475 433 550 Λέγω
492 471 558 528 δὶ
603 473 730 544 ὑμῖν
765 491 778 504 °

274 565 400 638 ὁμοί
452 561 759 635 ἔμπροσθεν
814 564 922 614 τῶν
978 559 1299 634 ἀνθρώπων,
1343 559 1434 613 καὶ
1470 559 1497 612 6
1530 559 1655 623 Υἱὸς
1682 563 1780 614 τοῦ
1833 560 1930 613 ἆν-

276 653 500 728 θρώπου
558 649 901 724 ὁμολογήσει
958 647 1010 702 ἐν
1079 647 1226 720 αῦτῷ
1276 642 1576 723 ἔμπροσθεν
1626 653 1731 702 τῶν
1783 648 1933 724 ἐγγέ-

277 742 389 798 λων
422 745 518 796 τοῦ
550 743 704 794 Θεοῦ.
737 739 842 795 Τὸν
903 735 960 792 δὲ
989 735 1364 809 ἀρνησάμενὸν
1419 758 1485 809 με
1536 735 1764 791 ἐνώπιον
1823 742 1930 792 τῶν

280 832 600 906 ἀνθρώπων,
657 829 1045 898 ἀπαρνήσομαι
1094 825 1252 880 αὐτὸν
1317 823 1620 900 ἔμπροσθεν
1672 829 1780 879 τῶν
1835 826 1935 900 ἁγ-

279 919 458 996 γέλων
511 919 644 990 (35).
698 918 792 978 ’ος
834 915 935 992 γὰρ
989 913 1048 969 ἂν
1101 914 1440 989 ἐπαισχυνθῇ
1475 935 1564 988 με,
1595 914 1631 982 ἢ
1659 914 1787 976 τοὺς
1821 916 1930 987 (36)

279 1008 446 1082 ἐμοὺς
505 1006 702 1080 λόγους
758 1005 811 1060 ἐν
853 1008 923 1078 τῇ
972 1007 1127 1079 γενεᾷ
1167 1003 1336 1074 ταύτῃ
1384 1007 1453 1077 τῇ
1498 1000 1793 1078 μοιχαλίδι
1842 1001 1932 1057 καὶ

281 1094 621 1171 ἁμαρτωλῷ,
677 1094 764 1149 καὶ
820 1094 848 1148 ὁ
879 1093 1002 1154 Υἱὸς
1036 1096 1134 1147 τοῦ
1165 1093 1452 1166 ἀνθρώπου
1501 1092 1932 1167 ἐπαισχυνθήσε-

279 1207 368 1243 ται
400 1185 579 1258 αὐτὸν,
635 1182 762 1238 ὅταν
813 1176 946 1256 ἔλθῃ
995 1180 1046 1236 ἐν
1095 1185 1164 1255 τῇ
1216 1179 1344 1254 δόεῃ
1374 1185 1471 1237 τοῦ
1503 1180 1712 1256 Πατρὸς
1741 1181 1932 1248 αὐτοῦ,

285 1275 422 1348 μετὰ
448 1277 557 1329 τῶν
589 1270 840 1348 ἀγγέλων
881 1270 1066 1325 αὐτοῦ.
1128 1275 1237 1332 Πᾶς
1298 1268 1389 1324 οῦν
1443 1269 1590 1332 ὅστις
1649 1269 1737 1324 ἐὰν
1796 1270 1936 1342 ὁμο-

280 1361 495 1437 λογήσῃ
524 1364 640 1436 (37)
672 1361 722 1416 ἐν
757 1359 883 1433 ἐμοὶ
930 1357 1232 1434 ἔμπροσθεν
1264 1363 1371 1413 τῶν
1419 1359 1744 1433 ἀνθρώπων,
1797 1358 1934 1431 ὁμο-

280 1452 513 1528 λογήσω
560 1450 716 1525 κάγὼ
764 1450 816 1504 έν
867 1449 1020 1520 αὖτῷ
1051 1446 1352 1523 ἔμπροσθεν
1409 1453 1508 1502 τοῦ
1561 1449 1771 1522 Πατρός
1828 1468 1934 1519 μου

278 1546 378 1597 τοῦ
427 1540 478 1595 ἐν
529 1540 798 1615 οὐρανοῖς.
853 1539 1016 1595 Ὅταν
1066 1535 1122 1592 δὲ
1153 1536 1388 1613 φέρωσιν
1426 1537 1565 1610 ὑμᾶς
1594 1537 1671 1600 είς
1697 1537 1790 1598 τὰς
1824 1539 1932 1608 (38)

283 1631 620 1706 συναγωγὰς,
669 1627 760 1684 καὶ
817 1627 912 1692 τὰς
973 1626 1172 1701 ἀρχὰς,
1229 1627 1319 1680 καὶ
1373 1627 1470 1688 τὰς
1528 1624 1793 1698 ἐξουσίας,
1856 1626 1932 1698 μὴ

283 1723 700 1794 προμεριμνᾶτε
755 1721 875 1778 πῶς
935 1715 1356 1790 ἀπολογηθῆτε,
1407 1715 1442 1784 ἢ
1500 1715 1552 1770 τί
1604 1713 1814 1785 εἴπητε·
1872 1715 1935 1770 τὸ

1604 348 2052 405 ΒΤΒΟΜΔΤΠΜ
2090 351 2224 404 LIB.
2263 353 2361 406 IV.

842 475 952 534 Πᾶς
1025 471 1086 533 ὃς
1162 469 1252 525 δᾶν
1327 473 1435 542 (34)
1495 468 1818 546 ὁμολογήσῃ
1874 468 1925 524 ἐν

2065 480 2202 547 sunt)
2229 494 2242 532 :
2267 500 2294 527 «
2321 478 2461 533 Dico
2479 481 2676 533 autem
2703 477 2870 533 vobis
2893 494 2906 531 :
2931 498 2960 526 «
2993 475 3416 545 Quicunquein
3436 492 3531 532 me
3554 493 3690 532 con-

3555 351 3693 408 1282

2040 568 2234 623 fessus
2261 567 2442 622 fuerit
2472 583 2670 622 coram
2702 566 3062 621 hominibus.
3096 565 3278 621 Filius
3311 565 3488 620 etiam
3507 567 3691 621 homi-

2045 657 2138 712 nis
2156 656 2538 711 confitebitur
2568 655 2629 710 in
2653 672 2720 711 eo
2741 672 2940 711 coram
2963 654 3191 727 angelis
3214 655 3335 709 Dei.
3362 655 3468 720 Qui
3491 661 3689 710 autem

2045 763 2138 800 me
2173 745 2470 818 negaverit
2497 761 2695 800 coram
2725 744 3090 807 hominibus,
3115 745 3342 816 negabo
3374 745 3569 816 ipsum
3591 761 3692 800 co-

2043 851 2171 888 ram
2193 834 2419 906 angelis
2442 835 2534 901 (α).
2551 835 2734 898 Quem
2757 835 2915 888 enim
2933 833 3169 901 mei,vel
3192 850 3458 888 meorum
3482 833 3688 888 verbo-

2045 939 2177 977 rum
2197 923 2477 994 puduerit
2498 924 2558 977 in
2579 923 2687 978 hac
2707 923 3092 995 generatione
3115 923 3385 978 adultera
3405 927 3463 977 et
3483 939 3689 993 pecca-

2047 1013 2213 1078 trice,
2249 1013 2459 1066 Filium
2481 1028 2717 1082 quoque
2740 1012 3000 1067 hominis
3028 1013 3155 1082 ejus
3173 1011 3436 1082 pudebit,
3451 1011 3689 1080 quando

2046 1101 2274 1155 venerit
2302 1101 2364 1155 in
2392 1100 2640 1173 gloriam
2674 1100 2865 1156 Patris
2895 1101 2984 1154 sui
3017 1117 3151 1155 cum
3183 1099 3410 1172 angelis
3443 1101 3566 1154 suis
3591 1101 3689 1171 (b).

2047 1191 2394 1261 Quicunque
2426 1205 2562 1262 ergo
2594 1191 2654 1244 in
2685 1207 2780 1245 me
2815 1189 3124 1245 confessus
3151 1189 3330 1244 fuerit
3358 1205 3556 1244 coram
3587 1189 3696 1244 ho-

2049 1278 2332 1347 minibus,
2364 1295 2469 1351 ego
2500 1296 2738 1350 quoque
2767 1278 2828 1333 in
2861 1295 2930 1333 eo
2952 1277 3280 1333 confitebor
3300 1293 3499 1332 coram
3523 1279 3695 1332 Patre

2049 1387 2202 1434 meo,
2227 1370 2328 1440 qui
2349 1375 2440 1425 est
2460 1371 2521 1426 in
2543 1370 2705 1426 cmlis
2727 1370 2817 1440 (c)°
2841 1371 2984 1424 Cum
3007 1374 3201 1424 autem
3237 1368 3582 1424 induxerint
3595 1384 3697 1422 vos

2051 1459 2113 1512 in
2145 1475 2469 1531 synagogas
2501 1465 2558 1512 et
2609 1458 2682 1514 ad
2713 1459 3089 1530 magistratus
3132 1462 3192 1512 et
3239 1461 3579 1528 potestates,
3621 1472 3696 1511 ne

2051 1548 2216 1618 prius
2239 1547 2478 1603 solliciti
2500 1547 2628 1602 sitis
2652 1547 2947 1618 quomodo
2971 1544 3399 1617 respondeatis.
3429 1549 3530 1600 aut
3551 1543 3694 1615 quid

2051 1636 2381 1706 loquamini
2409 1653 2421 1690 :
2455 1637 2706 1707 Spiritus
2736 1636 2894 1690 enim
2926 1641 3165 1690 sanctus
3213 1634 3448 1690 docebit
3489 1652 3589 1688 vos
3632 1634 3694 1687 in

2052 1726 2182 1796 ipsa
2211 1726 2358 1780 hora
2387 1725 2528 1796 quid
2563 1725 2889 1796 loquamini
2922 1725 3022 1796 (ἀ),
3059 1747 3086 1773 ››
3116 1725 3282 1779 Hunc
3303 1724 3502 1778 locum
3519 1739 3694 1796 expo-

286 1808 392 1886 γὰρ
423 1808 575 1882 ἅγιον
629 1809 845 1879 Πνεῦμα
893 1802 1096 1877 διδάξει
1148 1803 1290 1876 ὑμᾶς
1321 1804 1373 1860 ἐν
1426 1804 1562 1878 αὐτῇ
1591 1808 1660 1899 τῇ
1693 1805 1829 1879 ὥρᾳ,
1883 1801 1936 1857 τί

2065 1831 2200 1869 iens
2233 1814 2578 1880 Heracleon,
2603 1814 2851 1883 cujusin
2872 1814 3074 1869 schola
3106 1813 3400 1868 Valentini
3431 1813 3544 1868 fuit
3574 1829 3698 1867 ma-

288 1893 372 1952 δεῖ
420 1895 613 1954 εἰπεῖν.
670 1918 698 1947 ››
743 1891 950 1952 Τοῦτον
1001 1891 1366 1966 ἐξηγούμενος
1416 1894 1508 1948 τὸν
1565 1888 1732 1948 τόπον
1776 1893 1944 1966 Ἠρα-

2065 1903 2209 1958 rima
2228 1903 2610 1969 existimatio,
2635 1903 2727 1958 his
2757 1902 2950 1958 verbis
2973 1902 3118 1956 dicit
3145 1919 3157 1956 :
3195 1922 3219 1953 α
3253 1901 3698 1957 Confessionem

291 1984 470 2040 κλέων
502 1986 637 2058 (39),
671 1985 699 2038 ὁ
729 1986 827 2052 τῆς
869 1981 1236 2040 Οὐαλεντίνου
1285 1983 1500 2056 σχολῆς
1548 1979 1942 2054 δοκιμώτατος,

287 2075 428 2130 κατά
467 2073 610 2146 λέξιν
662 2072 848 2149 φησὶν,
910 2095 931 2124 ι
967 2069 1271 2146 ὁμολογίαν
1333 2071 1465 2126 εἶναι
1512 2072 1611 2139 τήν
1663 2071 1756 2139 μὶν
1789 2069 1840 2125 έν
1875 2073 1942 2142 τῇ

288 2162 464 2217 πίστει
509 2162 597 2216 καὶ
639 2158 912 2231 πολιτείᾳ,
961 2161 1060 2228 τήν
1094 2156 1152 2214 δὲ
1203 2159 1255 2214 ἐν
1289 2164 1465 2236 φωνῇ.
1497 2160 1560 2216 Ἡ
1613 2161 1707 2232 μὲν
1759 2157 1848 2213 οῦν
1889 2155 1943 2212 έν

288 2255 446 2330 φωνῇ
477 2248 753 2325 ὁμολογία
776 2248 864 2304 καὶ
899 2247 985 2304 έπὶ
1011 2253 1119 2303 τῶν
1153 2247 1406 2318 ἐξουσιῶν
1435 2247 1660 2324 γίνεται,
1718 2249 1778 2317 ἣν
1842 2246 1947 2321 μό·-

286 2362 409 2410 νην,
443 2339 633 2415 φησὶν,
663 2339 963 2412 ὁμολογίαν
995 2340 1259 2412 ¹ἡγοῦνται
1293 2338 1427 2392 εἶναι
1480 2338 1532 2392 οἱ
1569 2336 1799 2393 πολλοίο
1840 2335 1949 2411 οὐχ

291 2430 480 2505 ὑγιῶς·
513 2427 764 2483 δύνανται
798 2425 856 2482 δὲ
884 2426 1086 2496 ταύτην
1119 2427 1219 2495 τὴν
1249 2426 1553 2502 ὁμολογίαν
1584 2427 1674 2481 καὶ
1727 2427 1780 2481 οἱ
1813 2427 1948 2481 ὑπο-

288 2518 472 2595 κριταὶ
530 2515 848 2590 ὁμολογεῖν.
883 2513 1039 2570 Ἀλλ’
1070 2512 1189 2570 οὐδ’
1221 2516 1571 2590 εὑρεθήσεται
1602 2516 1760 2577 οὗτος
1791 2515 1818 2568 ὁ
1849 2512 1947 2568 λό-

290 2629 388 2684 γος
431 2607 742 2667 καθολικῶς
774 2604 1087 2680 εἰρημένοςο
1127 2603 1189 2659 οὐ
1218 2605 1320 2680 γὰρ
1374 2604 1569 2666 πάντες
1604 2606 1656 2659 οἱ
1703 2605 1950 2677 σωζόμε-

292 2717 380 2751 νοι
407 2693 780 2769 ὡμολόγησαν
839 2699 938 2762 τήν
988 2690 1077 2747 διὰ
1101 2700 1201 2761 τῆς
1251 2700 1438 2769 φωνῆς
1469 2693 1802 2768 ὁμολογίαν,
1859 2691 1950 2747 καὶ

294 2784 542 2856 έξῆλθον.
578 2785 666 2854 Ἐξ
697 2781 770 2837 ὧν
830 2783 1128 2852 Ματθαῖος,
1161 2779 1466 2850 Φίλιππος,
1517 2787 1738 2855 Θωμᾶς,
1789 2783 1951 2843 Λευῖς

298 2879 436 2947 (40),
494 2873 582 2929 καὶ
639 2870 804 2928 ἄλλοι
854 2869 1083 2927 πολλοί.
1146 2872 1243 2924 Καὶ
1284 2869 1428 2925 ἔστιν
1457 2874 1490 2939 ἡ
1524 2867 1612 2925 διὰ
1633 2877 1733 2940 τῆς
1766 2873 1951 2947 φωνῆς

299 2962 582 3037 ὁμολογία
625 2962 688 3015 οὐ
736 2958 1036 3028 καθολιιιὴ,
1087 2957 1234 3014 ἀλλὰ
1284 2960 1502 3032 μερική.
1563 2957 1840 3026 Καθολική
1873 2955 1951 3024 δὲ,

298 3053 369 3123 ἣν
400 3056 490 3106 νῦν
525 3050 692 3124 λέγει,
718 3049 818 3117 τὴν
853 3049 904 3104 ἐν
961 3046 1144 3122 ἔργοις
1175 3046 1264 3102 καὶ
1321 3048 1540 3120 πράξεσι
1573 3045 1953 3116 καταλλήλοις

296 3145 402 3206 τῆς
432 3140 506 3201 εἰς
539 3138 698 3193 αὐτὸν
730 3137 984 3198 πίστεως.
1037 3139 1266 3192 Ἕπεται
1297 3133 1355 3190 δὲ
1382 3136 1550 3210 ταύτῃ
1581 3139 1650 3209 τῇ
1682 3134 1958 3210 ὁμολογίᾳ

295 3199 456 3299 καὶ-ἡ
494 3199 715 3301 μερικὴ,
765 3229 799 3296 ἡ
855 3225 942 3281 ἐπὶ
1001 3230 1108 3280 τῶν
1166 3225 1439 3297 ἐξουσιῶν,
1498 3199 1586 3280 ἐᾶν
1626 3199 1765 3300 Γδέ’ξὶ,
1805 3199 1892 3279 καί
1986 3199 2029 3266 C

299 3317 468 3394 λόγος
495 3314 621 3394 αἶ’ρῃ
652 3318 784 3390 (41)·
821 3314 1161 3389 ὁμολογήσει
1209 3315 1312 3389 γὰρ
1357 3314 1514 3376 οὗτος
1562 3313 1651 3368 καὶ
1680 3317 1749 3387 τῇ
1799 3312 1953 3390 φωνῇ

301 3407 500 3481 ὀρθῶς,
563 3401 1030 3480 προομολογήσας
1089 3402 1350 3477 πρότερον
1408 3406 1476 3475 τῇ
1535 3399 1788 3466 διαθέσει.
1849 3402 1953 3458 Καὶ

298 3493 489 3558 καλῶς
517 3493 605 3549 ἐπὶ
642 3494 734 3565 μὲν
761 3495 868 3546 τῶν
902 3489 1350 3565 ὁμολογούντων,
1386 3516 1413 3543 ‹‹
1447 3490 1500 3546 έν
1525 3491 1672 3564 ἐμοὶ,
1711 3515 1732 3542 ι
1786 3492 1952 3546 εἶπεν*

305 3584 397 3641 ἐπὶ
426 3581 484 3638 δὲ
528 3587 636 3637 τῶν
686 3579 1028 3656 ἀρνουμένων
1074 3580 1135 3634 σὸ
1171 3603 1192 3630 ι
1227 3578 1325 3652 ἐμὲ
1357 3604 1386 3631 ››
1433 3579 1787 3654 προσέθηκεν.
1839 3581 1955 3638 Οὗ-

305 3694 396 3728 τοι
427 3673 554 3746 γὰρ,
585 3666 680 3723 κᾶν
708 3672 777 3742 τῇ
819 3671 974 3744 φωνῇ
1007 3666 1433 3744 ὁμολογήσωσιν
1492 3670 1678 3737 αὐτὸν,
1727 3669 1955 3744 ἀρνοῦν-

306 3782 398 3816 ται
447 3757 630 3823 αὐτὸν,
681 3760 751 3830 τῇ
796 3755 983 3830 πράξει
1037 3757 1112 3829 μὴ
1165 3755 1589 3831 ὁμολογοῦντες.
1637 3757 1792 3830 μόνοι
1826 3755 1871 3812 δ’
1902 3756 1955 3812 ἐν

308 3849 459 3921 αὐτῴ
491 3846 861 3920 ὁμολογοῦσιν
895 3845 946 3898 οἱ
979 3845 1029 3899 έν
1069 3849 1138 3918 τῇ
1186 3847 1303 3899 κατ’
1351 3847 1514 3901 αὐτὸν
1569 3845 1840 3920 ὁμολογίᾳ
1866 3845 1957 3902 καὶ

307 3939 496 4015 πράξει
531 3936 797 4012 βιοῦντες,
853 3933 904 3988 ἐν
954 3936 1036 3995 οἷς
1065 3933 1156 3989 καὶ
1189 3934 1348 3997 αὐτὸς
1378 3933 1667 4012 ὁμολογεῖ,
1699 3935 1877 4007 ἐνειλη
1891 3957 1957 4008 μ-

313 4028 473 4102 μᾶνος
524 4024 721 4086 αὐτοὺς
774 4025 906 4098 (42),
939 4023 1029 4078 καὶ
1068 4023 1336 4099 ἐχόμενος
1367 4026 1470 4080 ὑπὸ
1497 4026 1726 4084 τούτων.
1762 4027 1957 4102 Διόπερ

383 4155 446 4218 .x.
473 4147 534 4200 P.
566 4145 670 4198 596
701 4143 810 4218 ED.
844 4143 1140 4210 POTTER,
1173 4147 1297 4212 502,
1329 4146 1431 4199 503
1463 4146 1573 4200 El).
1607 4147 1836 4202 PARIS.

310 4217 561 4290 (d)Luc.
589 4232 692 4272 xu.
728 4217 815 4282 11,
847 4218 930 4268 12.

310 4337 379 4388 ut
407 4333 586 4406 etiam
621 4329 918 4406 Cassendo
944 4346 964 4406 ;_
993 4346 1127 4406 cum
1149 4346 1342 4406 neque
1373 4348 1479 4406 pro
1498 4331 1720 4406 γέροντι
1753 4332 1966 4406 legitur

309 4402 628 4479 γεραιτέρῳ,
661 4417 856 4479 neque
886 4401 1057 4479 initio
1081 4401 1346 4479 epistolae
1370 4401 1464 4479 cui
1496 4401 1607 4458 hoc
1631 4401 1963 4461 membrum

309 4471 654 4548 respondet,
679 4471 1206 4548 legiturysdmp'oc,
1240 4474 1344 4529 sed
1374 4475 1516 4534 νὲος.

386 4539 492 4618 (34)
524 4539 669 4618 Ἐάν.
705 4539 872 4618 ᾡς,
899 4539 982 4598 ἅν.

383 4613 495 4708 (35)
550 4617 658 4673 Τὸν
685 4613 776 4708 Δδὲ
850 4614 1223 4708 ὅιρνησάμενον
1307 4615 1785 4708 ,ἐλάξαξνὴσοιῆαι
1867 4613 1959 4670 αὖ.

308 4683 401 4763 τὸν
462 4683 767 4763 ἔμπροσθεν
825 4691 936 4763 τῶν
975 4683 1269 4761 -ἆγγέλωω
1322 4687 1384 4763 ’.Ο
1435 4683 1959 4763 ’ἀρνησαμένοᾳη

313 4756 754 4835 ἀπαρνὴθῆσεται
827 4756 1092 4812 ἐνώπιον’
1138 4763 1244 4812 τῶν
1321 4756 1568 4832 ἀγγέλων
1626 4756 1744 4812 τοῦ.
1779 4763 1912 4815 Θεοῦ
1945 4777 1958 4792 ⁸

314 4834 430 4889 Luc
445 4877 457 4889 .

386 4906 496 4976 (36)
528 4902 598 4976 ’ᾘ
629 4901 779 4962 τούς.
815 4903 1013 4976 Marc,
1064 4901 1153 4954 καὶ
1196 4899 1344 4962 τούς.
1393 4903 1521 4956 Mox
1552 4901 1793 4969 ibidem,
1830 4900 1965 4974 μετᾶ

312 4971 422 5030 τῶν
453 4971 694 5050 ἆγγέλων
709 4976 847 5050 *τῶν
872 4971 1062 5050 ἁγίων,

389 5040 644 5118 (37)’11ᾶς
676 5044 765 5098 οὗν
817 5040 963 5118 ὅστίς
1011 5043 1097 5098 ἐὰν
1144 5040 1493 5118 ὁμολογήσῃ.
1545 5045 1653 5097 Πᾶν
1694 5042 1784 5097 οὗν
1817 5043 1965 5106 ὅστις

314 5116 682 5192 ὁμολογήσει,
717 5117 915 5172 Matth.
1345 5116 1352 5118 ⁷

363 5192 496 5278 ,(38)
526 5185 1070 5281 ’ΌἘαιδὲέιὲρυίσιι
1091 5184 1384 5281 Evasi?
1415 5181 1780 5281 ὶζοττγέὲ
1804 5206 1968 5281 πιεζε-

315 5257 549 5348 φέρωσιν
603 5259 744 5332 ὑμᾶς
796 5257 891 5312 έπῖ
942 5278 991 5313 τ.
1049 5257 1208 5326 Luc.,
1263 5257 1364 5314 ubi
1427 5274 1583 5324 mox,
1646 5257 1965 5333 μεριμνᾶτε,

313 5353 432 5394 πως
488 5333 523 5402 ἢ
564 5331 616 5386 τί
654 5328 1053 5403 ἀπολογίσεσθε
1086 5348 1098 5361 ο
1160 5331 1273 5403 sed
1319 5333 1736 5403 προμεριμνᾶτε
1790 5332 1969 5387 habet

317 5408 491 5461 Marc.
513 5398 640 5471 xm,
677 5409 761 5474 ll.
796 5398 977 5458 Paulo
1006 5408 1157 5474 post,
1191 5399 1222 5456 ἃ
1253 5398 1336 5455 δεῖ
1364 5398 1726 5469 εἶ’πεῖν,ή1λυο.

389 5480 502 5548 (39)
533 5473 867 5549 Ἡρακλέων,
903 5475 1040 5549 Ejus
1074 5475 1348 5528 meminit
1373 5474 1549 5549 etiam
1571 5474 1970 5549 Tertullianus

316 5545 419 5603 lib.
447 5545 721 5603 Adversus
760 5547 1193 5604 Valmlinianos.
1229 5563 1354 5616 cap.
1390 5548 1454 5600 4;
1503 5545 1783 5616 Origenes
1815 5548 1966 5603 Com-

316 5627 484 5690 ment.
510 5623 569 5674 in
591 5622 753 5674 Joan.
783 5636 840 5690 p.
867 5620 955 5690 eo,
982 5617 1126 5670 dicit
1151 5614 1574 5690 lrleracleone‘m
1606 5614 1970 5690 Οὐαλεντίνου

318 5687 614 5765 λεγόμενον
639 5690 774 5765 εἶναι
784 5687 1099 5765 γνῴριλμοὶι,
1117 5709 1151 5765 «_
1169 5688 1464 5765 Valentini
1487 5687 1845 5765 discipulum
1867 5691 1970 5765 ha-

319 5757 513 5821 bitum
527 5757 996 5821 fuisse.Conf.Cl.
1022 5757 1269 5818 Grabius
1285 5759 1575 5832 Spicilegt’i
1595 5757 1728 5827 εὼς.
1746 5764 1971 5835 n,p.80.

2051 1993 2290 2062 quidem
2312 2009 2493 2047 unam
2519 2007 2647 2047 esse
2671 1991 2786 2047 fide
2804 1997 2864 2046 et
2883 1993 3012 2046 vitm
3031 1991 3425 2058 institutione,
3449 1991 3698 2046 alteram

2049 2098 2185 2136 vero
2212 2097 2370 2135 voce.
2393 2083 2586 2152 Atque
2608 2098 2738 2151 quae
2766 2081 2832 2135 fit
2861 2080 3103 2151 quidem
3123 2097 3262 2136 voce
3293 2080 3608 2147 confessio,
3634 2079 3701 2134 fit

2053 2170 2228 2224 etiam
2248 2169 2406 2241 aqud
2427 2175 2769 2240 potestates,
2784 2186 2961 2240 quam
2981 2169 3188 2234 solam,
3208 2168 3700 2240 inquit,plerique

2052 2275 2172 2313 non
2205 2263 2362 2312 recte
2411 2258 2848 2313 confessionem
2879 2274 3008 2313 esse
3055 2257 3414 2312 existimant.
3448 2257 3706 2310 Possunt

2053 2351 2254 2402 autem
2270 2347 2380 2400 hac
2397 2346 2772 2401 confessione
2790 2346 2874 2400 uti
2893 2346 3071 2400 etiam
3092 2344 3436 2416 hypocrita.
3461 2343 3574 2398 Sed
3591 2359 3701 2398 nec

2054 2436 2181 2490 haec
2199 2452 2296 2489 res
2313 2436 2602 2490 universae
2634 2435 2883 2506 prolata,
2917 2435 3000 2490 ita
3028 2450 3091 2489 se
3123 2434 3343 2490 habere
3369 2433 3699 2505 deprehen-

2057 2523 2248 2580 detur.
2280 2525 2405 2578 Non
2437 2524 2597 2578 enim
2624 2540 2832 2579 omnes
2862 2523 2961 2593 qui
2995 2522 3138 2577 salvi
3171 2523 3340 2588 fiunt,
3375 2538 3444 2576 ea
3468 2520 3704 2576 confes-

2057 2612 2248 2679 sione,
2271 2628 2402 2682 quaa
2423 2628 2560 2666 voce
2584 2613 2669 2678 ﬁt,
2697 2612 2787 2666 usi
2820 2617 2978 2677 sunt,
3010 2616 3070 2665 et
3099 2625 3426 2665 excessere.
3461 2611 3542 2662 Ex
3573 2608 3703 2677 qui-

2057 2700 2168 2755 bus
2202 2705 2290 2754 est
2333 2700 2659 2763 Matthaeus,
2717 2699 3045 2768 Philippus,
3077 2698 3349 2762 Thomas,
3405 2696 3588 2761 Levis,
3649 2700 3708 2750 et

2059 2789 2161 2844 alii
2193 2788 2382 2842 multi.
2402 2787 2644 2842 Accedit
2673 2787 2830 2856 quod
2861 2801 2950 2852 ea,
2974 2802 3105 2855 quae
3135 2801 3273 2840 voce
3298 2785 3381 2850 flt,
3407 2783 3704 2839 confessio

2061 2893 2179 2930 non
2212 2876 2485 2930 universa
2515 2873 2962 2944 complectatur,
2996 2873 3099 2928 sed
3131 2873 3204 2928 ad
3235 2880 3462 2944 partem
3513 2871 3705 2926 solum

2062 2969 2305 3034 spectet.
2355 2962 2712 3018 Universalis
2754 2967 2952 3016 autem
3002 2967 3110 3027 est,
3144 2978 3322 3032 quam
3354 2978 3514 3016 nunc
3541 2961 3706 3025 dicit,

2063 3070 2193 3124 quas
2243 3053 2310 3107 fit
2353 3051 2523 3107 factis
2567 3058 2624 3106 et
2668 3051 2948 3122 operibus
2979 3051 3053 3119 ei,
3083 3068 3213 3122 quas
3261 3057 3352 3106 est
3396 3051 3457 3105 in
3489 3051 3708 3121 ipsum,

2070 3142 2204 3197 fidei
2263 3141 2743 3212 congruentibus.
2806 3142 2964 3195 Hanc
3021 3147 3219 3195 autem
3278 3139 3712 3195 confessionem

2069 3231 2338 3302 sequitur
2368 3231 2546 3286 etiam
2577 3230 2972 3302 particularis,
3006 3247 3138 3300 quin
3171 3230 3237 3284 fit
3266 3228 3422 3300 apud
3455 3233 3716 3299 potesta-

2069 3327 2175 3388 tes,
2206 3320 2253 3374 si
2298 3337 2446 3392 opus
2472 3319 2672 3387 fuerit,
2701 3325 2759 3374 et
2786 3319 2934 3374 ratio
2965 3319 3288 3390 impulerit.
3324 3320 3467 3372 Nam
3495 3317 3546 3372 is
3577 3332 3715 3372 voce

2069 3424 2303 3480 quoque
2334 3413 2491 3464 recte
2541 3407 2939 3474 confitebitur,
2992 3424 3126 3463 cum
3184 3407 3493 3463 affectione
3550 3406 3715 3477 prius

2067 3503 2227 3553 recte
2276 3497 2458 3552 fuerit
2504 3497 2829 3552 confessus.
2872 3497 3123 3552 Pulchre
3155 3501 3355 3552 autem
3386 3495 3457 3551 de
3489 3495 3561 3550 iis
3609 3493 3711 3565 qui

2066 3590 2130 3653 ἦ(
2174 3587 2536 3640 confitentur
2579 3586 2838 3656 quidem,
2891 3607 2918 3635 «
2953 3587 3013 3640 in
3044 3603 3162 3649 me,
3194 3607 3221 3635 ι)
3269 3585 3454 3640 dixit:
3511 3583 3581 3638 de
3641 3583 3715 3637 iis

2071 3681 2267 3730 autem
2291 3677 2390 3747 qui
2413 3682 2650 3748 negant,
2676 3697 2704 3725 ‹‹
2728 3692 2822 3730 me
2848 3698 2876 3725 »
2898 3675 3249 3747 simpliciter
3267 3675 3715 3746 apposuit.Nam

2070 3761 2132 3829 ii,
2163 3762 2270 3818 etsi
2295 3763 2491 3834 ipsum
2520 3779 2658 3817 voce
2691 3762 2947 3817 confessi
2978 3761 3221 3830 fuerint,
3255 3761 3449 3832 ipsum
3478 3765 3714 3833 negant,

2072 3851 2304 3906 actione
2347 3852 2595 3906 minime
2637 3852 3014 3907 confitentes.
3048 3852 3091 3904 Ii
3123 3857 3320 3906 autem
3354 3850 3464 3905 soli
3497 3851 3559 3904 in
3591 3850 3720 3921 ipso

2072 3941 2451 4005 confitentur,
2483 3941 2583 4011 qui
2631 3941 2690 3994 in
2723 3956 2812 4008 ea,
2847 3957 2978 4011 qum
3023 3946 3112 3994 est
3140 3941 3202 3995 in
3233 3940 3450 4011 ipsum,
3483 3938 3721 3994 confes-

2072 4030 2239 4085 sione
2275 4035 2334 4084 et
2362 4030 2594 4085 actione
2621 4030 2840 4097 vivunt,
2872 4031 2934 4084 in
2965 4029 3179 4101 quibus
3212 4030 3337 4101 ipse
3369 4029 3720 4093 confitetur;

1913 4145 1990 4218 (α)
2041 4147 2177 4203 Luc.
2226 4164 2328 4218 ιιι,
2381 4149 2433 4202 8.
2509 4147 2586 4219 (b)
2638 4149 2812 4203 Marc.
2863 4164 2984 4216 vm,
3036 4148 3123 4203 38.
3199 4149 3268 4215 (c)
3300 4146 3502 4200 Matth.
3537 4161 3594 4213 x,
3627 4143 3722 4196 32.

2147 4335 2238 4404 (40
2295 4334 2644 4402 Ματθιῖος..,
2700 4331 2901 4395 Λευίς.
2961 4331 3322 4404 Aliisiidem
3382 4334 3520 4384 sunt
3576 4329 3716 4382 Mat-

2075 4403 2264 4460 thaeus
2295 4411 2353 4460 et
2397 4407 2557 4460 Levis
2607 4406 2977 4476 publicanus.
3014 4403 3180 4476 Unde
3211 4403 3505 4476 Constitut.
3539 4405 3718 4476 _apost_.

2074 4476 2176 4548 lib.
2198 4494 2329 4548 _V’lll,
2363 4494 2490 4548 cap.
2525 4468 2629 4529 22‘:
2665 4475 2808 4548 Ἐγὼ
2838 4477 3137 4548 Ματθαῖος,
3161 4472 3188 4525 ὁ
3211 4470 3302 4524 καὶ
3327 4470 3506 4548 Λευῖς,
3531 4468 3722 4548 ῥίποτὶ

2071 4541 2340 4614 τελώνης,
2375 4541 2753 4616 διατάσσομαιξ
2789 4569 2814 4596 ι(
2842 4549 2956 4618 Ego
2979 4545 3305 4618 Matthaaus,
3331 4541 3717 4618 qui_et_Levis,

2075 4617 2216 4672 olim
2239 4613 2609 4689 publicanus,
2637 4613 2952 4672 constituo.
2981 4642 3001 4689 ξ
3031 4616 3194 4671 Conf.
3221 4613 3722 4689 qum’ibiadnotat

1994 4653 2040 4718 D
2075 4653 2216 4672 υυιιι
2239 4653 2609 4689 μυυιηωωο,
2637 4653 2952 4672 consum...
2983 4653 3001 4664 -
3032 4653 3194 4671 um...
3221 4653 3352 4685 qua.
3375 4653 3455 4668 ..η
3477 4653 3718 4668 nunc..."

2071 4690 2156 4744 Cl.
2179 4689 2525 4754 Cotelerius,
2552 4689 2651 4759 qui
2684 4689 2754 4743 ab
2791 4688 3149 4743 Heracleone
3182 4703 3300 4740 non
3322 4685 3444 4740 vult
3466 4684 3718 4755 intelligi

2074 4761 2204 4814 Levi
2236 4759 2823 4832 publicanumibiarc.
2859 4777 2914 4827 ιι,
2945 4763 3029 4827 14,
3055 4761 3187 4814 Luc.
3216 4775 3267 4825 v,
3303 4760 3391 4825 27,
3427 4771 3724 4812 memora-

2073 4838 2222 4894 tum,
2238 4831 2358 4887 sed
2392 4832 2520 4886 Levi
2552 4831 2879 4886 Lebbaaum.

2288 4903 2348 4958 Ὁ
2379 4901 2547 4984 λόγος
2607 4900 2756 4984 often.
2811 4901 3180 4984 Legendi}an
3202 4899 3432 4984 videtur
3466 4896 3517 4984 Πὸ
3548 4893 3719 4984 λόγος

2073 4968 2199 5044 αἰ·τῇ
2233 4968 2261 5024 ‹’‹
2312 4968 2474 5028 τοῦθ’
2504 4968 2797 5044 postulat:
2834 4995 2861 5023 η
2891 4968 3102 5044 inquit
3150 4971 3416 5044 Sylburg.
3460 4968 3578 5044 Sed
3634 4968 3719 5025 Cl.

2075 5041 2321 5127 (jrabips
2347 5041 2606 5127 Spicileg.
2638 5041 3009 5127 δῶκα-διωθεῖ
3035 5047 3103 5126 8ᾁ
3133 5041 3250 5098 ait:
3285 5041 3719 5127 «.A'brﬁllegen-

2075 5118 2216 5173 dum
2239 5112 2457 5192 frustra
2479 5112 2681 5172 monet
2698 5112 3042 5192 Sylburgi'us
3073 5116 3133 5170 in
3159 5113 3424 5187 margine
3457 5112 3518 5192 et
3542 5112 3721 5192 notis.

2076 5192 2214 5262 Ego.
2234 5189 2507 5262 spiritum
2522 5194 2590 5262 et
2618 5182 2942 5262 accentum'
2960 5188 3152 5262 solum
3181 5182 3438 5262 mutans,
3471 5182 3606 5262 αἱρῆ
3630 5199 3722 5262 re-

2119 5253 2382 5316 onerem.
2437 5260 2659 5315 Usitata
2701 5260 2861 5314 enim
2893 5264 2984 5314 est
3012 5259 3263 5330 phrasis,
3299 5258 3326 5310 ὁ
3359 5253 3720 5330 λόγοςἀἱριῖ.

2119 5279 2382 5316 onerem.
2441 5279 2659 5315 usnata
2701 5279 2861 5314 enim
2893 5279 2984 5314 esu
3012 5279 3263 5330 pnrasns,
3299 5279 3326 5310 ο
3360 5279 3526 5329 Ito-ro:
3557 5279 3719 5322 αιριι.

2075 5279 2249 5414 gelut
2279 5330 2432 5420 apud
2462 5331 2940 5420 Plutarohumnin
2971 5330 3349 5420 σοιιεριαεὶοηε
3371 5329 3448 5420 ad
3479 5323 3719 5420 Apollo:

2079 5403 2280 5458 nium:
2311 5395 2458 5470 ’Ὀπη
2493 5400 2655 5476 λόγος
2679 5395 3282 5476 αἱρεῖ-βέκτιστξέχειν.
3309 5424 3335 5476 «ξ
3362 5402 3552 5476 Prout
3572 5395 3722 5476 ratio

2079 5476 2404 5538 dictaverit,
2426 5467 2646 5545 optime
2669 5467 2987 5545 se'hab'ere:
3026 5496 3052 5523 ››
3085 5467 3339 5545 Et'apnd
3362 5467 3722 5545 Herodotum

2078 5549 2332 5617 Euterpe.
2393 5536 2511 5601 Sive
2564 5547 2667 5601 lib.
2702 5563 2777 5600 n:
2833 5543 2927 5597 Καὶ
2961 5541 3025 5610 δὴ
3053 5536 3401 5617 καῖ-ὁλόγος
3435 5537 3608 5598 οὕτως
3639 5536 3726 5590 αἱ-

2080 5619 2212 5691 ρέει.
2242 5615 2273 5669 ἶ‹
2306 5621 2375 5672 Ει
2404 5635 2545 5674 sane
2576 5619 2705 5690 ipsa
2735 5617 2883 5672 ratio
2910 5617 2992 5671 ita
3022 5615 3214 5686 exigit.
3253 5635 3280 5662 η

2151 5691 2264 5763 (42)
2294 5686 2523 5752 Αὐτούς.
2557 5691 2706 5762 Lege
2729 5685 2933 5759 αὐτοῖς,
2966 5687 3140 5742 Galla.

2342 5701 2523 5752 ῡτοῡς.
2557 5701 2706 5762 Lege
2729 5701 2933 5759 αὐτοις,
2966 5701 3140 5742 una.
