4066 6192
384 361 522 418 1283

1622 354 2032 414 CLEMENTIB
2068 352 2566 410 ALIXANDBINI

3635 358 3756 415 12811

379 492 584 559 utpote
611 486 714 558 qui
744 486 808 542 in
837 485 958 541 illis
986 485 1234 554 habitat,
1267 485 1416 540 etab
1438 484 1560 540 illis
1581 487 1835 538 tenetur.
1869 483 2026 547 Quo-

2139 497 2168 526 ‹‹
2201 475 2533 550 ἀρνήσασθαι
2588 475 2774 530 ἑαυτὸν
2829 472 3089 531 οὐδέποτε
3138 473 3379 532 δύναται·
3444 501 3474 530 ιι
3520 480 3760 556 Ἀρνῶν-

377 578 534 632 circa
559 599 585 627 κ
614 592 922 648 nunquam
953 581 1150 647 potest
1179 575 1440 646 seipsum
1460 589 1675 648 negare
1693 572 1798 645 (a).
1828 595 1847 620 ι
1875 573 2024 626 Eum

379 672 577 723 autem
599 671 837 738 negant.
863 666 963 736 qui
989 682 1108 720 non
1134 672 1272 720 sunt
1290 665 1348 720 in
1367 667 1512 737 ipso.
1531 667 1656 720 Non
1670 663 2024 719 enimdixit:

380 777 408 805 ‹‹
444 757 550 821 Qui
583 757 883 828 negaverit
913 755 972 808 in
1005 771 1120 819 me,
1157 777 1184 804 ››
1217 755 1320 810 sed
1353 778 1379 804 ‹‹
1413 771 1528 810 me.
1568 776 1588 804 ι
1625 753 1833 809 Nullus
1863 751 2025 807 enim

377 862 644 916 unquam
678 846 778 913 qui
811 851 900 899 est
931 845 993 898 in
1027 844 1174 916 ipso,
1204 845 1399 915 ipsum
1431 849 1621 916 negat.
1656 842 1810 898 Illud
1828 848 2026 897 autem

378 957 405 983 ‹‹
440 952 639 990 coram
665 935 1026 1001 hominibus,
1055 957 1081 983 ››
1111 940 1168 988 et
1190 935 1228 987 ii
1251 935 1383 1006 squi
1409 934 1549 989 salvi
1574 934 1742 1000 fiunt,
1767 938 1826 987 et
1846 933 2024 987 etiam

379 1025 701 1097 gentilibus
715 1023 1011 1091 similiter,
1031 1023 1186 1094 apud
1205 1023 1352 1078 alios
1373 1024 1615 1094 quidem
1637 1023 1689 1076 vi
1700 1029 1768 1077 ιω
1789 1022 2029 1076 institu-

381 1114 563 1180 tione,
579 1114 736 1185 apud
752 1113 900 1168 alios
917 1129 1050 1167 vero
1071 1114 1246 1168 etiam
1261 1130 1418 1168 voce.
1444 1113 1839 1178 Qnamobrem
1861 1127 2024 1166 nun-

379 1219 558 1273 quam
590 1209 839 1274 possunt
862 1203 974 1273 ipsi
1007 1219 1222 1274 negare
1245 1219 1256 1256 :
1277 1220 1412 1257 eum
1443 1208 1641 1258 autem
1666 1207 1901 1273 negant,
1926 1199 2026 1271 qui

379 1311 501 1349 non
531 1300 670 1348 sunt
699 1294 759 1348 in
792 1294 939 1364 ipso.
977 1317 998 1345 ι
1038 1295 1171 1347 Haac
1215 1293 1458 1362 quidem
1482 1293 1844 1359 Heracleon;
1877 1296 1936 1345 et
1963 1291 2027 1344 in

378 1384 512 1439 aliis
539 1382 781 1454 quidem
811 1382 1040 1436 videtur
1068 1382 1381 1437 nobiscum
1408 1383 1630 1438 sentire
1653 1382 1714 1436 in
1737 1383 1845 1436 hac
1869 1379 2029 1452 peri-

379 1489 563 1544 c0pe;
623 1472 771 1526 illud
828 1477 1026 1526 autem
1081 1487 1202 1526 non
1233 1471 1501 1537 advertit,
1551 1471 1709 1542 quod
1739 1471 1849 1525 etsi
1907 1485 2028 1524 non

378 1563 614 1617 actione
645 1562 848 1632 aliqua
874 1567 931 1615 et
950 1561 1068 1616 vita
1089 1582 1116 1609 «
1151 1561 1406 1616 confessi
1436 1567 1576 1616 sunt
1606 1561 1902 1615 Christum
1931 1575 2030 1613 co-

379 1667 507 1706 ram
530 1651 894 1718 hominibus,
918 1673 944 1699 ‹‹
972 1667 1041 1705 eo
1066 1650 1453 1720 tamen,quod
1475 1667 1611 1705 voce
1635 1651 2032 1705 confiteantur

379 1740 440 1794 in
460 1738 727 1809 jndiciis,
777 1745 836 1794 et
883 1756 1071 1810 usque
1102 1739 1175 1794 ad
1205 1744 1459 1795 mortem
1491 1739 1737 1795 cruciati
1768 1755 1888 1793 non
1919 1753 2030 1792 ne-

2132 583 2222 617 ται
2254 560 2312 618 δὲ
2367 564 2530 619 αὐτὸν
2591 565 2642 618 οἱ
2705 565 2779 637 μὴ
2841 560 2991 626 ὄντες
3040 563 3094 619 ἐν
3156 564 3322 638 αὐτῷ·
3384 565 3452 621 οὗ
3481 569 3582 644 γὰρ
3615 571 3757 628 εἶπεν·

2138 676 2164 703 ‹‹
2195 654 2294 714 Ὃς
2325 653 2627 727 ἀρνήσηται
2659 652 2710 708 ἐν
2743 651 2890 726 ἐμοὶ,
2927 677 2955 704 ››
3001 653 3148 723 ἀλλ’,
3181 681 3209 706 ‹‹
3244 654 3361 728 ἐμέ.
3397 683 3426 708 ››
3469 655 3653 721 Οὐδεὶς
3677 661 3760 736 γάρ

2134 763 2288 811 ποτε,
2322 739 2394 798 ὢν
2429 742 2481 798 ἐν
2514 741 2679 814 αὐτῷ,
2732 743 2969 815 ἀρνεῖται
3014 742 3193 798 αὐτόν.
3229 745 3308 801 Τὸ
3341 742 3400 800 δὲ
3430 769 3459 797 ιι
3489 743 3765 822 ἔμπροσθεν

2133 835 2240 886 τῶν
2275 831 2603 905 ἀνθρώπων,
2639 855 2668 883 ››
2696 831 2786 886 καὶ
2835 836 2942 886 τῶν
2998 834 3342 905 σωζομένων,
3393 835 3483 888 καὶ
3535 841 3636 891 τῶν
3689 838 3768 892 ἐθ-

2133 924 2298 974 νικῶν
2333 917 2390 974 δὶ
2419 912 2654 992 ὁμοίως,
2686 921 2813 994 παρ’
2845 923 2928 984 οἷς
2961 922 3054 988 μὲν
3086 923 3176 976 καὶ
3225 926 3294 987 τῆ
3344 923 3613 995 πολιτείᾳ,
3657 944 3767 1000 παρ’

2137 1012 2220 1072 οῖς
2266 1006 2324 1064 δὲ
2370 1010 2455 1063 καὶ
2506 1014 2574 1083 τῇ
2627 1014 2801 1087 φωνῇ·
2837 1007 3025 1081 διόπερ
3059 1010 3394 1086 ἀρνήσασθαι
3422 1013 3578 1069 αὐτὸν
3636 1013 3769 1070 οὐδὲ·

2140 1121 2268 1156 ποτε
2327 1097 2600 1154 δύνανται·
2653 1101 2938 1175 ἀρνοῦνται
2998 1097 3053 1156 δὶ
3101 1101 3264 1156 αὐτὸν
3311 1103 3364 1157 οἱ
3416 1105 3491 1176 μή
3525 1101 3668 1166 ὄντες
3722 1105 3768 1162 ἐν

2136 1188 2303 1262 αὐτῷ.
2338 1193 2584 1246 »Ταῦτα
2644 1191 2740 1262 μὶν
2795 1190 2823 1244 ὁ
2879 1191 3216 1264 Ἡρακλέων·
3279 1192 3368 1245 καὶ
3423 1194 3488 1247 τὰ
3520 1194 3612 1264 μὲν
3643 1192 3770 1249 ἄλλα

2136 1280 2382 1356 φαίνεται
2415 1276 2706 1351 ὁμοδοξεῖν
2755 1281 2892 1351 ἡμῖν
2923 1280 3062 1334 κατᾶ
3089 1282 3189 1348 τήν
3221 1284 3538 1355 πορικοπήν
3566 1282 3767 1352 ταύτην*

2138 1367 2310 1422 ἐκεῖνο
2360 1365 2416 1422 δὶ
2470 1366 2569 1422 οὐκ
2621 1368 2932 1438 ἐπέστησεν,
2978 1368 3061 1423 ὅτι
3097 1373 3140 1424 εί
3187 1371 3277 1424 καὶ
3322 1371 3398 1442 μή
3436 1370 3616 1446 πράξει
3644 1373 3771 1435 τινὶς

2136 1459 2224 1511 καὶ
2283 1460 2361 1527 τῷ
2407 1456 2512 1531 βίῳ
2567 1478 2588 1506 ι
2621 1457 2990 1532 ὡμολόγησαν
3041 1457 3132 1512 τὸν
3192 1459 3435 1534 Χριστὸν
3487 1458 3768 1534 ἔμπροσθεν

2134 1549 2242 1600 τῶν
2274 1545 2599 1620 ἀνθρώπων,
2631 1566 2657 1598 ι
2691 1545 2755 1601 τὸ
2789 1545 2974 1619 μέντοι
3005 1549 3119 1620 (43)
3157 1547 3293 1602 κατὰ
3343 1549 3530 1621 φωνήν
3581 1547 3769 1621 ὁμολο-

2137 1639 2251 1708 γεῖν
2284 1632 2336 1688 ἐν
2369 1631 2766 1709 δικαστηρίοις,
2816 1636 2904 1690 καὶ
2961 1633 3126 1710 μέχρι
3161 1637 3392 1700 θανάτου
3438 1638 3772 1712 βασανιζομὲ-

2137 1744 2264 1784 νους
2325 1723 2401 1795 μὴ
2479 1723 2749 1798 ἀρνεῖσθαι
2786 1765 2800 1791 ,
2875 1723 2984 1778 ἀπὸ
3043 1722 3334 1788 διαθέσεως
3392 1725 3772 1782 πεπιπευνὲναι

377 1834 537 1901 gent,
565 1845 633 1882 ex
653 1829 838 1882 animi
863 1829 1163 1900 proposito
1187 1829 1509 1884 credidisse
1533 1829 2026 1884 cernuntur.Pro-

2139 1810 2442 1889 φαίνονται.
2472 1813 2717 1876 Διάθεσις
2749 1809 2807 1867 δὲ
2841 1812 3295 1889 ὁμολογουμένη,
3347 1814 3442 1869 καὶ
3496 1816 3768 1888 μάλισταὴ

381 1919 640 1989 positum
654 1923 851 1974 autem
866 1918 1022 1988 quod
1036 1920 1674 1990 conﬁtetur,prsecipue
1689 1919 1736 1974 si
1752 1934 1825 1973 ne
1839 1922 2028 1972 morte

379 2006 622 2078 quidem
675 2011 939 2062 mutetur
983 2006 1187 2063 omnia
1235 2007 1413 2063 simul
1458 2008 1617 2075 vitia,
1663 2024 1793 2078 quas
1827 2006 2030 2078 gigne-

379 2095 598 2150 bantur
628 2113 733 2167 per
753 2096 1139 2167 cupiditatem
1164 2097 1703 2168 corporis,omnino
1721 2094 2026 2150 rescindit.

379 2187 481 2238 Est
509 2184 692 2250 enim,
722 2190 790 2239 ut
820 2185 901 2240 ita
929 2185 1145 2252 dicam,
1177 2186 1237 2239 in
1270 2187 1388 2241 flne
1419 2187 1550 2240 vita)
1581 2191 1704 2240 tota
1724 2183 1904 2239 simul
1925 2199 2032 2254 per

379 2272 672 2327 actionem
697 2273 1063 2342 pmnitentia.
1087 2279 1143 2327 et
1159 2290 1296 2328 vera
1311 2275 1371 2328 in
1393 2273 1688 2328 Christum
1709 2273 2027 2339 confessio,

378 2376 515 2415 voce
547 2359 922 2415 testificante.
976 2361 1032 2415 Si
1082 2367 1280 2416 autem
1327 2385 1352 2411 ‹‹
1387 2363 1638 2433 Spiritus
1684 2363 1874 2417 Patris
1905 2382 1932 2411 »
1967 2362 2028 2416 in

378 2449 551 2503 nobis
583 2449 954 2512 testificatur,
1000 2450 1296 2520 quomodo
1345 2467 1551 2505 sumus
1598 2451 1791 2506 adhuc
1843 2453 2028 2524 hypo-

379 2537 562 2604 critaa,
597 2553 743 2608 quos
775 2538 924 2592 dixit
953 2539 1080 2594 sola
1109 2556 1246 2594 voce
1277 2541 1480 2594 testari
1507 2540 1535 2594 ‘I
1563 2540 1808 2595 Dabitur
1831 2547 2028 2596 autem

380 2625 702 2695 aliquibus,
737 2627 785 2680 si
821 2627 1112 2697 expediat,
1143 2627 1448 2699 religionis
1469 2645 1708 2684 causam
1733 2629 2032 2697 dicere,ut

381 2720 439 2768 et
460 2731 565 2785 per
582 2715 933 2785 martyrium
957 2733 1061 2770 seu
1083 2717 1488 2770 testimonium
1512 2722 1571 2771 et
1593 2717 2028 2772 confessionem

375 2819 583 2858 omnes
608 2802 911 2873 juventur,
959 2805 1100 2859 dum
1133 2805 1564 2859 confirmantur
1612 2806 1874 2876 quidem,
1925 2806 2027 2876 qui

378 2897 517 2945 sunt
547 2891 609 2946 in
643 2891 906 2946 Ecclesia
936 2910 950 2957 ;
998 2893 1375 2947 admirantur
1403 2897 1620 2962 autem,
1655 2899 1713 2948 et
1742 2894 1815 2949 ad
1849 2894 2027 2949 fidem

376 2979 773 3045 deducuntur,
799 2980 898 3049 qui
925 2996 994 3034 ex
1024 2980 1299 3051 gentibus
1330 2980 1579 3034 salutem
1613 2983 1843 3035 curiose
1867 2997 2026 3051 quai-

378 3069 587 3124 sierint
609 3088 623 3135 ;
647 3070 862 3142 reliqui
880 3076 1078 3124 autem
1101 3077 1342 3141 stupore
1363 3071 2027 3135 afﬁciuntur.Quamob-

376 3175 502 3213 rem
523 3165 755 3230 oportet
773 3159 1016 3214 omnino
1044 3160 1314 3214 confiteri
1337 3202 1350 3226 ,
1386 3159 1444 3214 id
1467 3160 1627 3214 enim
1651 3160 1828 3214 situm
1853 3165 1942 3213 est
1965 3161 2025 3213 in

375 3253 580 3302 nostra
597 3253 919 3320 potestate:
947 3265 1188 3303 causam
1209 3265 1344 3302 vero
1363 3248 1668 3319 religionis
1681 3249 2024 3314 dicere,uon

373 3337 618 3392 omnino
667 3354 940 3408 semper;
983 3354 1105 3392 non
1137 3344 1226 3392 est
1251 3337 1410 3392 enim
1443 3339 1554 3392 hoc
1579 3355 1814 3408 quoque
1846 3337 2024 3392 situm

373 3427 434 3481 in
467 3433 673 3481 nostra
705 3432 1014 3497 potestate.
1053 3449 1079 3475 «
1113 3427 1218 3491 Qui
1253 3433 1450 3480 autem
1483 3427 1832 3482 sustinuerit
1859 3428 1919 3480 in
1954 3427 2024 3480 ﬁ-

374 3532 532 3577 nem,
556 3515 604 3568 is
638 3515 832 3569 salvus
857 3515 969 3569 erit
992 3516 1090 3584 (b).
1137 3535 1164 3562 »
1199 3517 1340 3568 Nam
1376 3514 1508 3586 quis
1539 3532 1611 3570 ex
1641 3515 1733 3580 iis,
1795 3515 1896 3586 qui
1931 3531 2027 3569 sa-

374 3604 568 3675 piunt,
599 3620 720 3658 non
752 3603 996 3676 elegerit
1025 3605 1086 3658 in
1117 3605 1232 3658 Deo
1264 3619 1533 3672 regnare.
1567 3610 1669 3658 aut
1698 3605 1878 3658 etiam
1901 3621 2024 3658 ser-

377 3693 501 3747 vire
524 3692 552 3747 ‘I
581 3715 606 3742 α
639 3693 825 3747 Deum
849 3709 984 3764 ergo
1005 3694 1368 3747 confitentur
1395 3714 1421 3745 ιι
1457 3693 1700 3764 quidam
1730 3715 1756 3744 «
1790 3709 2023 3761 nosse,»

2143 1898 2284 1974 μηδέ
2313 1900 2524 1972 Θανάτῳ
2561 1902 2896 1976 τρεπομένη,
2954 1903 3040 1979 ὑφ’
3093 1900 3186 1958 ἕνα
3244 1907 3358 1972 (44)
3416 1901 3628 1959 πάντων
3679 1909 3773 1959 τῶν

2138 1995 2343 2062 παθῶν,
2395 1987 2427 2044 ἃ
2481 1987 2546 2059 δὴ
2604 1988 2694 2045 διὰ
2719 1995 2819 2057 τῆς
2851 1995 3172 2064 σωματικῆς
3203 1990 3496 2066 ἐπιθυμίας
3524 1992 3766 2068 ἐγεννᾶτο,

2139 2079 2424 2147 ἀποκοπὴν
2482 2085 2743 2134 ποιεῖταιο
2801 2073 2912 2134 ἔστι
2965 2081 3092 2155 γὰρ,
3150 2081 3226 2143 ὡς
3277 2075 3409 2144 ἔπος
3459 2082 3644 2153 εἰπεῖν,
3692 2081 3768 2136 ἰπὶ

2135 2167 2281 2223 τέλει
2338 2165 2433 2222 τοῦ
2486 2167 2605 2242 βίου
2651 2169 2820 2243 ἀθρόα
2856 2169 2992 2225 κατά
3015 2170 3112 2239 τὴν
3140 2170 3333 2245 πρᾶξιν
3369 2173 3642 2245 μετάνοια,
3691 2169 3769 2226 καὶ

2137 2257 2352 2327 ἀληθὴς
2409 2256 2484 2318 εἷς
2539 2259 2764 2332 Χριστὸν
2824 2257 3122 2334 ὁμολογία,
3169 2259 3642 2336 ἐπιμαρτυρούσης
3681 2267 3770 2329 τῆς

2138 2348 2346 2420 φωνῆς.
2398 2346 2460 2402 Εἰ
2517 2343 2574 2400 δὲ
2625 2347 2688 2401 τὸ
2746 2372 2772 2398 ‹‹
2813 2350 3033 2419 Ηνεῦμα
3087 2352 3184 2402 τοῦ
3237 2349 3452 2422 Πατρὸς
3485 2373 3511 2401 ››
3543 2348 3594 2404 ἐν
3646 2351 3766 2422 ἡμῖν

2143 2440 2424 2509 μαρτυρεῖ,
2474 2439 2595 2497 πῶς
2639 2433 2716 2491 ἔτι
2770 2437 3083 2511 ὑπογριταὶ,
3137 2435 3231 2501 οὓς
3259 2441 3419 2512 φωνῇ
3458 2437 3592 2512 μόνῃ
3646 2458 3768 2514 μαρ-

2136 2528 2314 2596 τυρεῖν
2376 2521 2588 2598 εἶ’ρηκεν
2647 2527 2799 2596 (45);
2851 2527 3144 2596 Δοθήσεται
3194 2523 3251 2581 δὲ
3279 2547 3447 2598 τισιν,
3509 2526 3591 2582 ἐὰν
3646 2548 3768 2600 συμ-

2141 2619 2298 2696 φέρῃ,
2357 2616 2833 2693 ἀπολογήσασθαι,
2859 2618 2950 2674 ’ίνα
2997 2617 3087 2674 διά
3131 2642 3192 2676 τε
3217 2629 3319 2691 τῆς
3352 2622 3650 2698 μαρτυρίας
3695 2621 3767 2677 διά

2137 2729 2195 2762 τε
2223 2715 2324 2776 τῆς
2357 2707 2660 2784 ὁμολογίας
2689 2708 3012 2786 ὠφελῶνται
3045 2711 3096 2764 οἱ
3127 2715 3348 2780 πάντες,
3402 2711 3767 2789 ἰσχυροποιοῦ-

2143 2817 2294 2870 μενοι
2349 2799 2448 2870 μὲν
2497 2797 2549 2852 οἷ
2595 2799 2712 2852 κατ’
2762 2798 3111 2868 Ἐκκλησίαν,
3168 2802 3539 2873 θαυμάζοντες
3595 2799 3648 2856 δὲ
3692 2799 3768 2855 καὶ

2140 2885 2216 2947 εἷς
2263 2885 2444 2940 πίστιν
2497 2885 2831 2960 ὑπαγόμενοι
2872 2889 2924 2942 οἱ
2957 2887 3006 2961 ἐξ
3037 2883 3202 2943 ἔθνῶν
3233 2890 3333 2958 τὴν
3367 2891 3636 2966 σωτηρίαν
3681 2910 3768 2944 που

2140 2977 2734 3051 λυπραγμονήσαντες·
2795 2979 2846 3032 οῖ
2907 2977 3097 3033 λοιποὶ
3155 2976 3251 3049 δὲ,
3327 2980 3418 3034 ὑπ’
3479 2979 3766 3051 ἐκπλήξεως

2136 3067 2518 3142 κατεχόμενοι.
2577 3069 2734 3123 Ὥστε
2770 3070 2832 3124 τὸ
2879 3069 3170 3144 ὁμολογεῖν
3201 3070 3260 3126 ἐκ
3307 3072 3515 3135 παντὸς
3557 3071 3651 3127 δεῖ·
3697 3071 3767 3150 ἐφ’

2136 3158 2272 3228 ἡμῖν
2320 3161 2442 3232 γάρ’
2494 3156 2886 3232 ἀπολογεῖσθαι
2947 3157 3003 3213 δὲ
3051 3159 3154 3214 οὐκ
3192 3158 3253 3215 ἐκ
3281 3163 3506 3223 παντός’
3568 3161 3624 3216 οὗ
3677 3162 3766 3235 γὰρ

2135 3245 2226 3299 καὶ
2281 3249 2442 3299 τοῦτο
2501 3244 2583 3322 ἐφ’
2629 3248 2786 3319 ἡμῖν.
2830 3271 2857 3297 ‹‹
2908 3249 2969 3304 Ὁ
3022 3245 3079 3303 δὲ
3139 3249 3440 3323 ὑπομείνας
3496 3248 3572 3312 εἷς
3625 3248 3768 3310 τέλος

2133 3335 2289 3395 οὗτος
2320 3335 2645 3404 σωθήσεται”
2682 3359 2709 3386 ››
2754 3334 2870 3390 ἐπεὶ
2900 3335 2983 3398 τίς
3026 3337 3126 3392 οὐκ
3171 3337 3232 3391 ἃν
3277 3343 3385 3393 τῶν
3418 3340 3476 3393 εὖ
3525 3339 3768 3416 φρονούν-

2131 3443 2241 3476 των
2279 3420 2584 3496 βασιλεύειν
2617 3422 2670 3476 ὲν
2701 3428 2837 3494 Θεῷ,
2892 3423 3018 3480 ἀλλ’
3104 3425 3165 3479 οὐ
3215 3423 3499 3482 δουλεύειν
3546 3425 3721 3481 ἕλοιτο
3755 3444 3767 3492 ;

2135 3536 2161 3562 ‹‹
2197 3513 2327 3565 Θεὸν
2363 3511 2453 3566 οὖν
2489 3509 2827 3586 ὁμολογοῦσί
2858 3537 2885 3564 ››
2932 3535 3073 3575 τινες
3102 3540 3128 3566 (ι
3166 3513 3386 3585 εἶ’δέναι,
3429 3538 3451 3566 ι
3502 3516 3634 3572 κατὰ
3687 3515 3767 3569 τὸν

2133 3599 2491 3669 Ἀπόστολον,
2553 3626 2578 3652 ‹‹
2611 3603 2730 3663 τοῖς
2790 3599 2846 3657 δὲ
2899 3601 3077 3679 ἔργοις
3134 3605 3444 3678 ἀρνοῦνται·
3503 3603 3767 3681 βδελυκτοὶ

2134 3685 2280 3751 ὄντες
2313 3689 2405 3744 καὶ
2437 3689 2698 3758 ἀπειθεῖς,
2729 3690 2818 3745 καὶ
2873 3693 3011 3767 πρὸς
3067 3698 3168 3747 πᾶν
3199 3691 3357 3768 ἔργον
3409 3694 3613 3769 ἀγαθὸν
3665 3691 3769 3749 d36-

375 3787 440 3836 ut
460 3781 604 3836 dicit
625 3781 963 3852 Apostolus,
987 3803 1015 3831 ‹‹
1049 3781 1218 3835 factis
1241 3788 1438 3836 autem
1458 3789 1676 3853 negant
1700 3799 1712 3836 :
1747 3798 1883 3836 cum
1909 3783 2026 3846 sint

2137 3798 2308 3851 κιμοι.
2347 3803 2373 3830 ››
2405 3779 2471 3834 Οἱ
2501 3775 2577 3846 δὲ,
2611 3777 2707 3832 κᾶν
2742 3783 2905 3833 τοῦτο
2958 3780 3122 3852 μόνον
3157 3780 3606 3858 ὁμολογήσωσιν,
3650 3781 3699 3836 ἓν
3724 3801 3768 3835 τι

372 3869 783 3935 abominandi,
809 3869 1124 3932 increduli,
1161 3878 1219 3924 et
1247 3870 1320 3924 ad
1352 3887 1528 3924 omne
1560 3888 1708 3942 opus
1740 3871 1892 3927 516
1916 3871 2026 3926 bo-

371 3971 517 4010 num
540 3957 776 4026 reprobi
790 3957 882 4025 (ς).
895 3957 1019 4010 »11ιί
1037 3958 1402 4025 autem,licet
1423 3959 1506 4012 nil
1525 3960 1685 4014 aliud
1701 3976 1877 4030 quam
1893 3976 2028 4014 con-

367 4044 508 4099 fessi
532 4045 965 4112 fuerint,unum
986 4047 1194 4101 saltem
1218 4047 1278 4100 in
1299 4047 1413 4101 fine
1431 4049 1561 4102 vitea
1575 4049 1797 4102 bonum
1815 4051 2026 4103 effece-

368 4134 763 4189 rint.Videtur
779 4151 915 4206 ergo
937 4137 1283 4205 martyrium
1299 4152 1425 4190 esse
1448 4138 1792 4209 expurgatio
1817 4155 2025 4208 pecca-

373 4229 568 4279 torum
591 4241 724 4279 cum
743 4224 1079 4292 gloriaJam
1105 4240 1236 4277 vero
1251 4224 1395 4278 dicit
1412 4227 1649 4279 Pastor:
1675 4250 1694 4274 α
1724 4227 2027 4298 Effugietis

2131 3868 2534 3942 κατεπράξαντο
2593 3865 2680 3921 ἐπὶ
2741 3868 2886 3922 τέλει
2941 3866 3095 3942 ἔργον
3142 3871 3360 3946 ἀγαθόν.
3425 3877 3632 3926 Ἔοικεν
3686 3870 3764 3924 οὗν

2131 3957 2194 4011 τὸ
2271 3955 2564 4031 μαρτύριον
2643 3956 3010 4029 ἀποκάθαρσις
3090 3958 3219 4013 εἶναι
3302 3960 3582 4035 ἁμαρτιῶν
3653 3958 3771 4031 μετὰ

2135 4041 2334 4115 δόξης.
2395 4045 2597 4102 Αὐτίκα
2649 4047 2676 4100 ὁ
2726 4047 2942 4118 Ποιμήν
3005 4050 3116 4121 (46)
3172 4048 3377 4125 φησίν·
3441 4049 3769 4127 Ἑκφεύξάσθε

2130 4137 2228 4204 τὴν
2282 4134 2548 4211 ἐνέργειαν
2593 4139 2688 4190 τοῦ
2733 4135 2922 4210 ἀγρίου
2953 4136 3174 4214 Θηρίου,
3211 4138 3298 4192 ἐὰν
3401 4138 3601 4216 καρδία
3633 4141 3766 4212 ὑμῶν

2132 4225 2356 4298 γένηται
2412 4224 2620 4297 καθαρά
2675 4225 2765 4277 καὶ
2826 4222 3084 4297 ἄμωμος.
3121 4227 3360 4284 »Ἀλλὰ
3417 4229 3508 4283 καί
3541 4228 3692 4289 αὐτὸς
3745 4226 3768 4281 ὁ

371 4313 779 4383 operationem
829 4312 967 4366 fera)
1016 4313 1288 4383 agrestis,
1340 4312 1387 4366 si
1430 4329 1532 4366 cor
1561 4318 1818 4367 vestrum
1850 4313 2026 4368 fuerit

2137 4313 2356 4387 Κύριος·
2391 4335 2419 4363 ι(
2457 4311 2792 4385 Ἐξῃτήσατο
2838 4317 2953 4386 (47)
3009 4315 3149 4387 ὑμᾶς
3195 4317 3224 4370 ὁ
3257 4323 3526 4383 Σατανᾶς,
3559 4341 3588 4368 ››
3618 4316 3770 4390 λέγει,

373 4402 664 4456 mundum
690 4407 747 4455 et
766 4400 838 4454 ab
852 4401 1013 4455 omni
1033 4401 1495 4472 reprehensione
1518 4401 2024 4466 alienum.»Quin-

375 4491 553 4544 etiam
585 4490 710 4560 ipse
735 4489 1020 4543 Dominus
1048 4505 1060 4543 :
1099 4510 1124 4541 α
1159 4491 1466 4562 Expetivit.
1494 4491 1709 4561 inquit,
1742 4508 1840 4546 vos
1863 4492 2027 4546 Sata-

2139 4426 2158 4450 ι
2195 4402 2451 4456 σινιάσαι’
2488 4399 2597 4475 ἐγὼ
2647 4397 2704 4455 δὲ
2751 4403 3184 4475 παρῃτησάμην.
3220 4429 3248 4455 ››
3301 4404 3484 4467 Μόνος
3528 4403 3699 4459 τοίνυν
3746 4402 3769 4455 ὁ

2134 4490 2330 4563 Κύριος
2365 4485 2454 4542 διὰ
2481 4489 2581 4557 τήν
2633 4493 2742 4543 τῶν
2789 4484 3260 4546 ἐπιϐουλευόντων
3307 4493 3459 4564 αὐτῷ
3497 4494 3772 4568 ἀνθρώπων

369 4595 474 4633 nas
501 4585 566 4632 ut
595 4578 885 4633 cribraret
909 4597 922 4643 ;
959 4596 1062 4651 ego
1084 4585 1281 4633 autem
1305 4580 1498 4652 rogavi
1531 4581 1658 4648 (at).-
1697 4580 1866 4634 Solus
1888 4597 2023 4649 ergo

2137 4579 2220 4632 καὶ
2267 4579 2366 4646 τὴν
2419 4582 2528 4631 τῶν
2582 4577 2819 4632 ἀπίστων
2871 4578 3263 4653 ἀποκάθαρσιν,
3313 4606 3342 4632 ‹‹
3375 4579 3497 4637 ἔπιε
3526 4583 3586 4636 τὸ
3617 4580 3770 4649 ποτή-

370 4668 652 4722 Βοωὶηιιε
684 4672 926 4738 propter
957 4684 1183 4735 eorum,
1216 4669 1316 4738 qui
1350 4670 1400 4722 ei
1435 4669 1888 4737 insidiabantur,
1914 4670 2023 4723 ho-

369 4758 622 4824 minum,
659 4764 716 4812 et
759 4756 1098 4812 infidelium
1127 4759 1612 4828 expurgationem
1639 4781 1667 4807 ι(
1701 4758 1851 4812 bibit
1880 4757 2023 4812 cali-

371 4861 496 4899 cem
517 4849 606 4914 (ε).
634 4867 661 4894 ››
686 4847 871 4909 Quem
894 4845 1196 4901 imitantes
1213 4846 1488 4917 apostoli,
1508 4853 1574 4900 ut
1594 4847 1694 4917 qui
1708 4863 1908 4902 revera
1935 4863 2023 4900 es-

439 5046 502 5108 ᾧ
531 5041 592 5093 Ρ.
623 5041 726 5094 597
761 5043 868 5095 ΕΒ.
904 5044 1198 5108 POTTER,
1232 5046 1355 5108 503,
1389 5045 1493 5098 504
1523 5045 1634 5098 ED.
1667 5045 1894 5099 PARIS.

372 5109 451 5178 (d)
486 5110 626 5167 Luc.
666 5129 802 5177 χχιι,
835 5115 922 5179 31,
958 5114 1046 5167 32.
1128 5115 1196 5184 (ε)
1223 5115 1425 5169 Matth.
1457 5132 1552 5183 xx,
1587 5116 1672 5170 22.

437 5325 553 5413 ea
587 5321 663 5413 Ἐξ
693 5322 841 5413 ia?“-
881 5322 988 5413 Σθέ
1021 5325 1218 5413 Potius
1364 5325 1511 5413 ιιένττ

578 5390 702 5472 ξΥφ¹
731 5390 844 5451 ἕνα.
881 5390 1373 5454 Ξυδᾱαάἱθηᾶιιὶῐί
1417 5399 1633 5472 χρόνον,
1685 5406 1787 5456 aut
1830 5402 2024 5458 simile

376 5467 536 5537 quid.
572 5467 845 5524 Srtnuao.

414 5542 556 5662 11(45):)
589 5537 844 5613 Ε’ίρηκεν.
879 5541 1102 5612 Nempe
1162 5541 1485 5596 Heracleon
1544 5543 1602 5595 in
1662 5543 1855 5598 verbis
1893 5545 2020 5616 jam

459 5628 488 5662 il
521 5629 588 5662 lS.

373 5617 588 5664 allatis.

440 5683 546 5767 (4ο)
575 5686 629 5734 '0
661 5684 905 5767 Ιέριμῆν.
942 5683 1171 5738 Hermia
1202 5685 1506 5767 Pastorem
1537 5684 1835 5767 intelligit,
1869 5685 2019 5767 libJ,

369 5751 476 5807 vis.
498 5753 572 5808 4:
604 5774 634 5805 «
669 5754 726 5809 Si
757 5751 896 5827 ergo
924 5755 1400 5829 prmparaveritis
1434 5771 1532 5812 vos
1569 5751 1842 5829 poteritis
1873 5751 2020 5814 eﬂ‘u4

1974 5042 2049 5115 (a)
2080 5043 2129 5097 Il
2175 5041 2322 5098 Tim.
2372 5055 2434 5110 ιι,
2487 5038 2572 5092 13.
2651 5040 2728 5112 (b)
2779 5043 2978 5096 Matth.
3033 5059 3186 5112 xxxv,
3221 5045 3306 5098 13.

2135 4686 2270 4742 ριον”
2307 4692 2328 4720 ι
2366 4665 2425 4721 ὅν
2488 4666 2822 4739 μιμούμενοι
2855 4668 2907 4721 οἱ
2967 4666 3289 4740 ἀπόστολοι,
3325 4670 3399 4726 ὡς
3451 4670 3512 4724 ἂν
3540 4675 3618 4742 τῷ
3670 4665 3771 4723 ὄντι

2132 4755 2425 4829 γνωπικοὶ
2482 4755 2568 4808 καὶ
2627 4753 2854 4812 τέλειοι.
2915 4756 3050 4831 ὑπὲρ
3105 4757 3214 4811 τῶν
3273 4757 3649 4829 Ἐκκλησιῶν,
3705 4756 3759 4818 ἃς

2133 4840 2357 4916 ἔπηξαν,
2414 4842 2632 4899 ἔπαθον.
2685 4842 2873 4906 Οὕτως
2936 4843 3026 4899 οὖν
3086 4845 3175 4899 καὶ
3238 4847 3288 4901 οἱ
3346 4849 3464 4902 κατ’
3519 4844 3670 4923 ἴχνος
3719 4845 3772 4898 τὸ

3387 5046 3456 5117 (c)
3485 5044 3594 5100 Tit.
3628 5061 3663 5116 ι,
3696 5044 3772 5098 16.

2133 5345 2274 5408 gere
2291 5326 2457 5382 illam
2481 5326 2587 5408 (sc:
2607 5327 2959 5408 bestiam),si
2977 5333 3362 5408 cor_yestrum
3381 5329 3558 5408 fuerit
3572 5343 3771 5408 purum

2133 5397 2199 5457 ac
2231 5402 2358 5455 sine
2389 5397 2645 5470 macula,
2680 5404 2738 5453 et
2766 5397 3028 5470 reliquos
3060 5399 3189 5455 dies
3215 5397 3771 5457 vestros'serrieritis

2133 5475 2250 5528 Deo
2283 5472 2411 5526 sine
2443 5469 2707 5538 querela.
2743 5492 2772 5519 ››

2203 5545 2312 5611 (4⁸7)
2371 5537 2729 5611 Ἐξῂτήσατο.
2788 5540 2920 5596 Luc.
2979 5559 3124 5611 gum,
3184 5546 3272 5610 31,
3334 5544 3443 5599 3‘2:
3505 5543 3641 5597 Εῖπε
3669 5537 3769 5594 διὸ

2134 5596 2352 5688 Κόριός
2690 5610 2900 5688 Σίμων,
2950 5596 3461 5688 ἰδοὺ,’ὁξξξατανᾷς
3489 5596 3769 5688 ὲῗξητήσατρ

2133 5679 2300 5760 ὑμᾶς,
2352 5679 2898 5760 106_'gtszai_cat'_(bc;
2939 5679 3112 5740 σῖτον’
3171 5684 3280 5760 ἐγὼ
3312 5683 3370 5741 δὲ
3397 5679 3768 5758 ἐδεήθηνπιρὶ

2130 5751 2252 5828 σοῦ,
2276 5753 2369 5813 ἳνα
2401 5754 2478 5829 μὴ
2509 5751 2740 5830 ἰκλείπῃ
2771 5757 2808 5826 ἡ
2839 5754 3023 5820 πίστις
3053 5775 3174 5814 σου.
