4066 6192
363 338 503 396 1287

1599 329 2010 387 CLEMENTIB
2044 325 2551 384 ALEXANDBINI

3646 326 3782 382 1288

362 480 490 536 gnua
517 476 779 528 causam,
830 458 938 514 vel”
973 457 1198 525 damni,
1249 456 1340 512 vel
1379 454 1617 528 judicii,
1664 454 1756 510 vel
1803 451 2006 508 inimi-

2133 445 2156 536 Β
2207 447 2452 520 ζημίας,
2512 446 2548 518 ἢ
2609 445 2784 519 δίκης.
2845 449 2882 518 ἢ
2938 446 3160 536 ἔχεὶρας,
3220 446 3478 526 ἀφορμὴν
3534 445 3788 523 ιγὲννησι

363 553 660 617 citiarum,
715 550 766 604 is
823 548 1202 602 occasionem
1273 546 1505 618 peperit
1557 541 2006 616 persecutionis.

363 643 433 697 Et
452 639 751 712 ideojussi
769 655 974 694 sumus
996 636 1148 692 nihil
1169 637 1426 690 retinere
1445 652 1515 689 ex
1537 634 1609 688 iis
1622 651 1755 704 quaa
1767 633 1839 687 ad
1861 633 2015 686 hanc

363 731 542 785 vitam
572 729 874 801 pertinent
901 745 912 781 :
943 727 1045 782 sed
1079 750 1105 776 «
1141 726 1217 786 ei.
1250 725 1350 796 qui
1385 724 1540 779 tollit
1564 723 1833 794 pallium,
1863 738 2015 792 prae-

362 825 528 876 terea
545 820 723 873 etiam
740 818 878 872 dare
899 817 1163 871 tunicam
1184 817 1289 886 (a);
1315 838 1335 863 ι
1359 831 1480 868 non
1495 813 1690 869 solum
1705 817 2012 882 utperma-

363 926 613 965 neamus
646 908 831 963 nimio
864 909 1079 961 affectu
1111 906 1430 971 immunes,
1465 903 1565 958 sed
1597 919 1670 956 ne
1712 918 1781 956 ea
1810 899 2013 954 vendi-

367 1004 592 1065 cantes,
626 1015 749 1064 eos,
783 996 883 1067 qui
917 996 975 1049 in
1000 994 1228 1066 judicio
1253 992 1640 1056 contendunt,
1666 991 1725 1044 in
1747 1006 1856 1043 nos
1878 987 2005 1042 red-

363 1088 576 1143 damus
609 1088 904 1152 efferatos,
939 1091 997 1138 et
1027 1101 1132 1156 per
1163 1100 1270 1137 nos
1303 1099 1402 1136 eos
1429 1095 1930 1143 commoveamus,
1953 1081 2020 1131 ut

365 1193 588 1234 nomen
618 1175 1021 1231 Christianum
1052 1171 1386 1229 maledictis
1415 1174 1716 1243 appetant.

2123 534 2393 612 διωγμοῦ.
2429 539 2526 592 Διά
2579 539 2727 592 τοῦτ’
2779 538 2871 591 οὖν
2935 534 3170 610 μηδενὸς
3232 537 3554 612 αντέχεσθαι
3595 541 3704 591 τῶν
3731 538 3783 592 ἐν

2120 630 2200 696 τῷ
2231 626 2334 701 βίῳ
2365 625 2758 702 προστέτακται
2788 628 2948 699 ἡμῖν,
2982 625 3129 682 ἀλλὰ
3153 626 3242 681 καὶ
3273 651 3301 678 ‹‹
3325 632 3407 698 τῷ
3439 625 3653 702 αἵροντι
3678 629 3788 698 (52)

2120 713 2430 784 τὸὶμάτιον
2482 715 2570 769 καὶ
2621 715 2712 770 τὸν
2769 719 2979 790 χιτῶνα
3032 711 3412 791 προσδιδόναιο
3449 739 3476 766 ››
3531 713 3643 789 οὐχ
3696 714 3788 768 ἳνα

2121 803 2492 875 ἆπροσπαθεῖς
2546 802 2888 877 διαμὲνωμεν
2938 803 3127 876 μόνον,
3178 801 3306 859 ἀλλ’
3351 803 3425 864 ὡς
3479 805 3583 876 μή,
3637 803 3787 858 ἀντι-

2122 893 2470 966 ποιούμενοι,
2501 892 2628 955 τοὺς
2671 891 3122 965 ἐπιδικαζομένος
3165 891 3245 970 ἐφ’
3293 891 3518 954 ἑαυτοὺς
3567 892 3788 966 ἀγριαί-

2122 1002 2326 1054 νωμεν,
2356 983 2447 1037 καὶ
2473 980 2544 1037 δι’
2570 985 2731 1056 ἡμῶν
2759 982 2846 1037 ἐπὶ
2877 985 2978 1052 τὴν
3005 987 3104 1037 τοῦ
3135 981 3402 1056 ὀνόματος
3444 980 3787 1056 διακινῶμεν

2131 1068 2513 1146 βλασφημίαν.

1885 1263 2116 1318 CAPUT
2162 1263 2255 1317 XI.

1042 1370 1344 1440 Respondet
1395 1368 1727 1438 objectivni:
1755 1366 1816 1420 Si
1845 1365 1985 1418 Deus
2008 1361 2176 1416 vestri
2205 1376 2393 1415 curam
2421 1367 2598 1430 gerat,
2632 1376 2731 1416 cur
2745 1363 3051 1432 pantimim’
3078 1364 3105 1415 ?

361 1502 435 1555 At
464 1498 784 1570 inquiunt:
819 1496 874 1551 Si
909 1497 1061 1550 Deus
1091 1496 1266 1549 vestri
1308 1511 1508 1549 curam
1559 1491 1729 1564 gerit,
1780 1506 1885 1544 cur
1913 1504 2013 1560 pa-

359 1588 554 1642 timini
590 1585 1065 1658 persecutionem
1097 1589 1155 1638 et
1184 1589 1374 1638 morte
1403 1581 1715 1637 afﬁcimini
1738 1579 1765 1633 ‘I
1790 1595 1863 1633 an
1888 1579 2014 1648 ipse

361 1695 460 1732 vos
480 1678 564 1731 eis
585 1676 764 1730 tradit
785 1675 811 1728 ?
828 1675 942 1728 Nos
961 1679 1158 1728 autem
1179 1689 1296 1727 non
1323 1672 1405 1726 sic
1430 1670 1842 1734 existimanus,
1864 1667 2013 1721 velle

362 1766 679 1820 Dominum
710 1769 775 1817 ut
805 1763 863 1816 in
915 1761 1282 1816 calamitates
1334 1759 1689 1824 incidamus,
1742 1755 1843 1812 sed
1877 1772 2016 1827 pro-

360 1854 595 1925 phetice
629 1851 972 1923 praedixisse
1006 1866 1074 1904 ea
1103 1867 1234 1920 qua)
1278 1853 1479 1903 essent
1518 1852 1835 1901 eventura:
1887 1845 2012 1899 fore

2196 1483 2300 1541 Ναί
2331 1501 2511 1562 φασιν·
2546 1484 2609 1541 Εἰ
2635 1481 2860 1556 κήδεται
2893 1487 3004 1558 (53)
3040 1483 3194 1557 ὑμῶν
3243 1485 3272 1539 ὁ
3304 1483 3459 1554 Θεὸς,
3488 1483 3543 1538 τί
3571 1480 3790 1554 δήποτε

2127 1571 2386 1630 διώκεσθε
2443 1575 2532 1630 καὶ
2592 1576 2926 1653 φονεύεσθε;
2985 1576 3020 1645 ἢ
3081 1573 3241 1639 αὐτὸς
3311 1575 3452 1647 ὓμᾶς
3499 1573 3577 1636 είς
3621 1578 3791 1628 τοῦτο

2123 1662 2407 1719 ἐκδίδωσιν
2444 1684 2457 1734 ;
2489 1667 2680 1738 Ἡμεῖς
2714 1664 2771 1720 δὲ
2800 1665 2908 1741 οὐχ
2938 1665 3110 1727 οὕτως
3150 1659 3617 1737 ὑπολαμϐάνομεν
3649 1668 3776 1725 τοῖς

2121 1760 2522 1826 περιστατικοῖς
2572 1753 2914 1828 περιπίπτειν
2969 1757 3119 1827 ἡμᾶς
3169 1753 3258 1808 τὸν
3307 1753 3511 1827 Κύριον
3566 1751 3780 1828 βουλη-

2121 1844 2300 1913 Θῆναι,
2343 1842 2488 1898 ἀλλὰ
2540 1848 2899 1920 προφητικῶς
2947 1845 3013 1898 τὰ
3071 1838 3444 1915 συμϐήσεσθαι
3506 1839 3784 1914 μέλλοντα

362 1941 610 2004 scilicet,
630 1946 696 1996 ut
717 1943 958 2011 prOpter
983 1955 1198 1993 nomen
1223 1937 1353 2008 ejus
1376 1942 1717 2008 pateremur
1738 1950 2012 2006 persecu-

2133 1934 2526 2007 προειρηκέναι,
2560 1933 2634 1995 ὡς
2666 1919 2756 1987 διὰ
2781 1934 2844 1987 τὸ
2877 1931 3056 2005 ὄνομα
3101 1931 3267 1986 αὐτοῦ
3318 1927 3779 2005 διωχθησόμεθα,

362 2032 607 2094 tionem,
660 2035 727 2084 ut
777 2028 1202 2093 occideremur,
1265 2032 1322 2080 et
1372 2031 1438 2079 ut
1492 2023 2016 2095 suspenderemur.

366 2118 759 2183 Quamobrem
792 2116 987 2170 noluit
1029 2132 1137 2169 nos
1189 2115 1309 2185 pati
1364 2113 1864 2185 persecutionem,
1916 2110 2020 2166 sed

368 2223 457 2271 ea,
487 2223 619 2275 quaa
645 2205 874 2276 passuri
908 2220 1137 2269 sumus,
1172 2203 1336 2274 prius
1361 2202 1712 2274 significavit
1731 2217 1837 2272 per
1863 2216 2016 2267 eam,

368 2293 528 2364 quod
559 2294 678 2346 sint
708 2298 1006 2358 eventura,
1055 2291 1526 2362 praedictionem,
1576 2307 1684 2344 nos
1735 2305 2018 2344 exercens

369 2382 442 2437 ad
473 2381 868 2446 tolerantiam,
904 2381 997 2435 cui
1029 2379 1302 2450 promisit
1344 2379 1771 2434 basreditatem.
1823 2380 2015 2444 Quan-

371 2487 549 2542 quam
582 2487 701 2525 non
735 2471 868 2536 soli,
905 2470 1006 2524 sed
1049 2486 1184 2523 cum
1233 2469 1437 2523 multis
1488 2469 1777 2539 supplicio
1829 2468 2018 2522 affici-

369 2575 528 2614 mur.
571 2558 644 2611 At
691 2557 800 2620 illi,
849 2557 1145 2628 inquiunt,
1199 2573 1333 2610 cum
1389 2557 1510 2610 sint
1557 2555 1836 2622 maleﬁci,
1883 2557 2016 2628 jure

367 2645 540 2698 luunt
569 2661 809 2715 poenas;
845 2661 979 2715 ergo
1012 2644 1107 2698 vel
1139 2644 1302 2697 inviti
1352 2644 1524 2698 nobis
1566 2643 1861 2715 justitiam
1909 2659 2015 2696 suo

368 2731 708 2786 testimonio
744 2731 1032 2795 tribuunt,
1067 2731 1166 2801 qui
1202 2730 1422 2801 injuste
1453 2736 1696 2802 propter
1718 2730 2016 2802 justitiam

366 2820 670 2892 punimur.
707 2819 816 2874 Sed
847 2835 1042 2890 neque
1075 2818 1371 2889 injustitia
1394 2818 1618 2890 judicis
1649 2819 1884 2889 attingit
1914 2818 2016 2872 Dei

366 2907 798 2980 providentiam
826 2925 838 2974 ;
873 2913 1105 2978 oportet
1135 2908 1293 2961 enim
1319 2907 1585 2978 judicem
1619 2907 1678 2961 in
1713 2924 1819 2962 sua
1850 2911 2018 2978 pote-

369 3003 518 3053 state
545 2997 764 3051 habere
797 3013 964 3051 suam
999 2997 1380 3060 sententiam,
1413 3013 1542 3062 nec,
1577 2996 1757 3050 veluti
1799 3012 2018 3066 organa

365 3087 657 3153 inanima,
690 3087 884 3140 nervis
908 3085 1347 3156 quodammodo
1373 3085 1549 3149 trahi,
1584 3091 1641 3140 et
1673 3086 1744 3141 ab
1775 3091 2018 3140 externa

367 3176 560 3231 solum
594 3191 770 3230 causa
801 3175 915 3229 vim
951 3175 1163 3245 agendi
1195 3191 1430 3246 capere.
1470 3175 1634 3229 Unde
1677 3181 1734 3229 et
1764 3175 1885 3239 ille,
1915 3192 2014 3246 pe-

2126 2022 2591 2099 φονευθησόμεθα,
2645 2019 3315 2094 ἀνασκινδυλευθησόμεθα
3345 2023 3483 2093 (54)
3537 2020 3668 2074 ὥστ’
3717 2020 3782 2076 οὐ

2125 2108 2412 2176 διώκεσθαι
2438 2113 2903 2185 ἡθὲλησενήμᾶς,
2943 2110 3070 2166 ἀλλ’
3101 2111 3134 2164 ἃ
3172 2109 3470 2182 πεισόμεθα
3521 2112 3781 2185 προεμή-

2122 2222 2271 2256 νυσεν
2350 2199 2439 2256 διὰ
2490 2207 2590 2270 τῆς
2648 2205 2744 2255 τοῦ
2821 2195 3189 2273 συμϐήσεσθαι
3278 2197 3730 2274 προαγορεύσεως
3770 2245 3785 2269 ,

2125 2288 2201 2351 εἷς
2258 2288 2538 2364 καρτερίαν
2598 2287 2897 2364 γυμνασίας
2965 2292 3096 2362 (55),
3158 2289 3192 2358 ἢ
3252 2288 3349 2355 σήν
3395 2285 3782 2361 κληρονομίαν

2123 2376 2515 2454 ἐπηγγείλατο·
2551 2377 2726 2433 καίτοι
2759 2378 2821 2433 οὐ
2855 2377 3037 2450 μόνοι,
3069 2373 3217 2430 ἀλλὰ
3249 2376 3384 2448 μετᾶ
3414 2373 3649 2430 πολλῶν
3680 2397 3781 2432 κο-

2126 2466 2422 2539 λαζόμεθα.
2454 2464 2612 2520 Ἀλλ’
2653 2464 2871 2538 ἐκεῖνοι,
2928 2464 3076 2539 φασὶ,
3109 2468 3408 2539 κακοῦργοι
3455 2465 3778 2539 τυγχάνον-

2121 2575 2232 2624 τες,
2267 2551 2489 2616 δικαίως
2521 2554 2815 2629 ὑπίσχουσι
2875 2555 2972 2622 τήν
3027 2551 3322 2629 τιμωρίαν.
3382 2553 3644 2616 Ἀκοντες
3681 2553 3773 2608 οὖν

2128 2647 2488 2718 μαρτυροῦσιν
2534 2645 2671 2716 ἡμῖν
2713 2644 2812 2711 τὴν
2864 2640 3212 2711 δικαιοσύνην
3259 2646 3376 2702 τοῖς
3428 2637 3519 2694 διὰ
3568 2638 3781 2696 δικαιο-

2123 2731 2288 2802 σύνην
2319 2729 2519 2794 ἀδίκως
2550 2729 2968 2805 κολαζομένοις,
3003 2729 3159 2787 Ἀλλ’
3187 2727 3313 2784 οὐδὲ
3341 2730 3403 2784 τὸ
3447 2727 3635 2784 ἄδικον
3683 2735 3780 2784 τοῦ

2124 2818 2380 2875 δικαστοῦ
2408 2828 2508 2891 τῆς
2540 2821 2798 2896 προνοίας
2829 2821 3073 2876 ἅπτεται’
3107 2817 3191 2874 δεῖ
3241 2819 3342 2893 γὰρ
3400 2818 3587 2893 κύριον
3642 2820 3778 2873 εἶναι

2119 2909 2212 2964 τὸν
2247 2911 2435 2985 κριτήν
2486 2917 2584 2978 τῆς
2643 2910 2834 2964 ἑαυτοῦ
2889 2911 3139 2984 γνώμης·
3205 2909 3280 2981 μή
3339 2908 3770 2983 νευροσπαστοῦ-

2128 3019 2286 3071 μενον
2366 2998 2594 3072 ἀψυχων
2682 2996 2836 3069 δίκην
2925 2997 3161 3074 ὀργάνων
3201 3042 3213 3065 ,
3299 2999 3557 3071 ἀφορμὰς

2125 3089 2292 3159 μόνον
2327 3088 2470 3162 παρά
2498 3095 2595 3157 τῆς
2627 3087 2817 3158 ἔξωθεν
2851 3088 3024 3149 αἰτίας
3057 3083 3428 3161 λαμϐάνοντα.
3478 3089 3779 3157 Δοκιμάζε-

2123 3197 2211 3230 ται
2245 3182 2373 3250 γοῦν
2405 3176 2455 3231 ἐν
2593 3177 2787 3251 κρίνει,
2847 3180 3085 3251 καθάπερ
3145 3175 3234 3230 καὶ
3283 3178 3473 3247 ἡμεῖς,
3531 3173 3669 3228 κατά
3725 3195 3784 3228 τε

3648 2995 3782 3060 ἴσως

364 3265 536 3320 rinde
564 3281 629 3320 ac
656 3283 783 3332 nos,
818 3265 878 3318 in
909 3265 1300 3334 qumstionem
1330 3264 1488 3319 venit
1517 3264 1588 3318 de
1629 3281 1733 3318 suo
1759 3263 2010 3334 judicio,

2133 3265 2222 3331 τήν
2263 3269 2372 3319 τῶν
2431 3265 2655 3339 αἱρετῶν
2715 3265 2972 3342 ἐκλογὴν,
3003 3266 3139 3318 κατά
3191 3284 3250 3318 τε
3306 3265 3405 3332 τὴν
3467 3263 3780 3336 ὑπομονήν.

367 3354 558 3424 deque
609 3353 897 3408 electione
941 3370 1142 3408 rerum
1191 3353 1545 3424 eligibilium
1599 3358 1658 3406 et
1703 3353 2009 3424 patientia.

369 3443 644 3508 Quamvis
674 3448 872 3497 autem
905 3458 1025 3496 non
1060 3442 1344 3496 faciamus
1394 3440 1697 3512 injuriam,
1729 3446 2014 3511 tanquam

369 3541 568 3589 tamen
600 3534 881 3604 injuriam
912 3533 1222 3602 facientes,
1252 3551 1361 3588 nos
1393 3533 1880 3604 intueturjudex.
1906 3534 2018 3587 Ne-

370 3640 484 3694 que
515 3623 675 3677 enim
707 3629 910 3677 nostra
939 3623 1119 3690 novit,
1153 3639 1344 3693 neque
1379 3622 1501 3676 vult
1525 3623 1674 3676 scire
1703 3639 1715 3688 ;
1743 3620 1846 3675 sed
1871 3637 2016 3691 quo-

369 3712 506 3766 dam
525 3712 1144 3782 inanipraaoccupatus
1159 3711 1452 3783 abripitur
1464 3710 1810 3782 praejudicio
1835 3710 2018 3777 ;unde

370 3802 549 3857 etiam
609 3803 732 3872 ipse
775 3802 1003 3873 judicio
1055 3803 1121 3856 fit
1172 3803 1480 3857 obnoxius.
1533 3804 1646 3856 Nos
1696 3818 1831 3874 ergo
1881 3819 2020 3872 per-

371 3896 721 3958 sequuntur,
761 3906 880 3943 non
933 3891 1090 3960 quod
1139 3891 1389 3961 injustos
1435 3907 1562 3945 esse
1611 3890 2021 3961 deprehende-

367 3976 509 4042 rint,
545 3976 648 4030 sed
681 3976 839 4046 quod
870 3993 978 4030 nos
1005 3978 1136 4031 vitae
1182 3978 1457 4032 humana)
1503 3977 1787 4048 injuriam
1827 3978 2020 4032 facere

371 4065 736 4132 existiment,
799 4081 866 4118 eo
921 4066 1080 4135 quod
1137 4067 1324 4120 simus
1377 4067 1717 4131 Christiani,
1780 4074 1838 4122 et
1885 4084 2020 4122 cum

365 4155 484 4226 ipsi
531 4154 614 4208 sic
660 4155 838 4208 vitam
897 4154 1285 4220 instituimus,
1338 4159 1462 4209 tum
1512 4155 1660 4209 alios
1714 4156 2023 4211 hortamur

369 4251 436 4298 ut
464 4245 641 4298 vitam
695 4243 912 4315 degant
958 4242 1234 4298 similem.
1288 4244 1403 4297 Cur
1449 4247 1669 4309 autem,
1719 4244 2019 4314 inquiunt,

370 4350 505 4389 cum
537 4350 636 4387 vos
663 4339 1125 4405 persequuntur,
1157 4332 1311 4386 nihil
1348 4331 1512 4386 vobis
1562 4332 1805 4386 affertur
1854 4333 2022 4388 auxi-

370 4423 483 4477 lii?
505 4423 567 4485 >X<
598 4423 746 4487 Quid
774 4423 954 4488 enim,
980 4421 1137 4492 quod
1163 4421 1237 4478 ad
1260 4439 1368 4478 nos
1393 4421 1632 4492 quidem
1653 4421 1888 4487 attinet,
1910 4439 2022 4477 no-

367 4510 458 4565 bis
491 4512 556 4566 fit
575 4511 810 4584 injurias
830 4527 965 4566 cum
989 4517 1178 4566 morte
1201 4511 1379 4566 soluti
1406 4511 1705 4566 tendimus
1727 4510 1801 4565 ad
1824 4511 2021 4566 Domi-

2125 3353 2235 3410 Κᾶν
2277 3355 2352 3426 μ’),
2414 3351 2713 3427 ἀδικῶμεν,
2746 3352 2872 3409 ἀλλ’
2932 3355 3006 3417 ὡς
3063 3351 3339 3407 ἀδικοῦσιν
3400 3355 3539 3425 ἡμῖν
3569 3352 3598 3405 ὁ
3631 3348 3782 3405 δικα-

2126 3445 2255 3510 στὴς
2287 3443 2463 3518 ἀφορᾷ
2492 3445 2621 3516 (56)·
2657 3443 2717 3497 οὐ
2748 3443 2848 3518 γὰρ
2877 3439 2988 3497 οἶδε
3017 3445 3083 3497 τὰ
3112 3443 3228 3496 καθ’
3258 3444 3432 3512 ἡμᾶς,
3463 3438 3590 3494 οὐδὲ
3635 3437 3786 3493 Θέλιι

2130 3533 2484 3604 μαθεῖν
2520 3530 2798 3605 προλήψει
2844 3528 2900 3585 δὲ
2944 3533 3302 3606 συναπάγεται
3352 3533 3501 3602 κενῇ
3558 3525 3646 3582 διὸ
3691 3529 3784 3582 καὶ

2123 3619 2380 3692 κρίνεται.
2413 3613 2683 3673 Διώκουσι
2709 3619 2886 3675 τοίνυν
2915 3621 3083 3692 ἡμᾶς,
3118 3619 3216 3674 οὐκ
3245 3615 3466 3681 ἀδίκους
3513 3619 3655 3671 εἶναι
3685 3637 3787 3670 κα-

2123 3703 2476 3777 ταλαϐόντες,
2508 3707 2636 3762 ἀλλ’
2666 3707 2813 3779 αὐτῷ
2850 3709 3002 3782 μόνῳ
3034 3713 3112 3780 τῷ
3135 3707 3488 3784 Χριστιανοὺς
3519 3708 3661 3760 εἶναι
3690 3705 3780 3759 τὸν

2131 3796 2248 3872 βίον
2282 3795 2484 3853 ἀδικεῖν
2529 3793 3036 3871 ὑπολαμϐάνοντες,
3092 3796 3285 3860 αὐτούς
3331 3818 3392 3853 τε
3432 3795 3577 3852 οὕτω
3626 3793 3785 3851 πολιο

2126 3887 2453 3958 τευομένους
2484 3885 2574 3939 καὶ
2606 3885 2735 3949 τοὺς
2762 3884 2968 3948 ἄλλους
2999 3887 3090 3941 τὸν
3125 3885 3321 3958 ὅμοιον
3357 3886 3628 3959 αἱρεῖσθαι
3664 3883 3780 3959 βίον

2128 3973 2626 4049 προτρεπομένους.
2663 3975 2761 4030 Διᾶ
2787 3975 2839 4030 τί
2866 3973 2921 4030 δὲ
2953 3975 3018 4030 οὐ
3068 3976 3352 4050 βοηθεῖσθε
3399 3971 3732 4045 διωκόμενοι
3769 3990 3784 4039 ;

2130 4065 2278 4142 φασί.
2313 4062 2378 4120 Τί
2405 4063 2506 4138 γὰρ
2536 4064 2626 4118 καὶ
2663 4061 2995 4136 ἀδικούμεθα
3047 4065 3123 4126 ὡς
3169 4064 3306 4136 πρὸς
3357 4065 3507 4134 ἡμᾶς
3560 4059 3784 4129 αὐτοὺς,

2129 4154 2342 4224 Θανάτῳ
2371 4151 2748 4225 ἀπολυόμενοι
2786 4153 2922 4226 πρὸς
2967 4153 3058 4207 τὸν
3109 4152 3332 4226 Κύριον,
3391 4151 3483 4205 καὶ
3542 4149 3787 4225 καθάπερ

2130 4241 2352 4311 ἡλικίας
2388 4236 2723 4314 μεταϐολὴν,
2758 4240 2899 4296 οὓτω
2940 4238 2997 4296 δὲ
3026 4242 3113 4296 καὶ
3153 4241 3274 4315 βίου
3305 4237 3621 4313 ἐναλλαγὴν
3655 4239 3791 4292 ὑποο

2134 4328 2526 4404 μὲνοντες;Εἶ’
2565 4326 2623 4384 δὲ
2679 4329 2736 4384 εὖ
2789 4336 3114 4408 φρονοῖμεν,
3175 4329 3334 4404 χάριν
3391 4327 3649 4400 εἰσόμεθα
3680 4329 3791 4399 (58)

2129 4427 2247 4484 τοῖς
2266 4422 2366 4489 την
2399 4420 2654 4497 ἀφορμὴν
2687 4427 2786 4490 τῆς
2818 4421 3042 4496 ταχείας
3083 4418 3400 4492 ἀποδημίας
3429 4416 3792 4493 παρεσχημέρ

2131 4533 2264 4580 νοις,
2315 4514 2360 4565 εί
2421 4508 2490 4564 δι’
2549 4509 2758 4584 ἀγάπην
2823 4516 3216 4586 μαρτυροῖμεν’
3261 4509 3306 4564 εἰ
3340 4507 3397 4563 δὲ
3432 4509 3534 4581 μὴ,
3590 4504 3793 4584 φαῦλοί

371 4617 517 4655 num
545 4617 557 4666 ;
581 4617 691 4655 nec
708 4600 883 4655 aliter
898 4601 1031 4655 vita)
1046 4601 1375 4656 mutatione
1395 4599 1705 4670 afﬁcimur,
1725 4616 1903 4670 quam
1919 4602 2017 4672 qui

2133 4621 2272 4662 τινες
2305 4597 2492 4676 ἄνδρες
2527 4602 2809 4662 εἶναιτοῖς
2863 4599 3102 4664 πολλοῖς
3145 4597 3441 4671 ἐδοκοῦμεν
3474 4599 3667 4670 ἡμεῖς.
3721 4594 3787 4652 Εἰ

441 4737 586 4804 *P.
623 4737 724 4789 599
764 4735 874 4789 ΕΙ).
919 4736 1210 4790 POTTEB.
1252 4736 1324 4806 (α)
1358 4735 1494 4789 Luc.
1529 4751 1602 4801 γι,
1627 4737 1715 4791 29.

447 4867 555 4936 (52)
588 4869 682 4935 Τῷ
712 4864 939 4940 αἴροντι.
975 4868 1188 4924 Lucam
1221 4873 1458 4924 secutus
1500 4867 1752 4940 videtur,
1774 4883 1908 4940 cap.
1943 4887 2017 4935 vr,

375 4954 514 5012 nam
547 4956 616 4992 ex
645 4938 916 5012 Matthzeo
943 4940 1261 5012 legendum
1284 4940 1465 5012 iforet,
1503 4938 1722 5012 ordine
1767 4938 2024 5005 inVerso,

373 5005 581 5078 αἴροντι
608 5008 698 5062 τὸν
733 5013 942 5082 χιτῶνα
971 5005 1060 5064 καὶ
1105 5011 1167 5065 τὸ
1196 5011 1416 5083 ἱμάτιον
1460 5005 1837 5083 προσδιδόναι.
1889 5012 2024 5066 SYL-

377 5094 541 5134 BURG.

445 5149 559 5216 (53)
594 5147 654 5204 Εἰ
686 5144 931 5216 κήδεται.
957 5153 1122 5207 Conf.
1157 5170 1291 5209 cum
1323 5155 1434 5208 hoc
1463 5153 1594 5208 loco
1623 5152 1894 5208 libellum
1928 5155 2025 5210 Se-

376 5237 540 5277 necaa
565 5222 640 5294 De
670 5222 1042 5294 Prooidentia,
1079 5241 1206 5292 seu,
1239 5226 1347 5282 Cur
1379 5227 1530 5279 bonis
1574 5227 1825 5280 accidant
1855 5227 2023 5294 mala,

379 5311 500 5350 cum
528 5293 600 5349 sit
630 5290 1014 5348 Providentia.
1048 5295 1125 5346 ID-

447 5367 562 5433 (54)
615 5358 1359 5440 ἈνασκινδυλευθησόμεθαΔ.
1396 5437 1406 5440 _
1442 5366 1581 5440 Hac_
1637 5383 1775 5440 voce
1852 5385 2028 5440 supe-

378 5437 502 5492 rius
530 5453 673 5492 usus
706 5437 1024 5509 estV'Strom.
1063 5453 1116 5501 ll,
1152 5453 1280 5507 pag.
1311 5437 1435 5509 414.
1471 5443 1531 5490 et
1570 5437 1723 5492 infra
1755 5455 1884 5509 pag.
1917 5437 2014 5495 604

381 5509 520 5564 edit.
554 5509 738 5564 Paris.
774 5508 873 5562 Est
920 5515 1117 5562 autem
1178 5524 1208 5562 e
1262 5508 1505 5562 Platone
1563 5507 1955 5578 sumptaflib.
1988 5529 2026 5566 Il

379 5582 453 5650 De
507 5581 720 5650 wpub..
755 5597 809 5650 p.
846 5581 968 5642 594,
1011 5581 1181 5649 cujus
1213 5579 1387 5635 verba
1443 5578 1714 5648 superius
1771 5597 1806 5634 a
1858 5582 2029 5637 nobis

383 5649 571 5720 allata
594 5657 734 5705 sunt
758 5649 842 5722 ad,
866 5667 923 5722 p.
959 5653 1060 5706 495
1094 5651 1235 5706 edit.
1270 5650 1455 5706 Paris.

452 5717 564 5792 (56)
603 5717 932 5793 Γυμνασίᾶς.
985 5722 1119 5797 Legi
1175 5727 1371 5796 potest
1420 5719 1599 5779 etiam
1651 5717 1948 5794 γυμνάσας·
1975 5728 2034 5781 et

2130 4885 2268 4925 mox

2210 4913 2599 5022 {Eéf'in'm'ié’
2621 4913 2879 5009 ἑιξᾶἓτξςέ
2912 4913 3128 5017 ’ἀᾷξέᾷῖ
3161 4913 3553 5066 ὶὲξῗῖὁῖεὲει
3601 4935 3790 5014 ἐφορᾷ,

2219 5014 2479 5066 insnicit.
2552 5013 2855 5066 intuetur:
2911 5034 2938 5060 ››
2989 5013 3185 5066 inauit
3272 5011 3504 5066 vlburu.
3571 5011 3789 5064 Verum

2138 5035 2166 5084 ς(
2219 5011 2480 5083 inspicit,
2552 5013 2938 5084 intueturzr»
2980 5011 3504 5084 'inquitisylbnrg.
3571 5011 3789 5064 Verum

2138 5081 2736 5156 éoopci—accusativum
2769 5083 2939 5156 regit,
2989 5099 3056 5156 ac
3073 5081 3337 5156 'prpinde
3361 5082 3416 5156 si
3452 5081 3602 5156 :vera
3634 5087 3792 5156 esset

2135 5150 2339 5229 lectio,
2370 5150 2894 5229 scriptuml‘uisset
2921 5150 3123 5229 ήμὰςῦ
3155 5150 3414 5229 δικαστὴς
3448 5151 3639 5229 ἐφορᾷ.
3673 5154 3790 5207 Ma-

2136 5227 2242 5282 lim
2270 5228 2466 5299 igitur,
2492 5223 2621 5282 nna
2667 5227 2869 5283 littera
2905 5223 3132 5299 addita,
3180 5223 3416 5298 ἐφορμᾷ,
3467 5223 3793 5280 ύῐέεηειιε

2139 5300 2216 5354 sit
2247 5315 2261 5364 ;
2297 5298 2321 5349 z}
2352 5299 2414 5370 in
2436 5299 2766 5370 nosjudex
2795 5300 3084 5370 impetum
3113 5298 3275 5353 facit.
3307 5319 3337 5348 ››
3516 5369 3524 5370 7
3629 5367 3632 5369 Α

2210 5366 2490 5452 (571063}
2521 5366 2672 5452 θέλει,
2701 5391 2758 5441 μ.
2795 5366 2913 5451 H92:
2944 5376 3363 5452 arsumeptulm
3395 5367 3638 5452 CFW???
3669 5381 3794 5438 Pe"

2140 5442 2409 5511 sequitur
2433 5440 2830 5498 Tertullianus
2862 5442 2923 5496 in
2956 5440 3249 5512 principio
3282 5440 3660 5512 Apologetici.

2212 5505 2327 5636 (58)
2383 5513 2560 5597 Χάριν
2621 5513 2896 5586 εἰσόμεθα.
2957 5505 3090 5594 Legi
3146 5505 3350 5583 potest:
3393 5505 3562 5596 xtiin
3617 5505 3794 5590 Evcl-

2236 5595 2391 5636 uena.
2423 5587 2510 5636 vel
2541 5603 2601 5636 1n
2635 5585 2993 5636 nrmcedenti
3036 5584 3305 5636 membro
3336 5601 3672 5636 ωοονουμεν.
3705 5595 3794 5634 ω-

2142 5581 2510 5659 quasnam
2541 5587 2602 5640 in
2635 5581 2993 5657 princedenti
3036 5581 3305 5640 membro
3336 5581 3672 5659 φρονοῦμεν,
3705 5581 3795 5634 in-

2141 5655 2256 5712 dic.
2287 5657 2465 5712 modo
2490 5655 2764 5715 Sustine.

2321 4867 2446 4957 15,":
2479 4870 2599 4957 cui,
2623 4891 2649 4957 ξ
2674 4886 2781 4942 pro
2811 4867 2870 4957 ᾖ,
2910 4885 3122 4957 aquai.
3161 4889 3188 4957 ξ
3220 4869 3497 4951 Sanunc.
