  <div class='ocr_page' id='page_1' title='image "/cluster/home/n/w/nwhite01/storage/ocr_20150623/8/hvd.32044073501298/649.png"; bbox 0 0 4066 6192; ppageno 0'>
   <div class='ocr_carea' id='block_1_1' title="bbox 402 281 537 337">
    <p class='ocr_par' dir='ltr' id='par_1_1' title="bbox 402 281 537 337">
     <span class='ocr_line' id='line_1_1' title="bbox 402 281 537 337; baseline -0.015 0"><span class='ocrx_word' id='word_1_1' title='bbox 402 281 537 337; x_wconf 73' lang='grc'>1291</span> 
     </span>
    </p>
   </div>
   <div class='ocr_carea' id='block_1_2' title="bbox 1635 272 2582 328">
    <p class='ocr_par' dir='ltr' id='par_1_2' title="bbox 1635 272 2582 328">
     <span class='ocr_line' id='line_1_2' title="bbox 1635 272 2582 328; baseline -0.004 -2"><span class='ocrx_word' id='word_1_2' title='bbox 1635 273 1769 326; x_wconf 76' lang='lat' dir='ltr'>CLE</span> <span class='ocrx_word' id='word_1_3' title='bbox 1779 272 2042 326; x_wconf 78' lang='grc' dir='ltr'>ΜΕΝΤΙΒ</span> <span class='ocrx_word' id='word_1_4' title='bbox 2080 272 2582 328; x_wconf 73' lang='lat' dir='ltr'>ALEXANDBINI</span> 
     </span>
    </p>
   </div>
   <div class='ocr_carea' id='block_1_3' title="bbox 3681 269 3818 325">
    <p class='ocr_par' dir='ltr' id='par_1_3' title="bbox 3681 269 3818 325">
     <span class='ocr_line' id='line_1_3' title="bbox 3681 269 3818 325; baseline 0.007 -1"><span class='ocrx_word' id='word_1_5' title='bbox 3681 269 3818 325; x_wconf 81' lang='lat' dir='ltr'>i292</span> 
     </span>
    </p>
   </div>
   <div class='ocr_carea' id='block_1_4' title="bbox 403 392 2057 468">
    <p class='ocr_par' dir='ltr' id='par_1_4' title="bbox 403 396 2052 468">
     <span class='ocr_line' id='line_1_4' title="bbox 403 396 2052 468; baseline -0.008 -5"><span class='ocrx_word' id='word_1_6' title='bbox 403 407 549 464; x_wconf 73' lang='lat'>211</span> <span class='ocrx_word' id='word_1_7' title='bbox 587 405 884 468; x_wconf 88' lang='lat' dir='ltr'>dicuntur,</span> <span class='ocrx_word' id='word_1_8' title='bbox 918 399 1292 463; x_wconf 80' lang='lat' dir='ltr'>afﬂictiones,</span> <span class='ocrx_word' id='word_1_9' title='bbox 1327 397 1448 452; x_wconf 87' lang='lat' dir='ltr'>sive</span> <span class='ocrx_word' id='word_1_10' title='bbox 1478 413 1611 453; x_wconf 91' lang='lat' dir='ltr'>cum</span> <span class='ocrx_word' id='word_1_11' title='bbox 1642 396 2052 467; x_wconf 80' lang='lat' dir='ltr'>imprudentes</span> 
     </span>
    </p>
   </div>
   <div class='ocr_carea' id='block_1_5' title="bbox 2169 392 3822 468">
    <p class='ocr_par' dir='ltr' id='par_1_5' title="bbox 2169 392 3822 468">
     <span class='ocr_line' id='line_1_5' title="bbox 2169 392 3822 468; baseline -0.001 -20"><span class='ocrx_word' id='word_1_12' title='bbox 2169 393 2534 449; x_wconf 79' lang='grc' dir='ltr'>ὑποπίπτουσι</span> <span class='ocrx_word' id='word_1_13' title='bbox 2564 398 2685 456; x_wconf 86' lang='grc' dir='ltr'>ταῖς</span> <span class='ocrx_word' id='word_1_14' title='bbox 2743 393 3063 468; x_wconf 69' lang='grc' dir='ltr'>λεγομέναις</span> <span class='ocrx_word' id='word_1_15' title='bbox 3095 392 3369 467; x_wconf 75' lang='grc' dir='ltr'>θλίψεσιν,</span> <span class='ocrx_word' id='word_1_16' title='bbox 3401 392 3528 462; x_wconf 77' lang='grc' dir='ltr'>ἤτοι</span> <span class='ocrx_word' id='word_1_17' title='bbox 3562 394 3822 466; x_wconf 68' lang='grc' dir='ltr'>ἡμαρτη-</span> 
     </span>
    </p>
   </div>
   <div class='ocr_carea' id='block_1_6' title="bbox 404 485 2057 569">
    <p class='ocr_par' dir='ltr' id='par_1_6' title="bbox 404 485 2057 569">
     <span class='ocr_line' id='line_1_6' title="bbox 404 485 2057 569; baseline -0.006 -19"><span class='ocrx_word' id='word_1_18' title='bbox 404 494 776 569; x_wconf 87' lang='lat' dir='ltr'>peccaverint</span> <span class='ocrx_word' id='word_1_19' title='bbox 809 493 867 546; x_wconf 91' lang='lat' dir='ltr'>in</span> <span class='ocrx_word' id='word_1_20' title='bbox 896 491 1030 545; x_wconf 87' lang='lat' dir='ltr'>aliis</span> <span class='ocrx_word' id='word_1_21' title='bbox 1062 488 1234 560; x_wconf 83' lang='lat' dir='ltr'>lapsi,</span> <span class='ocrx_word' id='word_1_22' title='bbox 1268 488 1338 542; x_wconf 86' lang='lat' dir='ltr'>ad</span> <span class='ocrx_word' id='word_1_23' title='bbox 1374 489 1483 542; x_wconf 89' lang='lat' dir='ltr'>hoc</span> <span class='ocrx_word' id='word_1_24' title='bbox 1522 487 1746 541; x_wconf 89' lang='lat' dir='ltr'>bonum</span> <span class='ocrx_word' id='word_1_25' title='bbox 1773 485 1836 548; x_wconf 52' lang='lat' dir='ltr'>is</span> <span class='ocrx_word' id='word_1_26' title='bbox 1869 486 2057 541; x_wconf 92' lang='lat' dir='ltr'>dedu-</span> 
     </span>
    </p>
   </div>
   <div class='ocr_carea' id='block_1_7' title="bbox 405 577 2064 654">
    <p class='ocr_par' dir='ltr' id='par_1_7' title="bbox 405 577 2064 654">
     <span class='ocr_line' id='line_1_7' title="bbox 405 577 2064 654; baseline -0.007 -14"><span class='ocrx_word' id='word_1_27' title='bbox 405 589 643 650; x_wconf 90' lang='lat' dir='ltr'>cuntur,</span> <span class='ocrx_word' id='word_1_28' title='bbox 676 581 1041 654; x_wconf 79' lang='lat' dir='ltr'>benignitate</span> <span class='ocrx_word' id='word_1_29' title='bbox 1074 579 1225 651; x_wconf 83' lang='lat' dir='ltr'>ejus,</span> <span class='ocrx_word' id='word_1_30' title='bbox 1261 578 1361 649; x_wconf 88' lang='lat' dir='ltr'>qui</span> <span class='ocrx_word' id='word_1_31' title='bbox 1395 577 1655 645; x_wconf 86' lang='lat' dir='ltr'>adducit,</span> <span class='ocrx_word' id='word_1_32' title='bbox 1690 592 1825 630; x_wconf 89' lang='lat' dir='ltr'>cum</span> <span class='ocrx_word' id='word_1_33' title='bbox 1856 592 2064 630; x_wconf 88' lang='lat' dir='ltr'>revera</span> 
     </span>
    </p>
   </div>
   <div class='ocr_carea' id='block_1_8' title="bbox 404 665 2059 737">
    <p class='ocr_par' dir='ltr' id='par_1_8' title="bbox 404 665 2059 737">
     <span class='ocr_line' id='line_1_8' title="bbox 404 665 2059 737; baseline -0.007 -7"><span class='ocrx_word' id='word_1_34' title='bbox 404 676 523 731; x_wconf 88' lang='lat' dir='ltr'>alia</span> <span class='ocrx_word' id='word_1_35' title='bbox 553 691 622 728; x_wconf 86' lang='lat' dir='ltr'>ex</span> <span class='ocrx_word' id='word_1_36' title='bbox 649 673 782 728; x_wconf 89' lang='lat' dir='ltr'>aliis</span> <span class='ocrx_word' id='word_1_37' title='bbox 810 671 1062 726; x_wconf 88' lang='lat' dir='ltr'>crimina</span> <span class='ocrx_word' id='word_1_38' title='bbox 1090 670 1478 735; x_wconf 85' lang='lat' dir='ltr'>intententur,</span> <span class='ocrx_word' id='word_1_39' title='bbox 1532 684 1604 721; x_wconf 92' lang='lat' dir='ltr'>ne</span> <span class='ocrx_word' id='word_1_40' title='bbox 1655 667 1957 737; x_wconf 88' lang='lat' dir='ltr'>patiantur</span> <span class='ocrx_word' id='word_1_41' title='bbox 1985 665 2059 720; x_wconf 91' lang='lat' dir='ltr'>ob</span> 
     </span>
    </p>
   </div>
   <div class='ocr_carea' id='block_1_9' title="bbox 407 755 2059 835">
    <p class='ocr_par' dir='ltr' id='par_1_9' title="bbox 407 755 2059 835">
     <span class='ocr_line' id='line_1_9' title="bbox 407 755 2059 835; baseline -0.007 -15"><span class='ocrx_word' id='word_1_42' title='bbox 407 782 494 831; x_wconf 89' lang='lat' dir='ltr'>ea,</span> <span class='ocrx_word' id='word_1_43' title='bbox 531 780 662 835; x_wconf 75' lang='lat' dir='ltr'>quze</span> <span class='ocrx_word' id='word_1_44' title='bbox 690 761 848 816; x_wconf 87' lang='lat' dir='ltr'>mala</span> <span class='ocrx_word' id='word_1_45' title='bbox 881 776 1006 814; x_wconf 89' lang='lat' dir='ltr'>esse</span> <span class='ocrx_word' id='word_1_46' title='bbox 1039 764 1264 813; x_wconf 81' lang='lat' dir='ltr'>certum</span> <span class='ocrx_word' id='word_1_47' title='bbox 1315 761 1425 822; x_wconf 89' lang='lat' dir='ltr'>est,</span> <span class='ocrx_word' id='word_1_48' title='bbox 1475 771 1670 826; x_wconf 86' lang='lat' dir='ltr'>neque</span> <span class='ocrx_word' id='word_1_49' title='bbox 1724 755 2059 810; x_wconf 85' lang='lat' dir='ltr'>maledictis</span> 
     </span>
    </p>
   </div>
   <div class='ocr_carea' id='block_1_10' title="bbox 405 843 2061 924">
    <p class='ocr_par' dir='ltr' id='par_1_10' title="bbox 405 843 2061 924">
     <span class='ocr_line' id='line_1_10' title="bbox 405 843 2061 924; baseline -0.006 -17"><span class='ocrx_word' id='word_1_50' title='bbox 405 852 678 924; x_wconf 90' lang='lat' dir='ltr'>appetiti,</span> <span class='ocrx_word' id='word_1_51' title='bbox 711 856 776 904; x_wconf 88' lang='lat' dir='ltr'>ut</span> <span class='ocrx_word' id='word_1_52' title='bbox 807 849 1059 916; x_wconf 82' lang='lat' dir='ltr'>adulter,</span> <span class='ocrx_word' id='word_1_53' title='bbox 1091 847 1178 901; x_wconf 91' lang='lat' dir='ltr'>vel</span> <span class='ocrx_word' id='word_1_54' title='bbox 1214 846 1480 912; x_wconf 83' lang='lat' dir='ltr'>occisor;</span> <span class='ocrx_word' id='word_1_55' title='bbox 1517 845 1619 900; x_wconf 88' lang='lat' dir='ltr'>sed</span> <span class='ocrx_word' id='word_1_56' title='bbox 1652 845 1935 908; x_wconf 87' lang='lat' dir='ltr'>accusati,</span> <span class='ocrx_word' id='word_1_57' title='bbox 1960 843 2061 914; x_wconf 87' lang='lat' dir='ltr'>qui</span> 
     </span>
    </p>
   </div>
   <div class='ocr_carea' id='block_1_11' title="bbox 408 933 2065 1009">
    <p class='ocr_par' dir='ltr' id='par_1_11' title="bbox 408 933 2065 1009">
     <span class='ocr_line' id='line_1_11' title="bbox 408 933 2065 1009; baseline -0.007 -12"><span class='ocrx_word' id='word_1_58' title='bbox 408 943 528 998; x_wconf 90' lang='lat' dir='ltr'>sint</span> <span class='ocrx_word' id='word_1_59' title='bbox 551 939 868 996; x_wconf 84' lang='lat' dir='ltr'>Christiani</span> <span class='ocrx_word' id='word_1_60' title='bbox 897 955 909 1005; x_wconf 94' lang='lat'><strong>;</strong></span> <span class='ocrx_word' id='word_1_61' title='bbox 945 937 1102 1009; x_wconf 89' lang='lat' dir='ltr'>quod</span> <span class='ocrx_word' id='word_1_62' title='bbox 1135 936 1375 1007; x_wconf 87' lang='lat' dir='ltr'>quidem</span> <span class='ocrx_word' id='word_1_63' title='bbox 1409 952 1510 989; x_wconf 88' lang='lat' dir='ltr'>eos</span> <span class='ocrx_word' id='word_1_64' title='bbox 1541 933 1965 1000; x_wconf 85' lang='lat' dir='ltr'>consolabitur,</span> <span class='ocrx_word' id='word_1_65' title='bbox 1998 937 2065 986; x_wconf 92' lang='lat' dir='ltr'>ut</span> 
     </span>
    </p>
   </div>
   <div class='ocr_carea' id='block_1_12' title="bbox 409 1023 2060 1099">
    <p class='ocr_par' dir='ltr' id='par_1_12' title="bbox 409 1023 2060 1099">
     <span class='ocr_line' id='line_1_12' title="bbox 409 1023 2060 1099; baseline -0.007 -12"><span class='ocrx_word' id='word_1_66' title='bbox 409 1050 484 1088; x_wconf 91' lang='lat' dir='ltr'>ne</span> <span class='ocrx_word' id='word_1_67' title='bbox 516 1032 832 1086; x_wconf 88' lang='lat' dir='ltr'>videantur</span> <span class='ocrx_word' id='word_1_68' title='bbox 863 1028 1104 1099; x_wconf 89' lang='lat' dir='ltr'>quidem</span> <span class='ocrx_word' id='word_1_69' title='bbox 1136 1026 1282 1097; x_wconf 90' lang='lat' dir='ltr'>pati.</span> <span class='ocrx_word' id='word_1_70' title='bbox 1323 1027 1392 1079; x_wconf 85' lang='lat' dir='ltr'>Et</span> <span class='ocrx_word' id='word_1_71' title='bbox 1422 1025 1468 1079; x_wconf 91' lang='lat' dir='ltr'>si</span> <span class='ocrx_word' id='word_1_72' title='bbox 1503 1025 1657 1096; x_wconf 92' lang='lat' dir='ltr'>quis,</span> <span class='ocrx_word' id='word_1_73' title='bbox 1691 1025 1789 1094; x_wconf 90' lang='lat' dir='ltr'>qui</span> <span class='ocrx_word' id='word_1_74' title='bbox 1814 1023 2060 1077; x_wconf 89' lang='lat' dir='ltr'>omnino</span> 
     </span>
    </p>
   </div>
   <div class='ocr_carea' id='block_1_13' title="bbox 409 1111 2062 1192">
    <p class='ocr_par' dir='ltr' id='par_1_13' title="bbox 409 1111 2062 1192">
     <span class='ocr_line' id='line_1_13' title="bbox 409 1111 2062 1192; baseline -0.008 -15"><span class='ocrx_word' id='word_1_75' title='bbox 409 1139 518 1177; x_wconf 90' lang='lat' dir='ltr'>nos</span> <span class='ocrx_word' id='word_1_76' title='bbox 541 1119 890 1192; x_wconf 81' lang='lat' dir='ltr'>peccaverit,</span> <span class='ocrx_word' id='word_1_77' title='bbox 914 1117 1232 1172; x_wconf 86' lang='lat' dir='ltr'>accesserit</span> <span class='ocrx_word' id='word_1_78' title='bbox 1257 1115 1329 1169; x_wconf 89' lang='lat' dir='ltr'>ad</span> <span class='ocrx_word' id='word_1_79' title='bbox 1352 1114 1720 1186; x_wconf 89' lang='lat' dir='ltr'>patiendum,</span> <span class='ocrx_word' id='word_1_80' title='bbox 1745 1112 1906 1183; x_wconf 92' lang='lat' dir='ltr'>quod</span> <span class='ocrx_word' id='word_1_81' title='bbox 1929 1111 2062 1181; x_wconf 88' lang='lat' dir='ltr'>qui-</span> 
     </span>
    </p>
   </div>
   <div class='ocr_carea' id='block_1_14' title="bbox 409 1201 2062 1274">
    <p class='ocr_par' dir='ltr' id='par_1_14' title="bbox 409 1201 2062 1274">
     <span class='ocr_line' id='line_1_14' title="bbox 409 1201 2062 1274; baseline -0.007 -8"><span class='ocrx_word' id='word_1_82' title='bbox 409 1211 545 1266; x_wconf 88' lang='lat' dir='ltr'>dem</span> <span class='ocrx_word' id='word_1_83' title='bbox 579 1216 668 1264; x_wconf 93' lang='lat' dir='ltr'>est</span> <span class='ocrx_word' id='word_1_84' title='bbox 697 1224 918 1272; x_wconf 89' lang='lat' dir='ltr'>rarum,</span> <span class='ocrx_word' id='word_1_85' title='bbox 955 1213 1156 1261; x_wconf 87' lang='lat' dir='ltr'>tamen</span> <span class='ocrx_word' id='word_1_86' title='bbox 1185 1221 1259 1259; x_wconf 92' lang='lat' dir='ltr'>ne</span> <span class='ocrx_word' id='word_1_87' title='bbox 1283 1205 1331 1258; x_wconf 91' lang='lat' dir='ltr'>is</span> <span class='ocrx_word' id='word_1_88' title='bbox 1356 1203 1596 1274; x_wconf 90' lang='lat' dir='ltr'>quidem</span> <span class='ocrx_word' id='word_1_89' title='bbox 1623 1201 1850 1272; x_wconf 91' lang='lat' dir='ltr'>aliquid</span> <span class='ocrx_word' id='word_1_90' title='bbox 1873 1202 2062 1272; x_wconf 87' lang='lat' dir='ltr'>patie-</span> 
     </span>
    </p>
   </div>
   <div class='ocr_carea' id='block_1_15' title="bbox 410 1291 2064 1370">
    <p class='ocr_par' dir='ltr' id='par_1_15' title="bbox 410 1291 2064 1370">
     <span class='ocr_line' id='line_1_15' title="bbox 410 1291 2064 1370; baseline -0.007 -15"><span class='ocrx_word' id='word_1_91' title='bbox 410 1306 506 1355; x_wconf 88' lang='lat' dir='ltr'>tur</span> <span class='ocrx_word' id='word_1_92' title='bbox 536 1316 605 1354; x_wconf 87' lang='lat' dir='ltr'>ex</span> <span class='ocrx_word' id='word_1_93' title='bbox 632 1297 854 1370; x_wconf 90' lang='lat' dir='ltr'>paratis</span> <span class='ocrx_word' id='word_1_94' title='bbox 887 1313 920 1350; x_wconf 92' lang='lat' dir='ltr'>a</span> <span class='ocrx_word' id='word_1_95' title='bbox 951 1300 1240 1366; x_wconf 85' lang='lat' dir='ltr'>potestate</span> <span class='ocrx_word' id='word_1_96' title='bbox 1283 1293 1539 1358; x_wconf 88' lang='lat' dir='ltr'>insidiis,</span> <span class='ocrx_word' id='word_1_97' title='bbox 1584 1291 1686 1346; x_wconf 90' lang='lat' dir='ltr'>sed</span> <span class='ocrx_word' id='word_1_98' title='bbox 1717 1291 1976 1362; x_wconf 89' lang='lat' dir='ltr'>patietur</span> <span class='ocrx_word' id='word_1_99' title='bbox 1999 1294 2064 1344; x_wconf 92' lang='lat' dir='ltr'>ut</span> 
     </span>
    </p>
   </div>
   <div class='ocr_carea' id='block_1_16' title="bbox 411 1381 2061 1462">
    <p class='ocr_par' dir='ltr' id='par_1_16' title="bbox 411 1381 2061 1462">
     <span class='ocr_line' id='line_1_16' title="bbox 411 1381 2061 1462; baseline -0.011 -17"><span class='ocrx_word' id='word_1_100' title='bbox 411 1393 711 1462; x_wconf 90' lang='lat' dir='ltr'>pateretur</span> <span class='ocrx_word' id='word_1_101' title='bbox 743 1385 962 1451; x_wconf 80' lang='lat' dir='ltr'>infans,</span> <span class='ocrx_word' id='word_1_102' title='bbox 1014 1384 1114 1454; x_wconf 91' lang='lat' dir='ltr'>qui</span> <span class='ocrx_word' id='word_1_103' title='bbox 1147 1382 1456 1438; x_wconf 86' lang='lat' dir='ltr'>videbatur</span> <span class='ocrx_word' id='word_1_104' title='bbox 1504 1381 1654 1435; x_wconf 86' lang='lat' dir='ltr'>nihil</span> <span class='ocrx_word' id='word_1_105' title='bbox 1705 1396 1997 1452; x_wconf 85' lang='lat' dir='ltr'>peccasse.</span> <span class='ocrx_word' id='word_1_106' title='bbox 2032 1400 2061 1428; x_wconf 84' lang='grc'><strong>››</strong></span> 
     </span>
    </p>
   </div>
   <div class='ocr_carea' id='block_1_17' title="bbox 411 1467 2061 1548">
    <p class='ocr_par' dir='ltr' id='par_1_17' title="bbox 411 1467 2061 1548">
     <span class='ocr_line' id='line_1_17' title="bbox 411 1467 2061 1548; baseline -0.007 -15"><span class='ocrx_word' id='word_1_107' title='bbox 411 1477 633 1533; x_wconf 90' lang='lat' dir='ltr'>Deinde</span> <span class='ocrx_word' id='word_1_108' title='bbox 651 1476 827 1548; x_wconf 87' lang='lat' dir='ltr'>paulo</span> <span class='ocrx_word' id='word_1_109' title='bbox 848 1474 1093 1529; x_wconf 84' lang='lat' dir='ltr'>inferius</span> <span class='ocrx_word' id='word_1_110' title='bbox 1113 1473 1240 1544; x_wconf 87' lang='lat' dir='ltr'>subj</span> <span class='ocrx_word' id='word_1_111' title='bbox 1251 1472 1421 1543; x_wconf 89' lang='lat' dir='ltr'>ungit</span> <span class='ocrx_word' id='word_1_112' title='bbox 1443 1489 1499 1526; x_wconf 73' lang='lat' dir='ltr'>:u</span> <span class='ocrx_word' id='word_1_113' title='bbox 1519 1471 1678 1526; x_wconf 89' lang='lat' dir='ltr'>Sicut</span> <span class='ocrx_word' id='word_1_114' title='bbox 1692 1486 1827 1542; x_wconf 86' lang='lat' dir='ltr'>ergo</span> <span class='ocrx_word' id='word_1_115' title='bbox 1843 1467 2061 1533; x_wconf 81' lang='lat' dir='ltr'>infans,</span> 
     </span>
    </p>
   </div>
   <div class='ocr_carea' id='block_1_18' title="bbox 411 1557 2064 1640">
    <p class='ocr_par' dir='ltr' id='par_1_18' title="bbox 411 1557 2064 1640">
     <span class='ocr_line' id='line_1_18' title="bbox 411 1557 2064 1640; baseline -0.007 -18"><span class='ocrx_word' id='word_1_116' title='bbox 411 1568 512 1639; x_wconf 89' lang='lat' dir='ltr'>qui</span> <span class='ocrx_word' id='word_1_117' title='bbox 541 1567 705 1640; x_wconf 87' lang='lat' dir='ltr'>prius</span> <span class='ocrx_word' id='word_1_118' title='bbox 738 1582 858 1620; x_wconf 89' lang='lat' dir='ltr'>non</span> <span class='ocrx_word' id='word_1_119' title='bbox 891 1563 1174 1636; x_wconf 88' lang='lat' dir='ltr'>peccavit,</span> <span class='ocrx_word' id='word_1_120' title='bbox 1201 1568 1301 1616; x_wconf 88' lang='lat' dir='ltr'>aut</span> <span class='ocrx_word' id='word_1_121' title='bbox 1321 1567 1455 1616; x_wconf 89' lang='lat' dir='ltr'>actu</span> <span class='ocrx_word' id='word_1_122' title='bbox 1475 1559 1716 1632; x_wconf 88' lang='lat' dir='ltr'>quidem</span> <span class='ocrx_word' id='word_1_123' title='bbox 1740 1559 1800 1613; x_wconf 92' lang='lat' dir='ltr'>in</span> <span class='ocrx_word' id='word_1_124' title='bbox 1824 1575 1885 1612; x_wconf 94' lang='lat' dir='ltr'>se</span> <span class='ocrx_word' id='word_1_125' title='bbox 1911 1557 2064 1614; x_wconf 90' lang='lat' dir='ltr'>nihil</span> 
     </span>
    </p>
   </div>
   <div class='ocr_carea' id='block_1_19' title="bbox 413 1649 2063 1728">
    <p class='ocr_par' dir='ltr' id='par_1_19' title="bbox 413 1649 2063 1728">
     <span class='ocr_line' id='line_1_19' title="bbox 413 1649 2063 1728; baseline -0.006 -17"><span class='ocrx_word' id='word_1_126' title='bbox 413 1657 694 1728; x_wconf 86' lang='lat' dir='ltr'>peccavit,</span> <span class='ocrx_word' id='word_1_127' title='bbox 727 1654 830 1708; x_wconf 88' lang='lat' dir='ltr'>sed</span> <span class='ocrx_word' id='word_1_128' title='bbox 862 1652 1024 1724; x_wconf 89' lang='lat' dir='ltr'>quod</span> <span class='ocrx_word' id='word_1_129' title='bbox 1054 1651 1271 1706; x_wconf 88' lang='lat' dir='ltr'>habeat</span> <span class='ocrx_word' id='word_1_130' title='bbox 1302 1651 1361 1705; x_wconf 93' lang='lat' dir='ltr'>id</span> <span class='ocrx_word' id='word_1_131' title='bbox 1403 1649 1560 1720; x_wconf 92' lang='lat' dir='ltr'>quod</span> <span class='ocrx_word' id='word_1_132' title='bbox 1592 1649 1872 1720; x_wconf 86' lang='lat' dir='ltr'>peccavit,</span> <span class='ocrx_word' id='word_1_133' title='bbox 1902 1653 2063 1719; x_wconf 87' lang='lat' dir='ltr'>post-</span> 
     </span>
    </p>
   </div>
   <div class='ocr_carea' id='block_1_20' title="bbox 2166 480 3825 556">
    <p class='ocr_par' dir='ltr' id='par_1_20' title="bbox 2166 480 3825 556">
     <span class='ocr_line' id='line_1_20' title="bbox 2166 480 3825 556; baseline 0 -18"><span class='ocrx_word' id='word_1_134' title='bbox 2166 484 2321 545; x_wconf 77' lang='grc' dir='ltr'>κότες</span> <span class='ocrx_word' id='word_1_135' title='bbox 2379 483 2432 538; x_wconf 83' lang='grc' dir='ltr'>ἐν</span> <span class='ocrx_word' id='word_1_136' title='bbox 2482 481 2676 544; x_wconf 70' lang='grc' dir='ltr'>ἄλλοις</span> <span class='ocrx_word' id='word_1_137' title='bbox 2737 480 3093 547; x_wconf 72' lang='grc' dir='ltr'>λανθάνοντες</span> <span class='ocrx_word' id='word_1_138' title='bbox 3153 482 3510 556; x_wconf 80' lang='grc' dir='ltr'>πταίσμασιν,</span> <span class='ocrx_word' id='word_1_139' title='bbox 3558 481 3638 545; x_wconf 82' lang='grc' dir='ltr'>εἷς</span> <span class='ocrx_word' id='word_1_140' title='bbox 3667 487 3825 538; x_wconf 77' lang='grc' dir='ltr'>τοῦτο</span> 
     </span>
    </p>
   </div>
   <div class='ocr_carea' id='block_1_21' title="bbox 2165 570 3827 648">
    <p class='ocr_par' dir='ltr' id='par_1_21' title="bbox 2165 570 3827 648">
     <span class='ocr_line' id='line_1_21' title="bbox 2165 570 3827 648; baseline 0.001 -22"><span class='ocrx_word' id='word_1_141' title='bbox 2165 573 2386 647; x_wconf 81' lang='grc' dir='ltr'>ἄγονται</span> <span class='ocrx_word' id='word_1_142' title='bbox 2429 573 2492 627; x_wconf 85' lang='grc' dir='ltr'>τὸ</span> <span class='ocrx_word' id='word_1_143' title='bbox 2525 572 2726 646; x_wconf 83' lang='grc' dir='ltr'>ἀγαθὸν</span> <span class='ocrx_word' id='word_1_144' title='bbox 2775 592 3054 648; x_wconf 81' lang='grc' dir='ltr'>χρηστητι</span> <span class='ocrx_word' id='word_1_145' title='bbox 3103 576 3201 626; x_wconf 79' lang='grc' dir='ltr'>τοῦ</span> <span class='ocrx_word' id='word_1_146' title='bbox 3260 573 3650 647; x_wconf 73' lang='grc' dir='ltr'>περιάγοντος,</span> <span class='ocrx_word' id='word_1_147' title='bbox 3682 570 3827 629; x_wconf 76' lang='grc' dir='ltr'>ἄλλα</span> 
     </span>
    </p>
   </div>
   <div class='ocr_carea' id='block_1_22' title="bbox 2165 659 3825 738">
    <p class='ocr_par' dir='ltr' id='par_1_22' title="bbox 2165 659 3825 738">
     <span class='ocr_line' id='line_1_22' title="bbox 2165 659 3825 738; baseline 0 -22"><span class='ocrx_word' id='word_1_148' title='bbox 2165 661 2214 732; x_wconf 80' lang='grc' dir='ltr'>ἐξ</span> <span class='ocrx_word' id='word_1_149' title='bbox 2247 661 2435 717; x_wconf 79' lang='grc' dir='ltr'>ἄλλων</span> <span class='ocrx_word' id='word_1_150' title='bbox 2494 663 2664 725; x_wconf 78' lang='grc' dir='ltr'>ὅντως</span> <span class='ocrx_word' id='word_1_151' title='bbox 2716 660 3131 738; x_wconf 76' lang='grc' dir='ltr'>ἐγκαλούμενοι,</span> <span class='ocrx_word' id='word_1_152' title='bbox 3179 659 3274 716; x_wconf 78' lang='grc' dir='ltr'>’ίνα</span> <span class='ocrx_word' id='word_1_153' title='bbox 3324 663 3401 734; x_wconf 83' lang='grc' dir='ltr'>μή</span> <span class='ocrx_word' id='word_1_154' title='bbox 3431 661 3506 724; x_wconf 84' lang='grc' dir='ltr'>ὡς</span> <span class='ocrx_word' id='word_1_155' title='bbox 3535 659 3825 717; x_wconf 85' lang='grc' dir='ltr'>κατάδικοι</span> 
     </span>
    </p>
   </div>
   <div class='ocr_carea' id='block_1_23' title="bbox 2165 748 3828 826">
    <p class='ocr_par' dir='ltr' id='par_1_23' title="bbox 2165 748 3828 826">
     <span class='ocr_line' id='line_1_23' title="bbox 2165 748 3828 826; baseline 0 -21"><span class='ocrx_word' id='word_1_156' title='bbox 2165 749 2253 805; x_wconf 78' lang='grc' dir='ltr'>ἐπὶ</span> <span class='ocrx_word' id='word_1_157' title='bbox 2281 756 2472 812; x_wconf 84' lang='grc' dir='ltr'>κακοῖς</span> <span class='ocrx_word' id='word_1_158' title='bbox 2522 749 3002 825; x_wconf 72' lang='grc' dir='ltr'>ὁμολογουμένοις</span> <span class='ocrx_word' id='word_1_159' title='bbox 3055 751 3287 819; x_wconf 79' lang='grc' dir='ltr'>πάθωσι,</span> <span class='ocrx_word' id='word_1_160' title='bbox 3350 748 3493 823; x_wconf 66' lang='grc' dir='ltr'>μηδὲ</span> <span class='ocrx_word' id='word_1_161' title='bbox 3523 748 3828 826; x_wconf 83' lang='grc' dir='ltr'>λοιδορού-</span> 
     </span>
    </p>
   </div>
   <div class='ocr_carea' id='block_1_24' title="bbox 2169 837 3827 917">
    <p class='ocr_par' dir='ltr' id='par_1_24' title="bbox 2169 837 3827 917">
     <span class='ocr_line' id='line_1_24' title="bbox 2169 837 3827 917; baseline 0 -23"><span class='ocrx_word' id='word_1_162' title='bbox 2169 861 2320 914; x_wconf 85' lang='grc' dir='ltr'>μενοι</span> <span class='ocrx_word' id='word_1_163' title='bbox 2354 841 2427 902; x_wconf 88' lang='grc' dir='ltr'>ὠς</span> <span class='ocrx_word' id='word_1_164' title='bbox 2461 840 2488 894; x_wconf 98' lang='lat'>6</span> <span class='ocrx_word' id='word_1_165' title='bbox 2525 841 2748 914; x_wconf 86' lang='grc' dir='ltr'>μοιχὸς,</span> <span class='ocrx_word' id='word_1_166' title='bbox 2798 841 2833 910; x_wconf 75' lang='grc' dir='ltr'>ἢ</span> <span class='ocrx_word' id='word_1_167' title='bbox 2888 841 2916 894; x_wconf 92' lang='lat'>6</span> <span class='ocrx_word' id='word_1_168' title='bbox 2973 839 3189 917; x_wconf 67' lang='grc' dir='ltr'>φονεὺς,</span> <span class='ocrx_word' id='word_1_169' title='bbox 3231 837 3356 894; x_wconf 84' lang='grc' dir='ltr'>ἀλλ’</span> <span class='ocrx_word' id='word_1_170' title='bbox 3389 839 3472 894; x_wconf 81' lang='grc' dir='ltr'>ὅτι</span> <span class='ocrx_word' id='word_1_171' title='bbox 3502 841 3827 916; x_wconf 76' lang='grc' dir='ltr'>Χριστιανοὶ</span> 
     </span>
    </p>
   </div>
   <div class='ocr_carea' id='block_1_25' title="bbox 2164 927 3830 1009">
    <p class='ocr_par' dir='ltr' id='par_1_25' title="bbox 2164 927 3830 1009">
     <span class='ocr_line' id='line_1_25' title="bbox 2164 927 3830 1009; baseline 0.001 -24"><span class='ocrx_word' id='word_1_172' title='bbox 2164 932 2482 1009; x_wconf 72' lang='grc' dir='ltr'>πεφυκότεςο</span> <span class='ocrx_word' id='word_1_173' title='bbox 2543 930 2674 1002; x_wconf 77' lang='grc' dir='ltr'>ὅπερ</span> <span class='ocrx_word' id='word_1_174' title='bbox 2731 929 2924 992; x_wconf 76' lang='grc' dir='ltr'>αὐτοὺς</span> <span class='ocrx_word' id='word_1_175' title='bbox 2975 932 3357 1006; x_wconf 69' lang='grc' dir='ltr'>παρηγορήσει</span> <span class='ocrx_word' id='word_1_176' title='bbox 3413 927 3559 1003; x_wconf 69' lang='grc' dir='ltr'>μηδὲ</span> <span class='ocrx_word' id='word_1_177' title='bbox 3589 931 3830 1006; x_wconf 82' lang='grc' dir='ltr'>πάσχειν</span> 
     </span>
    </p>
   </div>
   <div class='ocr_carea' id='block_1_26' title="bbox 2165 1017 3832 1093">
    <p class='ocr_par' dir='ltr' id='par_1_26' title="bbox 2165 1017 3832 1093">
     <span class='ocr_line' id='line_1_26' title="bbox 2165 1017 3832 1093; baseline -0.001 -18"><span class='ocrx_word' id='word_1_178' title='bbox 2165 1018 2364 1076; x_wconf 87' lang='grc' dir='ltr'>δοκεῖν.</span> <span class='ocrx_word' id='word_1_179' title='bbox 2401 1020 2504 1075; x_wconf 73' lang='grc' dir='ltr'>Κᾶν</span> <span class='ocrx_word' id='word_1_180' title='bbox 2540 1023 2616 1093; x_wconf 75' lang='grc' dir='ltr'>μὴ</span> <span class='ocrx_word' id='word_1_181' title='bbox 2648 1021 2990 1092; x_wconf 77' lang='grc' dir='ltr'>ἡμαρτηκὼς</span> <span class='ocrx_word' id='word_1_182' title='bbox 3027 1017 3072 1074; x_wconf 78' lang='grc' dir='ltr'>δ’</span> <span class='ocrx_word' id='word_1_183' title='bbox 3125 1020 3272 1082; x_wconf 77' lang='grc' dir='ltr'>ὅλως</span> <span class='ocrx_word' id='word_1_184' title='bbox 3301 1041 3384 1082; x_wconf 88' lang='grc' dir='ltr'>τις</span> <span class='ocrx_word' id='word_1_185' title='bbox 3417 1019 3504 1076; x_wconf 80' lang='grc' dir='ltr'>ἐπὶ</span> <span class='ocrx_word' id='word_1_186' title='bbox 3538 1022 3604 1075; x_wconf 86' lang='grc' dir='ltr'>τὸ</span> <span class='ocrx_word' id='word_1_187' title='bbox 3635 1025 3832 1085; x_wconf 79' lang='grc' dir='ltr'>παθεῖν</span> 
     </span>
    </p>
   </div>
   <div class='ocr_carea' id='block_1_27' title="bbox 2161 1106 3830 1186">
    <p class='ocr_par' dir='ltr' id='par_1_27' title="bbox 2161 1106 3830 1186">
     <span class='ocr_line' id='line_1_27' title="bbox 2161 1106 3830 1186; baseline 0.001 -23"><span class='ocrx_word' id='word_1_188' title='bbox 2161 1110 2399 1186; x_wconf 84' lang='grc' dir='ltr'>γίνηται,</span> <span class='ocrx_word' id='word_1_189' title='bbox 2461 1111 2685 1164; x_wconf 88' lang='grc' dir='ltr'>σπάνιον</span> <span class='ocrx_word' id='word_1_190' title='bbox 2745 1109 2862 1182; x_wconf 73' lang='grc' dir='ltr'>μὲν,</span> <span class='ocrx_word' id='word_1_191' title='bbox 2922 1108 3047 1164; x_wconf 80' lang='grc' dir='ltr'>ἀλλ’</span> <span class='ocrx_word' id='word_1_192' title='bbox 3094 1106 3220 1164; x_wconf 75' lang='grc' dir='ltr'>ούδὶ</span> <span class='ocrx_word' id='word_1_193' title='bbox 3251 1109 3408 1172; x_wconf 80' lang='grc' dir='ltr'>οὗτος</span> <span class='ocrx_word' id='word_1_194' title='bbox 3436 1111 3557 1164; x_wconf 85' lang='grc' dir='ltr'>κατ’</span> <span class='ocrx_word' id='word_1_195' title='bbox 3586 1106 3830 1165; x_wconf 74' lang='grc' dir='ltr'>ἐπιϐου-</span> 
     </span>
    </p>
   </div>
   <div class='ocr_carea' id='block_1_28' title="bbox 2169 1195 3828 1274">
    <p class='ocr_par' dir='ltr' id='par_1_28' title="bbox 2169 1195 3828 1274">
     <span class='ocr_line' id='line_1_28' title="bbox 2169 1195 3828 1274; baseline 0.001 -22"><span class='ocrx_word' id='word_1_196' title='bbox 2169 1200 2272 1266; x_wconf 71' lang='grc' dir='ltr'>λὴν</span> <span class='ocrx_word' id='word_1_197' title='bbox 2305 1197 2583 1271; x_wconf 85' lang='grc' dir='ltr'>δυνάμεώς</span> <span class='ocrx_word' id='word_1_198' title='bbox 2627 1219 2680 1254; x_wconf 86' lang='grc' dir='ltr'>τι</span> <span class='ocrx_word' id='word_1_199' title='bbox 2725 1198 2989 1268; x_wconf 82' lang='grc' dir='ltr'>πείσεται,</span> <span class='ocrx_word' id='word_1_200' title='bbox 3040 1197 3187 1253; x_wconf 82' lang='grc' dir='ltr'>ἀλλὰ</span> <span class='ocrx_word' id='word_1_201' title='bbox 3242 1197 3480 1254; x_wconf 82' lang='grc' dir='ltr'>πείσεται</span> <span class='ocrx_word' id='word_1_202' title='bbox 3507 1200 3586 1261; x_wconf 82' lang='grc' dir='ltr'>ὥς</span> <span class='ocrx_word' id='word_1_203' title='bbox 3618 1195 3828 1274; x_wconf 78' lang='grc' dir='ltr'>ἔπασχε</span> 
     </span>
    </p>
   </div>
   <div class='ocr_carea' id='block_1_29' title="bbox 2164 1285 3828 1363">
    <p class='ocr_par' dir='ltr' id='par_1_29' title="bbox 2164 1285 3828 1363">
     <span class='ocr_line' id='line_1_29' title="bbox 2164 1285 3828 1363; baseline 0 -21"><span class='ocrx_word' id='word_1_204' title='bbox 2164 1289 2251 1342; x_wconf 82' lang='grc' dir='ltr'>καὶ</span> <span class='ocrx_word' id='word_1_205' title='bbox 2311 1288 2373 1342; x_wconf 85' lang='grc' dir='ltr'>τὸ</span> <span class='ocrx_word' id='word_1_206' title='bbox 2425 1290 2622 1358; x_wconf 73' lang='grc' dir='ltr'>νήπιον</span> <span class='ocrx_word' id='word_1_207' title='bbox 2678 1287 2742 1342; x_wconf 85' lang='grc' dir='ltr'>τὸ</span> <span class='ocrx_word' id='word_1_208' title='bbox 2801 1285 2995 1342; x_wconf 76' lang='grc' dir='ltr'>δοκοῦν</span> <span class='ocrx_word' id='word_1_209' title='bbox 3051 1286 3161 1363; x_wconf 84' lang='grc' dir='ltr'>οὐχ</span> <span class='ocrx_word' id='word_1_210' title='bbox 3207 1287 3612 1363; x_wconf 72' lang='grc' dir='ltr'>ἡμαρτηκέναι.</span> <span class='ocrx_word' id='word_1_211' title='bbox 3649 1313 3678 1339; x_wconf 76' lang='grc' dir='ltr'>ιι</span> <span class='ocrx_word' id='word_1_212' title='bbox 3713 1287 3828 1344; x_wconf 76' lang='grc' dir='ltr'>Εἶθ’</span> 
     </span>
    </p>
   </div>
   <div class='ocr_carea' id='block_1_30' title="bbox 2169 1373 3830 1454">
    <p class='ocr_par' dir='ltr' id='par_1_30' title="bbox 2169 1373 3830 1454">
     <span class='ocr_line' id='line_1_30' title="bbox 2169 1373 3830 1454; baseline 0 -22"><span class='ocrx_word' id='word_1_213' title='bbox 2169 1373 2400 1446; x_wconf 73' lang='grc' dir='ltr'>ὑποϐὰς,</span> <span class='ocrx_word' id='word_1_214' title='bbox 2432 1376 2598 1432; x_wconf 90' lang='grc' dir='ltr'>πάλιν</span> <span class='ocrx_word' id='word_1_215' title='bbox 2630 1376 2870 1454; x_wconf 74' lang='grc' dir='ltr'>ἒπφὲρει.</span> <span class='ocrx_word' id='word_1_216' title='bbox 2901 1403 2929 1428; x_wconf 88' lang='grc'><em>‹‹</em></span> <span class='ocrx_word' id='word_1_217' title='bbox 2962 1379 3052 1438; x_wconf 74' lang='grc' dir='ltr'>Ὠς</span> <span class='ocrx_word' id='word_1_218' title='bbox 3085 1375 3174 1432; x_wconf 78' lang='grc' dir='ltr'>οὖν</span> <span class='ocrx_word' id='word_1_219' title='bbox 3205 1377 3268 1432; x_wconf 80' lang='grc' dir='ltr'>τὸ</span> <span class='ocrx_word' id='word_1_220' title='bbox 3315 1379 3511 1449; x_wconf 79' lang='grc' dir='ltr'>νήπιον</span> <span class='ocrx_word' id='word_1_221' title='bbox 3548 1378 3611 1433; x_wconf 90' lang='lat'>06</span> <span class='ocrx_word' id='word_1_222' title='bbox 3643 1399 3830 1453; x_wconf 81' lang='grc' dir='ltr'>προη-</span> 
     </span>
    </p>
   </div>
   <div class='ocr_carea' id='block_1_31' title="bbox 2171 1465 3828 1543">
    <p class='ocr_par' dir='ltr' id='par_1_31' title="bbox 2171 1465 3828 1543">
     <span class='ocr_line' id='line_1_31' title="bbox 2171 1465 3828 1543; baseline 0.002 -22"><span class='ocrx_word' id='word_1_223' title='bbox 2171 1468 2468 1543; x_wconf 85' lang='grc' dir='ltr'>μαρτηκὸς,</span> <span class='ocrx_word' id='word_1_224' title='bbox 2526 1468 2562 1538; x_wconf 73' lang='grc' dir='ltr'>ἢ</span> <span class='ocrx_word' id='word_1_225' title='bbox 2621 1465 2854 1542; x_wconf 77' lang='grc' dir='ltr'>ἐνεργῶς</span> <span class='ocrx_word' id='word_1_226' title='bbox 2907 1469 3002 1541; x_wconf 77' lang='grc' dir='ltr'>μὲν</span> <span class='ocrx_word' id='word_1_227' title='bbox 3061 1467 3168 1543; x_wconf 76' lang='grc' dir='ltr'>οὐχ</span> <span class='ocrx_word' id='word_1_228' title='bbox 3215 1469 3541 1543; x_wconf 78' lang='grc' dir='ltr'>ἡμαρτηκὸς</span> <span class='ocrx_word' id='word_1_229' title='bbox 3573 1466 3734 1524; x_wconf 71' lang='grc' dir='ltr'>οὐδὲν</span> <span class='ocrx_word' id='word_1_230' title='bbox 3769 1467 3828 1525; x_wconf 69' lang='grc' dir='ltr'>ἒν</span> 
     </span>
    </p>
   </div>
   <div class='ocr_carea' id='block_1_32' title="bbox 2167 1552 3825 1632">
    <p class='ocr_par' dir='ltr' id='par_1_32' title="bbox 2167 1552 3825 1632">
     <span class='ocr_line' id='line_1_32' title="bbox 2167 1552 3825 1632; baseline 0.001 -22"><span class='ocrx_word' id='word_1_231' title='bbox 2167 1555 2364 1628; x_wconf 78' lang='grc' dir='ltr'>ἐαυτῷ,</span> <span class='ocrx_word' id='word_1_232' title='bbox 2395 1561 2474 1628; x_wconf 80' lang='grc' dir='ltr'>τῷ</span> <span class='ocrx_word' id='word_1_233' title='bbox 2500 1553 2557 1611; x_wconf 72' lang='grc' dir='ltr'>δὲ</span> <span class='ocrx_word' id='word_1_234' title='bbox 2583 1557 2647 1612; x_wconf 88' lang='grc' dir='ltr'>τὸ</span> <span class='ocrx_word' id='word_1_235' title='bbox 2677 1559 2996 1631; x_wconf 75' lang='grc' dir='ltr'>ἡμαρτῆσαι</span> <span class='ocrx_word' id='word_1_236' title='bbox 3026 1554 3156 1632; x_wconf 83' lang='grc' dir='ltr'>ἔχον</span> <span class='ocrx_word' id='word_1_237' title='bbox 3199 1560 3333 1629; x_wconf 73' lang='grc'>(64),</span> <span class='ocrx_word' id='word_1_238' title='bbox 3362 1557 3494 1612; x_wconf 71' lang='grc' dir='ltr'>ἐπὰν</span> <span class='ocrx_word' id='word_1_239' title='bbox 3523 1552 3825 1631; x_wconf 76' lang='grc' dir='ltr'>ὑποϐληθῇ</span> 
     </span>
    </p>
   </div>
   <div class='ocr_carea' id='block_1_33' title="bbox 2165 1643 3822 1721">
    <p class='ocr_par' dir='ltr' id='par_1_33' title="bbox 2165 1643 3822 1721">
     <span class='ocr_line' id='line_1_33' title="bbox 2165 1643 3822 1721; baseline 0.001 -21"><span class='ocrx_word' id='word_1_240' title='bbox 2165 1650 2245 1718; x_wconf 78' lang='grc' dir='ltr'>τῷ</span> <span class='ocrx_word' id='word_1_241' title='bbox 2275 1647 2489 1713; x_wconf 81' lang='grc' dir='ltr'>παθεῖν,</span> <span class='ocrx_word' id='word_1_242' title='bbox 2522 1646 2880 1720; x_wconf 84' lang='grc' dir='ltr'>εύεργετεῖταί</span> <span class='ocrx_word' id='word_1_243' title='bbox 2911 1667 2990 1719; x_wconf 82' lang='grc' dir='ltr'>τε,</span> <span class='ocrx_word' id='word_1_244' title='bbox 3023 1645 3210 1702; x_wconf 77' lang='grc' dir='ltr'>πολλά</span> <span class='ocrx_word' id='word_1_245' title='bbox 3239 1643 3520 1721; x_wconf 84' lang='grc' dir='ltr'>κερδαῖνον</span> <span class='ocrx_word' id='word_1_246' title='bbox 3555 1644 3822 1702; x_wconf 79' lang='grc' dir='ltr'>δύσκολα·</span> 
     </span>
    </p>
   </div>
   <div class='ocr_carea' id='block_1_34' title="bbox 414 1731 2057 1833">
    <p class='ocr_par' dir='ltr' id='par_1_34' title="bbox 414 1737 2057 1816">
     <span class='ocr_line' id='line_1_34' title="bbox 414 1737 2057 1816; baseline -0.005 -17"><span class='ocrx_word' id='word_1_247' title='bbox 414 1761 591 1816; x_wconf 88' lang='lat' dir='ltr'>quam</span> <span class='ocrx_word' id='word_1_248' title='bbox 623 1744 927 1815; x_wconf 87' lang='lat' dir='ltr'>conjectus</span> <span class='ocrx_word' id='word_1_249' title='bbox 959 1741 1140 1796; x_wconf 81' lang='lat' dir='ltr'>fuerit</span> <span class='ocrx_word' id='word_1_250' title='bbox 1169 1740 1243 1795; x_wconf 89' lang='lat' dir='ltr'>ad</span> <span class='ocrx_word' id='word_1_251' title='bbox 1275 1739 1641 1811; x_wconf 90' lang='lat' dir='ltr'>patiendum,</span> <span class='ocrx_word' id='word_1_252' title='bbox 1673 1737 1933 1792; x_wconf 82' lang='lat' dir='ltr'>afficitur</span> <span class='ocrx_word' id='word_1_253' title='bbox 1961 1737 2057 1790; x_wconf 89' lang='lat' dir='ltr'>be-</span> 
     </span>
    </p>
   </div>
   <div class='ocr_carea' id='block_1_35' title="bbox 2169 1731 3822 1833">
    <p class='ocr_par' dir='ltr' id='par_1_35' title="bbox 2171 1731 3822 1811">
     <span class='ocr_line' id='line_1_35' title="bbox 2171 1731 3822 1811; baseline 0.001 -22"><span class='ocrx_word' id='word_1_254' title='bbox 2171 1734 2374 1790; x_wconf 81' lang='grc' dir='ltr'>οὑτωσὶ</span> <span class='ocrx_word' id='word_1_255' title='bbox 2406 1731 2474 1802; x_wconf 79' lang='grc' dir='ltr'>δὴ</span> <span class='ocrx_word' id='word_1_256' title='bbox 2505 1732 2598 1790; x_wconf 76' lang='grc' dir='ltr'>κᾶν</span> <span class='ocrx_word' id='word_1_257' title='bbox 2633 1732 2841 1796; x_wconf 77' lang='grc' dir='ltr'>τέλειος</span> <span class='ocrx_word' id='word_1_258' title='bbox 2877 1732 3049 1808; x_wconf 76' lang='grc' dir='ltr'>μηδὲν</span> <span class='ocrx_word' id='word_1_259' title='bbox 3105 1737 3445 1811; x_wconf 76' lang='grc' dir='ltr'>ἡμαρτηκὼς</span> <span class='ocrx_word' id='word_1_260' title='bbox 3475 1732 3627 1811; x_wconf 84' lang='grc' dir='ltr'>ἔργῳ</span> <span class='ocrx_word' id='word_1_261' title='bbox 3654 1736 3822 1810; x_wconf 76' lang='grc' dir='ltr'>τύχῃ,</span> 
     </span>
    </p>
   </div>
   <div class='ocr_carea' id='block_1_36' title="bbox 414 1826 2058 1902">
    <p class='ocr_par' dir='ltr' id='par_1_36' title="bbox 414 1826 2058 1902">
     <span class='ocr_line' id='line_1_36' title="bbox 414 1826 2058 1902; baseline -0.004 -14"><span class='ocrx_word' id='word_1_262' title='bbox 414 1833 648 1897; x_wconf 80' lang='lat' dir='ltr'>neﬁcio,</span> <span class='ocrx_word' id='word_1_263' title='bbox 682 1838 748 1886; x_wconf 92' lang='lat' dir='ltr'>ut</span> <span class='ocrx_word' id='word_1_264' title='bbox 776 1832 876 1902; x_wconf 93' lang='lat' dir='ltr'>qui</span> <span class='ocrx_word' id='word_1_265' title='bbox 908 1831 1172 1886; x_wconf 90' lang='lat' dir='ltr'>lucretur</span> <span class='ocrx_word' id='word_1_266' title='bbox 1201 1829 1388 1884; x_wconf 87' lang='lat' dir='ltr'>multa</span> <span class='ocrx_word' id='word_1_267' title='bbox 1417 1827 1722 1883; x_wconf 78' lang='lat' dir='ltr'>difficilia:</span> <span class='ocrx_word' id='word_1_268' title='bbox 1748 1826 1828 1881; x_wconf 88' lang='lat' dir='ltr'>ita</span> <span class='ocrx_word' id='word_1_269' title='bbox 1859 1826 2058 1894; x_wconf 89' lang='lat' dir='ltr'>etiam,</span> 
     </span>
    </p>
   </div>
   <div class='ocr_carea' id='block_1_37' title="bbox 416 1915 2062 1994">
    <p class='ocr_par' dir='ltr' id='par_1_37' title="bbox 416 1915 2062 1994">
     <span class='ocr_line' id='line_1_37' title="bbox 416 1915 2062 1994; baseline -0.004 -17"><span class='ocrx_word' id='word_1_270' title='bbox 416 1923 464 1977; x_wconf 93' lang='lat' dir='ltr'>si</span> <span class='ocrx_word' id='word_1_271' title='bbox 498 1921 794 1994; x_wconf 86' lang='lat' dir='ltr'>perfectus</span> <span class='ocrx_word' id='word_1_272' title='bbox 825 1936 1084 1992; x_wconf 88' lang='lat' dir='ltr'>quoque,</span> <span class='ocrx_word' id='word_1_273' title='bbox 1119 1919 1220 1990; x_wconf 90' lang='lat' dir='ltr'>qui</span> <span class='ocrx_word' id='word_1_274' title='bbox 1251 1923 1389 1974; x_wconf 89' lang='lat' dir='ltr'>actu</span> <span class='ocrx_word' id='word_1_275' title='bbox 1411 1916 1562 1973; x_wconf 90' lang='lat' dir='ltr'>nihil</span> <span class='ocrx_word' id='word_1_276' title='bbox 1585 1915 1931 1988; x_wconf 84' lang='lat' dir='ltr'>peccaverit,</span> <span class='ocrx_word' id='word_1_277' title='bbox 1954 1931 2062 1986; x_wconf 85' lang='lat' dir='ltr'>pa-</span> 
     </span>
    </p>
   </div>
   <div class='ocr_carea' id='block_1_38' title="bbox 417 2005 2062 2081">
    <p class='ocr_par' dir='ltr' id='par_1_38' title="bbox 417 2005 2062 2081">
     <span class='ocr_line' id='line_1_38' title="bbox 417 2005 2062 2081; baseline -0.004 -16"><span class='ocrx_word' id='word_1_278' title='bbox 417 2011 618 2081; x_wconf 84' lang='lat' dir='ltr'>tiatur,</span> <span class='ocrx_word' id='word_1_279' title='bbox 654 2016 711 2065; x_wconf 90' lang='lat' dir='ltr'>et</span> <span class='ocrx_word' id='word_1_280' title='bbox 735 2026 945 2081; x_wconf 89' lang='lat' dir='ltr'>passus</span> <span class='ocrx_word' id='word_1_281' title='bbox 974 2009 1171 2078; x_wconf 79' lang='lat' dir='ltr'>fuerit,</span> <span class='ocrx_word' id='word_1_282' title='bbox 1205 2024 1416 2079; x_wconf 90' lang='lat' dir='ltr'>passus</span> <span class='ocrx_word' id='word_1_283' title='bbox 1449 2011 1538 2060; x_wconf 90' lang='lat' dir='ltr'>est</span> <span class='ocrx_word' id='word_1_284' title='bbox 1569 2005 1844 2060; x_wconf 85' lang='lat' dir='ltr'>similiter</span> <span class='ocrx_word' id='word_1_285' title='bbox 1885 2009 2062 2074; x_wconf 88' lang='lat' dir='ltr'>atque</span> 
     </span>
    </p>
   </div>
   <div class='ocr_carea' id='block_1_39' title="bbox 421 2094 2060 2168">
    <p class='ocr_par' dir='ltr' id='par_1_39' title="bbox 421 2094 2060 2168">
     <span class='ocr_line' id='line_1_39' title="bbox 421 2094 2060 2168; baseline -0.004 -15"><span class='ocrx_word' id='word_1_286' title='bbox 421 2099 620 2154; x_wconf 83' lang='lat' dir='ltr'>infans</span> <span class='ocrx_word' id='word_1_287' title='bbox 645 2117 658 2164; x_wconf 86' lang='lat'><strong>;</strong></span> <span class='ocrx_word' id='word_1_288' title='bbox 693 2100 753 2154; x_wconf 89' lang='lat' dir='ltr'>in</span> <span class='ocrx_word' id='word_1_289' title='bbox 776 2115 837 2154; x_wconf 92' lang='lat' dir='ltr'>se</span> <span class='ocrx_word' id='word_1_290' title='bbox 861 2097 1101 2168; x_wconf 88' lang='lat' dir='ltr'>quidem</span> <span class='ocrx_word' id='word_1_291' title='bbox 1125 2096 1351 2152; x_wconf 91' lang='lat' dir='ltr'>habens</span> <span class='ocrx_word' id='word_1_292' title='bbox 1369 2094 1651 2167; x_wconf 88' lang='lat' dir='ltr'>peccandi</span> <span class='ocrx_word' id='word_1_293' title='bbox 1677 2094 2060 2159; x_wconf 88' lang='lat' dir='ltr'>voluntatem,</span> 
     </span>
    </p>
   </div>
   <div class='ocr_carea' id='block_1_40' title="bbox 420 2181 2062 2257">
    <p class='ocr_par' dir='ltr' id='par_1_40' title="bbox 420 2181 2062 2257">
     <span class='ocr_line' id='line_1_40' title="bbox 420 2181 2062 2257; baseline -0.005 -15"><span class='ocrx_word' id='word_1_294' title='bbox 420 2194 477 2242; x_wconf 88' lang='lat' dir='ltr'>et</span> <span class='ocrx_word' id='word_1_295' title='bbox 507 2193 728 2256; x_wconf 84' lang='lat' dir='ltr'>tamen,</span> <span class='ocrx_word' id='word_1_296' title='bbox 759 2203 877 2242; x_wconf 89' lang='lat' dir='ltr'>non</span> <span class='ocrx_word' id='word_1_297' title='bbox 928 2193 1169 2257; x_wconf 89' lang='lat' dir='ltr'>accepta</span> <span class='ocrx_word' id='word_1_298' title='bbox 1217 2187 1528 2241; x_wconf 86' lang='lat' dir='ltr'>occasione</span> <span class='ocrx_word' id='word_1_299' title='bbox 1568 2183 1642 2239; x_wconf 91' lang='lat' dir='ltr'>ad</span> <span class='ocrx_word' id='word_1_300' title='bbox 1672 2181 2062 2254; x_wconf 88' lang='lat' dir='ltr'>peccandum,</span> 
     </span>
    </p>
   </div>
   <div class='ocr_carea' id='block_1_41' title="bbox 418 2268 2065 2347">
    <p class='ocr_par' dir='ltr' id='par_1_41' title="bbox 418 2268 2065 2347">
     <span class='ocr_line' id='line_1_41' title="bbox 418 2268 2065 2347; baseline -0.004 -17"><span class='ocrx_word' id='word_1_301' title='bbox 418 2293 536 2330; x_wconf 89' lang='lat' dir='ltr'>non</span> <span class='ocrx_word' id='word_1_302' title='bbox 557 2276 853 2346; x_wconf 91' lang='lat' dir='ltr'>peccavit:</span> <span class='ocrx_word' id='word_1_303' title='bbox 887 2292 1068 2347; x_wconf 90' lang='lat' dir='ltr'>quare</span> <span class='ocrx_word' id='word_1_304' title='bbox 1087 2292 1206 2330; x_wconf 89' lang='lat' dir='ltr'>non</span> <span class='ocrx_word' id='word_1_305' title='bbox 1225 2279 1315 2328; x_wconf 92' lang='lat' dir='ltr'>est</span> <span class='ocrx_word' id='word_1_306' title='bbox 1336 2273 1446 2345; x_wconf 90' lang='lat' dir='ltr'>ipsi</span> <span class='ocrx_word' id='word_1_307' title='bbox 1469 2271 1883 2344; x_wconf 90' lang='lat' dir='ltr'>imputandum</span> <span class='ocrx_word' id='word_1_308' title='bbox 1906 2268 2065 2341; x_wconf 88' lang='lat' dir='ltr'>quod</span> 
     </span>
    </p>
   </div>
   <div class='ocr_carea' id='block_1_42' title="bbox 415 2358 2065 2435">
    <p class='ocr_par' dir='ltr' id='par_1_42' title="bbox 415 2358 2065 2435">
     <span class='ocr_line' id='line_1_42' title="bbox 415 2358 2065 2435; baseline -0.004 -17"><span class='ocrx_word' id='word_1_309' title='bbox 415 2381 532 2418; x_wconf 89' lang='lat' dir='ltr'>non</span> <span class='ocrx_word' id='word_1_310' title='bbox 553 2364 900 2435; x_wconf 86' lang='lat' dir='ltr'>peccaverit.</span> <span class='ocrx_word' id='word_1_311' title='bbox 925 2361 1433 2428; x_wconf 88' lang='lat' dir='ltr'>Quemadmodum</span> <span class='ocrx_word' id='word_1_312' title='bbox 1457 2363 1614 2415; x_wconf 91' lang='lat' dir='ltr'>enim</span> <span class='ocrx_word' id='word_1_313' title='bbox 1636 2361 1736 2431; x_wconf 94' lang='lat' dir='ltr'>qui</span> <span class='ocrx_word' id='word_1_314' title='bbox 1759 2358 1882 2414; x_wconf 89' lang='lat' dir='ltr'>vult</span> <span class='ocrx_word' id='word_1_315' title='bbox 1903 2358 2065 2414; x_wconf 89' lang='lat' dir='ltr'>adul-</span> 
     </span>
    </p>
   </div>
   <div class='ocr_carea' id='block_1_43' title="bbox 412 2451 2062 2521">
    <p class='ocr_par' dir='ltr' id='par_1_43' title="bbox 412 2451 2062 2521">
     <span class='ocr_line' id='line_1_43' title="bbox 412 2451 2062 2521; baseline -0.004 -13"><span class='ocrx_word' id='word_1_316' title='bbox 412 2454 627 2509; x_wconf 88' lang='lat' dir='ltr'>terium</span> <span class='ocrx_word' id='word_1_317' title='bbox 647 2453 964 2510; x_wconf 89' lang='lat' dir='ltr'>admittere</span> <span class='ocrx_word' id='word_1_318' title='bbox 983 2452 1336 2521; x_wconf 88' lang='lat' dir='ltr'>estadulter,</span> <span class='ocrx_word' id='word_1_319' title='bbox 1355 2451 1586 2506; x_wconf 88' lang='lat' dir='ltr'>etiamsi</span> <span class='ocrx_word' id='word_1_320' title='bbox 1603 2467 1721 2505; x_wconf 90' lang='lat' dir='ltr'>non</span> <span class='ocrx_word' id='word_1_321' title='bbox 1740 2465 2062 2519; x_wconf 87' lang='lat' dir='ltr'>consequa-</span> 
     </span>
    </p>
   </div>
   <div class='ocr_carea' id='block_1_44' title="bbox 410 2537 2061 2612">
    <p class='ocr_par' dir='ltr' id='par_1_44' title="bbox 410 2537 2061 2612">
     <span class='ocr_line' id='line_1_44' title="bbox 410 2537 2061 2612; baseline -0.004 -15"><span class='ocrx_word' id='word_1_322' title='bbox 410 2548 509 2598; x_wconf 88' lang='lat' dir='ltr'>tur</span> <span class='ocrx_word' id='word_1_323' title='bbox 529 2545 774 2598; x_wconf 80' lang='lat' dir='ltr'>et‘fectus</span> <span class='ocrx_word' id='word_1_324' title='bbox 799 2560 812 2609; x_wconf 91' lang='lat'><strong>;</strong></span> <span class='ocrx_word' id='word_1_325' title='bbox 835 2550 893 2598; x_wconf 90' lang='lat' dir='ltr'>et</span> <span class='ocrx_word' id='word_1_326' title='bbox 910 2542 1009 2612; x_wconf 89' lang='lat' dir='ltr'>qui</span> <span class='ocrx_word' id='word_1_327' title='bbox 1028 2542 1153 2597; x_wconf 89' lang='lat' dir='ltr'>vult</span> <span class='ocrx_word' id='word_1_328' title='bbox 1171 2541 1393 2597; x_wconf 73' lang='lat' dir='ltr'>caedem</span> <span class='ocrx_word' id='word_1_329' title='bbox 1417 2540 1610 2595; x_wconf 88' lang='lat' dir='ltr'>facere</span> <span class='ocrx_word' id='word_1_330' title='bbox 1635 2544 1724 2594; x_wconf 90' lang='lat' dir='ltr'>est</span> <span class='ocrx_word' id='word_1_331' title='bbox 1743 2537 2061 2604; x_wconf 88' lang='lat' dir='ltr'>homicida,</span> 
     </span>
    </p>
   </div>
   <div class='ocr_carea' id='block_1_45' title="bbox 410 2629 2062 2704">
    <p class='ocr_par' dir='ltr' id='par_1_45' title="bbox 410 2629 2062 2704">
     <span class='ocr_line' id='line_1_45' title="bbox 410 2629 2062 2704; baseline -0.005 -17"><span class='ocrx_word' id='word_1_332' title='bbox 410 2632 643 2688; x_wconf 88' lang='lat' dir='ltr'>etiamsi</span> <span class='ocrx_word' id='word_1_333' title='bbox 675 2648 796 2687; x_wconf 90' lang='lat' dir='ltr'>non</span> <span class='ocrx_word' id='word_1_334' title='bbox 827 2631 1016 2704; x_wconf 85' lang='lat' dir='ltr'>possit</span> <span class='ocrx_word' id='word_1_335' title='bbox 1046 2631 1315 2686; x_wconf 91' lang='lat' dir='ltr'>occidere</span> <span class='ocrx_word' id='word_1_336' title='bbox 1342 2647 1354 2684; x_wconf 91' lang='lat'><strong>:</strong></span> <span class='ocrx_word' id='word_1_337' title='bbox 1390 2631 1470 2685; x_wconf 88' lang='lat' dir='ltr'>ita</span> <span class='ocrx_word' id='word_1_338' title='bbox 1501 2629 1677 2684; x_wconf 88' lang='lat' dir='ltr'>etiam</span> <span class='ocrx_word' id='word_1_339' title='bbox 1702 2644 1859 2695; x_wconf 91' lang='lat' dir='ltr'>eum,</span> <span class='ocrx_word' id='word_1_340' title='bbox 1886 2642 2062 2697; x_wconf 88' lang='lat' dir='ltr'>quem</span> 
     </span>
    </p>
   </div>
   <div class='ocr_carea' id='block_1_46' title="bbox 411 2717 2062 2794">
    <p class='ocr_par' dir='ltr' id='par_1_46' title="bbox 411 2717 2062 2794">
     <span class='ocr_line' id='line_1_46' title="bbox 411 2717 2062 2794; baseline -0.004 -16"><span class='ocrx_word' id='word_1_341' title='bbox 411 2724 541 2778; x_wconf 90' lang='lat' dir='ltr'>dico</span> <span class='ocrx_word' id='word_1_342' title='bbox 571 2740 691 2778; x_wconf 89' lang='lat' dir='ltr'>non</span> <span class='ocrx_word' id='word_1_343' title='bbox 737 2739 1036 2794; x_wconf 89' lang='lat' dir='ltr'>peccasse,</span> <span class='ocrx_word' id='word_1_344' title='bbox 1086 2722 1134 2778; x_wconf 90' lang='lat' dir='ltr'>si</span> <span class='ocrx_word' id='word_1_345' title='bbox 1184 2721 1382 2778; x_wconf 91' lang='lat' dir='ltr'>videro</span> <span class='ocrx_word' id='word_1_346' title='bbox 1431 2721 1778 2792; x_wconf 86' lang='lat' dir='ltr'>patientem,</span> <span class='ocrx_word' id='word_1_347' title='bbox 1831 2717 2062 2773; x_wconf 86' lang='lat' dir='ltr'>etiamsi</span> 
     </span>
    </p>
   </div>
   <div class='ocr_carea' id='block_1_47' title="bbox 410 2807 2061 2879">
    <p class='ocr_par' dir='ltr' id='par_1_47' title="bbox 410 2807 2061 2879">
     <span class='ocr_line' id='line_1_47' title="bbox 410 2807 2061 2879; baseline -0.002 -13"><span class='ocrx_word' id='word_1_348' title='bbox 410 2812 562 2867; x_wconf 90' lang='lat' dir='ltr'>nihil</span> <span class='ocrx_word' id='word_1_349' title='bbox 579 2813 718 2867; x_wconf 90' lang='lat' dir='ltr'>mali</span> <span class='ocrx_word' id='word_1_350' title='bbox 739 2812 967 2879; x_wconf 83' lang='lat' dir='ltr'>fecerit,</span> <span class='ocrx_word' id='word_1_351' title='bbox 993 2811 1219 2866; x_wconf 86' lang='lat' dir='ltr'>malum</span> <span class='ocrx_word' id='word_1_352' title='bbox 1245 2811 1461 2877; x_wconf 90' lang='lat' dir='ltr'>dicam,</span> <span class='ocrx_word' id='word_1_353' title='bbox 1485 2825 1553 2864; x_wconf 93' lang='lat' dir='ltr'>eo</span> <span class='ocrx_word' id='word_1_354' title='bbox 1584 2807 1740 2879; x_wconf 89' lang='lat' dir='ltr'>quod</span> <span class='ocrx_word' id='word_1_355' title='bbox 1763 2808 1904 2862; x_wconf 89' lang='lat' dir='ltr'>velit</span> <span class='ocrx_word' id='word_1_356' title='bbox 1926 2824 2061 2878; x_wconf 88' lang='lat' dir='ltr'>pec-</span> 
     </span>
    </p>
   </div>
   <div class='ocr_carea' id='block_1_48' title="bbox 413 2895 2059 2970">
    <p class='ocr_par' dir='ltr' id='par_1_48' title="bbox 413 2895 2059 2970">
     <span class='ocr_line' id='line_1_48' title="bbox 413 2895 2059 2970; baseline -0.003 -15"><span class='ocrx_word' id='word_1_357' title='bbox 413 2917 566 2956; x_wconf 88' lang='lat' dir='ltr'>care.</span> <span class='ocrx_word' id='word_1_358' title='bbox 602 2900 839 2966; x_wconf 88' lang='lat' dir='ltr'>Quidvis</span> <span class='ocrx_word' id='word_1_359' title='bbox 873 2901 1029 2954; x_wconf 91' lang='lat' dir='ltr'>enim</span> <span class='ocrx_word' id='word_1_360' title='bbox 1059 2900 1252 2955; x_wconf 89' lang='lat' dir='ltr'>dicam</span> <span class='ocrx_word' id='word_1_361' title='bbox 1280 2898 1494 2970; x_wconf 91' lang='lat' dir='ltr'>potius,</span> <span class='ocrx_word' id='word_1_362' title='bbox 1519 2914 1697 2968; x_wconf 90' lang='lat' dir='ltr'>quam</span> <span class='ocrx_word' id='word_1_363' title='bbox 1732 2895 2059 2967; x_wconf 33' lang='lat' dir='ltr'>malumlid,</span> 
     </span>
    </p>
   </div>
   <div class='ocr_carea' id='block_1_49' title="bbox 412 2984 2060 3061">
    <p class='ocr_par' dir='ltr' id='par_1_49' title="bbox 412 2984 2060 3061">
     <span class='ocr_line' id='line_1_49' title="bbox 412 2984 2060 3061; baseline -0.004 -17"><span class='ocrx_word' id='word_1_364' title='bbox 412 2989 572 3061; x_wconf 90' lang='lat' dir='ltr'>quod</span> <span class='ocrx_word' id='word_1_365' title='bbox 595 2990 879 3061; x_wconf 86' lang='lat' dir='ltr'>providet.</span> <span class='ocrx_word' id='word_1_366' title='bbox 904 3012 924 3039; x_wconf 77' lang='grc' dir='ltr'>ι</span> <span class='ocrx_word' id='word_1_367' title='bbox 955 2988 1178 3044; x_wconf 88' lang='lat' dir='ltr'>Deinde</span> <span class='ocrx_word' id='word_1_368' title='bbox 1209 2988 1479 3053; x_wconf 87' lang='lat' dir='ltr'>inferius,</span> <span class='ocrx_word' id='word_1_369' title='bbox 1505 2993 1706 3057; x_wconf 89' lang='lat' dir='ltr'>aperte</span> <span class='ocrx_word' id='word_1_370' title='bbox 1729 3001 1966 3056; x_wconf 92' lang='lat' dir='ltr'>quoque</span> <span class='ocrx_word' id='word_1_371' title='bbox 1987 2984 2060 3039; x_wconf 91' lang='lat' dir='ltr'>de</span> 
     </span>
    </p>
   </div>
   <div class='ocr_carea' id='block_1_50' title="bbox 413 3074 2058 3150">
    <p class='ocr_par' dir='ltr' id='par_1_50' title="bbox 413 3074 2058 3150">
     <span class='ocr_line' id='line_1_50' title="bbox 413 3074 2058 3150; baseline -0.003 -17"><span class='ocrx_word' id='word_1_372' title='bbox 413 3079 662 3134; x_wconf 90' lang='lat' dir='ltr'>Domino</span> <span class='ocrx_word' id='word_1_373' title='bbox 682 3079 844 3145; x_wconf 91' lang='lat' dir='ltr'>dicit,</span> <span class='ocrx_word' id='word_1_374' title='bbox 871 3083 1155 3150; x_wconf 85' lang='lat' dir='ltr'>tanquam</span> <span class='ocrx_word' id='word_1_375' title='bbox 1182 3077 1253 3133; x_wconf 92' lang='lat' dir='ltr'>de</span> <span class='ocrx_word' id='word_1_376' title='bbox 1275 3076 1514 3131; x_wconf 86' lang='lat' dir='ltr'>homine</span> <span class='ocrx_word' id='word_1_377' title='bbox 1539 3092 1557 3129; x_wconf 90' lang='lat'><em>:</em></span> <span class='ocrx_word' id='word_1_378' title='bbox 1579 3098 1606 3124; x_wconf 89' lang='lat'><strong>«</strong></span> <span class='ocrx_word' id='word_1_379' title='bbox 1627 3076 1728 3129; x_wconf 91' lang='lat' dir='ltr'>Sin</span> <span class='ocrx_word' id='word_1_380' title='bbox 1745 3080 1943 3130; x_wconf 88' lang='lat' dir='ltr'>autem</span> <span class='ocrx_word' id='word_1_381' title='bbox 1966 3074 2058 3128; x_wconf 88' lang='lat' dir='ltr'>his</span> 
     </span>
    </p>
   </div>
   <div class='ocr_carea' id='block_1_51' title="bbox 410 3165 2058 3240">
    <p class='ocr_par' dir='ltr' id='par_1_51' title="bbox 410 3165 2058 3240">
     <span class='ocr_line' id='line_1_51' title="bbox 410 3165 2058 3240; baseline -0.004 -16"><span class='ocrx_word' id='word_1_382' title='bbox 410 3169 689 3224; x_wconf 89' lang='lat' dir='ltr'>omnibus</span> <span class='ocrx_word' id='word_1_383' title='bbox 719 3169 1135 3240; x_wconf 70' lang='lat' dir='ltr'>prmtermissis</span> <span class='ocrx_word' id='word_1_384' title='bbox 1179 3167 1499 3222; x_wconf 88' lang='lat' dir='ltr'>accesseris</span> <span class='ocrx_word' id='word_1_385' title='bbox 1549 3165 1623 3220; x_wconf 90' lang='lat' dir='ltr'>ad</span> <span class='ocrx_word' id='word_1_386' title='bbox 1666 3165 1797 3230; x_wconf 91' lang='lat' dir='ltr'>hoc,</span> <span class='ocrx_word' id='word_1_387' title='bbox 1852 3169 1918 3219; x_wconf 93' lang='lat' dir='ltr'>ut</span> <span class='ocrx_word' id='word_1_388' title='bbox 1964 3180 2058 3219; x_wconf 89' lang='lat' dir='ltr'>me</span> 
     </span>
    </p>
   </div>
   <div class='ocr_carea' id='block_1_52' title="bbox 410 3253 2060 3330">
    <p class='ocr_par' dir='ltr' id='par_1_52' title="bbox 410 3253 2060 3330">
     <span class='ocr_line' id='line_1_52' title="bbox 410 3253 2060 3330; baseline -0.004 -18"><span class='ocrx_word' id='word_1_389' title='bbox 410 3257 681 3330; x_wconf 89' lang='lat' dir='ltr'>exempla</span> <span class='ocrx_word' id='word_1_390' title='bbox 711 3257 1059 3313; x_wconf 89' lang='lat' dir='ltr'>adducendo</span> <span class='ocrx_word' id='word_1_391' title='bbox 1097 3257 1436 3326; x_wconf 88' lang='lat' dir='ltr'>redarguas,</span> <span class='ocrx_word' id='word_1_392' title='bbox 1485 3253 1645 3308; x_wconf 87' lang='lat' dir='ltr'>verbi</span> <span class='ocrx_word' id='word_1_393' title='bbox 1694 3270 1909 3308; x_wconf 88' lang='lat' dir='ltr'>causa:</span> <span class='ocrx_word' id='word_1_394' title='bbox 1958 3253 2060 3307; x_wconf 87' lang='lat' dir='ltr'>Hic</span> 
     </span>
    </p>
   </div>
   <div class='ocr_carea' id='block_1_53' title="bbox 409 3341 2059 3418">
    <p class='ocr_par' dir='ltr' id='par_1_53' title="bbox 409 3341 2059 3418">
     <span class='ocr_line' id='line_1_53' title="bbox 409 3341 2059 3418; baseline -0.002 -18"><span class='ocrx_word' id='word_1_395' title='bbox 409 3362 544 3418; x_wconf 88' lang='lat' dir='ltr'>ergo</span> <span class='ocrx_word' id='word_1_396' title='bbox 578 3346 874 3416; x_wconf 88' lang='lat' dir='ltr'>peccavit;</span> <span class='ocrx_word' id='word_1_397' title='bbox 907 3345 1001 3400; x_wconf 90' lang='lat' dir='ltr'>hic</span> <span class='ocrx_word' id='word_1_398' title='bbox 1034 3345 1195 3400; x_wconf 93' lang='lat' dir='ltr'>enim</span> <span class='ocrx_word' id='word_1_399' title='bbox 1223 3349 1314 3398; x_wconf 90' lang='lat' dir='ltr'>est</span> <span class='ocrx_word' id='word_1_400' title='bbox 1358 3358 1605 3414; x_wconf 90' lang='lat' dir='ltr'>passus:</span> <span class='ocrx_word' id='word_1_401' title='bbox 1649 3341 1698 3396; x_wconf 92' lang='lat' dir='ltr'>si</span> <span class='ocrx_word' id='word_1_402' title='bbox 1751 3342 2059 3412; x_wconf 89' lang='lat' dir='ltr'>permittas</span> 
     </span>
    </p>
   </div>
   <div class='ocr_carea' id='block_1_54' title="bbox 407 3431 2059 3505">
    <p class='ocr_par' dir='ltr' id='par_1_54' title="bbox 407 3431 2059 3505">
     <span class='ocr_line' id='line_1_54' title="bbox 407 3431 2059 3505; baseline -0.002 -17"><span class='ocrx_word' id='word_1_403' title='bbox 407 3435 671 3505; x_wconf 87' lang='lat' dir='ltr'>quidem,</span> <span class='ocrx_word' id='word_1_404' title='bbox 705 3435 897 3489; x_wconf 89' lang='lat' dir='ltr'>dicam</span> <span class='ocrx_word' id='word_1_405' title='bbox 927 3451 938 3487; x_wconf 90' lang='lat'>:</span> <span class='ocrx_word' id='word_1_406' title='bbox 973 3436 1099 3488; x_wconf 74' lang='lat' dir='ltr'>Non</span> <span class='ocrx_word' id='word_1_407' title='bbox 1132 3432 1395 3504; x_wconf 87' lang='lat' dir='ltr'>peccavit</span> <span class='ocrx_word' id='word_1_408' title='bbox 1417 3431 1678 3502; x_wconf 87' lang='lat' dir='ltr'>quidem,</span> <span class='ocrx_word' id='word_1_409' title='bbox 1714 3431 1816 3486; x_wconf 91' lang='lat' dir='ltr'>sed</span> <span class='ocrx_word' id='word_1_410' title='bbox 1842 3435 1966 3485; x_wconf 88' lang='lat' dir='ltr'>erat</span> <span class='ocrx_word' id='word_1_411' title='bbox 1989 3431 2059 3485; x_wconf 91' lang='lat' dir='ltr'>si-</span> 
     </span>
    </p>
   </div>
   <div class='ocr_carea' id='block_1_55' title="bbox 407 3520 2058 3594">
    <p class='ocr_par' dir='ltr' id='par_1_55' title="bbox 407 3520 2058 3594">
     <span class='ocr_line' id='line_1_55' title="bbox 407 3520 2058 3594; baseline -0.002 -17"><span class='ocrx_word' id='word_1_412' title='bbox 407 3523 568 3577; x_wconf 90' lang='lat' dir='ltr'>milis</span> <span class='ocrx_word' id='word_1_413' title='bbox 601 3523 817 3579; x_wconf 88' lang='lat' dir='ltr'>infanti</span> <span class='ocrx_word' id='word_1_414' title='bbox 849 3523 949 3593; x_wconf 89' lang='lat' dir='ltr'>qui</span> <span class='ocrx_word' id='word_1_415' title='bbox 995 3521 1348 3594; x_wconf 86' lang='lat' dir='ltr'>patiebatur.</span> <span class='ocrx_word' id='word_1_416' title='bbox 1401 3520 1510 3576; x_wconf 89' lang='lat' dir='ltr'>Sed</span> <span class='ocrx_word' id='word_1_417' title='bbox 1553 3521 1602 3576; x_wconf 89' lang='lat' dir='ltr'>si</span> <span class='ocrx_word' id='word_1_418' title='bbox 1649 3520 2058 3575; x_wconf 88' lang='lat' dir='ltr'>vehementius</span> 
     </span>
    </p>
   </div>
   <div class='ocr_carea' id='block_1_56' title="bbox 407 3609 2058 3685">
    <p class='ocr_par' dir='ltr' id='par_1_56' title="bbox 407 3609 2058 3685">
     <span class='ocr_line' id='line_1_56' title="bbox 407 3609 2058 3685; baseline -0.002 -19"><span class='ocrx_word' id='word_1_419' title='bbox 407 3629 638 3685; x_wconf 83' lang='lat' dir='ltr'>urgeas,</span> <span class='ocrx_word' id='word_1_420' title='bbox 657 3613 1299 3683; x_wconf 82' lang='lat' dir='ltr'>dicam,queincunque</span> <span class='ocrx_word' id='word_1_421' title='bbox 1317 3610 1621 3666; x_wconf 91' lang='lat' dir='ltr'>hominem</span> <span class='ocrx_word' id='word_1_422' title='bbox 1634 3609 2058 3673; x_wconf 88' lang='lat' dir='ltr'>nominaveris,</span> 
     </span>
    </p>
   </div>
   <div class='ocr_carea' id='block_1_57' title="bbox 410 3697 2056 3773">
    <p class='ocr_par' dir='ltr' id='par_1_57' title="bbox 410 3697 2056 3773">
     <span class='ocr_line' id='line_1_57' title="bbox 410 3697 2056 3773; baseline -0.003 -17"><span class='ocrx_word' id='word_1_423' title='bbox 410 3718 539 3756; x_wconf 89' lang='lat' dir='ltr'>esse</span> <span class='ocrx_word' id='word_1_424' title='bbox 561 3701 889 3767; x_wconf 91' lang='lat' dir='ltr'>hominem,</span> <span class='ocrx_word' id='word_1_425' title='bbox 906 3702 1137 3773; x_wconf 81' lang='lat' dir='ltr'>justum</span> <span class='ocrx_word' id='word_1_426' title='bbox 1161 3706 1356 3755; x_wconf 90' lang='lat' dir='ltr'>autem</span> <span class='ocrx_word' id='word_1_427' title='bbox 1383 3701 1587 3754; x_wconf 90' lang='lat' dir='ltr'>Deum.</span> <span class='ocrx_word' id='word_1_428' title='bbox 1614 3722 1641 3748; x_wconf 82' lang='lat'><strong>«</strong></span> <span class='ocrx_word' id='word_1_429' title='bbox 1667 3697 1874 3753; x_wconf 86' lang='lat' dir='ltr'>Nullus</span> <span class='ocrx_word' id='word_1_430' title='bbox 1897 3697 2056 3752; x_wconf 86' lang='lat' dir='ltr'>enim</span> 
     </span>
    </p>
   </div>
   <div class='ocr_carea' id='block_1_58' title="bbox 415 3785 2056 3860">
    <p class='ocr_par' dir='ltr' id='par_1_58' title="bbox 415 3785 2056 3860">
     <span class='ocr_line' id='line_1_58' title="bbox 415 3785 2056 3860; baseline -0.002 -17"><span class='ocrx_word' id='word_1_431' title='bbox 415 3814 434 3838; x_wconf 83' lang='grc' dir='ltr'>ι</span> <span class='ocrx_word' id='word_1_432' title='bbox 461 3796 549 3843; x_wconf 89' lang='lat' dir='ltr'>est</span> <span class='ocrx_word' id='word_1_433' title='bbox 566 3791 846 3856; x_wconf 93' lang='lat' dir='ltr'>mundus,</span> <span class='ocrx_word' id='word_1_434' title='bbox 869 3813 895 3839; x_wconf 91' lang='grc'><strong>››</strong></span> <span class='ocrx_word' id='word_1_435' title='bbox 914 3797 978 3844; x_wconf 93' lang='lat' dir='ltr'>ut</span> <span class='ocrx_word' id='word_1_436' title='bbox 997 3790 1143 3844; x_wconf 85' lang='lat' dir='ltr'>dixit</span> <span class='ocrx_word' id='word_1_437' title='bbox 1160 3790 1480 3860; x_wconf 82' lang='lat' dir='ltr'>quispiam,</span> <span class='ocrx_word' id='word_1_438' title='bbox 1501 3811 1524 3841; x_wconf 75' lang='grc' dir='ltr'>σ</span> <span class='ocrx_word' id='word_1_439' title='bbox 1543 3805 1576 3843; x_wconf 91' lang='lat' dir='ltr'>a</span> <span class='ocrx_word' id='word_1_440' title='bbox 1593 3787 1872 3858; x_wconf 85' lang='lat' dir='ltr'>sorde(a).</span> <span class='ocrx_word' id='word_1_441' title='bbox 1896 3809 1922 3836; x_wconf 83' lang='grc'><strong>››</strong></span> <span class='ocrx_word' id='word_1_442' title='bbox 1945 3785 2056 3840; x_wconf 91' lang='lat' dir='ltr'>Sed</span> 
     </span>
    </p>
   </div>
   <div class='ocr_carea' id='block_1_59' title="bbox 412 3877 2056 3948">
    <p class='ocr_par' dir='ltr' id='par_1_59' title="bbox 412 3877 2056 3948">
     <span class='ocr_line' id='line_1_59' title="bbox 412 3877 2056 3948; baseline -0.001 -17"><span class='ocrx_word' id='word_1_443' title='bbox 412 3878 682 3932; x_wconf 89' lang='lat' dir='ltr'>Basilidis</span> <span class='ocrx_word' id='word_1_444' title='bbox 714 3879 1057 3948; x_wconf 83' lang='lat' dir='ltr'>hypothesis</span> <span class='ocrx_word' id='word_1_445' title='bbox 1089 3877 1230 3931; x_wconf 91' lang='lat' dir='ltr'>dicit</span> <span class='ocrx_word' id='word_1_446' title='bbox 1255 3879 1538 3938; x_wconf 88' lang='lat' dir='ltr'>animam,</span> <span class='ocrx_word' id='word_1_447' title='bbox 1574 3894 1705 3948; x_wconf 65' lang='lat' dir='ltr'>quas</span> <span class='ocrx_word' id='word_1_448' title='bbox 1734 3877 1897 3947; x_wconf 92' lang='lat' dir='ltr'>prius</span> <span class='ocrx_word' id='word_1_449' title='bbox 1920 3892 2056 3948; x_wconf 86' lang='lat' dir='ltr'>pec-</span> 
     </span>
    </p>
   </div>
   <div class='ocr_carea' id='block_1_60' title="bbox 411 3964 2055 4036">
    <p class='ocr_par' dir='ltr' id='par_1_60' title="bbox 411 3964 2055 4036">
     <span class='ocr_line' id='line_1_60' title="bbox 411 3964 2055 4036; baseline -0.001 -15"><span class='ocrx_word' id='word_1_450' title='bbox 411 3972 643 4022; x_wconf 87' lang='lat' dir='ltr'>caverat</span> <span class='ocrx_word' id='word_1_451' title='bbox 672 3966 733 4019; x_wconf 89' lang='lat' dir='ltr'>in</span> <span class='ocrx_word' id='word_1_452' title='bbox 764 3965 883 4020; x_wconf 91' lang='lat' dir='ltr'>alia</span> <span class='ocrx_word' id='word_1_453' title='bbox 911 3967 1046 4033; x_wconf 91' lang='lat' dir='ltr'>vita,</span> <span class='ocrx_word' id='word_1_454' title='bbox 1078 3966 1175 4020; x_wconf 91' lang='lat' dir='ltr'>hic</span> <span class='ocrx_word' id='word_1_455' title='bbox 1204 3967 1325 4036; x_wconf 89' lang='lat' dir='ltr'>pati</span> <span class='ocrx_word' id='word_1_456' title='bbox 1355 3966 1714 4036; x_wconf 86' lang='lat' dir='ltr'>supplicium</span> <span class='ocrx_word' id='word_1_457' title='bbox 1741 3983 1753 4032; x_wconf 93' lang='lat'>;</span> <span class='ocrx_word' id='word_1_458' title='bbox 1808 3964 2055 4020; x_wconf 89' lang='lat' dir='ltr'>electam</span> 
     </span>
    </p>
   </div>
   <div class='ocr_carea' id='block_1_61' title="bbox 2169 1819 3824 1900">
    <p class='ocr_par' dir='ltr' id='par_1_61' title="bbox 2169 1819 3824 1900">
     <span class='ocr_line' id='line_1_61' title="bbox 2169 1819 3824 1900; baseline 0.001 -23"><span class='ocrx_word' id='word_1_459' title='bbox 2169 1823 2357 1899; x_wconf 88' lang='grc' dir='ltr'>πάσχη</span> <span class='ocrx_word' id='word_1_460' title='bbox 2391 1821 2449 1878; x_wconf 77' lang='grc' dir='ltr'>δὲ</span> <span class='ocrx_word' id='word_1_461' title='bbox 2477 1824 2567 1879; x_wconf 82' lang='grc' dir='ltr'>καὶ</span> <span class='ocrx_word' id='word_1_462' title='bbox 2597 1825 2772 1894; x_wconf 83' lang='grc' dir='ltr'>πάθη,</span> <span class='ocrx_word' id='word_1_463' title='bbox 2799 1823 2964 1879; x_wconf 79' lang='grc' dir='ltr'>ταύτὸ</span> <span class='ocrx_word' id='word_1_464' title='bbox 2993 1819 3183 1879; x_wconf 81' lang='grc' dir='ltr'>ἔπαθεν</span> <span class='ocrx_word' id='word_1_465' title='bbox 3239 1823 3485 1900; x_wconf 76' lang='grc' dir='ltr'>ἐμφερῶς</span> <span class='ocrx_word' id='word_1_466' title='bbox 3514 1829 3597 1896; x_wconf 81' lang='grc' dir='ltr'>τῷ</span> <span class='ocrx_word' id='word_1_467' title='bbox 3615 1825 3824 1898; x_wconf 72' lang='grc' dir='ltr'>νηπίῳο</span> 
     </span>
    </p>
   </div>
   <div class='ocr_carea' id='block_1_62' title="bbox 2165 1911 3826 1990">
    <p class='ocr_par' dir='ltr' id='par_1_62' title="bbox 2165 1911 3826 1990">
     <span class='ocr_line' id='line_1_62' title="bbox 2165 1911 3826 1990; baseline 0 -22"><span class='ocrx_word' id='word_1_468' title='bbox 2165 1911 2309 1988; x_wconf 80' lang='grc' dir='ltr'>ἔχων</span> <span class='ocrx_word' id='word_1_469' title='bbox 2347 1914 2440 1985; x_wconf 77' lang='grc' dir='ltr'>μὶν</span> <span class='ocrx_word' id='word_1_470' title='bbox 2477 1911 2530 1968; x_wconf 76' lang='grc' dir='ltr'>ἒν</span> <span class='ocrx_word' id='word_1_471' title='bbox 2580 1913 2754 1985; x_wconf 71' lang='grc' dir='ltr'>ἑαυτῷ</span> <span class='ocrx_word' id='word_1_472' title='bbox 2807 1913 2870 1968; x_wconf 88' lang='grc' dir='ltr'>τὸ</span> <span class='ocrx_word' id='word_1_473' title='bbox 2920 1914 3316 1989; x_wconf 85' lang='grc' dir='ltr'>ἁμαρτητικὸν,</span> <span class='ocrx_word' id='word_1_474' title='bbox 3347 1915 3568 1990; x_wconf 75' lang='grc' dir='ltr'>ἀφομήν</span> <span class='ocrx_word' id='word_1_475' title='bbox 3599 1912 3660 1968; x_wconf 74' lang='grc' dir='ltr'>δὲ</span> <span class='ocrx_word' id='word_1_476' title='bbox 3683 1915 3826 1989; x_wconf 79' lang='grc' dir='ltr'>πρὸς</span> 
     </span>
    </p>
   </div>
   <div class='ocr_carea' id='block_1_63' title="bbox 2165 1997 3826 2079">
    <p class='ocr_par' dir='ltr' id='par_1_63' title="bbox 2165 1997 3826 2079">
     <span class='ocr_line' id='line_1_63' title="bbox 2165 1997 3826 2079; baseline 0.002 -23"><span class='ocrx_word' id='word_1_477' title='bbox 2165 2004 2228 2057; x_wconf 89' lang='grc' dir='ltr'>τὸ</span> <span class='ocrx_word' id='word_1_478' title='bbox 2256 2003 2633 2076; x_wconf 75' lang='grc' dir='ltr'>ἡμαρτηκέναι</span> <span class='ocrx_word' id='word_1_479' title='bbox 2671 2004 2747 2075; x_wconf 77' lang='grc' dir='ltr'>μή</span> <span class='ocrx_word' id='word_1_480' title='bbox 2781 1997 2988 2070; x_wconf 78' lang='grc' dir='ltr'>λαϐὼν,</span> <span class='ocrx_word' id='word_1_481' title='bbox 3023 2003 3135 2078; x_wconf 82' lang='grc' dir='ltr'>οὐχ</span> <span class='ocrx_word' id='word_1_482' title='bbox 3163 2003 3494 2079; x_wconf 74' lang='grc' dir='ltr'>ἡμάρτανεν.</span> <span class='ocrx_word' id='word_1_483' title='bbox 3537 2006 3689 2058; x_wconf 79' lang='grc' dir='ltr'>Ω⁹’στ’</span> <span class='ocrx_word' id='word_1_484' title='bbox 3722 2003 3826 2059; x_wconf 79' lang='grc' dir='ltr'>οὐκ</span> 
     </span>
    </p>
   </div>
   <div class='ocr_carea' id='block_1_64' title="bbox 2166 2089 3825 2169">
    <p class='ocr_par' dir='ltr' id='par_1_64' title="bbox 2166 2089 3825 2169">
     <span class='ocr_line' id='line_1_64' title="bbox 2166 2089 3825 2169; baseline 0.001 -23"><span class='ocrx_word' id='word_1_485' title='bbox 2166 2092 2316 2162; x_wconf 74' lang='grc' dir='ltr'>αὗτῷ</span> <span class='ocrx_word' id='word_1_486' title='bbox 2343 2091 2404 2145; x_wconf 87' lang='grc' dir='ltr'>τὸ</span> <span class='ocrx_word' id='word_1_487' title='bbox 2439 2092 2514 2165; x_wconf 86' lang='grc' dir='ltr'>μή</span> <span class='ocrx_word' id='word_1_488' title='bbox 2568 2093 2881 2166; x_wconf 79' lang='grc' dir='ltr'>άμαρτῆσαι</span> <span class='ocrx_word' id='word_1_489' title='bbox 2926 2089 3228 2167; x_wconf 85' lang='grc' dir='ltr'>λογιστέον.</span> <span class='ocrx_word' id='word_1_490' title='bbox 3274 2094 3362 2154; x_wconf 76' lang='grc' dir='ltr'>Ὠς</span> <span class='ocrx_word' id='word_1_491' title='bbox 3391 2093 3492 2168; x_wconf 72' lang='grc' dir='ltr'>γὰρ</span> <span class='ocrx_word' id='word_1_492' title='bbox 3525 2094 3553 2147; x_wconf 90' lang='lat'>6</span> <span class='ocrx_word' id='word_1_493' title='bbox 3584 2097 3825 2169; x_wconf 70' lang='grc' dir='ltr'>μοιχεῦ-</span> 
     </span>
    </p>
   </div>
   <div class='ocr_carea' id='block_1_65' title="bbox 2169 2179 3824 2257">
    <p class='ocr_par' dir='ltr' id='par_1_65' title="bbox 2169 2179 3824 2257">
     <span class='ocr_line' id='line_1_65' title="bbox 2169 2179 3824 2257; baseline 0.001 -23"><span class='ocrx_word' id='word_1_494' title='bbox 2169 2202 2255 2235; x_wconf 83' lang='grc' dir='ltr'>σαι</span> <span class='ocrx_word' id='word_1_495' title='bbox 2289 2179 2460 2244; x_wconf 78' lang='grc' dir='ltr'>θέλων</span> <span class='ocrx_word' id='word_1_496' title='bbox 2499 2180 2699 2255; x_wconf 86' lang='grc' dir='ltr'>μοιχός</span> <span class='ocrx_word' id='word_1_497' title='bbox 2753 2179 2887 2250; x_wconf 80' lang='grc' dir='ltr'>ἐστι,</span> <span class='ocrx_word' id='word_1_498' title='bbox 2945 2182 3042 2238; x_wconf 71' lang='grc' dir='ltr'>κᾶν</span> <span class='ocrx_word' id='word_1_499' title='bbox 3091 2187 3188 2237; x_wconf 77' lang='grc' dir='ltr'>τοῦ</span> <span class='ocrx_word' id='word_1_500' title='bbox 3248 2186 3538 2257; x_wconf 78' lang='grc' dir='ltr'>μοιχεῦσαι</span> <span class='ocrx_word' id='word_1_501' title='bbox 3591 2184 3670 2255; x_wconf 79' lang='grc' dir='ltr'>μή</span> <span class='ocrx_word' id='word_1_502' title='bbox 3702 2181 3824 2237; x_wconf 66' lang='grc' dir='ltr'>ἑπι-</span> 
     </span>
    </p>
   </div>
   <div class='ocr_carea' id='block_1_66' title="bbox 2166 2268 3827 2348">
    <p class='ocr_par' dir='ltr' id='par_1_66' title="bbox 2166 2268 3827 2348">
     <span class='ocr_line' id='line_1_66' title="bbox 2166 2268 3827 2348; baseline 0.002 -26"><span class='ocrx_word' id='word_1_503' title='bbox 2166 2269 2335 2344; x_wconf 75' lang='grc' dir='ltr'>τύχῃο</span> <span class='ocrx_word' id='word_1_504' title='bbox 2367 2269 2458 2324; x_wconf 73' lang='grc' dir='ltr'>καὶ</span> <span class='ocrx_word' id='word_1_505' title='bbox 2491 2271 2520 2324; x_wconf 90' lang='lat'>6</span> <span class='ocrx_word' id='word_1_506' title='bbox 2549 2277 2776 2338; x_wconf 83' lang='grc' dir='ltr'>ποιῆσαι</span> <span class='ocrx_word' id='word_1_507' title='bbox 2808 2269 2974 2343; x_wconf 78' lang='grc' dir='ltr'>φόνον</span> <span class='ocrx_word' id='word_1_508' title='bbox 3006 2269 3180 2334; x_wconf 75' lang='grc' dir='ltr'>θὲλων</span> <span class='ocrx_word' id='word_1_509' title='bbox 3212 2268 3546 2348; x_wconf 77' lang='grc' dir='ltr'>ἀνδροφόνος</span> <span class='ocrx_word' id='word_1_510' title='bbox 3578 2269 3827 2337; x_wconf 69' lang='grc' dir='ltr'>ἐστὶ,κῶ</span> 
     </span>
    </p>
   </div>
   <div class='ocr_carea' id='block_1_67' title="bbox 2173 2357 3826 2435">
    <p class='ocr_par' dir='ltr' id='par_1_67' title="bbox 2173 2357 3826 2435">
     <span class='ocr_line' id='line_1_67' title="bbox 2173 2357 3826 2435; baseline 0.001 -21"><span class='ocrx_word' id='word_1_511' title='bbox 2173 2359 2248 2432; x_wconf 78' lang='grc' dir='ltr'>μὴ</span> <span class='ocrx_word' id='word_1_512' title='bbox 2283 2357 2506 2430; x_wconf 77' lang='grc' dir='ltr'>δύνηται</span> <span class='ocrx_word' id='word_1_513' title='bbox 2539 2363 2810 2433; x_wconf 62' lang='grc' dir='ltr'>φονεῦσαυ</span> <span class='ocrx_word' id='word_1_514' title='bbox 2845 2360 3044 2416; x_wconf 76' lang='grc' dir='ltr'>ούτωσὲ</span> <span class='ocrx_word' id='word_1_515' title='bbox 3078 2359 3136 2416; x_wconf 75' lang='grc' dir='ltr'>δὶ</span> <span class='ocrx_word' id='word_1_516' title='bbox 3163 2360 3252 2416; x_wconf 76' lang='grc' dir='ltr'>καὶ</span> <span class='ocrx_word' id='word_1_517' title='bbox 3286 2363 3376 2417; x_wconf 84' lang='grc' dir='ltr'>τὸν</span> <span class='ocrx_word' id='word_1_518' title='bbox 3410 2361 3826 2435; x_wconf 77' lang='grc' dir='ltr'>ἀναμάρτητον,</span> 
     </span>
    </p>
   </div>
   <div class='ocr_carea' id='block_1_68' title="bbox 2168 2445 3826 2525">
    <p class='ocr_par' dir='ltr' id='par_1_68' title="bbox 2168 2445 3826 2525">
     <span class='ocr_line' id='line_1_68' title="bbox 2168 2445 3826 2525; baseline 0.002 -23"><span class='ocrx_word' id='word_1_519' title='bbox 2168 2449 2225 2503; x_wconf 78' lang='grc' dir='ltr'>’ὀν</span> <span class='ocrx_word' id='word_1_520' title='bbox 2259 2446 2424 2523; x_wconf 67' lang='grc' dir='ltr'>λέγω,</span> <span class='ocrx_word' id='word_1_521' title='bbox 2456 2447 2543 2503; x_wconf 72' lang='grc' dir='ltr'>ἐὰν</span> <span class='ocrx_word' id='word_1_522' title='bbox 2578 2445 2679 2504; x_wconf 72' lang='grc' dir='ltr'>ἴδω</span> <span class='ocrx_word' id='word_1_523' title='bbox 2710 2447 3012 2525; x_wconf 87' lang='grc' dir='ltr'>πάσχοντα,</span> <span class='ocrx_word' id='word_1_524' title='bbox 3037 2449 3132 2505; x_wconf 79' lang='grc' dir='ltr'>κᾶν</span> <span class='ocrx_word' id='word_1_525' title='bbox 3160 2449 3330 2524; x_wconf 61' lang='grc' dir='ltr'>μηδὲν</span> <span class='ocrx_word' id='word_1_526' title='bbox 3352 2450 3388 2520; x_wconf 80' lang='grc' dir='ltr'>ἦ</span> <span class='ocrx_word' id='word_1_527' title='bbox 3421 2452 3589 2506; x_wconf 85' lang='grc' dir='ltr'>κακὸν</span> <span class='ocrx_word' id='word_1_528' title='bbox 3613 2471 3826 2524; x_wconf 78' lang='grc' dir='ltr'>πεπραο</span> 
     </span>
    </p>
   </div>
   <div class='ocr_carea' id='block_1_69' title="bbox 2170 2536 3826 2615">
    <p class='ocr_par' dir='ltr' id='par_1_69' title="bbox 2170 2536 3826 2615">
     <span class='ocr_line' id='line_1_69' title="bbox 2170 2536 3826 2615; baseline 0.001 -23"><span class='ocrx_word' id='word_1_529' title='bbox 2170 2537 2310 2612; x_wconf 87' lang='grc' dir='ltr'>χὼς,</span> <span class='ocrx_word' id='word_1_530' title='bbox 2337 2539 2502 2592; x_wconf 85' lang='grc' dir='ltr'>κακὸν</span> <span class='ocrx_word' id='word_1_531' title='bbox 2529 2536 2636 2612; x_wconf 82' lang='grc' dir='ltr'>ἐρῶ</span> <span class='ocrx_word' id='word_1_532' title='bbox 2663 2540 2726 2592; x_wconf 86' lang='grc' dir='ltr'>τὸ</span> <span class='ocrx_word' id='word_1_533' title='bbox 2758 2537 2934 2602; x_wconf 71' lang='grc' dir='ltr'>θέλειν</span> <span class='ocrx_word' id='word_1_534' title='bbox 2978 2543 3090 2612; x_wconf 87' lang='grc'>(65)</span> <span class='ocrx_word' id='word_1_535' title='bbox 3137 2539 3489 2613; x_wconf 78' lang='grc' dir='ltr'>ἁμαρτάνειν.</span> <span class='ocrx_word' id='word_1_536' title='bbox 3518 2542 3684 2595; x_wconf 80' lang='grc' dir='ltr'>ῐιάντ¹</span> <span class='ocrx_word' id='word_1_537' title='bbox 3715 2539 3826 2615; x_wconf 78' lang='grc' dir='ltr'>ἐρῶ</span> 
     </span>
    </p>
   </div>
   <div class='ocr_carea' id='block_1_70' title="bbox 2165 2624 3825 2703">
    <p class='ocr_par' dir='ltr' id='par_1_70' title="bbox 2165 2624 3825 2703">
     <span class='ocr_line' id='line_1_70' title="bbox 2165 2624 3825 2703; baseline 0.002 -24"><span class='ocrx_word' id='word_1_538' title='bbox 2165 2627 2266 2701; x_wconf 78' lang='grc' dir='ltr'>γὰρ</span> <span class='ocrx_word' id='word_1_539' title='bbox 2298 2625 2536 2698; x_wconf 84' lang='grc' dir='ltr'>μᾶλλον,</span> <span class='ocrx_word' id='word_1_540' title='bbox 2568 2625 2605 2695; x_wconf 80' lang='grc' dir='ltr'>ἤ</span> <span class='ocrx_word' id='word_1_541' title='bbox 2635 2628 2797 2682; x_wconf 86' lang='grc' dir='ltr'>κακὸν</span> <span class='ocrx_word' id='word_1_542' title='bbox 2828 2627 2891 2682; x_wconf 85' lang='grc' dir='ltr'>τὸ</span> <span class='ocrx_word' id='word_1_543' title='bbox 2917 2633 3187 2703; x_wconf 83' lang='grc' dir='ltr'>προνοοῦν</span> <span class='ocrx_word' id='word_1_544' title='bbox 3219 2627 3346 2703; x_wconf 77' lang='grc' dir='ltr'>ἐρῶ.</span> <span class='ocrx_word' id='word_1_545' title='bbox 3378 2653 3404 2680; x_wconf 76' lang='grc' dir='ltr'>υ</span> <span class='ocrx_word' id='word_1_546' title='bbox 3436 2629 3552 2686; x_wconf 79' lang='grc' dir='ltr'>Εἶθ’</span> <span class='ocrx_word' id='word_1_547' title='bbox 3589 2624 3825 2701; x_wconf 74' lang='grc' dir='ltr'>ὑποϐὰς,</span> 
     </span>
    </p>
   </div>
   <div class='ocr_carea' id='block_1_71' title="bbox 2165 2713 3823 2793">
    <p class='ocr_par' dir='ltr' id='par_1_71' title="bbox 2165 2713 3823 2793">
     <span class='ocr_line' id='line_1_71' title="bbox 2165 2713 3823 2793; baseline 0.002 -24"><span class='ocrx_word' id='word_1_548' title='bbox 2165 2713 2256 2769; x_wconf 80' lang='grc' dir='ltr'>καὶ</span> <span class='ocrx_word' id='word_1_549' title='bbox 2315 2714 2438 2790; x_wconf 83' lang='grc' dir='ltr'>περὶ</span> <span class='ocrx_word' id='word_1_550' title='bbox 2490 2719 2588 2770; x_wconf 77' lang='grc' dir='ltr'>τοῦ</span> <span class='ocrx_word' id='word_1_551' title='bbox 2643 2715 2849 2790; x_wconf 78' lang='grc' dir='ltr'>Κυρίου</span> <span class='ocrx_word' id='word_1_552' title='bbox 2907 2714 3181 2791; x_wconf 73' lang='grc' dir='ltr'>ἄντικρυς,</span> <span class='ocrx_word' id='word_1_553' title='bbox 3214 2719 3288 2779; x_wconf 86' lang='grc' dir='ltr'>ὡς</span> <span class='ocrx_word' id='word_1_554' title='bbox 3326 2718 3449 2793; x_wconf 84' lang='grc' dir='ltr'>περὶ</span> <span class='ocrx_word' id='word_1_555' title='bbox 3508 2717 3823 2792; x_wconf 79' lang='grc' dir='ltr'>ἀνθρώπου,</span> 
     </span>
    </p>
   </div>
   <div class='ocr_carea' id='block_1_72' title="bbox 2168 2801 3823 2882">
    <p class='ocr_par' dir='ltr' id='par_1_72' title="bbox 2168 2801 3823 2882">
     <span class='ocr_line' id='line_1_72' title="bbox 2168 2801 3823 2882; baseline 0.002 -23"><span class='ocrx_word' id='word_1_556' title='bbox 2168 2801 2333 2879; x_wconf 72' lang='grc' dir='ltr'>λέγει·</span> <span class='ocrx_word' id='word_1_557' title='bbox 2395 2829 2422 2855; x_wconf 88' lang='grc'><strong>‹‹</strong></span> <span class='ocrx_word' id='word_1_558' title='bbox 2455 2804 2580 2862; x_wconf 74' lang='grc' dir='ltr'>Ἐάν</span> <span class='ocrx_word' id='word_1_559' title='bbox 2645 2806 2828 2878; x_wconf 72' lang='grc' dir='ltr'>μέντοι</span> <span class='ocrx_word' id='word_1_560' title='bbox 2911 2804 3238 2882; x_wconf 86' lang='grc' dir='ltr'>παραλιπὼν</span> <span class='ocrx_word' id='word_1_561' title='bbox 3295 2804 3527 2868; x_wconf 87' lang='grc' dir='ltr'>τούτους</span> <span class='ocrx_word' id='word_1_562' title='bbox 3587 2809 3823 2869; x_wconf 75' lang='grc' dir='ltr'>ἅπαντας</span> 
     </span>
    </p>
   </div>
   <div class='ocr_carea' id='block_1_73' title="bbox 2163 2891 3825 2971">
    <p class='ocr_par' dir='ltr' id='par_1_73' title="bbox 2163 2891 3825 2971">
     <span class='ocr_line' id='line_1_73' title="bbox 2163 2891 3825 2971; baseline 0.001 -23"><span class='ocrx_word' id='word_1_563' title='bbox 2163 2893 2290 2955; x_wconf 83' lang='grc' dir='ltr'>τοὺς</span> <span class='ocrx_word' id='word_1_564' title='bbox 2324 2891 2548 2968; x_wconf 82' lang='grc' dir='ltr'>λόγους,</span> <span class='ocrx_word' id='word_1_565' title='bbox 2582 2891 2748 2968; x_wconf 75' lang='grc' dir='ltr'>ἔλθῃς</span> <span class='ocrx_word' id='word_1_566' title='bbox 2795 2892 2880 2949; x_wconf 74' lang='grc' dir='ltr'>ἐπὶ</span> <span class='ocrx_word' id='word_1_567' title='bbox 2928 2895 2992 2950; x_wconf 88' lang='grc' dir='ltr'>τὸ</span> <span class='ocrx_word' id='word_1_568' title='bbox 3040 2892 3309 2950; x_wconf 81' lang='grc' dir='ltr'>δυσωπεῖν</span> <span class='ocrx_word' id='word_1_569' title='bbox 3357 2916 3446 2968; x_wconf 86' lang='grc' dir='ltr'>με,</span> <span class='ocrx_word' id='word_1_570' title='bbox 3478 2893 3569 2950; x_wconf 80' lang='grc' dir='ltr'>διὰ</span> <span class='ocrx_word' id='word_1_571' title='bbox 3597 2897 3825 2971; x_wconf 83' lang='grc' dir='ltr'>προσώ-</span> 
     </span>
    </p>
   </div>
   <div class='ocr_carea' id='block_1_74' title="bbox 2163 2981 3822 3060">
    <p class='ocr_par' dir='ltr' id='par_1_74' title="bbox 2163 2981 3822 3060">
     <span class='ocr_line' id='line_1_74' title="bbox 2163 2981 3822 3060; baseline 0.001 -24"><span class='ocrx_word' id='word_1_572' title='bbox 2163 3003 2281 3036; x_wconf 88' lang='grc' dir='ltr'>πων</span> <span class='ocrx_word' id='word_1_573' title='bbox 2313 2982 2498 3053; x_wconf 82' lang='grc' dir='ltr'>τινῶν,</span> <span class='ocrx_word' id='word_1_574' title='bbox 2530 2981 2573 3036; x_wconf 76' lang='grc' dir='ltr'>εἴ</span> <span class='ocrx_word' id='word_1_575' title='bbox 2623 2982 2812 3058; x_wconf 85' lang='grc' dir='ltr'>τύχοι,</span> <span class='ocrx_word' id='word_1_576' title='bbox 2872 2981 3070 3057; x_wconf 73' lang='grc' dir='ltr'>λέγων,</span> <span class='ocrx_word' id='word_1_577' title='bbox 3129 2984 3190 3040; x_wconf 80' lang='grc' dir='ltr'><strong>Ὀ</strong></span> <span class='ocrx_word' id='word_1_578' title='bbox 3247 2981 3397 3038; x_wconf 87' lang='grc' dir='ltr'>δεῖνα</span> <span class='ocrx_word' id='word_1_579' title='bbox 3426 2982 3519 3038; x_wconf 80' lang='grc' dir='ltr'>οὖν</span> <span class='ocrx_word' id='word_1_580' title='bbox 3560 2985 3822 3060; x_wconf 67' lang='grc' dir='ltr'>ἣμαρτινο</span> 
     </span>
    </p>
   </div>
   <div class='ocr_carea' id='block_1_75' title="bbox 2172 3067 3826 3146">
    <p class='ocr_par' dir='ltr' id='par_1_75' title="bbox 2172 3067 3826 3146">
     <span class='ocr_line' id='line_1_75' title="bbox 2172 3067 3826 3146; baseline 0.004 -22"><span class='ocrx_word' id='word_1_581' title='bbox 2172 3067 2363 3133; x_wconf 83' lang='grc' dir='ltr'>ἔπαθεν</span> <span class='ocrx_word' id='word_1_582' title='bbox 2415 3071 2516 3146; x_wconf 79' lang='grc' dir='ltr'>γάρ</span> <span class='ocrx_word' id='word_1_583' title='bbox 2577 3071 2604 3124; x_wconf 92' lang='lat'>6</span> <span class='ocrx_word' id='word_1_584' title='bbox 2661 3067 2829 3125; x_wconf 81' lang='grc' dir='ltr'>δεῖνα·</span> <span class='ocrx_word' id='word_1_585' title='bbox 2890 3070 2977 3126; x_wconf 74' lang='grc' dir='ltr'>ἐὰν</span> <span class='ocrx_word' id='word_1_586' title='bbox 3041 3072 3133 3146; x_wconf 77' lang='grc' dir='ltr'>μὲν</span> <span class='ocrx_word' id='word_1_587' title='bbox 3194 3070 3506 3146; x_wconf 72' lang='grc' dir='ltr'>ἐπιτρέπῃς,</span> <span class='ocrx_word' id='word_1_588' title='bbox 3537 3071 3668 3145; x_wconf 67' lang='grc' dir='ltr'>ἐρᾶν</span> <span class='ocrx_word' id='word_1_589' title='bbox 3703 3072 3826 3146; x_wconf 74' lang='grc' dir='ltr'>Οὐχ</span> 
     </span>
    </p>
   </div>
   <div class='ocr_carea' id='block_1_76' title="bbox 2121 3157 3822 3236">
    <p class='ocr_par' dir='ltr' id='par_1_76' title="bbox 2121 3157 3822 3236">
     <span class='ocr_line' id='line_1_76' title="bbox 2121 3157 3822 3236; baseline 0.001 -23"><span class='ocrx_word' id='word_1_590' title='bbox 2121 3161 2406 3234; x_wconf 71' lang='grc' dir='ltr'>’ἥμαρτεν</span> <span class='ocrx_word' id='word_1_591' title='bbox 2469 3159 2589 3230; x_wconf 71' lang='grc' dir='ltr'>μὲν,</span> <span class='ocrx_word' id='word_1_592' title='bbox 2641 3159 2837 3232; x_wconf 74' lang='grc' dir='ltr'>ὅμοιος</span> <span class='ocrx_word' id='word_1_593' title='bbox 2885 3157 2944 3215; x_wconf 75' lang='grc' dir='ltr'>δὲ</span> <span class='ocrx_word' id='word_1_594' title='bbox 2999 3159 3064 3229; x_wconf 80' lang='grc' dir='ltr'>ἦν</span> <span class='ocrx_word' id='word_1_595' title='bbox 3121 3165 3202 3234; x_wconf 78' lang='grc' dir='ltr'>τῷ</span> <span class='ocrx_word' id='word_1_596' title='bbox 3231 3161 3501 3236; x_wconf 85' lang='grc' dir='ltr'>πάσχοντι</span> <span class='ocrx_word' id='word_1_597' title='bbox 3531 3161 3742 3233; x_wconf 77' lang='grc' dir='ltr'>νηπίῳ·</span> <span class='ocrx_word' id='word_1_598' title='bbox 3773 3161 3822 3215; x_wconf 76' lang='grc' dir='ltr'>εἰ</span> 
     </span>
    </p>
   </div>
   <div class='ocr_carea' id='block_1_77' title="bbox 2173 3245 3827 3327">
    <p class='ocr_par' dir='ltr' id='par_1_77' title="bbox 2173 3245 3827 3327">
     <span class='ocr_line' id='line_1_77' title="bbox 2173 3245 3827 3327; baseline 0.001 -24"><span class='ocrx_word' id='word_1_599' title='bbox 2173 3249 2356 3320; x_wconf 68' lang='grc' dir='ltr'>μέντοι</span> <span class='ocrx_word' id='word_1_600' title='bbox 2389 3245 2747 3325; x_wconf 81' lang='grc' dir='ltr'>σφοδρότερον</span> <span class='ocrx_word' id='word_1_601' title='bbox 2806 3245 3086 3305; x_wconf 78' lang='grc' dir='ltr'>ἐκϐιάσαιο</span> <span class='ocrx_word' id='word_1_602' title='bbox 3141 3251 3238 3305; x_wconf 88' lang='grc' dir='ltr'>τὸν</span> <span class='ocrx_word' id='word_1_603' title='bbox 3295 3249 3483 3326; x_wconf 87' lang='grc' dir='ltr'>λόγον,</span> <span class='ocrx_word' id='word_1_604' title='bbox 3525 3249 3657 3327; x_wconf 77' lang='grc' dir='ltr'>ἐρῶ,</span> <span class='ocrx_word' id='word_1_605' title='bbox 3687 3252 3827 3308; x_wconf 72' lang='grc' dir='ltr'>’Ἄν-</span> 
     </span>
    </p>
   </div>
   <div class='ocr_carea' id='block_1_78' title="bbox 2169 3336 3820 3414">
    <p class='ocr_par' dir='ltr' id='par_1_78' title="bbox 2169 3336 3820 3414">
     <span class='ocr_line' id='line_1_78' title="bbox 2169 3336 3820 3414; baseline 0.001 -23"><span class='ocrx_word' id='word_1_606' title='bbox 2169 3338 2409 3410; x_wconf 84' lang='grc' dir='ltr'>θρωπον,</span> <span class='ocrx_word' id='word_1_607' title='bbox 2440 3336 2607 3392; x_wconf 83' lang='grc' dir='ltr'>ὅντιν’</span> <span class='ocrx_word' id='word_1_608' title='bbox 2637 3337 2695 3392; x_wconf 75' lang='grc' dir='ltr'>ἂν</span> <span class='ocrx_word' id='word_1_609' title='bbox 2729 3339 3022 3413; x_wconf 76' lang='grc' dir='ltr'>ὀνομάσῃς,</span> <span class='ocrx_word' id='word_1_610' title='bbox 3076 3336 3361 3414; x_wconf 74' lang='grc' dir='ltr'>ἄνθρωπον</span> <span class='ocrx_word' id='word_1_611' title='bbox 3408 3341 3569 3406; x_wconf 75' lang='grc' dir='ltr'>εἶναι,</span> <span class='ocrx_word' id='word_1_612' title='bbox 3613 3337 3820 3395; x_wconf 80' lang='grc' dir='ltr'>δίκαιον</span> 
     </span>
    </p>
   </div>
   <div class='ocr_carea' id='block_1_79' title="bbox 2171 3424 3824 3505">
    <p class='ocr_par' dir='ltr' id='par_1_79' title="bbox 2171 3424 3824 3505">
     <span class='ocr_line' id='line_1_79' title="bbox 2171 3424 3824 3505; baseline 0.001 -23"><span class='ocrx_word' id='word_1_613' title='bbox 2171 3424 2227 3482; x_wconf 71' lang='grc' dir='ltr'>δὲ</span> <span class='ocrx_word' id='word_1_614' title='bbox 2273 3426 2367 3481; x_wconf 86' lang='grc' dir='ltr'>τὸν</span> <span class='ocrx_word' id='word_1_615' title='bbox 2415 3427 2562 3482; x_wconf 85' lang='grc' dir='ltr'>Θεόν·</span> <span class='ocrx_word' id='word_1_616' title='bbox 2625 3451 2653 3479; x_wconf 87' lang='lat'>«</span> <span class='ocrx_word' id='word_1_617' title='bbox 2689 3429 2938 3501; x_wconf 84' lang='grc' dir='ltr'>Καθαρός</span> <span class='ocrx_word' id='word_1_618' title='bbox 2987 3428 3089 3503; x_wconf 67' lang='grc' dir='ltr'>γὰρ</span> <span class='ocrx_word' id='word_1_619' title='bbox 3140 3426 3346 3498; x_wconf 78' lang='grc' dir='ltr'>οὐδεὶς,</span> <span class='ocrx_word' id='word_1_620' title='bbox 3375 3453 3404 3480; x_wconf 78' lang='lat' dir='ltr'>n</span> <span class='ocrx_word' id='word_1_621' title='bbox 3463 3429 3648 3505; x_wconf 82' lang='grc' dir='ltr'>ὥσπερ</span> <span class='ocrx_word' id='word_1_622' title='bbox 3708 3429 3824 3484; x_wconf 80' lang='grc' dir='ltr'>εἶπέ</span> 
     </span>
    </p>
   </div>
   <div class='ocr_carea' id='block_1_80' title="bbox 2166 3515 3822 3590">
    <p class='ocr_par' dir='ltr' id='par_1_80' title="bbox 2166 3515 3822 3590">
     <span class='ocr_line' id='line_1_80' title="bbox 2166 3515 3822 3590; baseline 0.001 -19"><span class='ocrx_word' id='word_1_623' title='bbox 2166 3537 2250 3578; x_wconf 90' lang='grc' dir='ltr'>τις</span> <span class='ocrx_word' id='word_1_624' title='bbox 2285 3518 2418 3590; x_wconf 85' lang='grc'>(66),</span> <span class='ocrx_word' id='word_1_625' title='bbox 2452 3541 2478 3567; x_wconf 77' lang='grc' dir='ltr'>ι(</span> <span class='ocrx_word' id='word_1_626' title='bbox 2513 3515 2620 3570; x_wconf 86' lang='grc' dir='ltr'>ἀπὸ</span> <span class='ocrx_word' id='word_1_627' title='bbox 2653 3516 2847 3589; x_wconf 77' lang='grc' dir='ltr'>ῥύπου.</span> <span class='ocrx_word' id='word_1_628' title='bbox 2886 3541 2912 3568; x_wconf 90' lang='grc'><strong>››</strong></span> <span class='ocrx_word' id='word_1_629' title='bbox 2947 3515 3123 3573; x_wconf 82' lang='grc' dir='ltr'>Ἀλλᾶ</span> <span class='ocrx_word' id='word_1_630' title='bbox 3153 3521 3234 3589; x_wconf 82' lang='grc' dir='ltr'>τῷ</span> <span class='ocrx_word' id='word_1_631' title='bbox 3283 3516 3578 3590; x_wconf 76' lang='grc' dir='ltr'>Βασιλείδῃ</span> <span class='ocrx_word' id='word_1_632' title='bbox 3606 3520 3642 3588; x_wconf 72' lang='grc' dir='ltr'>ἡ</span> <span class='ocrx_word' id='word_1_633' title='bbox 3678 3518 3822 3573; x_wconf 83' lang='grc' dir='ltr'>ὑπό-</span> 
     </span>
    </p>
   </div>
   <div class='ocr_carea' id='block_1_81' title="bbox 2170 3605 3823 3684">
    <p class='ocr_par' dir='ltr' id='par_1_81' title="bbox 2170 3605 3823 3684">
     <span class='ocr_line' id='line_1_81' title="bbox 2170 3605 3823 3684; baseline 0.002 -25"><span class='ocrx_word' id='word_1_634' title='bbox 2170 3605 2315 3669; x_wconf 83' lang='grc' dir='ltr'>θεσις</span> <span class='ocrx_word' id='word_1_635' title='bbox 2364 3605 2860 3680; x_wconf 73' lang='grc' dir='ltr'>προαμαρτήσασὰἱν</span> <span class='ocrx_word' id='word_1_636' title='bbox 2920 3628 3054 3684; x_wconf 77' lang='grc' dir='ltr'>φησι</span> <span class='ocrx_word' id='word_1_637' title='bbox 3135 3608 3237 3677; x_wconf 78' lang='grc' dir='ltr'>τὴν</span> <span class='ocrx_word' id='word_1_638' title='bbox 3295 3609 3482 3683; x_wconf 72' lang='grc' dir='ltr'>ψυχήν</span> <span class='ocrx_word' id='word_1_639' title='bbox 3544 3606 3597 3662; x_wconf 81' lang='grc' dir='ltr'>ἐν</span> <span class='ocrx_word' id='word_1_640' title='bbox 3653 3607 3823 3683; x_wconf 69' lang='grc' dir='ltr'>ἑτέρῳ</span> 
     </span>
    </p>
   </div>
   <div class='ocr_carea' id='block_1_82' title="bbox 2173 3693 3823 3769">
    <p class='ocr_par' dir='ltr' id='par_1_82' title="bbox 2173 3693 3823 3769">
     <span class='ocr_line' id='line_1_82' title="bbox 2173 3693 3823 3769; baseline 0.003 -23"><span class='ocrx_word' id='word_1_641' title='bbox 2173 3693 2300 3769; x_wconf 82' lang='grc' dir='ltr'>βίῳ,</span> <span class='ocrx_word' id='word_1_642' title='bbox 2330 3696 2431 3762; x_wconf 74' lang='grc' dir='ltr'>τὴν</span> <span class='ocrx_word' id='word_1_643' title='bbox 2462 3694 2686 3750; x_wconf 84' lang='grc' dir='ltr'>κόλασιν</span> <span class='ocrx_word' id='word_1_644' title='bbox 2741 3695 3030 3769; x_wconf 72' lang='grc' dir='ltr'>ὑπομένειν</span> <span class='ocrx_word' id='word_1_645' title='bbox 3083 3695 3329 3766; x_wconf 69' lang='grc' dir='ltr'>ἐνταῦθα,</span> <span class='ocrx_word' id='word_1_646' title='bbox 3367 3699 3468 3766; x_wconf 82' lang='grc' dir='ltr'>τήν</span> <span class='ocrx_word' id='word_1_647' title='bbox 3501 3697 3598 3769; x_wconf 76' lang='grc' dir='ltr'>μὶν</span> <span class='ocrx_word' id='word_1_648' title='bbox 3629 3695 3823 3752; x_wconf 71' lang='grc' dir='ltr'>ἐκλεκ-</span> 
     </span>
    </p>
   </div>
   <div class='ocr_carea' id='block_1_83' title="bbox 2165 3780 3821 3860">
    <p class='ocr_par' dir='ltr' id='par_1_83' title="bbox 2165 3780 3821 3860">
     <span class='ocr_line' id='line_1_83' title="bbox 2165 3780 3821 3860; baseline 0.002 -23"><span class='ocrx_word' id='word_1_649' title='bbox 2165 3783 2264 3852; x_wconf 78' lang='grc' dir='ltr'>τὴν</span> <span class='ocrx_word' id='word_1_650' title='bbox 2319 3782 2586 3856; x_wconf 85' lang='grc' dir='ltr'>ἐπιτίμως</span> <span class='ocrx_word' id='word_1_651' title='bbox 2647 3780 2735 3838; x_wconf 78' lang='grc' dir='ltr'>διὰ</span> <span class='ocrx_word' id='word_1_652' title='bbox 2793 3784 3094 3860; x_wconf 75' lang='grc' dir='ltr'>μαρτυρίου</span> <span class='ocrx_word' id='word_1_653' title='bbox 3165 3785 3266 3854; x_wconf 73' lang='grc' dir='ltr'>τήν</span> <span class='ocrx_word' id='word_1_654' title='bbox 3320 3782 3501 3856; x_wconf 77' lang='grc' dir='ltr'>ἄλλην</span> <span class='ocrx_word' id='word_1_655' title='bbox 3544 3783 3602 3840; x_wconf 69' lang='grc' dir='ltr'>δὲ</span> <span class='ocrx_word' id='word_1_656' title='bbox 3629 3787 3821 3840; x_wconf 78' lang='grc' dir='ltr'>καθαι-</span> 
     </span>
    </p>
   </div>
   <div class='ocr_carea' id='block_1_84' title="bbox 2167 3873 3820 3953">
    <p class='ocr_par' dir='ltr' id='par_1_84' title="bbox 2167 3873 3820 3953">
     <span class='ocr_line' id='line_1_84' title="bbox 2167 3873 3820 3953; baseline 0.002 -26"><span class='ocrx_word' id='word_1_657' title='bbox 2167 3873 2404 3949; x_wconf 67' lang='grc' dir='ltr'>ρομένην</span> <span class='ocrx_word' id='word_1_658' title='bbox 2437 3875 2609 3947; x_wconf 74' lang='grc' dir='ltr'>οἰκείᾳ</span> <span class='ocrx_word' id='word_1_659' title='bbox 2637 3874 2880 3933; x_wconf 76' lang='grc' dir='ltr'>κολάσει.</span> <span class='ocrx_word' id='word_1_660' title='bbox 2915 3877 3015 3932; x_wconf 84' lang='grc' dir='ltr'>Καὶ</span> <span class='ocrx_word' id='word_1_661' title='bbox 3076 3880 3197 3937; x_wconf 82' lang='grc' dir='ltr'>πῶς</span> <span class='ocrx_word' id='word_1_662' title='bbox 3245 3880 3408 3930; x_wconf 82' lang='grc' dir='ltr'>τοῦτο</span> <span class='ocrx_word' id='word_1_663' title='bbox 3464 3874 3692 3947; x_wconf 71' lang='grc' dir='ltr'>ἀληθὲς,</span> <span class='ocrx_word' id='word_1_664' title='bbox 3739 3875 3820 3953; x_wconf 71' lang='grc' dir='ltr'>ἐφ’</span> 
     </span>
    </p>
   </div>
   <div class='ocr_carea' id='block_1_85' title="bbox 2168 3963 3819 4041">
    <p class='ocr_par' dir='ltr' id='par_1_85' title="bbox 2168 3963 3819 4041">
     <span class='ocr_line' id='line_1_85' title="bbox 2168 3963 3819 4041; baseline 0.001 -24"><span class='ocrx_word' id='word_1_665' title='bbox 2168 3965 2304 4036; x_wconf 77' lang='grc' dir='ltr'>ἡμῖν</span> <span class='ocrx_word' id='word_1_666' title='bbox 2336 3963 2590 4037; x_wconf 73' lang='grc' dir='ltr'>κειμένου</span> <span class='ocrx_word' id='word_1_667' title='bbox 2619 3969 2714 4020; x_wconf 80' lang='grc' dir='ltr'>τοῦ</span> <span class='ocrx_word' id='word_1_668' title='bbox 2745 3966 3088 4041; x_wconf 72' lang='grc' dir='ltr'>ὁμολογῆσαι</span> <span class='ocrx_word' id='word_1_669' title='bbox 3118 3965 3210 4020; x_wconf 74' lang='grc' dir='ltr'>καὶ</span> <span class='ocrx_word' id='word_1_670' title='bbox 3239 3964 3599 4035; x_wconf 71' lang='grc' dir='ltr'>κολασθῆναι,</span> <span class='ocrx_word' id='word_1_671' title='bbox 3630 3965 3669 4035; x_wconf 72' lang='grc' dir='ltr'>ἤ</span> <span class='ocrx_word' id='word_1_672' title='bbox 3703 3969 3819 4039; x_wconf 48' lang='lat' dir='ltr'>ius;</span> 
     </span>
    </p>
   </div>
   <div class='ocr_carea' id='block_1_86' title="bbox 475 4107 2256 4180">
    <p class='ocr_par' dir='ltr' id='par_1_86' title="bbox 475 4107 2256 4180">
     <span class='ocr_line' id='line_1_86' title="bbox 475 4107 2256 4180; baseline -0.001 -16"><span class='ocrx_word' id='word_1_673' title='bbox 475 4114 538 4180; x_wconf 70' lang='grc' dir='ltr'>ιι(</span> <span class='ocrx_word' id='word_1_674' title='bbox 567 4112 630 4167; x_wconf 91' lang='grc' dir='ltr'>Ρ.</span> <span class='ocrx_word' id='word_1_675' title='bbox 660 4110 767 4164; x_wconf 86' lang='grc'>600</span> <span class='ocrx_word' id='word_1_676' title='bbox 795 4110 907 4164; x_wconf 86' lang='grc' dir='ltr'>ΕΙ).</span> <span class='ocrx_word' id='word_1_677' title='bbox 939 4110 1231 4174; x_wconf 79' lang='lat' dir='ltr'>POTTER,</span> <span class='ocrx_word' id='word_1_678' title='bbox 1264 4111 1368 4162; x_wconf 81' lang='grc'>506</span> <span class='ocrx_word' id='word_1_679' title='bbox 1399 4110 1509 4162; x_wconf 91' lang='lat' dir='ltr'>ED.</span> <span class='ocrx_word' id='word_1_680' title='bbox 1540 4109 1766 4164; x_wconf 76' lang='lat' dir='ltr'>PARIS.</span> <span class='ocrx_word' id='word_1_681' title='bbox 1801 4107 1874 4178; x_wconf 91' lang='lat' dir='ltr'>(a)</span> <span class='ocrx_word' id='word_1_682' title='bbox 1900 4109 2027 4164; x_wconf 82' lang='lat' dir='ltr'>Job.</span> <span class='ocrx_word' id='word_1_683' title='bbox 2062 4125 2170 4177; x_wconf 74' lang='lat' dir='ltr'>xxv,</span> <span class='ocrx_word' id='word_1_684' title='bbox 2205 4112 2256 4163; x_wconf 76' lang='grc'><strong>4.</strong></span> 
     </span>
    </p>
   </div>
   <div class='ocr_carea' id='block_1_87' title="bbox 405 4250 2052 4318">
    <p class='ocr_par' dir='ltr' id='par_1_87' title="bbox 405 4250 2052 4318">
     <span class='ocr_line' id='line_1_87' title="bbox 405 4250 2052 4318; baseline -0.002 -9"><span class='ocrx_word' id='word_1_685' title='bbox 405 4254 702 4309; x_wconf 82' lang='lat' dir='ltr'>intellexit</span> <span class='ocrx_word' id='word_1_686' title='bbox 733 4253 1021 4308; x_wconf 89' lang='lat' dir='ltr'>Basilides</span> <span class='ocrx_word' id='word_1_687' title='bbox 1053 4251 1291 4314; x_wconf 89' lang='lat' dir='ltr'>delicta,</span> <span class='ocrx_word' id='word_1_688' title='bbox 1325 4267 1445 4305; x_wconf 87' lang='lat' dir='ltr'>non</span> <span class='ocrx_word' id='word_1_689' title='bbox 1490 4251 1553 4304; x_wconf 90' lang='lat' dir='ltr'>in</span> <span class='ocrx_word' id='word_1_690' title='bbox 1599 4250 1805 4304; x_wconf 92' lang='lat' dir='ltr'>eodem</span> <span class='ocrx_word' id='word_1_691' title='bbox 1838 4251 2052 4318; x_wconf 90' lang='lat' dir='ltr'>solum,</span> 
     </span>
    </p>
   </div>
   <div class='ocr_carea' id='block_1_88' title="bbox 403 4320 2054 4407">
    <p class='ocr_par' dir='ltr' id='par_1_88' title="bbox 403 4320 2054 4407">
     <span class='ocr_line' id='line_1_88' title="bbox 403 4320 2054 4407; baseline -0.004 -26"><span class='ocrx_word' id='word_1_692' title='bbox 403 4327 508 4381; x_wconf 90' lang='lat' dir='ltr'>sed</span> <span class='ocrx_word' id='word_1_693' title='bbox 541 4332 598 4381; x_wconf 92' lang='lat' dir='ltr'>et</span> <span class='ocrx_word' id='word_1_694' title='bbox 622 4325 746 4407; x_wconf 70' lang='lat' dir='ltr'>alio</span> <span class='ocrx_word' id='word_1_695' title='bbox 774 4342 1020 4407; x_wconf 71' lang='lat' dir='ltr'>corpore</span> <span class='ocrx_word' id='word_1_696' title='bbox 1043 4329 1413 4407; x_wconf 76' lang='lat' dir='ltr'>perpetrata:</span> <span class='ocrx_word' id='word_1_697' title='bbox 1447 4321 1739 4407; x_wconf 58' lang='lat' dir='ltr'>siquidem</span> <span class='ocrx_word' id='word_1_698' title='bbox 1779 4320 2054 4407; x_wconf 62' lang='grc' dir='ltr'>μετεμψύ-</span> 
     </span>
    </p>
   </div>
   <div class='ocr_carea' id='block_1_89' title="bbox 403 4393 2054 4470">
    <p class='ocr_par' dir='ltr' id='par_1_89' title="bbox 403 4393 2054 4470">
     <span class='ocr_line' id='line_1_89' title="bbox 403 4393 2054 4470; baseline 0.001 -22"><span class='ocrx_word' id='word_1_699' title='bbox 403 4415 576 4470; x_wconf 77' lang='grc' dir='ltr'>χωσιν</span> <span class='ocrx_word' id='word_1_700' title='bbox 604 4393 964 4470; x_wconf 63' lang='grc' dir='ltr'>ἀοΐειιᾴιιξιιῐ</span> <span class='ocrx_word' id='word_1_701' title='bbox 984 4393 1206 4470; x_wconf 68' lang='lat' dir='ltr'>ibidem</span> <span class='ocrx_word' id='word_1_702' title='bbox 1225 4395 1647 4470; x_wconf 72' lang='lat' dir='ltr'>animadvertit</span> <span class='ocrx_word' id='word_1_703' title='bbox 1666 4393 1938 4449; x_wconf 90' lang='lat' dir='ltr'>Clemens</span> <span class='ocrx_word' id='word_1_704' title='bbox 1961 4393 2054 4450; x_wconf 89' lang='lat' dir='ltr'>his</span> 
     </span>
    </p>
   </div>
   <div class='ocr_carea' id='block_1_90' title="bbox 402 4462 2053 4539">
    <p class='ocr_par' dir='ltr' id='par_1_90' title="bbox 402 4462 2053 4539">
     <span class='ocr_line' id='line_1_90' title="bbox 402 4462 2053 4539; baseline -0.002 -17"><span class='ocrx_word' id='word_1_705' title='bbox 402 4462 634 4539; x_wconf 53' lang='lat' dir='ltr'>Verbis:</span> <span class='ocrx_word' id='word_1_706' title='bbox 671 4465 850 4523; x_wconf 84' lang='grc' dir='ltr'>Ἀλλὰ</span> <span class='ocrx_word' id='word_1_707' title='bbox 875 4471 957 4538; x_wconf 75' lang='grc' dir='ltr'>τῷ</span> <span class='ocrx_word' id='word_1_708' title='bbox 1008 4462 1305 4539; x_wconf 79' lang='grc' dir='ltr'>Βασιλείδῃ</span> <span class='ocrx_word' id='word_1_709' title='bbox 1333 4467 1406 4539; x_wconf 21' lang='grc' dir='ltr'>ᾼή,</span> <span class='ocrx_word' id='word_1_710' title='bbox 1461 4464 1712 4539; x_wconf 67' lang='grc' dir='ltr'>ύπύθεσις</span> <span class='ocrx_word' id='word_1_711' title='bbox 1740 4485 2053 4539; x_wconf 25' lang='grc' dir='ltr'>,προαμαρ-</span> 
     </span>
    </p>
   </div>
   <div class='ocr_carea' id='block_1_91' title="bbox 401 4535 2052 4616">
    <p class='ocr_par' dir='ltr' id='par_1_91' title="bbox 401 4535 2052 4616">
     <span class='ocr_line' id='line_1_91' title="bbox 401 4535 2052 4616; baseline -0.001 -24"><span class='ocrx_word' id='word_1_712' title='bbox 401 4538 640 4616; x_wconf 79' lang='grc' dir='ltr'>τήσασάν</span> <span class='ocrx_word' id='word_1_713' title='bbox 681 4560 814 4616; x_wconf 70' lang='grc' dir='ltr'>φησι</span> <span class='ocrx_word' id='word_1_714' title='bbox 849 4535 971 4616; x_wconf 21' lang='grc' dir='ltr'>,τήν</span> <span class='ocrx_word' id='word_1_715' title='bbox 1029 4535 1501 4616; x_wconf 33' lang='lat' dir='ltr'>teletae???</span> <span class='ocrx_word' id='word_1_716' title='bbox 1536 4535 1670 4616; x_wconf 64' lang='grc' dir='ltr'>βίῳ,</span> <span class='ocrx_word' id='word_1_717' title='bbox 1693 4535 2052 4616; x_wconf 63' lang='grc' dir='ltr'>τῆν’κᾴλασιν</span> 
     </span>
    </p>
   </div>
   <div class='ocr_carea' id='block_1_92' title="bbox 405 4609 2052 4683">
    <p class='ocr_par' dir='ltr' id='par_1_92' title="bbox 405 4609 2052 4683">
     <span class='ocr_line' id='line_1_92' title="bbox 405 4609 2052 4683; baseline 0.001 -19"><span class='ocrx_word' id='word_1_718' title='bbox 405 4609 963 4683; x_wconf 54' lang='grc' dir='ltr'>ὑπομένεινἜνταῦθα.</span> <span class='ocrx_word' id='word_1_719' title='bbox 999 4609 1164 4665; x_wconf 63' lang='lat' dir='ltr'>«sed</span> <span class='ocrx_word' id='word_1_720' title='bbox 1199 4609 1827 4683; x_wconf 8' lang='lat' dir='ltr'>Basilidiphypotbesisi</span> <span class='ocrx_word' id='word_1_721' title='bbox 1849 4609 2052 4676; x_wconf 79' lang='lat' dir='ltr'>dictat,</span> 
     </span>
    </p>
   </div>
   <div class='ocr_carea' id='block_1_93' title="bbox 405 4681 2052 4754">
    <p class='ocr_par' dir='ltr' id='par_1_93' title="bbox 405 4681 2052 4754">
     <span class='ocr_line' id='line_1_93' title="bbox 405 4681 2052 4754; baseline -0.001 -16"><span class='ocrx_word' id='word_1_722' title='bbox 405 4705 430 4733; x_wconf 77' lang='grc'>‹.</span> <span class='ocrx_word' id='word_1_723' title='bbox 462 4681 883 4754; x_wconf 72' lang='lat' dir='ltr'>animam,quaa</span> <span class='ocrx_word' id='word_1_724' title='bbox 902 4683 1066 4754; x_wconf 89' lang='lat' dir='ltr'>prius</span> <span class='ocrx_word' id='word_1_725' title='bbox 1085 4689 1428 4752; x_wconf 88' lang='lat' dir='ltr'>peccaverat</span> <span class='ocrx_word' id='word_1_726' title='bbox 1453 4681 1514 4733; x_wconf 93' lang='lat' dir='ltr'>in</span> <span class='ocrx_word' id='word_1_727' title='bbox 1537 4681 1655 4754; x_wconf 81' lang='lat' dir='ltr'>alia</span> <span class='ocrx_word' id='word_1_728' title='bbox 1671 4681 1911 4746; x_wconf 82' lang='lat' dir='ltr'>vita,hic</span> <span class='ocrx_word' id='word_1_729' title='bbox 1934 4683 2052 4754; x_wconf 91' lang='lat' dir='ltr'>pati</span> 
     </span>
    </p>
   </div>
   <div class='ocr_carea' id='block_1_94' title="bbox 405 4751 2056 4836">
    <p class='ocr_par' dir='ltr' id='par_1_94' title="bbox 405 4751 2056 4836">
     <span class='ocr_line' id='line_1_94' title="bbox 405 4751 2056 4836; baseline 0.002 -31"><span class='ocrx_word' id='word_1_730' title='bbox 405 4778 432 4805; x_wconf 83' lang='lat'><strong>«</strong></span> <span class='ocrx_word' id='word_1_731' title='bbox 463 4751 842 4836; x_wconf 54' lang='lat' dir='ltr'>supplicium.</span> <span class='ocrx_word' id='word_1_732' title='bbox 861 4774 886 4804; x_wconf 75' lang='grc' dir='ltr'><strong><em>ι</em></strong></span> <span class='ocrx_word' id='word_1_733' title='bbox 904 4751 1038 4809; x_wconf 64' lang='grc' dir='ltr'>’.Ιειῐη</span> <span class='ocrx_word' id='word_1_734' title='bbox 1153 4753 1314 4836; x_wconf 80' lang='lat' dir='ltr'>prius</span> <span class='ocrx_word' id='word_1_735' title='bbox 1337 4753 1515 4836; x_wconf 49' lang='lat' dir='ltr'>citata</span> <span class='ocrx_word' id='word_1_736' title='bbox 1535 4751 1712 4836; x_wconf 67' lang='lat' dir='ltr'>verba</span> <span class='ocrx_word' id='word_1_737' title='bbox 1736 4751 2056 4836; x_wconf 65' lang='lat' dir='ltr'>revertor,e</span> 
     </span>
    </p>
   </div>
   <div class='ocr_carea' id='block_1_95' title="bbox 405 4773 2055 4896">
    <p class='ocr_par' dir='ltr' id='par_1_95' title="bbox 405 4773 2055 4896">
     <span class='ocr_line' id='line_1_95' title="bbox 405 4773 2055 4881; baseline -0.001 -71"><span class='ocrx_word' id='word_1_738' title='bbox 405 4778 432 4805; x_wconf 73' lang='grc' dir='ltr'>ί(</span> <span class='ocrx_word' id='word_1_739' title='bbox 463 4773 842 4881; x_wconf 58' lang='grc' dir='ltr'>εαρξιιοιιιῐῐι.</span> <span class='ocrx_word' id='word_1_740' title='bbox 861 4774 886 4804; x_wconf 69' lang='grc'><strong>1</strong></span> <span class='ocrx_word' id='word_1_741' title='bbox 911 4773 1038 4809; x_wconf 82' lang='lat' dir='ltr'>Jam</span> <span class='ocrx_word' id='word_1_742' title='bbox 1061 4773 1134 4808; x_wconf 83' lang='lat' dir='ltr'>au</span> <span class='ocrx_word' id='word_1_743' title='bbox 1153 4773 1314 4824; x_wconf 79' lang='lat' dir='ltr'>prius</span> <span class='ocrx_word' id='word_1_744' title='bbox 1337 4773 1515 4806; x_wconf 71' lang='grc' dir='ltr'>(31ῐᾶῐᾶ</span> <span class='ocrx_word' id='word_1_745' title='bbox 1536 4773 1712 4832; x_wconf 64' lang='lat' dir='ltr'>verna.</span> <span class='ocrx_word' id='word_1_746' title='bbox 1736 4773 2055 4821; x_wconf 62' lang='lat' dir='ltr'>I&#39;CVBI‘EOI&#39;,8</span> 
     </span>
     <span class='ocr_line' id='line_1_96' title="bbox 405 4823 2055 4896; baseline 0 -16"><span class='ocrx_word' id='word_1_747' title='bbox 405 4849 431 4875; x_wconf 86' lang='lat'><strong>«</strong></span> <span class='ocrx_word' id='word_1_748' title='bbox 458 4844 556 4896; x_wconf 79' lang='lat' dir='ltr'>qui</span> <span class='ocrx_word' id='word_1_749' title='bbox 607 4843 674 4882; x_wconf 88' lang='lat' dir='ltr'>us</span> <span class='ocrx_word' id='word_1_750' title='bbox 697 4827 972 4881; x_wconf 87' lang='lat' dir='ltr'>Clemens</span> <span class='ocrx_word' id='word_1_751' title='bbox 995 4824 1240 4896; x_wconf 78' lang='lat' dir='ltr'>colligit,</span> <span class='ocrx_word' id='word_1_752' title='bbox 1267 4823 1422 4894; x_wconf 90' lang='lat' dir='ltr'>quod</span> <span class='ocrx_word' id='word_1_753' title='bbox 1447 4823 1735 4896; x_wconf 81' lang='lat' dir='ltr'>Basilides</span> <span class='ocrx_word' id='word_1_754' title='bbox 1756 4824 2055 4880; x_wconf 90' lang='lat' dir='ltr'>Christum</span> 
     </span>
    </p>
   </div>
   <div class='ocr_carea' id='block_1_96' title="bbox 404 4894 2057 4966">
    <p class='ocr_par' dir='ltr' id='par_1_96' title="bbox 404 4894 2057 4966">
     <span class='ocr_line' id='line_1_97' title="bbox 404 4894 2057 4966; baseline 0.001 -16"><span class='ocrx_word' id='word_1_755' title='bbox 404 4919 431 4946; x_wconf 89' lang='lat'><strong>«</strong></span> <span class='ocrx_word' id='word_1_756' title='bbox 451 4894 767 4952; x_wconf 88' lang='lat' dir='ltr'>Dominum</span> <span class='ocrx_word' id='word_1_757' title='bbox 781 4915 961 4952; x_wconf 86' lang='lat' dir='ltr'>ausus</span> <span class='ocrx_word' id='word_1_758' title='bbox 981 4894 1364 4951; x_wconf 82' lang='lat' dir='ltr'>fueritdicere</span> <span class='ocrx_word' id='word_1_759' title='bbox 1380 4894 1685 4949; x_wconf 89' lang='lat' dir='ltr'>hominem</span> <span class='ocrx_word' id='word_1_760' title='bbox 1704 4904 1944 4966; x_wconf 89' lang='lat' dir='ltr'>peccato</span> <span class='ocrx_word' id='word_1_761' title='bbox 1958 4897 2057 4952; x_wconf 83' lang='lat' dir='ltr'>ob-</span> 
     </span>
    </p>
   </div>
   <div class='ocr_carea' id='block_1_97' title="bbox 408 4967 2054 5039">
    <p class='ocr_par' dir='ltr' id='par_1_97' title="bbox 408 4967 2054 5039">
     <span class='ocr_line' id='line_1_98' title="bbox 408 4967 2054 5039; baseline 0.001 -17"><span class='ocrx_word' id='word_1_762' title='bbox 408 4990 435 5015; x_wconf 81' lang='grc' dir='ltr'>α</span> <span class='ocrx_word' id='word_1_763' title='bbox 465 4971 767 5031; x_wconf 84' lang='lat' dir='ltr'>noxium,»</span> <span class='ocrx_word' id='word_1_764' title='bbox 788 4970 871 5022; x_wconf 89' lang='lat' dir='ltr'>uti</span> <span class='ocrx_word' id='word_1_765' title='bbox 909 4987 964 5039; x_wconf 92' lang='lat' dir='ltr'>p.</span> <span class='ocrx_word' id='word_1_766' title='bbox 997 4971 1098 5021; x_wconf 67' lang='lat'><strong>507</strong></span> <span class='ocrx_word' id='word_1_767' title='bbox 1133 4967 1377 5022; x_wconf 86' lang='lat' dir='ltr'>notavit.</span> <span class='ocrx_word' id='word_1_768' title='bbox 1409 4968 1537 5020; x_wconf 85' lang='lat' dir='ltr'>Jam</span> <span class='ocrx_word' id='word_1_769' title='bbox 1570 4982 1637 5039; x_wconf 80' lang='lat' dir='ltr'>ea</span> <span class='ocrx_word' id='word_1_770' title='bbox 1669 4967 1909 5039; x_wconf 88' lang='lat' dir='ltr'>quidem</span> <span class='ocrx_word' id='word_1_771' title='bbox 1943 4969 2054 5023; x_wconf 87' lang='lat' dir='ltr'>hoc</span> 
     </span>
    </p>
   </div>
   <div class='ocr_carea' id='block_1_98' title="bbox 401 5037 2053 5108">
    <p class='ocr_par' dir='ltr' id='par_1_98' title="bbox 401 5037 2053 5108">
     <span class='ocr_line' id='line_1_99' title="bbox 401 5037 2053 5108; baseline 0.002 -17"><span class='ocrx_word' id='word_1_772' title='bbox 401 5039 559 5093; x_wconf 90' lang='lat' dir='ltr'>haud</span> <span class='ocrx_word' id='word_1_773' title='bbox 591 5039 746 5094; x_wconf 91' lang='lat' dir='ltr'>clare</span> <span class='ocrx_word' id='word_1_774' title='bbox 782 5037 1166 5108; x_wconf 81' lang='lat' dir='ltr'>eloquuntur.</span> <span class='ocrx_word' id='word_1_775' title='bbox 1208 5039 1326 5092; x_wconf 92' lang='lat' dir='ltr'>imo</span> <span class='ocrx_word' id='word_1_776' title='bbox 1360 5055 1434 5092; x_wconf 89' lang='lat' dir='ltr'>ne</span> <span class='ocrx_word' id='word_1_777' title='bbox 1493 5037 1736 5106; x_wconf 88' lang='lat' dir='ltr'>quidem</span> <span class='ocrx_word' id='word_1_778' title='bbox 1767 5038 2053 5094; x_wconf 83' lang='lat' dir='ltr'>disertam</span> 
     </span>
    </p>
   </div>
   <div class='ocr_carea' id='block_1_99' title="bbox 365 5109 2052 5183">
    <p class='ocr_par' dir='ltr' id='par_1_99' title="bbox 365 5109 2052 5183">
     <span class='ocr_line' id='line_1_100' title="bbox 365 5109 2052 5183; baseline 0.002 -20"><span class='ocrx_word' id='word_1_779' title='bbox 365 5158 370 5163; x_wconf 94' lang='lat'>.</span> <span class='ocrx_word' id='word_1_780' title='bbox 399 5109 723 5183; x_wconf 82' lang='lat' dir='ltr'>Servatoris</span> <span class='ocrx_word' id='word_1_781' title='bbox 753 5111 1121 5183; x_wconf 81' lang='lat' dir='ltr'>mentionem</span> <span class='ocrx_word' id='word_1_782' title='bbox 1147 5110 1424 5183; x_wconf 67' lang='lat' dir='ltr'>faciunt;</span> <span class='ocrx_word' id='word_1_783' title='bbox 1489 5125 1690 5183; x_wconf 67' lang='lat' dir='ltr'>verum</span> <span class='ocrx_word' id='word_1_784' title='bbox 1724 5126 1793 5164; x_wconf 91' lang='lat' dir='ltr'>ex</span> <span class='ocrx_word' id='word_1_785' title='bbox 1825 5111 2052 5183; x_wconf 82' lang='lat' dir='ltr'>integro</span> 
     </span>
    </p>
   </div>
   <div class='ocr_carea' id='block_1_100' title="bbox 394 5175 2052 5252">
    <p class='ocr_par' dir='ltr' id='par_1_100' title="bbox 394 5175 2052 5252">
     <span class='ocr_line' id='line_1_101' title="bbox 394 5175 2052 5252; baseline -0.002 -17"><span class='ocrx_word' id='word_1_786' title='bbox 394 5181 546 5252; x_wconf 78' lang='lat' dir='ltr'>forte</span> <span class='ocrx_word' id='word_1_787' title='bbox 573 5185 847 5252; x_wconf 87' lang='lat' dir='ltr'>contextu</span> <span class='ocrx_word' id='word_1_788' title='bbox 869 5180 1158 5252; x_wconf 88' lang='lat' dir='ltr'>Clementi</span> <span class='ocrx_word' id='word_1_789' title='bbox 1180 5181 1402 5252; x_wconf 82' lang='lat' dir='ltr'>patuit,</span> <span class='ocrx_word' id='word_1_790' title='bbox 1433 5175 1862 5252; x_wconf 71' lang='lat' dir='ltr'>peréz&#39;vepmnov,</span> <span class='ocrx_word' id='word_1_791' title='bbox 1889 5175 2052 5235; x_wconf 74' lang='grc' dir='ltr'>δνσῖιν⁹</span> 
     </span>
    </p>
   </div>
   <div class='ocr_carea' id='block_1_101' title="bbox 397 5249 2051 5324">
    <p class='ocr_par' dir='ltr' id='par_1_101' title="bbox 397 5249 2051 5324">
     <span class='ocr_line' id='line_1_102' title="bbox 397 5249 2051 5324; baseline 0.004 -20"><span class='ocrx_word' id='word_1_792' title='bbox 397 5249 455 5306; x_wconf 68' lang='grc' dir='ltr'>ἓν</span> <span class='ocrx_word' id='word_1_793' title='bbox 491 5251 790 5324; x_wconf 74' lang='grc' dir='ltr'>ὀνομάσῃς,</span> <span class='ocrx_word' id='word_1_794' title='bbox 825 5251 1023 5306; x_wconf 88' lang='lat' dir='ltr'>insum</span> <span class='ocrx_word' id='word_1_795' title='bbox 1056 5249 1354 5304; x_wconf 79' lang='lat' dir='ltr'>ChriStum</span> <span class='ocrx_word' id='word_1_796' title='bbox 1382 5249 1700 5305; x_wconf 87' lang='lat' dir='ltr'>Dominum</span> <span class='ocrx_word' id='word_1_797' title='bbox 1732 5270 1766 5307; x_wconf 84' lang='lat' dir='ltr'>a</span> <span class='ocrx_word' id='word_1_798' title='bbox 1796 5249 2051 5310; x_wconf 88' lang='lat' dir='ltr'>Basilide</span> 
     </span>
    </p>
   </div>
   <div class='ocr_carea' id='block_1_102' title="bbox 393 5325 904 5394">
    <p class='ocr_par' dir='ltr' id='par_1_102' title="bbox 393 5325 904 5394">
     <span class='ocr_line' id='line_1_103' title="bbox 393 5325 904 5394; baseline -0.008 -15"><span class='ocrx_word' id='word_1_799' title='bbox 393 5340 523 5381; x_wconf 90' lang='lat' dir='ltr'>esse</span> <span class='ocrx_word' id='word_1_800' title='bbox 545 5325 904 5394; x_wconf 80' lang='lat' dir='ltr'>indignatm.</span> 
     </span>
    </p>
   </div>
   <div class='ocr_carea' id='block_1_103' title="bbox 471 5390 2051 5478">
    <p class='ocr_par' dir='ltr' id='par_1_103' title="bbox 471 5390 2051 5478">
     <span class='ocr_line' id='line_1_104' title="bbox 471 5390 2051 5478; baseline 0.009 -43"><span class='ocrx_word' id='word_1_801' title='bbox 471 5399 582 5465; x_wconf 71' lang='grc'>(64)</span> <span class='ocrx_word' id='word_1_802' title='bbox 644 5390 930 5478; x_wconf 35' lang='grc' dir='ltr'>Ἐνὲργῷςυ</span> <span class='ocrx_word' id='word_1_803' title='bbox 1003 5391 1100 5463; x_wconf 69' lang='grc' dir='ltr'>μὲν</span> <span class='ocrx_word' id='word_1_804' title='bbox 1189 5391 1303 5478; x_wconf 55' lang='grc' dir='ltr'>οὐχἲ</span> <span class='ocrx_word' id='word_1_805' title='bbox 1386 5390 1709 5478; x_wconf 60' lang='grc' dir='ltr'>ἦμαρτηκὸς</span> <span class='ocrx_word' id='word_1_806' title='bbox 1786 5391 1939 5448; x_wconf 65' lang='grc' dir='ltr'>οὐδὲν</span> <span class='ocrx_word' id='word_1_807' title='bbox 1999 5394 2051 5450; x_wconf 78' lang='grc' dir='ltr'>ἐν</span> 
     </span>
    </p>
   </div>
   <div class='ocr_carea' id='block_1_104' title="bbox 389 5463 2051 5539">
    <p class='ocr_par' dir='ltr' id='par_1_104' title="bbox 389 5463 2051 5539">
     <span class='ocr_line' id='line_1_105' title="bbox 389 5463 2051 5539; baseline -0.003 -15"><span class='ocrx_word' id='word_1_808' title='bbox 389 5463 585 5539; x_wconf 77' lang='grc' dir='ltr'>ἐαυτῷ,</span> <span class='ocrx_word' id='word_1_809' title='bbox 615 5471 694 5537; x_wconf 76' lang='grc' dir='ltr'>τῷ</span> <span class='ocrx_word' id='word_1_810' title='bbox 725 5463 781 5520; x_wconf 68' lang='grc' dir='ltr'>δὲ</span> <span class='ocrx_word' id='word_1_811' title='bbox 811 5463 872 5539; x_wconf 72' lang='grc' dir='ltr'>το</span> <span class='ocrx_word' id='word_1_812' title='bbox 907 5465 1218 5539; x_wconf 72' lang='grc' dir='ltr'>άμαρτῆσαι</span> <span class='ocrx_word' id='word_1_813' title='bbox 1279 5463 1432 5539; x_wconf 39' lang='grc' dir='ltr'>ἕχον..</span> <span class='ocrx_word' id='word_1_814' title='bbox 1470 5464 1812 5539; x_wconf 62' lang='lat' dir='ltr'>Corruptus</span> <span class='ocrx_word' id='word_1_815' title='bbox 1835 5475 1922 5522; x_wconf 88' lang='lat' dir='ltr'>est</span> <span class='ocrx_word' id='word_1_816' title='bbox 1955 5469 2051 5524; x_wconf 89' lang='lat' dir='ltr'>hic</span> 
     </span>
    </p>
   </div>
   <div class='ocr_carea' id='block_1_105' title="bbox 389 5533 2044 5661">
    <p class='ocr_par' dir='ltr' id='par_1_105' title="bbox 389 5533 2044 5661">
     <span class='ocr_line' id='line_1_106' title="bbox 389 5533 2044 5661; baseline -0.003 -64"><span class='ocrx_word' id='word_1_817' title='bbox 389 5533 696 5606; x_wconf 73' lang='lat' dir='ltr'>locus,nec</span> <span class='ocrx_word' id='word_1_818' title='bbox 717 5533 956 5611; x_wconf 87' lang='lat' dir='ltr'>penitus</span> <span class='ocrx_word' id='word_1_819' title='bbox 980 5537 1126 5591; x_wconf 87' lang='lat' dir='ltr'>mihi</span> <span class='ocrx_word' id='word_1_820' title='bbox 1151 5533 1347 5625; x_wconf 81' lang='lat' dir='ltr'>placet</span> <span class='ocrx_word' id='word_1_821' title='bbox 1366 5533 2044 5661; x_wconf 54' lang='lat' dir='ltr'>Cl.Grabiicongectura.</span> 
     </span>
     <span class='ocr_line' id='line_1_107' title="bbox 391 5602 2044 5661; baseline 0 0"><span class='ocrx_word' id='word_1_822' title='bbox 391 5613 612 5661; x_wconf 82' lang='lat' dir='ltr'>Malim.</span> <span class='ocrx_word' id='word_1_823' title='bbox 664 5609 892 5661; x_wconf 75' lang='grc' dir='ltr'>ἐνεργῶς</span> <span class='ocrx_word' id='word_1_824' title='bbox 955 5607 1048 5661; x_wconf 70' lang='grc' dir='ltr'>μὶν</span> <span class='ocrx_word' id='word_1_825' title='bbox 1111 5625 1212 5661; x_wconf 84' lang='grc' dir='ltr'>ουγ</span> <span class='ocrx_word' id='word_1_826' title='bbox 1255 5603 1545 5661; x_wconf 69' lang='grc' dir='ltr'>ἢματηκὸς</span> <span class='ocrx_word' id='word_1_827' title='bbox 1575 5602 1752 5661; x_wconf 77' lang='grc' dir='ltr'>ούοὲν.</span> <span class='ocrx_word' id='word_1_828' title='bbox 1813 5629 1839 5660; x_wconf 88' lang='grc' dir='ltr'>ν</span> <span class='ocrx_word' id='word_1_829' title='bbox 1874 5608 2044 5661; x_wconf 76' lang='grc' dir='ltr'>ἑαυτῶ</span> 
     </span>
    </p>
   </div>
   <div class='ocr_carea' id='block_1_106' title="bbox 390 5602 2048 5684">
    <p class='ocr_par' dir='ltr' id='par_1_106' title="bbox 390 5602 2048 5684">
     <span class='ocr_line' id='line_1_108' title="bbox 390 5602 2048 5684; baseline -0.002 -17"><span class='ocrx_word' id='word_1_830' title='bbox 390 5602 612 5684; x_wconf 64' lang='lat' dir='ltr'>Malim,</span> <span class='ocrx_word' id='word_1_831' title='bbox 638 5602 892 5684; x_wconf 22' lang='grc' dir='ltr'>,ἐνεργῶς</span> <span class='ocrx_word' id='word_1_832' title='bbox 955 5607 1048 5684; x_wconf 57' lang='grc' dir='ltr'>μεν</span> <span class='ocrx_word' id='word_1_833' title='bbox 1111 5602 1226 5681; x_wconf 29' lang='grc' dir='ltr'>ούχ-</span> <span class='ocrx_word' id='word_1_834' title='bbox 1255 5602 1752 5684; x_wconf 17' lang='grc' dir='ltr'>ἡματηκὸςρούδὲν,</span> <span class='ocrx_word' id='word_1_835' title='bbox 1774 5602 1839 5684; x_wconf 43' lang='grc' dir='ltr'>-ἱν</span> <span class='ocrx_word' id='word_1_836' title='bbox 1874 5608 2048 5683; x_wconf 77' lang='grc' dir='ltr'>ἑαυτῷ</span> 
     </span>
    </p>
   </div>
   <div class='ocr_carea' id='block_1_107' title="bbox 390 5674 2046 5754">
    <p class='ocr_par' dir='ltr' id='par_1_107' title="bbox 390 5674 2046 5754">
     <span class='ocr_line' id='line_1_109' title="bbox 390 5674 2046 5754; baseline 0.002 -18"><span class='ocrx_word' id='word_1_837' title='bbox 390 5681 450 5737; x_wconf 79' lang='grc' dir='ltr'>δὶ</span> <span class='ocrx_word' id='word_1_838' title='bbox 503 5681 567 5736; x_wconf 79' lang='grc' dir='ltr'>τὸ</span> <span class='ocrx_word' id='word_1_839' title='bbox 597 5674 964 5754; x_wconf 52' lang='grc' dir='ltr'>’ἁμαρτῆσαν</span> <span class='ocrx_word' id='word_1_840' title='bbox 1003 5674 1154 5752; x_wconf 76' lang='grc' dir='ltr'>ἔχονο</span> <span class='ocrx_word' id='word_1_841' title='bbox 1180 5674 1244 5730; x_wconf 52' lang='grc' dir='ltr'>’Ἧι</span> <span class='ocrx_word' id='word_1_842' title='bbox 1281 5674 1452 5750; x_wconf 76' lang='lat' dir='ltr'>quod</span> <span class='ocrx_word' id='word_1_843' title='bbox 1483 5681 1616 5732; x_wconf 86' lang='lat' dir='ltr'>actu</span> <span class='ocrx_word' id='word_1_844' title='bbox 1647 5677 1892 5748; x_wconf 84' lang='lat' dir='ltr'>quidem</span> <span class='ocrx_word' id='word_1_845' title='bbox 1924 5674 2046 5739; x_wconf 75' lang='grc' dir='ltr'>Ποὸ</span> 
     </span>
    </p>
   </div>
   <div class='ocr_carea' id='block_1_108' title="bbox 2169 4253 3817 4336">
    <p class='ocr_par' dir='ltr' id='par_1_108' title="bbox 2169 4253 3817 4336">
     <span class='ocr_line' id='line_1_110' title="bbox 2169 4253 3817 4336; baseline 0.002 -29"><span class='ocrx_word' id='word_1_846' title='bbox 2169 4255 2450 4336; x_wconf 73' lang='lat' dir='ltr'>peccavit,</span> <span class='ocrx_word' id='word_1_847' title='bbox 2481 4253 2583 4309; x_wconf 93' lang='lat' dir='ltr'>sed</span> <span class='ocrx_word' id='word_1_848' title='bbox 2604 4255 2673 4336; x_wconf 74' lang='lat' dir='ltr'>in</span> <span class='ocrx_word' id='word_1_849' title='bbox 2706 4271 2768 4310; x_wconf 89' lang='lat' dir='ltr'>se</span> <span class='ocrx_word' id='word_1_850' title='bbox 2798 4254 2879 4321; x_wconf 90' lang='lat' dir='ltr'>id,</span> <span class='ocrx_word' id='word_1_851' title='bbox 2903 4254 3376 4336; x_wconf 41' lang='lat' dir='ltr'>quod‘peccavit,</span> <span class='ocrx_word' id='word_1_852' title='bbox 3405 4255 3582 4336; x_wconf 84' lang='lat' dir='ltr'>habet</span> <span class='ocrx_word' id='word_1_853' title='bbox 3608 4273 3622 4310; x_wconf 90' lang='lat'>:</span> <span class='ocrx_word' id='word_1_854' title='bbox 3659 4255 3817 4336; x_wconf 76' lang='lat' dir='ltr'>scili-</span> 
     </span>
    </p>
   </div>
   <div class='ocr_carea' id='block_1_109' title="bbox 2167 4326 3815 4383">
    <p class='ocr_par' dir='ltr' id='par_1_109' title="bbox 2167 4326 3815 4383">
     <span class='ocr_line' id='line_1_111' title="bbox 2167 4326 3815 4383; baseline 0.002 -5"><span class='ocrx_word' id='word_1_855' title='bbox 2167 4331 2260 4378; x_wconf 89' lang='lat' dir='ltr'>cet</span> <span class='ocrx_word' id='word_1_856' title='bbox 2288 4326 2570 4380; x_wconf 84' lang='lat' dir='ltr'>animam.</span> <span class='ocrx_word' id='word_1_857' title='bbox 2604 4329 2748 4382; x_wconf 87' lang='lat' dir='ltr'>Nam</span> <span class='ocrx_word' id='word_1_858' title='bbox 2805 4343 2877 4381; x_wconf 84' lang='lat' dir='ltr'>ex</span> <span class='ocrx_word' id='word_1_859' title='bbox 2937 4326 3206 4383; x_wconf 62' lang='lat' dir='ltr'>Basiliden</span> <span class='ocrx_word' id='word_1_860' title='bbox 3247 4329 3566 4382; x_wconf 88' lang='lat' dir='ltr'>sententia.</span> <span class='ocrx_word' id='word_1_861' title='bbox 3598 4329 3815 4383; x_wconf 67' lang='lat' dir='ltr'>anima:</span> 
     </span>
    </p>
   </div>
   <div class='ocr_carea' id='block_1_110' title="bbox 2165 4398 3813 4476">
    <p class='ocr_par' dir='ltr' id='par_1_110' title="bbox 2165 4398 3813 4476">
     <span class='ocr_line' id='line_1_112' title="bbox 2165 4398 3813 4476; baseline 0.002 -25"><span class='ocrx_word' id='word_1_862' title='bbox 2165 4413 2297 4476; x_wconf 76' lang='lat' dir='ltr'>quas</span> <span class='ocrx_word' id='word_1_863' title='bbox 2324 4398 2490 4476; x_wconf 79' lang='lat' dir='ltr'>prius</span> <span class='ocrx_word' id='word_1_864' title='bbox 2521 4399 2582 4476; x_wconf 81' lang='lat' dir='ltr'>in</span> <span class='ocrx_word' id='word_1_865' title='bbox 2613 4398 2731 4476; x_wconf 66' lang='lat' dir='ltr'>alia</span> <span class='ocrx_word' id='word_1_866' title='bbox 2760 4399 2878 4452; x_wconf 88' lang='lat' dir='ltr'>vita</span> <span class='ocrx_word' id='word_1_867' title='bbox 2909 4404 3277 4476; x_wconf 75' lang='lat' dir='ltr'>peccassent,</span> <span class='ocrx_word' id='word_1_868' title='bbox 3309 4399 3658 4476; x_wconf 64' lang='lat' dir='ltr'>hic_paa_nas_</span> <span class='ocrx_word' id='word_1_869' title='bbox 3677 4416 3813 4476; x_wconf 69' lang='lat' dir='ltr'>sus:</span> 
     </span>
    </p>
   </div>
   <div class='ocr_carea' id='block_1_111' title="bbox 2165 4466 3815 4541">
    <p class='ocr_par' dir='ltr' id='par_1_111' title="bbox 2165 4466 3815 4541">
     <span class='ocr_line' id='line_1_113' title="bbox 2165 4466 3815 4541; baseline 0.002 -20"><span class='ocrx_word' id='word_1_870' title='bbox 2165 4466 2603 4541; x_wconf 67' lang='lat' dir='ltr'>tinent._Unde</span> <span class='ocrx_word' id='word_1_871' title='bbox 2631 4466 2932 4541; x_wconf 74' lang='lat' dir='ltr'>Clemens</span> <span class='ocrx_word' id='word_1_872' title='bbox 2991 4469 3166 4541; x_wconf 91' lang='lat' dir='ltr'>paulo</span> <span class='ocrx_word' id='word_1_873' title='bbox 3219 4476 3354 4541; x_wconf 89' lang='lat' dir='ltr'>post</span> <span class='ocrx_word' id='word_1_874' title='bbox 3382 4466 3466 4526; x_wconf 74' lang='lat' dir='ltr'>ait</span> <span class='ocrx_word' id='word_1_875' title='bbox 3490 4488 3504 4526; x_wconf 89' lang='lat'>:</span> <span class='ocrx_word' id='word_1_876' title='bbox 3535 4466 3714 4524; x_wconf 68' lang='grc' dir='ltr'>Ἀλλὰ</span> <span class='ocrx_word' id='word_1_877' title='bbox 3740 4470 3815 4541; x_wconf 77' lang='grc' dir='ltr'>τῷ</span> 
     </span>
    </p>
   </div>
   <div class='ocr_carea' id='block_1_112' title="bbox 2166 4535 3813 4618">
    <p class='ocr_par' dir='ltr' id='par_1_112' title="bbox 2166 4535 3813 4618">
     <span class='ocr_line' id='line_1_114' title="bbox 2166 4535 3813 4618; baseline 0.002 -27"><span class='ocrx_word' id='word_1_878' title='bbox 2166 4535 2484 4618; x_wconf 34' lang='grc' dir='ltr'>βασιιλείιδῃ.</span> <span class='ocrx_word' id='word_1_879' title='bbox 2623 4539 2889 4618; x_wconf 38' lang='grc' dir='ltr'>ὑπόθεσις-</span> <span class='ocrx_word' id='word_1_880' title='bbox 2939 4535 3442 4618; x_wconf 65' lang='grc' dir='ltr'>προαμαρσξησασάν</span> <span class='ocrx_word' id='word_1_881' title='bbox 3527 4535 3813 4618; x_wconf 39' lang='lat'><strong>930016,;</strong></span> 
     </span>
    </p>
   </div>
   <div class='ocr_carea' id='block_1_113' title="bbox 2165 4609 3812 4685">
    <p class='ocr_par' dir='ltr' id='par_1_113' title="bbox 2165 4609 3812 4685">
     <span class='ocr_line' id='line_1_115' title="bbox 2165 4609 3812 4685; baseline 0.004 -23"><span class='ocrx_word' id='word_1_882' title='bbox 2165 4611 2350 4685; x_wconf 69' lang='grc' dir='ltr'>ψυχὴν</span> <span class='ocrx_word' id='word_1_883' title='bbox 2385 4609 2639 4685; x_wconf 74' lang='grc' dir='ltr'>ἐν’ἒτέρῳ</span> <span class='ocrx_word' id='word_1_884' title='bbox 2675 4609 2802 4684; x_wconf 83' lang='grc' dir='ltr'>βίῷ,</span> <span class='ocrx_word' id='word_1_885' title='bbox 2831 4612 2932 4678; x_wconf 81' lang='grc' dir='ltr'>τὴν</span> <span class='ocrx_word' id='word_1_886' title='bbox 2982 4609 3208 4666; x_wconf 70' lang='grc' dir='ltr'>κόλασιν</span> <span class='ocrx_word' id='word_1_887' title='bbox 3243 4609 3812 4684; x_wconf 70' lang='grc' dir='ltr'>ὑπομένειν’ἐνταῦθα.</span> 
     </span>
    </p>
   </div>
   <div class='ocr_carea' id='block_1_114' title="bbox 2165 4683 3814 4756">
    <p class='ocr_par' dir='ltr' id='par_1_114' title="bbox 2165 4683 3814 4756">
     <span class='ocr_line' id='line_1_116' title="bbox 2165 4683 3814 4756; baseline 0.005 -24"><span class='ocrx_word' id='word_1_888' title='bbox 2165 4704 2193 4732; x_wconf 80' lang='grc' dir='ltr'>α</span> <span class='ocrx_word' id='word_1_889' title='bbox 2229 4683 2340 4756; x_wconf 86' lang='lat' dir='ltr'>Sed</span> <span class='ocrx_word' id='word_1_890' title='bbox 2365 4683 2701 4756; x_wconf 82' lang='lat' dir='ltr'>secundum</span> <span class='ocrx_word' id='word_1_891' title='bbox 2732 4685 3006 4739; x_wconf 68' lang='lat' dir='ltr'>Basilidaa</span> <span class='ocrx_word' id='word_1_892' title='bbox 3037 4683 3420 4755; x_wconf 83' lang='lat' dir='ltr'>hypothesin.</span> <span class='ocrx_word' id='word_1_893' title='bbox 3448 4686 3654 4740; x_wconf 85' lang='lat' dir='ltr'>anima</span> <span class='ocrx_word' id='word_1_894' title='bbox 3684 4702 3814 4756; x_wconf 68' lang='lat' dir='ltr'>quae</span> 
     </span>
    </p>
   </div>
   <div class='ocr_carea' id='block_1_115' title="bbox 2165 4754 3813 4828">
    <p class='ocr_par' dir='ltr' id='par_1_115' title="bbox 2165 4754 3813 4828">
     <span class='ocr_line' id='line_1_117' title="bbox 2165 4754 3813 4828; baseline 0.003 -21"><span class='ocrx_word' id='word_1_895' title='bbox 2165 4754 2329 4828; x_wconf 81' lang='lat' dir='ltr'>prius</span> <span class='ocrx_word' id='word_1_896' title='bbox 2360 4754 2638 4828; x_wconf 15' lang='lat' dir='ltr'>inialtera</span> <span class='ocrx_word' id='word_1_897' title='bbox 2667 4756 2782 4810; x_wconf 90' lang='lat' dir='ltr'>vita</span> <span class='ocrx_word' id='word_1_898' title='bbox 2813 4754 3175 4826; x_wconf 84' lang='lat' dir='ltr'>peccaverat,</span> <span class='ocrx_word' id='word_1_899' title='bbox 3199 4757 3298 4812; x_wconf 89' lang='lat' dir='ltr'>hic</span> <span class='ocrx_word' id='word_1_900' title='bbox 3320 4757 3682 4828; x_wconf 88' lang='lat' dir='ltr'>supplicium</span> <span class='ocrx_word' id='word_1_901' title='bbox 3703 4754 3813 4828; x_wconf 47' lang='lat' dir='ltr'>&#39;pa-</span> 
     </span>
    </p>
   </div>
   <div class='ocr_carea' id='block_1_116' title="bbox 2164 4826 3813 4898">
    <p class='ocr_par' dir='ltr' id='par_1_116' title="bbox 2164 4826 3813 4898">
     <span class='ocr_line' id='line_1_118' title="bbox 2164 4826 3813 4898; baseline 0.002 -20"><span class='ocrx_word' id='word_1_902' title='bbox 2164 4826 2328 4898; x_wconf 83' lang='lat' dir='ltr'>titur.</span> <span class='ocrx_word' id='word_1_903' title='bbox 2366 4849 2391 4874; x_wconf 87' lang='grc'>››</span> <span class='ocrx_word' id='word_1_904' title='bbox 2425 4827 2707 4898; x_wconf 85' lang='lat' dir='ltr'>Similiter</span> <span class='ocrx_word' id='word_1_905' title='bbox 2737 4828 3012 4898; x_wconf 88' lang='lat' dir='ltr'>superius</span> <span class='ocrx_word' id='word_1_906' title='bbox 3033 4829 3105 4882; x_wconf 87' lang='lat' dir='ltr'>de</span> <span class='ocrx_word' id='word_1_907' title='bbox 3126 4828 3278 4883; x_wconf 84' lang='lat' dir='ltr'>Julio</span> <span class='ocrx_word' id='word_1_908' title='bbox 3298 4826 3577 4884; x_wconf 79' lang='lat' dir='ltr'>Cassiano</span> <span class='ocrx_word' id='word_1_909' title='bbox 3603 4826 3813 4898; x_wconf 75' lang='lat' dir='ltr'>Valen-</span> 
     </span>
    </p>
   </div>
   <div class='ocr_carea' id='block_1_117' title="bbox 2165 4896 3808 4973">
    <p class='ocr_par' dir='ltr' id='par_1_117' title="bbox 2165 4896 3808 4973">
     <span class='ocr_line' id='line_1_119' title="bbox 2165 4896 3808 4973; baseline 0.001 -23"><span class='ocrx_word' id='word_1_910' title='bbox 2165 4896 2396 4973; x_wconf 71' lang='lat' dir='ltr'>tiniano</span> <span class='ocrx_word' id='word_1_911' title='bbox 2429 4897 2597 4973; x_wconf 66' lang='lat' dir='ltr'>dixit,</span> <span class='ocrx_word' id='word_1_912' title='bbox 2629 4896 2834 4973; x_wconf 68' lang='lat' dir='ltr'>Strqu</span> <span class='ocrx_word' id='word_1_913' title='bbox 2895 4916 2981 4967; x_wconf 81' lang='lat' dir='ltr'>ni,</span> <span class='ocrx_word' id='word_1_914' title='bbox 3020 4915 3166 4973; x_wconf 76' lang='lat' dir='ltr'>pag.</span> <span class='ocrx_word' id='word_1_915' title='bbox 3230 4901 3372 4973; x_wconf 75' lang='lat'>553;</span> <span class='ocrx_word' id='word_1_916' title='bbox 3421 4899 3664 4973; x_wconf 67' lang='grc' dir='ltr'>ἹῙγξῖται</span> <span class='ocrx_word' id='word_1_917' title='bbox 3696 4896 3808 4973; x_wconf 68' lang='grc' dir='ltr'>8ξὸ</span> 
     </span>
    </p>
   </div>
   <div class='ocr_carea' id='block_1_118' title="bbox 2203 4966 3806 5039">
    <p class='ocr_par' dir='ltr' id='par_1_118' title="bbox 2203 4966 3806 5039">
     <span class='ocr_line' id='line_1_120' title="bbox 2203 4966 3806 5039; baseline 0.001 -21"><span class='ocrx_word' id='word_1_918' title='bbox 2203 4971 2410 5029; x_wconf 83' lang='grc' dir='ltr'>ενναῖος</span> <span class='ocrx_word' id='word_1_919' title='bbox 2462 4967 2650 5039; x_wconf 30' lang='grc' dir='ltr'>οὗτος,</span> <span class='ocrx_word' id='word_1_920' title='bbox 2703 4966 3224 5039; x_wconf 65' lang='grc' dir='ltr'>Πλατωνικώτερον,</span> <span class='ocrx_word' id='word_1_921' title='bbox 3284 4970 3430 5033; x_wconf 87' lang='grc' dir='ltr'>θείαν</span> <span class='ocrx_word' id='word_1_922' title='bbox 3493 4966 3654 5023; x_wconf 79' lang='grc' dir='ltr'>οὖσαν</span> <span class='ocrx_word' id='word_1_923' title='bbox 3710 4971 3806 5033; x_wconf 73' lang='grc' dir='ltr'>τὴν</span> 
     </span>
    </p>
   </div>
   <div class='ocr_carea' id='block_1_119' title="bbox 2162 5036 3807 5124">
    <p class='ocr_par' dir='ltr' id='par_1_119' title="bbox 2162 5036 3807 5124">
     <span class='ocr_line' id='line_1_121' title="bbox 2162 5036 3807 5124; baseline 0.002 -34"><span class='ocrx_word' id='word_1_924' title='bbox 2162 5036 2346 5124; x_wconf 63' lang='grc' dir='ltr'>ψυχήν</span> <span class='ocrx_word' id='word_1_925' title='bbox 2380 5039 2602 5124; x_wconf 67' lang='grc' dir='ltr'>ἄνωθεν,</span> <span class='ocrx_word' id='word_1_926' title='bbox 2635 5036 2892 5124; x_wconf 58' lang='grc' dir='ltr'>ἐπιθυμία</span> <span class='ocrx_word' id='word_1_927' title='bbox 2923 5036 3306 5123; x_wconf 54' lang='grc' dir='ltr'>θηλυνοεῖσαν</span> <span class='ocrx_word' id='word_1_928' title='bbox 3358 5039 3517 5124; x_wconf 67' lang='grc' dir='ltr'>δεῦρο</span> <span class='ocrx_word' id='word_1_929' title='bbox 3547 5039 3701 5124; x_wconf 65' lang='grc' dir='ltr'>ἥκειν</span> <span class='ocrx_word' id='word_1_930' title='bbox 3735 5040 3807 5102; x_wconf 75' lang='grc' dir='ltr'>εἰς</span> 
     </span>
    </p>
   </div>
   <div class='ocr_carea' id='block_1_120' title="bbox 2160 5109 3808 5186">
    <p class='ocr_par' dir='ltr' id='par_1_120' title="bbox 2160 5109 3808 5186">
     <span class='ocr_line' id='line_1_122' title="bbox 2160 5109 3808 5186; baseline 0.004 -24"><span class='ocrx_word' id='word_1_931' title='bbox 2160 5109 2361 5186; x_wconf 57' lang='grc' dir='ltr'>γένεσιν</span> <span class='ocrx_word' id='word_1_932' title='bbox 2394 5109 2483 5186; x_wconf 77' lang='grc' dir='ltr'>καὶ</span> <span class='ocrx_word' id='word_1_933' title='bbox 2516 5110 2737 5186; x_wconf 72' lang='grc' dir='ltr'>φθοράν.</span> <span class='ocrx_word' id='word_1_934' title='bbox 2777 5109 2805 5162; x_wconf 74' lang='grc' dir='ltr'>ι’</span> <span class='ocrx_word' id='word_1_935' title='bbox 2835 5113 3146 5186; x_wconf 82' lang='lat' dir='ltr'>Existimat</span> <span class='ocrx_word' id='word_1_936' title='bbox 3176 5120 3374 5169; x_wconf 90' lang='lat' dir='ltr'>autem</span> <span class='ocrx_word' id='word_1_937' title='bbox 3410 5109 3506 5170; x_wconf 85' lang='lat' dir='ltr'>hic</span> <span class='ocrx_word' id='word_1_938' title='bbox 3547 5115 3636 5169; x_wconf 91' lang='lat' dir='ltr'>vir</span> <span class='ocrx_word' id='word_1_939' title='bbox 3663 5131 3808 5185; x_wconf 64' lang='lat' dir='ltr'>pra:-</span> 
     </span>
    </p>
   </div>
   <div class='ocr_carea' id='block_1_121' title="bbox 2162 5181 3804 5265">
    <p class='ocr_par' dir='ltr' id='par_1_121' title="bbox 2162 5181 3804 5265">
     <span class='ocr_line' id='line_1_123' title="bbox 2162 5181 3804 5265; baseline 0.003 -29"><span class='ocrx_word' id='word_1_940' title='bbox 2162 5181 2358 5263; x_wconf 75' lang='lat' dir='ltr'>CIarus</span> <span class='ocrx_word' id='word_1_941' title='bbox 2388 5181 2543 5265; x_wconf 62' lang='lat' dir='ltr'>plus3</span> <span class='ocrx_word' id='word_1_942' title='bbox 2573 5181 2750 5265; x_wconf 88' lang='lat' dir='ltr'>quam</span> <span class='ocrx_word' id='word_1_943' title='bbox 2772 5200 2879 5265; x_wconf 83' lang='lat' dir='ltr'>par</span> <span class='ocrx_word' id='word_1_944' title='bbox 2901 5185 2999 5250; x_wconf 88' lang='lat' dir='ltr'>sit,</span> <span class='ocrx_word' id='word_1_945' title='bbox 3025 5185 3344 5265; x_wconf 53' lang='lat' dir='ltr'>Platonica,</span> <span class='ocrx_word' id='word_1_946' title='bbox 3368 5181 3804 5265; x_wconf 35' lang='lat' dir='ltr'>animalia-cum</span> 
     </span>
    </p>
   </div>
   <div class='ocr_carea' id='block_1_122' title="bbox 2162 5253 3802 5338">
    <p class='ocr_par' dir='ltr' id='par_1_122' title="bbox 2162 5253 3802 5338">
     <span class='ocr_line' id='line_1_124' title="bbox 2162 5253 3802 5338; baseline 0.002 -32"><span class='ocrx_word' id='word_1_947' title='bbox 2162 5253 2455 5338; x_wconf 68' lang='lat' dir='ltr'>principio</span> <span class='ocrx_word' id='word_1_948' title='bbox 2486 5253 2685 5338; x_wconf 77' lang='lat' dir='ltr'>divina</span> <span class='ocrx_word' id='word_1_949' title='bbox 2711 5253 2884 5338; x_wconf 66' lang='lat' dir='ltr'>esset,</span> <span class='ocrx_word' id='word_1_950' title='bbox 2902 5257 3234 5338; x_wconf 83' lang='lat' dir='ltr'>cupiditate</span> <span class='ocrx_word' id='word_1_951' title='bbox 3263 5257 3802 5338; x_wconf 81' lang='lat' dir='ltr'>e_ﬂ&#39;emiuatam,huc</span> 
     </span>
    </p>
   </div>
   <div class='ocr_carea' id='block_1_123' title="bbox 2162 5324 3450 5414">
    <p class='ocr_par' dir='ltr' id='par_1_123' title="bbox 2162 5324 3450 5414">
     <span class='ocr_line' id='line_1_125' title="bbox 2162 5324 3450 5414; baseline 0.002 -37"><span class='ocrx_word' id='word_1_952' title='bbox 2162 5324 2711 5414; x_wconf 32' lang='lat' dir='ltr'>adllgenefatio&#39;nem</span> <span class='ocrx_word' id='word_1_953' title='bbox 2744 5331 2824 5414; x_wconf 48' lang='lat' dir='ltr'>et‘</span> <span class='ocrx_word' id='word_1_954' title='bbox 2831 5324 3138 5414; x_wconf 80' lang='lat' dir='ltr'>interitum</span> <span class='ocrx_word' id='word_1_955' title='bbox 3169 5329 3390 5410; x_wconf 77' lang='lat' dir='ltr'>venire.</span> <span class='ocrx_word' id='word_1_956' title='bbox 3429 5353 3450 5380; x_wconf 77' lang='grc' dir='ltr'>ι</span> 
     </span>
    </p>
   </div>
   <div class='ocr_carea' id='block_1_124' title="bbox 2234 5395 3798 5469">
    <p class='ocr_par' dir='ltr' id='par_1_124' title="bbox 2234 5395 3798 5469">
     <span class='ocr_line' id='line_1_126' title="bbox 2234 5395 3798 5469; baseline 0 -20"><span class='ocrx_word' id='word_1_957' title='bbox 2234 5395 2344 5469; x_wconf 75' lang='grc'>(65)</span> <span class='ocrx_word' id='word_1_958' title='bbox 2402 5396 2473 5469; x_wconf 76' lang='grc' dir='ltr'>Τὸ</span> <span class='ocrx_word' id='word_1_959' title='bbox 2525 5395 2722 5459; x_wconf 69' lang='grc' dir='ltr'>θέλειν.</span> <span class='ocrx_word' id='word_1_960' title='bbox 2784 5400 3023 5455; x_wconf 84' lang='lat' dir='ltr'>Rectius</span> <span class='ocrx_word' id='word_1_961' title='bbox 3079 5399 3269 5454; x_wconf 88' lang='lat' dir='ltr'>dativo</span> <span class='ocrx_word' id='word_1_962' title='bbox 3315 5416 3472 5467; x_wconf 88' lang='lat' dir='ltr'>casa,</span> <span class='ocrx_word' id='word_1_963' title='bbox 3505 5403 3582 5469; x_wconf 76' lang='grc' dir='ltr'>τῷ</span> <span class='ocrx_word' id='word_1_964' title='bbox 3613 5395 3798 5466; x_wconf 69' lang='grc' dir='ltr'>θέλειν,</span> 
     </span>
    </p>
   </div>
   <div class='ocr_carea' id='block_1_125' title="bbox 2162 5468 3298 5535">
    <p class='ocr_par' dir='ltr' id='par_1_125' title="bbox 2162 5468 3298 5535">
     <span class='ocr_line' id='line_1_127' title="bbox 2162 5468 3298 5535; baseline 0.006 -19"><span class='ocrx_word' id='word_1_965' title='bbox 2162 5489 2190 5517; x_wconf 84' lang='grc'>‹‹</span> <span class='ocrx_word' id='word_1_966' title='bbox 2223 5468 2494 5535; x_wconf 89' lang='lat' dir='ltr'>volendo,</span> <span class='ocrx_word' id='word_1_967' title='bbox 2531 5492 2551 5518; x_wconf 77' lang='grc' dir='ltr'>ι</span> <span class='ocrx_word' id='word_1_968' title='bbox 2589 5470 2626 5523; x_wconf 94' lang='lat' dir='ltr'>i.</span> <span class='ocrx_word' id='word_1_969' title='bbox 2672 5487 2722 5524; x_wconf 95' lang='lat' dir='ltr'>e.</span> <span class='ocrx_word' id='word_1_970' title='bbox 2755 5470 2805 5524; x_wconf 90' lang='lat' dir='ltr'>si</span> <span class='ocrx_word' id='word_1_971' title='bbox 2833 5470 2991 5525; x_wconf 90' lang='lat' dir='ltr'>velit.</span> <span class='ocrx_word' id='word_1_972' title='bbox 3028 5471 3298 5526; x_wconf 79' lang='lat' dir='ltr'>SY‘LBURG.</span> 
     </span>
    </p>
   </div>
   <div class='ocr_carea' id='block_1_126' title="bbox 2231 5538 3796 5610">
    <p class='ocr_par' dir='ltr' id='par_1_126' title="bbox 2231 5538 3796 5610">
     <span class='ocr_line' id='line_1_128' title="bbox 2231 5538 3796 5610; baseline 0.001 -18"><span class='ocrx_word' id='word_1_973' title='bbox 2231 5541 2347 5610; x_wconf 85' lang='lat'>(66)</span> <span class='ocrx_word' id='word_1_974' title='bbox 2380 5538 2510 5594; x_wconf 66' lang='grc' dir='ltr'>Εἷπὲ</span> <span class='ocrx_word' id='word_1_975' title='bbox 2538 5560 2640 5601; x_wconf 85' lang='grc' dir='ltr'>τις.</span> <span class='ocrx_word' id='word_1_976' title='bbox 2697 5540 2829 5604; x_wconf 80' lang='lat' dir='ltr'>Job,</span> <span class='ocrx_word' id='word_1_977' title='bbox 2887 5558 2936 5596; x_wconf 86' lang='grc' dir='ltr'>ο.</span> <span class='ocrx_word' id='word_1_978' title='bbox 2997 5559 3113 5598; x_wconf 83' lang='lat' dir='ltr'>xiv.</span> <span class='ocrx_word' id='word_1_979' title='bbox 3160 5543 3226 5597; x_wconf 83' lang='grc' dir='ltr'><strong>Η.</strong></span> <span class='ocrx_word' id='word_1_980' title='bbox 3261 5542 3537 5600; x_wconf 76' lang='lat' dir='ltr'>SYLBuao.</span> <span class='ocrx_word' id='word_1_981' title='bbox 3570 5573 3638 5583; x_wconf 91' lang='lat'>—-</span> <span class='ocrx_word' id='word_1_982' title='bbox 3669 5540 3796 5595; x_wconf 80' lang='lat' dir='ltr'>Vide</span> 
     </span>
    </p>
   </div>
   <div class='ocr_carea' id='block_1_127' title="bbox 2161 5611 3398 5681">
    <p class='ocr_par' dir='ltr' id='par_1_127' title="bbox 2161 5611 3398 5681">
     <span class='ocr_line' id='line_1_129' title="bbox 2161 5611 3398 5681; baseline 0.003 -15"><span class='ocrx_word' id='word_1_983' title='bbox 2161 5627 2292 5681; x_wconf 75' lang='lat' dir='ltr'>quas</span> <span class='ocrx_word' id='word_1_984' title='bbox 2321 5612 2604 5670; x_wconf 86' lang='lat' dir='ltr'>adnotata</span> <span class='ocrx_word' id='word_1_985' title='bbox 2634 5617 2774 5669; x_wconf 85' lang='lat' dir='ltr'>sunt</span> <span class='ocrx_word' id='word_1_986' title='bbox 2805 5612 2868 5668; x_wconf 89' lang='lat' dir='ltr'>in</span> <span class='ocrx_word' id='word_1_987' title='bbox 2897 5611 3001 5669; x_wconf 93' lang='lat' dir='ltr'>lib.</span> <span class='ocrx_word' id='word_1_988' title='bbox 3036 5631 3100 5670; x_wconf 79' lang='grc' dir='ltr'>ιι.</span> <span class='ocrx_word' id='word_1_989' title='bbox 3130 5614 3398 5670; x_wconf 71' lang='lat' dir='ltr'>Comet.</span> 
     </span>
    </p>
   </div>
  </div>
