4066 6192
285 300 426 356 1293

1607 301 2054 361 ΒΤΒΟΜΔἸὋΜ
2096 304 2232 359 LIB.
2275 303 2368 358 IV.

3561 303 3698 358 1294

284 421 471 478 λύεται
499 422 602 497 γὰρ
651 419 739 477 ἐπὶ
795 425 893 477 τοῦ
943 421 1318 497 ἀρνησομένου
1367 424 1402 493 ἢ
1451 423 1590 478 κατὰ
1632 423 1722 477 τὸν
1767 429 1931 478 Βασι-

2067 425 2314 497 ιιιὶάθω,
2345 431 2410 482 ut
2449 426 2732 499 puniatur
2778 427 3106 490 honoriﬁce
3154 441 3260 498 per
3301 427 3698 498 martyrium;

287 510 474 578 λείδην
500 511 752 586 πρόνοια.
780 512 922 586 Ἑρῶ
943 515 1053 585 (67)
1083 512 1260 566 τοίνυν
1280 511 1436 568 αὐτὸν
1464 511 1554 568 καὶ
1583 511 1670 566 ἐπὶ
1692 516 1786 567 τοῦ
1806 532 1940 588 κρα-

281 602 543 672 τηθέντος
575 599 956 675 ὁμολογητοῦ,
1001 601 1230 671 πότερον
1289 603 1620 678 μαρτυρήσει
1650 602 1737 656 καὶ
1769 600 1941 656 κολα-

284 693 542 761 σθήσεται
573 690 711 745 κατά
757 710 856 760 την
887 688 1168 764 πρόνοιαν,
1199 687 1235 759 ἢ
1268 686 1373 759 οὔ;
1409 691 1776 766 Ἀρνουμενος
1809 690 1938 764 γὰρ,

280 782 345 837 οὐ
396 779 818 850 κολασθήσεται*
855 778 990 834 είδέ
1045 779 1135 834 καὶ
1193 786 1296 849 τῆς
1353 775 1675 843 ἀποϐάσεως
1722 779 1939 834 καὶτοῦ

286 871 364 944 μὴ
399 867 508 924 δεῖν
543 869 880 939 κολασθῆναι
917 873 1109 925 τοῦτον
1161 870 1323 943 φήσει
1359 870 1460 938 τήν
1510 867 1787 924 ἀπώλειαν
1833 871 1942 922 τῶν

283 959 676 1035 ἀρνησομένων
711 957 769 1012 ἐκ
797 957 1084 1034 προνοίας,
1117 955 1259 1012 ἄκων
1291 959 1775 1033 προσμαρτυρήσει
1807 959 1938 1028 (68).

281 1051 406 1109 Πῶς
449 1044 506 1101 δὲ
537 1044 614 1101 ἔτι
651 1046 840 1119 μισθὸς
873 1045 901 1098 6
937 1042 1284 1118 ἐνδοξότατος
1315 1045 1368 1099 ἐν
1401 1045 1613 1122 οὐρανῷ
1656 1044 1938 1099 ἀπόκειται

281 1141 364 1209 τῷ
424 1140 830 1210 μαρτυρήσαντι
891 1135 985 1190 διὰ
1043 1138 1104 1190 τὸ
1164 1136 1556 1210 μαρτυρῆσαις
1615 1133 1679 1190 Εἰ
1739 1129 1797 1188 δὶ
1848 1132 1942 1187 τὸν

281 1226 654 1304 ἁμαρτητικὸν
711 1226 814 1281 οὐκ
860 1222 1032 1280 εἷάσεν
1080 1227 1115 1296 ἡ
1149 1224 1378 1298 πρόνοια
1425 1222 1510 1278 ἐπὶ
1560 1223 1624 1278 τὸ
1679 1224 1940 1297 ἁμαρτεῖν

281 1316 484 1382 ἐλθεῖν,
518 1313 706 1380 ἄδικος
756 1315 960 1390 γίνεται
1017 1316 1136 1370 κατ’
1171 1311 1357 1392 ἄμφω·
1422 1309 1512 1368 καῖ
1567 1313 1656 1368 τὸν
1715 1310 1804 1367 διὰ
1861 1308 1942 1366 δι-

282 1404 576 1475 καιοσύνην
638 1404 715 1465 εἷς
773 1401 1003 1458 κόλασιν
1044 1403 1342 1476 ἑλκόμενον
1409 1403 1483 1475 μὴ
1546 1401 1812 1476 ῥυομένη,
1850 1402 1942 1457 καὶ

281 1495 371 1550 τὸν
407 1492 612 1551 ἀδικεῖν
650 1493 985 1564 ἐθελήσαντα
1017 1492 1318 1569 ῥυσαμένη
1352 1495 1449 1546 τοῦ
1483 1492 1578 1565 μὲν
1611 1492 1946 1562 ποιήσαντος

287 1581 358 1638 δι’
389 1585 466 1638 ὢν
516 1578 820 1654 ἐϐουλήθη,
850 1590 952 1652 τῆς
983 1577 1040 1636 δέ
1069 1581 1394 1651 κωλυσάσης
1425 1580 1488 1636 τὸ
1519 1578 1699 1654 ἔργον,
1727 1581 1818 1634 καὶ
1865 1579 1943 1652 μὴ

282 1670 507 1736 δικαίως
555 1674 910 1749 περιέποντος
968 1674 1084 1746 (69)
1114 1671 1206 1725 τὸν
1267 1669 1662 1745 ἁμαρτητικόν.
1709 1673 1832 1731 Πῶς
1887 1665 1944 1723 δὲ

282 1762 384 1818 οὐκ
412 1761 592 1832 ἄθεος,
636 1762 864 1830 θειάζων
901 1762 996 1833 μὶν
1053 1760 1146 1814 τὸν
1207 1754 1491 1828 διάϐολον,
1542 1756 1830 1833 ἄνθρωπον
1883 1755 1942 1813 δὶ

282 1851 658 1926 ἁμαρτητικὸν
689 1849 977 1923 τολμήσας
1009 1849 1178 1904 εἰπεῖν
1212 1847 1305 1903 τὸν
1357 1847 1553 1920 Κύριον
1595 1866 1609 1917 ;
1666 1847 1942 1921 Πειράζων

279 1941 386 2016 γάρ
435 1942 586 2013 ἡμᾶς
619 1940 646 1995 6
679 1933 965 2009 διάϐολος,
1008 1936 1168 1999 εἰδὼς
1224 1937 1319 2010 μὲν
1353 1935 1382 1991 ὅ
1414 1935 1600 2010 ἐσμεν,
1632 1935 1737 1991 οὐκ
1786 1933 1946 1999 εἰδὼς

283 2027 342 2084 δὲ
374 2029 418 2083 εί
443 2029 852 2103 ὐπομενοῦμεν,
885 2027 1031 2083 ἀλλά
1075 2026 1358 2082 άποσεῖσαι
1397 2031 1500 2096 τῆς
1529 2027 1763 2086 πίστεως
1794 2027 1943 2096 ἡμᾶς

296 2117 638 2194 βουλόμενος
673 2161 687 2184 ,
744 2115 833 2171 καὶ
894 2114 1186 2192 ὑπάγεσθαι
1244 2115 1420 2185 ἐαυτῷ
1470 2112 1713 2187 πειράζει
1747 2133 1760 2146 '
1812 2113 1945 2186 ὅπερ

291 2207 384 2261 καὶ
448 2207 614 2279 μόνον
673 2204 1054 2279 ἐπιτέτραπται
1113 2202 1282 2276 αὐτῷ,
1319 2200 1410 2258 διά
1459 2223 1518 2257 τε
1572 2203 1635 2257 τὸ
1687 2204 1836 2274 ἡμᾶς
1895 2200 1946 2271 ἐξ

295 2296 501 2351 ἑαυτῶν
561 2295 826 2364 σώζεσθαι
886 2291 1018 2361 δεῖν,
1070 2292 1322 2371 ἀφορμὰς
1375 2291 1522 2368 παρά
1564 2298 1666 2361 τῆς
1721 2289 1948 2359 ἐντολῆς

294 2384 614 2462 εἰληφότας,
649 2380 736 2437 διά
763 2403 822 2438 τε
848 2382 942 2437 τὸν
983 2381 1408 2456 καταισχυμμὸν
1455 2383 1553 2435 τοῦ
1593 2379 1950 2455 πειράσαντος

291 2474 381 2528 καὶ
422 2472 822 2548 ἀποτυχόντος,
855 2469 1031 2527 διάτε
1069 2472 1170 2540 τὴν
1202 2469 1626 2545 ἶσχυροποῖησιν
1675 2475 1784 2524 τῶν
1814 2468 1951 2524 κατᾶ

292 2566 394 2633 τήν
443 2559 792 2632 Ἐκκλησίαν,
848 2559 938 2617 διά
981 2582 1041 2617 τε
1092 2561 1193 2631 τήν
1225 2557 1532 2631 συνείδησιν
1580 2563 1690 2615 τῶν
1737 2560 1950 2632 θαυμα-

296 2655 472 2707 σάτων
512 2653 613 2720 τὴν
674 2652 979 2726 ὑπομονήν.
1032 2650 1098 2706 Ei
1147 2647 1204 2705 δέ
1251 2651 1314 2704 τό
1367 2648 1662 2726 μαρτύριον
1712 2647 1949 2704 ἀνταπό-

299 2739 448 2804 δοσις
481 2739 570 2796 διὰ
617 2739 918 2810 κολάσεως,
970 2741 1059 2794 καὶ
1089 2741 1125 2810 ἡ
1179 2739 1361 2801 πίστις
1409 2739 1498 2794 καὶ
1532 2740 1567 2808 ἡ
1601 2735 1951 2810 διδασκαλία,

300 2831 373 2888 δι’
405 2831 467 2896 ἃς
497 2834 560 2888 τὸ
622 2831 940 2906 μαρτύριον*
999 2832 1244 2904 συνεργοί¹
1307 2831 1411 2902 ἄρα
1469 2827 1622 2884 αὗται
1650 2829 1950 2898 κολάσεως,

300 2925 369 2994 ἧς
400 2924 482 2987 τίς
543 2924 601 2978 ἂν
662 2921 807 2994 ἄλλη
874 2921 1071 2995 μείζων
1122 2921 1428 2996 ἀπέμιρασις
1466 2921 1721 2994 γένοιτο;
1776 2919 1955 2976 Ἀλλά

298 3014 435 3090 πρὸς
490 3013 583 3086 μὲν
615 3012 682 3068 τά
731 3009 979 3086 δόγματα
1028 3011 1227 3078 ἐκεῖνα,
1279 3009 1324 3064 εἷ
1378 3012 1883 3082 μετενσωματοῦται
1915 3009 1950 3078 ἡ

303 3104 493 3178 ψυχή,
539 3101 629 3157 καὶ
685 3101 810 3176 περὶ
866 3103 966 3154 τοῦ
1024 3093 1288 3152 διαϐόλου
1343 3098 1480 3151 κατά
1529 3095 1656 3158 τοὺς
1715 3096 1952 3161 οἰκείους

2047 515 2226 571 aliam
2257 521 2477 586 autem,
2522 521 2586 571 ut
2614 516 2812 572 debito
2845 521 3129 590 purgetur
3178 515 3489 588 supplicio.
3543 518 3698 580 Quo-

2044 605 2222 660 modo
2253 610 2451 660 autem
2484 605 2596 660 hoc
2642 622 2847 661 verum
2879 610 2986 672 est,
3032 622 3166 661 cum
3198 605 3258 660 in
3291 609 3497 660 nostra
3529 611 3696 676 pote-

2048 698 2197 750 state
2232 696 2410 751 situm
2435 695 2512 750 sit
2532 695 2802 750 conﬁteri
2826 701 2884 751 et
2904 694 3126 767 puniri,
3149 699 3251 750 aut
3276 710 3397 749 non
3419 693 3447 747 δῖ
3466 694 3528 757 ›ι‹
3552 696 3696 749 Nam

2048 784 2097 839 si
2130 785 2263 855 quis
2294 785 2615 857 negaverit,
2643 784 2838 856 quoad
2871 801 3005 839 eum
3036 785 3192 855 perit
3232 800 3321 850 ea,
3345 799 3475 854 quae
3509 789 3597 837 est
3629 801 3697 838 ex

2048 872 2323 928 Basilidis
2355 873 2670 940 sententia,
2703 873 3093 946 providentia.
3119 872 3351 946 Rogabo
3392 889 3527 944 ergo
3560 889 3695 926 eum

2047 963 2120 1018 de
2146 963 2485 1019 confessore
2516 963 2577 1018 in
2610 963 2880 1019 custodia
2910 969 3210 1030 manente,
3243 967 3444 1018 utrum
3474 968 3695 1032 marty-

2048 1053 2203 1107 rium
2236 1053 2581 1124 patietur,et
2602 1053 2886 1124 punietur
2916 1070 2984 1108 ex
3016 1052 3405 1124 providentia,
3420 1069 3495 1107 an
3526 1069 3642 1106 non
3668 1050 3696 1104 Ἰ

2049 1143 2193 1197 Nam
2227 1141 2275 1196 si
2306 1147 2500 1214 neget,
2532 1159 2653 1197 non
2682 1141 2965 1214 punietur
2996 1160 3010 1208 ;
3043 1141 3134 1197 sin
3167 1147 3360 1197 autem
3396 1146 3452 1196 et
3483 1141 3693 1207 exitus,

2049 1235 2108 1285 et
2137 1231 2296 1302 quod
2326 1247 2447 1286 non
2477 1236 2746 1302 oporteat
2775 1248 2913 1287 eum
2945 1230 3332 1303 puniri,dicet
3364 1247 3492 1285 esse
3521 1231 3699 1284 inter-

2049 1319 2198 1375 itum
2231 1321 2566 1392 eorum,qui
2600 1325 2740 1376 sunt
2771 1321 3062 1393 negatari,
3089 1336 3159 1374 ex
3179 1319 3573 1391 providentia,
3605 1319 3700 1373 in-

2049 1409 2201 1464 vitus
2231 1411 2583 1481 martyrium
2615 1410 2893 1481 patietur.
2927 1409 3232 1475 Quomodo
3265 1413 3463 1464 autem
3503 1408 3698 1464 adhuc

2050 1498 2111 1553 in
2171 1497 2334 1554 cmlis
2393 1503 2716 1570 reponetur
2769 1498 3146 1571 gloriossima
3197 1515 3427 1554 merces
3492 1500 3566 1562 ei,
3600 1497 3700 1568 qui

2048 1589 2402 1660 martyrium
2458 1606 2670 1660 passus
2718 1588 2918 1657 fuerit,
2952 1593 3266 1660 propterea
3305 1587 3463 1658 quod
3520 1587 3701 1641 fuerit

2052 1683 2277 1750 martyr
2303 1678 2330 1732 ‘I
2361 1678 2462 1733 Sin
2492 1682 2690 1732 autem
2724 1694 2883 1741 eum,
2912 1677 3013 1748 qui
3065 1693 3310 1749 peccare
3340 1676 3543 1742 voluit,
3577 1692 3700 1729 non

2052 1768 2185 1822 sivit
2208 1766 2581 1838 providentia
2613 1766 2811 1822 venire
2841 1767 2916 1822 ad
2943 1766 3334 1838 peccandum,
3355 1766 3413 1820 in
3446 1770 3701 1835 utroque

2055 1862 2145 1911 est
2173 1857 2426 1927 injusta;
2462 1863 2521 1912 et
2550 1857 2708 1927 quod
2741 1873 2878 1911 eum
2911 1873 3031 1911 non
3061 1856 3292 1922 liberet,
3331 1856 3430 1925 qui
3465 1859 3704 1925 propter

2047 1945 2345 2016 justitiam
2374 1945 2629 2000 trahitur
2656 1944 2730 2001 ad
2762 1943 3207 2017 supplicium;et
3237 1944 3394 2015 quod
3426 1943 3700 2013 eum,qui

2055 2034 2287 2089 volebat
2317 2034 2599 2106 injuriam
2631 2033 2846 2105 facere,
2879 2033 3249 2099 liberaverit;
3271 2050 3403 2088 cum
3439 2033 3538 2088 ille
3571 2032 3702 2104 qui-

2056 2122 2193 2178 dem
2221 2123 2770 2196 fecerit,propterea
2799 2123 2958 2195 quod
2990 2123 3192 2190 voluit;
3217 2125 3348 2179 haec
3389 2141 3522 2177 vero
3555 2139 3702 2194 opus

2057 2211 2514 2284 prohibuerit,et
2543 2229 2664 2267 non
2687 2213 2826 2283 jure
2861 2212 2912 2267 ei
2948 2211 3161 2278 faveat,
3195 2213 3296 2282 qui
3331 2228 3576 2283 peccare
3609 2229 3713 2265 vo-

2058 2299 2550 2366 lebat.Quomodo
2581 2305 2779 2355 autem
2803 2317 2925 2354 non
2953 2306 3044 2355 est
3063 2315 3197 2354 vere
3221 2299 3440 2371 impius
3461 2305 3520 2354 et
3540 2317 3573 2353 a
3594 2300 3711 2353 Deo

2057 2389 2421 2460 alienus,qui
2453 2388 2756 2444 diabolum
2788 2387 3033 2460 quidem
3065 2388 3126 2443 in
3158 2388 3300 2443 deos
3331 2388 3576 2449 referat;
3603 2387 3714 2440 ho-

2059 2478 2283 2534 minem
2313 2483 2513 2533 autem
2543 2485 2785 2550 peccato
2817 2477 3141 2533 obnoxium
3183 2493 3364 2533 ausus
3399 2484 3487 2532 est
3516 2477 3711 2530 dicere

2060 2567 2379 2623 Dominum
2401 2566 2428 2622 ?
2456 2568 2571 2622 Nos
2603 2567 2763 2622 enim
2813 2571 3000 2622 tentat
3025 2565 3316 2634 diabolus,
3352 2566 3544 2619 sciens
3579 2565 3712 2634 qui-

2062 2657 2198 2713 dem
2229 2659 2436 2729 quales
2468 2658 2977 2724 sumus,nesciens
2999 2662 3194 2712 autem
3219 2661 3416 2710 utrum
3440 2671 3710 2725 perseve-

2059 2747 2245 2802 raturi
2281 2747 2697 2801 simuszverum
2729 2762 2838 2799 nos
2870 2762 2905 2799 a
2935 2744 3050 2799 ﬁde
3082 2748 3356 2799 excutere
3379 2744 3710 2814 cupit,etin

2063 2852 2231 2891 suam
2261 2839 2620 2905 potestatem
2651 2833 2916 2906 redigere
2953 2832 3328 2898 tentat.Quod
3353 2831 3592 2902 quidem
3618 2849 3714 2886 so-

2062 2923 2186 2978 lum
2219 2927 2309 2975 est
2339 2921 2393 2976 ei
2426 2922 2805 2993 permissum,
2841 2921 3056 2994 partim
3090 2921 3248 2992 quod
3298 2937 3408 2975 nos
3441 2937 3510 2974 ex
3542 2920 3712 2974 nobis

2063 3011 2209 3083 ipsis
2237 3010 2426 3066 salvos
2457 3028 2590 3066 esse
2623 3012 3271 3082 oporteat,occasiones
3303 3027 3370 3065 ex
3401 3009 3712 3082 praeceptis

2063 3099 2666 3172 accipienteszpartim
2700 3106 2764 3155 ut
2795 3105 3072 3168 tentator,
3101 3117 3202 3172 spe
3236 3117 3342 3154 sua
3371 3099 3709 3166 frustratus,

303 3160 635 3266 λεῖθήσεται
691 3160 913 3264 καιιροῦς
949 3209 962 3224 ·
1021 3187 1137 3244 νυνὶ
1207 3184 1264 3241 δέ
1318 3191 1436 3248 τοῖς
1496 3183 1809 3261 εἰρημένοις
1858 3186 1949 3241 καὶ

2067 3160 2272 3263 putere
2307 3160 2702 3256 suﬁ'undatur;
2722 3194 2782 3245 et
2809 3189 3026 3263 partim
3057 3160 3300 3261 propter
3331 3205 3537 3243 eorum
3571 3160 3712 3243 con;

304 3280 472 3335 ταῦτα
501 3281 854 3355 προσθωμεν·
903 3281 1013 3331 [Ιοῦ
1061 3275 1136 3330 ἔτι
1187 3279 1298 3349 (70)
1346 3277 1382 3344 ἠ
1435 3275 1639 3344 πίστις,
1685 3275 1820 3330 κατά
1864 3275 1959 3330 ἀν-

300 3364 597 3425 ταπόδοσιν
627 3372 734 3422 τῶν
787 3363 1299 3442 προημαρτημένων
1332 3367 1428 3418 τοῦ
1481 3361 1781 3439 μαρτυρίου
1808 3383 1960 3439 γινο-

309 3461 517 3532 μένους
570 3461 683 3512 Ποῦ
727 3454 785 3511 δέ
826 3459 862 3525 ἡ
913 3456 1094 3531 ἀγάπη
1139 3456 1174 3523 ἡ
1208 3453 1344 3528 πρὸς
1401 3455 1493 3508 τὸν
1540 3451 1693 3523 Θεὸν,
1728 3449 1817 3508 διὰ
1857 3454 1956 3522 τήν

304 3547 565 3618 ἀληθειαν
597 3543 908 3616 διωκομένη
959 3543 1052 3597 καὶ
1083 3542 1428 3615 ὑπομένουσα
1459 3563 1473 3613 ;
1509 3545 1621 3596 Ποῦ
1652 3539 1710 3596 δέ
1737 3539 1958 3604 ἔπαινος

305 3635 780 3711 ὁμολογήσαντος,
820 3633 855 3702 ἢ
889 3632 1060 3707 ψόγος
1104 3630 1518 3707 ἀρνησαμένου;
1551 3631 1650 3693 Εἰς
1679 3630 1732 3686 τί
1781 3627 1839 3686 δέ
1882 3626 1960 3686 ἔτι

302 3723 560 3803 χρησίμη
612 3726 647 3794 ἡ
697 3721 951 3778 πολιτεία
980 3722 1204 3796 ἡόρθή,
1249 3721 1310 3776 τὸ
1340 3724 1604 3798 νεκρῶσαι
1632 3720 1728 3782 τὰς
1777 3719 1962 3783 ἐπιθυ-

309 3815 461 3889 μίας,
497 3814 584 3868 καὶ
645 3809 814 3883 μηδὲν
862 3815 972 3867 τῶν
1021 3810 1331 3884 κτισμάτων
1390 3815 1612 3884 μισεῖν;
1663 3809 1727 3865 Εῗ
1776 3807 1851 3881 δέ,
1886 3810 1960 3871 ὡς

305 3903 470 3964 αὐτός
515 3924 677 3981 φησιν
730 3902 758 3956 6
790 3899 1135 3972 Βασιλείδης,
1164 3897 1220 3956 ἓν
1256 3901 1421 3978 μέρος
1472 3899 1532 3955 ἐκ
1578 3904 1673 3954 τοῦ
1731 3897 1965 3973 λεγομέ-

305 4015 402 4048 νου
433 3991 752 4065 θελήματος
795 3992 892 4046 τοῦ
935 3993 1068 4046 Θεοῦ
1121 3986 1523 4067 ὑπειλήφαμεν,
1574 3989 1696 4044 «τὸ
1744 3990 1966 4064 ἠγαπη-

307 4082 455 4136 κέναι
507 4080 732 4150 ἅπαντα,
791 4104 818 4131 ‹‹
853 4078 935 4135 ὅτι
985 4079 1148 4153 λόγον
1191 4079 1536 4148 ἁποσώζουσι
1586 4079 1723 4150 πρὸς
1769 4077 1831 4132 τὸ
1859 4081 1964 4132 πᾶν

312 4171 537 4225 ἅπαντα·
587 4166 773 4245 ’ἕτερον
827 4167 928 4236 δὲ,
992 4167 1108 4221 ιτὸ
1165 4163 1398 4240 μηδενὸς
1456 4166 1760 4240 ἐπιθυμεῖν·
1798 4191 1819 4218 ι
1874 4165 1965 4221 καὶ

307 4259 512 4334 τρίτον,
546 4283 574 4310 ι(
612 4261 786 4330 μισεῖν
833 4253 977 4331 μηδέ
1024 4252 1100 4326 ἔν,
1170 4277 1192 4305 ι
1227 4255 1496 4327 θελήματι
1548 4261 1646 4310 τοῦ
1699 4260 1831 4310 Θεοῦ
1876 4255 1968 4310 καὶ

311 4347 564 4410 κολάσεις
597 4342 829 4402 ἔσονται·
891 4347 1024 4422 ὅπερ
1081 4340 1270 4407 ἀσεϐὲς
1327 4343 1551 4401 ἐννοεῖν.
1611 4342 1750 4402 Οὔτε
1804 4346 1906 4420 γάρ
1938 4346 1968 4400 6

315 4436 519 4514 Κύριος
543 4434 818 4509 θελήματι
875 4429 1038 4489 ἕπατε
1093 4437 1191 4489 τοῦ
1249 4434 1484 4506 Πατρὸς,
1519 4430 1634 4488 οὔθ’
1692 4434 1744 4488 οἱ
1777 4432 1970 4488 διωκό-

2066 3279 2598 3350 ﬁrmationem,qui
2633 3284 2772 3334 sunt
2798 3281 2861 3334 in
2893 3279 3178 3345 Ecclesia;
3205 3284 3263 3333 et
3289 3278 3548 3348 denique
3578 3295 3714 3347 pro-

2066 3375 2198 3441 pter
2229 3385 2432 3424 eorum
2465 3369 2914 3435 conscientiam,
2949 3368 3049 3439 qui
3084 3373 3411 3439 martyrum
3437 3372 3712 3422 constan-

2067 3461 2210 3514 tiam
2231 3459 2507 3514 admirati
2541 3464 2700 3513 sunt.
2739 3459 2795 3512 Si
2828 3463 3025 3513 autem
3055 3459 3402 3530 martyrium
3437 3456 3713 3513 estretri-

2067 3547 2230 3602 butio
2261 3564 2368 3618 per
2398 3546 2778 3618 supplicium,
2807 3553 2866 3601 et
2896 3546 3044 3602 ﬁdes
3073 3565 3308 3618 quoque
3345 3553 3402 3601 et
3425 3546 3712 3613 doctrina,

2068 3653 2174 3708 per
2191 3653 2339 3706 quas
2362 3641 2450 3690 est
2471 3635 2844 3707 martyrium.
2872 3635 3164 3708 Suntergo
3188 3636 3276 3690 lla:
3295 3653 3530 3707 quoque
3554 3635 3644 3705 adj
3656 3651 3722 3687 u-

2069 3725 2244 3779 trices
2290 3724 2586 3796 supplicii,
2637 3741 2754 3794 quo
2809 3725 3094 3795 quidnam
3143 3709 3304 3780 aliud
3354 3725 3541 3796 possit
3588 3739 3716 3778 esse

2069 3812 2384 3870 absurdius
2404 3814 2432 3868 ‘I
2463 3813 2564 3868 sed
2597 3813 2671 3869 ad
2703 3812 2808 3869 illa
2828 3813 3074 3885 quidem
3108 3813 3404 3887 dogmata,
3439 3830 3515 3868 an
3547 3830 3718 3867 acor-

2070 3902 2313 3974 poribus
2345 3902 2405 3956 in
2438 3918 2686 3974 corpora
2726 3902 2940 3975 migret
2981 3903 3202 3970 anima,
3234 3908 3292 3957 et
3342 3901 3412 3956 de
3458 3901 3718 3968 diabolo,

2072 3991 2302 4046 dicetur
2333 4007 2437 4046 suo
2470 3996 2757 4063 tempore.
2793 3993 2957 4046 Nunc
2987 3997 3184 4046 autem
3235 3991 3328 4059 iis,
3381 4008 3513 4062 qum
3563 3991 3720 4045 dicta

2075 4085 2237 4149 sunt,
2271 4080 2397 4135 haac
2421 4097 2656 4151 quoque
2674 4079 3026 4152 adjiciamus
3053 4098 3065 4135 :
3091 4079 3310 4136 Ubi'est
3329 4080 3523 4135 adhuc
3546 4079 3714 4144 ﬁdes,

2075 4169 2124 4224 si
2143 4185 2248 4241 pro
2263 4169 2498 4224 luendis
2516 4170 2705 4242 pcenis
2723 4187 2949 4236 eorum,
2971 4186 3101 4242 quaa
3120 4170 3284 4241 prius
3301 4174 3540 4239 peccata
3561 4172 3718 4233 sunt,

2078 4258 2361 4314 subeatur
2385 4259 2785 4330 martyrium?
2815 4258 2922 4313 Ubi
2975 4264 3065 4312 est
3112 4263 3308 4312 autem
3354 4257 3610 4311 charitas
3660 4254 3723 4308 in

2077 4349 2424 4418 Deum,quaa
2441 4348 3001 4419 propterveritatem
3015 4345 3489 4418 persecutionem
3509 4343 3729 4414 patitur

2079 4442 2136 4491 et
2166 4436 2472 4492 sustinet?
2498 4436 2604 4490 Ubi
2633 4441 2723 4490 est
2751 4441 2949 4490 autem
2981 4435 3110 4488 laus
3135 4434 3262 4506 ejus
3289 4434 3389 4504 qui
3422 4433 3730 4487 confessus

317 4547 469 4600 μενοι
507 4526 770 4602 βουλήσει
800 4528 896 4580 τοῦ
923 4527 1057 4578 Θεοῦ
1090 4521 1400 4577 διώκονται⁹
1453 4520 1567 4578 ἐπεὶ
1629 4519 1772 4577 δυεῖν
1820 4523 1954 4586 θάτε

2084 4531 2192 4591 est,
2228 4531 2330 4580 ant
2357 4524 2708 4595 vituperatio
2741 4523 2870 4595 ejus
2899 4523 3001 4593 qui
3047 4522 3404 4594 abnegavit?
3450 4521 3537 4576 Ad
3586 4520 3730 4592 quid

315 4637 434 4691 ρον,
465 4615 500 4685 ἢ
533 4613 700 4671 καλόν
729 4635 788 4669 τε
815 4612 961 4668 ἔσται
991 4609 1237 4687 διωγμὸς
1287 4609 1377 4666 διὰ
1423 4613 1522 4680 τὴν
1583 4610 1847 4686 βούλησιν
1875 4615 1974 4666 τοῦ

321 4707 548 4778 Θεοῦ,ἥ
581 4707 755 4771 ἀθῶοι
815 4706 867 4760 o't
922 4701 1240 4764 διατιθέντες
1297 4703 1386 4757 καὶ
1443 4697 1744 4765 θλίϐοντες.
1801 4701 1976 4759 Ἀλλά

323 4797 432 4870 μὴν
466 4792 618 4851 οὐδὲν
653 4791 778 4851 ἄνευ
810 4791 1123 4866 θελήματος
1154 4795 1254 4847 τοῦ
1282 4790 1479 4866 Κυρίου
1508 4795 1614 4846 τῶν
1652 4789 1819 4848 ὅλων.
1853 4790 1978 4846 Λεί-

317 4907 476 4940 πεται
513 4883 580 4953 δὴ
613 4885 898 4958 συντόμως
949 4883 1108 4959 φάναι
1138 4881 1208 4936 τὰ
1252 4885 1479 4936 τοιαῦτα
1527 4875 1841 4954 συμϐαίνειν
1898 4880 1973 4953 μή

324 4972 673 5036 κωλύσαντος
715 4975 826 5047 (71)
880 4975 977 5027 τοῦ
1035 4974 1191 5025 Θεοῦ”
1249 4973 1410 5024 τοῦτο
1439 4970 1540 5044 γὰρ
1598 4970 1762 5042 μόνον
1815 4969 1978 5038 σώζει

320 5063 413 5118 καὶ
441 5064 543 5133 τὴν
573 5061 834 5136 πρόνοιαν
866 5059 957 5116 καὶ
991 5059 1093 5128 τήν
1125 5058 1434 5134 ἀγαθότητα
1461 5062 1558 5114 τοῦ
1588 5061 1743 5113 Θεοῦ.
1793 5057 1873 5115 Οὐ
1915 5057 1979 5113 τὸ

385 5207 450 5272 ᾧ
481 5209 544 5262 Ρ.
577 5208 674 5261 601
712 5206 822 5260 ΕΙ).
856 5203 1152 5271 POTTER,
1185 5203 1287 5258 507
1319 5203 1430 5257 ΕΙ).
1455 5201 1685 5256 PARIS.

409 5362 520 5431 (67)
548 5358 1054 5433 ἘρῶηΗοολίθιτὶ
1088 5361 1303 5433 potest,
1333 5360 1400 5411 ut
1443 5355 1645 5433 paulo,
1685 5371 1884 5433 supra.
1929 5355 1984 5410 Si

335 5434 467 5505 quis
499 5427 697 5505 tamen
725 5429 986 5505 ἐρωτήσει
1021 5427 1212 5495 malit,
1253 5445 1486 5505 per_ma
1515 5427 1679 5505 licet:
1710 5427 1985 5483 SYLBURG‘

945 5545 957 5557 .
989 5498 1492 5575 προσμαρτυρήσει.
1544 5499 1634 5575 Ad_
1665 5498 1819 5575 hanc
1851 5516 1986 5554 sen-

403 5507 513 5575 (68)
543 5503 611 5560 Εἰ
645 5501 702 5556 δὲ
743 5502 857 5556 καὶ.
893 5543 907 5557 .

339 5570 590 5632 tentiam
623 5570 1041 5647 complendam
1061 5570 1289 5647 aliquid
1310 5570 1639 5647 desiderari
1668 5570 1917 5647 videtur.

409 5649 522 5722 (69)
581 5639 949 5722 Περιέποντος
984 5689 998 5701 .
1059 5639 1458 5722 ῌερῖεπούσης,
1516 5647 1584 5697 ut
1637 5639 1987 5713 κωλυσάσης,

341 5715 426 5774 ad
445 5715 708 5794 προνοίας
738 5717 957 5774 melius
986 5715 1198 5771 referri
1239 5720 1460 5787 posset.

2085 4620 2282 4669 autem
2315 4619 2401 4668 est
2432 4612 2622 4668 adhuc
2650 4611 2814 4666 utilis
2845 4618 3007 4667 recta
3035 4611 3166 4665 vitae
3200 4611 3512 4676 institutio,
3543 4615 3730 4664 morte

2085 4704 2321 4759 afﬁcere
2341 4701 2716 4774 cupiditates,
2738 4707 2795 4756 et
2815 4700 3044 4756 nullam
3064 4699 3258 4757 odisse
3282 4699 3656 4756 creaturam?
3675 4700 3732 4754 Si

2086 4797 2304 4858 autem,
2331 4797 2397 4845 ut
2417 4792 2543 4863 ipse
2567 4791 2709 4845 dicit
2730 4790 3036 4856 Basilides,
3063 4807 3238 4845 unam
3263 4795 3492 4861 partem
3516 4807 3585 4843 ex
3607 4789 3731 4857 Dei,

2087 4898 2218 4952 qum
2245 4880 2482 4946 dicitur,
2514 4878 2816 4933 voluntate
2858 4878 3249 4934 existimanus
3300 4902 3327 4928 ‹‹
3357 4878 3557 4933 omnia
3606 4878 3737 4931 dili-

2086 4987 2244 5045 gere,
2270 4992 2297 5019 ››
2324 4969 2482 5041 quod
2504 4969 2706 5024 omnia
2725 4969 3018 5024 rationem
3042 4985 3109 5025 ac
3132 4970 3573 5041 proportionem
3601 4986 3737 5022 con-

2089 5063 2324 5121 servent
2352 5057 2427 5114 ad
2469 5059 2813 5114 universum
2839 5075 2853 5124 ;
2886 5057 3136 5114 alteram
3167 5064 3390 5126 autem,
3421 5067 3484 5132 .xa
3513 5081 3541 5108 «
3589 5058 3741 5112 nihil

1768 5199 1832 5265 ’Β
1861 5203 1924 5256 Ρ.
1956 5204 2060 5256 602
2089 5202 2202 5257 ED.
2237 5201 2531 5269 POTTER,
2554 5201 2656 5256 508
2687 5199 2801 5258 ΕΙ).
2829 5200 3060 5256 PARIS.

2173 5353 2286 5426 (70)
2316 5354 2459 5408 Ἔτι.
2485 5353 2638 5427 -Ἕτι
2669 5354 2860 5427 Δεεὶηνί
2902 5371 2969 5411 ac
3022 5359 3313 5427 potestate
3355 5361 3742 5427 usurpatum,

2103 5421 2222 5501 qua
2251 5443 2408 5492 mox,
2456 5423 2533 5486 ε’ς
2564 5424 2615 5479 τί
2666 5421 2722 5479 δὲ
2772 5422 2850 5479 ἔτι
2884 5421 3138 5501 χρησίμη
3191 5427 3225 5494 ἡ
3279 5421 3586 5494 πολιτείοίὴ
3625 5421 3743 5498 ὀρθζ

2103 5499 2375 5552 SYLBURG.

2173 5569 2287 5637 (71)
2327 5567 2418 5634 Μὴ
2465 5564 2837 5630 κωλύσαντος.
2891 5569 3055 5624 Conf.
3105 5584 3235 5638 qum
3281 5567 3554 5638 superius
3603 5569 3752 5624 dixit

2105 5645 2310 5696 auctor
2331 5641 2580 5710 Stromu,
2612 5659 2670 5713 p.
2704 5643 2829 5709 367,
2858 5643 2979 5696 368.
3455 5655 3459 5658 ·
