4066 6192
377 349 520 407 1295

1615 349 1750 403 CLE
1758 346 2024 401 ΜΕΝΤΙΒ
2059 345 2561 401 ALEXANDRINI

3662 345 3792 403 1296

377 478 804 550 concupiscere
831 494 844 544 ;
876 499 904 527 »
938 481 994 531 et
1013 475 1270 541 tertiam,
1295 498 1321 524 «
1350 475 1501 530 nihil
1521 473 1752 541 odisse;
1781 497 1807 522 »
1835 474 2036 528 volun-

2149 469 2378 546 ἐνεργεῖν
2402 470 2582 525 τοίνυν
2638 471 2798 527 αύτὸν
2853 473 2950 535 τὰς
2981 471 3200 545 θλὲψεις
3250 471 3454 528 οἴεσθαι
3513 475 3656 548 χρὴ
3692 474 3791 545 (μὴ

377 575 496 626 tate
530 568 631 624 Dei
667 573 840 623 erunt
871 568 1048 623 etiam
1077 566 1406 638 supplicia:
1442 565 1601 636 quod
1647 563 1887 635 quidem
1919 563 2032 616 im-

381 659 548 731 pium
583 666 673 714 est
701 657 980 730 cogitare.
1007 658 1206 726 Neque
1230 656 1389 710 enim
1409 655 1694 710 Dominus
1717 670 1925 725 passus
1947 656 2038 706 est

379 747 683 803 voluntate
714 747 928 810 Patris,
951 761 1060 800 nec
1085 746 1185 816 qui
1209 744 1518 816 patiuntur
1534 742 2035 815 persecutionem,

384 853 514 892 eam
546 837 650 892 Dei
682 835 979 891 voluntate
1013 835 1337 906 patiuntur.
1373 835 1516 888 Nam
1536 850 1605 888 ex
1635 831 1866 887 duobus
1889 830 2038 886 alte-

382 942 516 982 rum
544 943 556 979 :
590 931 692 981 aut
716 925 938 979 bonum
966 923 1110 994 quid
1142 923 1255 976 erit
1283 922 1636 993 persecutio,
1662 926 1904 992 prOpter
1935 918 2036 974 Dei

386 1015 774 1080 voluntatem,
808 1018 908 1068 aut
940 1017 1115 1068 erunt
1144 1012 1411 1066 insontes
1462 1011 1563 1081 qui
1598 1009 1930 1065 decernunt
1982 1014 2036 1062 et

384 1102 796 1176 affligunt.Sed
829 1109 1027 1156 tamen
1059 1100 1209 1155 nihil
1242 1100 1308 1155 fit
1330 1100 1458 1154 sine
1481 1099 1779 1154 voluntate
1803 1096 2037 1152 Domini

386 1192 1032 1249 universorum.Restat
1063 1189 1355 1260 itaque,ut
1375 1188 1632 1242 breviter
1652 1188 2036 1254 dicamus,ea,

387 1299 519 1353 quas
551 1278 1074 1352 sunthujusmodi,
1100 1278 1358 1343 evenire,
1382 1279 1502 1333 Deo
1520 1295 1640 1332 non
1663 1275 2036 1348 prohibente.

389 1373 508 1428 Hoc
522 1372 681 1426 enim
699 1369 892 1425 solum
908 1373 1099 1422 servat
1112 1372 1170 1423 et
1186 1367 1617 1439 providentiam
1641 1371 1699 1420 et
1714 1364 2039 1419 bonitatem

389 1461 513 1516 Dei.
548 1461 674 1514 Non
702 1463 792 1514 est
829 1475 967 1530 ergo
1018 1455 1501 1523 existimandum,
1555 1471 1690 1510 eum
1740 1451 2041 1525 operando

394 1548 633 1604 efficere
666 1547 1020 1602 aftlictiones
1052 1545 1232 1616 (absit
1261 1545 1524 1610 enim,ut
1556 1544 1666 1597 hoc
1694 1543 1783 1597 vel
1814 1541 2040 1614 cogite-

388 1640 564 1708 mus),
585 1637 689 1692 sed
712 1653 834 1691 non
856 1634 1171 1707 prohibere
1198 1651 1319 1703 eos,
1345 1634 1446 1705 qui
1470 1650 1568 1688 eas
1592 1632 1879 1698 efﬁciunt,
1907 1646 2043 1702 per-

389 1741 631 1781 suasum
664 1725 883 1779 habere
915 1723 1210 1792 convenit,
1242 1723 1518 1794 quodque
1567 1721 2039 1778 adversariorum

2138 560 2240 636 γὰρ
2267 559 2349 631 εἷή
2380 566 2543 617 τοῦτο
2575 560 2774 617 ἐννοεῖν
2812 564 2856 635 ί)
2881 561 3029 618 ἀλλά
3061 565 3138 635 μή
3178 561 3414 618 κωλύειν
3465 562 3601 625 τοὺς
3651 561 3797 635 ἐνερ-

2139 654 2387 725 γοῦντας,
2420 656 2705 715 πεπεῖσθαι
2734 658 3034 725 προσῆκεν,
3069 650 3450 727 καταχρῆσθαί
3497 673 3559 707 τε
3589 650 3670 714 εἷς
3700 672 3795 706 κα-

2143 737 2238 795 λὸν
2270 745 2388 802 τοῖς
2425 744 2532 795 τῶν
2575 741 2812 795 ἐναντίον
2860 741 3245 813 τολμήμασιν·
3298 765 3326 792 ‹‹
3361 738 3591 805 Καθελῶ
3638 744 3792 814 γοῦν,

2143 828 2300 906 φησὶ,
2329 830 2421 884 τόν
2443 836 2641 906 τοῖχον
2673 833 2809 904 (72),
2863 831 2954 884 καὶ
3003 826 3153 885 ἔσται
3209 829 3287 895 εἷς
3335 829 3732 903 καταπάτημαι
3767 854 3794 882 n

2142 915 2492 986 παιδευτικῆς
2542 920 2745 994 τέχνης
2799 926 2900 988 τῆς
2957 918 3143 975 τοιάδε
3195 919 3362 989 αὐτῆς
3437 917 3606 990 ούσης
3661 940 3799 992 προ-

2141 1005 2290 1069 νοίας
2321 1011 2455 1081 (73)·
2501 1007 2585 1062 ἐπὶ
2625 1010 2718 1081 μὲν
2775 1012 2884 1062 τῶν
2938 1006 3122 1064 ἄλλων
3158 1005 3248 1063 διὰ
3275 1010 3372 1073 τὰς
3429 1009 3638 1071 οῗκείας
3671 1009 3800 1063 ἱκά-

2143 1117 2270 1151 στου
2299 1096 2589 1170 ἁμαρτίας,
2621 1095 2710 1152 ἐπὶ
2761 1095 2819 1152 δὶ
2869 1102 2969 1153 τοῦ
3022 1097 3230 1173 Κυρίου
3261 1099 3352 1153 καὶ
3409 1103 3520 1153 τῶν
3551 1097 3800 1153 άποστό-

2145 1182 2259 1241 λιυν
2317 1184 2406 1240 διὰ
2458 1186 2556 1243 τὰς
2607 1189 2789 1260 ἡμῶν.
2847 1187 3052 1243 Αὐτίκα
3111 1189 3139 1242 6
3197 1189 3343 1250 θεῖος
3402 1185 3794 1248 ’Λπόστολοςο

2146 1299 2174 1326 ‹‹
2206 1278 2376 1329 Τοῦτο
2406 1274 2508 1351 γὰρ
2537 1275 2735 1331 ἔστιτὸ
2765 1277 2877 1350 (74)
2915 1275 3134 1349 θὲλημα
3182 1280 3280 1332 τοῦ
3323 1278 3479 1346 Θεοῦ,
3523 1299 3551 1326 ι)
3602 1274 3796 1353 φησὶν,

2147 1387 2174 1416 ‹‹
2209 1365 2236 1418 6
2267 1365 2536 1440 ἁγιασμὸς
2570 1365 2746 1436 ὑμῶν,
2801 1363 3097 1440 ἀπέχεσθαι
3130 1364 3272 1438 ὑμᾶς
3331 1364 3437 1419 ἀπὸ
3489 1371 3594 1433 τῆς
3645 1383 3796 1439 πορ-

2143 1457 2309 1523 νείας,
2363 1451 2562 1508 εἷδέναι
2609 1451 2830 1509 ἕκαστον
2873 1455 3024 1528 ὑμῶν
3069 1455 3133 1510 τὸ
3178 1455 3371 1509 ἑαυτοῦ
3421 1457 3612 1516 σκεῦος
3653 1458 3796 1508 κτᾶ-

2145 1544 2265 1598 σθαι
2297 1543 2350 1598 ἐν
2382 1544 2638 1617 ἁγιασμῷ
2687 1545 2779 1598 καί
2824 1547 2986 1618 τιμῇ,
3048 1544 3125 1615 μὴ
3177 1543 3228 1598 ἐν
3270 1543 3429 1606 πάθει
3476 1542 3798 1614 ἐπιθυμίας,

2144 1633 2384 1706 καθάπερ
2413 1631 2502 1686 καὶ
2533 1632 2599 1687 τά
2630 1630 2780 1702 ἔθνη,
2820 1633 2886 1687 τὰ
2935 1633 3011 1705 μή
3044 1629 3226 1688 εἰδότα
3276 1631 3368 1687 τὸν
3430 1631 3628 1706 Κύριον
3662 1634 3801 1704 (75)⁶

2144 1723 2206 1777 τὸ
2240 1724 2316 1796 μὴ
2378 1716 2718 1798 ὑπερϐαίνειν
2773 1723 2860 1777 καὶ
2892 1727 3239 1777 πλεονεκτεῖν
3294 1720 3346 1776 ἐν
3391 1725 3468 1793 τῷ
3516 1721 3802 1796 πράγματι

387 1815 753 1872 facinoribus
782 1820 982 1870 utatur
1007 1815 1080 1870 ad
1126 1813 1349 1868 bonum
1397 1830 1468 1868 ex
1516 1813 1587 1867 iis
1639 1810 2035 1867 eliciendum:

2147 1811 2239 1866 τόν
2272 1809 2502 1890 ἀδελφὸν
2534 1811 2720 1886 αὐτοῦ,
2765 1808 2901 1866 διότι
2946 1807 3160 1874 ἔκδικος
3189 1813 3217 1866 6
3250 1817 3445 1886 Κυριος
3500 1811 3627 1884 περί
3659 1810 3805 1864 πάν-

394 1929 423 1959 ‹‹
450 1907 788 1972 Destruam,
815 1905 1030 1976 inquit,
1054 1921 1312 1973 murum,
1337 1909 1396 1958 et
1424 1903 1537 1958 erit
1561 1903 1622 1957 in
1643 1900 2040 1958 conculcatio-

394 2013 534 2053 nem
557 1996 667 2069 (a):
702 2017 730 2047 τι
766 1994 918 2051 218
951 1995 1104 2049 solet
1131 1995 1291 2050 enim
1336 1994 1447 2049 hac
1475 1999 1601 2048 arte
1650 2009 1760 2046 nos
1809 1990 2043 2046 erudire

396 2084 805 2156 providentia:
840 2084 901 2138 in
932 2083 1066 2138 aliis
1098 2083 1340 2153 quidem
1371 2087 1614 2153 propter
1634 2097 1740 2135 sua
1762 2080 2046 2134 uniuscu-

395 2173 617 2243 jusque
667 2179 944 2243 peccata;
997 2172 1060 2225 in
1111 2170 1358 2225 Domino
1409 2176 1606 2225 autem
1656 2176 1715 2224 et
1759 2167 2046 2240 apostolis

400 2267 643 2333 propter
672 2267 893 2316 nostra.
916 2262 1042 2316 Jam
1063 2276 1197 2314 vero
1225 2260 1456 2315 divinus
1479 2259 1795 2331 Apostolus
1821 2276 1834 2312 :
1863 2281 1889 2309 «
1913 2259 2044 2312 Haec

402 2352 563 2407 enim
591 2357 698 2415 est.
734 2352 948 2422 inquit,
982 2351 1082 2406 Dei
1106 2351 1394 2417 voluntas,
1421 2350 1808 2405 sanctiﬁcatio
1832 2355 2044 2415 vestra,

399 2447 466 2496 ut
493 2458 594 2497 vos
627 2440 943 2497 abtineatis
973 2455 1008 2495 a
1036 2438 1449 2506 fornicatione,
1473 2445 1532 2494 et
1558 2439 1705 2493 sciat
1725 2437 2046 2510 unusquis-

397 2548 513 2602 que
543 2536 804 2585 vestrum
835 2546 934 2584 vas
960 2545 1133 2584 suum
1157 2528 1460 2600 possidere
1493 2529 1554 2583 in
1579 2527 2044 2584 sanctificatione

394 2626 455 2676 et
482 2619 731 2687 honore,
759 2635 882 2673 non
905 2618 965 2672 in
997 2618 1309 2673 affectione
1341 2617 1702 2688 cupiditatis,
1729 2617 1881 2672 sicut
1903 2633 2047 2688 gen-

395 2714 504 2776 tes,
527 2725 659 2780 quaa
691 2725 810 2764 non
842 2713 1063 2762 norunt
1083 2707 1399 2762 Dominum
1425 2724 1438 2773 ;
1473 2711 1530 2761 et
1557 2722 1676 2760 non
1709 2712 2042 2778 exsuperet,

395 2803 454 2854 et
491 2813 598 2870 per
627 2797 935 2853 avaritiam
964 2795 1414 2851 circumscribat
1445 2795 1505 2850 in
1537 2795 1768 2867 negotio
1799 2795 2043 2850 fratrem

395 2903 592 2954 suum,
626 2886 907 2958 quoniam
939 2884 1151 2940 vindex
1191 2892 1281 2938 est
1311 2885 1596 2939 Dominus
1645 2885 1857 2939 horum
1907 2901 2042 2940 om-

395 2976 564 3031 nium
591 2993 604 3044 ;
639 2975 793 3030 sicut
825 2974 1000 3029 etiam
1037 2973 1198 3028 vobis
1229 2972 1614 3044 praadiximus
1657 2979 1716 3026 et
1745 2974 2042 3028 testiﬁcati

395 3081 622 3120 sumus.
645 3064 769 3118 Non
793 3063 951 3117 enim
975 3061 1199 3117 vocavit
1218 3078 1325 3116 nos
1348 3062 1503 3116 Deus
1521 3067 1765 3132 propter
1785 3061 2045 3116 immun-

393 3151 622 3218 ditiam,
657 3151 760 3206 sed
792 3151 851 3204 in
897 3149 1387 3206 sanctificatione.
1422 3150 1625 3220 Itaque
1658 3149 1758 3220 qui
1791 3149 2038 3220 spernit,

391 3257 512 3296 non
544 3240 851 3296 hominem
879 3238 1124 3310 spernit,
1167 3237 1270 3292 sed
1312 3239 1518 3304 Deum,
1547 3239 1647 3308 qui
1679 3237 1841 3291 dedit
1871 3237 2037 3292 vobis

393 3329 677 3400 Spiritum
693 3345 865 3384 suum
880 3332 1151 3382 sanctum
1168 3327 1265 3397 (ὁ).
1285 3348 1312 3375 ››
1327 3327 1573 3396 Propter
1585 3326 1737 3382 hanc
1753 3343 1888 3399 ergo
1904 3343 2041 3381 san-

389 3418 812 3473 ctificationem
843 3422 1107 3470 nostram
1134 3431 1253 3468 non
1284 3414 1620 3486 prohibitus
1644 3414 1756 3468 fuit
1774 3415 1893 3485 pati
1927 3416 2036 3468 Do-

389 3507 608 3563 minus.
639 3506 696 3560 Si
727 3505 859 3576 quis
891 3510 1089 3560 autem
1115 3520 1184 3558 ex
1215 3503 1299 3558 eis
1331 3503 1718 3574 respondens,
1744 3503 1901 3558 dicat
1930 3521 2038 3575 pu-

389 3595 506 3650 niri
539 3594 780 3666 quidem
829 3599 1149 3664 martyrem
1190 3599 1437 3664 -pr0pter
1466 3598 1706 3663 peccata
1735 3609 1866 3662 quas
1899 3599 2038 3648 sunt

389 3683 652 3740 admissa
680 3689 817 3739 ante
847 3683 1000 3738 hanc
1033 3683 1092 3736 in
1139 3698 1353 3753 corpus
1402 3681 1816 3753 migrationem
1845 3700 1859 3749 ;
1908 3681 2036 3736 fru-

391 3779 552 3828 ctum
581 3777 780 3827 autem
812 3771 1058 3842 posthac
1090 3786 1220 3825 esse
1250 3776 1668 3841 percepturum
1717 3770 1869 3829 vitae.
1905 3788 2035 3842 quas

392 3860 490 3914 hic
536 3866 666 3915 acta
712 3859 926 3914 fuerit:
980 3860 1064 3914 sic
1113 3858 1273 3912 enim
1322 3859 1705 3913 constitutam
1755 3875 1883 3914 esse
1933 3859 2038 3914 ad-

391 3947 935 4004 ministrationem:
970 3964 1106 4001 eum
1140 3947 1477 4018 rogabimus
1507 3963 1582 4002 an
1601 3947 1910 4002 retributio
1936 3949 2038 4004 fiat

393 4053 464 4092 ex
489 4035 879 4107 providentia.
907 4037 1051 4090 Nam
1069 4035 1116 4088 si
1141 4035 1377 4104 quidem
1403 4052 1520 4089 non
1543 4035 1720 4090 fuerit
1738 4054 1808 4092 ex
1835 4037 2038 4093 divina

391 4125 928 4190 administratione,
953 4124 1109 4196 perit
1128 4123 1444 4179 consilium
1469 4131 1526 4180 et
1545 4125 1910 4197 dispensatio
1935 4145 2034 4183 ex-

388 4218 695 4291 piationis,
729 4221 788 4273 et
818 4217 902 4271 eis
933 4231 1040 4271 sua
1083 4213 1301 4270 excidit
1347 4215 1710 4286 hypothesis.
1746 4216 1801 4269 Si
1835 4223 2032 4274 autem

2147 1921 2255 1956 των
2285 1900 2517 1956 τούτων·
2575 1901 2756 1966 καθὼς
2812 1901 2901 1955 καὶ
2959 1899 3294 1975 προείπομεν
3357 1901 3506 1972 ὑμῖν,
3565 1898 3657 1954 καὶ
3688 1895 3806 1952 διε-

2154 1991 2559 2064 μαρτυράμεθα.
2594 1990 2670 2046 Οὒ
2701 1989 2801 2065 γὰρ
2851 1987 3098 2045 ἐκάλεσεν
3145 1991 3295 2063 ἡμᾶς
3322 1990 3350 2044 6
3382 1989 3513 2050 Θεὸς
3545 1986 3636 2042 ἐπὶ
3667 1987 3809 2042 ἀκα-

2151 2077 2364 2155 θαρσίᾳ,
2416 2076 2545 2134 ἀλλ’
2602 2077 2653 2133 ἐν
2703 2080 2980 2153 ἁγιασμῷ.
3029 2081 3330 2154 Τοιγαροῦν
3363 2079 3392 2132 6
3431 2077 3640 2154 ἀθετῶν
3700 2076 3808 2131 οὐκ

2149 2165 2435 2228 ἄνθρωπον
2488 2169 2681 2236 ἀθετεῖ,
2731 2167 2878 2223 ἀλλὰ
2917 2167 3009 2224 τὸν
3060 2169 3208 2239 Θεὸν,
3254 2167 3347 2222 τὸν
3401 2159 3708 2222 καὶλδόντα
3737 2165 3806 2221 τὸ

2152 2262 2373 2332 Πνεῦμα
2403 2258 2567 2314 αύτοῦ
2611 2259 2675 2314 τὸ
2734 2259 2883 2334 ἅγιον
2945 2259 3024 2321 εἷς
3085 2260 3224 2332 ὑμᾶς
3255 2261 3389 2331 (76).
3426 2282 3454 2308 ι)
3508 2258 3608 2312 Διᾶ
3635 2262 3808 2312 τοῦτο

2151 2348 2361 2404 οὖντὸν
2393 2349 2654 2424 άγιασμὸν
2703 2352 2818 2420 (77)
2874 2350 3035 2421 ἡμῶν
3094 2346 3195 2402 ούκ
3244 2345 3500 2415 ἐκωλύθη
3558 2346 3807 2410 παθεῖνὸ

2148 2436 2376 2512 Κύριος.
2412 2435 2470 2492 Εἰ
2518 2436 2723 2508 τοίνυν,
2775 2435 3231 2512 ἀπολογούμενός
3275 2457 3358 2498 τις
3409 2435 3611 2504 αὐτῶν,
3644 2432 3800 2510 λέγοι

2148 2525 2473 2596 κολάζεσθαι
2505 2526 2603 2599 μὶν
2631 2528 2722 2581 τὸν
2777 2528 3021 2601 μάρτυρα
3067 2523 3156 2580 διὰ
3202 2526 3296 2588 τὰς
3341 2525 3447 2600 πρὸ
3497 2521 3667 2592 τῆσδε
3692 2527 3797 2588 τῆς

2148 2614 2585 2688 ἐνσωματώσεως
2639 2615 2928 2688 ἁμαρτίας,
2980 2615 3072 2670 τὸν
3125 2617 3333 2690 καρπὸν
3381 2611 3439 2669 δὲ
3493 2616 3596 2682 τῆς
3661 2611 3799 2667 κατὰ

2146 2701 2303 2759 τόνδε
2330 2706 2424 2759 τὸν
2477 2703 2592 2780 βίον
2652 2703 2932 2765 πολιτείας
2991 2701 3142 2766 αὖθις
3199 2701 3607 2776 άπολήψεσθαν
3654 2702 3798 2756 οὕτω

2147 2793 2246 2868 γὰρ
2305 2790 2653 2868 διατετάχθαι
2709 2793 2807 2861 τήν
2869 2788 3161 2861 διοίκησινο
3217 2795 3530 2864 πευσόμεθα
3587 2790 3757 2845 αὐτοῦ
3786 2836 3802 2856 ,

2149 2881 2194 2936 εἰ
2228 2880 2287 2938 ἐκ
2315 2880 2573 2956 προνοίας
2603 2881 2805 2956 γίνεται
2835 2883 2870 2950 ἡ
2904 2878 3260 2942 ἁνταπόδοσις
3293 2924 3306 2937 .
3350 2879 3418 2936 Εἴ
3451 2881 3545 2953 μὶν
3576 2880 3681 2954 γάρ
3717 2879 3797 2952 μὴ

2149 2969 2232 3042 εἶή
2276 2978 2376 3039 τῆς
2420 2971 2562 3034 θείας
2623 2969 2970 3040 διοικήσεως,
3030 2969 3244 3046 οἴχεται
3276 2973 3310 3040 ἡ
3342 2968 3635 3043 οίκονομία
3687 2973 3802 3023 τῶν

2146 3060 2477 3135 καθαρσίων,
2527 3059 2619 3114 καί
2676 3079 2954 3114 πεπτωκεν
2999 3061 3035 3128 ἡ
3087 3058 3338 3122 ὑπόθεσις
3394 3059 3604 3121 αὐτοῖς·
3640 3057 3683 3113 εἰ
3742 3054 3799 3112 δὶ

2150 3148 2208 3204 ἐκ
2264 3148 2520 3221 προνοίας
2565 3148 2633 3203 τὰ
2687 3149 2969 3220 καθάρσια,
3003 3148 3062 3203 ἐκ
3108 3147 3367 3220 προνοίας
3397 3148 3488 3202 καὶ
3536 3148 3591 3202 αἱ
3621 3146 3804 3203 κολά-

2151 3259 2284 3301 σεις.
2315 3240 2374 3294 Ἡ
2415 3234 2643 3310 πρόνοια
2675 3235 2753 3306 δὲ,
2787 3236 2838 3292 εἲ
2859 3238 2946 3292 καὶ
2996 3237 3101 3292 ἀπὸ
3130 3241 3228 3292 τοῦ
3260 3236 3550 3312 ἄρχοντος,
3587 3237 3664 3298 ὥς
3696 3237 3803 3313 φά-

2147 3349 2254 3396 ναι,
2286 3329 2548 3382 κινεῖσθαι
2581 3324 2831 3402 ἄρχεται,
2861 3323 2988 3382 ἀλλ’
3031 3324 3399 3401 ἐγκατεσπάρη
3429 3330 3550 3389 ταῖς
3578 3325 3802 3389 ούσίαις

2149 3417 2240 3471 σὺν
2273 3416 2363 3473 καὶ
2409 3419 2477 3490 τῇ
2523 3422 2633 3472 τῶν
2689 3417 2887 3471 οὐσιῶν
2921 3415 3126 3491 γενέσει
3184 3415 3322 3489 πρὸς
3377 3418 3474 3469 τοῦ
3502 3419 3616 3470 τῶν
3647 3412 3796 3469 ὅλων

2147 3511 2300 3577 θεοῦ.
2343 3507 2437 3561 Ὧν
2473 3504 2646 3568 οὕτως
2687 3504 2953 3580 ἐχόντων,
3007 3503 3210 3580 ἀνάγκη
3271 3502 3568 3577 ὁμολογεῖν
3601 3505 3802 3567 αὐτοὺς

2146 3594 2181 3664 ἢ
2213 3601 2312 3665 τῆν
2344 3595 2567 3650 κόλασιν
2603 3595 2680 3666 μή
2735 3593 2865 3647 εἶναι
2924 3590 3131 3658 ἄδικον,
3170 3593 3262 3647 καὶ
3321 3589 3806 3668 δικαιοπραγοῦσιν

2147 3683 2199 3738 οἱ
2242 3679 2694 3751 καταδικάζοντες
2750 3680 2838 3736 καὶ
2895 3678 3186 3744 διὼκοντες
3243 3680 3373 3742 τοὺς
3435 3681 3737 3758 μάρτυραςο
3768 3683 3804 3751 ἢ

2147 3772 2206 3827 ἐκ
2237 3769 2548 3844 θελήματος
2582 3769 3022 3846 ἐνεργεῖσθαιτοῦ
3049 3774 3183 3826 Θεοῦ
3215 3770 3302 3825 καὶ
3332 3769 3460 3833 τοὺς
3493 3767 3798 3846 διωγμούς.

2146 3861 2264 3918 Οὐκ
2295 3859 2372 3916 ἔτι
2403 3859 2494 3914 οὗν
2526 3861 2553 3914 6
2585 3857 2748 3923 πόνος
2789 3859 2880 3914 καὶ
2912 3861 2940 3914 6
2973 3854 3163 3937 φόϐος,
3199 3860 3271 3922 ὠς
3317 3858 3473 3914 αὐτοὶ
3522 3857 3800 3932 λέγουσιν,

2144 3945 2518 4021 ἐπισυμϐαίνει
2575 3954 2692 4010 τοῖς
2743 3948 3050 4025 πράγμασιν
3103 3949 3178 4010 ὡς
3209 3949 3237 4003 6
3286 3948 3370 4012 ἱὸς
3421 3953 3503 4020 τῷ
3561 3945 3803 4021 σιδήρῳ,

2144 4038 2271 4094 ἀλλ’
2303 4037 2361 4094 ἐκ
2404 4036 2724 4113 βουλήσεως
2781 4035 2923 4100 ἷδίας
2970 4037 3336 4114 προσέρχεται
3365 4040 3436 4111 τῇ
3467 4041 3647 4112 ψυχῇ.
3700 4036 3808 4092 Καὶ

2143 4129 2265 4202 περὶ
2304 4128 2399 4200 μὲν
2429 4126 2634 4182 τούτων
2683 4125 2857 4189 πολὺς
2892 4128 2919 4182 6
2947 4123 3136 4204 λόγος,
3169 4126 3296 4182 ὅσον
3329 4125 3384 4182 ἰν
3417 4125 3628 4202 ὑστέρῳ
3668 4147 3801 4182 σκο-

2145 4223 2264 4273 πεῖν
2299 4216 2642 4272 ἀποκείσεται
2674 4216 2811 4271 κατᾶ
2835 4216 3022 4292 καιρὸν
3056 4211 3549 4289 διαλαμϐάνουσιν.

385 4306 812 4381 aprovidentia
861 4311 1000 4362 sunt
1053 4303 1438 4376 expiationes,
1473 4308 1615 4358 sunt
1669 4305 2013 4376 punitiones
2067 4325 2301 4381 quoque
2361 4325 2430 4363 ex
2461 4307 2848 4380 providentia.
2903 4306 3280 4362 Providentia
3329 4313 3548 4374 autem,
3583 4312 3642 4361 et
3687 4308 3806 4362 sia

381 4398 673 4470 principe,
705 4403 772 4452 ut
793 4396 873 4452 ita
900 4395 1117 4463 dicam,
1150 4393 1366 4448 moveri
1400 4392 1630 4464 incipit,
1664 4394 1927 4451 immista
1957 4403 2154 4453 tamen
2187 4403 2276 4452 est
2305 4403 2366 4452 et
2395 4396 2574 4451 insita
2603 4397 2665 4450 in
2697 4395 3064 4464 substantiis,
3089 4412 3211 4450 una
3239 4413 3374 4450 cum
3406 4395 3673 4467 ipsarum
3699 4411 3808 4468 ge-

383 4487 716 4552 neratione,
741 4502 846 4556 per
881 4486 1063 4540 Deum
1094 4482 1525 4538 universorum.
1561 4481 1698 4546 Quae
1729 4498 1863 4537 cum
1904 4484 1987 4539 ita
2035 4486 2312 4549 habeant,
2347 4501 2590 4540 necesse
2641 4490 2727 4539 est
2756 4491 2824 4538 ut
2860 4484 2972 4556 ipsi
3021 4483 3338 4553 fateantur,
3371 4483 3461 4538 vel
3504 4500 3626 4538 non
3668 4500 3806 4539 esse

381 4577 664 4648 injustam
692 4574 1102 4645 punitionem;
1137 4577 1194 4626 et
1225 4577 1349 4625 tum
1379 4576 1539 4625 recte
1563 4569 1845 4642 justeque
1874 4572 1937 4636 is
1969 4591 2029 4629 se
2061 4580 2293 4647 gerunt,
2318 4575 2419 4645 qui
2452 4573 2854 4629 condemnant
2883 4578 2940 4627 et
2967 4578 3409 4644 persequuntur
3454 4578 3752 4644 martyres
3788 4591 3803 4640 ;

382 4671 484 4721 aut
514 4680 585 4719 ex
619 4663 719 4717 Dei
751 4663 1052 4717 voluntate
1085 4660 1346 4714 exerceri
1378 4660 1845 4730 persecutiones.
1896 4664 2021 4717 Non
2077 4664 2283 4735 utique
2316 4680 2450 4735 ergo
2508 4661 2676 4717 labor
2723 4667 2782 4717 et
2832 4666 3025 4716 metus
3084 4660 3262 4716 rebus
3318 4661 3554 4725 accidit,
3589 4667 3654 4715 ut
3684 4660 3803 4731 ipsi

382 4753 608 4818 dicunt,
643 4756 923 4822 tanquam
956 4747 1162 4817 rubigo
1195 4747 1350 4801 ferro
1384 4746 1486 4801 sed
1511 4764 1582 4802 ex
1611 4748 1851 4818 propria
1880 4748 2177 4805 voluntate
2211 4750 2440 4806 accedit
2477 4749 2549 4806 ad
2593 4750 2876 4805 animam.
2911 4748 3022 4804 Sed
3053 4748 3123 4803 de
3175 4749 3267 4804 his
3316 4749 3556 4821 quidem
3608 4749 3810 4804 multa

378 4845 760 4896 reservantur
789 4837 1060 4903 dicenda,
1094 4853 1228 4906 quae
1256 4835 1502 4906 posthac
1533 4852 1638 4891 suo
1665 4841 1931 4908 tempore
1961 4839 2390 4895 tractabuntur.

1877 4973 2109 5029 CAPUT
2145 4975 2293 5029 XIII.

1343 5070 1629 5124 Valentini
1655 5072 1865 5126 nenias
1896 5072 1964 5126 de
1990 5075 2180 5129 mortis
2209 5073 2471 5131 abolitioe
2497 5075 2786 5144 redarguit
2809 5116 2821 5128 .

448 5182 794 5240 Valentinus
824 5188 1020 5239 autem
1043 5184 1103 5239 in
1133 5183 1391 5255 quadam
1423 5184 1671 5240 homilia
1693 5185 1899 5242 scribit
1929 5187 2019 5243 his

2199 5185 2558 5252 Οὖαλεντῖνος
2607 5185 2665 5244 δὲ
2697 5185 2752 5242 ἔν
2798 5207 2907 5242 τινι
2949 5184 3150 5259 ὁμιλιᾳ
3201 5185 3337 5240 κατὰ
3391 5182 3539 5259 λέξιν
3568 5187 3800 5262 γράφει.

475 5327 606 5391 Ρ.›ι‹
625 5326 725 5381 eos
758 5325 870 5380 ED.
898 5325 1191 5393 roman,
1219 5328 1320 5379 509
1351 5325 1465 5380 ED.
1497 5328 1727 5384 PABIS.
1803 5329 1878 5398 ta)
1911 5331 2024 5396 Isa,
2055 5349 2107 5400 v,
2137 5335 2189 5387 5.
2220 5332 2302 5405 (δ)
2331 5333 2354 5386 I
2383 5333 2585 5388 Thess'
2619 5348 2694 5396 1v,
2726 5333 2780 5397 3,
2812 5333 2864 5399 4,
2900 5333 3115 5401 5,6,7,
3147 5329 3200 5385 8.

440 5472 554 5555 €72)
581 5469 958 5555 Τοῖχον.’ξεὶι.
979 5483 1048 5555 ,v,
1081 5465 1276 5555 ταῖλον
1307 5463 1506 5555 auito-3':
1528 5469 1594 5520 A.
1629 5469 1908 5525 SYLBURG.

440 5535 554 5614 (73)
583 5535 906 5614 Τῆξέοιάδε
937 5535 1102 5614 αὐτῆς
1136 5535 1304 5605 οὔσης
1336 5539 1636 5614 πρέᾚοῑῑθ
1665 5543 1767 5606 τῆς
1807 5539 2027 5614 τοιᾶσδε

369 5607 718 5682 αὐτῷὀῧσης
758 5609 1042 5685 προνοίας,
1081 5633 1121 5685 μ
1157 5625 1292 5667 cum
1349 5607 1486 5664 talis
1536 5624 1606 5664 ea
1655 5611 2028 5681 providentia

371 5685 450 5741 sit
468 5701 564 5740 ars
597 5683 982 5740 institutoria.
1012 5706 1039 5732 η
1072 5683 1345 5738 Srnnuac.

440 5756 556 5826 (74)
585 5754 678 5811 Τὸ.
714 5756 898 5812 Abest
925 5771 956 5810 e
987 5755 1187 5812 Thess.
1221 5770 1294 5808 iv.

2352 5473 2574 5548 Κύριον,
2609 5473 2758 5548 Θεόν.
2791 5476 3123 5548 Tgess.,__i_v.

2208 5547 2320 5617 (76)
2352 5544 2446 5618 Εἰς
2484 5545 2645 5618 ὑμᾶς.
2679 5544 2773 5618 Εἷς
2803 5544 2975 5618 ἡμεῖς.
3005 5545 3151 5618 ibid_.

2136 5688 2171 5743 S
2209 5612 2320 5688 (77)
2351 5617 2451 5672 Διὰ
2474 5612 2634 5673 τοῦτο
2657 5614 2748 5672 οὗν
2776 5612 2870 5672 τὸν
2903 5616 2988 5692 άγ.
3021 5619 3087 5674 Α.
3121 5612 3210 5670 διὰ
3227 5616 3418 5670 τοῦτον
3447 5612 3540 5669 οὖν
3574 5613 3666 5669 τὸν

2179 5705 2414 5747 YLBUBG.
