4066 6192
311 373 450 430 1297

1639 368 2088 426 PTROMATUM
2125 371 2256 427 LIB.
2300 372 2396 426 IV.

3576 373 3721 430 1298

307 523 336 552 «
367 499 489 554 Ἀπ’
514 497 697 571 ἀρχῆς
727 493 982 559 ἀθάνατοί
1015 492 1154 564 ἐστι,
1183 491 1274 547 καὶ
1319 491 1480 548 τέκνα
1529 496 1676 561 ζωῆς
1706 489 1952 552 αἰωνίοις·

2070 494 2261 550 verbis
2296 513 2309 550 :
2341 517 2370 545 ‹‹
2392 496 2478 552 Ab
2500 497 2670 551 initio
2698 497 2840 552 estis
2872 495 3264 566 immortales,
3301 502 3359 552 et
3415 497 3523 553 ﬁlii
3574 500 3720 555 estis

303 587 396 644 καὶ
425 587 518 642 τὸν
549 587 772 641 θάνατον
805 581 1033 654 ἠθὲλετε
1094 581 1412 656 μερίσασθαι
1464 581 1541 644 εἰς
1593 580 1838 645 ἑαυτοὺς,
1868 578 1961 634 ’ίνα

302 676 651 748 δαπανήσητε
709 675 870 730 αὐτὸν
930 674 1020 728 καὶ
1079 669 1433 742 ἆναλώσητε,
1489 670 1578 725 καὶ
1637 670 1882 744 ἀποθάνῃ
1930 671 1958 724 ὁ

302 770 529 834 θάνατος
561 766 614 822 ἐν
665 766 818 838 ὑμῖν,
869 762 960 819 καὶ
1020 760 1089 817 δι’
1150 763 1324 836 ὑμῶν.
1359 765 1518 816 *Οταν
1582 759 1686 836 γὰρ
1722 760 1823 814 τὸν
1861 759 1957 831 μὶν

298 857 507 931 κόσμον
555 853 746 926 λύητε,
797 854 953 926 ὑμεῖς
1013 851 1072 907 δὲ
1133 853 1209 925 μὴ
1268 849 1636 921 καταλύησθε,
1684 849 1960 921 κυριεύετε

297 950 400 1016 τῆς
430 947 659 1008 κτίσεως
687 943 778 999 καὶ
807 950 909 1014 τῆς
942 947 1144 1020 φθορᾶς
1178 942 1412 1010 ἁπάσης.
1439 965 1458 990 ι
1499 939 1664 994 Φύσει
1714 939 1818 1013 γὰρ
1850 959 1954 994 σω-

305 1036 534 1110 ζόμενον
591 1031 740 1110 γένος
801 1031 1114 1095 ὑποτίθεται
1188 1029 1278 1084 καὶ
1337 1027 1496 1090 αὐτὸς
1572 1027 1822 1104 ἐμφερῶς
1879 1030 1958 1099 τῷ

304 1120 623 1196 Βασιλείδῂ·
654 1119 856 1185 ἃνωθεν
887 1117 945 1174 δὶ
996 1123 1132 1192 ἡμῖν
1194 1116 1351 1193 δεῦρο
1382 1122 1544 1172 τοῦτο
1573 1114 1640 1185 δὴ
1669 1117 1732 1172 τὸ
1766 1113 1959 1180 διάφο-

308 1231 404 1286 ρον
449 1209 625 1284 γένος,
684 1206 772 1262 ἐπὶ
825 1207 926 1275 τὴν
980 1209 1079 1260 τοῦ
1137 1205 1367 1259 θανάτου
1425 1203 1732 1277 καθαίρεσιν
1788 1202 1952 1270 ἣκεινο

309 1298 540 1354 θανάτου
593 1295 650 1353 δὶ
706 1297 911 1364 γένεσιν
961 1288 1117 1369 ἔργον
1176 1293 1309 1348 εἶναι
1365 1295 1462 1346 τοῦ
1535 1291 1816 1352 κτίσαντος
1862 1288 1956 1343 τὸν

305 1388 537 1462 κόσμον.
572 1386 665 1441 Διὸ
721 1384 812 1440 καὶ
860 1384 960 1452 τὴν
1008 1383 1228 1459 Γραφὴν
1283 1379 1492 1448 ἐκείνην
1525 1379 1698 1441 οὕτως
1731 1376 1956 1452 ἐκδέχε-

304 1493 415 1534 ται⁶
449 1502 476 1529 α
511 1473 702 1537 Οὒδεὶς
735 1471 926 1547 ὄψεται
955 1475 1066 1546 (78)
1110 1473 1172 1526 τὸ
1227 1470 1521 1545 πρόσωπον
1547 1473 1644 1522 τοῦ
1677 1471 1831 1533 Θεοῦ,
1861 1465 1951 1520 καὶ

310 1567 550 1636 ζήσεταιο
585 1587 614 1616 ››
646 1563 722 1627 ὡς
745 1563 975 1616 Θανάτου
998 1560 1196 1615 αἰτίου.
1255 1559 1384 1634 Περὶ
1430 1559 1627 1612 τούτου
1663 1560 1762 1611 τοῦ
1817 1559 1950 1610 Θεοῦ

304 1654 482 1710 ἐκεῖνα
533 1651 843 1718 αἰνίττεται,
897 1649 1118 1728 γράφων
1152 1647 1342 1709 αὐταῖς
1403 1646 1624 1719 λέξεσινα
1660 1670 1688 1697 ‹‹
1715 1643 1948 1702 Ὁπόσον

306 1743 546 1800 ἰλάττων
605 1743 640 1811 ἡ
701 1740 860 1796 εἰκὼν
906 1743 1004 1795 τοῦ
1050 1743 1254 1809 ζῶντος
1311 1737 1632 1812 προσώπου,
1691 1739 1949 1790 τοσοῦτον

303 1812 486 1903 ἥσσων
521 1832 548 1886 ὁ
575 1831 781 1903 κόσμος
809 1832 906 1884 τοῦ
961 1831 1162 1897 ζῶντος
1222 1826 1457 1888 Αίῶνος.
1516 1825 1614 1887 Τίς
1652 1821 1743 1880 οὖν
1803 1822 1948 1878 αἰτία

302 1928 404 1992 τῆς
425 1920 630 1982 εἰκόνος
663 1938 678 1988 ;
713 1915 1096 1994 Μεγαλωσύνη
1153 1919 1253 1970 τοῦ
1311 1915 1630 1988 προσώπου,
1663 1931 1951 1988 παρεσχη-

311 2013 476 2086 μένου
503 2014 586 2082 τῷ
618 2008 887 2086 ζωγράφῳ
940 2007 1033 2062 τὸν
1087 2006 1286 2075 τόπον,
1329 2001 1421 2058 ἵνα
1469 2004 1681 2076 τιμηθῇ
1716 1999 1785 2056 δι’
1836 2002 1955 2058 ὀνό-

311 2121 481 2176 ματος
504 2099 689 2156 αὐτοῦ’
724 2096 790 2152 οὗ
818 2098 917 2172 γὰρ
952 2096 1279 2160 αὐθεντικῶς
1337 2095 1528 2169 εὑρέθη
1583 2097 1693 2166 (⁷9)
1743 2092 1953 2170 μσρφή»

306 2189 454 2246 ἀλλά
480 2189 543 2244 τὸ
572 2183 747 2260 ὄνομα
776 2183 1104 2259 ἐπλήρωσαν
1137 2186 1252 2257 (80)
1279 2184 1341 2238 τὸ
1376 2183 1668 2256 ὑστερῆσαν
1699 2181 1750 2236 ἐν
1813 2179 1954 2236 πλά-

307 2299 409 2336 σει.
444 2281 698 2352 Κυνεργεῖ
726 2273 783 2330 δὲ
811 2274 899 2329 καὶ
929 2274 991 2328 τὸ
1036 2277 1132 2328 τοῦ
1191 2276 1324 2327 Θεοῦ
1379 2270 1606 2345 ἀόρατον
1666 2270 1742 2344 εἷς
1775 2269 1953 2325 πίστιν

304 2372 401 2424 τοῖ’)
458 2364 865 2438 πεπλασμένου·
933 2387 959 2413 ››
1015 2363 1107 2417 τὸν
1171 2363 1266 2435 μὶν
1333 2362 1434 2436 γὰρ
1482 2357 1819 2434 δημιουργὸν
1883 2359 1958 2422 ὡς

307 2458 441 2513 Θεὸν
496 2455 586 2510 καὶ
630 2455 840 2528 Πατέρα
893 2449 1188 2521 κληθέντα,
1243 2475 1272 2502 ‹‹
1318 2450 1496 2505 εἰκόνα
1540 2453 1638 2504 τοῦ
1689 2449 1956 2516 ἀληθινοῦ

307 2550 464 2613 Θεοῦ,
500 2568 526 2596 ιι
557 2543 647 2599 καὶ
679 2568 706 2595 (ι
736 2543 1035 2616 Προφήτην
1070 2564 1096 2590 η
1127 2544 1436 2613 προσεῖπεν·
1466 2537 1804 2612 «ζωγράφον
1838 2560 1865 2587 ››
1900 2534 1956 2592 δὲ

302 2637 405 2705 τήν
440 2633 667 2712 Σοφίαν,
699 2634 766 2701 ἧς
793 2632 857 2685 τὸ
915 2627 1147 2702 πλάσμα
1195 2631 1229 2698 ἡ
1291 2627 1476 2694 εἰκὼν,
1535 2626 1610 2691 εἷς
1640 2623 1795 2696 δόξαν
1858 2629 1956 2680 τοῦ

302 2721 558 2800 ἀοράτου·
592 2720 706 2776 ἐπεὶ
760 2720 859 2774 ὃσα
918 2717 977 2772 ἐκ
1036 2717 1287 2793 συζυγίας
1332 2717 1682 2792 προέρχεται,
1714 2716 1955 2789 πληρώ-

307 2812 451 2887 ματά
506 2810 669 2866 ἐστιν’
721 2808 822 2864 ὅσα
879 2805 937 2863 δὲ
995 2807 1101 2862 άπὸ
1159 2807 1298 2873 ἑνὸς,
1349 2805 1746 2867 εἰκόνες.Ἑπεὶ
1783 2802 1841 2858 δὶ
1894 2804 1957 2858 τὸ

305 2899 635 2980 φαινόμενον
695 2899 861 2953 αὖτοῦ
919 2898 1022 2950 οὐκ
1080 2892 1309 2965 ἕστιν,ἡ
1355 2893 1415 2950 ἐκ
1449 2894 1746 2967 μεσότητος
1799 2893 1954 2966 ψυχή

305 2978 550 3065 ἶρχεται,
581 2988 643 3043 τὸ
693 2984 949 3060 διαφὲρον
977 2986 1109 3057 (81)·
1157 2983 1247 3038 καὶ
1304 2984 1452 3037 τοῦτ’
1498 2980 1608 3036 ἐστι
1663 2981 1727 3034 τὸ
1783 2978 1953 3056 ἐμφό-

305 3099 458 3152 σημα
483 3081 580 3133 τοῦ
619 3073 972 3153 διαφέροντος
1022 3072 1353 3146 πνεύματος,
1411 3069 1500 3126 καὶ
1558 3069 1677 3132 καθ’
1723 3070 1858 3123 ὃν.ου
1927 3067 1958 3122 ὅ

305 3167 592 3242 ἐμπνεῖται
661 3170 730 3240 τῇ
784 3164 938 3238 ψυχῇ
991 3165 1060 3236 τῇ
1119 3159 1284 3216 εἰκόνι
1341 3164 1436 3215 τοῦ
1483 3159 1815 3232 πνεύματος·
1864 3159 1952 3212 καὶ

2069 583 2197 638 vitae
2229 590 2488 652 aeternae,
2523 592 2580 641 et
2609 592 2860 641 mortem
2913 586 3182 641 voluistis
3233 586 3392 640 inter
3419 603 3523 642 vos
3557 587 3720 660 ipsos

2067 671 2366 744 dispertiri
2399 680 2465 729 ut
2496 691 2624 729 eam
2656 676 3106 742 consumeretis,
3137 679 3194 730 et
3240 692 3402 730 mors
3432 676 3494 731 in
3549 677 3718 732 vobis

2063 768 2350 827 moretur,
2385 767 2443 818 et
2471 780 2578 835 per
2609 780 2728 818 vos.
2762 764 3006 829 Quando
3059 764 3220 819 enim
3268 764 3561 820 mundum
3584 765 3715 837 qui-

2065 850 2198 906 dem
2232 851 2479 920 solvitis,
2516 871 2616 908 vos
2675 857 2870 908 autem
2925 871 3044 908 non
3106 853 3518 922 dissolvimini,
3571 855 3716 911 estis

2063 939 2290 994 domini
2311 947 2595 995 creaturae
2620 947 2677 996 et
2695 943 2956 1015 cujusvis
2980 942 3517 999 interitus.«Genus
3533 944 3719 1015 enim,

2064 1028 2222 1099 quod
2247 1034 2460 1084 natura
2492 1037 2774 1098 servatur,
2811 1033 2981 1104 ponit
3010 1033 3136 1104 ipse
3179 1049 3414 1103 quoque
3445 1033 3724 1089 similiter

2063 1122 2240 1188 atque
2273 1119 2562 1175 Basilides
2586 1141 2599 1184 ;
2621 1121 2694 1176 ad
2727 1138 2834 1175 nos
2867 1127 3066 1176 autem
3097 1120 3354 1193 desuper
3382 1121 3500 1177 huc
3520 1123 3721 1179 venire

2063 1207 2173 1262 hoc
2200 1209 2496 1263 diversum
2527 1226 2733 1281 genus,
2768 1210 2842 1264 ad
2874 1216 3125 1265 mortem
3160 1210 3231 1265 de
3275 1210 3471 1266 medio
3504 1211 3722 1267 tollen-

2062 1295 2197 1350 dam
2233 1314 2247 1361 ;
2282 1298 2492 1353 mortis
2515 1304 2712 1354 autem
2745 1300 3192 1372 generationem
3223 1315 3354 1354 esse
3381 1316 3530 1371 opus
3562 1301 3714 1372 ejus,

2061 1385 2160 1460 qui
2194 1387 2417 1440 creavit
2447 1388 3160 1453 mundum.Quamobrem
3193 1388 3276 1443 sic
3299 1388 3476 1443 etiam
3504 1389 3722 1460 accipit

2058 1459 2224 1528 illam
2257 1476 2618 1547 Scripturam
2647 1495 2659 1531 :
2688 1501 2715 1527 «
2750 1480 2931 1532 Nemo
2964 1477 3184 1532 videbit
3212 1477 3424 1532 faciem
3475 1479 3601 1546 Dei,
3636 1459 3722 1532 iet

2059 1564 2208 1618 vivet
2236 1565 2315 1635 (a)
2345 1582 2358 1632 ;
2397 1587 2423 1613 »
2457 1567 2627 1636 quasi
2660 1566 2760 1620 ille
2785 1567 2861 1621 sit
2890 1571 3098 1622 auctor
3117 1567 3436 1623 mortis.De
3462 1567 3575 1622 hoc
3597 1569 3719 1622 Deo

2058 1653 2142 1708 ita
2173 1653 2665 1717 innuit,scribens
2695 1655 2788 1710 his
2819 1655 3011 1709 verbis
3043 1672 3054 1708 :
3092 1677 3120 1704 ‹‹
3151 1657 3379 1720 Quanto
3403 1655 3722 1728 imagomi-

2058 1759 2169 1797 nor
2200 1748 2290 1796 est
2329 1743 2452 1797 viva
2491 1743 2661 1807 facie,
2708 1750 2870 1799 tanto
2925 1743 3185 1799 mundus
3229 1749 3320 1799 est
3361 1744 3561 1799 minor
3589 1745 3720 1800 vivo

2057 1831 2255 1885 Eone.
2281 1831 2567 1896 Quasnam
2601 1836 2690 1886 est
2737 1848 2874 1904 ergo
2933 1848 3112 1888 causa
3145 1831 3467 1905 imaginis?
3526 1833 3716 1888 Faciei

2066 1919 2369 1990 majestas,
2400 1935 2532 1989 quae
2566 1920 2774 1990 pictori
2801 1921 3070 1977 exhibuit
3093 1921 3434 1994 figuram,ut
3461 1938 3568 1993 per
3589 1922 3716 1994 ejus

2064 2023 2283 2062 nomen
2307 2007 2853 2064 honoraretur.Non
2869 2010 3029 2065 enim
3061 2027 3206 2065 exse
3241 2015 3298 2064 et
3327 2027 3434 2066 sua
3453 2011 3716 2066 auctori-

2064 2102 2180 2152 tate
2204 2096 2314 2151 fuit
2347 2097 2539 2152 forma
2569 2097 2830 2166 inventa,
2864 2099 2964 2153 sed
3016 2099 3283 2171 implevit
3312 2116 3530 2154 nomen
3557 2099 3717 2171 quod

2063 2187 2126 2241 in
2158 2186 2456 2241 creatione
2479 2191 2603 2242 erat
2623 2187 3317 2260 imperfectumAdjuvat
3332 2188 3720 2260 autemquod

2065 2275 2167 2329 Dei
2201 2291 2434 2346 quoque
2459 2280 2549 2330 est
2579 2276 3027 2347 inaspectabile.
3062 2276 3132 2330 ad
3167 2277 3346 2332 ﬁdem
3379 2277 3530 2348 ejus,
3562 2277 3720 2348 quod

2065 2361 2330 2418 effictum
2364 2368 2453 2417 est
2484 2385 2509 2411 »
2541 2364 2876 2418 Creatorem
2893 2364 3148 2432 enim,ut
3165 2365 3267 2436 qui
3299 2366 3454 2420 Deus
3476 2370 3534 2420 et
3550 2367 3724 2420 Pater

2067 2451 2143 2507 sit
2173 2457 2434 2518 vocatus,
2469 2474 2495 2499 ‹‹
2523 2453 2644 2506 veri
2677 2452 2778 2506 Dei
2836 2452 3182 2525 imaginem,
3214 2476 3242 2503 »
3275 2458 3334 2508 et
3385 2478 3412 2504 ιι
3463 2454 3722 2526 prophe-

2065 2549 2186 2599 tam
2214 2567 2240 2593 ››
2272 2543 2626 2615 appellavit;
2653 2565 2681 2592 «
2714 2543 3002 2614 pictorem
3036 2567 3061 2592 »ι
3097 2549 3294 2600 autem
3333 2545 3718 2616 Sapientiam,

2066 2632 2236 2706 cujus
2269 2632 2615 2705 ﬁgmentum
2643 2639 2732 2686 est
2756 2633 3047 2704 imago,ad
3079 2633 3327 2704 gloriam
3354 2633 3484 2703 ejus
3507 2633 3609 2703 qui
3633 2637 3722 2687 est

2067 2720 2534 2793 inaspectabilis.
2555 2723 2696 2774 Nam
2725 2737 3097 2790 quascunque
3121 2719 3454 2790 procedunt
3485 2737 3552 2774 ex
3575 2737 3718 2775 con-

2058 2811 2464 2883 jugatione.ea
2494 2814 2632 2863 sunt
2647 2807 2977 2879 pleromata
2991 2825 3004 2874 ;
3032 2825 3404 2879 quascunque
3425 2815 3624 2864 autem
3643 2809 3716 2864 ab

2064 2915 2207 2959 uno,
2240 2897 2550 2969 imagines.
2584 2897 2874 2961 Quoniam
2923 2902 3120 2951 autem
3189 2913 3310 2952 non
3341 2903 3431 2952 est
3474 2898 3603 2969 ejus
3633 2898 3715 2962 id,

2067 2985 2224 3056 quod
2256 2989 2500 3056 apparet
2534 3002 2546 3038 :
2581 3002 2711 3056 qua:
2741 2991 2830 3039 est
2863 3002 2932 3040 ex
2961 2985 3280 3040 medietate
3305 2986 3506 3042 anima
3536 2987 3714 3053 venit,

2066 3091 2280 3145 nempe
2313 3073 2393 3140 id,
2413 3073 2571 3144 quod
2603 3079 2693 3128 est
2723 3073 3024 3142 differens,
3061 3081 3118 3128 et
3137 3074 3247 3129 hoc
3271 3081 3360 3130 est
3389 3075 3713 3131 insufﬂatio

2065 3162 2397 3218 differentis
2428 3162 2756 3234 spiritus,et
2786 3162 2848 3217 in
2871 3179 3104 3218 summa
3132 3163 3717 3236 id,quodinspiratur

303 3257 548 3323 καθόλου
587 3257 652 3311 τὰ
705 3255 791 3311 ἐπὶ
838 3258 935 3308 τοῦ
988 3253 1337 3326 Δημιουργοῦ
1369 3250 1641 3325 Λεγόμενα
1693 3252 1791 3304 τοῦ
1838 3251 1954 3303 κατ’

2070 3251 2128 3306 in
2160 3251 2580 3322 animam,quai
2614 3257 2703 3305 est
2732 3251 2924 3324 imago
2957 3251 3220 3322 spiritus.
3251 3253 3340 3320 Et,
3363 3258 3427 3307 ut
3456 3253 3518 3308 in
3548 3269 3713 3308 sum-

307 3348 487 3404 εἰκόνα
534 3347 852 3421 γενομὲνου,
907 3343 1057 3398 ταῦτ’
1105 3341 1155 3395 ἐν
1216 3339 1425 3400 εἰκόνος
1473 3337 1738 3407 αἰσθητῆς
1795 3337 1962 3413 μοίρᾳ

307 3437 358 3492 ἰν
390 3441 456 3511 τῇ
484 3436 688 3510 γενέσει
743 3436 855 3508 (82)
902 3431 1027 3507 περὶ
1084 3429 1527 3504 άνθρωπογονίαν
1586 3431 1959 3504 προπεφητεῦ·

307 3537 426 3591 σθαι
458 3524 704 3600 λέγουσι·
755 3521 844 3576 καὶ
905 3518 971 3587 δὴ
1030 3519 1322 3594 μετάγουσι
1361 3518 1461 3586 τὴν
1520 3517 1827 3589 ὁμοιότητα
1867 3516 1957 3571 καὶ

307 3613 390 3690 ἔφ’
421 3614 673 3678 ἑαυτοὺς,
721 3609 999 3687 ἄγνωστον
1029 3611 1108 3679 τῷ
1156 3610 1492 3682 Δημιουργῷ
1517 3607 1620 3675 τήν
1644 3609 1741 3660 τοῦ
1773 3603 1957 3681 διαφέ-

308 3723 500 3779 ροντος
551 3700 821 3755 ἱπὲνθεσιν
902 3697 1210 3770 πνεύματος
1263 3697 1583 3771 γεγενῆσθαι
1629 3693 1960 3769 παραδιδόν-

296 3812 406 3854 τες.
438 3792 607 3848 ’Όταν
643 3789 740 3862 μὶν
793 3785 883 3842 οὗν
935 3785 1189 3862 περὶτοῦ
1235 3781 1328 3840 ἵνα
1357 3785 1491 3840 εἶναι
1522 3785 1614 3839 τὸν
1653 3785 1806 3855 Θεὸν,
1862 3785 1956 3840 τὸν

299 3877 388 3936 διά
418 3879 592 3954 νόμου
636 3878 727 3933 καὶ
784 3876 1086 3956 προφητῶν
1142 3874 1233 3930 καὶ
1296 3872 1638 3950 Εὐαγγελίου
1685 3873 1955 3946 κηρυσσό-

301 3991 484 4042 μενον,
531 3960 1018 4040 διαλαμϐάνωμεν,
1049 3962 1306 4039 καὶπρὸς
1356 3967 1517 4019 τοῦτο
1575 3960 1954 4035 διαλεξόμεθα*

299 4059 534 4135 ἀρχικὸς
565 4057 666 4133 γάρ
702 4058 729 4112 ὁ
762 4054 946 4132 λόγος·
1008 4058 1143 4130 πρὸς
1177 4051 1234 4108 δὶ
1275 4053 1338 4108 τὸ
1365 4057 1680 4126 κατεπεῖγον
1711 4052 1953 4123 ἀπαντη-

296 4148 439 4205 τέον.
473 4148 538 4204 Εἰ
571 4147 657 4202 ἐπὶ
686 4147 750 4202 τὸ
779 4149 888 4219 (83)
919 4144 1221 4201 καταλῦσαι
1280 4144 1506 4198 θάνατον
1561 4143 1860 4220 ἀφικνεῖται
1890 4143 1953 4197 τὸ

299 4237 551 4316 διαφέρον
583 4237 737 4314 γένος
769 4233 1032 4310 (84),οὗχ
1062 4234 1090 4288 ὁ
1120 4232 1350 4307 Χριστὸς
1378 4231 1470 4287 τὸν
1505 4229 1729 4295 θάνατον
1756 4233 1955 4308 κατήρ-

2071 3357 2168 3396 ma
2187 3340 2540 3410 dicam,quua
2563 3339 2842 3394 dicuntur
2871 3340 2942 3395 de
2973 3341 3267 3408 Creatore,
3293 3342 3393 3412 qui
3417 3341 3604 3397 factus
3625 3347 3718 3397 est

2069 3431 2142 3486 ad
2165 3430 2502 3503 imaginem,
2537 3447 2606 3484 ea
2635 3430 2694 3485 in
2716 3429 2972 3503 imagine
3021 3430 3229 3486 sensili
3252 3431 3312 3486 in
3333 3432 3714 3504 generatione

2070 3520 2278 3575 dicunt
2304 3519 2486 3574 fuisse
2506 3527 2569 3591 ›ι‹
2588 3518 2871 3592 praedicta
2909 3519 2981 3574 de
3010 3521 3390 3591 generatione
3432 3521 3712 3576 hominis.

2069 3611 2214 3664 Nam
2241 3607 2314 3663 ad
2347 3608 2572 3678 seipsos
2599 3622 2835 3678 quoque
2869 3607 3235 3663 transferunt
3261 3609 3716 3666 similitudinem

2070 3700 2218 3769 ejus,
2253 3697 2354 3768 qui
2381 3696 2600 3761 differt,
2633 3695 2877 3768 spiritus
2917 3696 3395 3769 interjectionem
3453 3698 3716 3754 Creatori

2066 3785 2251 3842 fuisse
2282 3785 2542 3859 ignotam
2601 3783 2923 3840 tradentes.
2978 3785 3122 3840 Cum
3157 3803 3293 3859 ergo
3325 3786 3397 3841 de
3436 3803 3526 3855 eo,
3555 3787 3717 3858 quod

2066 3893 2222 3931 unus
2253 3876 2407 3930 Deus
2439 3873 2644 3944 sit,qui
2672 3873 3028 3946 prmdicatur
3044 3891 3149 3946 per
3170 3875 3358 3948 legem
3384 3880 3442 3931 et
3456 3876 3716 3947 prophe-

2068 3971 2157 4022 tas
2185 3972 2244 4020 et
2267 3965 2666 4038 Evangelium,
2701 3964 3109 4031 tractabimus,
3133 3965 3412 4021 adversus
3433 3966 3543 4021 hoc
3565 3984 3713 4038 quo-

2066 4072 2181 4126 que
2211 4054 2609 4120 disseremus;
2642 4059 2732 4108 est
2761 4053 2919 4108 enim
2958 4054 3123 4110 locus
3177 4055 3515 4126 primarius.
3548 4057 3715 4111 Nunc

2065 4147 2346 4203 adversus
2378 4144 2458 4213 id,
2492 4162 2608 4217 quo
2636 4145 2695 4200 in
2743 4162 3007 4216 prassens
3047 4163 3344 4219 urgemur,
3378 4153 3468 4202 est
3515 4163 3716 4202 occur-

2065 4235 2340 4291 rendum.
2377 4235 2434 4290 Si
2458 4234 2532 4290 ad
2559 4234 2998 4290 dissolvendam
3031 4242 3280 4290 mortem
3310 4236 3473 4290 venit
3527 4250 3712 4307 genus

369 4385 433 4450 ἰα
461 4387 524 4441 P.
549 4385 655 4439 604
685 4384 796 4438 ED.
833 4382 1126 4448 POTTER,
1159 4381 1264 4435 510
1293 4381 1404 4434 ED.
1438 4380 1668 4435 PARIS.
1701 4381 1778 4451 (a)
1809 4380 1954 4435 Exod

2070 4398 2219 4448 rxm,
2251 4385 2339 4435 '20.

369 4521 482 4594 (‘78)
514 4515 708 4594 Οὐδεὶς
736 4513 826 4594 ὅιιί.
862 4517 1041 4594 Exod.
1076 4532 1281 4594 χιιιιιιι,⁸
1479 4511 1556 4571 Οὐ
1613 4511 1713 4588 γὰρ
1749 4513 1826 4586 μὴ
1861 4509 1949 4588 ἴδῃ

300 4585 583 4664 ἄνθρωπος
613 4589 675 4664 τὸ
707 4585 1004 4664 πρόσωπόν
1040 4606 1165 4664 μου,
1197 4585 1284 4638 καὶ
1317 4585 1556 4664 ζήσεταιτ

2070 4515 2362 4570 Valentini
2389 4514 2746 4569 sententiam
2768 4513 3023 4584 explicat
3047 4512 3143 4584 (de
3176 4530 3292 4583 qua
3321 4513 3394 4567 cf.
3424 4515 3711 4570 lrenaaum

2064 4586 2167 4641 lib.
2229 4604 2264 4652 ι,
2319 4591 2461 4639 sect.
2512 4589 2566 4653 9)
2629 4604 2649 4650 ς,
2695 4599 3036 4654 quanquam
3116 4601 3185 4638 ex
3241 4585 3513 4639 Orientali
3599 4587 3712 4639 Va-

371 4654 486 4736 (79)
509 4654 760 4741 Εὖρὲθηξ
787 4659 954 4716 Haud
987 4654 1108 4713 scio
1140 4673 1217 4712 an
1249 4658 1446 4712 verius
1477 4655 1696 4731 ἐρῥὲθη,
1734 4679 1761 4706 ‹‹
1794 4657 1953 4712 dicta

2070 4658 2491 4741 lentinianorum
2522 4655 2837 4741 Didascalia
2856 4654 3020 4741 apud
3041 4654 3709 4741 Clem‘e.ntem,pag‘.o8012

299 4742 409 4793 est.
447 4759 473 4786 ι»
504 4737 776 4790 Sanunc.

373 4809 482 4878 (80)
511 4803 896 4878 Ἐπλήρωσαν.
943 4801 1267 4878 _lnterpres_
1292 4799 1484 4878 sing.“
1503 4814 1751 4878 nﬂumero

302 4869 494 4946 ρωσεν,
509 4903 529 4926 ι
547 4869 817 4949 implevit
841 4892 910 4949 :A»
939 4869 1134 4949 inquit
1151 4869 1766 4949 _SylburgZCl_.Grabi}1s
1779 4871 1952 4940 Spici-

304 4938 436 5021 fegii
466 4938 600 5021 suac.
638 4938 694 5010 ἰι,
727 4965 785 5018 p.
820 4947 907 5012 54,
941 4938 1067 4999 huic
1097 4938 1393 5021 adnotat}
1415 4964 1442 4990 «
1477 4938 1948 5021 Ego‘énlfjpmcav

301 5009 378 5078 in“
397 5009 921 5093 tnMpmccv-muto
947 5035 961 5082 ;
994 5020 1054 5070 et
1081 5014 1259 5093 verba
1289 5013 1424 5093 ista,
1455 5009 1647 5093 οιῖξγᾲρ
1678 5010 1950 5093 αὐθᾼεντικ.

304 5095 385 5149 ita
415 5084 810 5164 interpretor:
833 5111 860 5136 ‹‹
879 5090 1008 5164 Non
1031 5086 1190 5164 enim
1218 5090 1418 5140 exacte
1448 5084 1522 5140 ad
1553 5084 1741 5164 vivum
1765 5085 1956 5140 forma

305 5188 330 5215 ει
354 5164 556 5236 aliqua
577 5155 975 5236 reperitur_(in
997 5158 1253 5236 imagine
1278 5155 1710 5236 expressa),sed
1728 5173 1954 5236 nomen

303 5227 489 5307 «(ejus
517 5227 841 5307 scilicujus
865 5227 1057 5307 imago
1081 5227 1189 5307 est)
1221 5227 1458 5307 supplet
1479 5227 1561 5307 id,
1588 5228 1745 5307 quod
1778 5230 1956 5307 effor-

302 5330 331 5358 «
347 5299 608 5363 ‘mationi
633 5299 816 5361 deest.
828 5327 853 5352 ι)
871 5301 1044 5357 Moris
1068 5300 1226 5356 enim
1243 5299 1387 5354 olim
1408 5299 1592 5354 fuisse
1611 5299 1952 5370 pistoribus,

301 5385 368 5434 ut
397 5379 644 5434 nomina
700 5373 1067 5446 imaginibus;
1104 5371 1491 5446 ascriberent,
1551 5387 1669 5446 qu_o
1722 5370 1953 5446 facilius

302 5442 922 5523 dignoscerenturfer
965 5442 1306 5523 _Aristot_elis
1500 5459 1551 5496 γι
1606 5444 1957 5523 Τορίοοτιιῃι,

303 5514 410 5594 cap
461 5525 514 5587 2,
548 5518 866 5594 colligitur.
897 5515 982 5570 Ad
1029 5515 1313 5594 eumd_em_
1355 5515 1553 5594 itaque
1574 5514 1956 5594 Inoduana-

303 5584 1186 5659 lentinusdocEL-batsupremum
1200 5584 1558 5659 invisibilem
1574 5585 1754 5659 Deum
1777 5584 1952 5659 fidem

305 5664 626 5722 conciliare
659 5679 782 5718 sum
804 5655 1070 5731 imagini,
1095 5657 1154 5710 id
1185 5663 1312 5731 est,
1329 5657 1402 5711 ad
1433 5655 1751 5731 imaginem
1770 5656 1900 5727 ejus
1921 5671 1956 5710 a

305 5743 495 5794 matre
523 5734 741 5807 sophia
760 5726 1011 5807 formato
1043 5727 1251 5807 mundi
1270 5726 1714 5807 Crg_atori,dum
1731 5726 1954 5807 nomen

305 5831 334 5859 ιι
369 5808 472 5866 Dei
505 5830 531 5857 »
561 5797 673 5878 ipsi
703 5797 1190 5866 communicavit;
1222 5798 1307 5854 uti
1338 5798 1610 5855 Clemens
1624 5799 1801 5870 paulo
1823 5803 1958 5871 post

2063 4727 2201 4782 edit.
2235 4727 2442 4788 Paris.,
2467 4726 2645 4781 verba
2665 4725 2960 4798 Valentini
2991 4726 3053 4780 in
3102 4726 3411 4798 meliorem
3429 4725 3710 4798 explicari

2063 4799 2292 4872 possint
2350 4814 2621 4872 sensum.
2671 4797 2837 4872 Quod
2881 4814 3017 4852 vero
3075 4797 3320 4868 reliquas
3367 4799 3429 4853 in
3487 4797 3710 4872 mundo

2062 4869 2350 4926 creatura;
2380 4869 2499 4923 sint
2530 4869 2818 4941 imagines
2859 4873 3208 4941 caaterorum
3239 4887 3272 4925 a
3329 4885 3559 4941 summo
3593 4871 3709 4924 Deo

2065 4941 2554 4997 descendentium
2567 4940 2840 5006 ASOnum,
2854 4945 2988 5010 post
3020 4940 3394 4995 Valentinum
3416 4940 3546 4996 loco
3565 4941 3713 4996 cita-

2062 5020 2144 5078 to,
2177 5018 2498 5080 sectatores
2530 5012 2660 5080 ejus
2688 5010 2984 5077 docuisse,
3016 5027 3087 5066 ex
3129 5014 3350 5067 lrenaao
3394 5018 3646 5067 constat.
3677 5030 3705 5064 ιι

2135 5086 2244 5154 (81)
2297 5081 2375 5137 Τὁ
2434 5077 2711 5206 διαφέρον.
2763 5084 3061 5153 lnterpres
3109 5083 3431 5154 appositive
3473 5083 3708 5156 accipit,

2135 5173 2176 5206 »ο
2207 5171 2385 5206 sensu
2422 5171 2434 5206 :
2477 5177 2503 5201 α
2568 5155 2712 5206 ’emt
2740 5154 2961 5206 anima.
2994 5171 3124 5206 dum
3185 5172 3254 5206 ex
3303 5154 3550 5206 dimidio
3601 5161 3708 5206 est.

2064 5157 2176 5210 hoc
2207 5171 2385 5210 sensu
2422 5171 2434 5208 :
2477 5177 2503 5201 α
2540 5153 2961 5225 νοιιίιᾼαιιίωο,
2994 5171 3124 5225 qua)
3148 5153 3254 5210 fex
3303 5154 3550 5210 dimidio
3601 5153 3708 5222 est,

2064 5243 2284 5297 nempe
2306 5227 2364 5281 id
2393 5225 2549 5296 quod
2583 5230 2672 5297 est
2701 5223 3065 5280 ditferensf»
3098 5225 3371 5282 vauac.

2135 5294 2243 5367 (82)
2276 5296 2360 5352 Ἑν
2409 5294 2483 5368 τῇ
2534 5294 2788 5369 γενέσειη
2828 5298 3146 5369 Perperam
3196 5298 3510 5367 interpres,
3571 5318 3599 5345 «
3650 5295 3710 5350 in

2102 5367 2504 5424 eneratione.»
2538 5367 2900 5423 V’ertendum
2923 5367 3032 5422 fuit
3055 5392 3080 5418 ι(
3105 5369 3166 5423 in
3185 5369 3336 5424 libro
3360 5371 3709 5423 Geneseos.»

2104 5458 2284 5496 ensus
2317 5446 2424 5506 est,
2465 5460 2485 5486 ι
2521 5457 2590 5495 ea
2620 5440 2681 5493 in
2708 5439 2810 5494 illo
2837 5440 3132 5495 Geneseos
3161 5440 3311 5502 loco.
3345 5455 3461 5508 quo
3499 5438 3571 5493 de
3602 5439 3712 5493 bo-

2064 5512 2244 5566 minis
2275 5511 2573 5566 creatione
2607 5528 2801 5565 sermo
2833 5510 3022 5565 factus
3055 5516 3163 5575 est,
3211 5527 3316 5580 per
3364 5509 3710 5565 sensibilem

2065 5584 2395 5655 imaginem,
2413 5584 2557 5655 olim
2588 5583 2872 5655 prmdicta
2898 5581 3153 5655 fuisse.»

2135 5651 2247 5725 (83)
2280 5653 2402 5709 Ἑπὶ
2433 5653 2514 5708 τό.
2558 5651 2746 5708 Etiam
2792 5652 2984 5706 dativo
3042 5667 3183 5705 casu
3229 5651 3343 5723 legi
3399 5657 3594 5724 potest
3621 5651 3707 5706 ἐπὶ

2063 5729 2163 5796 τῷ.
2198 5727 2470 5782 SYLBUBG.

2106 5794 2248 5870 ,(84)
2308 5798 2568 5874 Διαφὲρον
2631 5794 2806 5868 γένος.
2867 5795 3088 5864 Nempe
3164 5809 3353 5865 genus
3398 5794 3709 5852 hominum
