4066 6192
348 381 486 436 1299

1577 379 1984 435 CLEMENTIS
2020 379 2524 433 ALEXANDBINI

3633 382 3773 437 1300

351 507 651 575 ditTerens,
678 506 945 562 Christus
986 509 1237 561 mortem
1267 521 1388 560 non
1421 502 1695 569 abolevit,
1727 501 1843 556 nisi
1872 500 1998 573 ipse

2136 518 2298 568 νησεν,
2332 497 2378 552 εί
2413 499 2489 570 μή
2521 498 2609 553 καὶ
2642 497 2803 559 αὐτὸς
2847 496 3034 560 αὐτοῖς
3086 499 3388 572 ὁμοούσιος
3447 498 3703 575 λέχθείη’
3737 497 3780 556 εἱ

350 613 585 668 quoque
616 596 848 651 dicatur
865 595 1130 668 ejusdem
1165 613 1300 650 cum
1333 594 1418 649 eis
1451 592 1725 649 essentia:
1748 609 1760 658 ;
1787 590 1878 646 sin
1902 606 2008 644 au-

351 695 469 742 tem
496 689 558 741 in
584 687 696 741 hoc
729 702 856 741 eam
887 685 1162 752 abolevit,
1196 691 1260 740 ut
1289 701 1475 756 genus
1532 698 1652 736 non
1691 681 2014 752 attingeret

353 779 656 843 diﬂ'erens,
682 793 799 830 non
833 775 931 830 isti
967 781 1220 829 mortem
1253 771 1627 842 abolent,qui
1656 767 2010 824 suntaemuli

352 867 666 928 Creatoris,
701 865 800 936 qui
834 863 1075 937 imagini
1107 880 1228 918 sua)
1260 863 1434 916 istius
1484 861 1721 925 anima),
1758 876 1888 930 quae
1924 863 2013 912 est

353 974 420 1011 ex
453 956 1120 1025 medietate,supernam
1152 954 1329 1007 vitam
1352 952 1650 1022 inspirant
1682 949 2012 1005 secundum

354 1046 567 1118 dogma
610 1045 680 1099 ab
737 1045 821 1098 eis
881 1050 1244 1114 susceptum.
1306 1042 1406 1096 Sin
1466 1057 1599 1095 vero
1642 1040 1753 1094 hoc
1812 1038 2016 1093 dicant

356 1136 592 1190 evenire
626 1151 730 1205 per
753 1138 1024 1197 matrem,
1076 1132 1163 1186 vel
1227 1132 1275 1186 si
1326 1131 1530 1185 dicant
1585 1146 1646 1184 se
1703 1144 1821 1183 una
1879 1143 2013 1182 cum

355 1225 586 1278 Christo
619 1224 899 1277 adversus
928 1228 1177 1276 mortem
1201 1221 1575 1292 belligerare,
1605 1223 1805 1290 aperte
1827 1215 2014 1271 faten-

357 1319 454 1368 tur
509 1313 567 1366 id
627 1312 924 1367 occultum
975 1311 1208 1384 dogma,
1266 1309 1560 1381 siquidem
1620 1324 1736 1361 non
1771 1307 2020 1360 timeant

359 1402 651 1458 Creatoris
683 1401 941 1456 divinam
992 1399 1273 1456 insectari
1321 1397 1670 1469 potentiam,
1735 1394 1838 1450 sed
1889 1394 2017 1464 ejus

359 1499 718 1556 creaturam,
753 1496 1036 1561 tanquam
1089 1490 1200 1562 ipsi
1244 1489 1522 1543 meliores
1561 1491 1782 1548 essent,
1813 1499 2018 1540 emen-

361 1581 522 1646 dant,
558 1587 614 1635 et
645 1580 967 1635 animalem
999 1579 1528 1651 imaginem,quam
1559 1575 1658 1630 ille
1682 1591 1802 1630 non
1827 1573 2020 1646 potuit

359 1671 612 1725 liberare
635 1671 707 1724 ab
732 1670 1240 1735 interitu,servare
1259 1667 1553 1722 nituntur.
1597 1665 1798 1721 Fuerit
1818 1668 2016 1718 autem

365 1761 648 1814 Dominus
671 1776 907 1829 quoque
939 1759 1056 1813 Deo
1090 1764 1356 1812 creatore
1390 1755 1603 1810 melior
1629 1771 1694 1810 ac
1718 1757 2015 1825 praastan-

2115 583 2162 641 δ’
2221 586 2296 649 είς
2356 590 2518 642 τοῦτο
2575 589 2947 662 κατήργησεν,
3009 587 3087 650 ὡς
3149 589 3225 660 μή
3284 593 3384 643 τοῦ
3427 586 3785 664 διαφέροντος

2115 674 2369 730 ’ἅπτεσθαι
2400 678 2611 752 γένους,
2644 676 2752 732 οὐχ
2783 677 2934 731 οὗτοι
2991 677 3083 731 τὸν
3141 680 3367 740 θάνατον
3416 683 3784 752 καταργοῦσιν

2117 766 2168 821 0i
2200 765 2488 839 ἀντίμιμοι
2519 769 2615 821 τοῦ
2650 769 3022 842 Δημιουργοῦ,
3085 766 3138 820 οἱ
3196 768 3296 835 τῆς
3359 766 3418 822 ἐκ
3481 768 3789 841 μεσότητος

2117 857 2303 929 ψυχῆς
2331 857 2400 927 τῇ
2434 854 2661 931 σφετέρᾳ
2693 853 2863 908 εἰκόνι
2915 853 3263 932 ἐμφυσῶντες
3322 857 3422 925 τήν
3485 858 3636 925 ζωὴν
3688 859 3786 925 τήν

2119 944 2342 1013 ἄνωθεν,
2372 945 2508 997 κατὰ
2533 945 2634 1012 τήν
2659 941 2756 995 τοῦ
2788 941 3058 1018 δόγματος
3113 941 3341 1018 α’ίρεσιν·
3400 943 3498 999 κᾶν
3540 943 3632 999 διὰ
3685 953 3787 1014 τῆς

2124 1031 2334 1106 μητρὸς
2381 1036 2542 1086 τοῦτο
2601 1026 2918 1105 συμϐαίνειν
2947 1029 3204 1107 λέγωσιν,
3259 1030 3408 1088 ἀλλᾶ
3453 1034 3552 1088 κᾶν
3586 1034 3631 1089 εί
3695 1035 3787 1088 σῦν

2121 1125 2347 1198 Χριστῷ
2377 1122 2894 1197 καταστρατεύεσθαι
2941 1127 3038 1175 τοῦ
3097 1123 3329 1185 θανάτου
3376 1121 3615 1199 λέγοιεν,
3647 1125 3790 1196 ὁμο-

2123 1211 2438 1286 λογούντων
2460 1211 2523 1266 τὸ
2555 1208 2736 1286 δόγμα
2764 1211 2828 1265 τὸ
2884 1212 3288 1284 κεκρυμμένον,
3352 1211 3428 1275 ὡς
3484 1219 3584 1282 τῆς
3637 1215 3790 1275 θείας

2119 1304 2217 1355 τοῦ
2250 1304 2600 1376 Δημιουργοῦ
2645 1302 3000 1375 κατατρέχειν
3031 1300 3286 1374 τολμῶσι
3347 1297 3655 1376 δυνάμεως,
3689 1304 3790 1373 τήν

2121 1389 2293 1444 κτίσιν
2320 1390 2420 1459 τὴν
2446 1389 2719 1460 αὐτοῦ,ὡς
2749 1389 3030 1466 κρείττους
3061 1389 3552 1465 ἐπανορθούμενοι,
3574 1393 3790 1467 πειρώο

2127 1500 2280 1552 μενοι
2313 1480 2504 1548 σώζειν
2535 1480 2633 1549 τήν
2656 1481 2901 1554 ψυχικὴν
2935 1479 3140 1550 εἰκόνα,
3196 1477 3263 1549 ἤν
3318 1478 3476 1542 αὐτὸς
3523 1479 3790 1556 ῥύσασθαι

2121 1575 2222 1639 τῆς
2254 1571 2455 1647 φθορᾶς
2505 1567 2566 1622 ού
2623 1567 2971 1644 κατίσχυσεν.
3029 1567 3128 1640 Είη
3187 1565 3442 1624 δ’ἔνκαί
3501 1572 3529 1624 6
3590 1569 3793 1644 Κύριος

2125 1658 2360 1732 ἀμείνων
2393 1663 2489 1712 τοῦ
2522 1655 2870 1734 δημιουργοῦ
2926 1661 3083 1712 Θεοῖν
3117 1658 3180 1712 ού
3210 1658 3312 1734 γὰρ
3348 1660 3408 1712 ἂν
3441 1679 3575 1713 ποτε
3605 1661 3634 1713 6
3670 1660 3791 1723 υἱὸς

2122 1752 2202 1819 τῷ
2230 1748 2393 1823 πατρὶ
2451 1745 2913 1826 διαφιΛονεικοίη,
2964 1747 3054 1802 καὶ
3107 1752 3274 1802 ταῦτα
3331 1746 3384 1802 έν
3447 1749 3613 1810 θεοῖς.
3662 1751 3789 1806 Ὀτι

366 1850 481 1902 tior
515 1865 848 1919 :nunquam
883 1847 1042 1902 enim
1076 1846 1235 1902 filius
1266 1863 1400 1900 cum
1432 1849 1598 1917 patre
1620 1840 2014 1907 contenderit,

2136 1837 2184 1894 3‘s
2213 1839 2368 1900 οὗτός
2399 1838 2537 1893 ἐστιν
2571 1839 2599 1894 ὁ
2630 1842 2726 1892 τοῦ
2758 1838 2878 1892 υἱοῦ
2935 1839 3140 1912 πατὴρ,
3197 1839 3224 1892 6
3272 1839 3617 1915 Δημιουργὸς
3675 1844 3787 1895 τῶν

367 1940 546 2010 idque
581 1940 736 1993 inter
765 1939 928 1993 deos.
965 1937 1130 2004 Quod
1157 1942 1355 1992 autem
1416 1936 1511 1990 hic
1562 1935 1639 1989 sit
1671 1939 1838 2005 pater
1888 1931 2016 1995 filii,

367 2030 609 2084 Creator
649 2029 1083 2096 universorum,
1137 2026 1426 2081 Dominus
1483 2023 1884 2094 omnipotens,
1946 2017 2020 2074 ad

365 2117 531 2172 illam
563 2117 903 2171 distulimus
934 2116 1424 2187 disputationem,
1467 2114 1527 2167 in
1579 2129 1695 2183 qua
1743 2110 2021 2166 adversus

367 2207 517 2262 219
552 2207 806 2259 haereses
833 2204 1125 2260 disserere
1177 2203 1584 2275 promisimus,
1635 2199 2021 2255 ostendentes

366 2311 501 2348 eum
533 2310 661 2348 esse
695 2293 908 2357 solum,
942 2293 1042 2362 qui
1075 2298 1165 2347 est
1193 2292 1265 2347 ab
1321 2292 1450 2362 ipso
1484 2289 1857 2361 pi‘wdicatus.
1910 2285 2022 2340 Sed

365 2382 536 2436 nobis
569 2379 810 2451 quidem
869 2380 1134 2434 scribens
1189 2379 1505 2450 Apostolus
1567 2379 1637 2432 de
1699 2374 2021 2432 tolerandis

362 2469 787 2525 afﬂictionibus
823 2486 836 2523 :
877 2489 897 2516 ι
943 2471 1011 2523 Et
1040 2469 1175 2534 hoc,
1205 2468 1419 2539 inquit,
1452 2484 1523 2522 ex
1556 2467 1696 2535 Deo,
1731 2465 1889 2536 quod
1920 2481 2020 2518 vo-

363 2560 454 2613 bis
473 2559 756 2614 donatum
789 2564 878 2613 est
907 2575 1012 2630 pro
1035 2558 1362 2625 Christo,ut
1378 2573 1498 2611 non
1519 2555 1709 2611 solum
1743 2556 1803 2608 in
1825 2556 2021 2625 ipsum

363 2648 638 2714 credatis,
675 2647 778 2702 sed
812 2648 991 2704 etiam
1045 2663 1150 2718 pro
1186 2663 1254 2702 eo
1313 2645 1624 2718 patiamini
1661 2662 1676 2711 ;
1729 2643 1885 2700 idem
1919 2645 2024 2699 ha-

364 2738 574 2793 bentes
605 2742 934 2801 certamen,
994 2735 1166 2806 quale
1224 2734 1456 2789 vidistis
1508 2735 1569 2789 in
1623 2750 1738 2799 me,
1773 2739 1832 2788 et
1863 2750 2024 2788 nunc

367 2826 588 2882 auditis
621 2825 680 2879 in
713 2842 828 2882 me.
864 2825 919 2879 Si
953 2841 1070 2896 qua
1101 2828 1191 2880 est
1219 2839 1356 2896 ergo
1405 2823 1732 2878 consolatio
1767 2823 1824 2876 in
1858 2822 2024 2877 Chri-

371 2922 481 2984 sto,
517 2915 564 2970 si
606 2914 764 2986 quod
798 2913 1075 2970 solatium
1103 2913 1432 2978 charitatis,
1493 2913 1540 2967 si
1601 2929 1718 2983 qua
1775 2913 2026 2967 societas

373 3004 636 3076 spiritus,
671 3003 719 3058 si
770 3019 886 3074 qua
944 3003 1168 3057 viscera
1200 3007 1258 3056 et
1315 3001 1748 3068 miserationes,
1783 3000 2027 3072 implete

373 3111 572 3150 meum
604 3092 908 3165 gaudium,
958 3091 1206 3146 utidem
1265 3091 1558 3158 sentiatis,
1593 3090 1864 3146 eamdem
1922 3091 2024 3146 ha-

373 3185 578 3239 bentes
631 3183 1002 3245 charitatem,
1063 3181 1399 3246 unanimes,
1459 3180 1615 3234 idem
1676 3181 2024 3235 sentientes.

375 3273 432 3326 Si
460 3277 659 3327 autem
695 3271 1040 3326 immolatur
1069 3286 1250 3341 super
1281 3269 1572 3325 sacrificio
1598 3276 1657 3324 et
1692 3269 2025 3324 ministerio

375 3361 512 3416 ﬁdei
545 3360 812 3433 gaudens
869 3364 926 3414 et
981 3359 1401 3430 congratulans
1434 3359 1531 3428 (a),
1558 3381 1585 3407 ››
1620 3375 1744 3428 eos,
1778 3359 1850 3414 ad
1881 3376 2031 3430 quos

371 3451 638 3520 loquitur
668 3449 1006 3520 Apostolus,
1041 3448 1454 3520 Philippenses
1505 3464 1724 3503 vocans
1751 3470 1778 3497 «
1827 3447 2030 3520 gratim

371 3544 679 3594 consortes
713 3540 806 3607 (ὸ),
841 3560 868 3588 ››
900 3536 1198 3609 quomodo
1231 3537 1392 3608 ipsos
1424 3535 1568 3592 dicit
1601 3559 1628 3586 «
1661 3538 2031 3592 unanimes»

376 3635 434 3683 et
461 3627 752 3682 animales
775 3627 802 3682 ?
826 3626 1112 3681 Similiter
1141 3626 1321 3681 etiam
1355 3626 1426 3681 de
1457 3626 1765 3681 Timotheo
1797 3643 2032 3697 quoque

378 3717 642 3771 scribens
675 3722 732 3770 et
763 3716 1016 3788 seipso,«
1038 3715 1348 3771 Neminem
1380 3716 1560 3782 enim,
1595 3715 1810 3788 inquit,
1843 3715 2032 3772 habeo

382 3812 501 3860 tam
532 3805 899 3871 unanimem,
933 3805 1033 3875 qui
1069 3821 1350 3878 germane
1381 3806 1452 3861 de
1484 3805 1648 3860 vobis
1693 3804 1926 3860 futurus
1959 3806 2035 3860 sit

383 3893 917 3948 sollicitus.0mnes
936 3893 1116 3959 enim,
1138 3910 1267 3965 qua:
1293 3911 1398 3950 sua
1420 3900 1879 3965 sunt,quaarunt,
1915 3912 2034 3950 non

384 3998 514 4053 qua}
539 3984 674 4035 Jesu
692 3981 907 4035 Christi
941 3984 1157 4050 (clmNe
1190 4000 1328 4054 ergo
1359 3983 1559 4054 probri
1587 3983 1718 4039 loco
1742 4002 1850 4039 nos
1871 3986 2037 4039 «ani-

381 4073 568 4128 males
606 4095 624 4120 -
662 4071 864 4126 dicant
893 4077 994 4126 aut
1037 4074 1202 4143 prius
1232 4075 1544 4128 memorati
1609 4075 1902 4144 homines,
1935 4082 2038 4132 aut

379 4167 442 4230 γι(
471 4163 649 4216 etiam
675 4161 936 4231 Phryges
969 4177 982 4214 :
1010 4161 1139 4232 jam
1172 4162 1334 4216 enim
1367 4162 1404 4215 ii
1459 4179 1697 4234 quoque
1746 4164 1900 4231 illos,
1934 4164 2036 4236 qui

380 4269 542 4306 nova)
573 4267 691 4306 non
711 4249 1029 4304 attendunt
1058 4251 1407 4322 prophetiae,
1434 4271 1463 4303 ι(
1485 4251 1772 4306 animales
1793 4275 1817 4300 »
1834 4254 2037 4324 appel-

380 4341 524 4408 lant,
559 4341 842 4396 adversus
875 4357 1025 4412 quos
1057 4340 1445 4409 disseremus,
1504 4357 1640 4396 cum
1690 4357 1933 4414 agemus
1965 4343 2037 4398 de

379 4431 712 4502 prophetia.
749 4434 893 4486 Eum
922 4447 1082 4502 ergo,
1144 4431 1244 4502 qui
1307 4437 1398 4485 est
1453 4431 1771 4502 perfectus,
1807 4437 2040 4503 oportet

384 4536 658 4575 exercere
690 4520 1066 4590 charitatem,
1101 4526 1160 4575 et
1186 4520 1326 4576 hinc
1359 4521 1432 4576 ad
1487 4519 1589 4576 Dei
1623 4519 1866 4576 tendere
1888 4521 2039 4577 ami-

2127 1928 2478 2002 συμπάντων,
2513 1929 2541 1983 6
2573 1927 2962 2002 παντοκράτωρ
2996 1927 3216 2003 Κύριος,
3276 1927 3353 1990 εἷς
3387 1925 3603 1983 ἐκείνων
3663 1929 3790 1984 ἁνε-

2128 2015 2413 2092 ϐαλόμεθα
2468 2021 2567 2088 τήν
2627 2019 2842 2092 σκέψιν,
2896 2019 3015 2073 καθ’
3069 2017 3135 2087 ἢν
3186 2018 3322 2094 πρὸς
3403 2021 3498 2079 τὰς
3549 2019 3792 2092 αἱρέσεις

2131 2110 2490 2184 ὑπεσχήμεθα
2521 2106 2889 2181 διαλέξασθαι,
2918 2112 3110 2164 τοῦτον
3145 2107 3278 2164 εἶναι
3336 2108 3496 2181 μόνον
3533 2106 3791 2164 δεικνύν-

2127 2219 2214 2261 τες
2240 2199 2330 2253 τὸν
2369 2198 2458 2253 ὑπ’
2507 2198 2674 2252 αὐτοῦ
2731 2195 3158 2272 κεκηρυγμένον.
3219 2196 3382 2252 Ἀλλ’
3424 2199 3562 2269 ἡμῖν
3617 2219 3683 2271 γε
3767 2199 3796 2252 6

2129 2284 2466 2348 Ἀπόστολος
2501 2285 2578 2351 εἰς
2605 2287 2704 2356 τήν
2737 2290 2844 2341 τῶν
2902 2285 3142 2360 θλίψεων
3205 2287 3492 2358 ὑπομονὴν
3538 2287 3793 2365 γράᾳωνο

2130 2402 2158 2428 ‹‹
2193 2377 2289 2432 Καὶ
2318 2381 2502 2446 τοῦτο,
2527 2379 2714 2455 φησὶν,
2738 2377 2843 2431 ἀπὸ
2873 2381 3032 2446 Θεοῦ,
3085 2376 3168 2431 ὅτι
3231 2377 3358 2449 ὑμῖν
3406 2375 3679 2452 ἐχαρίσθη
3733 2377 3798 2432 τὸ

2131 2468 2264 2543 ὑπὲρ
2287 2469 2542 2541 Χριστοῦ,
2577 2466 2637 2522 ού
2666 2466 2832 2540 μόνον
2861 2467 2923 2521 τὸ
2984 2467 3058 2528 είς
3109 2465 3268 2522 αὐτὸν
3319 2467 3614 2537 πιστεύειν,
3648 2467 3801 2522 ἀλλὰ

2127 2555 2218 2611 καὶ
2247 2557 2310 2610 τὸ
2365 2556 2498 2630 ὑπὲρ
2529 2556 2694 2610 αὐτοῦ
2725 2556 2977 2630 πάσχειν
3038 2555 3130 2610 τὸν
3172 2555 3333 2611 αὐτὸν
3387 2555 3570 2631 ἀγῶνα
3626 2552 3794 2631 ἔχον-

2129 2666 2239 2713 τες,
2271 2648 2386 2700 οἷον
2422 2643 2566 2700 ἴδετε
2596 2645 2649 2701 έν
2681 2644 2830 2718 ἐμοὶ,
2859 2645 2950 2699 καὶ
2975 2649 3067 2699 νῦν
3099 2645 3322 2701 ἀκούετε
3355 2645 3404 2700 έν
3438 2645 3586 2718 ἐμοί.
3620 2645 3796 2708 Εἴτις

2131 2735 2221 2789 οὗν
2242 2733 2588 2808 παράκλησις
2607 2734 2660 2790 έν
2683 2737 2923 2806 Χριστῷ,
2944 2731 2999 2789 εἴ
3018 2755 3068 2789 τι
3098 2735 3446 2808 παραμύθιον
3481 2735 3668 2808 ἀγάπη
3679 2759 3729 2808 ς,
3751 2734 3797 2790 εἶ

2131 2845 2212 2886 τις
2233 2824 2491 2879 κοινωνία
2519 2824 2852 2898 πνεύματος,
2889 2822 2935 2878 ε⁹ί
2964 2844 3086 2879 τινα
3117 2822 3408 2900 σπλάγχνα
3451 2825 3542 2879 καὶ
3585 2825 3798 2896 οἰκτιρ-

2135 2913 2254 2989 μοὶ,
2287 2912 2622 2986 πληρώσατέ
2654 2935 2761 2987 μου
2791 2915 2892 2983 τήν
2927 2915 3128 2988 χαρὰν,
3155 2915 3248 2968 ἳνα
3275 2913 3338 2969 τὸ
3372 2913 3502 2969 αὐτὸ
3530 2921 3795 2990 φρονῆτε,

2128 3004 2228 3073 τήν
2257 3003 2422 3071 αὐτὴν
2457 3002 2674 3077 ἀγάπην
2707 3000 2954 3078 ἔχοντες,
3012 3001 3318 3078 σύμψυχοι,
3349 3003 3412 3058 τὸ
3444 3000 3500 3057 ’έν
3531 3009 3801 3081 φρονοῦν.

2130 3114 2235 3155 τες.
2270 3091 2335 3147 Ei
2365 3089 2422 3147 δὲ
2453 3088 2734 3148 σπένδεται
2766 3090 2851 3146 ἐπὶ
2885 3095 2951 3166 τῇ
3011 3092 3169 3164 θυσίᾳ
3196 3092 3284 3146 καὶ
3342 3095 3411 3166 τῇ
3475 3091 3803 3168 λειτουργίᾳ

2137 3189 2237 3252 τῆς
2266 3183 2502 3243 πίστεως
2537 3181 2747 3256 χαίρων
2775 3182 2862 3236 καὶ
2894 3179 3430 3259 συγχαίρων,››πρὸς
3463 3181 3556 3245 οὓς
3582 3183 3611 3237 6
3633 3181 3800 3257 λόγος

2138 3277 2217 3344 τῷ
2242 3269 2585 3343 Ἀποοτόλῳ,
2617 3269 2745 3332 τοὺς
2778 3269 3191 3340 Φιλιππησίους
3231 3296 3250 3320 ι
3287 3271 3678 3344 συμμετόχους
3698 3276 3800 3337 τῆς

2137 3365 2367 3437 χάριτος
2395 3363 2506 3435 (85)
2541 3385 2567 3410 ι»
2599 3357 2807 3429 καλῶν,
2841 3364 2960 3422 πῶς
2991 3357 3191 3424 αὐτοὺς
3221 3382 3248 3415 α
3278 3359 3608 3435 συμψύχους
3645 3386 3666 3412 ι
3705 3363 3799 3416 καὶ

2137 3451 2408 3526 ψυχικοὺς
2441 3452 2555 3523 (86)
2587 3447 2732 3525 λέγει
2766 3467 2780 3517 ;
2813 3449 3052 3522 Ὁμοίως
3103 3449 3194 3504 καὶ
3248 3451 3372 3525 περὶ
3402 3451 3676 3524 Τιμοθέου
3709 3451 3800 3505 καὶ

2139 3542 2335 3596 ἑαυτοῦ
2363 3539 2606 3615 γράφων,
2659 3563 2684 3590 ‹‹
2744 3535 2940 3594 οὐδένα
2994 3537 3098 3614 γὰρ
3157 3534 3294 3616 ἔχω,
3357 3539 3542 3617 φησὶν,
3604 3539 3802 3614 ίσόψδ-

2139 3649 2266 3704 χον,
2321 3628 2466 3689 ὅστις
2513 3627 2752 3703 γνησίως
2808 3628 2876 3682 τὰ
2949 3627 3074 3701 περὶ
3130 3628 3284 3701 ὑμῶν
3351 3631 3702 3702 μεριμνήσεν
3753 3631 3802 3684 0i

2139 3718 2334 3780 πάντες
2360 3719 2460 3794 γὰρ
2491 3716 2558 3772 τὰ
2615 3717 2819 3779 ἒαυτῶς
2879 3721 3156 3790 ζητοῦσιν,
3217 3719 3280 3770 ού
3330 3717 3396 3771 τὰ
3443 3718 3626 3788 Ἰησοῦ
3672 3723 3803 3793 Χρι-

2140 3811 2268 3863 στοῦ
2312 3810 2444 3878 (87).
2497 3831 2525 3859 ιι
2586 3807 2674 3874 Μὴ
2735 3804 2913 3861 τοίνυν
2959 3830 2986 3857 ιι
3047 3805 3318 3881 ψυχικοὺς
3366 3829 3392 3857 ››
3452 3806 3506 3862 ἐν
3554 3803 3800 3868 ὀνείδους

2142 3895 2293 3971 μέρει
2353 3895 2628 3970 λεγόντων
2689 3898 2839 3967 ἡμᾶς
2914 3895 2964 3949 0i
3024 3895 3439 3970 προειρημένοι,
3501 3892 3649 3949 ἀλλὰ
3708 3897 3801 3950 καὶ

2141 3984 2191 4039 0i
2221 3982 2455 4059 Φρύγες·
2489 3981 2599 4054 ἤδη
2633 3985 2737 4059 γὰρ
2769 3983 2857 4039 καὶ
2889 3984 3037 4040 οὗτοι
3094 3983 3226 4048 τοὺς
3271 3987 3340 4059 τῇ
3373 3985 3466 4055 νέᾳ
3493 3985 3804 4062 προφητείᾳ

2145 4075 2220 4148 μὴ
2253 4075 2622 4148 προσέχοντας
2657 4098 2684 4125 ‹‹
2716 4072 2988 4147 ψυχικοὺς
3024 4096 3047 4126 ι
3105 4071 3390 4143 καλοῦσιν,
3420 4076 3560 4147 πρὸς
3618 4073 3716 4135 οὓς
3749 4074 3803 4128 έν

2137 4171 2255 4228 τοῖς
2287 4191 2311 4216 ι(
2347 4163 2475 4236 Περὶ
2507 4162 2843 4240 προφητείας
2877 4187 2905 4214 ››
2967 4160 3348 4234 διαλεξόμεθα.
3402 4163 3648 4239 Ἀγάπην
3710 4162 3803 4219 οῦν

2141 4253 2324 4309 ἀσκεῖν
2354 4255 2443 4308 τὸν
2469 4252 2682 4308 τέλειον
2718 4253 2855 4327 χρὴ.
2897 4250 3151 4307 κάνθένδε
3211 4251 3298 4306 ἐπὶ
3345 4253 3445 4319 τήν
3508 4253 3652 4316 θείαν
3714 4276 3809 4330 φι-

2143 4341 2264 4398 λίαν
2299 4339 2572 4411 σπεύδειν,
2605 4337 2676 4394 δι⁹
2706 4339 2918 4415 ἀγάπην
2944 4337 3264 4396 έκτελοῦντα
3283 4339 3379 4402 τὰς
3411 4337 3662 4403 ἐντολάς.
3725 4341 3809 4398 Τὸ

2145 4430 2203 4488 δέ
2233 4430 2444 4506 ἀγαπᾷν
2474 4429 2602 4491 τοὺς
2629 4428 2864 4505 ἐχθροὺς
2911 4430 3011 4484 ούκ
3061 4429 3275 4503 ἀγαπᾷν
3307 4430 3371 4484 τὸ
3417 4429 3581 4484 κακὸν
3633 4427 3810 4505 λέγει,

2145 4517 2274 4574 ούδὶ
2305 4513 2578 4589 ἀσέϐειαν,
2608 4517 2643 4588 ἤ
2681 4517 2958 4593 μοιχείαν,
2989 4515 3027 4588 ἤ
3058 4514 3300 4591 κλοπὴν,
3351 4515 3499 4574 ἀλλὰ
3551 4518 3645 4573 τὸν
3681 4518 3808 4573 κλέ-

386 4610 607 4678 citiam,
650 4627 757 4680 per
788 4610 1138 4665 charitatem
1170 4610 1299 4681 ejus
1357 4609 1639 4666 mandata
1684 4627 2026 4681 exsequens,

2148 4631 2313 4680 πτην,
2343 4609 2431 4663 καὶ
2463 4608 2552 4663 τὸν
2585 4601 2780 4677 ἀσεϐῆ,
2815 4607 2906 4662 καὶ
2936 4608 3026 4663 τὸν
3062 4607 3288 4682 μοιχὸν,
3322 4606 3385 4662 ού
3431 4609 3568 4670 καθὸ
3626 4609 3810 4682 ἁμαρ-

387 4700 531 4754 Cum
590 4716 724 4754 vero
771 4697 948 4770 jubet
1001 4698 1248 4771 diligere
1303 4699 1598 4767 inimicos,
1632 4717 1750 4755 non
1796 4700 2041 4773 diligere

393 4789 631 4857 quidem
663 4787 886 4843 malum
912 4787 1216 4859 jubemur,
1250 4805 1443 4858 neque
1503 4789 1890 4860 impietatem,
1950 4790 2041 4845 vel

393 4877 774 4944 adulterium,
808 4877 897 4933 vel
927 4877 1152 4932 furtum
1188 4895 1202 4944 ;
1236 4877 1341 4932 sed
1370 4878 1582 4945 furem,
1653 4885 1712 4934 et
1769 4880 2042 4950 impium,

395 4969 452 5017 et
481 4965 838 5033 adulterum,
892 4984 1011 5022 non
1071 4967 1312 5038 quidem
1352 4973 1647 5040 quatenus
1704 4974 1928 5040 peccat,
1986 4975 2046 5025 et

460 5127 629 5207 air;
648 5128 750 5207 e05
782 5129 894 5182 an.
936 5130 1230 5197 rerum,
1271 5131 1370 5184 su
1397 5133 1508 5191 ED.
1553 5134 1782 5191 PARIS.
1818 5135 1892 5207 (τι)
1923 5134 2026 5189 Phi

2136 5150 2213 5201 ,1,
2245 5137 2333 5200 29,
2361 5134 2430 5187 30
2465 5150 2477 5201 ;
2510 5151 2564 5202 Ii,
2600 5137 2650 5201 1,
2679 5137 2854 5198 2,17.

389 5215 448 5268 ιι,
478 5200 567 5265 20,
601 5200 688 5252 2t.

389 5349 718 5422 spirituale,
754 5349 910 5421 quod
955 5352 1215 5406 haeretici
1249 5352 1646 5422 affirmabant,
1684 5375 1714 5411 e
1745 5359 1890 5414 cmlo
1961 5357 2033 5413 ad

389 5372 414 5408 s
461 5371 718 5419 lrlulale,
754 5371 910 5421 quon
957 5371 1215 5406 nwreum
1249 5371 1646 5422 amrmanant,
1684 5375 1714 5411 θ
1745 5371 1890 5414 οωιο
1961 5371 2033 5413 ad

388 5371 741 5501 agolendam
767 5427 1016 5478 mortem
1050 5423 1430 5478 descendisse
1453 5429 1736 5498 :utpaulo
1771 5432 2042 5501 superius

389 5497 537 5551 dixit
567 5499 789 5550 auctor.

467 5570 574 5642 (δξη
606 5562 1006 5642 Συμμετόχους
1029 5570 1128 5635 τῆς
1159 5563 1409 5640 χάριτος.
1442 5568 1699 5642 Respicit
1751 5571 1963 5642 Philip.
1998 5590 2038 5638 ι,

392 5643 458 5720 7,,
481 5639 577 5692 ubi
605 5638 922 5722 A'pqstglus
953 5638 1036 5693 ait
1063 5657 1076 5695 :
1106 5638 1520 5710 Συγκοινωνούς
1553 5638 1656 5710 μου
1678 5645 1776 5707 τῆς
1813 5638 2041 5715 χάριτος

391 5707 592 5768 πάντας
628 5704 765 5779 ὑμᾶς
800 5704 976 5770 ὄντας.

463 5782 574 5850 (86)
625 5780 958 5856 Συμψύχους
1018 5780 1114 5837 παὶ
1171 5779 1464 5857 ψυχικούς.
1523 5784 1640 5839 Vox
1685 5785 2040 5856 posteriora

2150 4695 2539 4772 τάνει,καίτῇ
2593 4701 2729 4767 ποιᾷ
2783 4694 3023 4773 ἐνεργείᾳ
3081 4694 3308 4768 μολύνει
3364 4696 3463 4765 τὴν
3514 4697 3813 4769 ἀνθρώπου

2153 4790 2548 4862 προσηγορίαν,
2607 4785 2725 4840 καθ’
2784 4783 2814 4840 δ
2873 4781 2930 4839 δὶ
2982 4782 3268 4861 ἃνθρωπός
3324 4783 3458 4858 ἐστι,
3505 4785 3598 4839 καὶ
3647 4781 3811 4862 ἔργον

2154 4881 2310 4934 Θεοῦ.
2372 4875 2600 4949 ’Λμέλει
2653 4875 2717 4930 τὸ
2767 4876 3093 4948 ἁμαρτάνειν
3145 4875 3384 4951 ἐνεργείᾳ
3452 4879 3647 4945 κιῖται,
3713 4877 3815 4932 οὐκ

2155 4965 2332 5038 ούσίᾳ’
2367 4963 2452 5021 διὸ
2484 4963 2612 5022 οὐδὲ
2667 4959 2826 5040 ἔργον
2881 4969 3036 5025 Θεοῦ.
3079 4965 3308 5041 Ἐχθροὶ
3340 4961 3398 5019 δὶ
3456 4965 3508 5019 oi
3567 4966 3813 5040 ἁμαρτὰς

2929 5134 3004 5204 (b)
3036 5131 3250 5204 Philip.
3276 5149 3314 5199 ι,
3349 5135 3399 5185 '7.
3462 5133 3534 5200 (ο)
3587 5131 3810 5203 Philip.

2465 5176 2477 5201 7

2146 5357 2329 5430 priori
2361 5357 2435 5412 ab
2468 5363 2708 5414 auctore
2741 5356 3025 5431 infertur:
3057 5354 3680 5431 namei'ipituxoiesse
3704 5375 3808 5413 ne-

2151 5437 2404 5556 gueunt,
2438 5432 2539 5500 qui
2573 5447 2694 5485 non
2727 5430 2908 5485 habet
2934 5429 3034 5496 τήν
3067 5429 3277 5502 ψυχήν,
3309 5449 3376 5485 ac
3408 5429 3664 5500 proinde
3709 5432 3807 5499 ψυσ

2200 5500 2305 5553 ικοί
2338 5509 2498 5556 sunt.
2536 5503 2649 5556 Vox
2684 5502 2814 5556 insa
2843 5500 3075 5556 ὡυγικοί
3108 5502 3166 5556 in
3219 5503 3327 5556 hac
3380 5500 3637 5556 epistola
3687 5518 3802 5556 non

2200 5500 2305 5553 ικοί
2338 5509 2498 5576 sunt.
2536 5503 2649 5556 Vox
2684 5502 2814 5574 ipsa
2843 5500 3075 5576 ψυχικοί
3108 5500 3184 5556 ίῐϊ
3219 5503 3327 5557 hac
3380 5500 3637 5572 epistola
3687 5518 3802 5557 non

2151 5575 2428 5631 occurrit.

2223 5646 2336 5719 (_8_7)
2369 5645 2443 5697 Ti:
2478 5644 2657 5711 Ἰησοῦ
2719 5645 2975 5718 Χριστοῦ,
3035 5643 3112 5698 Τὰ
3167 5646 3262 5697 τοῦ
3307 5641 3544 5719 Χριστοῦ
3603 5644 3802 5712 Ἰησοῦ,

2149 5715 2364 5787 Philip.
