4066 6192
344 334 478 392 1301

1676 339 2125 395 ΒἸἮΟΜΔΤΠΜ
2163 343 2296 396 LIB.
2337 342 2429 397 IV.

3625 350 3767 407 1302

336 485 521 526 νοντες
556 461 804 540 εἷ’ρηνται
834 468 989 531 Θεοῦ,
1023 465 1074 518 οἱ
1100 463 1292 539 ἐχθροὶ
1326 462 1393 533 δὴ
1443 469 1550 520 τῶν
1615 465 1875 538 ἐντολῶν,
1909 469 1979 522 αἶς

2111 470 2364 541 quadam
2392 471 2622 527 actione
2667 473 2927 529 humano
2977 475 3210 530 nomini
3250 475 3508 534 dedecus
3561 481 3758 550 infert,

341 551 485 627 μηδὲ
519 553 886 624 ὑπακηκόασι,
918 553 1205 630 γενόμενοι
1239 553 1420 630 ὥσπερ
1470 553 1624 632 φίλοι
1677 557 1728 610 οἱ
1789 558 1996 626 ὑπακη-

337 645 548 715 κοότες,
581 645 634 698 οἱ
668 645 762 718 μὲν
799 641 888 699 διὰ
916 645 1016 712 τὴν
1050 643 1347 713 οἷκείωσιν,
1381 647 1438 698 οἱ
1471 642 1528 700 δὲ
1559 641 1650 700 διὰ
1689 646 1787 714 τὴν
1819 645 1998 702 ἀπαλ-

340 732 636 810 λοτρίωσιν
693 733 793 802 τήν
850 732 910 788 ἐκ
966 734 1340 810 προαιρέσεως
1414 737 1943 810 προσαγορευθέντες
1977 755 1990 768 ⁸

339 823 493 887 οὐθὲν
535 822 636 898 γὰρ
667 824 702 891 ἡ
754 819 926 897 ἔχθρα
974 819 1090 878 οὐδ’
1119 825 1154 892 ἡ
1187 822 1427 899 ἁμαρτία
1484 820 1608 878 ἄνευ
1646 828 1745 879 τοῦ
1793 825 1994 899 ἑχθροῦ

334 913 427 968 καὶ
455 916 554 967 105
585 911 1013 989 ἁμαρτάνοντος
1058 914 1145 968 καὶ
1199 938 1227 965 ‹‹
1259 914 1321 968 τὸ
1354 911 1588 986 μηδενὸς
1622 912 1928 986 ἐπιθυμεῖν,
1968 911 1989 963 ᾧ

337 1001 448 1078 οὐχ
477 1002 552 1064 ὡς
583 1000 891 1074 ἀλλοτρίων
930 1006 1040 1057 τῶν
1081 1001 1434 1076 ἐπιθυμητῶν
1469 998 1664 1072 ὄντων,
1697 1001 1864 1066 πόθον
1914 1003 1988 1075 μὴ

333 1088 483 1169 ἔχειν
535 1089 798 1160 διδάσκει,
850 1092 1088 1166 καθάπερ
1134 1090 1498 1169 ὑπειλήφασιν
1532 1093 1584 1146 o't
1612 1091 1704 1146 τὸν
1761 1092 1989 1163 Κτίστην

334 1180 510 1238 ἄλλον
567 1181 699 1237 εἶναι
755 1181 902 1256 παρὰ
948 1181 1041 1236 τὸν
1091 1185 1309 1257 πρῶτον
1357 1188 1487 1236 Θεον
1547 1179 1987 1257 δογματίζοντες·

335 1268 452 1336 οὗθ’
476 1271 551 1333 ὡς
577 1265 980 1346 ἐϐδελυγμὲνης
1007 1269 1098 1325 καὶ
1147 1277 1318 1339 κακῆς
1351 1267 1517 1340 οὔσης
1574 1277 1673 1339 τῆς
1731 1272 1993 1345 γενέσεως

331 1362 504 1435 (ἄθεοι
535 1360 639 1435 γὰρ
690 1361 746 1413 αἱ
797 1356 944 1430 δόξαι
998 1358 1202 1431 αὖται)’
1267 1382 1289 1412 ι
1342 1357 1610 1434 ἀλλότρια
1640 1383 1668 1411 ››
1721 1357 1778 1414 δὲ
1825 1362 1991 1432 ἡμεῖς

332 1470 508 1528 φαμεν
533 1449 600 1504 τὰ
622 1453 720 1504 105
750 1448 987 1521 κόσμου,
1017 1448 1125 1524 οὐχ
1155 1449 1231 1511 ὡς
1263 1449 1460 1516 ἄτοπα,
1493 1446 1606 1503 οὐδ’
1638 1449 1711 1511 ὡς
1733 1449 1862 1524 οὐχὶ
1891 1447 1988 1503 τοῦ

332 1544 468 1595 Θεοῦ
495 1543 593 1595 105
623 1537 836 1593 πάντων
880 1538 1101 1610 Κυρίου,
1149 1537 1274 1594 ἀλλ’
1321 1536 1509 1607 ἐπειδὴ
1566 1540 1642 1612 μὴ
1692 1539 1988 1612 καταμένο-

337 1650 432 1703 μεν
465 1627 517 1684 ἐν
566 1628 750 1691 αὐτοῖς
797 1627 888 1682 τὸν
938 1625 1112 1682 πάντα
1156 1627 1346 1682 αἰῶνα·
1399 1629 1584 1698 κτήσει
1637 1624 1763 1682 ὄντα
1811 1627 1987 1683 ἀλλό-

329 1738 478 1793 τρια,
507 1719 734 1774 καὶτῶν
790 1718 928 1773 κατᾶ
971 1714 1246 1792 διαδοχὴν
1304 1718 1642 1793 ὑπάρχοντα’
1694 1719 1892 1793 χρήσει
1927 1714 1985 1772 δὲ

329 1809 559 1864 ἑκάστου
601 1810 761 1881 ἡμῶν
823 1804 958 1876 ἴδια,
990 1804 1060 1861 δι’
1121 1806 1213 1870 οὓς
1267 1807 1355 1862 καὶ
1410 1806 1639 1882 ἐγένετο⁹
1696 1807 1844 1878 πλὴν
1903 1806 1982 1879 ἐφ’

328 1899 457 1954 ὅσον
502 1901 614 1972 (88)
667 1919 727 1972 γε
775 1896 958 1958 αὐτοῖς
1013 1898 1304 1972 ἀναγκαῖον
1358 1901 1722 1971 συμπαρεῖναι
1756 1938 1769 1952 .
1830 1898 1980 1953 Κατᾶ

327 1989 559 2066 φυσικήν
617 1988 801 2043 τοίνυν
861 1983 1032 2061 ὄρεξιν
1094 1984 1363 2061 χρηστέον
1417 1991 1532 2046 τοῖς
1579 1983 1978 2058 κεκωλυμένοις

326 2075 535 2147 καλῶς,
567 2083 740 2132 πᾶσαν
790 2076 1195 2150 ὑπερέκπτωσιν
1245 2074 1334 2129 καὶ
1393 2075 1730 2147 συμπάθειαν
1778 2095 1978 2145 παραι-

324 2168 651 2240 τουμένους.

2109 559 2212 615 sed
2247 565 2540 630 quatenus
2563 566 2654 616 est
2685 562 2860 617 homo
2893 568 2950 617 et
2981 580 3128 634 opus
3164 565 3285 620 Dei.
3321 569 3572 624 Peccare
3604 577 3761 627 certe

2108 649 2264 704 inter
2275 651 2540 705 actiones
2558 651 2819 722 ponitur,
2841 669 2962 707 non
2982 653 3139 708 inter
3153 654 3535 727 substantias,
3551 677 3763 730 quam-

2106 738 2311 793 obrem
2356 756 2465 794 nec
2507 741 2609 794 Dei
2653 747 2742 795 est
2781 759 2951 812 opus.
2978 744 3080 798 Dei
3118 749 3317 799 autem
3355 746 3580 804 inimici
3617 750 3758 806 dicti

2109 833 2248 882 sunt
2280 831 2747 900 peccatores,qui
2769 837 2907 885 sunt
2921 832 3146 888 inimici
3163 850 3208 887 ω
3221 834 3596 905 andatorum,
3630 841 3764 910 qui-

2106 916 2349 971 busnon
2373 918 3028 985 obediunt,sicutamici
3054 928 3210 991 sunt,
3227 924 3327 993 qui
3347 924 3668 996 obediunt;
3696 930 3756 984 hi

2108 1008 2346 1078 quidem
2362 1016 2602 1080 propter
2614 1011 3100 1082 conjunctionem
3116 1013 3201 1066 illi
3219 1031 3353 1069 vero
3367 1019 3762 1088 propteralie-

2105 1098 2707 1166 nationem,exlibero
2723 1101 2906 1155 animi
2920 1101 3164 1156 arbitrio
3182 1103 3528 1174 profectam,
3549 1110 3754 1180 appel-

2105 1186 2392 1242 lati.Nihil
2412 1189 2571 1242 enim
2592 1190 2968 1245 suntinimici
2981 1191 3072 1246 tite
3085 1209 3282 1262 neque
3297 1199 3759 1266 peccatum,abs-

2104 1294 2218 1348 que
2253 1278 2492 1334 inimico
2519 1284 2578 1334 et
2598 1286 2925 1352 peccatore.
2960 1282 3113 1338 Illud
3136 1289 3336 1339 autem
3367 1295 3752 1360 praeceptum,

2102 1383 2218 1436 quo
2241 1367 2524 1435 jubemur
2553 1391 2580 1417 ‹‹
2617 1369 2702 1422 nil
2733 1370 3175 1441 concupiscere,
3211 1395 3238 1421 »
3288 1391 3408 1429 non
3458 1382 3614 1432 vetat
3641 1396 3750 1435 nos

2103 1456 2503 1527 qualicunque
2535 1458 2831 1513 desiderio
2886 1460 3063 1528 afﬁci,
3095 1478 3162 1517 ac
3211 1463 3257 1517 si
3316 1464 3514 1520 aliena
3552 1475 3756 1525 essent

2103 1562 2473 1616 quaecunque
2503 1551 2641 1602 sunt
2660 1547 3102 1615 desiderabilia,
3127 1557 3192 1605 ut
3212 1553 3630 1612 existimarunt
3649 1559 3752 1628 qui

2100 1634 2436 1688 Creatorem
2477 1635 2660 1690 alium
2708 1653 2836 1691 esse
2868 1654 2902 1692 a
2933 1639 3125 1709 primo
3159 1641 3274 1696 Deo
3308 1647 3611 1712 statuunt;
3644 1663 3752 1702 ne-

2100 1738 2214 1792 que
2247 1728 2528 1794 tanquam
2553 1725 2681 1796 ipsa
2702 1727 3003 1797 generatio
3032 1729 3107 1782 sit
3125 1730 3284 1784 mala
3305 1736 3365 1785 et
3390 1736 3752 1791 exsecranda

2098 1811 2260 1881 (sunt
2292 1812 2451 1868 enim
2487 1813 2684 1885 impiae
2732 1815 3074 1887 hujusmodi
3099 1818 3468 1891 opiniones);
3503 1822 3606 1878 sed
3637 1841 3746 1880 nos

2092 1915 2188 1954 res
2212 1900 2390 1972 hujus
2411 1902 2618 1957 mundi
2637 1925 2665 1952 «
2690 1903 2916 1960 alienas
2937 1927 2963 1954 »
2992 1922 3120 1961 esse
3136 1907 3410 1975 dicimus,
3440 1927 3560 1966 non
3584 1914 3742 1984 quod

2088 1989 2209 2043 sint
2234 1990 2503 2045 absurda:
2549 2008 2616 2046 ac
2675 1999 2896 2065 turpes,
2942 2001 3044 2050 aut
3073 1997 3228 2067 quod
3261 1998 3335 2053 ad
3385 2000 3569 2055 Deum
3626 2003 3741 2056 Do-

2087 2079 2318 2134 minum
2350 2081 2759 2137 universorum
2784 2100 2904 2138 non
2935 2085 3295 2154 pertineant,
3320 2088 3424 2142 sed
3455 2091 3738 2159 quoniam

2086 2167 2146 2221 in
2181 2169 2266 2221 eis
2299 2185 2421 2223 non
2470 2186 2890 2240 permanemus
2923 2173 2984 2227 in
3015 2191 3192 2229 omne
3243 2177 3550 2244 saeculum,
3603 2195 3737 2234 cum

328 2256 526 2330 quoad
557 2257 997 2328 possessionem
1030 2257 1148 2311 sint
1179 2255 1394 2322 aliena,
1428 2259 1486 2310 et
1515 2255 1960 2310 successoribus
1990 2257 2212 2311 nostris
2244 2258 2550 2325 tradenda,
2585 2261 2780 2330 quoad
2819 2277 2992 2316 usum
3034 2280 3169 2317 vero
3203 2264 3322 2318 sint
3351 2266 3742 2339 uniuscujus-

327 2362 444 2419 que
473 2351 744 2400 nostrum
776 2345 1033 2417 propria,
1067 2350 1308 2416 propter
1337 2361 1480 2415 quos
1513 2344 1691 2400 etiam
1723 2344 1877 2399 facta
1904 2349 2044 2398 sunt
2065 2361 2086 2408 ;
2117 2344 2220 2399 sed
2253 2350 2450 2400 tamen
2472 2352 2739 2415 eatenus,
2767 2356 3058 2419 quatenus
3080 2367 3200 2406 una
3229 2368 3363 2407 cum
3396 2354 3447 2407 ei
3480 2369 3608 2410 esse
3637 2371 3742 2410 no-

328 2433 422 2490 bis
453 2451 696 2490 necesse
730 2439 838 2489 est.
871 2434 1056 2506 Igitur
1085 2434 1506 2489 convenienter
1560 2433 1818 2489 naturali
1878 2433 2228 2504 appetitioni
2287 2440 2444 2489 recte
2502 2435 2790 2491 utendum
2823 2442 2912 2492 est
2942 2439 3034 2505 iis,
3071 2457 3201 2510 qua:-
3235 2446 3374 2497 sunt
3425 2443 3744 2514 prohibita,

327 2529 600 2580 caventes
630 2540 706 2579 ne
736 2523 979 2579 modum
1011 2522 1386 2592 excedamus,
1422 2529 1479 2578 et
1509 2539 1688 2595 supra
1708 2539 1885 2593 quam
1916 2539 2024 2593 par
2053 2527 2142 2576 est
2172 2521 2233 2578 in
2261 2540 2329 2578 ea
2357 2523 2708 2580 afﬁciamur.

1821 2692 2054 2747 CAPUT
2103 2692 2248 2746 XIV.

1387 2803 1462 2855 De
1491 2801 1784 2855 dilectione
1815 2801 2077 2866 omnium,
2111 2801 2278 2852 etiam
2308 2798 2676 2854 inimicorum.

393 2949 529 3017 Ὅση
589 2945 679 3000 καὶ
739 2941 1104 3018 χρηστότηςς
1165 2965 1192 2993 ‹‹
1230 2941 1500 3017 Ἀγαπᾶτε
1554 2938 1682 3000 τοὺς
1738 2937 1972 3012 ἐχθροὺς

326 3039 480 3111 ὑμῶν
515 3081 530 3105 ,
583 3059 611 3087 »ι
673 3033 844 3109 λέγει·
904 3057 931 3083 ‹‹
991 3030 1271 3106 εὐλογεῖτε
1350 3027 1478 3090 τοὺς
1559 3026 1979 3103 καταρωμένους

324 3127 464 3200 ὑμᾶς
495 3130 626 3197 t89)'
660 3124 748 3179 καὶ
799 3119 1172 3197 προσεύχεσθε
1229 3120 1360 3192 ὑπὲρ
1407 3121 1516 3172 τῶν
1565 3116 1973 3193 ἐπηρεαζόντων

324 3216 474 3290 ὑμῖν,
506 3240 533 3265 ››
565 3215 653 3268 καὶ
706 3213 772 3268 τὰ
830 3211 1017 3284 ὅμοια·
1082 3212 1166 3270 οἷς
1220 3207 1602 3284 προστίθησιν·
1664 3230 1684 3258 ι
1718 3208 1836 3263 ’Ἰνα
1889 3205 1976 3281 γὲο

2157 2940 2337 2992 Porro
2360 2943 2558 2992 autem
2581 2943 2803 3010 quanta
2825 2944 2914 2995 est
2933 2941 3113 2996 etiam
3139 2942 3470 3015 benignitas
3493 2942 3520 2997 ‘I
3538 2964 3567 2993 «
3601 2943 3738 2998 Dili-

2085 3026 2224 3098 gite,
2253 3050 2273 3074 ι
2302 3027 2516 3098 inquit,
2539 3049 2568 3078 «
2600 3027 2876 3084 inimicos
2897 3035 3142 3086 vestros.
3170 3032 3510 3087 Benedicite
3533 3032 3607 3088 iis
3636 3034 3738 3103 qui

2086 3132 2188 3170 vos
2215 3122 2618 3184 exsecrantur,
2655 3122 2714 3172 et
2745 3125 2908 3173 orate
2935 3136 3040 3190 pro
3066 3120 3172 3188 eis,
3206 3122 3306 3190 qui
3332 3138 3432 3176 vos
3469 3120 3742 3177 afficiunt

2089 3207 2470 3264 contumeliis
2485 3213 2578 3279 (α),
2598 3229 2621 3259 ι
2640 3209 2948 3264 etsimilia.
2965 3209 3190 3275 Quibus
3211 3211 3446 3284 adjicit:
3467 3235 3492 3261 ‹‹
3517 3212 3588 3266 Ut
3609 3211 3740 3267 sitis

257 3315 268 3325 ‘
321 3317 484 3374 νησθε
514 3303 622 3359 υἱοῖ
655 3306 751 3356 105
783 3301 991 3374 Πατρὸς
1026 3299 1178 3372 ὑμῶν
1216 3302 1313 3352 105
1371 3296 1423 3351 ἐν
1468 3301 1586 3358 τοῖς
1641 3295 1911 3371 οὐρανοῖς·
1949 3321 1976 3348 ››

2097 3297 2320 3352 similes
2346 3298 2536 3352 Patris
2567 3298 2765 3363 vestri,
2790 3299 2892 3368 qui
2921 3305 3012 3354 est
3035 3300 3095 3354 in
3143 3300 3306 3355 caelis
3336 3301 3412 3369 (b)
3438 3320 3452 3365 ;
3486 3322 3516 3349 »
3548 3301 3739 3372 signi-

323 3395 420 3463 τὴν
454 3391 779 3466 ἐξομοίωσιν
839 3391 937 3457 τήν
995 3389 1131 3464 πρὸς
1184 3389 1312 3442 Θεὸν
1360 3385 1755 3458 αἰνισσόμενος.
1804 3383 1976 3442 Πάλιν

325 3481 371 3539 δ’
403 3484 466 3538 αὖ
498 3499 683 3560 φησιν’
718 3503 746 3529 ‹‹
779 3484 916 3541 Ἴσθι
976 3477 1175 3531 εὐνοῶν
1226 3479 1306 3547 τῷ
1363 3471 1622 3546 ἀντιδίκῳ
1669 3495 1764 3528 σου
1813 3473 1976 3549 ταχὺ,

323 3570 428 3633 ἓως
462 3559 590 3624 ὅτου
622 3569 670 3623 εἶ
722 3567 773 3622 ἐν
832 3569 899 3640 τῇ
932 3563 1044 3638 ὁδῷ
1106 3565 1221 3637 μετ’
1273 3563 1458 3621 αὐτοῦ.
1512 3559 1820 3623 Ἀντίδικος
1848 3586 1877 3614 »
1921 3560 1978 3617 δὲ

331 3659 393 3714 οὐ
424 3659 486 3714 τὸ
519 3663 702 3731 σῶμα,
733 3655 806 3718 ὥς
837 3676 978 3716 τινες
1014 3652 1331 3731 βούλονται,
1365 3651 1491 3708 ἀλλ’
1523 3654 1552 3708 6
1583 3649 1848 3714 διάϐολος
1886 3654 1974 3707 καὶ

330 3750 383 3805 οἱ
439 3746 617 3820 τούτῳ
674 3745 1116 3820 ἐξομοιούμενοι,
1151 3744 1179 3798 6
1237 3739 1596 3798 «συνοδεύων
1653 3764 1678 3796 ι
1737 3745 1873 3815 ἡμῖν
1908 3738 1980 3795 δι’

330 3837 632 3912 ἀνθρώπων
658 3839 767 3890 τῶν
796 3832 1106 3905 ξηλούντων
1138 3833 1206 3888 τὰ
1244 3829 1371 3909 ἔργα
1424 3832 1592 3887 αὐτοῦ
1623 3830 1676 3886 ἐν
1728 3835 1810 3902 τῷ
1859 3830 1976 3885 ἐπιο

327 3927 461 4003 γείῳ
489 3924 631 3998 τῷδε
663 3927 786 4000 βίῳ.
823 3923 946 3999 Οὐχ
976 3923 1089 3979 οἶόν
1119 3944 1178 3978 τε
1209 3922 1299 3977 οὗν
1338 3923 1414 3995 μὴ
1438 3926 1627 3986 παθεῖν
1657 3921 1722 3976 τὰ
1753 3914 1978 3995 ἔχθιστα

323 4015 451 4077 τοὺς
482 4012 896 4089 ὁμολογοῦντας
933 4013 1027 4085 μὶν
1060 4011 1282 4072 ἑαυτοὺς
1331 4012 1466 4065 εἶναι
1521 4014 1640 4073 τοῖς
1692 4013 1794 4064 105
1845 4015 1980 4082 Χρι-

325 4108 457 4159 στοῦ
487 4107 618 4178 (90),
653 4103 704 4157 ἐν
743 4099 801 4156 δὲ
827 4107 943 4163 τοῖς
971 4106 1068 4156 105
1099 4095 1363 4156 διαϐόλου
1392 4100 1858 4174 καταγινομὲνους
1887 4093 1977 4171 ἔρ-

325 4214 447 4270 γοις
483 4212 497 4225 ·
554 4193 854 4266 γέγραπται
911 4189 1032 4265 γάρ’
1097 4214 1124 4241 ‹‹
1158 4190 1252 4260 Μή
1311 4209 1444 4243 ποτε
1499 4185 1728 4264 παραδῷ
1787 4208 1844 4243 σε
1896 4186 1976 4258 τῷ

326 4285 512 4358 κριτῇ,
547 4303 571 4333 ν
607 4282 634 4335 6
665 4279 858 4355 κριτὴς
889 4276 946 4333 δὲ
973 4282 1086 4348 (91)
1116 4277 1196 4350 τῷ
1246 4277 1484 4354 ὑπηρέτῃ
1524 4281 1626 4343 τῆς
1653 4277 1833 4352 ἀρχῆς
1880 4283 1978 4333 τοῦ

328 4365 632 4426 διαϐόλου.
695 4393 722 4420 ‹‹
757 4368 1059 4440 Πὲπεισμαι
1109 4367 1234 4442 γὰρ,
1293 4365 1376 4422 ὅτι
1431 4364 1556 4422 οὔτε
1614 4367 1861 4435 θάνατος,
1898 4369 1976 4423 »ὁ

326 4460 444 4515 κατ’
475 4457 739 4536 ἐπιφορὰν
768 4461 875 4512 τῶν
909 4454 1245 4512 διωκόντων·
1311 4479 1334 4512 ι
1369 4452 1493 4511 οὔτε
1525 4456 1663 4525 ζωή,
1692 4482 1714 4510 ι
1763 4459 1798 4524 ἡ
1842 4457 1979 4512 κατᾶ

324 4549 417 4605 τὸν
474 4549 592 4624 βίον
651 4551 874 4602 τοῦτον·
937 4571 963 4597 ‹‹
998 4543 1123 4602 οὔτε
1178 4543 1424 4622 ἄγγελοι,
1456 4567 1484 4596 ››
1545 4545 1596 4599 οἱ
1654 4544 1975 4600 ἀποστάταισ

327 4663 355 4690 ι(
385 4635 507 4693 οὔτε
537 4636 724 4714 ἀρχαῖ’
761 4660 790 4689 ››
835 4636 981 4712 ἀρχή
1035 4633 1094 4690 δὲ
1143 4639 1222 4707 τῷ
1275 4639 1509 4706 Σατανᾷ,
1541 4634 1568 4688 6
1604 4635 1726 4710 βίος
1777 4634 1835 4689 ὃν
1891 4633 1975 4689 εἶ-

328 4725 474 4783 λετο·
509 4731 754 4782 τοιαῦται
791 4729 900 4799 (92)
929 4725 1031 4802 γὰρ
1068 4725 1122 4778 αἱ
1153 4725 1270 4778 κατ’
1332 4723 1490 4778 αὐτὸν
1551 4722 1721 4798 ἀρχαί
1775 4745 1834 4778 τε
1886 4723 1975 4778 καὶ

2009 4683 2056 4747 D

2093 3388 2276 3442 ficans
2301 3401 2452 3453 eam,
2477 3403 2608 3457 quin
2629 3388 2812 3442 Deum
2835 3389 3033 3455 refert,
3057 3389 3570 3445 assimilationem.
3592 3392 3741 3445 Rur-

2093 3493 2193 3531 sus
2228 3482 2425 3530 autem
2471 3477 2667 3546 inquit
2699 3493 2712 3530 :
2741 3500 2768 3526 «
2800 3477 2891 3532 Sis
2933 3478 3048 3533 cito
3080 3478 3402 3534 benevolus
3457 3479 3738 3535 adversa-

2091 3566 2179 3619 rio
2213 3570 2334 3631 tuo,
2368 3564 2557 3620 donec
2588 3581 2649 3619 es
2682 3565 2741 3620 in
2777 3565 2866 3620 via
2892 3583 3024 3622 cum
3067 3567 3255 3638 ipso.»
3287 3599 3354 3608 -
3385 3591 3414 3618 ‹‹
3446 3570 3740 3625 Adversa-

2092 3655 2216 3709 rius
2246 3676 2273 3704 »
2308 3658 2508 3708 autem
2564 3671 2682 3708 non
2736 3660 2826 3709 est
2875 3672 3112 3726 corpus,
3139 3662 3205 3711 ut
3236 3657 3480 3727 quidam
3512 3659 3737 3727 volunt,

2093 3744 2196 3800 sed
2213 3743 2506 3814 diabolus,
2527 3750 2584 3799 et
2603 3746 2704 3816 qui
2729 3746 2779 3799 ei
2798 3745 3208 3802 assimilantur
3234 3765 3246 3814 ;
3267 3751 3367 3818 qui
3390 3765 3510 3804 una
3532 3750 3740 3805 nobis-

2091 3850 2227 3888 cum
2260 3857 2286 3883 «
2321 3833 2381 3887 in
2414 3834 2506 3887 via
2534 3855 2562 3884 »
2598 3834 2948 3906 ingreditur,
2988 3851 3094 3907 per
3137 3836 3431 3905 homines,
3459 3838 3562 3908 qui
3610 3838 3739 3910 ejus

2090 3922 2244 3978 facta
2271 3923 2582 3978 imitantur
2611 3924 2671 3978 in
2704 3925 2813 3979 hac
2843 3925 2960 3980 vita
2980 3931 3234 3980 terrena.
3269 3926 3420 3980 Fieri
3451 3944 3586 4000 ergo
3617 3945 3736 3982 non

2090 4017 2304 4085 potest,
2330 4018 2396 4067 ut
2424 4030 2543 4069 non
2600 4015 2905 4085 patiantur
2931 4015 2994 4078 ’Β
3033 4015 3472 4084 inimicissima,
3507 4019 3608 4089 qui
3668 4036 3730 4073 se

2091 4103 2153 4157 in
2185 4103 2399 4157 Christi
2434 4102 2674 4174 quidem
2701 4120 2830 4159 esse
2866 4105 3247 4174 confitentur,
3283 4107 3343 4160 in
3376 4106 3596 4162 diaboli
3627 4124 3736 4162 au-

2091 4197 2209 4246 tem
2245 4197 2553 4248 versantur
2582 4193 2882 4264 operibus.
2919 4195 3209 4266 Scriptum
3244 4200 3334 4248 est
3364 4195 3563 4248 enim:
3598 4216 3626 4244 «
3659 4197 3740 4249 Ne

2091 4280 2240 4336 forte
2274 4287 2328 4336 te
2362 4281 2554 4337 tradat
2578 4281 2791 4352 judici,
2815 4281 3000 4352 judex
3029 4287 3227 4336 autem
3258 4281 3531 4336 ministro
3567 4302 3594 4330 »
3627 4282 3742 4336 im-

2090 4371 2240 4442 perii
2263 4369 2504 4424 diaboli.
2535 4393 2554 4417 ι
2583 4372 2939 4425 Persuasum
2968 4371 3124 4424 enim
3149 4369 3534 4440 habeo,quod
3548 4387 3741 4440 neque

2090 4476 2272 4524 mors,
2306 4475 2485 4529 quam
2517 4461 2776 4512 aﬂ‘erunt
2805 4458 2842 4511 ii
2876 4458 2976 4527 qui
3023 4462 3468 4528 persequuntur
3499 4476 3514 4525 ;
3573 4480 3598 4507 «
3629 4475 3740 4514 ne-

2091 4564 2204 4620 que
2231 4548 2368 4613 vita,
2399 4567 2425 4599 η
2457 4564 2611 4618 quaa,
2641 4547 2734 4601 hic
2765 4545 2998 4618 agitur;
3031 4568 3058 4594 «
3095 4563 3288 4617 neque
3335 4547 3553 4620 angeli,
3586 4570 3614 4597 ››
3639 4549 3740 4618 qui

2089 4637 2456 4703 defecerunt,
2495 4658 2515 4684 ι
2553 4651 2745 4706 neque
2779 4635 3148 4706 principatus
3179 4658 3205 4686 ι»
3253 4635 3483 4692 Satanae
3542 4643 3742 4693 autem

2086 4725 2456 4798 principatus
2489 4729 2579 4780 est
2595 4725 2730 4794 vita,
2765 4741 2944 4796 quam
2966 4724 3163 4796 eligit:
3197 4725 3347 4780 tales
3378 4727 3558 4781 emim
3576 4731 3742 4793 sunt,

395 4881 457 4946 ’κ
478 4884 540 4937 Ρ.
571 4883 674 4936 606
704 4881 816 4935 ED.
848 4880 1141 4947 POTTER,
1173 4882 1277 4932 512
1307 4879 1418 4932 ED.
1453 4878 1679 4933 PARIS.
1738 4877 1814 4949 (α)
1846 4879 1979 4933 Matt

2097 4895 2130 4946 ι,
2163 4879 2252 4945 44,
2283 4880 2372 4935 45.
2403 4878 2480 4950 (b)
2510 4876 2657 4932 Ibid.
2686 4879 2774 4934 2t.

399 5034 507 5104 (88)
540 5031 655 5108 Ἐφ’
687 5031 834 5085 ὅσον.
855 5033 988 5108 ⁸Ηοο
1015 5036 1124 5098 est,
1158 5053 1185 5078 ‹‹
1221 5031 1570 5108 quantisper
1599 5030 1818 5108 versari
1872 5047 1981 5084 nos

327 5108 390 5162 in
421 5101 530 5162 hac
556 5101 674 5159 vita
707 5103 1018 5175 contingit,
1053 5125 1073 5151 -
1128 5101 1253 5158 non
1307 5101 1479 5170 vero,
1515 5107 1580 5156 ut
1636 5101 1812 5172 paulo
1845 5107 1981 5156 ante

326 5179 573 5242 dictum,
606 5175 680 5236 εἲς
705 5174 876 5228 πάντα
908 5173 1100 5228 αἰῶνα.

397 5250 513 5320 (89)
539 5240 727 5320 Tui;
782 5245 959 5302 Addit
989 5245 1297 5320 Matthmus
1351 5240 1534 5304 καλῶς
1579 5247 1798 5320 Δποιεῖτε
1853 5242 1979 5320 1054

330 5315 818 5392 pt60551a376aiq,
853 5335 982 5389 quas
1016 5318 1262 5392 fortasse
1297 5321 1538 5392 propter
1572 5315 1711 5392 ὑμᾶς
1762 5315 1981 5392 repeti-

329 5389 474 5463 tum,
498 5409 604 5463 per
625 5391 1002 5463 librariorum
1021 5389 1440 5463 negligentiam
1461 5390 1827 5463 exciderunt.
1855 5389 1980 5441 Mox

328 5459 751 5534 ἐπηρεαζόντωνΔ
783 5461 934 5534 ὑμῖν,
980 5459 1280 5534 Μᾶίὶιιξνη
1329 5461 1488 5516 dein.
1541 5460 1691 5519 ὅπως
1735 5459 1976 5533 γένησθε·

330 5543 388 5590 et
418 5529 578 5594 mox,
607 5535 704 5585 105
734 5529 786 5586 ἐν
821 5529 1094 5604 οὐρανοῖς,
1127 5532 1349 5602 absque
1383 5533 1654 5604 articulo.

402 5610 511 5675 (90)
569 5607 695 5664 Τοῖς
749 5606 846 5657 105
890 5602 1140 5672 ’Χριστοῦ
1176 5646 1188 5657 .
1279 5605 1515 5658 Rectius
1600 5602 1652 5656 ἐν
1710 5606 1828 5661 τοῖς
1883 5604 1979 5654 105

331 5667 570 5754 Χριστοῦ
600 5693 735 5734 cum
759 5693 878 5768 pm
924 5667 1058 5731 o'sit.
1093 5675 1154 5730 in
1185 5689 1308 5745 seq.
1333 5676 1601 5730 membro
1634 5675 1906 5730 SYLBURG.

403 5751 512 5801 (9H
544 5749 606 5801 '0
636 5767 829 5801 κοιτγ.ς
860 5693 937 5801 δὲ.
973 5745 1070 5800 Καὶ
1104 5745 1131 5799 6
1161 5745 1376 5801 κριτής.
1409 5747 1608 5801 Matth.

403 5751 512 5823 (91)
544 5749 606 5805 Ὃ
636 5744 829 5822 κριτῆς
860 5744 937 5805 δὶ.
973 5745 1070 5800 Καὶ
1104 5745 1131 5799 6
1161 5744 1376 5818 κριτής,
1409 5747 1608 5803 Matth.

2163 5030 2276 5099 (92)
2307 5031 2584 5099 Τοιαῦταιἴ
2618 5030 2767 5083 Ante
2811 5029 2964 5084 hanc
3019 5045 3219 5084 vocem
3253 5033 3319 5084 A.
3354 5030 3739 5087 inserendum

2091 5095 2280 5182 putat,
2313 5095 2738 5182 οὕτεβυνάμξμ·
2775 5099 2990 5182 deinde
3022 5107 3160 5156 ante
3191 5101 3266 5182 ᾡς
3295 5105 3393 5182 τοῦ
3428 5101 3522 5182 μξν
3555 5123 3738 5177 στρατ.

2091 5167 2732 5245 interserendum.0t’$13
2760 5171 2826 5224 τὰ
2861 5169 3158 5245 μὲλλοντα’
3179 5179 3244 5228 ut
3273 5167 3524 5245 singulis
3553 5167 3740 5229 mem-

2090 5244 2213 5297 bris
2246 5259 2352 5298 sua
2381 5242 2738 5314 respondeat
2761 5244 2931 5297 ratio.
2961 5245 3168 5299 Prima;
3200 5242 3400 5300 tamen
3428 5245 3737 5299 insertioni

2091 5315 2284 5386 obstat
2310 5313 2621 5386 relativum
2667 5313 2853 5380 αὐτόν,
2889 5316 3046 5386 quod
3104 5333 3138 5372 a
3196 5334 3302 5371 suo
3355 5317 3740 5370 antecedente

2092 5385 2345 5440 discludi
2379 5403 2498 5440 non
2523 5393 2733 5458 potest.
2772 5389 2885 5443 Nec
2908 5385 3096 5442 altera
3115 5405 3304 5458 usque
3328 5388 3473 5442 adeo
3497 5403 3741 5440 necesa-

2091 5458 2180 5530 ria
2209 5464 2336 5521 est;
2370 5475 2501 5512 cum
2537 5458 2709 5512 militi
2747 5475 2932 5530 spem,
2959 5465 3017 5512 et
3045 5459 3358 5513 mercatori
3391 5458 3641 5521 lucrum,
3677 5458 3739 5511 in

2092 5529 2199 5583 hac
2235 5530 2368 5588 vita.
2401 5537 2682 5600 tanquam
2734 5530 3072 5600 praesentia,
3119 5530 3421 5600 proposita
3453 5545 3580 5582 esse
3613 5530 3740 5600 ipse

2090 5601 2362 5655 Clemens
2393 5601 2631 5656 indicet.
2669 5603 2945 5656 Gnostico
2980 5617 3121 5655 sane
3149 5601 3275 5668 jam
3315 5615 3581 5670 praesens
3610 5617 3740 5655 esse

2091 5672 2173 5740 id,
2198 5672 2629 5743 quodfuturum
2654 5679 2764 5738 est,
2788 5673 2944 5728 idem
2971 5672 3125 5726 infra
3151 5671 3433 5727 declarat.
3462 5671 3736 5727 SYLBURG.
