4066 6192
381 381 521 439 1303

1610 382 2020 440 CLEMENTIS
2055 381 2552 437 ALEXANDRINI

3669 380 3798 437 1304

377 510 478 582 qui
512 512 651 564 sunt
680 525 750 564 ex
779 524 849 563 eo
880 507 1272 581 principatus,
1301 513 1361 564 et
1398 513 1722 581 potestates
1755 506 2028 563 tenebra-

2152 501 2380 578 ἑξρυσίαι
2409 507 2506 558 τοῦ
2538 501 2783 566 σκότους·
2820 525 2851 554 ιι
2903 498 3028 557 οὔτε
3083 501 3153 556 τά
3199 501 3490 572 ἐνεστῶτα,
3541 527 3575 552 ι)
3625 500 3679 557 ἐν
3730 505 3802 566 οἷς

376 615 508 654 rum
534 598 573 666 ;)
604 620 631 647 «
666 613 861 668 neque
912 598 1252 668 praesentia,
1286 598 1348 653 in
1382 598 1599 669 quibus
1650 614 1855 653 sumus
1886 601 2030 652 tem-

375 705 518 760 pore
544 687 724 759 hujus
754 686 906 752 vitaa,
943 693 1007 741 ut
1055 704 1190 759 spes
1221 687 1464 758 quidem
1516 686 1745 753 militis,
1797 685 2030 740 lucrum

376 794 511 832 vero
543 777 894 831 mercatoris
921 793 932 843 ;
976 799 1000 828 ι
1031 793 1225 848 neque
1258 776 1529 839 altitudo,
1563 791 1756 846 neque
1789 774 2029 846 profun-

378 865 552 932 ditas,
586 882 778 936 neque
811 865 1013 936 aliqua
1042 865 1160 920 alia
1189 871 1482 931 creatura,
1517 888 1544 915 υ
1581 882 1686 936 per
1731 865 2031 936 prOpriam

378 955 609 1010 homini
640 954 862 1009 resistit
883 954 1290 1026 operationem
1314 954 1450 1010 fidei
1474 954 1626 1025 ejus,
1651 953 1751 1024 qui
1785 970 1892 1008 suo
1914 953 2035 1025 agit

379 1045 648 1100 arbitrio.
685 1065 712 1092 ‹‹
743 1045 1039 1098 Creaturaa
1075 1067 1095 1092 ι
1123 1049 1321 1098 autem
1345 1059 1564 1098 nomen
1597 1043 1877 1097 tribuitur
1897 1043 2030 1097 uni-

380 1151 518 1189 voce
547 1132 1010 1204 operationibus,
1043 1138 1109 1188 ut
1138 1150 1270 1204 quae
1304 1134 1381 1188 sit
1409 1139 1676 1188 nostrum
1721 1147 1911 1203 opus:
1945 1136 2033 1186 ta-

382 1221 455 1277 lis
477 1239 616 1292 ergo
647 1221 911 1293 operatio
943 1243 972 1271 ι(
1003 1238 1124 1276 non
1149 1223 1367 1292 poterit
1389 1238 1498 1276 nos
1531 1237 1804 1292 separare
1831 1238 1866 1276 a
1894 1220 2033 1275 cha-

382 1312 556 1367 ritate
579 1311 854 1381 Dei,quaa
881 1316 970 1365 est
1018 1312 1080 1366 in
1136 1311 1367 1366 Christo
1409 1312 1546 1365 Jesu
1595 1309 1842 1365 Domino
1894 1325 2032 1364 nos-

386 1405 473 1454 tro
506 1399 605 1471 (a).
640 1421 668 1449 »
704 1399 892 1454 Habes
923 1416 1219 1455 summam
1251 1400 1529 1470 martyris
1559 1399 1831 1470 gnostici.

2141 590 2300 666 ἐσμεν
2332 591 2468 647 κατά
2495 592 2588 648 τὸν
2634 596 2730 646 τοῦ
2780 591 2900 668 βίου
2951 592 3178 667 χρόνον,
3231 591 3306 653 ὡς
3349 595 3450 646 τοῦ
3512 593 3617 664 μὲν
3648 613 3800 668 στραο

2139 680 2592 751 τιώτουὴὲλπὶς
2659 686 2756 736 τοῦ
2813 680 3062 756 ἐμπόρου
3122 678 3181 736 δὲ
3220 680 3282 735 τὸ
3340 678 3555 755 κέρδος·
3621 707 3652 734 κ
3688 681 3802 737 οὔτε

2141 768 2365 841 ὕψωμα,
2413 768 2536 824 οὕτε
2598 770 2788 843 βάθος,
2833 768 2956 823 οὕτε
3011 789 3096 832 τις
3149 767 3324 830 κτίσις
3384 767 3568 841 ἑτέρα,
3606 794 3635 820 »
3694 772 3803 825 κατ’

2143 857 2409 933 ἐνέργειαν
2459 859 2559 927 τὴν
2607 857 2813 913 οἶκείαν
2861 858 3154 933 ἀνθρώπῳ,
3207 857 3556 932 ἀντιπράττει
3608 863 3682 932 τῇ
3725 859 3808 914 πί-

2145 968 2254 1002 στει
2305 952 2404 1001 τοῦ
2455 946 2920 1022 προαιρουμένουσ
2979 971 3008 998 ‹‹
3069 946 3243 1009 κτίσις
3282 970 3310 998 ι»
3373 945 3431 1002 δὲ
3462 949 3803 1020 συνωνύμως

2142 1035 2234 1092 καὶ
2260 1033 2523 1112 ἐνέργεια,
2559 1061 2585 1088 ιι
2621 1036 2685 1091 οὗ
2721 1033 3004 1107 δυνήσεται
3055 1039 3205 1110 ἧμὶς
3254 1036 3495 1112 χωρίσαι
3546 1037 3656 1092 ἀπὸ
3707 1045 3808 1107 τῆς

2145 1123 2361 1198 ἀγάπης
2415 1130 2513 1180 τοῦ
2561 1129 2718 1196 Θεοῦ,
2749 1131 2851 1193 τῆς
2881 1124 2933 1180 ὲν
2967 1128 3185 1198 Χριστῷ
3245 1126 3425 1195 Ἰησοῦ
3474 1131 3559 1198 τῷ
3619 1126 3809 1200 Κυρίῳ

2145 1215 2306 1287 ἡμῶν
2342 1258 2355 1271 .
2415 1237 2442 1265 ››
2511 1216 2701 1289 Ἔχεις
2769 1211 3241 1290 συγκεφαλαίωσιν
3295 1219 3608 1289 γνωστικοῦ
3669 1216 3809 1291 μάρ-

2144 1323 2330 1378 τυρος.

1898 1541 2130 1596 CAPUT
2169 1542 2285 1598 XV.

1763 1652 1840 1706 De
1878 1650 2104 1705 vitando
2141 1649 2422 1706 seandalo.

461 1821 488 1846 ‹‹
525 1797 754 1853 Scimus
783 1802 1002 1864 autem,
1035 1796 1195 1868 quod
1238 1813 1448 1853 omnes
1492 1795 1782 1853 habemus
1831 1793 2038 1868 cogni-

389 1888 613 1941 tionem
646 1909 674 1935 «
708 1903 1108 1950 communem,
1143 1903 1274 1958 qua:
1297 1892 1387 1941 est
1415 1885 1476 1940 in
1507 1884 1948 1946 communibus,
1982 1888 2042 1938 et

394 1976 553 2048 quod
582 1991 737 2031 unus
770 1977 847 2031 sit
894 1977 1067 2030 Deus.
1119 1975 1426 2031 Scribebat
1473 1974 1633 2029 enim
1681 1973 1753 2028 ad
1810 1972 2036 2042 fideles,

392 2064 550 2120 unde
581 2065 762 2120 infert
792 2082 805 2119 :
839 2086 867 2114 ‹‹
891 2065 1005 2120 Sed
1038 2082 1155 2120 non
1189 2071 1278 2120 est
1307 2065 1367 2118 in
1400 2064 1676 2119 omnibus
1708 2063 1987 2136 cognitio,
2016 2083 2044 2111 »

398 2171 530 2226 quea
563 2153 816 2208 traditur
846 2153 906 2208 in
937 2154 1163 2224 paucis.
1228 2155 1376 2208 Sunt
1430 2159 1630 2208 autem
1679 2151 1780 2222 qui
1841 2151 2048 2206 dicunt

396 2257 550 2305 eam,
583 2258 715 2312 quae
774 2247 864 2296 est
910 2241 982 2296 de
1014 2242 1110 2308 iis,
1165 2258 1296 2312 quae
1345 2241 1682 2296 simulacris
1742 2239 2048 2295 immolata

395 2336 554 2398 sunt,
587 2331 987 2402 cognitionem
1021 2348 1142 2386 non
1175 2333 1384 2386 efferre
1435 2332 1591 2385 inter
1637 2347 1866 2396 omnes,
1912 2353 1932 2379 α
1970 2347 2047 2386 ne

396 2419 546 2474 forte
569 2424 832 2490 potestas
863 2425 1068 2474 nostra
1114 2420 1217 2474 fiat
1263 2419 1688 2475 oti‘endiculum
1739 2419 1998 2474 inﬁrmis
2033 2435 2048 2476 :

397 2509 552 2579 perit
573 2507 732 2562 enim
757 2508 1028 2562 infirmus
1051 2514 1151 2563 tua
1173 2508 1509 2580 cognitione
1531 2509 1625 2577 (b).
1652 2529 1679 2556 ››
1703 2507 1869 2573 Quod
1891 2508 1941 2562 si
1964 2507 2053 2563 di-

404 2601 560 2664 cant,
591 2617 620 2646 u
649 2602 922 2668 oportere
954 2613 1152 2653 emere
1183 2597 1473 2668 quidquid
1504 2596 1782 2652 venditur
1811 2597 1872 2651 in
1921 2613 2048 2653 ma-

403 2685 636 2752 cello,»
674 2702 781 2757 per
834 2685 1359 2758 interrogationem
1417 2686 1844 2759 subjungentes
1903 2684 2050 2740 illud

400 2797 428 2824 «
463 2775 618 2830 Nihil
667 2775 1121 2848 interrogantes.
1156 2795 1179 2825 ι
1242 2791 1410 2846 mque
1467 2791 1536 2830 ac
1591 2775 2049 2847 interrogantes,

394 2863 711 2919 ridiculam
758 2863 1015 2918 afferunt
1059 2863 1630 2935 interpretationem.
1680 2864 1834 2918 Dicit
1887 2864 2048 2919 enim

395 2951 740 3022 Apostolus:
769 2951 1026 3007 «Omnia
1045 2973 1072 2999 ››
1095 2951 1212 3006 alia
1234 2973 1261 3001 ‹‹
1295 2968 1364 3006 ex
1389 2951 1642 3006 macello
1673 2951 1872 3019 emite,
1897 2950 2049 3006 nihil

399 3041 836 3112 interrogantes
871 3041 960 3111 (ο).
987 3062 1015 3090 »
1044 3040 1116 3095 iis
1148 3045 1347 3095 tamen
1370 3039 1651 3112 exceptis,
1676 3056 1806 3111 qum
1837 3045 2048 3096 notan-

394 3135 491 3184 tur
520 3130 582 3184 in
639 3129 933 3185 catholica
988 3129 1255 3184 omnium
1315 3129 1719 3200 apostolorum
1775 3129 2046 3200 epistola,

397 3237 550 3292 qum,
575 3219 734 3290 quod
757 3220 838 3274 ita
861 3241 888 3269 ‹‹
923 3219 1111 3274 visum
1137 3220 1214 3275 sit
1243 3219 1484 3290 Spiritui
1520 3224 1747 3288 sancto,
1769 3238 1795 3269 ο
1829 3218 2050 3290 scripta

392 3307 634 3378 quidem
665 3311 756 3362 est
789 3306 850 3360 in
883 3306 1041 3361 Actis
1067 3306 1475 3377 apostolorum
1507 3323 1520 3372 ;
1556 3306 1674 3362 lata
1705 3313 1901 3363 autem
1938 3306 2049 3360 fuit

388 3397 464 3452 ad
495 3396 704 3452 ﬁdeles
733 3412 841 3468 per
871 3396 1057 3468 ipsius
1081 3396 1246 3452 Pauli
1278 3397 1698 3452 ministerium.
1734 3395 2040 3468 Significa-
2071 3383 2116 3447 C
2155 3413 2320 3446 νυσαν
2373 3393 2478 3467 γὰρ

387 3493 529 3542 runt
547 3488 703 3543 220
745 3487 903 3542 enim
926 3491 1197 3558 Oportere
1223 3509 1251 3537 «
1275 3487 1611 3542 necessario
1635 3486 1934 3542 abstinere
1963 3485 2036 3541 ab

387 3576 731 3642 immolatis,
758 3583 818 3632 et
843 3578 1154 3649 sanguine,
1179 3583 1237 3632 et
1257 3577 1582 3639 suffocatis.
1607 3582 1666 3633 et
1694 3577 2037 3633 fornicatio-

388 3682 502 3732 ne;
534 3683 568 3721 a
596 3666 812 3738 quibus
860 3683 921 3722 se
982 3673 1424 3733 conservantes,
1464 3672 1623 3722 recte
1668 3683 1798 3722 esse
1849 3666 2036 3722 factu-

385 3772 484 3810 ros
510 3755 612 3825 (ἀ).
647 3777 675 3804 ››
708 3755 882 3810 Aliud
914 3772 1052 3828 ergo
1079 3761 1189 3822 est,
1213 3756 1372 3828 quod
1402 3755 1626 3811 dictum
1659 3761 1748 3811 est
1777 3755 1850 3810 ab
1882 3758 2035 3828 Apo-

394 3842 567 3898 stolo.
601 3866 629 3892 ‹‹
665 3844 942 3914 Nunquid
973 3861 1093 3899 non
1115 3844 1405 3900 habemus
1444 3849 1798 3916 potestatem
1839 3861 2036 3900 come-

390 3927 567 3982 dendi
605 3929 669 3991 ›ι‹
699 3935 754 3983 et
785 3929 1072 3986 bibendi?
1102 3932 1376 4002 Nunquid
1405 3949 1522 3987 non
1554 3932 1842 3988 habemus
1871 3937 2040 4004 pote-

389 4021 602 4071 statem
635 4033 898 4072 sororem
941 4035 1183 4074 uxorem
1216 4020 1721 4085 circumducendi,
1760 4027 1826 4075 ut
1856 4021 2035 4076 etiam

386 4104 604 4176 reliqui
627 4105 900 4176 apostoli,
925 4107 1215 4163 etfratres
1247 4109 1500 4171 Domini,
1536 4116 1596 4164 et
1623 4110 1850 4180 Cephas
1872 4109 1899 4165 ?
1926 4109 2036 4164 Sed

387 4214 508 4254 non
540 4197 631 4252 usi
665 4211 893 4262 sumus,
927 4196 1139 4267 inquit,
1172 4197 1280 4252 hac
1320 4202 1632 4268 potestate,
1687 4198 1790 4252 sed
1838 4198 2038 4253 omnia

385 4287 771 4352 sustinemus,
796 4302 872 4340 ne
894 4285 1104 4341 demus
1125 4287 1516 4342 offensionem
1535 4285 1853 4358 Evangelio
1875 4287 2035 4342 Chri-

2219 1816 2246 1843 «
2305 1788 2546 1865 Οἴδαμεν
2606 1788 2664 1847 δὲ
2721 1789 2804 1847 ὅτι
2856 1789 3051 1852 πάντες
3096 1795 3294 1866 γνῶσιν
3345 1785 3575 1866 ἔχομεν,
3610 1815 3638 1841 ››
3709 1793 3811 1862 τὴν

2146 1881 2338 1948 κοινὴν
2366 1879 2418 1935 ἐν
2450 1887 2566 1943 τοῖς
2607 1886 2844 1952 κοινοῖς,
2900 1879 2993 1935 καὶ
3044 1881 3145 1949 τὴν
3205 1879 3287 1934 ὅτι
3348 1880 3426 1943 εἷς
3479 1879 3636 1941 Θεός·
3669 1881 3810 1954 πρὸς

2149 1969 2376 2033 πιστοὺς
2431 1970 2531 2046 γάρ
2589 1967 2909 2025 ἐπέστελλεν
2946 1988 2959 2001 ’
3012 1968 3129 2023 ὅθεν
3181 1967 3443 2047 ἐπιφέρει·
3493 1967 3656 2025 Ἀλλ’
3707 1968 3813 2024 οὐκ

2153 2059 2205 2114 ἐν
2237 2065 2397 2113 πᾶσιν
2430 2061 2464 2128 ἡ
2513 2063 2738 2133 γνῶσις,
2775 2081 2796 2109 ι
2861 2056 2912 2112 ἐν
2960 2057 3170 2134 ὀλίγοις
3223 2054 3637 2130 παραδιδομένη
3674 2061 3813 2129 (93).

2150 2147 2272 2203 Elei
2305 2145 2382 2217 δὲ,
2417 2148 2469 2201 οἳ
2503 2167 2632 2225 φασι
2671 2147 2771 2215 τὴν
2830 2145 2954 2223 περὶ
3006 2149 3116 2200 τῶν
3171 2142 3554 2210 εἴδωλοθύτων
3605 2150 3811 2220 γνῶσιν

2151 2237 2252 2292 οὐκ
2281 2235 2332 2290 ἐν
2361 2242 2490 2290 πᾶσι
2542 2237 2740 2314 φέρειν,
2784 2260 2812 2286 ιι
2846 2237 3036 2308 μήτως
3067 2237 3101 2305 ἡ
3155 2233 3371 2305 ἐξουσία
3417 2236 3582 2307 ἡμῶν
3634 2234 3815 2310 πρόσ-

2149 2346 2343 2399 κομμα
2371 2330 2489 2386 τοῖς
2519 2324 2761 2380 ἀσθενέσι
2803 2325 3047 2399 γένηται⁹
3100 2323 3412 2379 ἀπόλλυται
3453 2325 3558 2400 γὰρ
3591 2325 3620 2378 ὁ
3653 2325 3816 2388 ἀσθε-

2151 2421 2257 2471 νῶν
2288 2419 2358 2489 τῇ
2391 2419 2459 2489 σῇ
2488 2415 2708 2490 γνώσει.
2741 2437 2768 2466 ››
2804 2412 2913 2469 Κᾶν
2947 2415 3216 2492 φάσκωσι,
3267 2438 3295 2465 ι(
3331 2418 3439 2468 Πᾶν
3471 2414 3532 2467 τὸ
3585 2412 3639 2468 ἐν
3697 2434 3814 2486 μα-

2149 2503 2336 2576 κὲλλῳ
2367 2502 2732 2576 πωλούμενον
2766 2503 3047 2579 ἀγοράζειν
3081 2499 3184 2570 δεῖ,
3220 2526 3248 2552 »
3277 2503 3413 2557 κατά
3441 2506 3631 2556 πεῦσιν
3667 2501 3809 2558 ἐπά-

2150 2613 2334 2668 γοντες
2369 2639 2385 2662 ,
2438 2593 2552 2661 τὸ,
2612 2616 2640 2644 ‹‹
2701 2589 2883 2662 Μηδὲν
2941 2591 3314 2667 ἀνακρινοντες
3348 2636 3361 2655 ,
3401 2617 3420 2640 ι
3476 2590 3674 2661 ἐπίσης
3728 2596 3810 2663 τῷ

2151 2681 2548 2753 ἀνακρίνοντες,
2598 2684 2817 2756 γελοίαν
2868 2679 3121 2755 ἐξήγησιν
3175 2681 3584 2754 παραθήσονται
3614 2684 3750 2751 (94)’
3783 2681 3812 2735 ὁ

2152 2771 2255 2846 γὰρ
2289 2770 2647 2836 Ἀπόστολος,
2703 2794 2732 2822 «
2768 2771 2969 2839 Πάντα,
3002 2768 3134 2846 φησῖ
3165 2769 3233 2824 τὰ
3280 2767 3425 2823 ἄλλα
3478 2768 3708 2823 ὠνεῖσθε
3760 2769 3819 2824 ὲκ

2157 2858 2461 2934 μακέλλου,
2521 2857 2690 2932 μηδὲν
2739 2858 3146 2933 ἀνακρίνοντες,
3213 2882 3240 2909 ››
3298 2859 3417 2912 καθ’
3472 2857 3811 2930 ὑπεξαίρεσιν

2151 2953 2259 3004 τῶν
2293 2947 2650 3020 δηλουμένων
2677 2947 2814 3002 κατὰ
2861 2949 2960 3016 τήν
3009 2945 3308 3015 ἐπιστολὴν
3349 2948 3448 3015 τὴν
3502 2943 3814 3015 καθολικὴν

2150 3042 2259 3092 τῶν
2321 3035 2644 3092 ἀποστόλων
2705 3036 2957 3092 ἁπάντων
2994 3081 3008 3108 ,
3066 3060 3094 3087 ‹‹
3157 3035 3252 3090 σὺν
3308 3034 3377 3110 τῇ
3433 3032 3656 3105 εὐδοκία
3713 3040 3811 3091 τοῦ

2153 3126 2307 3201 ἀγίου
2339 3125 2676 3199 Ιίνεῦματοςς
2711 3149 2739 3178 ››
2770 3129 2840 3200 τῇ
2869 3125 3225 3201 γεγραμμένῃ
3257 3126 3353 3197 μὶν
3388 3124 3440 3180 ἐν
3486 3129 3609 3185 ταῖς
3660 3123 3812 3200 [Ιρά-

2152 3213 2260 3284 ξεσι
2315 3218 2426 3268 τῶν
2483 3210 2810 3270 ἀποστόλων
2847 3255 2861 3282 ,
2923 3205 3336 3285 διακομισθέίσῃ
3413 3209 3472 3266 δὲ
3547 3212 3628 3274 εἷς
3677 3212 3809 3275 τοὺς

2151 3303 2376 3364 πιστοὺς
2435 3300 2506 3357 δι’
2549 3301 2714 3358 αὖτοῦ
2767 3299 3148 3362 διακονοῦντος
3204 3305 3300 3356 τοῦ
3358 3299 3604 3356 Παύλου·
3665 3299 3809 3372 ἐμή-

2587 3413 2616 3441 ‹‹
2683 3391 2978 3466 ἐπάναγκες
3073 3388 3373 3464 ἀπέχεσθαι
3465 3386 3580 3444 δεῖν
3642 3389 3803 3444 εἰδω-

2149 3479 2394 3536 λοθύτων
2430 3525 2445 3547 ,
2495 3478 2586 3534 καὶ
2646 3477 2878 3552 αἳματος
2915 3521 2930 3546 ,
2995 3477 3086 3533 καὶ
3162 3482 3401 3533 πνικτῶν
3480 3481 3592 3549 (95)
3629 3521 3644 3546 ,
3711 3479 3802 3534 καὶ

2145 3571 2402 3645 πορνείας
2444 3589 2457 3602 ·
2523 3569 2575 3640 ἐξ
2641 3571 2716 3624 ὧν
2784 3567 3175 3644 διατηροῦντας
3241 3568 3496 3637 ὲαυτους,
3556 3567 3614 3622 εὖ
3660 3569 3805 3642 πρά-

2147 3659 2293 3729 ξειν.
2331 3683 2358 3711 ››
2411 3661 2634 3733 Ἕτερον
2692 3662 2801 3732 (96)
2861 3656 2951 3713 οὖν
3024 3655 3134 3713 ἐστι
3188 3657 3254 3711 τὸ
3307 3655 3599 3730 εἰρημένον
3661 3659 3797 3733 πρὸς

2143 3752 2242 3804 τοῦ
2296 3746 2676 3803 Ἀποστόλουο
2735 3772 2765 3799 ‹‹
2827 3748 2914 3815 Μὴ
2973 3745 3072 3801 οὐκ
3099 3743 3302 3820 ἔχομεν
3327 3743 3577 3814 ἰξουσίαν
3611 3752 3797 3821 φαγεῖν

2145 3837 2233 3892 καὶ
2267 3842 2408 3892 πιεῖν
2443 3857 2456 3907 ;
2490 3837 2567 3908 μὴ
2602 3835 2701 3890 οὐκ
2739 3833 2944 3911 ἔχομεν
2995 3834 3231 3906 ἐξουσίαν
3284 3831 3527 3911 ἀδελφήν
3574 3841 3808 3909 γυναῖκα

2145 3926 2444 4000 περιάγειν,
2475 3927 2550 3986 ὡς
2582 3925 2674 3980 καὶ
2705 3925 2757 3980 οἱ
2788 3925 2979 3980 λοιποὶ
3009 3921 3333 3992 ἀπόστολοι,
3364 3925 3461 3977 καὶ
3493 3924 3544 3977 οἱ
3575 3920 3808 4002 ἀδελφοὶ

2144 4020 2240 4069 τοῦ
2267 4014 2488 4090 Κυρίου,
2512 4020 2607 4068 καῖ
2628 4018 2818 4091 Κηφᾶς
2839 4033 2853 4082 ;
2879 4011 3038 4071 Ἀλλ’
3061 4012 3160 4068 οὐκ
3181 4012 3542 4088 ἐχρησάμεθα
3562 4016 3630 4085 τῇ
3652 4012 3807 4086 ἐξου-

2147 4107 2238 4176 σίᾳ
2263 4105 2457 4179 ταύτῃ,
2491 4104 2675 4180 φησῖν,
2711 4102 2857 4159 ἀλλά
2885 4102 3058 4158 πάντα
3087 4101 3375 4176 στέγομεν,
3405 4101 3497 4155 ἳνα
3523 4102 3601 4173 μὴ
3635 4101 3801 4176 ἔγκο-

2145 4197 2252 4263 πήν
2285 4199 2395 4265 (97)
2427 4189 2609 4264 δῶμεν
2665 4196 2744 4264 τῷ
2804 4188 3116 4265 Εὐαγγελίῳ
3170 4188 3268 4244 τοῦ
3325 4194 3562 4263 Χριστοῦ
3599 4213 3620 4242 ι
3677 4189 3809 4259 ἤτοι

2146 4283 2342 4362 φορτία
2371 4282 2740 4356 περίαγοντες,
2773 4278 2894 4334 δέον
2915 4277 3173 4340 εὖλυτους
3206 4280 3316 4352 (98)
3346 4279 3420 4340 εἷς
3450 4279 3653 4341 πάντας
3687 4283 3804 4354 (99)

453 4400 518 4465 ›ι‹
547 4403 610 4456 Ρ.
644 4402 748 4454 607
778 4401 890 4456 ED.
924 4401 1220 4468 POTTER,
1245 4402 1345 4455 513
1377 4400 1488 4454 ED.
1520 4400 1748 4456 PARIS.
1829 4401 1900 4471 (a)
1932 4402 2037 4456 Βοῐ

2152 4416 2243 4464 rm,
2277 4399 2364 4465 38,
2425 4401 2512 4452 59.
2572 4397 2648 4469 (b)
2679 4399 2702 4450 Ι
2750 4398 2880 4452 Cor.
2913 4413 3010 4451 Vlll
3049 4400 3092 4465 ί,
3127 4399 3180 4463 '7,
3212 4398 3268 4464 9,
3301 4399 3384 4451 li.
3418 4395 3490 4468 (ε)
3524 4397 3547 4450 Ι
3577 4396 3712 4452 Cor.
3747 4415 3804 4466 ι,

382 4477 472 4528 25.
507 4473 585 4544 (d)
617 4476 743 4526 Act.
775 4489 867 4538 xv,
899 4474 988 4541 24,
1024 4489 1149 4544 seq.

456 4597 567 4667 (93)
617 4593 858 4670 Ὀλίγοις
911 4593 1168 4667 παραδιδ.
1229 4602 1521 4670 Arcanam
1576 4596 1770 4669 γνῶσιν
1834 4597 2038 4669 paucis

386 4674 619 4724 tantum
650 4669 930 4724 traditam
960 4670 1166 4730 fuisse.
1199 4669 1473 4740 superius
1522 4675 1916 4724 memoratum
1949 4675 2038 4724 est

389 4743 729 4812 Stromatal,
762 4757 892 4812 pag.
928 4742 995 4795 32
1037 4783 1050 4805 ,
1085 4747 1206 4796 not.
1243 4745 1345 4806 l0;
1375 4757 1504 4812 pag.
1537 4742 1661 4806 323,
1694 4747 1814 4795 net.
1848 4745 1900 4795 7.

459 4812 573 4880 (94)
605 4807 706 4863 Κᾶν
763 4807 944 4884 ἱράὲκ.
983 4853 996 4866 .
1033 4853 1046 4866 .
1105 4807 1511 4882 παραθήσονται
1548 4854 1560 4866 .
1617 4814 1697 4866 Ex
1756 4812 1846 4866 his
1899 4828 2031 4884 ver-

391 4881 501 4954 bis.
527 4881 836 4954 proutjam
867 4900 930 4938 se
953 4883 1190 4950 habent,
1217 4901 1397 4940 sanus
1417 4883 1633 4954 aliquis
1665 4899 1877 4938 sensus
1898 4883 2033 4938 elici

391 4952 549 5027 haud
571 4952 742 5027 posse
765 4954 1011 5027 videtur.
1049 4957 1163 5012 Nec
1185 4956 1327 5010 satis
1353 4952 1599 5027 apparet
1620 4954 1761 5027 quid
1793 4954 1903 5027 sibi
1935 4971 2036 5027 vo-_-

390 5020 884 5096 luerit—interpres
915 5026 1041 5081 hinc
1062 5033 1310 5082 vertens.
1348 5020 1599 5095 Interea,
1632 5020 1774 5081 dum
1809 5025 2035 5096 aliquid

392 5093 611 5172 certius
634 5110 700 5147 ac
724 5093 937 5186 melius
958 5100 1312 5186 reperiatur:
1333 5099 1417 5154 sic
1445 5093 1722 5186 scribimet
1752 5093 2033 5186 explicari

388 5178 508 5238 non
567 5167 943 5238 incommode
1001 5167 1172 5238 posse
1223 5171 1544 5225 videntur:
1607 5167 1710 5222 Κᾶν
1748 5167 2030 5238 ,φάσκωσν

388 5233 497 5312 Ili}
530 5232 592 5286 τὸ
622 5232 676 5312 ἐν
712 5232 976 5312 μακέλλῳ
1002 5228 1399 5312 ’πωλούμενον
1426 5240 1708 5312 ἀγοράζειν
1739 5228 1822 5294 δεῖ
1845 5257 1866 5312 A;
1898 5239 2035 5312 κατά

384 5307 597 5380 πεῦσιν-³
658 5303 958 5380 ξπάγοντες
1003 5309 1086 5376 τὸ,
1141 5303 1321 5380 Μηδὶν
1379 5303 1786 5380 ἀνακρίνοντες,
1840 5303 2032 5380 ἐπίσης

383 5380 463 5448 τῷ
499 5376 591 5444 Μὴ
651 5375 1048 5449 ἀνακρίνοντες,
1079 5399 1129 5449 γ.
1192 5377 1259 5448 ἐξ.
1296 5400 1354 5434 π.
1417 5403 1445 5429 ‹‹
1478 5375 1639 5448 Quod
1701 5384 1747 5438 si
1774 5375 2030 5439 dicant:

388 5472 412 5501 ιι
447 5449 752 5524 Quidquid
778 5450 1121 5524 inrmacello
1157 5452 1450 5524 venditur,
1478 5468 1673 5508 emere
1693 5462 1924 5524 Opnrtet
1949 5455 1976 5509 ‘I
1997 5474 2024 5506 ι

387 5538 491 5592 per
521 5523 1046 5594 interrogationem
1073 5541 1085 5578 ε
1122 5523 1550 5594 subjungentes
1576 5541 1588 5578 :
1619 5545 1640 5574 α
1669 5525 1824 5580 Nihil
1856 5527 2034 5581 inter-

387 5615 412 5641 «
437 5601 770 5665 rogantes,»
793 5594 952 5665 quod
971 5594 1214 5665 perinde
1239 5602 1328 5649 est
1348 5611 1413 5648 ac
1433 5611 1552 5648 non
1576 5596 2028 5665 interrogantes,

442 5611 730 5717 rogantes,
744 5618 770 5642 »
793 5611 952 5665 quoa
971 5611 1214 5665 pennae
1239 5611 1328 5649 est
1348 5611 1413 5648 ac
1433 5611 1552 5648 non
1576 5611 2028 5665 interrogantes,

442 5664 708 5744 idmacite,
737 5686 760 5715 ι
803 5665 1114 5744 ridiculam
1133 5667 1680 5744 interpretationem
1699 5668 1965 5744 afferent:
2002 5691 2029 5718 »

456 5738 568 5811 (95)
613 5738 1186 5811 ἠνικτῷνηηνικτοῦ
1240 5739 1454 5811 singul.
1515 5755 1679 5792 num.
1741 5739 1800 5793 in
1861 5739 2026 5811 Vulg.

389 5805 532 5859 Bibl.
572 5807 790 5879 ubique
819 5809 934 5881 legi
954 5810 1200 5868 adnotat
1228 5815 1293 5867 A.
1327 5805 1600 5866 Summo.

2219 4597 2328 4666 (96)
2359 4594 2605 4667 Ἕτερον.
2643 4594 2824 4667 Aliud
2844 4607 3060 4667 nempe
3086 4609 3122 4667 _a
3150 4589 3659 4667 prmcedentibus.
3685 4593 3806 4648 Pu-

2151 4661 2498 4722 tavit'enim'
2527 4671 2735 4721 auctor
2777 4661 3199 4721 abstinentiam
3248 4662 3322 4718 ab
3366 4661 3698 4718 immolatis
3750 4670 3809 4719 et

2070 4743 2114 4807 D
2145 4739 2416 4808 reliquis,
2441 4754 2694 4809 quorum
2727 4754 2892 4792 esum
2921 4735 3354 4809 prohibuerunt
3378 4735 3436 4809 in
3464 4734 3623 4809 Actis
3655 4750 3805 4809 apo-

2146 4805 2303 4873 stoli,
2339 4805 2475 4864 esse
2500 4825 2625 4862 rem
2658 4809 2718 4863 in
2766 4825 2828 4863 se
2878 4805 3274 4862 necessariam
3303 4823 3318 4870 ;
3371 4805 3801 4862 abstinentiam

2143 4899 2280 4936 vero
2302 4881 2374 4935 ab
2433 4882 2526 4945 iis,
2576 4896 2707 4950 quae
2750 4881 2876 4950 jam
2927 4883 3238 4948 sequntur,
3286 4877 3664 4932 solummodo
3727 4877 3802 4934 ad

2145 4952 2450 5007 vitandum
2483 4951 2831 5007 scandalum
2859 4967 2986 5006 esse
3021 4953 3399 5020 praeceptam.

2215 5025 2327 5122 (97)
2361 5022 2656 5096 ἐ’ἷτιιοπτθν.
2693 5022 2969 5096 Ἐγκοπήν
3002 5040 3140 5073 τινα.
3175 5021 3197 5072 Ι
3227 5021 3358 5074 Cor.
3393 5037 3468 5074 ix.

2216 5098 2300 5122 Ino
2364 5093 2477 5122 ιζ-..
2526 5068 2786 5122 -.ἴθι--.η
2868 5094 2958 5122 αξη
3015 5090 3284 5122 ο..ηηνς.ςις
3353 5091 3468 5122 σου,

2215 5068 2477 5163 (ᾆ8)Δέόν
2526 5068 2807 5152 εὖδιίτοζέ.
2868 5068 2960 5148 sic
3015 5090 3556 5163 superiusWStrom.
3624 5107 3710 5159 ιιι,
3745 5109 3804 5163 ρ.

2144 5169 2245 5220 535
2279 5162 2410 5221 eum
2449 5162 3114 5222 memorassetpetrum
3136 5168 3195 5217 et
3223 5162 3565 5233 Philippum
3601 5162 3807 5217 matri-

2144 5239 2346 5322 ςιιοηλο
2371 5239 2617 5322 junct‘os
2648 5237 2830 5322 fuisse
2851 5235 3160 5322 et.li"beros
3190 5249 3557 5322 procreasse:
3592 5233 3802 5318 addit}

2147 5308 2240 5364 Καὶ
2273 5307 2303 5361 ὅ
2331 5301 2391 5379 γε
2425 5307 2766 5379 Ιιαῦλοςῄοὐκ
2795 5305 2939 5379 ὀκνεῖ
2964 5304 3154 5379 ἔν-τινι
3192 5301 3594 5379 ἔπι-στολῇλτῂν
3628 5303 3800 5379 αὐτοῦ

2141 5372 2560 5453 προσαγορεύειν
2596 5377 2843 5453 σύζυγον,
2877 5377 2945 5446 ἤν
2977 5375 3038 5428 οὐ
3069 5372 3447 5453 περιεκόμιζί
3470 5372 3560 5428 διὰ
3605 5376 3670 5428 τὸ
3698 5383 3801 5444 τῆς

2146 5449 2439 5522 {iunges-Td:
2473 5449 2751 5512 εὖσταλὲςξ
2784 5474 2811 5500 ‹‹
2846 5453 2916 5505 Et
2955 5449 3172 5522 Paulus
3219 5453 3709 5522 non_cunctatur
3739 5450 3800 5503 in

2144 5520 2400 5595 quadam
2433 5524 2697 5594 Epistola
2728 5539 2894 5577 suam
2927 5521 3186 5595 salutare
3235 5520 3576 5595 conjugem.
3612 5536 3796 5595 quam

2142 5590 2261 5650 non
2312 5590 2790 5660 circumferebat,
2825 5591 2985 5664 quod
3033 5608 3153 5646 non
3202 5590 3442 5663 magno"
3469 5590 3554 5646 uti
3608 5591 3799 5646 voluit

2142 5667 2493 5722 ministerio.
2534 5691 2557 5713 υ

2210 5741 2318 5805 (99)
2357 5736 2445 5798 tsi;
2474 5737 2696 5796 πάντας.
2743 5734 2907 5791 Haud
2957 5734 3079 5788 scio
3112 5750 3201 5788 mn
3233 5733 3457 5788 rectius
3488 5729 3569 5795 εἷς
3595 5733 3796 5804 πάντα,

2141 5835 2164 5857 «ι
2202 5809 2276 5864 ad
2306 5809 2527 5865 omnia.
2565 5830 2591 5859 ››
2623 5811 2896 5865 SYLBURG.
