4066 6192
291 367 435 425 1805

1615 371 2067 429 ΒΤΒΟΜΑἸἮΜ
2101 373 2237 426 LIB.
2279 371 2373 426 IV.

3564 371 3706 428 1306

296 490 454 546 εἶναι’
485 488 521 559 ἤ
558 488 863 568 ὑπόδειγμα
915 496 1032 555 τοῖς
1079 492 1329 558 θέλουσιν
1390 493 1800 571 ἰγκρατεύεσθαι
1855 514 1947 568 γι-

2069 495 2132 549 sti
2158 495 2230 565 (a)
2268 512 2281 562 ;
2319 516 2340 544 1
2377 494 2606 550 scilicet
2633 509 2818 550 onera
2847 494 3352 565 circumferentes,
3377 511 3514 554 cum
3536 514 3706 570 opor-

288 579 536 652 νόμενοι,
597 580 676 654 μή
728 578 1190 654 οἰκοδομούμενοι
1243 583 1320 646 εἷς
1346 583 1410 638 τὸ
1457 579 1643 654 ἀηδῶς
1674 584 1740 636 τὰ
1769 602 1949 651 παρα-

288 670 543 742 τιθὲμενα
682 669 899 739 ἐσθίειν,
959 672 1049 726 καὶ
1112 674 1187 736 ὼς
1241 668 1430 748 ἔτυχεν
1487 671 1704 745 ὁμιλεῖν
1751 675 1820 746 τῇ
1851 693 1948 746 γυ-

291 759 456 814 ναικί·
494 759 732 831 μάλιστα
763 759 819 814 δὲ
847 759 973 822 τοὺς
1011 759 1349 832 τηλικαύτην
1382 760 1698 834 οἰκονομίαν
1731 781 1951 815 πεπεισ-

300 849 494 920 μένους
553 850 630 922 (2)
691 847 1000 925 ὑπόδειγμα
1050 856 1167 914 τοῖς
1247 852 1608 924 μανθάνουσιν
1677 850 1950 925 ἄχραντον

295 937 566 1003 ἇκκεῖσθαι
599 941 886 1014 προσήκει.
923 964 948 990 ‹‹
978 940 1298 1015 Ἐλεύθερος
1327 943 1429 1017 γὰρ
1486 939 1558 995 ὤν
1606 940 1665 996 ἐκ
1716 941 1951 1010 πάντων,

295 1033 458 1082 πᾶσιν
519 1027 752 1101 ἐμαυτὸν
811 1025 1116 1100 ἐδούλωσα,
1176 1030 1365 1108 φησὶν,
1417 1028 1510 1085 ἵνα
1563 1030 1690 1092 τοὺς
1751 1029 1952 1092 πάντας

289 1115 565 1193 κερδήσω.
599 1119 704 1175 Καὶ
736 1125 840 1180 πᾶς
869 1117 925 1174 δὲ
993 1121 1020 1174 ὁ
1073 1120 1494 1198 ἀγωνιζόμενος,
1528 1122 1700 1176 πάντα
1757 1120 1953 1198 ἐγκρα-

287 1206 524 1264 τεύεται.
560 1205 736 1265 Ἀλλὰ
765 1213 860 1263 τοῦ
893 1210 1091 1284 Κυρίου
1124 1213 1158 1280 ἡ
1191 1215 1283 1285 γῆ,
1325 1210 1416 1266 καὶ
1446 1211 1508 1266 τὸ
1539 1209 1826 1285 πλήρωμα
1856 1209 1950 1265 αύ-

289 1303 415 1366 τῆς.
449 1298 544 1351 Διά
572 1306 672 1367 τὴν
704 1295 1010 1368 συνείδησιν
1045 1321 1067 1352 ι
1103 1297 1194 1354 οὗν
1223 1300 1501 1377 ἀφεκτέον,
1536 1300 1609 1354 ὧν
1664 1298 1950 1376 ἀφεκτέον.

291 1411 318 1438 (ι
355 1383 674 1457 Συνείδησιν
705 1384 762 1442 δὲ
808 1385 980 1463 λέγω,
1036 1387 1166 1464 οὐχὶ
1218 1390 1316 1458 τὴν
1347 1389 1559 1444 ἑαυτοῦ·
1599 1412 1626 1439 ››
1676 1389 1950 1463 γνωστική

286 1477 415 1553 γάρ·
443 1475 589 1531 ἀλλὰ
616 1477 716 1546 τήν
753 1481 844 1533 τοῦ
873 1477 1084 1553 ἑτερου,
1111 1476 1203 1534 ἵνα
1237 1481 1312 1552 μὴ
1367 1483 1550 1542 κακῶς
1578 1475 1950 1552 οἶκοδομηθῇ,

288 1565 498 1639 ἀμαθίᾳ
581 1566 929 1640 μιμούμενος
990 1567 1021 1623 ὅ
1077 1569 1154 1642 μή
1199 1567 1476 1644 γινώσκει,
1535 1568 1952 1646 καταφρονητὴς

285 1656 408 1711 ἀντὶ
444 1653 858 1734 μεγαλόφρονος
887 1660 965 1732 (3)
1023 1657 1330 1732 γινόμενος.
1394 1682 1421 1709 ‹‹
1481 1659 1596 1714 Ἰνα
1641 1657 1696 1713 τί
1753 1657 1858 1732 γὰρ
1914 1658 1948 1724 ἡ

289 1743 578 1821 ἰλευθερία
609 1767 715 1819 μου
744 1745 982 1822 κρίνεται
1045 1747 1147 1801 ὑπὸ
1206 1743 1385 1817 ἄλλης
1429 1744 1787 1816 συνειδήσεως
1823 1765 1837 1816 ;
1890 1745 1950 1800 Εἰ

287 1833 403 1908 ἐγὼ
438 1838 512 1906 (4)
569 1834 757 1910 χάριτι
812 1836 1052 1910 μετὲχω,
1091 1833 1144 1890 τί
1207 1834 1643 1912 βλασφημοῦμαι
1698 1833 1830 1908 ὑπὶρ
1889 1833 1950 1888 οὗ
1985 1856 2028 1920 Β

288 1921 404 1998 ἐγὼ
429 1924 738 1999 εὐχαριστῶ
773 1943 785 1993 ;
819 1926 989 1979 πάντα
1016 1927 1090 1997 (5)
1126 1921 1217 1978 οὖν
1251 1924 1350 1978 ὃσα
1379 1929 1608 1994 ποιεῖτε,
1658 1922 1733 1985 εἰς
1790 1920 1948 1992 δόξαν

289 2017 430 2067 Θεοῦ
455 2018 683 2068 ποιεῖτε·
720 2038 748 2064 ››
779 2012 877 2067 ὃσα
910 2013 1012 2067 ὑπὸ
1068 2012 1160 2068 τὸν
1219 2008 1418 2067 κανόνα
1447 2015 1522 2086 (6)
1577 2019 1678 2080 τῆς
1716 2011 1949 2074 πίστεως

289 2107 470 2156 ποιεῖν
505 2101 910 2177 ἐπιτέτραπται.

2057 588 2175 639 teat
2204 600 2333 640 esse
2367 583 2671 656 expeditos
2693 584 2764 639 ad
2778 601 2986 640 omnes
3009 590 3138 651 ;aut
3162 586 3352 642 eﬂ‘ecti
3368 588 3707 660 exemplum

2055 674 2151 743 iis,
2185 674 2284 746 qui
2313 674 2518 728 volunt
2547 674 2921 730 continentes
2953 691 3106 738 esse,
3137 680 3203 729 ut
3232 675 3332 746 qui
3367 692 3485 730 non
3517 677 3702 734 itain-

2056 765 2263 818 structi
2290 763 2568 829 simus,ut
2599 781 2730 834 quas
2764 763 2936 817 nobis
2966 769 3349 834 apponuntur
3371 781 3491 820 non
3514 765 3708 822 liben-

2058 858 2146 907 ter
2175 852 2644 921 comedamus,et
2675 858 2897 906 temere
2932 868 3065 906 cum
3100 852 3350 908 muliere
3381 854 3709 911 habeamus

2056 940 2570 997 consuetudinem.
2632 940 2881 995 Maxime
2933 946 3133 996 autem
3193 957 3314 1009 eos,
3376 943 3591 1012 quibus
3623 949 3714 1000 est

2056 1030 2281 1086 credita
2313 1037 2475 1085 tanta
2504 1030 3183 1102 dispensatio,convenit
3211 1031 3474 1101 praebere
3493 1048 3709 1103 purum

2057 1126 2114 1176 et
2143 1120 2311 1174 nulla
2340 1120 2470 1175 labe
2486 1120 2781 1192 pollutum
2799 1118 3104 1189 exemplar
3134 1117 3710 1176 discentibus.«Nam

2056 1227 2190 1265 cum
2222 1209 2394 1275 liber,
2438 1209 2653 1279 inquit,
2707 1224 2900 1262 essem
2961 1225 3032 1263 ex
3091 1207 3390 1274 omnibus,
3441 1207 3710 1265 omnium

2056 1316 2148 1354 me
2182 1314 2412 1353 servum
2441 1298 2650 1364 feci,ut
2678 1312 2886 1352 omnes
2917 1295 3346 1352 lucrifacerem.
3368 1297 3574 1352 Omnis
3606 1313 3712 1353 au-

2058 1393 2197 1454 tem,
2227 1387 2410 1458 quiin
2443 1385 2766 1441 certamine
2799 1385 3128 1452 contendit,
3163 1390 3253 1440 est
3303 1387 3619 1442 continens
3649 1386 3713 1442 in

2056 1477 2334 1532 omnibus
2357 1476 2573 1546 (b).Sed
2588 1476 2822 1530 Domini
2854 1480 2943 1530 est
2965 1480 3208 1542 terra,et
3229 1474 3537 1546 plenitudo
3558 1476 3708 1547 ejus.

2055 1567 2302 1637 Propter
2332 1565 2761 1620 conscientiam
2799 1587 2824 1615 ››
2873 1581 3009 1636 ergo
3041 1563 3468 1620 abstinendum
3491 1570 3583 1620 est
3637 1565 3710 1620 ab

2057 1653 2148 1717 iis,
2181 1671 2216 1708 a
2245 1653 2461 1724 quibus
2494 1660 2584 1708 est
2613 1653 3034 1708 abstinendum
3062 1671 3076 1720 ;
3109 1676 3135 1702 α
3161 1655 3590 1709 conscientiam
3614 1669 3713 1709 au-

2055 1748 2175 1798 tem
2207 1743 2359 1812 dico,
2389 1760 2508 1798 non
2532 1760 2700 1798 suam
2735 1760 2748 1807 ;
2786 1767 2805 1794 ι
2846 1748 2934 1798 est
2964 1742 3124 1798 enim
3187 1743 3522 1815 cognitione
3559 1760 3711 1816 prai-

2059 1832 2181 1887 dita
2214 1849 2226 1898 ;
2261 1831 2364 1886 sed
2396 1831 2661 1896 alterius,
2697 1848 2768 1886 ne
2803 1831 2956 1886 male
2978 1831 3328 1898 mdiﬁcetur,
3348 1847 3455 1902 per
3476 1831 3714 1904 ignora-

2058 1922 2282 1977 tionem
2315 1920 2603 1974 imitando
2655 1918 2736 1985 id,
2771 1920 2928 1991 quod
2987 1936 3108 1975 non
3140 1920 3460 1992 cognoscit,
3495 1924 3553 1974 et
3603 1934 3712 1990 pro

2059 2010 2278 2066 excelsi
2308 2010 2489 2065 animi
2523 2010 2643 2064 viro
2677 2009 2779 2064 ﬁat
2809 2014 3200 2080 contemptor.
3219 2010 3384 2064 «Cur
3405 2009 3564 2064 enim
3579 2025 3715 2065 mea

2057 2101 2300 2156 libertas
2324 2098 2632 2171 judicatur
2652 2098 2724 2153 ab
2757 2098 2875 2153 alia
2899 2097 3266 2152 conscientia
3291 2096 3319 2151 ?
3349 2098 3405 2152 Si
3437 2113 3540 2169 ego
3573 2113 3710 2153 cum

287 2193 482 2269 gratia
505 2193 814 2265 participo,
843 2209 949 2248 cur
977 2191 1313 2250 maledictis
1343 2197 1590 2266 appetor
1618 2209 1724 2266 pro
1757 2209 1848 2261 eo,
1881 2209 1986 2264 pro
2019 2207 2134 2263 quo
2166 2190 2384 2262 gratias
2415 2205 2521 2257 ago
2553 2187 2580 2242 ‘?
2609 2188 2820 2243 Omnia
2850 2203 3008 2259 ergo,
3041 2203 3172 2257 quas
3227 2186 3454 2253 facitis,
3497 2187 3559 2241 in
3586 2185 3718 2257 glo-

286 2284 444 2340 riam
477 2283 579 2338 Dei
600 2282 773 2338 facite
806 2283 876 2354 (ο)
913 2300 927 2350 ;
965 2305 992 2331 »
1024 2299 1155 2354 qua:
1189 2283 1418 2339 scilicet
1446 2300 1481 2339 a
1510 2282 1714 2356 regula
1744 2281 1879 2337 fidei
1912 2280 2271 2354 permissum
2297 2285 2388 2334 est
2415 2278 2630 2333 facere.

1793 2407 2025 2463 CAPUT
2069 2405 2212 2460 XVI.

764 2506 1022 2572 Quadam
1042 2507 1347 2578 Scriptum
1377 2508 1498 2563 loca
1511 2507 1579 2562 de
1608 2508 1942 2572 constantia,
1969 2502 2248 2575 patientia
2273 2508 2326 2558 et
2357 2501 2630 2557 charttate
2650 2505 2958 2568 martyrum
2986 2499 3256 2555 illustrat.

371 2646 398 2674 ι(
429 2619 639 2696 Καρδίᾳ
671 2621 765 2695 μὲν
795 2620 1100 2676 πιστεύεται
1157 2620 1232 2683 εῗς
1293 2619 1666 2691 δικαιοσύνην,
1718 2619 1948 2693 στόματι

289 2709 354 2768 δὶ
383 2709 742 2786 ὁμολογεῖται
775 2709 851 2771 εἷς
884 2711 1178 2786 σωτηρίαν.
1214 2711 1368 2785 Λέγει
1399 2715 1528 2787 γοῦν
1566 2713 1640 2783 (Ἰ)
1671 2713 1705 2779 ὴ
1739 2709 1948 2785 Γραφήο

287 2808 406 2864 Πᾶς
492 2801 520 2855 ὁ
604 2800 871 2854 πιστεύων
931 2797 1016 2853 ἐπ’
1076 2798 1222 2872 αὐτῷ
1280 2799 1343 2854 οὐ
1400 2801 1948 2876 καταισχυνθήσεται⁶

285 2890 538 2946 τουτέστι
596 2891 670 2962 (8)
728 2889 792 2943 τὸ
835 2886 987 2963 ῥῆμα
1043 2895 1145 2957 τῆς
1199 2887 1433 2951 πίστεως
1492 2887 1522 2942 ὅ
1577 2887 1947 2962 κηρύσσομεν·

285 2979 380 3034 δτι
413 2977 500 3033 ἰὰν
532 2975 884 3053 ὁμολογήσῃς
911 2975 974 3030 τὸ
1007 2974 1157 3050 ῥῆμα
1217 2976 1268 3030 ἐν
1317 2980 1397 3040 τῷ
1452 2974 1683 3048 στόματί
1715 2995 1810 3028 σου
1867 2972 1951 3027 ὅτι

279 3069 492 3142 Κύριος
523 3067 758 3137 Ἰησοῦς,
797 3066 887 3119 καὶ
945 3063 1235 3137 πιστεύσῃς
1266 3063 1321 3119 ἐν
1369 3068 1436 3138 τῇ
1465 3061 1662 3135 καρδίᾳ
1719 3084 1814 3118 σου
1868 3061 1951 3117 ὅτι

280 3158 324 3212 ὁ
355 3157 486 3220 Θεὸς
515 3154 736 3229 ἤγειρεν
766 3153 931 3208 αὐτὸν
965 3152 1026 3209 ἐκ
1053 3158 1283 3229 νεκρῶν,
1315 3155 1562 3228 σωθήσῃ.
1601 3175 1624 3204 ι)
1658 3157 1948 3228 Ἅντικρυς

285 3242 508 3300 τελείαν
539 3240 884 3312 δικαιοσύνην
919 3241 1240 3318 ὑπογράφει,
1297 3237 1442 3315 ἔργῳ
1497 3259 1556 3294 τε
1601 3238 1692 3293 καὶ
1751 3239 1954 3313 θεωρίᾳ

283 3331 754 3404 πεπληρωμένην,
805 3353 833 3381 ‹‹
889 3328 1242 3403 Εὐλογητὲον
1303 3327 1394 3383 οὖν
1446 3327 1573 3390 τοὺς
1631 3325 1952 3390 διώκοντας.

287 3423 608 3497 Εὖλογεῖτε,
639 3419 728 3475 καὶ
767 3420 843 3492 μὴ
875 3423 1199 3492 καταρᾶσθυ
1259 3420 1295 3487 ἠ
1328 3416 1429 3492 γάρ
1485 3415 1760 3492 καύχησις
1789 3419 1950 3489 ἡμῶν

289 3509 430 3579 αὕτη
464 3509 596 3578 ἐστὶ,
625 3510 688 3564 τὸ
724 3507 1021 3583 μαρτύριον
1071 3509 1171 3571 τῆς
1222 3503 1580 3577 συνειδήσεως
1623 3507 1808 3579 ἡμῶν,
1868 3504 1951 3560 ὅτι

288 3601 346 3655 ιν
375 3599 628 3672 ἁγιότητι
657 3602 737 3664 (9)
765 3596 854 3650 καὶ
887 3593 1214 3670 εἰλικρινείᾳ
1242 3596 1372 3652 Θεὸν
1400 3593 1641 3672 ἔγνωμεν
1674 3618 1702 3645 ››
1729 3592 1799 3649 δι’
1831 3592 1951 3648 ὀλί-

2134 2641 2162 2669 ‹‹
2186 2618 2372 2674 Corde
2406 2640 2434 2667 »
2463 2616 2705 2688 quidem
2738 2637 2766 2664 «
2813 2614 3076 2670 creditur
3130 2614 3202 2668 ad
3244 2613 3561 2685 justitiam,
3616 2629 3720 2670 ore

2063 2715 2260 2764 autem
2295 2708 2362 2761 ﬁt
2392 2705 2686 2761 confessio
2717 2703 2790 2758 ad
2817 2704 3091 2758 salutem.
3126 2703 3280 2758 Dicit
3318 2703 3522 2773 itaque
3562 2703 3721 2758 Scri-

2063 2805 2236 2869 ptura
2270 2813 2282 2849 :
2315 2795 2593 2864 Quisquis
2621 2791 2810 2846 credit
2841 2792 2902 2845 in
2932 2792 3152 2862 ipsum,
3185 2791 3411 2862 pudore
3433 2807 3554 2846 non
3587 2791 3720 2847 afﬂ-

2061 2886 2270 2940 cietur.
2307 2885 2425 2937 Hoc
2456 2888 2544 2936 est
2572 2880 2815 2935 verbum
2866 2879 3026 2946 ﬁdei,
3059 2880 3218 2949 quod
3274 2879 3710 2950 praidicamus:

2064 2971 2222 3043 quod
2255 2971 2301 3024 si
2336 2969 2643 3024 confessus
2675 2969 2859 3022 tueris
2891 2967 3138 3022 verbum
3169 2968 3230 3022 in
3262 2984 3363 3023 ore
3394 2973 3517 3034 tuo,
3559 2968 3720 3040 quod

2067 3060 2353 3115 Dominus
2381 3060 2570 3125 Jesus,
2603 3063 2661 3112 et
2689 3056 3015 3112 credideris
3063 3056 3124 3110 in
3172 3057 3348 3112 corde
3379 3063 3499 3126 tuo,
3561 3058 3721 3129 quod

2068 3151 2222 3204 Deus
2249 3165 2383 3203 eum
2417 3148 2727 3203 suscitavit
2754 3163 2788 3202 a
2822 3147 3092 3212 mortuis,
3118 3145 3313 3201 salvus
3364 3146 3482 3200 eris
3532 3147 3630 3217 (ά).
3692 3168 3722 3197 ››

2068 3235 2380 3290 Evidenter
2408 3235 2734 3307 perfectam
2796 3233 3084 3288 describit
3133 3233 3454 3306 justitiam,
3505 3251 3635 3304 qua:
3667 3238 3726 3290 et

2065 3341 2243 3396 opere
2273 3329 2332 3379 et
2356 3323 2862 3394 contemplatione
2893 3322 3242 3394 completur.
3266 3345 3294 3372 ‹‹
3329 3322 3724 3378 Benedicere»

2064 3431 2202 3488 ergo
2235 3419 2469 3486 Oportet
2489 3435 2515 3463 «
2542 3413 2634 3481 iis,
2661 3413 2760 3483 qui
2783 3418 3243 3484 persequuntur.
3278 3411 3636 3481 Benedicite,
3669 3416 3729 3469 et

2063 3504 2249 3560 nolite
2281 3503 2575 3559 exsecrari
2607 3503 2702 3572 (ε).
2735 3501 3016 3556 Gloriatio
3035 3501 3195 3556 enim
3219 3507 3425 3557 nostra
3456 3503 3581 3558 haec
3613 3507 3723 3572 est,

2067 3595 2474 3650 testimonium
2505 3592 2884 3647 conscientias
2903 3591 3307 3664 nostraaquod
3327 3592 3389 3647 in
3412 3593 3726 3648 sanctitate

291 3707 400 3761 γης
422 3684 624 3755 ταύτης
649 3683 972 3759 προφάσεως
1001 3684 1064 3738 τὸ
1093 3690 1196 3753 τῆς
1229 3683 1441 3760 ἀγάπης
1499 3682 1653 3757 ἔργον
1687 3680 1952 3738 ἰνδεικνύ-

2073 3691 2132 3741 et
2160 3684 2500 3739 sinceritate
2530 3683 2715 3737 Deum
2737 3681 3118 3754 cognovimus
3156 3697 3168 3748 ;
3207 3702 3233 3730 υ
3265 3697 3372 3753 per
3410 3681 3565 3737 hanc
3593 3697 3728 3754 par-

295 3794 474 3848 μενοι,
509 3772 589 3828 ὅτι
654 3798 682 3824 ‹‹
713 3772 812 3828 οὐκ
853 3771 908 3827 ἐν
958 3773 1123 3851 σοφίᾳ
1172 3777 1430 3848 σαρκικῇ,
1487 3772 1614 3828 ἀλλ’
1663 3771 1715 3828 ἐν
1772 3769 1958 3847 χάριτι

290 3867 431 3920 Θεοῦ
458 3863 868 3938 ἀνεστράφημεν
902 3860 954 3917 ἰν
1013 3867 1094 3934 τῷ
1148 3861 1364 3936 κόσμῳ.
1400 3887 1426 3913 ››
1460 3867 1640 3918 Ταῦτα
1676 3863 1770 3935 μὶν
1830 3861 1953 3937 περὶ

286 3956 391 4017 τὲξς
417 3953 672 4027 γνώσεως
704 3953 732 4007 ὁ
765 3951 1134 4014 ’Λπόστολοςο
1191 3953 1291 4021 τὴν
1350 3950 1408 4007 δὲ
1457 3953 1644 4021 κοινὴν
1691 3949 1956 4006 διδασκα-

291 4041 419 4097 λίαν
454 4045 564 4114 (10)
595 4048 694 4111 τῆς
735 4041 972 4102 πίστεως
1025 4066 1054 4094 ι(
1107 4041 1285 4114 ὀσμὴν
1345 4040 1599 4117 γνώσεως
1662 4065 1690 4092 ››
1741 4039 1954 4111 εἴρηκεν

293 4131 349 4186 ἐν
371 4135 440 4205 τῇ
473 4128 694 4206 δευτέρᾳ
716 4133 830 4204 (11)
861 4131 999 4202 πρὸς
1059 4131 1394 4204 Κορινθίους.
1429 4153 1457 4180 ‹‹
1489 4134 1665 4204 ’Ἄχρι
1719 4129 1824 4203 γὰρ
1854 4136 1956 4197 τῆς

295 4224 540 4295 σήμερον
585 4221 798 4295 ἡμέρας
846 4219 910 4273 τὸ
943 4218 1074 4273 αύτο
1131 4218 1401 4292 κάλυμμα
1455 4224 1572 4280 τοῖς
1603 4218 1839 4282 πολλοῖς
1868 4217 1954 4273 ἐπὶ

292 4312 366 4383 τῇ
426 4309 720 4384 ἀναγνώσει
777 4311 878 4377 τῆς
931 4308 1167 4370 παλαιᾶς
1216 4309 1493 4379 Διαθήκης
1545 4307 1710 4382 μένει,
1771 4331 1802 4362 ο
1879 4309 1954 4382 μή

2068 3791 2198 3829 vam
2231 3772 2607 3830 occasionem
2638 3785 2788 3842 opus
2819 3769 3203 3825 ostendentes
3227 3770 3725 3842 cbaritatis,quod

2071 3885 2092 3912 ε
2122 3878 2243 3917 non
2276 3861 2336 3914 in
2371 3859 2664 3932 sapientia
2692 3858 2938 3924 carnali,
2968 3857 3071 3913 sed
3104 3858 3166 3913 in
3194 3858 3385 3930 gratia
3435 3858 3536 3915 Dei
3583 3875 3726 3914 con-

2064 3949 2277 4008 versati
2301 3949 2580 4004 sumusin
2594 3947 2817 4004 mundo
2835 3949 2923 4020 (f).
2956 3967 2980 3998 ι
2999 3949 3132 4003 Haec
3150 3947 3466 4019 Apostolus
3485 3947 3728 4018 quidem

2065 4041 2137 4096 de
2169 4039 2523 4112 cognitione.
2551 4039 2939 4093 Communem
2970 4043 3169 4092 autem
3207 4036 3344 4092 fidei
3369 4036 3725 4106 doctrinam,

2063 4130 2126 4194 ἰε
2150 4130 2299 4186 dixit
2335 4150 2360 4180 α
2390 4127 2630 4183 odorem
2662 4127 3018 4200 cognitionis
3041 4127 3140 4198 (g),
3165 4147 3192 4175 »
3227 4127 3288 4182 in
3315 4127 3576 4182 secunda
3596 4125 3725 4196 Epi-

2068 4219 2219 4276 stola
2248 4217 2324 4273 ad
2354 4217 2712 4271 Corinthios.
2745 4238 2772 4265 «ι
2834 4218 2978 4272 Nam
3009 4216 3071 4271 in
3130 4214 3484 4271 hodiernum
3528 4228 3719 4283 usque

2069 4308 2227 4363 diem
2255 4307 2413 4362 idem
2444 4305 2640 4360 velum
2672 4303 2876 4359 multis
2907 4305 2965 4358 in
2998 4304 3254 4359 lectione
3277 4303 3503 4358 Veteris
3523 4303 3722 4356 Testa-

370 4437 434 4501 ἰι
463 4438 526 4491 Ρ.
553 4435 656 4490 608
686 4435 798 4492 ΕΙ).
831 4434 1136 4497 ΡΟΤΤΕΒ,
1167 4434 1270 4487 514
1299 4434 1410 4488 ED.
1443 4434 1673 4490 PARIS.
1706 4433 1782 4503 (a)
1815 4434 1952 4488 ICO]

381 4508 493 4553 ,ἰὼ
517 4509 684 4553 an-
716 4523 775 4553 κ-
811 4507 898 4553 10-
929 4505 1014 4553 11-
1048 4507 1102 4553 8-
1133 4507 1187 4553 9.
1214 4505 1282 4553 (el
1307 4507 1472 4553 Rom.
1505 4523 1604 4553 xu-
1643 4503 1952 4553 14.(1’)ῙΙ(

2069 4471 2094 4498 ,,
2126 4434 2179 4498 4,
2212 4435 2264 4497 5,
2313 4433 2398 4485 12.
2436 4429 2516 4553 (ὸέ
2545 4426 2687 4482 Ibid.
2726 4430 2809 4487 l9,
2839 4429 2926 4480 25.
2958 4426 3031 4495 (ο)
3058 4427 3082 4478 I
3111 4425 3241 4481 Cor.
3275 4442 3330 4491 x,
3389 4425 3480 4492 28,
3511 4423 3600 4491 29,
3631 4425 3722 4494 30,

2114 4520 2127 4553 ι
2167 4505 2247 4553 12.
2283 4506 2364 4553 (a)
2397 4501 2443 4553 lI
2521 4515 2606 4553 or.
2639 4513 2702 4553 ιι.
2739 4498 2824 4551 14.

298 4510 392 4563 31.
417 4508 493 4578 (d)
517 4509 684 4562 Rom.
716 4523 775 4572 x,
811 4507 898 4573 10,
929 4505 1015 4570 11,
1048 4507 1102 4572 8,
1133 4507 1187 4559 9.
1214 4505 1282 4575 (ε)
1307 4507 1472 4560 Rom.
1505 4523 1605 4572 xu,
1643 4501 1726 4559 14.
1759 4501 1830 4575 (f)
1859 4505 1952 4559 ΙΙ(

2113 4520 2128 4557 ι
2167 4505 2247 4556 12.
2283 4506 2364 4571 (g)
2397 4501 2443 4553 lI

368 4634 444 4702 (1)
477 4633 564 4701 Μή
598 4631 704 4686 oin.
739 4629 815 4691 εἷς
839 4630 900 4685 τὸ
930 4626 1116 4700 ἀηδῶς
1151 4631 1216 4702 τὰ
1245 4651 1303 4689 π.
1341 4631 1586 4688 Videtur
1643 4631 1963 4702 legendum

297 4688 762 4778 οἰκοδομούμενοι
795 4688 872 4764 εἷς
900 4703 964 4778 τῇ
986 4688 1064 4778 μὴ
1089 4688 1274 4771 ἀηδῶς
1298 4702 1364 4757 τὰ
1392 4723 1451 4778 π.
1480 4705 1597 4758 Vox
1629 4688 1959 4774 οἰκοδομού-
1994 4688 2039 4751 1)

300 4798 452 4850 μενοι
485 4776 841 4850 sumptaest
867 4791 896 4830 e
929 4776 1250 4850 ICor._vm,
1285 4779 1374 4850 10.
1408 4777 1630 4850 Lowru.

376 4841 808 4921 (2)1)ίκομονίαν
860 4841 1284 4921 πεπεισμένους.
1323 4848 1456 4921 _No_n
1507 4847 1659 4921 sojet
1709 4845 1824 4921 diqi
1886 4841 1963 4896 οἷ.

299 4915 575 4994 κονομίαν⁸
615 4915 920 4994 πείθεσθαι,
970 4915 1075 4994 sed
1148 4915 1514 4994 πιστεύεσβαι.
1565 4917 1960 4994 Quamobrem

302 4987 711 5051 scribendum.
742 4987 1063 5057 οῗκονομίαν
1096 4989 1576 5061 πεπιστευμένους.
1611 4990 1734 5054 Qua
1757 4988 1958 5060 phrasi

298 5083 444 5122 usus
476 5070 566 5120 est
595 5062 913 5134 Apostolus
939 5063 1001 5136 in
1020 5063 1129 5136 boc
1161 5063 1289 5136 ipso
1313 5061 1840 5136 capite,quod_jam
1862 5075 1960 5136 ex-

303 5138 484 5210 plicat
502 5129 951 5210 auctor,ne_mpe
981 5134 1161 5210 ICor.
1184 5129 1334 5210 ix__,l7
1361 5129 1594 5210 εἘῖχᾶίρ
1627 5129 1763 5210 ὲκῲν
1795 5131 1958 5210 τοῦτο

300 5199 546 5280 πράσσω,
583 5204 772 5276 μισθὸν
807 5199 944 5278 ἔχω.
1009 5203 1058 5258 εἶ’
1118 5203 1176 5260 δὶ
1225 5199 1394 5273 ἄκων,
1446 5199 1766 5275 οἰκονομίαν
1794 5199 1956 5255 πεπί⁶

305 5299 558 5334 στευμαι.

372 5301 927 5425 ῗὲῗίἳεγαλόφρονος.
966 5345 1400 5425 Μεγαλόφρονας
1448 5346 1693 5420 opponit
1717 5346 1790 5400 iis
1808 5361 1958 5417 quos

313 5419 631 5497 Apo'stgms
662 5419 898 5497 Mss:
919 5419 1114 5497 ,νρσειυ

376 5487 453 5575 (ᾗ)
489 5491 702 5575 ξιξ-τώ.
737 5487 1262 5575 Ei_8t£~{6i,1'gor,
1295 5509 1350 5547 ι,

378 5555 453 5638 (ὅ)
490 5555 685 5638 Πάντα.
708 5555 1052 5638 _Abbrev_iat.
1087 5565 1110 5618 Ι
1139 5563 1267 5619 Cor.
1300 5581 1356 5632 κ,
1386 5564 1445 5618 31
1488 5578 1527 5638 εΔ
1562 5559 1688 5618 Εἴτε
1720 5555 1957 5638 ,οὖνέσ-

301 5627 460 5694 θίετεξ
498 5634 600 5689 ε”τε
656 5633 854 5692 πίνετε,
908 5631 1012 5687 ε”τε
1072 5654 1125 5687 τι
1175 5627 1401 5702 ποιεῖτε,
1462 5634 1632 5687 πάντα
1691 5629 1765 5692 εἷς
1803 5627 1958 5700 δόξαν

308 5713 441 5762 Θεοῦ
474 5711 697 5762 ποιεῖτε.

373 5783 449 5852 (6)
473 5779 604 5833 Ὑπὸ
625 5777 715 5832 τὸν
760 5773 981 5831 κανόνα.
1042 5778 1107 5829 Α.
1162 5776 1382 5832 mavult
1429 5775 1566 5829 κατά
1611 5773 1703 5828 τὸν
1734 5773 1953 5844 κανόνα,

2521 4515 2606 4553 0r.
2639 4513 2702 4564 ιι,
2739 4498 2824 4551 14.

2079 4653 2098 4676 ει
2136 4625 2465 4683 secundum
2496 4623 2784 4696 regulam.
2811 4643 2838 4672 »
2862 4621 3465 4696 Xul‘gatxpﬂlectionis
3513 4637 3725 4696 sensus

2072 4705 2181 4765 est,
2202 4693 2821 4768 quacunque'regulaa
2851 4693 3315 4766 ﬁdei’subjicere
3363 4693 3722 4766 permissum

2075 4777 2184 4826 est.
2223 4777 2494 4824 SYLBURG.

2145 4846 2217 4910 (7)
2250 4843 2408 4911 Γοῦν.
2439 4837 2546 4911 Γάρ
2575 4839 2743 4911 Rom.

2142 4901 2526 4984 (8)-Τουτέστις
2559 4908 2838 4984 Ατᾱὶνὶβε
2866 4907 3012 4984 τοῦτ’
3042 4901 3176 4984 ἔστι.
3209 4907 3558 4984 8γιΒΨιο.έέ
3575 4909 3723 4984 Mox,

2071 4977 2468 5056 Ὀμολογήσῃς
2503 4978 2556 5034 ἐν
2582 4983 2664 5051 τῷ
2693 4977 2922 5050 στόματί
2952 4999 3048 5032 σου
3108 4978 3303 5053 Κύριον
3361 4979 3596 5048 Ἰησοῦν,
3627 4978 3718 5032 καὶ

2071 5075 2217 5111 πιστ.
2252 5058 2421 5111 Rom.
2454 5071 2508 5121 x,
2541 5056 2592 5107 9.

2142 5131 2214 5190 (9)
2243 5118 2542 5199 Ἀγιὸτητι.
2577 5118 2903 5199 Ἃπλὸτητι,
2937 5123 2980 5199 Il
3003 5123 3145 5199 βοΐ.
3181 5123 3342 5199 1,.12.

2142 5159 2214 5190 ιν,
2259 5159 2452 5199 np...
2481 5159 2542 5177 ι...
2597 5159 2903 5190 ι...ηυ..,...,
2937 5159 2979 5176 ι.
3017 5159 3145 5179 ut...
3182 5159 3221 5190 ι,
3258 5159 3342 5178 ι...

2139 5201 2250 5269 (10)
2281 5199 2389 5266 Τἡν
2546 5193 2738 5269 κοινὴν
2799 5189 3057 5269 διδ.-Τήν
3108 5193 3299 5262 κοινὴν
3373 5189 3720 5269 διδασκαλίαν

2069 5260 2318 5342 opponit
2348 5260 2432 5339 ’τῇ
2465 5264 2675 5342 ὀλίγοις
2704 5260 3406 5342 παραδιδομὲνῃλᾶΐὸᾶηω
3437 5265 3723 5342 δείξει)ιὶωέ

2141 5333 2255 5411 (11)
2285 5341 2372 5396 Ἐν
2402 5333 2470 5411 τῇ
2526 5333 2890 5410 δευτέρᾳ.Ἀ.
2951 5333 3270 5411 legendum
3319 5344 3522 5411 censet
3572 5333 3719 5411 ἐντῇ

2069 5405 2240 5484 αὐτῇ,
2267 5405 2548 5484 quoniam
2573 5405 3496 5484 superiorguoqhesententia‘ex
3508 5405 3722 5484 fadem

2069 5475 2320 5556 epistola
2351 5475 2662 5556 desumpta
2685 5487 2791 5535 est.
2809 5475 3066 5556 ζημιρᾱε,
3089 5486 3155 5556 et_
3168 5483 3302 5556 τοῖς-
3321 5475 3720 5556 «unauana:

2071 5548 2648 5628 sequuntur,absunt
2677 5569 2712 5608 a
2733 5548 2984 5628 vulgatis
3016 5550 3179 5606 Pauli
3206 5549 3448 5628 .editt.ut
3470 5548 3628 5628 idem

2067 5620 2330 5684 adnotat.
2359 5620 2629 5682 Si’LBURG.
2667 5655 2732 5663 ——
2767 5620 2915 5677 sunt
2945 5629 3145 5676 autem
3202 5620 3720 5691 interpretamenti

2076 5701 2202 5755 loco
2237 5717 2270 5756 a
2300 5699 2602 5755 Clemente
2627 5698 2866 5750 inserta.
