4066 6192
343 377 484 437 1307

1569 383 1980 438 CLEMENTIS
2016 381 2516 438 ALEXANDRINI

3618 384 3751 441 1308

341 510 529 566 menti
559 514 760 564 manet
789 509 1048 579 (a),nnon
1080 509 1400 565 revelatum
1423 525 1530 581 per
1550 508 1992 564 conversionem

2110 503 2621 581 ἀνακαλυπτόμενον
2644 508 2780 563 κατὰ
2835 508 2933 576 τὴν
2966 507 3103 583 πρὸς
3133 509 3222 564 τὸν
3257 507 3465 583 Κύριον
3499 507 3755 586 ἐπιστρο-

343 599 415 654 ad
437 599 1108 669 Dominuml’ropterea
1136 598 1397 653 ostendit
1413 597 1591 653 etiam
1615 598 1992 653 resurrectio-

344 705 482 743 nem
515 688 610 753 iis,
670 688 770 759 qui
831 694 1081 759 possunt
1134 688 1490 759 perspicere,
1525 704 1676 754 eam,
1727 704 1857 759 qua)
1907 692 1996 742 est

347 780 542 835 adhuc
565 779 624 833 in
657 779 990 846 carne,vitae
1013 779 1309 851 serpentis
1339 797 1516 851 super
1535 778 1992 834 ventrem.Unde

343 869 522 924 etiam
547 869 777 940 eos,qui
813 874 950 922 sunt
980 868 1294 939 ejusmodi,
1328 869 1554 924 vocavit
1577 891 1602 918 ‹‹
1637 868 1809 924 fmtus
1833 869 1989 940 vipe-

343 959 664 1029 rarum(b),
701 985 719 1006 ι
751 958 1099 1012 libidinosos
1121 975 1187 1012 ac
1218 958 1918 1029 voluptarios,ventrique
1939 963 1996 1011 et

343 1048 480 1121 peni
515 1047 855 1116 servientes,
892 1054 948 1102 et
977 1052 1216 1120 propter
1264 1047 1596 1103 mundanas
1642 1047 1994 1119 cupiditates

346 1152 454 1193 sua
483 1138 734 1192 invicem
771 1137 964 1208 capita
993 1137 1431 1192 abscindentes.
1467 1160 1494 1187 (ι
1524 1137 1739 1202 Filioli,
1761 1154 1835 1192 ne
1859 1135 1996 1190 dili-

343 1245 550 1301 gamus
581 1244 874 1294 sermone,
909 1244 1019 1282 nec
1051 1227 1271 1300 lingua,
1302 1249 1328 1275 »
1361 1228 1444 1283 ait
1480 1230 1757 1297 Joannes,
1810 1227 1996 1298 perfe-

344 1323 470 1374 ctos
502 1334 631 1372 esse
663 1317 904 1384 docens,
931 1315 1075 1370 «sed
1103 1333 1280 1388 opere
1312 1323 1370 1372 et
1399 1317 1743 1372 veritate.ln
1777 1317 1885 1371 hoc
1903 1332 1996 1371 co-

342 1422 694 1481 gnoscemus
727 1405 883 1478 quod
915 1421 984 1461 ex
1015 1405 1257 1462 veritate
1291 1423 1495 1462 sumus
1515 1407 1603 1478 (c).
1634 1429 1661 1456 υ
1703 1407 1759 1460 Si
1796 1411 1993 1462 autem

344 1496 543 1552 «Deus
573 1502 661 1551 est
691 1497 971 1565 cliaritas,
1009 1519 1034 1544 ››
1068 1497 1326 1552 Charitas
1358 1513 1595 1568 quoque
1623 1497 1914 1568 estpietas
1934 1495 1994 1549 in

342 1587 551 1651 Deum,
586 1609 612 1636 «
647 1586 823 1641 timor
853 1603 975 1641 non
1009 1592 1098 1641 est
1146 1587 1208 1640 in
1247 1586 1573 1641 cl‘iaritate:
1607 1587 1709 1642 sed
1739 1586 1998 1658 perfecta

2099 597 2228 672 φήν.
2292 597 2389 650 Διὰ
2443 597 2604 652 τοῦτο
2647 597 2736 652 καὶ
2793 596 3080 652 ἀνάστασιν
3134 595 3302 671 ἔδειξε
3378 604 3500 660 τοῖς
3570 597 3753 674 διορᾷν

2099 679 2560 758 δυναμένοις,τὴν
2591 681 2668 742 ἔτι
2701 686 2753 742 ἐν
2784 687 2938 761 σαρκῖ
2997 691 3092 742 τοῦ
3153 689 3280 764 βίου
3337 686 3609 764 τέρποντος
3674 690 3758 745 ἐπὶ

2097 775 2315 830 κοιλίαν
2349 779 2475 848 (12).
2510 779 2692 841 Ἔνθεν
2725 779 2815 832 καὶ
2849 801 2876 828 ι(
2915 779 3223 852 γεννήματα
3277 777 3516 854 ἐχιδνῶν
3565 805 3593 831 ››
3630 780 3756 841 τοῦς

2097 863 2378 926 τοιούτους
2410 864 2649 933 ἐκάλεσε,
2682 865 2810 927 τοὺς
2843 866 3199 944 φιληδόνους,
3258 867 3385 927 τοὺς
3414 867 3608 942 γαστρὶ
3669 868 3758 922 καὶ

2100 951 2330 1017 αἰδοίοις
2361 951 2743 1018 δουλεύοντας,
2775 956 2861 1010 καὶ
2896 956 2990 1018 τάς
3021 955 3286 1027 ἀλλήλων
3321 954 3411 1012 διὰ
3439 960 3537 1018 τάς
3559 978 3760 1028 κοσμι-

2098 1043 2194 1104 κάς
2228 1043 2517 1116 ἐπιθυμίας
2575 1046 2978 1118 ἀποτέμνοντας
3036 1047 3275 1124 κειραλάς
3315 1051 3447 1119 (13).
3482 1071 3508 1097 ‹‹
3539 1047 3760 1117 Τεκνία,

2103 1134 2179 1205 μὴ
2237 1133 2534 1209 ἀγαπῶμεν
2588 1135 2763 1209 λόγῳ,
2826 1133 2967 1208 μηδέ
3025 1133 3275 1211 γλώσσῃ,
3336 1137 3596 1206 Ἰωξὶννης
3643 1139 3760 1210 (14)

2097 1221 2339 1285 τελείους
2371 1223 2502 1278 εἶναι
2533 1219 2824 1291 διδάσκων,
2861 1249 2888 1275 ‹‹
2929 1221 3058 1280 ἀλλ’
3088 1224 3138 1279 ὲν
3173 1219 3320 1298 ἔργῳ
3375 1225 3462 1278 καὶ
3495 1222 3758 1296 ἀληθείᾳ’

2099 1310 2153 1364 ἐν
2177 1311 2356 1384 τούτῳ
2396 1312 2736 1385 γνωσόμεθα,
2779 1312 2863 1368 ὅτι
2918 1312 2976 1367 ἐκ
3031 1320 3132 1382 τῆς
3184 1311 3443 1384 ἀληθείας
3483 1309 3666 1386 ἔσμεν.
3732 1337 3762 1364 υ

2099 1399 2169 1458 Εἴ
2197 1399 2254 1456 δὲ
2289 1402 2529 1477 «ἀγάπη
2589 1404 2617 1458 ὁ
2677 1404 2831 1473 Θεὸς,
2893 1429 2922 1455 ››
2980 1403 3161 1481 ἀγάπη
3222 1404 3311 1458 καὶ
3355 1406 3388 1474 ἡ
3451 1399 3760 1471 θεοσέὅεια,

2100 1511 2130 1545 ιι
2162 1487 2330 1570 φόϐος
2361 1490 2458 1546 οῦκ
2489 1492 2628 1547 ἐστιν
2686 1491 2738 1547 ἐν
2791 1496 2859 1567 τῇ
2893 1493 3090 1569 ἀγάπῃ·
3125 1491 3251 1547 ἀλλ’
3281 1495 3315 1562 ἡ
3346 1491 3533 1548 τελεία
3566 1494 3757 1569 ἀγάπη

2099 1580 2198 1652 ἔξω
2233 1579 2428 1658 βάλλει
2458 1583 2548 1637 τὸν
2582 1576 2774 1660 φόϐον.
2805 1582 2952 1653 Αὕτη
2988 1581 3131 1638 ἐστὶν
3163 1585 3197 1654 ἡ
3251 1583 3432 1658 ἀγάπη
3464 1588 3565 1639 τοῦ
3595 1588 3762 1652 Θεοῦ,

342 1675 600 1730 charitas
632 1675 791 1730 foras
824 1675 986 1745 ejicit
1017 1675 1291 1729 timorem
1324 1676 1418 1745 (ἀι.
1454 1677 1585 1730 Ηωο
1619 1681 1708 1730 est
1737 1677 1992 1732 Charitas

2109 1669 2186 1726 ίνα
2216 1672 2311 1732 τάς
2344 1670 2568 1734 ἐντολὰς
2627 1671 2792 1726 αὐτοῦ
2847 1677 3128 1748 τηρῶμεν.
3165 1698 3193 1724 ι»
3251 1673 3424 1728 Πάλιν
3463 1694 3522 1728 τε
3552 1672 3616 1728 αὗ
3677 1679 3761 1746 τῷ

342 1766 466 1830 Dei,
501 1769 567 1820 ut
597 1766 725 1837 ejus
757 1770 1051 1837 praecepta
1080 1781 1381 1820 servemus
1401 1765 1493 1834 (ε).
1529 1787 1557 1814 ››
1591 1767 1659 1819 Et
1691 1783 1896 1821 rursus
1917 1768 1992 1835 ei,

343 1855 443 1926 qui
477 1855 639 1926 cupit
666 1855 790 1909 ﬁeri
819 1855 1141 1927 gnosticus,
1177 1853 1463 1925 scriptum
1495 1860 1585 1909 est
1633 1871 1647 1909 :
1690 1876 1717 1905 ι(
1769 1855 1879 1910 Sed
1911 1856 1992 1912 sis

340 1948 530 2004 forma
560 1945 848 2009 fidelium,
884 1945 944 1998 in
978 1960 1274 2009 sermone,
1330 1944 1391 1997 in
1423 1945 1891 2012 conversatione,
1925 1944 1986 1999 in

342 2038 653 2102 charitate,
679 2035 740 2089 in
777 2034 889 2089 ﬁde
922 2039 980 2088 et
1008 2034 1276 2088 castitate
1301 2035 1389 2104 (Γ).
1449 2056 1476 2082 υ
1509 2033 1668 2088 Fidei
1708 2034 1890 2102 enim,
1922 2039 1989 2089 ut

341 2127 618 2193 arbitror,
651 2123 934 2197 perfectio
962 2123 1347 2196 distinguitur
1401 2139 1436 2178 a
1490 2124 1793 2178 communi
1848 2123 1984 2180 fide.

343 2217 526 2272 Porro
557 2221 755 2270 autem
788 2213 1020 2268 divinus
1059 2229 1294 2284 quoque
1342 2213 1659 2284 Apostolus
1709 2231 1814 2285 per
1864 2214 1990 2268 huic

347 2304 528 2359 tradit
555 2303 820 2375 regulam
853 2303 1128 2375 gnostici,
1163 2303 1246 2358 sic
1279 2302 1581 2359 scribens:
1608 2325 1636 2352 «
1663 2305 1778 2376 Ego
1831 2303 1991 2358 enim

345 2392 549 2459 didici,
575 2393 641 2466 in.
669 2393 762 2457 iis,
789 2392 850 2446 in
883 2393 1098 2464 quibus
1130 2409 1282 2457 sum,
1317 2408 1445 2447 esse
1475 2397 1813 2448 contentus.
1862 2393 1991 2448 Scio

346 2489 404 2538 et
437 2499 565 2538 esse
589 2482 850 2549 humilis,
875 2482 997 2537 scio
1019 2489 1076 2537 et
1097 2481 1417 2537 abundare.
1455 2481 1678 2552 Ubique
1697 2489 1754 2537 et
1782 2483 1841 2537 in
1864 2499 1992 2537 om-

344 2571 522 2627 nibus
555 2588 686 2627 sum
713 2570 1039 2639 institutus,
1065 2576 1124 2626 et
1144 2570 1344 2626 satiari
1368 2576 1426 2626 et
1447 2571 1693 2640 esurire,
1729 2576 1786 2625 et
1805 2571 1991 2626 abun-

345 2661 485 2717 dare
517 2667 577 2716 et
606 2662 918 2733 penuriam
948 2661 1108 2733 pati;
1143 2661 1344 2716 omnia
1372 2677 1614 2733 possum
1646 2662 1709 2716 in
1749 2677 1840 2729 eo,
1891 2661 1992 2732 qui

341 2751 489 2808 mihi
521 2751 622 2807 dat
638 2751 788 2806 vires
811 2752 912 2822 (g).
945 2773 970 2804 ιι
985 2753 1111 2806 Jam
1131 2767 1268 2806 vero
1300 2768 1435 2807 cum
1457 2751 1590 2807 aliis
1613 2767 1850 2823 quoque
1872 2750 1994 2806 dis-

337 2858 564 2908 serens,
598 2845 664 2896 ut
720 2841 793 2896 iis
823 2840 1238 2897 verecundiam
1292 2841 1560 2909 incutiat,
1615 2858 1734 2896 non
1764 2846 1998 2896 veretur

347 2932 543 2988 dicere
568 2947 580 2986 :
605 2955 632 2982 «
658 2930 1072 2988 Recordemini
1103 2937 1304 2987 autem
1329 2933 1592 3003 priorum
1623 2933 1873 3000 dierum,
1934 2933 1994 2986 in

342 3021 558 3093 quibus
589 3020 909 3076 illuminati
951 3037 1232 3094 magnum
1277 3027 1577 3077 certamen
1631 3021 1997 3077 sustinuistis

342 3110 710 3182 passionum,
726 3110 940 3181 partim
961 3110 1198 3181 quidem
1223 3111 1557 3181 opprobriis
1579 3116 1636 3164 et
1655 3111 1963 3166 afﬂictioni
1981 3142 1994 3151 -

341 3199 456 3255 bus
477 3199 613 3255 facti
638 3200 1063 3271 spectaculum,
1083 3199 1298 3271 partim
1319 3204 1517 3254 autem
1551 3199 1692 3254 socii
1743 3200 1825 3254 ita
1853 3215 1996 3254 con-

341 3289 704 3344 versantium
732 3289 945 3344 effecti.
970 3290 1112 3343 Nam
1155 3294 1213 3344 et
1268 3288 1505 3344 vincula
1561 3304 1692 3343 mea
1747 3288 1997 3342 commi-

342 3379 522 3435 serati
550 3379 711 3445 estis,
747 3383 804 3432 et
829 3377 1102 3450 rapinam
1144 3377 1438 3432 bonorum
1488 3382 1816 3433 vestrorum
1859 3393 1993 3432 cum

341 3468 557 3540 gaudio
576 3468 920 3539 suscepistis
945 3485 958 3533 ;
985 3471 1408 3539 cognoscentes
1432 3483 1531 3522 vos
1549 3467 1767 3522 habere
1789 3467 1995 3522 melio-

340 3574 438 3613 res
466 3563 526 3612 et
561 3563 874 3613 manentes
904 3556 1234 3612 facultates.
1272 3556 1460 3612 Nolite
1488 3556 1688 3628 itaque
1720 3555 1992 3611 amittere

343 3646 770 3702 conﬁdentiam
793 3652 1066 3713 vestram,
1103 3663 1234 3718 qua:
1266 3663 1541 3720 magnam
1567 3645 1746 3702 habet
1791 3663 1992 3700 remu-

343 3737 716 3792 nerationem
744 3753 756 3790 :
790 3753 938 3809 opus
969 3737 1132 3792 enim
1165 3736 1395 3792 habetis
1420 3736 1726 3808 patientia,
1748 3742 1816 3791 ut
1858 3752 1993 3791 cum

344 3825 449 3880 Dei
469 3825 833 3882 voluntatem
854 3826 1135 3894 feceritis,
1161 3827 1478 3898 reportetis
1512 3825 1992 3898 promissionem.

342 3912 552 3968 Adhuc
575 3913 734 3968 enim
756 3931 1076 3985 parumper
1093 3916 1192 3985 qui
1215 3916 1377 3972 venit
1406 3915 1623 3984 veniet,
1650 3921 1709 3971 et
1731 3931 1848 3970 non
1873 3920 1993 3970 tar-

344 3999 527 4056 dabit.
550 4001 750 4056 Justus
771 4007 970 4057 autem
988 4019 1156 4059 meus
1176 4020 1246 4058 ex
1268 4005 1384 4059 ﬁde
1401 4004 1568 4060 vivet.
1596 4005 1761 4070 Quod
1779 4005 1828 4060 si
1853 4004 1995 4060 sub-

343 4089 593 4145 traxerit
611 4091 674 4155 ›ι‹
692 4106 775 4157 se,
798 4107 918 4145 non
940 4090 1428 4162 placebitanimaa
1486 4110 1654 4148 mea).
1708 4095 1821 4149 Nos
1881 4110 1994 4149 au-

347 4182 469 4235 tem
501 4195 620 4234 non
636 4195 842 4235 sumus
865 4179 1287 4235 subtractionis
1319 4182 1393 4237 ad
1423 4181 1840 4252 perditionem,
1892 4183 1994 4238 sed

2100 1767 2386 1838 γνωστικῷ
2444 1767 2702 1826 ποθοῦντι
2758 1764 3005 1839 γενέσθαι
3065 1762 3416 1839 γέγραπται,
3477 1789 3505 1816 ‹‹
3575 1763 3762 1821 Ἀλλά

2098 1851 2266 1913 τύπος
2315 1852 2468 1927 γίνου
2517 1856 2625 1906 τῶν
2681 1857 2910 1921 πιστῶν,
2966 1851 3019 1907 ἐν
3077 1850 3249 1928 λόγῳ,
3309 1853 3362 1908 ἐν
3418 1855 3760 1926 ἀναστροφῇ,

2102 1940 2154 1996 ἐν
2185 1941 2364 2016 ἀγάπῃ
2393 1943 2530 2014 (15),
2566 1940 2617 1996 ἐν
2650 1939 2849 2012 πίστει,
2899 1943 2953 1997 ὶν
3010 1942 3206 2017 ἁγνείᾳ.
3269 1965 3294 1992 ι)
3359 1944 3600 2005 Πίστεως
3630 1943 3761 2018 γάρ,

2103 2032 2288 2102 οἶμαι,
2314 2029 2598 2098 τελειότης
2630 2031 2764 2104 πρὸς
2794 2032 2893 2099 τήν
2917 2033 3107 2099 κοινήν
3143 2029 3519 2086 διαστέλλεται
3547 2032 3762 2086 πίστιν.

2105 2121 2206 2177 Καὶ
2267 2119 2333 2190 δὴ
2385 2125 2688 2196 γνωστικοῦ
2745 2122 2946 2176 κανόνα
3002 2123 3030 2176 ὁ
3090 2127 3234 2186 θεῖος
3265 2120 3606 2186 Ἀπόστολος
3671 2120 3767 2176 διά

2101 2207 2339 2265 τοσῶνδε
2369 2212 2477 2283 (16)
2510 2211 2852 2283 παρίστησιν,
2881 2212 3043 2266 τοῦτο
3100 2211 3197 2284 μὲν
3253 2213 3493 2289 γράφων·
3554 2237 3573 2262 ι
3611 2211 3767 2286 Ἐγὼ

2103 2300 2208 2376 γὰρ
2235 2297 2462 2373 ἔμαθον,
2521 2298 2573 2354 ἐν
2625 2302 2707 2364 οἷς
2767 2299 2906 2373 εἶμι,
2963 2300 3240 2378 αὐτάρκης
3297 2301 3453 2355 εἶναι’
3510 2299 3640 2356 οἴδα
3672 2300 3767 2356 καὶ

2101 2391 2502 2457 ταπεινοῦσθαι,
2563 2386 2684 2444 οἶδα
2737 2389 2832 2444 καὶ
2884 2392 2994 2464 (17)
3053 2389 3411 2466 περισσεύειν.
3447 2392 3535 2447 Ἐν
3595 2389 3767 2445 παντὶ

2102 2480 2192 2536 καί
2221 2480 2273 2536 ἐν
2305 2487 2434 2535 πᾶσι
2464 2480 2778 2554 μεμύημαι,
2834 2481 2924 2537 καὶ
2975 2481 3334 2558 χορτάζεσθαι
3391 2482 3482 2536 καὶ
3538 2485 3765 2556 πεινῇν,

2102 2571 2190 2626 καὶ
2252 2569 2585 2647 περισσεύειν
2643 2569 2733 2625 καὶ
2795 2571 3152 2647 ὑστερεῖσθαιο
3240 2572 3413 2625 πάντα
3465 2570 3647 2626 ἰσχύω
3711 2572 3762 2626 ἐν

2102 2664 2181 2732 τῷ
2210 2657 2600 2733 ἐνδυναμοῦντί
2637 2681 2702 2715 ue
2729 2663 2865 2733 (18).
2895 2684 2924 2712 ››
2980 2663 3151 2716 Τοῦτο
3185 2656 3240 2715 δὲ
3271 2661 3360 2715 καὶ
3403 2661 3540 2736 πρὸς
3572 2659 3762 2736 ἐντρο-

2105 2750 2213 2818 πὴν
2267 2752 2380 2824 (19)
2432 2747 2627 2812 ἄλλοις
2705 2747 3114 2824 διαλεγόμενος,
3175 2748 3275 2804 οὐκ
3354 2749 3499 2805 ὀκνεῖ
3555 2748 3754 2826 λέγειν·

2107 2840 2674 2910 «Ἀναμιμνήσκεσθε
2732 2835 2790 2893 δὶ
2844 2839 2939 2900 τάς
2990 2839 3256 2914 πρότερον
3310 2834 3551 2914 ἡμέρας,
3590 2840 3642 2894 ἐν
3676 2842 3763 2901 αἷς

2107 2930 2456 3006 φωτισθέντες
2482 2925 2701 2996 πολλὴν
2736 2925 2963 2995 ἄθλησιν
3025 2928 3346 3000 ὑπεμείνατε
3393 2930 3767 3002 παθημάτων,

2104 3022 2266 3073 τοῦτο
2302 3018 2396 3090 μὶν
2429 3014 2765 3090 ὀνειδισμοῖς
2796 3039 2854 3073 τε
2911 3018 3002 3073 καὶ
3060 3015 3275 3092 θλίψεσι
3324 3019 3766 3091 θεατριζόμενοι,

2105 3112 2268 3162 τοῦτο
2301 3104 2357 3161 δὲ
2413 3106 2670 3161 κοινωνοὶ
2727 3110 2834 3161 τῶν
2895 3106 3072 3168 οὕτως
3128 3106 3610 3184 ἀναστρεφομένων
3671 3129 3766 3183 γε-

2109 3197 2381 3266 νηθέντες.
2415 3195 2517 3251 Καὶ
2558 3195 2661 3270 γάρ
2717 3201 2833 3258 τοῖς
2891 3193 3113 3269 δεσμοῖς
3172 3217 3278 3270 μου
3334 3198 3768 3272 συνεπαθήσατε,

2107 3288 2197 3342 καὶ
2221 3288 2320 3355 τὴν
2351 3286 2602 3360 ἁρπαγὴν
2631 3290 2739 3340 τῶν
2795 3287 3154 3363 ὑπαρχόντων
3219 3287 3373 3359 ὑμῶν
3407 3287 3541 3359 μετά
3583 3294 3763 3362 χαρᾶς

2103 3376 2520 3454 προσεδέξασθε·
2580 3377 2937 3450 γινώσκοντες
2995 3373 3142 3453 ἔχειν
3198 3376 3421 3440 ἑαυτοὺς
3475 3378 3767 3453 κρείττονα

2103 3468 2326 3544 ὕπαρξιν
2377 3467 2466 3522 καὶ
2526 3466 2789 3540 μένουσαν
2851 3469 2987 3540 (20).
3175 3464 3500 3537 ἀποϐάλητε
3534 3466 3626 3522 οῦν
3665 3469 3763 3537 τήν

2101 3557 2406 3635 παρῥησίαν
2441 3557 2616 3630 ὑμῶν,
2671 3557 2796 3627 ἥτις
2848 3551 2965 3632 ἔχει
3029 3556 3272 3633 μεγάλην
3306 3554 3759 3630 μισθαποδοσίανο

2104 3647 2388 3720 ὑπομονῆς
2421 3647 2524 3721 γὰρ
2555 3643 2710 3720 ἔχετε
2740 3644 2949 3720 χρείαν,
2974 3643 3083 3713 ἵνα,
3127 3646 3190 3701 τὸ
3221 3645 3440 3717 θέλημα
3495 3649 3595 3701 τοῦ
3626 3650 3764 3701 Θεοῦ

2101 3737 2451 3805 ποιήσαντες,
2477 3733 2782 3806 κομίσησθε
2808 3735 2908 3802 τήν
2957 3732 3304 3810 ἐπαγγελίαν·
3367 3731 3446 3789 ἔτι
3501 3735 3602 3808 γὰρ
3669 3756 3760 3805 μι-

2102 3824 2228 3895 κρὸν
2263 3823 2386 3878 ὅσον
2419 3824 2447 3878 ὁ
2491 3821 2792 3897 ἐρχόμενος
2847 3823 2981 3893 ἣξει,
3035 3822 3126 3878 καὶ
3184 3823 3249 3879 οὐ
3309 3828 3547 3898 χρονιεῖ.
3579 3824 3641 3880 Ὀ
3704 3821 3762 3878 δὲ

2105 3910 2314 3974 δίκαιός
2348 3933 2452 3984 μου
2483 3915 2594 3986 (21)
2626 3911 2686 3967 ἐκ
2737 3913 2974 3974 πίστεως
3025 3915 3266 3983 ζήσεται·
3323 3911 3415 3967 καὶ
3477 3912 3564 3968 ὲάν
3625 3913 3762 3967 ὑπο-

2105 4001 2409 4074 στείληται,
2443 4004 2547 4058 οὐκ
2577 3999 2789 4058 εὐδοκεῖ
2817 4003 2852 4072 ἡ
2883 4005 3036 4078 ψυχή
3093 4024 3199 4076 μου
3259 4002 3310 4058 ἐν
3370 4003 3539 4076 αὐτῷ.
3569 4003 3766 4075 Ἡμεῖς

2106 4090 2165 4147 δὲ
2195 4087 2293 4146 οῦκ
2323 4090 2484 4164 ἐσμεν
2509 4088 2819 4160 ὑποστολῆς
2850 4090 2926 4154 εἰς
2970 4090 3272 4161 ἀπώλειαν,
3331 4089 3478 4146 ἀλλά
3529 4091 3768 4151 πίστεως

2105 4181 2182 4243 εἲς
2215 4206 2242 4234 ‹‹
2277 4181 2664 4257 περιποίησιν»
2681 4184 2892 4256 ψυχῆς.
2925 4182 3056 4237 Εἶτά
3082 4202 3168 4235 σοι
3198 4188 3410 4255 σμῆνος
3429 4177 3766 4254 ὑποδειγμάο

415 4355 479 4419 ›ι‹
505 4357 568 4410 P.
603 4358 705 4410 609
739 4355 850 4409 ED.
883 4352 1176 4417 POTTER,
1211 4353 1311 4404 διδ
1343 4351 1454 4422 ED.
1489 4349 1718 4405 PARIS.
1755 4348 1826 4420 (α)
1860 4349 1907 4405 ιι
1948 4351 1988 4405 c

2109 4367 2184 4418 ιιι,
2216 4354 2300 4404 14.
2335 4352 2412 4422 (b)
2443 4351 2642 4407 Matth.
2677 4367 2762 4418 ιιι,
2792 4351 2848 4408 7.
2876 4351 2946 4422 (ο)
2978 4353 3184 4407 IJoan.
3220 4367 3306 4420 ιιι,
3364 4353 3452 4419 18,
3513 4351 3596 4404 19.
3620 4350 3704 4419 (d)
3741 4352 3760 4404 Ι

343 4429 510 4484 Joan.
544 4444 616 4495 iv,
643 4429 728 4496 16,
765 4427 850 4483 18.
881 4425 946 4496 (e)
982 4424 1189 4480 lJoan.
1220 4439 1273 4489 v,
1305 4423 1356 4478 3.
1391 4421 1456 4494 (f)
1489 4425 1509 4474 Ι
1537 4422 1683 4477 Tim.
1715 4438 1786 4490 ιν,
1823 4425 1907 4476 12.
1934 4421 1990 4494 (g

2109 4422 2250 4496 llllp.
2285 4421 2358 4491 Iv,
2394 4425 2479 4492 11,
2517 4424 2601 4490 12,
2635 4425 2720 4477 13.

416 4601 529 4672 (12)
553 4595 673 4653 Ἐπὶ
704 4591 941 4651 κοιλίαν.
974 4593 1212 4652 Rectius
1238 4588 1326 4646 ἐπὶ
1348 4588 1587 4660 κοιλίας,
1622 4609 1802 4665 super
1849 4608 1994 4648 ven-

347 4675 459 4728 tre.
490 4675 762 4726 SYLBURG.

345 4836 374 4865 «
396 4807 623 4886 Vipera:
643 4807 970 4886 mascaput
989 4808 1201 4886 inserit
1220 4807 1282 4862 in
1313 4825 1399 4886 os,
1433 4808 1592 4879 quod
1623 4807 1994 4886 illaabrodit

343 4879 663 4956 voluptatis
685 4879 1022 4956 dulcedine.
1048 4903 1075 4932 »
1104 4881 1684 4956 Horus_Hierogtyp_l_z:
1706 4879 1808 4936 lib.
1833 4897 1894 4948 ιι,
1920 4879 1991 4956 de

348 4949 547 5025 vipera
571 4957 771 5023 refert,
794 4956 962 5026 quod
992 4953 1117 5026 ὅταν
1147 4949 1472 5026 συγγένηται
1498 4949 1824 5026 λεῷ-ἄρρενι,
1857 4949 1990 5026 στό-

347 5019 423 5098 μοὶ
455 5027 681 5098 στόματι
714 5019 1004 5098 ἐμϐἀλλει,
1036 5023 1125 5079 καὶ
1146 5019 1294 5098 Δμετά
1321 5025 1383 5077 τὸ
1417 5019 1992 5098 ἀποζευχθῆναιρω-

346 5093 582 5152 δακοῦσα
609 5097 707 5162 τὴν
739 5093 1106 5170 κεφαλὴντοῦ
1137 5093 1376 5170 ἄρῥενος,
1411 5093 1838 5170 ἀναιρεῖίυίῐιάβ
1863 5112 1993 5170 mu:-

344 5171 553 5226 lierem
579 5184 684 5237 per
699 5167 916 5240 coitum
932 5169 1055 5223 viro
1074 5169 1321 5240 insidias
1345 5167 1672 5224 struentem
1696 5167 1991 5240 designari

340 5240 668 5312 cupientes,
683 5238 942 5319 viperam
960 5239 1807 5319 pingebanthieroglyphicaru
1817 5238 1870 5319 ni
1895 5239 1988 5293 lit-

338 5309 603 5370 terarum
627 5309 802 5382 periti
848 5309 1010 5384 conf.
1033 5309 1245 5384 Τισίεω
1280 5309 1615 5366 εοὶιοιὶἐι’ἰίι
1655 5311 1989 5384 Lycophro-

339 5388 435 5443 nis
466 5380 722 5440 Cassahd.
749 5397 802 5435 v.
841 5382 996 5446 1114,
1030 5380 1548 5454 itemque_noster
1603 5383 1662 5438 in
1704 5380 1990 5454 ejusdem

341 5457 636 5532 poematis
669 5471 720 5532 _v.
759 5452 1422 5532 lllgCommentarius.

413 5531 525 5599 (14)
562 5527 832 5599 Ἰωάννης.
871 5523 1341 5599 Qonstructionjs
1373 5523 1465 5576 lex
1511 5525 1772 5599 postulat

345 5592 625 5668 Ἰωάννης,
662 5615 765 5654 seu
789 5593 1043 5663 Ἰωάννης
1077 5592 1246 5666 λέγει.
1282 5597 1348 5649 In
1379 5611 1474 5668 eo_
1508 5600 1703 5648 autem
1759 5592 1910 5660 loco,
1970 5599 1992 5650 Ι

339 5662 666 5737 Ιοειιιιι.ἰιι,
703 5669 867 5737 Vulg.
893 5662 1042 5724 Bibl.
1078 5662 1299 5723 habent
1329 5662 1512 5719 τεκνία
1545 5681 1670 5737 μου·
1731 5672 1789 5721 et
1835 5684 1988 5723 mox.

339 5740 469 5797 ἀλλ’
497 5735 638 5815 ἔργῳ
656 5735 756 5797 ’καὶ
788 5735 1040 5814 ἀληθείᾳο
1069 5738 1160 5795 καὶ
1191 5739 1242 5795 ἐν
1274 5737 1454 5810 τούτῳ
1504 5735 1866 5810 γινώσκομεν.
1924 5741 1989 5793 Α.

346 5826 620 5871 δγιιιιιιιο.

1829 5524 1992 5598 φησὶν

2100 4665 2126 4718 Ι
2154 4593 2283 4719 ’(15)
2316 4592 2400 4645 Ἑν
2431 4590 2635 4668 ἀγάπῃ.
2672 4591 2761 4648 Ἐν
2792 4590 3062 4664 πνεύματι
3117 4590 3348 4649 addunt
3403 4593 3573 4668 Vulg.
3607 4594 3762 4650 Bibl.

2201 4682 2301 4719 1m.
2337 4681 2409 4719 ιν.

2201 4682 2301 4719 1m.
2337 4681 2409 4720 ιν.

414 4713 835 4816 (magna.
871 4739 1102 4816 Plinius
1131 4737 1235 4816 ιιτᾳι
1266 4736 1420 4804 ma,
1450 4735 1816 4816 111».-χ.,ηοδ.ρε
1859 4741 1989 4816 e2_._;

2109 4713 2126 4718 -
2440 4731 2834 4816 10q61§stnmd
2871 4729 3060 4790 τῶνδε.
3093 4735 3361 4808 Sylburg.

2177 4811 2288 4876 (ιι)
2323 4806 2561 4876 ΚαιηΔέ,
2594 4806 2811 4876 Philip.

2205 4824 2288 4874 11)
2323 4824 2441 4862 nat.
2476 4824 2561 4876 Δε,
2594 4824 2747 4861 ι’[ιιιι
2800 4849 2811 4861 .

2205 4879 2290 4952 18)
2345 4824 2789 4948 Ἐνδυναμοῦντί)
2825 4897 2912 4948 με.
2979 4880 3193 4952 Χριστῷ
3275 4877 3504 4934 addunt
3592 4881 3760 4952 Vulg.

2107 4950 2254 5005 Bibl.
2289 4951 2503 5022 Philip.
2537 4968 2608 5018 1v,
2637 4965 2980 5022 quanquam
3011 4950 3045 5005 ει
3072 4955 3267 5006 vetere
3310 4967 3551 5022 quoque
3583 4950 3766 5008 inter-

2105 5028 2268 5094 prete
2301 5021 2515 5094 Christi
2559 5021 2780 5078 nomen
2809 5021 2995 5077 abest.
3037 5023 3310 5078 SYLBURG.

2177 5095 2282 5164 (19)
2317 5095 2457 5167 Πρὸς
2487 5093 2772 5164 ἐντροπήν.
2807 5094 3046 5149 Phrasis
3107 5109 3137 5148 e
3183 5095 3246 5147 Ι).
3280 5093 3463 5148 Paulo
3495 5101 3761 5166 sumpta,

2106 5169 2126 5218 1
2155 5166 2285 5220 Cor.
2321 5166 2392 5230 vi,
2417 5169 2453 5221 5
2481 5183 2494 5233 ;
2520 5183 2609 5225 xv.
2643 5167 2729 5220 34.

2178 5236 2693 5310 (20)Γινώσκοντες.
2755 5278 2768 5291 .
2827 5276 2841 5291 .
2875 5235 2984 5310 Δκαὶ
3041 5236 3322 5310 μενουσαν.
3372 5237 3762 5310 VulgaBibl.

2108 5302 2282 5363 Hebr.
2314 5328 2349 5364 x
2397 5327 2408 5363 :
2473 5308 2834 5367 Γινώσκοντες
2874 5302 3128 5410 ἔχειν’ἐν
3192 5305 3408 5366 ἑαυτοῖς
3475 5302 3764 5381 κρείττονα

2107 5378 2326 5420 ἶίπηήεον
2361 5379 2411 5420 ξι,
2443 5378 2690 5420 ιγ’)ηηυηῖρ
2745 5379 2834 5420 an:
2866 5399 2960 5420 ...ν
3016 5379 3124 5420 god
3159 5395 3226 5420 ρτ
3263 5380 3760 5420 intprnrntatinnn

2105 5379 2326 5453 ὕπαρξιν
2361 5379 2411 5432 ἐν
2443 5379 2713 5454 οὐρανοῖς,
2745 5379 2836 5434 καὶ
2865 5379 2982 5451 μὲν.
3015 5379 3128 5435 Sed
3159 5395 3231 5433 ex
3261 5379 3760 5450 interpretatione

2106 5452 2359 5525 alicujus
2392 5453 2450 5506 in
2483 5459 2823 5525 contextum
2861 5451 3191 5525 irrepsisse
3247 5451 3363 5505 ista
3418 5460 3768 5525 exegemam

2107 5523 2351 5579 adnotat
2381 5526 2597 5579 noviss.
2632 5522 3130 5593 doctissimusque
3161 5522 3762 5593 interpresSanuac.

2109 5627 2174 5668 -—_-
2207 5599 2352 5650 Mox.
2374 5595 2483 5668 ,τὴν
2516 5592 2817 5668 παρῥησίαν
2856 5589 3052 5666 ὑμῶν(
3093 5591 3212 5660 ἣτις
3272 5589 3388 5649 ἕλει
3419 5593 3765 5666 μισθαποδο-

2107 5665 2224 5719 σίαν
2255 5666 2518 5738 γεγάλιην.
2536 5737 2542 5738 7
2557 5665 2732 5738 Hebr.
2754 5684 2811 5722 ι.

2178 5731 2286 5807 (21)
2312 5731 2374 5794 Ὁ
2406 5731 2464 5793 δέ
2493 5735 2863 5810 δίκαιόςμου.
2917 5735 2978 5794 Ὀ
3033 5731 3090 5790 δὶ
3137 5731 3346 5799 δίκαιος
3401 5736 3632 5810 absque
3663 5759 3766 5810 μου

2107 5810 2326 5883 legitur
2353 5811 2416 5867 in
2441 5810 2606 5884 Vulg.
2641 5809 2794 5866 Bibl.
2825 5810 2988 5865 εγω.
