4066 6192
275 425 414 483 1309

1602 426 2046 483 STROMATUM
2084 429 2217 483 LIB.
2259 428 2355 482 IV.

3544 426 3687 482 1310

269 572 379 607 των
415 550 572 615 θείων
598 550 950 625 παρίστησιν.
1009 575 1037 601 α
1091 556 1156 606 Ἣ
1214 550 1318 627 γὰρ
1372 549 1439 604 οὐ
1469 548 1670 620 πίστει,
1705 575 1726 603 ι
1765 550 1922 628 φησὶ,

2042 551 2179 606 ﬁdei
2201 551 2275 607 ad
2296 552 2753 623 acquisitionem
2781 573 2811 600 »
2837 550 3050 606 animm
3077 552 3173 622 (a).
3202 552 3425 608 Deinde
3447 552 3688 610 adducit

271 664 300 694 ‹‹
335 638 404 695 δι’
438 641 722 713 ὑπομονῆς
761 641 1125 714 κατώρθωσαν
1187 642 1301 713 (22)
1361 641 1412 693 οἱ
1469 639 1805 714 ἀμπαιγμῶν
1834 639 1926 694 καὶ

270 730 547 806 μαστίγων
577 735 767 802 πεῖραν
805 726 1062 791 λαϐόντες
1094 733 1224 802 (23),
1257 726 1333 784 ἔτι
1369 726 1425 783 δὲ
1457 727 1672 800 δεσμῶν
1700 730 1787 782 καὶ
1824 750 1926 806 φυ-

266 819 445 890 λακῆς
475 845 488 887 ;
519 818 942 889 Ἐλιθάσθησαν,
977 819 1374 892 ἐμειρασθησαν
1403 823 1536 890 (24).
1563 817 1614 872 ἐν
1644 817 1791 893 φόνῳ
1823 839 1923 889 μα·
1971 811 1976 815 Δ

269 909 468 984 χαίρεις
500 907 785 962 ἀπέθανον’
821 905 1120 981 περιῆλθον
1167 906 1217 961 ἐν
1273 905 1584 979 μηλωταῖς,
1619 905 1670 960 ὲν
1700 905 1927 980 αἰγείοις

268 995 552 1074 δέρμασιν,
610 996 1022 1071 ὑστερούμενοι,
1076 991 1420 1069 θλιϐόμενοι,
1462 995 1924 1070 κακουχούμενοι,

267 1087 345 1141 ῶν
379 1087 482 1141 οὐκ
509 1085 575 1154 ἦν
607 1087 751 1158 ἄξιος
784 1085 812 1140 ὁ
841 1085 1067 1156 κόσμος’
1128 1083 1182 1140 ἐν
1241 1084 1494 1160 ἐρημίαις
1544 1081 1925 1156 πλανώμενοι,

266 1174 360 1232 καί
392 1172 564 1252 ὄρεσι,
622 1175 713 1230 καὶ
773 1172 1090 1244 σπηλαίοις,
1143 1175 1231 1229 καὶ
1291 1179 1411 1236 ταῖς
1473 1173 1634 1235 ὀπαῖς
1666 1176 1765 1238 τῆς
1799 1179 1922 1249 γῆς.

264 1267 371 1323 Καὶ
402 1267 598 1326 πάντες
777 1265 1208 1338 μαρτυρηθέντες
1262 1261 1352 1318 διὰ
1398 1269 1498 1332 τῆς
1538 1262 1794 1331 πίστεως,
1827 1261 1927 1317 οὐκ

266 1353 599 1427 ἰκομίσαιτο
627 1354 726 1422 τήν
779 1350 1106 1428 ἐπαγγελίαν
1164 1357 1261 1406 τοῦ
1318 1356 1472 1408 Θεοῦ·
1513 1379 1534 1406 ι
1571 1351 1926 1406 ἀπολείπεται

265 1449 414 1500 νοεῖν
468 1443 531 1498 τὸ
583 1443 721 1498 κατά
774 1443 1194 1517 παρασιώπησιν
1255 1442 1567 1516 είρημὲνον,
1617 1465 1644 1492 ‹‹
1681 1441 1859 1516 μόνοι,
1897 1465 1924 1492 ι)

264 1534 547 1608 Ἐπιφέρει
580 1536 730 1607 γοῦψ
767 1556 795 1583 ‹‹
832 1531 965 1606 Περὶ
1023 1533 1182 1604 ἡμῶν
1236 1531 1480 1607 κρεῖττόν
1513 1552 1564 1584 τι
1595 1528 1927 1606 προειδομὲ-

263 1645 369 1679 νου
397 1627 494 1678 τοῦ
524 1627 679 1691 Θεοῦ,
715 1644 742 1672 ))
777 1621 998 1697 (ἀγαθὸς
1058 1622 1162 1694 γὰρ
1220 1622 1288 1690 ἦν
1319 1623 1480 1694 (26)·)
1513 1646 1539 1672 ‹‹
1569 1621 1661 1675 ἰνα
1691 1623 1766 1693 μή
1801 1641 1920 1696 χωο

266 1713 354 1790 ρὶς
385 1715 546 1786 ἡμῶν
577 1713 940 1769 τεΛειωθῶσι.
1002 1714 1304 1787 Τοιγαροῦν
1361 1710 1451 1765 καὶ
1512 1713 1696 1783 ἡμεῖς,
1727 1715 1923 1765 τοσοῦ-

261 1823 361 1858 τον
392 1796 612 1876 ἔχοντες
647 1799 1031 1876 περικείμενον
1063 1802 1198 1872 ἡμῖν
1231 1801 1390 1877 νέφος
1421 1822 1442 1851 ι
1493 1801 1644 1874 ἅγιον
1673 1798 1763 1854 καὶ
1791 1797 1926 1854 διει-

267 1889 358 1952 δὲς
392 1893 501 1964 (27)
563 1914 590 1939 ‹‹
627 1889 942 1966 μαρτύρων,
1002 1885 1166 1964 ὄγκον
1225 1889 1551 1962 ἀποθέμενοι
1610 1890 1802 1956 πάντα,
1833 1889 1922 1944 καὶ
1958 1923 2004 1987 Β

263 1984 370 2053 τήν
402 1980 782 2054 εὐπερίστατον
820 1980 1110 2055 ἁμαρτίαν,
1170 1978 1242 2036 δι’
1301 1982 1583 2054 ὑπομονῆς
1636 1981 1924 2056 τρέχωμεν

261 2073 361 2128 τὸν
391 2071 752 2146 προκείμενον
784 2075 920 2144 ἡμῖν
979 2070 1178 2146 ἀγῶνα,
1235 2072 1544 2144 ἀφορῶντες
1591 2070 1668 2134 εἷς
1706 2072 1797 2126 τὸν
1829 2077 1927 2140 τῆς

263 2161 502 2223 πίστεως
533 2160 780 2235 ἀρχηγὸν
841 2158 928 2214 καὶ
987 2159 1284 2229 τελειωτὴν
1341 2163 1580 2229 Ἰησοῦν.
1614 2184 1643 2210 ››
1675 2162 1794 2215 ’Ότι
1830 2159 1926 2233 μὶν

269 2249 367 2306 οὖν
400 2249 524 2324 μίαν
559 2248 830 2320 σωτηρίαν
880 2247 1023 2323 λέγει
1084 2247 1134 2302 ἐν
1191 2253 1408 2324 Χριστῷ
1437 2253 1542 2304 τῶν
1578 2246 1804 2304 δικαίων
1835 2250 1926 2303 καὶ

261 2342 428 2413 ἡμῶν
488 2340 625 2411 (28),
678 2341 863 2414 σαφῶς
924 2337 1018 2410 μὶν
1082 2335 1296 2411 εἷ’ρηκεν
1347 2339 1632 2413 πρότερον
1681 2336 1837 2392 οὐδὲν
1869 2335 1928 2393 δὲ

261 2431 430 2499 ἦττον
459 2426 548 2482 καὶ
579 2425 703 2502 περὶ
752 2426 1015 2488 Μοϋσὲως
1072 2426 1270 2502 λὲγων,
1331 2425 1592 2505 ἐπιφέρειο
1629 2451 1656 2479 ‹‹
1686 2429 1928 2497 Μείζονα

259 2516 506 2573 πλοῦτον
566 2513 920 2589 ἡγησάμενος
972 2519 1080 2569 τῶν
1141 2513 1420 2590 Αἶ¹γύπτου
1477 2518 1587 2588 (29)
1636 2517 1924 2591 θησαυρῶν

259 2607 358 2662 τὸν
393 2602 700 2678 ὀνειδισμὸν
755 2609 854 2660 τοῦ
911 2606 1168 2680 Χριστοῦ·
1229 2599 1505 2660 ἀπέϐλεπε
1556 2605 1659 2680 γὰρ
1719 2605 1795 2668 εἰς
1823 2607 1923 2676 τήν

262 2692 726 2770 μισθαποδοσίαν·
787 2693 964 2749 πίστει
1014 2693 1302 2750 κατέλιπεν
1359 2691 1655 2768 Αἴγυπτον,
1716 2697 1792 2767 μή
1827 2717 1928 2770 φο-

259 2781 460 2856 ϐηθεὶς
514 2784 607 2840 τὸν
669 2784 840 2856 θυμὸν
904 2783 1196 2859 βασιλέως
1257 2784 1346 2838 τὸν
1407 2785 1511 2858 γὰρ
1573 2784 1804 2859 ἀόρατον
1850 2785 1925 2846 ὠς

259 2877 415 2950 δρῶν
449 2872 825 2947 ἐκαρτέρησεν.
862 2898 890 2925 ››
949 2873 1012 2929 Ἦ
1077 2872 1192 2937 θεία
1252 2873 1429 2949 Σοφία
1483 2873 1606 2946 περὶ
1646 2878 1752 2928 τῶν
1789 2893 1926 2948 μαρ-

255 2963 448 3040 τύρων
479 2959 646 3040 λέγει’
680 2987 708 3014 ‹‹
743 2957 928 3033 ἔδοξαν
990 2960 1044 3016 ἐν
1107 2961 1417 3040 ὀφθαλμοῖς
1461 2962 1707 3038 ἀφρόνων
1735 2962 1927 3015 τεθνά-

255 3075 375 3123 ναι,
432 3054 522 3108 καὶ
579 3051 838 3129 ἐλογίσθη
897 3049 1136 3112 κάκωσις
1195 3053 1230 3119 ἡ
1291 3046 1476 3121 ἔξοδος
1537 3050 1738 3118 αὑτῶν,
1770 3051 1857 3105 καὶ
1890 3052 1924 3119 ἡ

263 3144 367 3222 ἀφ’
395 3146 555 3216 ἡμῶν
595 3139 792 3217 πορεία
848 3139 1180 3214 σύντριμμω
1241 3140 1292 3193 οἱ
1348 3135 1406 3193 δί
1463 3138 1594 3192 εἰσιν
1630 3137 1682 3191 ἐν
1710 3137 1925 3213 εἷρήνῃ’

260 3233 361 3289 καὶ
393 3231 499 3307 γὰρ
531 3232 582 3286 ἐν
617 3227 739 3304 ὄψει
793 3229 1094 3302 ἀνθρώπων
1149 3227 1235 3282 ἐὰν
1295 3225 1662 3296 κολασθῶσιν,
1691 3229 1726 3298 η
1768 3226 1928 3290 ἐλπὶς

2035 640 2143 695 tibi
2202 659 2450 697 examen
2507 641 2918 713 exemplorum
2981 641 3333 698 divinorum.
3381 664 3409 691 «
3443 645 3686 712 Annon,

2033 731 2249 802 inquit,
2314 733 2426 787 ﬁde
2482 749 2588 803 per
2639 732 2991 804 patientiam
3051 748 3112 786 se
3171 731 3456 802 praeclare
3485 749 3688 805 gesse-

2034 828 2194 887 runt,
2229 821 2328 891 qui
2361 821 2619 876 ludibria
2650 827 2709 876 et
2740 821 3001 892 flagella,
3027 827 3084 874 et
3115 821 3349 876 vincula
3379 828 3686 892 praeterea,

2035 915 2094 964 et
2120 927 2418 966 carcerem
2452 911 2677 982 experti
2722 910 2906 965 sunt?
2954 909 3218 980 Lapidati
3264 910 3524 977 fuerunt,
3557 918 3685 967 ten-

2035 1000 2138 1053 tati
2174 1007 2332 1065 sunt,
2365 1001 2427 1054 in
2460 1000 2618 1054 caade
2651 999 2832 1071 gladii
2863 1000 3078 1054 mortui
3112 1006 3270 1062 sunt,
3325 1001 3689 1056 circuierunt

2034 1089 2094 1142 in
2127 1089 2315 1143 ovinis
2349 1095 2406 1143 et
2436 1090 2694 1160 caprinis
2725 1089 2997 1160 pellibus,
3037 1095 3298 1160 egentes,
3331 1090 3558 1152 afﬂicti,
3592 1107 3685 1144 ve-

2033 1177 2172 1243 xati,
2203 1178 2420 1248 quibus
2453 1177 2664 1250 dignus
2694 1195 2811 1232 non
2844 1183 2972 1232 erat
2999 1178 3294 1244 mundus;
3331 1179 3391 1232 in
3415 1179 3688 1234 solitudi-

2032 1266 2209 1320 nibus
2237 1273 2527 1334 errantes,
2557 1273 2616 1321 et
2646 1265 2972 1331 montibus,
3007 1273 3063 1320 et
3094 1267 3414 1337 speluncis,
3451 1274 3508 1322 et
3533 1268 3686 1324 fora-

2033 1356 2296 1411 minibus
2318 1362 2507 1412 terrm.
2528 1359 2596 1411 Et
2614 1357 2671 1410 hi
2695 1373 2902 1412 omnes
2923 1357 3262 1411 testimonio
3279 1357 3414 1412 ﬁdei
3433 1357 3685 1430 probati,

2035 1463 2154 1500 non
2189 1452 2547 1517 acceperunt
2569 1447 3025 1518 promissionem
3057 1465 3069 1513 ;
3099 1469 3124 1494 ››
3153 1452 3336 1501 restat
3357 1447 3691 1503 subintelli-

2033 1535 2315 1609 gendum,
2349 1536 2507 1606 quod
2543 1535 2714 1590 tacite
2747 1536 2970 1590 dictum
3006 1541 3114 1600 est,
3145 1558 3171 1584 ‹‹
3207 1536 3337 1592 soli.
3371 1557 3396 1586 ι
3428 1537 3688 1609 Subjun-

2031 1624 2114 1696 git
2150 1625 2377 1695 itaque:
2414 1625 2558 1678 Cum
2611 1623 2682 1678 de
2743 1624 2916 1678 nobis
2973 1624 3188 1678 melius
3246 1625 3473 1696 aliquid
3533 1627 3687 1682 Deus

2033 1714 2402 1785 praevidisset
2429 1713 2644 1784 (bonus
2687 1713 2844 1767 enim
2879 1713 3025 1780 erat)
3080 1719 3143 1767 ut
3190 1731 3306 1768 non
3353 1715 3480 1768 sine
3514 1715 3688 1770 nobis

2033 1804 2178 1859 22]
2245 1807 2824 1858 consummarcntur.
2887 1804 3090 1873 Itaque
3135 1820 3270 1858 cum
3305 1808 3362 1857 et
3391 1821 3499 1859 nos
3532 1805 3688 1860 circa

2034 1910 2144 1948 nos
2169 1893 2494 1948 habeamus
2517 1898 2740 1947 tantam
2765 1891 2984 1946 nubem
3011 1915 3036 1940 ››
3063 1898 3324 1947 sanctam
3350 1898 3408 1947 et
3437 1894 3690 1965 pelluci-

2034 1981 2170 2036 dam
2203 2004 2229 2031 «
2268 1982 2528 2046 testium,
2573 1981 2940 2052 deponentes
2989 1998 3165 2037 omne
3203 1982 3454 2054 pondus,
3487 1990 3546 2038 et
3576 2002 3686 2040 nos

2032 2069 2206 2125 facile
2229 2069 2624 2125 circumstans
2648 2076 2974 2141 peccatum,
2994 2089 3101 2142 per
3117 2071 3464 2142 patientiam
3483 2090 3685 2129 curra-

2032 2176 2166 2214 mus
2197 2159 2271 2214 ad
2305 2158 2474 2214 nobis
2525 2159 2894 2230 propositum
2944 2165 3266 2227 certamen,
3299 2161 3685 2233 respicientes

2033 2248 2107 2303 ad
2127 2248 2264 2304 ﬁdei
2285 2251 2590 2303 auctorem
2614 2254 2671 2302 et
2687 2255 3232 2303 consummatorem
3253 2250 3448 2304 Jesum
3472 2251 3600 2320 (6).»
3618 2253 3688 2305 Et

2033 2337 2190 2408 quod
2220 2353 2404 2391 unam
2428 2336 2817 2407 eamdemque
2841 2337 3134 2409 intelligat
3158 2338 3412 2393 salutem
3434 2339 3495 2393 in
3517 2340 3688 2394 Chri-

2035 2432 2148 2493 sto,
2179 2442 2314 2480 cum
2340 2426 2666 2496 justorum,
2702 2431 2825 2480 tum
2859 2426 3038 2480 etiam
3070 2428 3529 2500 nostram,prius
3562 2429 3687 2499 qui-

2037 2515 2171 2570 dem
2203 2515 2354 2569 dixit
2379 2521 2600 2586 aperte,
2658 2513 2848 2569 nihilo
2907 2519 3108 2570 tamen
3167 2516 3360 2571 secius
3391 2516 3462 2571 de
3493 2519 3687 2588 Moyse

2035 2621 2269 2676 quoque
2293 2604 2520 2670 dicens,
2545 2604 2853 2676 subjungit
2877 2620 2889 2656 :
2919 2626 2940 2651 ι
2964 2604 3213 2674 Majores
3235 2605 3582 2659 existimans
3607 2605 3689 2659 di-

2035 2695 2206 2748 vitias
2235 2710 2412 2764 quam
2463 2694 2775 2748 thesauros
2821 2693 3070 2763 Egypti,
3122 2691 3336 2746 Christi
3387 2693 3685 2763 imprope-

2034 2784 2220 2848 rium;
2242 2782 2599 2852 respiciebat
2622 2780 2780 2834 enim
2804 2780 3370 2835 remunerationem.
3387 2779 3525 2834 Fide
3549 2781 3687 2836 reli-

2036 2873 2512 2942 quit/Egyptum,
2543 2886 2662 2924 non
2693 2869 2915 2923 veritus
2946 2867 3097 2922 iram
3129 2869 3301 2939 regis.
3322 2869 3686 2924 Invisibilem

2036 2960 2194 3014 enim
2228 2965 2513 3028 tanquam
2537 2958 2636 3028 qui
2661 2957 3338 3028 videret,sustinuit(c).»
3364 2959 3568 3013 Divina
3588 2960 3688 3014 Sa-

2036 3049 2262 3122 pientia
2292 3047 2436 3104 dicit
2465 3049 2536 3104 de
2564 3048 2924 3120 martyribus
2951 3066 2963 3103 :
3006 3073 3032 3100 «
3073 3049 3190 3104 Visi
3235 3055 3375 3104 sunt
3405 3051 3468 3105 in
3501 3050 3690 3106 oculis

2035 3139 2449 3209 insipientium
2481 3139 2654 3205 mori,
2697 3144 2755 3192 et
2804 3144 3075 3210 reputata
3107 3143 3197 3193 est
3225 3139 3452 3193 vexatio
3486 3155 3689 3194 eorum

2040 3229 2255 3296 exitus,
2288 3233 2347 3282 et
2376 3245 2410 3283 a
2448 3228 2618 3283 nobis
2676 3227 2993 3294 discessus,
3055 3228 3335 3282 contritio
3364 3245 3375 3282 :
3435 3228 3523 3282 illi
3555 3245 3688 3283 vero

268 3292 478 3378 αὐτῶν.
509 3320 794 3386 ἀθανασίας
853 3318 1096 3392 πλήρης.
1133 3342 1160 3368 ››
1220 3317 1352 3374 Εἶτα
1411 3316 1622 3391 ἐπάγει,
1673 3317 1927 3391 κάθαρσιν

2042 3325 2182 3375 sunt
2211 3320 2270 3373 in
2302 3335 2466 3390 pace.
2502 3319 2734 3373 Etenim
2765 3320 2811 3373 si
2873 3317 2934 3372 in
2985 3318 3174 3373 oculis
3205 3319 3514 3372 hominum
3549 3335 3690 3390 sup-

267 3409 487 3483 ἔνδοξον
537 3413 600 3465 τὸ
659 3407 954 3485 μαρτύριον
1014 3404 1361 3462 διδάσκουσα·
1396 3433 1423 3457 ‹‹
1460 3406 1564 3462 Καὶ
1599 3405 1758 3482 ὀλίγα
1787 3428 1924 3462 παι-

269 3499 570 3566 δευθέντες,
605 3499 820 3570 μεγάλα
849 3497 1392 3572 εὐεργετηθήσονται’
1425 3496 1509 3550 ’ὁτι
1550 3496 1578 3550 ὁ
1618 3496 1748 3558 Θεὸς
1781 3494 1928 3551 ἐπεί-

269 3611 431 3667 ρασεν
490 3586 705 3648 αὐτούς·
741 3609 769 3639 »
827 3583 1131 3654 τουτέστιν,
1191 3584 1267 3646 εἷς
1325 3583 1578 3658 δοκίμιον
1624 3582 1928 3640 καὶδυσω-

267 3680 400 3734 πίαν
463 3680 556 3730 τοῦ
613 3674 962 3750 πειράζοντος
1036 3673 1209 3728 εἴασεν
1285 3672 1480 3736 αὐτοὺς
1547 3677 1926 3750 πειρασθῆναιο

269 3792 300 3820 ‹‹
337 3764 426 3820 καὶ
459 3764 608 3840 εὗρεν
668 3762 862 3825 αὐτοὺς
913 3761 1093 3833 ἀξίους
1149 3763 1364 3834 ἑαυτοῦ,
1414 3762 1565 3821 υἱοὺς
1592 3763 1928 3834 κληθῆναι»

268 3853 559 3926 δηλονότι.
593 3877 620 3905 ‹‹
649 3853 740 3914 Ὠς
777 3852 980 3928 χρυσὸν
1015 3851 1066 3907 ἐν
1101 3851 1463 3927 χωνευτηρίῳ
1496 3849 1818 3926 ἐδοκίμασεν
1841 3850 1934 3907 αὖ·

265 3944 418 4010 τοὺς,
476 3942 567 3996 καὶ
626 3941 700 4002 ὡς
755 3939 1136 4016 ὁλοκάρπωμα
1189 3940 1371 4002 θυσίας
1422 3939 1782 4014 προσεδέξατο
1831 3942 1928 3996 αό-

267 4031 420 4095 τούς·
454 4030 544 4085 καὶ
593 4029 644 4085 ἐν
700 4033 874 4106 καιρῷ
933 4029 1238 4100 ἐπισκοπῆς
1295 4029 1470 4084 αὐτῶν
1525 4029 1931 4103 ἀναλάμψουσι,

269 4120 363 4177 καὶ
424 4119 498 4181 ὡς
557 4126 850 4193 σπινθῆρες
895 4117 947 4173 ἐν
999 4115 1227 4193 καλάμῃ
1303 4116 1748 4193 διαδραμοῦνται·
1809 4139 1930 4190 κρι-

273 4214 458 4267 νοῦσιν
513 4205 664 4279 ἔθνη,
721 4209 812 4263 καὶ
871 4209 1202 4282 κρατήσουσι
1257 4207 1430 4277 λαῶν,
1470 4208 1557 4262 καὶ
1621 4207 1929 4283 βασιλεόσει

271 4299 450 4354 αὐτῶν
486 4297 689 4371 Κύριος
724 4297 800 4359 εἲς
821 4296 950 4360 τοὺς
980 4296 1201 4358 αἰῶνας.
1236 4321 1264 4348 ››

2037 3409 2234 3480 pliciis
2264 3408 2458 3463 aﬂ'ecti
2490 3408 2729 3473 fuerint,
2757 3425 2891 3479 spes
2915 3424 3118 3462 eorum
3147 3407 3325 3478 plena
3341 3413 3432 3462 est
3452 3407 3690 3461 immor-

2041 3498 2286 3552 talitatis
2307 3497 2404 3568 (ά).
2428 3520 2456 3545 ››
2477 3496 2699 3551 Deinde
2718 3496 3040 3568 subjungit.
3060 3497 3378 3569 gloriosam
3403 3513 3689 3569 expurgao

2038 3587 2264 3642 tionem
2323 3587 2544 3642 docens
2602 3603 2730 3641 esse
2786 3587 3176 3657 martyrium:
3231 3608 3259 3635 «
3292 3587 3361 3640 Et
3393 3586 3453 3640 in
3484 3585 3690 3657 paucis

2041 3677 2331 3748 castigati,
2377 3675 2608 3748 magnis
2657 3675 2996 3730 afﬁcientur
3040 3674 3370 3740 beneﬁciis,
3407 3675 3689 3746 quoniam

2041 3768 2194 3821 Deus
2229 3765 2476 3820 tentavit
2505 3781 2627 3831 eos,
2663 3787 2690 3813 ››
2742 3765 2853 3818 hoc
2902 3769 3009 3832 est,
3043 3763 3117 3818 ad
3149 3780 3355 3818 eorum
3387 3763 3692 3836 probatio-

2041 3871 2200 3922 nem,
2226 3859 2285 3909 et
2312 3859 2379 3909 ut
2400 3853 2625 3925 pudore
2653 3853 2947 3908 afﬁciatur
2973 3857 3249 3924 tentator,
3271 3853 3406 3908 sivit
3435 3870 3535 3909 eos
3570 3858 3692 3910 ten-

2040 3944 2192 4010 tari;
2227 3966 2254 3993 ι‹
2289 3949 2346 3999 et
2377 3943 2602 3998 invenit
2631 3959 2732 3998 eos
2779 3959 2842 3998 se
2887 3943 3120 4014 dignos,
3153 3965 3182 3994 ››
3237 3949 3303 3998 ut
3332 3943 3560 4000 scilicet
3587 3959 3689 3998 vo—

2041 4040 2251 4090 centur
2283 4034 2412 4088 ﬁlii.
2448 4057 2474 4083 «
2508 4033 2815 4104 Tanquam
2837 4049 3047 4088 aurum
3071 4033 3131 4088 in
3154 4034 3393 4088 fornace
3424 4033 3694 4105 probavit

2042 4141 2167 4186 eos,
2201 4129 2260 4178 et
2291 4128 2570 4193 tanquam
2603 4122 2855 4177 solidam
2896 4123 3170 4178 sacriﬁcii
3197 4122 3558 4179 oblationem
3592 4137 3688 4176 ex-

2041 4214 2200 4285 cepit
2228 4231 2349 4276 eos.
2383 4220 2441 4268 et
2470 4213 2532 4268 in
2564 4218 2832 4284 tempore
2854 4212 3242 4284 inspectionis
3273 4227 3478 4267 eorum
3507 4209 3690 4281 fulge-

2042 4303 2209 4368 bunt,
2245 4310 2303 4359 et
2333 4309 2614 4374 tanquam
2648 4301 2923 4357 scintilla
2977 4302 3038 4355 in
3070 4300 3290 4371 stipula
3319 4303 3686 4370 percurrent.

1956 4426 2002 4490 D
2041 4393 2398 4448 Judicabunt
2426 4396 2651 4464 gentes,
2680 4396 2738 4445 et
2757 4389 3224 4444 dominabuntur
3244 4387 3569 4459 populis,et
3588 4401 3690 4440 rex

2036 4497 2241 4536 eorum
2275 4482 2386 4536 erit
2417 4479 2702 4534 Dominus
2734 4479 2794 4532 in
2828 4477 3162 4549 saacula(e).
3205 4499 3234 4526 ››

349 4648 630 4776 (αὶᾘθὺιι.
663 4665 718 4716 x,
751 4649 940 4704 32—39.
975 4649 1048 4720 (ὸ)
1077 4647 1251 4704 Hebr.
1284 4663 1364 4715 xl,
1397 4649 1485 4719 36,
1519 4651 1608 4716 37,
1641 4649 1731 4718 38,
1763 4651 1852 4721 39,
1883 4651 1927 4704 44

272 4723 349 4795 (e)
384 4723 404 4777 Ι
449 4721 528 4776 id.
562 4724 618 4788 5,
649 4723 702 4788 6,
737 4723 789 4787 7,
817 4722 870 4775 8.

2040 4667 2122 4721 ιιι,
2164 4650 2217 4716 4,
2269 4653 2319 4703 2.
2371 4647 2444 4720 (ο)
2494 4647 2667 4703 Hebr.
2713 4664 2789 4718 x1,
2832 4649 2920 4716 26,
2951 4646 3042 4702 27.
3075 4647 3150 4718 (ἀ)
3184 4646 3317 4719 Sap.
3353 4663 3429 4714 ιιι,
3461 4649 3516 4716 2,
3548 4648 3600 4717 3,
3633 4648 3687 4702 4.

300 4740 328 4777 8

449 4721 528 4776 id.
562 4724 618 4788 5,
649 4723 702 4788 6,
737 4723 789 4787 7,
817 4722 870 4775 8.

378 4893 566 4945 22l'H
598 4888 702 4945 γὰρ
748 4931 760 4944 .
811 4931 822 4943 .
867 4932 880 4944 .

353 4893 464 4964 (22)
496 4894 566 4945 Ἡ
598 4893 702 4964 γὰρ
748 4931 760 4944 .
811 4931 822 4943 .
867 4932 880 4944 .
939 4893 1331 4960 κατώρθωσαν.
1394 4893 1716 4943 Clementis
1763 4893 1932 4945 verba

281 4970 423 5020 sunt
439 4963 563 5018 haec
587 4961 660 5018 ad
682 4978 909 5033 ea,quaa
935 4959 1932 5033 sequuntur,transitumfacientis.

353 5036 464 5107 (23)
501 5025 1229 5107 Πεῖραᾼν-λαῖόντεςίβθὶηκΔ
1255 5025 1332 5097 ΣΙ,
1364 5025 1804 5107 πεῖραν-ἔλαϐονΣ

351 5101 461 5176 (24)
531 5101 950 5176 Ἐλιθάσθησαν,
994 5175 1000 5176 7
1047 5101 1467 5176 ἐπειράσθησαν.
1543 5103 1735 5176 ναις.Δ
1783 5104 1932 5176 Bibl.

282 5172 458 5235 Hebr.
516 5195 593 5243 χι,
652 5179 759 5231 37:
805 5172 1239 5249 _’Elz9ioeyadv,
1294 5172 1933 5249 _é1tpl601§ga_zv,'é1rezpdi-

283 5251 508 5316 σθησαν.
542 5249 648 5304 Ubi
678 5247 834 5303 conf.
869 5264 999 5318 quae
1031 5246 1337 5303 adnotavit
1364 5245 1716 5318 Cl._Millius.

352 5315 462 5389 (25)
499 5319 719 5392 Πάντες.
756 5315 924 5392 Vulg.
984 5320 1132 5376 Bibl.
1194 5318 1346 5372 οὗτοι
1401 5315 1616 5378 πάντεςο
1663 5325 1729 5392 Αθί
1777 5335 1930 5380 mox,

280 5393 378 5463 τὴν
415 5390 757 5467 ἐπαγγελίαν,
811 5390 1038 5467 absque
1083 5391 1414 5467 genit.m'to_6
1446 5392 1605 5467 Θεοῦ·
1646 5390 1807 5460 dein,
1837 5394 1934 5444 τοῦ

279 5456 414 5520 Θεοῦ
446 5456 576 5537 περῖ
600 5456 759 5537 ἡμῶν
792 5456 1038 5537 κρεῖττόν
1071 5456 1123 5514 -ἷι
1154 5456 1632 5537 προϐλεψαμένου.

353 5540 458 5608 (26)
495 5531 723 5610 ’Ᾱγα-θᾷς
752 5531 852 5609 γὰρ
880 5531 969 5602 ἦν.
1005 5531 1391 5610 Commation
1430 5531 1540 5590 hoc
1568 5535 1934 5610 a_Clemente

279 5606 580 5664 insertum
600 5606 834 5662 videtur
865 5612 1107 5677 propter
1137 5607 1450 5661 haereticos
1482 5606 1581 5678 qui
1614 5607 1796 5662 Deum
1828 5625 1936 5663 ne-

288 5681 501 5752 gabant
533 5681 754 5736 bonum
785 5695 934 5734 esse.

939 4887 1331 4960 κατώρθωσαν.
1394 4887 1716 4960 Clementis
1763 4890 1939 4945 verba

2118 4891 2232 4959 (27)
2258 4889 2450 4962 Ἃγιον
2501 4885 2590 4941 καὶ
2649 4883 3294 4962 διειδὲςηβοιῐιῐῐιδῑίοιι
3349 4887 3498 4944 illud
3563 4889 3695 4944 Cle-

2046 4962 2266 5016 mentis
2299 4967 2408 5031 est,
2423 4977 2562 5032 Anon
2597 4961 2861 5032 Apostoli
2894 4961 3068 5014 Hebr.
3106 4977 3204 5015 xu.
3240 4961 3512 5016 SYLBURG.

2119 5034 2231 5113 (28)
2263 5027 2762 5113 Τῶχξδικαίωίκιαὶ
2795 5031 2978 5113 ἡμῶν.
3022 5034 3300 5113 Nempe}
3327 5033 3696 5113 justorumﬁ»

2048 5105 2147 5174 qui
2181 5109 2317 5160 ante
2340 5104 2638 5158 Christum
2661 5103 2958 5169 vixerunt,
2982 5108 3036 5157 et
3061 5103 3697 5175 Christianorum,qui-

2044 5175 2156 5247 bus
2187 5177 2393 5247 eadem
2424 5182 2512 5229 est
2540 5192 2644 5247 per
2673 5176 2972 5247 Christum
3004 5175 3077 5229 ad
3101 5175 3360 5247 salutem
3391 5177 3478 5231 via
3506 5193 3691 5247 :_nam

2045 5245 2204 5320 αὐτὸς
2238 5246 2298 5320 ἂν
2332 5245 2466 5320 θύρα
2495 5242 2592 5320 τοῦ
2621 5245 2855 5320 Ματρὸς,
2878 5243 2952 5320 δι’
2975 5248 3040 5314 ἧς
3071 5242 3693 5320 εἷ’σὲρχονταιἈϐραὰμ

2042 5318 2130 5393 καὶ
2165 5319 2344 5393 Ἰσαάκ
2373 5313 2460 5393 καὶ
2487 5313 2805 5393 γ’[ακὼϐικαί
2841 5313 3344 5393 οἱῌπροφῆταιδκαὶ
3379 5319 3430 5372 οἱ
3460 5313 3694 5393 ἀποστο-

2045 5389 2157 5458 λοι,
2215 5391 2305 5444 καὶ
2359 5393 2393 5459 ἡ
2447 5387 2764 5458 Ἐκκλησία.
2826 5415 2853 5440 ‹‹
2889 5387 2994 5446 Ille
3049 5387 3363 5461 (Christus)
3395 5398 3484 5444 est
3505 5392 3694 5460 janua

2044 5465 2233 5536 Patris
2256 5485 2270 5530 ;
2290 5479 2395 5535 per
2417 5479 2591 5534 quam
2613 5463 3030 5536 ingrediuntur
3053 5463 3344 5536 Abraham
3370 5467 3437 5536 _et
3460 5462 3618 5536 lsaac
3637 5467 3694 5514 et

2041 5535 2239 5603 Jacob,
2291 5532 2355 5590 et
2412 5532 2736 5607 prophetae,
2771 5542 2829 5588 et
2858 5534 3132 5607 apostoli,
3166 5539 3223 5587 et
3254 5532 3534 5607 Ecclesia,
3572 5553 3600 5581 »
3627 5538 3692 5588 ut

2043 5608 2125 5663 ait
2159 5605 2428 5679 Ignatius‘
2452 5605 2626 5679 Epist.
2660 5608 2733 5661 ad
2759 5605 3240 5679 Philadelphenos,
3273 5621 3399 5674 cap.
3431 5605 3485 5659 9.

2116 5675 2224 5750 (29)
2256 5675 2555 5752 Αἰγύπτου.
2594 5678 2678 5731 Ἐν
2709 5676 2993 5750 Αἰγύπτῳ,
3029 5675 3202 5729 Hebr.
