4066 6192
447 269 582 328 1311

1679 271 2086 332 CLEMENTIB
2123 277 2622 335 ALEXANDRINI

3693 285 3801 340 1812

1925 429 2156 485 CAPUT
2208 429 2378 486 XVII.

593 519 922 577 Citationem
953 535 1022 572 ea;
1051 517 1282 589 epistola
1311 519 1368 573 S.
1407 517 1690 574 Clementis
1737 519 1812 574 ad
1860 518 2173 660 Corinthips
2206 520 2295 645 tad
2342 527 2726 590 argumentum
2762 522 3125 592 praecedentis
3151 525 3349 593 capitis
3375 531 3694 594 spectantem

2056 607 2114 644 re
2143 608 2202 646 er
2233 633 2245 646 .

2056 607 2245 646 relert.

517 683 698 736 Porro
731 686 929 736 autem
961 681 1234 735 Clemens
1265 695 1500 750 quoque
1543 680 1846 751 apostolus
1877 680 1938 734 in
1970 680 2091 751 epi-
2125 686 2174 748 Α

447 770 600 825 stola
616 770 690 824 ad
707 769 1066 835 Corinthios,
1089 769 1212 840 ipse
1233 768 1295 831 »Β
1316 785 1550 840 quoque
1580 769 1752 824 nobis
1777 769 2094 839 quamdam

447 859 698 932 gnostici
726 859 1045 930 imaginem
1077 857 1440 922 describens,
1475 857 1655 911 dicit:
1707 879 1733 906 «
1766 857 1907 922 Quis
1935 858 2091 913 enim

448 948 604 1020 apud
664 965 765 1002 vos
826 947 1176 1011 diversatus,
1257 946 1418 1000 omni
1504 946 1716 1000 virtute
1776 947 2092 1017 perfectam

449 1038 803 1107 firmamque
826 1036 1003 1090 ﬁdem
1027 1042 1279 1090 vestram
1297 1051 1417 1090 non
1441 1034 1745 1106 probavit?
1763 1036 2092 1091 modestam

446 1143 514 1182 ac
546 1126 856 1181 decentem
880 1126 940 1180 in
964 1126 1193 1180 Christo
1217 1126 1498 1196 pietatem
1521 1141 1639 1180 non
1663 1130 1752 1180 est
1768 1126 2094 1181 admiratus

446 1222 506 1271 et
532 1215 1038 1288 magniﬁcentiam
1061 1215 1486 1286 hospitalitatis
1509 1220 1714 1270 vestras
1736 1232 1855 1270 non
1882 1215 2092 1286 praedi-

447 1304 644 1360 cavit?
674 1310 733 1360 et
762 1303 1084 1376 perfectam
1115 1321 1183 1358 ac
1235 1303 1507 1358 stabilem
1540 1303 1941 1376 cognitionem
1970 1320 2091 1358 non

445 1393 679 1449 beatam
711 1409 839 1448 esse
871 1392 1151 1448 censuit?
1180 1409 1317 1448 nam
1339 1393 1488 1447 citra
1511 1409 1896 1464 personarum
1927 1408 2090 1448 acce-

444 1483 708 1555 ptionem
731 1482 933 1536 omnia
953 1481 1282 1544 faciebatis,
1299 1489 1358 1536 et
1376 1482 1436 1535 in
1462 1482 1562 1536 Dei
1585 1481 1862 1553 legitimis
1884 1481 2092 1536 ambu~

445 1572 678 1628 labatis.
715 1592 738 1622 ι
772 1571 994 1627 Deinde
1026 1572 1326 1642 apertius:
1359 1593 1387 1620 «
1421 1570 1576 1625 Fixis
1607 1586 1742 1642 ergo
1775 1559 1961 1625 oculis
1993 1587 2093 1626 eos

446 1661 808 1724 intueamur,
827 1662 928 1733 qui
954 1661 1283 1734 magnificas
1307 1661 1435 1731 ejus
1461 1661 1661 1733 glorias
1685 1661 1941 1729 perfecte
1968 1677 2094 1715 ser-

513 1761 576 1825 νκ
605 1764 668 1817 Ρ.
702 1764 806 1815 610
835 1761 946 1814 ΕΙ).
981 1760 1274 1828 ΡΟΤΤΕΒ,
1307 1762 1409 1814 516
1441 1760 1551 1814 ED.
1586 1759 1812 1814 PARlS.

2280 679 2380 732 Ναὶ
2415 680 2521 751 μὴν
2553 677 2607 734 ἐν
2636 683 2704 753 τῇ
2762 680 2896 753 πρὸς
2956 681 3272 756 Κορινθίους
3321 681 3613 757 Ἐπιστολῇ
3644 685 3670 738 ὁ
3696 685 3806 740 ἀπόο

2205 781 2399 828 στοΛος
2429 772 2540 838 (30)
2573 765 2840 839 Κλήμης,
2888 769 2975 823 καὶ
3028 769 3189 831 αὐτὸς
3232 773 3368 843 ἡμῖν
3409 772 3576 826 τόπον
3603 775 3710 828 τινὰ
3733 780 3806 830 τοῦ

2201 861 2506 931 γνωστικοῦ
2543 858 2890 934 ὑπογράφων,
2947 857 3116 929 λέγει’
3180 883 3210 910 ι(
3241 860 3328 921 Τίς
3389 863 3493 930 (31)
3523 862 3638 936 γὰρ,
3669 884 3803 936 παρε-

2203 943 2524 1018 πιδημήσας
2585 948 2719 1019 πρὸς
2781 948 2940 1019 ὑμᾶς,
2998 950 3098 1016 τὴν
3157 951 3453 1024 πκνάρετον
3502 951 3586 1004 καὶ
3620 947 3803 1024 βεςιίαν

2201 1032 2381 1088 πίστιν
2415 1035 2566 1106 ὑμῶν
2599 1038 2708 1108 (32)
2763 1034 2861 1090 οὐκ
2917 1033 3278 1108 ἐδοκίμασας
3329 1041 3431 1107 τήν
3483 1060 3539 1094 τε
3593 1041 3807 1116 σώφρονα

2202 1122 2292 1177 καὶ
2352 1123 2561 1192 ἐπιεικῆ
2626 1123 2676 1178 ἐν
2737 1127 2956 1198 Χριστῷ
3015 1121 3286 1180 εὐσέϐειαν
3346 1127 3447 1182 οὐκ
3504 1127 3805 1201 iaculum};

2201 1211 2288 1266 καὶ
2318 1213 2380 1267 τὸ
2411 1211 2824 1288 μεγαλοπρεπὲς
2874 1221 2975 1283 τῆς
3033 1213 3341 1292 φιλοξενίας
3402 1217 3551 1288 ὑμῶν
3581 1217 3702 1285 ἦθος
3727 1219 3809 1273 sint

2202 1299 2491 1376 ὲκήρυξεν;
2547 1301 2638 1356 καὶ
2694 1303 2794 1371 τὴν
2848 1301 3060 1358 τελείαν
3118 1303 3208 1358 καὶ
3266 1304 3483 1382 ἀσφαλῆ
3519 1310 3702 1380 γνῶσιν
3731 1305 3811 1361 οὐκ

2203 1389 2568 1462 ἰμακάρισεν;
2629 1390 3160 1464 ἀπροσωπολήπτως
3207 1396 3306 1468 γὰρ
3358 1394 3529 1448 πάντα
3593 1393 3808 1467 ἐποιεῖτε,

2200 1481 2290 1534 καὶ
2337 1478 2388 1534 ἐν
2446 1486 2565 1542 τοῖς
2620 1482 2884 1554 νομίμοις
2941 1484 3051 1555 (33)
3107 1485 3206 1536 τοῦ
3261 1487 3395 1537 Θεοῦ
3447 1483 3806 1558 ἐπορεύεσθεσιι

2199 1569 2291 1624 καί
2317 1568 2384 1622 τὰ
2422 1569 2566 1639 ἑξῆς.
2627 1570 2736 1626 Εἶτ’
2795 1569 3212 1648 ἐμφανέστερον,
3271 1595 3299 1622 ‹‹
3334 1572 3675 1644 Ἀτινίσωμεν
3721 1575 3809 1645 (34)

2201 1655 2293 1712 οὖν
2327 1656 2404 1720 εἷς
2431 1657 2560 1719 τοὺς
2615 1657 2846 1720 τελείως
2899 1659 3396 1734 λείτουργήσαντας
3455 1660 3617 1715 αὐτοῦ
3640 1661 3701 1735 τῇ
3725 1682 3807 1733 με·

517 1861 629 1931 (30)
689 1853 1046 1931 Ἂπόστολος.
1109 1858 1388 1929 Superius
1474 1858 1697 1931 dictum
1772 1861 1881 1931 est.
1918 1858 2096 1931 _viros
2127 1859 2174 1924 B
2204 1855 2630 1931 accommodet.
2665 1857 2945 1929 Exemplo
2976 1874 3105 1912 esse
3135 1863 3436 1930 poterunt,
3469 1876 3595 1930 quas
3619 1874 3685 1931 rex
3710 1859 3805 1913 Ire-

447 1929 804 2012 apostolicos
825 1929 1585 2012 nonnupquamhapostolos
1607 1929 1678 1983 ab
1703 1929 2094 2012 antiquisga-

447 2001 638 2058 tribus
668 2003 1000 2074 appellatos
1030 2001 1234 2057 fuisse.
1261 2001 1427 2057 COnf.
1451 2003 1657 2057 Strom.
1694 2017 1771 2068 ιιι,
1805 2017 1937 2073 pag.
1971 2003 2098 2066 535,

449 2079 574 2129 not.

520 2147 628 2214 (31)
657 2141 768 2204 Τίς.
803 2146 936 2200 Hinc
967 2150 1290 2200 occurrunt
1315 2145 1513 2201 statim
1546 2160 1581 2199 a
1610 2143 1904 2214 principio
1937 2143 2096 2214 prio-

449 2214 636 2305 risﬁa‘d
661 2216 1006 2305 Cprinthios
1037 2216 1362 2305 Epistolas”
1385 2233 1439 2286 p.
1498 2217 1599 2305 1&5.
1640 2215 2095 2305 editg‘Antuerp.

519 2287 631 2355 (32)
661 2284 848 2338 Πίστιν
883 2285 1056 2356 ὑμῶν.
1084 2284 1269 2356 ΪΥμίὶιόν
1302 2284 1506 2350 πίστιν,
1540 2285 1724 2356 Clem.
1758 2288 1927 2340 Rom.

517 2351 631 2425 (33)
663 2351 959 2428 Νομίμοις.
995 2351 1269 2413 Clemens
1326 2360 1522 2428 Rom.
1553 2351 1749 2426 νόμοις
1785 2357 1961 2412 hodie
1989 2373 2097 2412 ex-

448 2427 612 2483 hibet
635 2445 651 2500 ;
678 2429 781 2484 sed
809 2427 1072 2500 νομίμοις
1103 2446 1239 2484 eum
1279 2445 1414 2484 cum
1463 2427 2097 2500 Alexandrinoinostro

445 2499 778 2571 scripsisse,
813 2499 953 2557 inde
983 2500 1191 2573 probat
1227 2500 1628 2573 Colomesius,
1647 2500 1804 2570 quod
1827 2499 1948 2573 ‘alis
1973 2501 2095 2556 fere

444 2588 515 2626 ea
543 2568 682 2644 voce
716 2589 866 2644 usus
889 2568 998 2635 sit;
1018 2577 1083 2626 ut
1109 2588 1237 2643 cap.
1273 2573 1341 2625 40
1368 2589 1380 2625 :
1421 2575 1544 2631 Τοῖς
1571 2568 1683 2644 γᾶῥ
1706 2568 1972 2644 νομίμοις
2000 2574 2096 2625 τοῦ

445 2641 717 2696 Δεσπότου
747 2639 1199 2703 ἀκολουθοῦντεςξ
1234 2667 1260 2693 α
1300 2644 1475 2716 Leges
1525 2639 1687 2698 enim
1730 2639 1959 2698 Domini
1994 2660 2094 2698 se-

449 2721 720 2785 quentes.
745 2733 770 2764 ι

511 2787 626 2856 (34)
662 2784 1049 2856 Ἀτενίσωμιν.
1105 2788 1168 2841 In
1215 2786 1326 2853 his,
1377 2803 1509 2856 quas
1560 2791 1910 2857 sequuntur,
1962 2786 2093 2842 Cle-

445 2873 613 2913 mens
645 2864 848 2914 noster
879 2857 1127 2914 Romani
1160 2857 1481 2912 Clementis
1511 2873 1678 2929 capp.
1701 2861 1754 2924 9,
1782 2859 1866 2928 10,
1895 2859 1980 2924 11,
2005 2861 2089 2926 12,

446 2931 648 2994 17,18,
681 2933 768 2991 21.
805 2933 895 2997 22,
945 2931 1033 2992 36,
1095 2931 1183 2988 38.
1241 2932 1331 2992 40,
1386 2931 1474 2996 41,
1529 2932 1619 2992 48,
1653 2929 1741 2991 49,
1775 2932 1841 2982 50
1877 2934 1934 2983 et
1965 2946 2088 3000 seq.

446 3018 552 3072 pro
610 3017 774 3056 more
833 3017 938 3056 suo
992 3000 1369 3072 abbreviavit,
1427 3001 1824 3072 interpolavit,
1867 3007 2092 3056 mutata

445 3071 702 3142 denique
731 3072 805 3128 ad
835 3089 1006 3127 suum
1038 3071 1375 3127 institutum
1410 3071 1896 3132 accommodavit,
1931 3073 2090 3142 quod

447 3144 568 3198 suis
599 3143 745 3199 locis
775 3144 1143 3199 ostendetur.
1176 3144 1323 3198 Sunt
1353 3160 1548 3214 porro,
1574 3149 1638 3197 ut
1668 3144 1727 3198 id
1759 3143 1950 3198 obiter
1970 3160 2092 3198 mo-

2209 1944 2336 2002 naeo
2360 1929 2859 2002 _sumpsitStrom.
2896 1947 2932 1996 ι,
2964 1947 3020 2002 p.
3052 1932 3178 1991 410,
3211 1945 3465 2001 quaeque
3487 1947 3554 1985 ex
3572 1930 3802 1996 Philone,

2206 1999 2477 2082 ejusdem
2511 1999 2646 2082 libri
2671 2017 2802 2082 pag.
2835 1999 3090 2070 41!,112,
3125 1999 3250 2082 H3,
3275 1999 3546 2082 tte—Litt,
3567 2003 3599 2054 4
3633 2003 3804 2082 610mb

2207 2071 2255 2127 si
2287 2072 2420 2142 quis
2449 2071 2540 2126 vel
2568 2071 2704 2128 cum
2725 2071 2992 2142 ipsorum
3020 2079 3328 2128 auctorum
3361 2071 3526 2127 libris
3554 2072 3806 2142 conferre,

2204 2142 2296 2197 vel
2323 2160 2457 2215 quas
2491 2143 2571 2198 ibi
2603 2161 2637 2198 a
2665 2142 2836 2200 nobis
2867 2144 3146 2199 adnotata
3195 2149 3335 2199 sunt
3385 2160 3704 2215 percurrere
3727 2143 3807 2198 di-

2205 2214 2502 2288 gnabitur,
2534 2215 2718 2288 facile,
2745 2215 3034 2288 percipiet
3060 2231 3239 2286 quam
3272 2214 3803 2288 fallaciargumento

2205 2286 2493 2346 nitantur,
2529 2287 2628 2357 qui
2661 2286 2950 2342 Clementi
3001 2289 3288 2349 Romano,
3321 2287 3416 2342 vel
3444 2286 3542 2342 alii
3569 2286 3805 2357 cuiquam

2204 2357 2430 2430 auctori
2453 2358 2725 2430 integras
2777 2359 3103 2414 sententias
3160 2358 3456 2425 adimunt,
3505 2374 3568 2412 eo
3589 2358 3733 2430 quod
3755 2357 3804 2430 in

2204 2428 2616 2484 Alexandrino
2638 2435 2840 2502 nostro
2862 2447 2982 2502 non
3003 2437 3349 2502 appareant.
3381 2428 3654 2502 Secundo,
3676 2428 3802 2502 quod

2204 2517 2408 2555 eorum
2429 2501 2880 2572 nonnulla,quaa
2903 2500 3344 2557 Alexandrinus
3368 2507 3566 2556 noster
3585 2500 3680 2555 hoc
3699 2500 3798 2572 loco

2203 2573 2509 2644 prmteriit,
2538 2572 2676 2627 alibi
2706 2570 2901 2644 palam
2932 2573 3288 2628 recitaverit.
3323 2572 3531 2638 Qualia
3553 2577 3678 2626 sunt
3701 2570 3799 2635 illa,

2202 2661 2335 2714 quas
2368 2644 2639 2715 superius
2671 2661 2700 2698 e
2731 2644 3033 2715 Clemente
3079 2647 3346 2715 Romano
3391 2651 3545 2715 sunt,
3573 2645 3745 2698 Strom.
3771 2658 3800 2708 ι,

2201 2711 2257 2799 p:
2293 2717 2400 2799 33g
2425 2711 2458 2769 τ-
2493 2720 2646 2799 ςΠτω
2695 2733 2783 2799 τις
2836 2714 3049 2799 τεισξός·
3105 2716 3226 2799 ᾒτω
3255 2711 3615 2799 ,ξυνατόςιτις
3636 2716 3800 2799 γνῶσιν

2199 2782 2449 2862 ξξεὶπεῖν·
2483 2782 2600 2853 ἤτω
2657 2786 2824 2862 σοφὸς
2857 2784 2908 2840 ἐν
2938 2782 3198 2862 δια-κρίσει
3255 2784 3473 2862 λόγῳνξν
3515 2783 3621 2853 ἤτω
3645 2782 3802 2862 ῂοργὸς

2202 2853 2254 2911 ἐν
2287 2853 2488 2931 ἔργοις.
2510 2862 2650 2931 Haec
2673 2853 2996 2931 occurrunt
3017 2853 3077 2914 in
3099 2853 3429 2931 Clementis
3453 2853 3679 2914 Romani
3696 2853 3798 2927 cap.

2199 2932 2288 2998 40,
2324 2929 2426 2984 sed
2459 2929 2529 2984 ad
2588 2929 2986 2986 Alexandrino
3043 2936 3247 2985 nostro
3299 2930 3401 2985 hic
3449 2931 3650 2986 omissa
3672 2933 3798 2994 sunt,

2199 3001 2467 3072 quamvis
2499 3017 2588 3067 ea,
2621 3018 2752 3075 quas
2784 3003 2910 3058 haec
2931 3074 2934 3075 ν
2955 3002 3594 3075 prmcedant,_qua3que
3632 2999 3799 3054 eadem

2198 3074 2908 3145 sequantur,recitaverit.
2918 3072 3067 3145 Satis
3085 3073 3264 3145 igitur
3279 3072 3425 3129 hinc
3441 3077 3682 3144 apparet,
3693 3086 3799 3126 eum

2199 3143 2510 3208 nonnulla,
2544 3160 2676 3215 quas
2708 3162 2814 3200 suo
2847 3143 3074 3201 scilicet
3103 3143 3382 3200 instituto
3413 3143 3602 3200 minus
3629 3159 3797 3198 conve-

441 3231 638 3290 neam,
657 3215 731 3290 in
761 3215 1022 3270 editione
1045 3217 1171 3290 jam
1194 3215 1544 3290 di_cta_editz_n_
1565 3215 1758 3290 ignoti
1771 3214 2081 3290 cujusdam
2113 3227 2158 3290 ρ
2197 3215 2325 3290 nire
2359 3214 2730 3290 videbantur,
2758 3215 2829 3290 de
2856 3217 3150 3290 industria
3179 3216 3538 3290 praeteriisse
3564 3233 3576 3269 :
3603 3231 3664 3290 ac
3690 3229 3796 3285 pro-

442 3287 723 3349 hominis,
745 3304 921 3358 quem
945 3286 1192 3358 proinde
1215 3287 1488 3358 cl.editor
1509 3286 1706 3341 littera
1731 3288 1770 3340 Β
1793 3287 2080 3358 designat,

441 3359 662 3414 notuloe
690 3375 703 3412 ε
736 3357 797 3413 in
857 3357 1072 3430 quibus
1103 3375 1137 3414 a
1179 3358 1369 3428 capite
1423 3357 1496 3412 ad
1553 3358 1776 3412 calcem
1812 3358 1894 3412 nil
1929 3357 2093 3430 aliud

440 3431 579 3502 agit,
614 3430 832 3501 quicun
879 3429 955 3485 ue
977 3430 1176 3492 fuerit,
1195 3435 1420 3493 auctor,
1436 3445 1614 3500 quam
1632 3436 1697 3484 ut
1717 3429 2090 3500 persuadeat,

442 3447 1012 3556 venerandamtlianc
1028 3501 1348 3556 Clementis
1375 3501 1623 3556 Romani
1656 3501 1970 3556 epistolam
2001 3501 2090 3556 in-

442 3500 839 3556 venerandam
859 3500 1012 3557 hanc
1028 3501 1348 3556 Clementis
1375 3501 1623 3556 Romani
1656 3501 1970 3572 epistolam
2001 3501 2090 3556 in-

444 3572 820 3643 terpolatam,
843 3573 1067 3644 ubique
1097 3572 1219 3628 fere
1245 3578 1604 3644 corruptam,
1631 3579 1688 3627 et
1701 3572 1825 3643 jam
1853 3572 2091 3644 penitus

445 3649 733 3699 mutatam
756 3661 884 3701 esse
907 3644 1096 3702 abilla
1108 3662 1240 3715 quas
1256 3645 1492 3698 Eusebii
1515 3650 1778 3715 tempore
1801 3644 2086 3700 exstabat.

441 3715 666 3780 Quibus
686 3732 820 3769 vero
836 3717 1200 3785 argumentis
1216 3715 1274 3770 id
1293 3716 1539 3786 probat?
1552 3715 1684 3770 Mihi
1705 3717 1966 3786 profecto
1987 3732 2090 3770 no-

438 3786 596 3858 tulas
609 3787 738 3856 ejus
752 3786 965 3858 legenti
982 3803 1050 3858 ac
1061 3786 1345 3857 relegenti
1360 3788 1792 3857 praeterinanes
1805 3788 2091 3858 quasdam

443 3857 576 3927 conj
585 3857 929 3930 ecturas,nil
943 3857 1104 3912 aliud
1119 3857 1559 3930 occurrit,quod
1571 3859 1660 3913 vel
1674 3857 1913 3914 tenuem
1927 3875 2090 3930 argu-

444 3928 631 3982 menti
655 3927 1068 4002 umbramprte
1094 3946 1154 3984 se
1178 3929 1332 3984 ferre
1354 3927 1641 4002 videatur.
1665 3930 1780 3985 nisi
1799 3930 1956 4002 quod
1983 3927 2089 3986 o'b-

444 3998 699 4071 servarit
721 3998 1015 4053 nonnulla
1035 4015 1241 4071 eorum
1259 4017 1390 4071 quas
1413 4000 1472 4055 in
1495 3998 2090 4058 Clementis'Romani

443 4070 693 4141 epistola
707 4070 1124 4130 occurrunt.ab
1140 4070 1536 4127 Alexandrino
1552 4079 1753 4126 nostro
1770 4074 2088 4128 hicomitti.

443 4142 840 4207 Quamobrem
863 4141 935 4214 ad
957 4141 1314 4214 principium
1343 4159 1470 4212 cap.
1499 4145 1562 4196 i7
1585 4143 1700 4197 ait:
1734 4167 1760 4191 ‹‹
1797 4145 2089 4214 Haecjun-

442 4214 528 4268 xit
557 4214 831 4270 Clemens
861 4211 1300 4268 Alexandrinus
1330 4231 1388 4284 p.
1419 4211 1543 4276 5t6,
1572 4231 1704 4269 cum
1739 4231 1869 4284 cap.
1915 4211 2089 4270 9"hu-

435 4286 539 4358 jus
569 4285 857 4358 epistolas,
881 4291 940 4341 et
958 4284 1307 4358 rectissime.
1327 4287 1556 4352 Quanta
1577 4284 1969 4358 interpolator
1989 4286 2089 4341 ad-

443 4303 538 4357 jus
569 4303 600 4340 e
645 4303 857 4354 lStOltB,
881 4303 940 4341 et
958 4303 1307 4341 recussxme.
1327 4303 1556 4352 quanta
1577 4303 1969 4358 lDtCl‘pOIaLOI‘
1989 4303 2088 4341 aa-

443 4303 639 4430 diditg
659 4357 770 4412 Sed
796 4358 907 4413 hoc
930 4356 1193 4430 facinus
1219 4357 1643 4430 Hieronymum
1671 4358 1864 4429 ipsum
1895 4357 2088 4425 latuit,

443 4428 505 4482 in
537 4429 698 4502 Com.
721 4430 798 4502 ad
831 4429 1062 4502 Isaiam.
1099 4452 1126 4478 »
1157 4429 1302 4483 Tum
1335 4430 1408 4485 ad
1439 4428 1594 4485 med.
1629 4428 1755 4502 cap.
1786 4432 1852 4484 t8
1879 4447 1893 4502 ξ
1924 4457 1950 4479 ιι
1987 4433 2090 4486 Re-

441 4505 533 4572 cte
562 4500 659 4556 hic
682 4500 981 4572 abrumpit
1003 4516 1234 4556 sacrum
1263 4518 1503 4556 carmen
1529 4500 1802 4557 Clemens
1833 4501 2087 4556 Alexan-

442 4569 650 4662 drinus
677 4590 739 4662 p.
773 4569 965 4662 517.3:
995 4573 1141 4662 Dein
1171 4572 1246 4628 ad
1276 4572 1433 4662 med:
1467 4589 1596 4662 gap.
1629 4577 1688 4627 2t
1717 4590 1730 4627 :
1766 4574 2086 4662 «lpterpo—
2115 4597 2162 4662 Ι)

441 4641 646 4697 latoris
677 4641 802 4699 hmc
835 4650 991 4704 sunt.
1031 4665 1055 4691 »
1087 4649 1224 4711 etc.,
1248 4661 1303 4714 p.
1333 4647 1450 4698 159.
1471 4641 1612 4698 Tum
1644 4661 1773 4714 cap.
1807 4648 1875 4698 2‘2
1905 4641 2081 4699 adnoo

439 4719 525 4786 tat
549 4730 562 4768 :
596 4737 625 4763 ‹‹
647 4718 691 4770 Α
723 4715 914 4786 capite
936 4721 1221 4785 sequente
1247 4715 1319 4769 ad
1343 4732 1469 4786 cap.
1492 4718 1580 4783 40,
1601 4715 1933 4770 adulterina
1959 4733 2083 4770 om-

440 4785 559 4848 nia,
591 4792 728 4857 post
755 4785 1120 4843 Clementem
1151 4785 1617 4842 Alexandrinum
1658 4787 1878 4842 addita.
1908 4809 1934 4834 n
1969 4789 2079 4841 Ite-

439 4871 572 4931 rum
604 4858 678 4912 ad
709 4859 971 4931 medium
1001 4874 1128 4931 cap.
1158 4858 1258 4914 4οε
1297 4880 1324 4931 «ς
1355 4860 1475 4931 Est,
1509 4859 1609 4929 qui
1646 4857 2080 4931 velithaacom-

442 4924 542 5002 pia
573 4944 700 4982 esse
732 4930 874 4985 mali
903 4924 1234 5002 commatis.
1261 4930 1332 4985 ad
1356 4924 1543 4986 finem
1561 4947 1747 5002 usque
1779 4930 2009 5002 capitis,
2029 4934 2088 4985 et

441 4994 724 5074 lectorem
745 5001 1117 5074 amandetad
1139 5001 1503 5057 Clementem
1536 4994 2005 5058 Alexandrinum
2023 5020 2082 5074 ρ,

440 5067 563 5121 518.
600 5070 884 5144 [Rursus
913 5071 986 5125 ad
1020 5072 1200 5144 finem
1229 5089 1373 5144 cap.
1406 5076 1466 5128 41
1499 5089 1512 5128 :
1559 5096 1587 5123 «
1617 5074 1763 5129 Hinc
1792 5090 1980 5144 usque
2011 5067 2085 5129 ad

438 5155 566 5209 cap.
600 5141 668 5193 48
702 5141 902 5194 omnia
937 5143 1138 5196 omisit
1179 5141 1452 5199 Clemens
1485 5141 1939 5207 Alexandrinus,
1974 5161 2084 5200 nec

436 5210 708 5288 agnovit._
732 5232 757 5256 ιι
791 5211 931 5267 Vide
954 5229 1011 5288 p_.
1036 5214 1160 5266 518.
1187 5213 1410 5288 Deinde
1433 5215 1794 5288 admedium
1823 5233 1949 5288 cap.
1974 5219 2041 5270 49
2069 5233 2082 5270 :

438 5305 467 5330 ‹‹
485 5281 636 5359 Haec
657 5281 871 5359 absunt
891 5283 1245 5359 aClemente
1269 5286 1689 5355 Alexandrino,
1710 5281 1965 5359 suntque
1990 5289 2084 5342 in-

437 5354 834 5431 terpolatoris.
864 5378 883 5402 ι
913 5356 1093 5410 Porro
1116 5353 1259 5431 satis
1281 5353 1690 5431 apparet,_non
1714 5353 1882 5431 sequi
1903 5361 2029 5431 haec
2051 5376 2084 5414 a

437 5425 753 5500 Clemente
774 5428 1038 5482 Romano
1067 5425 1287 5500 scripta
1317 5425 1459 5500 non
1485 5427 1687 5493 fuisse,
1721 5425 1979 5500 eo'quod
2010 5431 2082 5486 ab

439 5497 839 5570 Alexandrino
871 5506 1074 5554 nostro
1106 5496 1334 5553 absint:
1376 5499 1588 5570 primo,
1624 5502 1779 5570 quod
1810 5496 2083 5557 Clemens

437 5569 874 5626 Alexandrinus
902 5588 1020 5626 non
1057 5585 1292 5640 semper
1313 5571 1544 5640 integra
1572 5569 1877 5627 auctorum
1909 5574 2084 5629 verba

429 5640 662 5709 recitet,
684 5641 786 5696 sed
809 5659 964 5715 saape
981 5642 1099 5697 alia
1128 5642 1382 5715 omittat.
1407 5640 1527 5698 alia
1543 5642 1716 5715 variis
1732 5644 1925 5699 modis
1952 5661 2084 5699 mu-

431 5715 578 5779 tata,
597 5713 1026 5785 nonnunquam
1052 5713 1174 5771 suis
1196 5714 1376 5772 etiam
1397 5713 1658 5784 insertis,
1684 5731 1788 5771 suo
1811 5715 2082 5771 instituto

2200 3287 2339 3342 inde
2371 3304 2490 3342 non
2524 3287 2703 3342 licere
2725 3288 2899 3343 nobis
2922 3286 3210 3344 Clementi
3235 3290 3503 3343 Romano
3523 3286 3795 3356 quidquam

2196 3358 2307 3413 hac
2339 3358 2466 3413 sola
2485 3375 2664 3414 causa
2685 3359 3017 3423 detrahere,
3039 3360 3196 3430 quod
3218 3359 3278 3412 in
3303 3358 3684 3414 Alexandrino
3703 3372 3795 3430 non

2197 3436 2413 3502 exstet.
2430 3430 2679 3502 Reliqua
2700 3426 3148 3502 eorum,quibus
3170 3430 3557 3486 Clementinas
3577 3426 3795 3502 epistolas

2195 3501 2607 3557 auctoritatem
2630 3501 2856 3558 elevare
2882 3500 3126 3558 conatus
3148 3508 3240 3557 est
3259 3502 3357 3558 hic
3380 3502 3690 3566 adnotator,
3709 3500 3794 3552 hu-

2189 3572 2455 3644 jusmodi
2485 3572 2605 3627 fere
2629 3579 2768 3628 sunt
2792 3591 2804 3628 :
2842 3598 2860 3621 ι
2888 3575 2968 3629 Ex
2989 3574 3186 3644 glossa
3207 3574 3335 3628 hmc
3356 3591 3486 3629 esse
3510 3573 3793 3644 suspicatur

2195 3641 2282 3698 vir
2306 3644 2534 3716 doctus,
2567 3662 2624 3714 p.
2661 3645 2781 3716 148.
2835 3646 2933 3700 Vir
2989 3641 3195 3700 doctus
3251 3647 3584 3716 suspicatur
3607 3641 3792 3716 ἔχριεν

2195 3720 2394 3771 mente
2422 3712 2821 3771 Alexandrino
2853 3717 2976 3771 hinc
3006 3717 3121 3771 huc
3144 3712 3418 3772 traducta
3465 3735 3516 3786 p.
3543 3717 3648 3769 149.
3671 3712 3789 3786 Sim-

2196 3787 2410 3858 plicius
2440 3787 2715 3858 Clemens
2765 3788 3220 3855 Alexandrinus,
3253 3805 3288 3842 a
3318 3805 3440 3858 quo
3466 3783 3793 3858 'haacpetita

2195 3855 2355 3924 sunt,
2381 3857 2408 3910 ὁ
2432 3855 2632 3931 Κύριος
2659 3856 2830 3931 λέγει,
2859 3877 2914 3930 p.
2941 3862 3057 3913 160.
3085 3855 3363 3931 Clemens
3389 3855 3792 3931 Alexandrinus,

2196 3947 2253 4002 ι),
2283 3931 2411 4002 536,
2442 3926 2633 4002 ἄνὸμε,
2653 3947 2722 3985 ex
2737 3926 3194 4002 quo—corruptor
3214 3930 3546 4002 litterarum
3563 3926 3792 4002 sumpsit,

2196 3998 2296 4055 ubi
2328 3998 2601 4074 Clemens
2633 3998 2913 4074 praefatur
2939 3998 3118 4074 τού-ίῳ
3149 4000 3314 4074 φησὶν
3337 4002 3373 4070 ἡ
3402 4000 3598 4074 Γραφή,
3621 4015 3671 4070 p.
3695 3998 3790 4051 166.

2197 4073 2330 4127 Haec
2361 4072 2603 4143 quidem
2625 4072 2898 4128 Clemens
2923 4073 3361 4129 Alexandrinus
3385 4072 3608 4134 dixerit,
3627 4075 3682 4143 at
3698 4083 3791 4143 non

2194 4140 2517 4218 Romanus,
2552 4146 2762 4218 p_._168.
2800 4148 2929 4200 Haec
2980 4161 3051 4200 ex
3093 4145 3400 4218 Clemente
3443 4140 3792 4218 Alexandrino

2196 4215 2509 4270 immutata
2537 4216 2871 4280 efﬁctaque.
2897 4218 3040 4272 Nam
3061 4223 3121 4271 et
3142 4216 3294 4272 male
3317 4217 3562 4280 harent,
3582 4214 3663 4267 vix
3687 4214 3793 4280 qui-

2196 4233 2509 4270 Immutata
2537 4233 2734 4270 emota
2779 4233 2871 4270 ue.
2897 4233 3040 4272 nam
3061 4233 3121 4271 et
3142 4233 3294 4272 male
3317 4233 3562 4280 narem,
3582 4233 3663 4267 vix
3687 4233 3792 4280 qui-

2195 4287 2330 4341 dem
2365 4288 2583 4352 Grzeca,
2615 4293 2674 4340 et
2701 4233 3088 4343 falsissimum
3122 4287 3369 4354 dicunt;
3403 4287 3620 4342 scilicet
3643 4281 3792 4338 fuisse

2195 4358 2411 4413 summi
2447 4363 2506 4412 et
2529 4363 2879 4414 caeterorum
2902 4358 3275 4414 sacerdotum
3297 4364 3357 4414 et
3381 4358 3673 4414 levitarum
3691 4367 3792 4408 esse

2197 4428 2626 4504 ἕφμοσκόῗπουςν
2660 4446 2718 4504 ΡΑ·
2777 4431 2897 4484 170-
2954 4431 3060 4504 Qui
3120 4447 3301 4504 ausus
3330 4435 3442 4497 est,
3474 4435 3558 4504 tot
3584 4424 3794 4504 ineptias

2193 4499 2512 4556 Clementis
2543 4499 2786 4557 nomine
2834 4502 3109 4566 vendere,
3157 4502 3336 4557 etiam
3383 4502 3562 4558 sacris
3602 4499 3794 4554 Litteris

2194 4573 2346 4626 hanc
2373 4573 2702 4629 clausulam
2725 4573 2961 4644 adjecit,
2981 4579 3047 4628 ut
3066 4579 3474 4629 assumentum
3498 4574 3602 4626 hoc
3620 4581 3796 4641 prace-

2195 4643 2479 4718 dentibus
2503 4643 2909 4718 responderet.
2946 4662 3002 4716 p.
3040 4648 3169 4718 171,
3195 4647 3311 4699 Hoc
3343 4644 3789 4718 nullusunquaul

2196 4709 2750 4772 dixeritCleméns.»
2770 4716 2890 4771 Ibid
2925 4709 2970 4770 εἷι
2990 4716 3098 4771 Αάί
3113 4716 3475 4771 Clementem
3489 4709 3795 4770 Alexandri-

2195 4803 2404 4857 num.p
2438 4790 2538 4842 174-
2567 4789 2700 4843 Haec
2720 4788 2793 4843 ad
2819 4791 3126 4858 μαγοθυμεῖ
3147 4804 3276 4842 esse
3298 4805 3366 4842 ex
3389 4787 3675 4842 Clemente
3694 4779 3795 4858 Ale-

2193 4853 2487 4932 xandrino
2519 4859 2691 4932 scies,
2726 4853 2987 4932 silegas
3134 4860 3258 4926 518,
3291 4877 3346 4930 ρ.
3387 4861 3504 4913 175.
3535 4858 3656 4912 Haec
3683 4853 3793 4932 stult

2195 4922 2704 5002 interpolatoris},
2723 4930 2858 5002 lbid.
2886 4922 2943 5002 ἷᾳ
2959 4922 3158 5002 Haec...
3182 4922 3474 5002 exscripta
3485 4933 3688 4984 suntex
3700 4922 3797 5002 Cle-

2195 4995 2393 5056 mente
2416 5000 2836 5056 Alexandrino.
2858 5024 2886 5051 ι»
2911 5001 3113 5056 lbid.:«
3135 5002 3266 5056 Haac
3280 4995 3475 5058 eff‘fcta
3497 5003 3629 5055 sunt
3647 5012 3707 5051 ex
3722 4995 3793 5048 bis

2193 5072 2516 5128 Clementis
2538 5073 2944 5146 Alexandrini,
2977 5079 3088 5129 etc.
3120 5074 3282 5146 {lano
3311 5073 3385 5128 ad
3416 5068 3629 5146 ᾆξομολ.
3650 5064 3789 5146 deli.

2196 5160 2322 5216 cap.
2357 5148 2425 5198 52
2456 5144 2657 5199 omnia
2688 5143 2860 5201 finxit
2895 5143 3313 5216 interpolator,
3332 5143 3791 5216 etintempesﬁife

2194 5206 2664 5289 de'confessione
2681 5221 2773 5289 tot
2786 5215 2960 5289 verba
2979 5206 3225 5289 ingessit
3255 5239 3281 5263 ››
3299 5206 3430 5289 lbid
3462 5231 3484 5289 :A
3498 5239 3524 5261 α
3549 5206 3680 5289 Vide

2195 5293 2455 5342 mentem
2485 5287 2815 5342 Alex.unde
2838 5280 3228 5359 interpolator
3248 5289 3370 5359 haec
3390 5286 3583 5359 habet,
3597 5301 3649 5355 p.
3666 5280 3789 5334 178.»

2193 5359 2331 5422 Quae
2363 5363 2590 5413 restant
2620 5375 2688 5413 ex
2725 5358 3010 5431 hujusce
3045 5358 3151 5431 viri
3212 5358 3529 5431 adnotatis,
3563 5363 3616 5412 et
3641 5363 3792 5428 pauc}

2194 5436 2353 5492 sunt,
2389 5436 2448 5484 et
2476 5431 2568 5485 his
2601 5429 2840 5494 similia,
2874 5435 2939 5485 ut
2967 5446 3100 5500 qum
3134 5429 3354 5484 levibus
3384 5434 3606 5500 tantum
3637 5436 3790 5491 suspl'

2194 5502 2483 5557 cionibus.
2512 5501 2678 5556 nullo
2701 5507 2896 5557 autem
2922 5498 3120 5557 stabili
3141 5501 3526 5556 fundamento
3547 5498 3787 5554 nitantur.

2194 5588 2262 5628 ac
2276 5573 2523 5644 proinde
2545 5579 2825 5652 contenta
2842 5572 3405 5652 negari,accuratam
3421 5569 3787 5628 refutationem

2191 5661 2313 5700 non
2344 5651 2705 5700 mereantur.
