4066 6192
285 365 426 424 1313

1607 366 2057 422 ΒΤΒΟΜΔἸὊΜ
2094 366 2225 419 LlB.
2269 365 2364 420 ιν.

3559 365 3696 421 1314

278 490 623 567 γαλοπρεπεῖ
653 485 780 562 δόξῃ
810 491 942 561 (35).
995 485 1263 561 Λάϐωμεν
1322 488 1523 564 Ἑνὼχ,
1580 488 1664 559 ὃς,
1697 487 1749 543 ἂν
1783 487 1929 542 ὑπα-

2070 488 2296 544 'ierunt.
2317 488 2689 559 Accipiamus
2713 487 2932 552 Enoch,
2949 487 3049 559 qui
3067 487 3127 542 in
3146 487 3486 544 obedientia
3495 489 3698 562 justus

279 582 387 653 κοῇ
428 578 641 641 δίκαιος
698 577 954 652 εὑρεθεὶς,
1019 576 1272 648 μεττέθη⁶
1304 579 1394 632 καὶ
1453 579 1596 645 Νῶε,
1629 576 1688 639 ὃς
1714 575 1931 632 πῖστεύ-

281 690 377 731 σας
410 666 667 738 διεσώθηο
710 667 800 721 καὶ
852 661 1129 742 Ἀϐραὰμ,
1160 668 1222 729 ’ὁς
1253 664 1343 722 διὰ
1393 667 1572 723 πίστιν
1617 668 1707 722 καὶ
1758 665 1935 746 φιλο-

284 755 454 828 ξενίαν
488 759 600 830 (36)
632 778 656 809 ιι
682 755 844 831 φίλος
878 759 1012 811 Θεοῦ
1045 758 1177 829 (37),
1211 781 1238 809 ››
1288 757 1468 832 πατὴρ
1519 753 1576 812 δὶ
1628 760 1726 812 τοῦ
1757 757 1939 813 Ἰσαὰκ

282 857 708 921 προσηγορευθη
747 887 762 902 .
830 844 929 899 Διά
979 843 1289 922 φιλοξενίαν
1349 849 1459 918 (38)
1517 845 1606 901 καὶ
1667 839 1938 900 εὐσέϐειαν

283 933 412 991 Λὼτ
458 932 638 1003 ἐσώθη
692 932 752 988 ἐκ
803 929 1099 1004 Σοδόμων⁹
1154 932 1244 988 διὰ
1299 933 1479 989 πίστιν
1535 936 1645 1007 (39)
1700 934 1789 990 καὶ
1842 957 1936 1006 φι-

285 1021 525 1095 λοξενίαν
575 1019 754 1091 ίσώθη
813 1015 975 1076 Ῥαὰϐ
1029 1023 1064 1091 ἡ
1097 1021 1295 1096 πόρνη’
1357 1019 1426 1077 δι’
1485 1023 1770 1095 ὑπομονὴν
1827 1025 1938 1096 (40)

284 1114 372 1168 καὶ
407 1111 588 1168 πίστιν
641 1111 693 1167 ἰν
755 1108 1018 1186 δίρμασιν
1077 1111 1306 1177 αἰγείοις
1361 1113 1449 1168 καὶ
1512 1112 1800 1186 μηλωταῖς
1848 1113 1938 1168 καὶ

285 1205 498 1277 τριχῶν
553 1198 874 1271 καμηλιίων
941 1199 1255 1276 πλέγμασιν
1329 1204 1732 1277 περιεπάτησαν
1764 1246 1779 1273 ,
1841 1223 1940 1272 κη-

292 1290 582 1368 ρύσσοντες
630 1290 730 1356 τήν
797 1287 1076 1362 βασιλείαν
1132 1294 1246 1363 (41)
1326 1295 1424 1346 τοῦ
1501 1293 1736 1364 Χριστοῦ
1771 1333 1785 1348 .
1839 1291 1944 1346 Λί-

287 1399 460 1455 γομεν
511 1376 569 1434 δὲ
625 1376 821 1435 Ἠλίαν
876 1378 967 1432 καὶ
1020 1378 1353 1436 Ἑλισσαῖον⁴
1414 1379 1680 1450 ἰεζεκιὴλ
1735 1401 1794 1435 τε
1851 1381 1941 1434 καὶ

285 1469 543 1538 Ἰωάννην
577 1470 714 1540 (42),
744 1466 874 1529 τοὺς
931 1469 1240 1546 προφήτας.
1300 1469 1362 1526 ’0
1413 1471 1514 1544 γάρ
1570 1490 1654 1524 τοι
1716 1493 1744 1520 ιι
1779 1468 1941 1543 φίλος

289 1561 425 1612 Θεοῦ
485 1553 576 1610 διὰ
630 1555 813 1609 πίστιν
872 1553 1159 1630 ἐλευθέραν
1233 1555 1458 1626 κληθεὶς
1536 1551 1789 1630 ’Λόραάμ
1847 1555 1944 1611 οὐκ

289 1645 502 1719 ἰπῄρθη
534 1647 603 1718 τῇ
636 1641 788 1718 δόξῃο
846 1647 1218 1718 μετριοκαθῶν
1274 1641 1332 1701 δὶ
1377 1640 1580 1722 ἔλεγεν
1639 1668 1663 1700 α
1699 1646 1839 1721 Ἐγὼ
1887 1642 1945 1700 δὲ

293 1733 408 1808 εἶμι
441 1736 516 1809 γῆ
547 1733 634 1788 καὶ
664 1731 888 1795 σποδός.
926 1758 954 1784 ››
988 1734 1116 1809 Περί
1145 1755 1204 1789 τε
1230 1738 1327 1788 τοῦ
1373 1729 1502 1790 ’1ὼό
1547 1733 1722 1798 οὕτως
1748 1735 1942 1810 γὲγραο

2045 577 2341 640 inventus.
2359 577 2473 632 fuit
2493 577 2813 633 translatus
2834 595 2848 644 ;
2872 583 2930 632 et
2961 579 3100 640 Noe,
3124 579 3224 649 qui
3249 596 3384 634 cum
3411 579 3699 636 credidis-

2051 672 2161 734 set,
2192 667 2305 721 fuit
2336 673 2636 734 servatus;
2671 673 2728 722 et
2757 667 3076 734 Abraham,
3099 668 3199 738 qui
3243 673 3487 740 propter
3518 669 3698 726 fidem

2047 762 2104 811 et
2132 756 2596 829 hospitalitatem
2631 780 2655 806 ιι
2691 756 2792 811 Dei
2837 757 3067 812 amicus
3100 760 3200 826 (a),
3231 779 3255 809 ι
3291 765 3459 830 pater
3501 765 3700 815 autem

2046 846 2208 902 Isaac
2262 852 2352 900 est
2401 845 2757 918 appellatus.
2818 847 3067 916 Propter
3112 847 3581 918 hospitalitatem
3643 855 3702 905 et

2048 936 2330 1006 pietatem
2360 935 2503 990 Loth
2533 935 2645 990 fuit
2683 940 2947 990 servatus
2978 951 3050 990 ex
3082 935 3353 991 Sodomis
3387 955 3402 1002 ;
3452 943 3698 1009 propter

2051 1024 2230 1078 ﬁdem
2262 1031 2320 1078 et
2337 1023 2802 1094 hospitalitatem
2826 1029 3055 1080 servata
3082 1030 3170 1079 est
3191 1025 3348 1080 Raab
3373 1027 3653 1082 meretrix
3682 1043 3696 1094 ;

2051 1118 2295 1184 propter
2319 1112 2667 1184 patientiam
2692 1119 2752 1168 et
2773 1113 2974 1180 ﬁdem,
2995 1113 3055 1168 in
3078 1113 3338 1185 pellibus
3362 1115 3620 1187 caprinis
3645 1122 3705 1171 et

2050 1202 2260 1268 ovinis,
2295 1208 2354 1258 et
2383 1219 2453 1256 ex
2493 1201 2858 1258 camelorum
2911 1203 3049 1273 pilis
3095 1203 3390 1259 contextis
3439 1205 3703 1260 vestibus

2049 1291 2436 1347 ambularunt
2470 1334 2484 1359 ,
2545 1292 2936 1363 praedicantes
2995 1309 3246 1364 regnum
3306 1294 3544 1350 Christi.
3607 1294 3701 1349 Di~

2051 1380 2242 1438 cimus
2290 1386 2490 1436 autem
2540 1381 2728 1436 Eliam
2777 1387 2835 1436 et
2889 1381 3186 1447 Elisaaum,
3249 1383 3616 1439 Ezechielem
3650 1390 3708 1439 et

2049 1469 2113 1533 ›ι‹
2151 1471 2466 1532 Joannem.
2497 1471 2836 1542 pr0phetas.
2885 1471 2990 1536 Qui
3025 1471 3184 1526 enim
3213 1494 3241 1521 ιι
3276 1473 3377 1526 Dei
3417 1475 3645 1528 amicus
3677 1495 3707 1523 »

2051 1565 2294 1630 propter
2324 1559 2502 1614 fidem
2534 1559 2780 1614 liberam
2809 1567 3047 1615 vocatus
3086 1567 3176 1615 est
3227 1561 3547 1627 Abraham,
3581 1578 3703 1617 non

2050 1649 2164 1703 fuit
2191 1648 2377 1721 gloria
2401 1648 2611 1712 elatus,
2643 1649 2766 1714 sed,
2799 1647 3065 1703 modeste
3084 1649 3234 1704 dixit
3257 1667 3270 1703 :
3297 1670 3325 1698 «
3357 1651 3472 1719 Ego
3503 1656 3702 1706 autem

2054 1754 2185 1793 sum
2210 1744 2366 1793 terra
2392 1743 2449 1792 et
2469 1737 2620 1792 cinis
2642 1739 2735 1808 (b).
2765 1762 2785 1790 ι
2813 1740 2881 1792 Et
2902 1737 2974 1793 de
3003 1737 3108 1793 Job
3141 1739 3224 1793 sic
3253 1738 3540 1810 scriptum
3565 1745 3656 1794 est
3689 1755 3702 1793 :

290 1843 420 1878 πται
447 1826 581 1895 (43)’
621 1843 643 1871 ι
677 1815 804 1910 Ἰὼβ
837 1819 896 1876 δὶ
929 1821 994 1890 ἦν
1048 1819 1260 1885 δίκαιος
1306 1821 1399 1878 καί
1440 1820 1753 1896 ἄμεμπτος,
1805 1822 1943 1893 ἀλη-

2070 1849 2082 1874 ι
2113 1827 2218 1881 Job
2249 1833 2448 1882 autem
2478 1833 2605 1881 erat
2626 1827 2848 1897 justus.
2892 1827 3345 1899 reprehensioni
3377 1845 3497 1883 non
3527 1827 3708 1884 obno-

301 1911 448 1976 θινὸς
478 1911 567 1966 καὶ
600 1905 884 1978 θεοσεϐὴς,
919 1911 1261 1986 ἀπεχόμενος
1293 1911 1398 1967 ἀπὸ
1442 1913 1644 1975 παντὸς
1692 1911 1882 1970 κακοῦ.
1917 1934 1945 1963 »

2070 1916 2231 1977 (ius.
2297 1916 2479 1970 Deum
2535 1916 2643 1969 rite
2706 1916 2958 1981 colens,
3037 1915 3344 1971 abstinens
3412 1916 3484 1972 ab
3545 1915 3707 1971 omni

296 2001 470 2062 Οὗτος
516 2000 544 2054 ὁ
575 2001 800 2069 νικήσας
856 1997 924 2053 δι’
983 2000 1269 2072 ὑπομονῆς
1326 2000 1418 2055 τὸν
1446 1995 1826 2076 ’πειράσαντα,
1857 1999 1947 2055 καὶ

300 2090 652 2164 μαρτυρήσας
682 2089 796 2160 ἅμα
825 2088 915 2144 καὶ
979 2089 1345 2162 μαρτυρηθείς
1404 2090 1507 2146 ὑπὸ
1551 2094 1647 2145 τοῦ
1701 2096 1854 2146 Θεοῦ·
1887 2091 1947 2152 ’ὸς

294 2175 802 2252 ταπεινοφροσύνης
845 2177 1132 2252 ἀντέχεται
1173 2182 1302 2252 (44),
1349 2203 1378 2230 α
1408 2178 1500 2234 καὶ
1547 2177 1712 2253 λέγει’
1763 2175 1951 2240 Οὐδείς

296 2267 530 2342 καθαρὸς
581 2263 687 2322 ἀπὸ
736 2265 934 2341 ῥύπου,
966 2264 1083 2322 οὐδ’
1139 2267 1188 2322 εἲ
1243 2273 1372 2341 μιᾶς
1403 2266 1612 2341 ἠμέρας
1643 2271 1678 2338 ἡ
1711 2269 1824 2338 ζωὴ
1855 2269 1953 2324 αὐ-

295 2359 416 2412 τοῦ.
450 2379 479 2407 ››
513 2357 775 2424 Μωυσῆς,
810 2379 838 2406 ιι
872 2356 900 2410 ὁ
934 2355 1125 2419 πίστὸς
1156 2355 1404 2430 θεράπων
1437 2360 1548 2431 (4-5)
1598 2357 1649 2412 ἐν
1707 2354 1826 2430 ὅλῳ
1872 2361 1954 2430 τῷ

302 2443 439 2517 οἴκῳ
495 2443 681 2512 αὐτοῦ,
713 2443 852 2519 πρὸς
907 2444 1003 2498 τὸν
1066 2445 1479 2520 χρηματίζοντα
1537 2445 1596 2501 ὲκ
1649 2452 1749 2515 τῆς
1787 2447 1954 2522 βάτου

307 2536 476 2588 εἶπεν
513 2554 535 2583 ι
564 2531 660 2594 Τίς
691 2531 804 2605 εἶμι
839 2531 967 2608 ἑγὼ,
998 2527 1081 2588 ὅτι
1117 2555 1184 2606 με
1240 2533 1473 2607 πέμπεις
1507 2555 1522 2603 ;
1581 2535 1726 2609 Ἐγὼ
1754 2531 1811 2589 δὲ
1839 2533 1955 2607 είμι

304 2620 645 2699 ἰσχνόφωνος
676 2620 767 2675 καὶ
812 2619 1261 2697 βραδύγλωσσος,
1295 2646 1323 2674 ››
1375 2624 1560 2702 φωνὴν
1611 2623 1818 2700 Κυρίου
1867 2620 1955 2678 διά

305 2712 564 2789 γλώσσης
621 2709 972 2783 ἀνθρωπίεης
1027 2708 1345 2782 διακονῆσαι
1393 2716 1506 2785 (46)
1541 2755 1554 2770 .
1607 2713 1711 2768 Καὶ
1767 2711 1954 2768 πάλιν·

315 2823 343 2851 κ
379 2798 526 2872 Ἐγὼ
556 2801 668 2870 (47)
729 2794 788 2852 δὲ
847 2796 962 2869 είμι
1021 2797 1186 2871 ἀτμὶς
1220 2799 1325 2853 ἀπὸ
1381 2800 1610 2873 χύτρας.
1673 2800 1803 2861 Θεὸς
1856 2798 1958 2874 γάρ

317 2888 682 2966 ὑπερηφάνοις
739 2888 1108 2943 ἀντιτάσσεται
1143 2931 1158 2956 ,
1208 2894 1482 2950 ταπεινοῖς
1534 2885 1593 2944 δὶ
1640 2886 1829 2943 δίδωσι
1863 2888 1962 2962 χά-

315 2998 422 3053 ριν.
457 3002 486 3030 ››
519 3003 546 3030 ιι
579 2977 684 3034 Ναὶ
727 2978 835 3050 μὴν
865 2981 980 3048 (48)
1011 2977 1100 3031 καὶ
1142 2971 1329 3046 Δαὸὶδ,
1363 2976 1444 3054 ἐφ’
1495 2977 1557 3031 οῦ
1611 2981 1898 3051 μαρτυρῶν
1933 2977 1962 3030 ὁ

311 3067 509 3141 Κύριος
540 3065 684 3141 λέγει
719 3087 732 3098 ·
805 3087 826 3115 ι
860 3066 1029 3138 Εὗρον
1076 3062 1244 3140 ἄνδρα
1282 3066 1418 3120 κατά
1445 3067 1543 3134 τήν
1575 3063 1799 3138 καρδίαν
1834 3085 1962 3139 μου,

311 3151 501 3225 Δαϐὶδ,
543 3157 637 3210 τὸν
694 3159 792 3210 τοῦ
851 3153 1063 3211 Ἰεσσαίο
1110 3153 1162 3208 ἐν
1209 3153 1376 3226 ἐλαίῳ
1407 3154 1542 3230 ἁγίῳ
1599 3158 1706 3227 (49)
1765 3154 1959 3229 ἔχρισα

311 3245 493 3300 αὐτόν’
518 3269 546 3296 ››
568 3243 812 3299 ἀλλάκαὶ
837 3242 995 3304 αὐτὸς
1021 3240 1170 3317 λέγει
1192 3244 1327 3319 πρὸς
1349 3243 1440 3297 τὸν
1463 3244 1614 3298 Θεὸν·
1638 3268 1666 3295 ιι
1695 3241 1958 3314 Ἐλέησόν

308 3335 453 3408 με,ὁ
494 3335 648 3402 Θεὸς,
680 3333 816 3387 κατά
867 3332 930 3387 τὸ
991 3332 1130 3406 μέγα
1183 3329 1334 3392 ἔλεός
1390 3352 1505 3386 σου·
1565 3331 1655 3386 καὶ
1707 3333 1842 3388 κατά
1898 3332 1960 3388 τὸ

303 3420 522 3492 πλῆθος
559 3426 670 3477 τῶν
731 3420 1030 3492 οἰκτιρμῶν
1083 3441 1180 3475 σου
1239 3419 1518 3495 ἐξάλειψον
1575 3421 1639 3476 τὸ
1695 3420 1961 3495 ἀνόμημά

311 3530 436 3584 μου·
472 3508 758 3565 ἐπιπλεῖον
802 3509 1008 3564 πλῦνόν
1039 3529 1105 3582 με
1149 3510 1256 3564 ἀπὸ
1296 3517 1398 3579 τῆς
1447 3510 1675 3583 ἀνομίας
1707 3531 1832 3584 μου,
1867 3509 1960 3566 καῖ

307 3600 415 3655 ἀπὸ
443 3605 544 3668 τῆς
577 3597 844 3670 ἁμαρτίας
881 3618 984 3670 μου
1032 3597 1322 3674 καθάρισόν
1362 3600 1446 3673 με’
1477 3598 1564 3654 ὅτι
1593 3600 1693 3669 τήν
1725 3598 1956 3673 ἀνομίαν

312 3707 419 3760 μου
444 3686 551 3762 ἐγὼ
580 3686 855 3762 γινώσκω,
886 3687 972 3741 καὶ
1016 3710 1039 3740 ι
1073 3689 1108 3756 ἡ
1138 3687 1376 3761 ἁμαρτία
1410 3709 1514 3761 μου
1564 3687 1795 3743 ἐνώπιόν
1853 3709 1958 3761 μου

308 3775 420 3831 ἐστι
474 3772 766 3838 διαπαντός
800 3818 814 3830 .
873 3800 901 3827 ››
955 3778 1184 3833 Ἐπειτα
1237 3779 1336 3847 τὴν
1383 3777 1492 3854 οὐχ
1548 3778 1960 3834 ὖποπίπτουσαν

307 3865 486 3938 Νόμῳ
530 3863 904 3938 αἰνιττόμενος
954 3865 1246 3940 ἁμαρτίαν,
1290 3872 1607 3942 γνωστικῶς
1657 3889 1958 3942 μετριοπα-

307 3955 440 4025 θῶν,
472 3952 712 4032 ἰπιφέρει
751 3957 884 4028 (50)’
936 3978 963 4006 ιι
998 3955 1092 4008 Σοὶ
1127 3954 1280 4028 μόνῳ
1323 3956 1590 4031 ἥμαρτον,
1622 3958 1710 4011 καὶ
1742 3958 1805 4012 τὸ
1856 3977 1960 4012 πο-

2056 2004 2212 2060 malo
2235 2006 2326 2074 (ο).
2361 2027 2390 2054 »
2417 2006 2472 2060 ls
2494 2010 2604 2070 est,
2633 2005 2733 2074 qui
2758 2021 2864 2059 sua
2886 2005 3175 2076 patientia
3205 2005 3504 2077 superavit
3524 2010 3714 2060 tenta-

2057 2097 2266 2158 torem,
2301 2097 2360 2146 et
2388 2092 2566 2146 simul
2598 2092 2710 2147 fuit
2740 2099 2964 2163 martyr
3011 2109 3117 2147 seu
3167 2094 3358 2162 testis,
3389 2099 3448 2148 et
3503 2110 3538 2149 a
3585 2095 3704 2150 Deo

2056 2181 2285 2252 accepit
2315 2181 2724 2236 testimonium
2750 2199 2763 2248 ;
2812 2181 2914 2252 qui
2946 2182 3346 2237 humilitatem
3377 2182 3708 2254 amplexus,

2059 2269 2202 2325 dicit
2231 2286 2243 2323 :
2277 2290 2302 2320 ιι
2335 2269 2541 2324 Nullus
2573 2275 2662 2324 est
2695 2269 2952 2325 mundus
2980 2286 3014 2325 a
3041 2269 3233 2333 sorde.
3261 2287 3335 2325 ne
3385 2271 3432 2324 si
3466 2270 3544 2325 sit
3573 2271 3712 2342 qui-

2059 2357 2192 2413 dem
2225 2359 2403 2412 unius
2432 2357 2550 2413 diei
2570 2359 2691 2412 vita
2710 2358 2949 2429 ejus(d).
2974 2377 3004 2410 ιο
3039 2360 3285 2430 Moyses,
3310 2381 3339 2408 ι(
3374 2358 3570 2414 fidelis
3594 2375 3713 2414 ser-

2058 2465 2162 2502 vus
2193 2448 2253 2502 in
2286 2452 2406 2501 toto
2451 2446 2627 2500 domo
2679 2447 2808 2517 ejus
2847 2449 2944 2514 (e),
2976 2469 3004 2494 »
3035 2446 3181 2502 dixit
3212 2446 3285 2502 ad
3317 2464 3478 2514 eum,
3509 2447 3610 2518 qui
3643 2464 3715 2503 ex

2059 2536 2208 2591 rubo
2240 2535 2419 2590 dabat
2458 2551 2782 2607 responsa:
2840 2556 2865 2584 ‹‹
2900 2535 3042 2601 Quis
3073 2552 3178 2608 ego
3211 2552 3364 2601 sum,
3399 2535 3558 2606 quod
3618 2553 3714 2592 me

2062 2624 2224 2679 mitis
2252 2624 2280 2679 ‘2
2308 2626 2422 2693 Ego
2467 2630 2666 2678 autem
2699 2640 2830 2678 sum
2881 2630 2939 2677 et
2982 2641 3120 2678 voce
3171 2623 3356 2684 tenui,
3407 2630 3466 2678 et
3511 2624 3714 2695 lingua

2064 2713 2308 2769 tardiori
2335 2713 2424 2783 (ί),
2450 2734 2477 2760 ››
2509 2717 2573 2766 ut
2603 2712 2836 2766 Domini
2869 2727 3068 2766 vocem
3098 2712 3435 2766 ministrem
3465 2728 3570 2782 per
3591 2711 3707 2765 lin-

2064 2819 2238 2874 guam
2270 2803 2616 2856 humanam.
2645 2802 2714 2853 Et
2744 2815 2982 2854 rursus:
3017 2823 3042 2848 ‹‹
3079 2801 3194 2871 Ego
3225 2805 3426 2854 autem
3459 2816 3589 2854 sum
3620 2815 3714 2855 va-
3771 2805 3778 2808 ’

2066 2908 2174 2962 por
2195 2907 2263 2944 ex
2291 2889 2428 2942 olla.
2465 2889 2616 2942 Deus
2633 2887 2795 2941 enim
2821 2887 3094 2957 superbis
3116 2887 3360 2951 resistit,
3386 2887 3712 2943 humilibus

2068 2984 2266 3033 autem
2307 2976 2407 3031 dat
2434 2976 2681 3048 gratiam
2714 2976 2812 3045 (g).
2844 2999 2869 3025 ι
2913 2976 3042 3030 Jam
3073 2992 3208 3031 vero
3247 2976 3424 3032 David
3455 2993 3712 3047 quoque,

2070 3067 2141 3122 de
2165 3083 2279 3137 quo
2303 3065 2709 3120 testimonium
2733 3064 2932 3119 ferens
2959 3064 3104 3120 dicit
3125 3066 3440 3122 Dominus:
3461 3089 3485 3114 «
3516 3066 3715 3120 Inveni

2071 3157 2377 3213 hominem
2397 3155 2722 3211 secundum
2737 3172 3045 3211 cormeum
3057 3199 3072 3224 ,
3090 3155 3268 3210 David
3281 3157 3480 3211 Jessaei
3502 3156 3715 3227 ﬁlium,

2071 3247 2132 3301 in
2156 3247 2286 3302 oleo
2310 3250 2513 3301 sancto
2536 3244 2676 3299 unxi
2695 3261 2830 3299 eum
2852 3244 2962 3315 (h):
2991 3267 3016 3291 ι»
3036 3244 3136 3300 sed
3161 3245 3288 3316 ipse
3311 3262 3547 3316 quoque
3569 3245 3717 3301 dicit

2068 3335 2141 3392 ad
2155 3337 2368 3390 Deum:
2399 3358 2418 3383 ι
2439 3335 2710 3388 Miserere
2736 3334 2871 3400 mei,
2893 3334 3065 3400 Deus,
3087 3334 3414 3388 secundum
3438 3350 3713 3407 magnam

2067 3423 2539 3482 misericordiam
2584 3429 2745 3477 tuam
2776 3439 2789 3488 ;
2824 3428 2879 3476 et
2909 3421 3238 3477 secundum
3270 3422 3715 3479 multitudinem

2067 3513 2519 3570 miserationum
2538 3518 2773 3566 tuarum
2791 3509 2922 3565 dele
2945 3510 3321 3581 iniquitatem
3343 3528 3559 3568 meam.
3587 3515 3718 3568 Am-

2068 3602 2185 3658 lius
2215 3602 2344 3656 lava
2372 3617 2466 3656 me
2497 3599 2570 3655 ab
2624 3599 2939 3670 iniquitate
2971 3615 3126 3667 mea,
3157 3605 3217 3655 et
3245 3617 3280 3656 a
3310 3607 3550 3672 peccato
3581 3617 3714 3658 meo

2067 3691 2291 3747 munda
2318 3707 2435 3744 me.
2481 3688 2770 3754 Quoniam
2820 3687 3201 3760 iniquitatem
3253 3705 3449 3745 meam
3481 3707 3586 3762 ego
3617 3707 3720 3746 co-

2065 3799 2305 3856 gnosco,
2331 3787 2389 3836 et
2416 3785 2724 3852 peccatum
2771 3795 2971 3833 meum
3001 3779 3062 3834 in
3111 3787 3433 3852 conspectu
3464 3797 3596 3836 meo
3631 3787 3722 3837 est

2067 3872 2394 3942 semper“).
2411 3890 2435 3919 ι
2455 3868 2676 3924 Deinde
2693 3868 2951 3923 innuens
2968 3875 3275 3939 peccatum
3289 3870 3448 3941 quod
3463 3869 3574 3943 legi
3593 3887 3713 3926 non

2069 3959 2398 4031 subjicitur,
2421 3957 2686 4031 gnostice
2735 3973 2903 4013 suam
2957 3957 3280 4014 ostendens
3335 3959 3712 4028 modestiam,

375 4107 438 4172 >X<
469 4108 675 4183 P4511
721 4108 833 4183 ED.
883 4109 1177 4164 POTTER.
1237 4108 1558 4183 (a)Jac._u,
1590 4112 1678 4166 23.
1745 4111 1821 4182 (b)
1852 4112 1951 4167 Gel

2121 4129 2277 4175 xvm,
2303 4114 2392 4165 27.
2461 4113 2529 4183 (ο)
2560 4109 2666 4165 Job
2695 4127 2735 4183 ι,
2771 4113 2822 4164 1.
2890 4111 2968 4181 (d)
2999 4109 3126 4166 Job.
3189 4128 3302 4179 xiv,
3333 4113 3387 4166 4.
3440 4111 3510 4183 (ε)
3543 4113 3718 4170 Hebr.

305 4195 385 4247 ιιι,
416 4183 496 4253 5.,
539 4181 607 4253 (f)
637 4179 817 4234 Exod.
850 4194 933 4249 ιιι,
986 4183 1043 4234 11
1078 4197 1092 4246 ;
1126 4196 1197 4246 iv,
1253 4183 1338 4238 10.
1406 4181 1484 4252 (9)
1536 4183 1654 4238 Jac.
1690 4179 1764 4253 ιν,
1824 4186 1895 4252 6;

2070 4187 2164 4238 etr.
2224 4199 2302 4250 ιν,
2333 4185 2385 4236 5.

304 4253 358 4316 ι,
389 4253 443 4317 2,
476 4251 529 4315 3,
561 4252 614 4306 4.

314 4421 485 4547 Β(35)
517 4417 698 4477 Αὐτοῦ
738 4421 808 4492 τῇ
869 4439 992 4493 μεγ.
1027 4416 1076 4477 ὂ.
1111 4422 1196 4494 Τῇ
1231 4441 1357 4496 μεγ.
1418 4417 1466 4477 δ.
1529 4421 1714 4492 αὐτοῦ,
1768 4425 1954 4481 Clem.

366 4509 486 4547 om.

366 4509 486 4549 om.

378 4564 490 4633 (36)
547 4560 645 4615 Kal
678 4559 1010 4638 φιλοξεοίαν.
1069 4564 1199 4638 Hinc
1258 4565 1319 4620 in
1379 4567 1645 4622 Romano
1676 4583 1813 4638 non
1853 4583 1956 4622 ex-

307 4640 505 4712 stant;
556 4641 622 4688 ut
651 4634 759 4688 nec
812 4634 984 4712 illud,
1018 4635 1178 4706 quod
1233 4638 1521 4708 sequitur,
1553 4638 1734 4712 πατὴρ
1774 4634 1832 4692 δὲ
1860 4641 1956 4692 τοῦ

307 4704 490 4762 ἰσαάκ
518 4705 959 4778 προσηγορεύθη.

378 4778 485 4847 (37)
517 4775 692 4836 Φίλος
715 4775 877 4834 Θεοῦ.
915 4779 1034 4833 Vox
1063 4780 1198 4832 Θεοῦ
1229 4795 1263 4834 a
1291 4778 1594 4834 Clemente
1646 4783 1814 4839 Rom.
1849 4781 1954 4835 ho.

309 4846 515 4902 dierno
545 4849 733 4916 abest,
766 4849 861 4906 cui
893 4855 1092 4905 tamen
1120 4867 1188 4904 ex
1237 4850 1347 4905 hoc
1401 4851 1530 4906 loco
1589 4851 1960 4908 restituenda

304 4919 559 5000 videtur:
600 4921 875 5000 .Respicit
929 4921 1090 4978 enim
1137 4921 1334 4978 Jacob.
1386 4937 1446 4985 ιι,
1489 4924 1597 4990 23;
1662 4923 1764 4978 Καὶ
1796 4920 1956 5000 φίλος

311 4987 712 5077 Θεριῦῆρκληϐη.

380 5062 490 5144 (ἰξβ)
523 5058 618 5114 Διά
642 5058 832 5144 φιλοξ.
869 5064 1002 5120 Hinc
1033 5081 1064 5120 e
1093 5063 1340 5120 Romani
1372 5063 1694 5121 Clementis
1729 5083 1856 5137 cap.
1891 5070 1949 5120 11

309 5137 497 5206 petita
517 5141 677 5206 sunt.

371 5206 481 5330 (3?)
516 5203 614 5258 Διά
644 5203 793 5259 πίστ.
829 5205 962 5261 Hinc
1011 5222 1079 5261 ex
1131 5206 1402 5279 ejusdem
1459 5224 1587 5279 cap.
1625 5209 1690 5264 12
1721 5215 1956 5280 sumpta

371 5294 421 5330 ιιι
455 5317 470 5330 .
1068 5301 1072 5305 ·

310 5293 470 5332 sunt.
1068 5301 1072 5305 '

371 5349 486 5416 (40)
520 5347 596 5400 Δι’
629 5345 942 5418 ὑπομονήν.
974 5350 1100 5405 Jam
1134 5350 1349 5405 transit
1373 5349 1447 5405 ad
1478 5349 1801 5406 Clementis
1831 5353 1953 5408 Ro-

307 5421 468 5475 mani
499 5437 628 5475 can.
666 5422 750 5473 17.

378 5437 468 5475 ani
499 5437 628 5510 cap.
666 5437 688 5472 ι
712 5437 750 5473 Ι.
1052 5491 1064 5510 ‘
1139 5488 1160 5508 ﬁ

378 5493 488 5559 (41)
518 5495 628 5564 Την
650 5487 964 5564 βασιλείαν.
991 5491 1106 5555 Την
1138 5489 1365 5555 ελευαιν,
1402 5491 1676 5549 Clemens
1709 5496 1774 5549 Β.

374 5562 848 5648 (tantum?
905 5563 1224 5647 Baptistam
1271 5565 1606 5648 ‘in'tellig‘it;
1658 5565 1732 5620 ad
1775 5581 1953 5648 quem

1990 4693 2034 4756 ί)
2068 4707 2390 4764 Clementis
2418 4705 2662 4760 Romani

2063 5492 2383 5547 Clementis
2417 5492 2560 5545 Rom
2593 5534 2607 5552 ,

2463 4182 2542 4254 (h)
2599 4181 2753 4237 Psal.
2813 4197 3081 4251 Lxxxvm,
3135 4184 3227 4237 21.
3293 4184 3357 4254 (l)
3413 4181 3567 4238 Psal.
3628 4200 3715 4251 ιιι,

2064 4431 2289 4491 mento,
2324 4439 2439 4478 non
2474 4439 2544 4476 ex
2575 4423 2847 4476 versione
2896 4424 3003 4474 τῶν
3055 4421 3134 4488 0',
3163 4421 3358 4492 qualis
3407 4423 3583 4480 hodie
3613 4441 3715 4480 ex-

2065 4503 2202 4557 stat.
2235 4495 2340 4549 sed
2371 4511 2438 4548 ex
2471 4493 2774 4547 Clemente
2805 4494 2976 4547 Rom.
3003 4492 3179 4548 citata
3213 4499 3371 4556 sunt.

2135 4569 2247 4637 (44)
2293 4562 2524 4637 Οὗτοςρ
2563 4582 2717 4618 νικ...
2771 4559 3075 4637 ἀντέχεται.
3139 4565 3270 4618 Haec
3333 4565 3721 4620 Alexandrini

2065 4633 2240 4692 verba
2270 4633 2512 4708 suntiad
2544 4633 3022 4708 martyriuml'de
3055 4651 3170 4704 quo
3195 4637 3468 4708 superius
3493 4643 3713 4708 egerat,

2737 4705 2917 4759 ictum
2952 4705 3413 4760 accomodantis.

2137 4782 2241 4848 (45)
2277 4776 2558 4850 Θεράπων.
2593 4778 2710 4832 Hoc
2737 4777 2915 4850 etiam
2937 4793 2971 4832 a
2992 4777 3300 4850 Clemente
3329 4781 3494 4834 Rom.
3529 4779 3715 4850 abest.

2063 4847 2356 4923 Additum
2373 4848 2609 4923 videtur
2638 4865 2708 4923 e__x
2754 4847 3044 4923 Hebraui,
3077 4852 3108 4902 5
3135 4865 3148 4902 :
3200 4847 3306 4923 Καὶ
3355 4854 3590 4918 Μωϋσῆς
3621 4849 3717 4923 μὶν

2064 4921 2252 4982 πιστὸς
2281 4919 2332 4973 ἐν
2367 4917 2485 4990 ὅλῳ
2514 4916 2762 4990 τῷ-οἴκῳ
2790 4918 2957 4973 αὐτοῦ
2990 4918 3064 4979 ὡς
3099 4920 3370 4988 θεράπων.

2136 4994 2249 5064 (46)
2282 4987 2931 5064 Φωνήν...’διακονῆσαι.
2989 4993 3122 5047 Haec
3162 4987 3250 5047 fab
3311 4992 3714 5049 Alexandrino

2065 5063 2267 5120 nostro
2292 5064 2514 5137 inserta
2544 5079 2662 5137 non
2693 5063 2960 5135 agnoscit
2990 5065 3290 5119 Romanus
3315 5081 3329 5132 ;
3358 5069 3422 5119 ut
3445 5081 3556 5120 nec
3583 5081 3714 5137 qum

2066 5153 2202 5192 mox
2231 5152 2299 5190 ex
2329 5135 2451 5189 Jac.
2493 5149 2568 5197 ιν,
2601 5136 2653 5196 6,
2689 5139 3039 5205 sequuntur.

2137 5209 2247 5274 (47)
2275 5205 2440 5279 Ἐγώ.
2478 5205 2567 5279 De
2589 5205 2684 5260 his
2710 5205 2924 5279 verbis,
2953 5222 3080 5275 quae
3127 5222 3247 5261 non
3300 5211 3533 5279 exstant
3561 5208 3624 5264 in
3652 5209 3708 5265 S.

2063 5275 2407 5352 Scripturis.
2428 5275 2581 5352 conf.
2608 5293 2740 5348 qua)
2762 5275 3046 5352 adnotata
3076 5284 3215 5332 sunt
3238 5277 3346 5333 sub
3375 5279 3555 5334 finem
3579 5296 3706 5352 cap.

2066 5352 2129 5405 l7
2158 5348 2480 5419 Clementis
2512 5349 2704 5419 Rom,
2745 5366 2781 5419 p
2840 5351 2960 5402 156.

2136 5423 2244 5490 (48)
2292 5418 2583 5508 ιναῖῇμήν.
2643 5418 3175 5508 Quaeusequuntur
3232 5421 3415 5490 petita
3471 5424 3611 5474 sunt
3641 5435 3712 5476 ex

2136 5493 2383 5547 ementis
2417 5493 2560 5545 Rom
2593 5534 2607 5552 .
2641 5507 2697 5562 p.
2736 5493 2856 5545 156.

2136 5560 2462 5636 (49))Ἀγίῳ.
2505 5561 2779 5618 Clemens
2835 5564 2926 5630 R.,
2958 5558 3186 5631 αἰωνίῳ.
3221 5559 3333 5615 Sed
3383 5558 3523 5634 ἁγίῳ
3554 5562 3712 5634 apud

304 5638 552 5709 spectat,
585 5634 749 5709 quod
775 5632 847 5687 de
875 5636 1087 5706 τριχῶν
1110 5632 1430 5709 καμηλείων
1473 5632 1951 5709 πλέγμασιν-λειω

2070 5632 2188 5696 τοὺς
2219 5632 2278 5690 0‘
2301 5632 2508 5709 exstat.

305 5704 531 5760 dictum
559 5704 667 5760 est.
705 5704 1286 5776 Neutrum'agnoscit
1314 5704 1684 5764 Clemens'R.

376 5777 489 5849 (43)
521 5775 841 5851 Γέγραπται.
877 5777 1016 5840 Quas
1049 5775 1382 5846 sequuntur
1421 5794 1492 5833 ex
1525 5779 1714 5834 Veteri
1751 5780 1951 5835 Testa-

2134 5709 2245 5776 (50)
2274 5708 2522 5778 Ἔπειτα.
2559 5747 2573 5761 .
2606 5749 2619 5761 .
2657 5722 2811 5776 μετρ.
2860 5699 3124 5778 ἐπιφίρει.
3181 5701 3301 5757 Hoc
3355 5703 3427 5759 ab
3457 5703 3714 5761 Alexan-

2063 5778 2238 5835 drino
2270 5784 2474 5834 nostro
2504 5777 2796 5833 insertum
2819 5781 2928 5832 est.
