4066 6192
377 279 516 335 1343

1595 277 1999 340 CLEMENTIB
2037 277 2539 334 ALEXANDRINI

3655 279 3781 335 1344

373 406 717 460 trimentum
750 423 784 461 a
810 405 982 462 nobis
1012 407 1340 479 accipiatis.
1379 411 1520 464 Nam
1545 426 1674 480 quae
1698 411 1787 464 est
1814 417 2002 458 secun

2143 398 2260 473 ρίαν
2291 399 2708 475 ἀμεταμέλητον
2761 402 3042 478 ἐργάζεται
3080 407 3213 477 (84)·
3247 406 3282 473 ἡ
3316 400 3376 458 δὲ
3422 407 3523 457 τοῦ
3580 403 3785 474 κόσμου

372 494 513 548 dum
545 496 727 548 Deum
757 496 1012 564 tristitia,
1049 499 1466 568 pmnitentiam
1497 498 1572 552 ad
1608 498 1858 552 salutem
1882 511 2018 565 ope-

370 588 536 637 ratur
549 600 668 637 non
689 585 1090 654 pmnitendam
1109 605 1122 652 ;
1140 588 1590 642 tristitiaautem
1607 585 1834 648 mundi,
1863 601 2024 638 mor-

373 678 489 726 tem
532 679 831 743 operatur.
865 677 1097 730 Etenim
1119 677 1176 730 id
1201 677 1409 747 ipsum,
1435 677 1592 747 quod
1615 674 1854 729 tristitia
1874 674 2020 727 affe-

372 761 449 815 cti
475 761 616 816 estis
639 763 968 818 secundum
993 766 1200 832 Deum,
1223 773 1510 836 quantum
1534 766 1594 819 in
1618 763 1788 819 nobis
1814 778 2021 832 opera-

373 850 544 904 batur
567 849 2016 923 studium,seddefensionem,sedindignationem,

373 939 475 992 sed
512 939 804 1009 timorem,
841 941 942 995 sed
993 941 1376 1010 desiderium,
1410 943 1513 997 sed
1555 942 2020 1007 aemulationem,

373 1027 474 1081 sed
500 1027 842 1081 vindictam.
879 1029 942 1082 In
976 1030 1136 1084 omni
1166 1031 1516 1085 exhibuistis
1547 1048 1648 1084 vos
1688 1036 1880 1085 castos
1912 1044 2016 1082 ne-

367 1116 523 1186 gotio
543 1117 678 1186 (a).»
695 1118 825 1171 Haec
840 1119 1718 1192 suntexercitationisgnosticaa
1735 1135 2020 1190 prmexer-

368 1207 707 1260 citamenta.
743 1209 1033 1271 Quoniam
1063 1215 1259 1264 autem
1292 1211 1446 1265 Deus
1474 1211 1599 1281 ipse
1643 1210 2018 1280 omnipotens

371 1315 397 1342 «
414 1294 737 1350 deditalios
755 1297 994 1366 quidem
1010 1298 1328 1368 apostolos,
1349 1299 1496 1352 alios
1509 1315 1642 1353 vero
1675 1298 2016 1370 prophetas,

371 1383 519 1438 alios
548 1390 747 1438 autem
781 1387 1192 1458 evangelistas,
1226 1388 1375 1442 alios
1411 1394 1602 1444 autem
1664 1395 1930 1459 pastores
1961 1394 2020 1443 et

371 1473 663 1540 doctores,
697 1475 770 1530 ad
802 1477 1228 1548 perfectionem
1257 1479 1710 1546 sanctorum,ad
1738 1495 1888 1550 opus
1904 1479 2019 1534 mi-

369 1562 598 1618 nisterii
621 1564 693 1618 ad
724 1565 1179 1622 aediﬁcationem
1238 1569 1502 1639 corporis
1530 1569 1765 1637 Christi,
1827 1568 2017 1624 donec

370 1668 746 1708 occurramus
779 1671 986 1710 omnes
1019 1656 1079 1710 in
1107 1658 1394 1712 unitatem
1429 1657 1564 1712 fidei
1611 1663 1670 1713 et
1697 1658 2016 1730 agnitionis

2135 488 2281 558 λύπη
2335 493 2560 552 θάνατον
2611 493 3020 566 κατεργάζεται.
3081 489 3222 547 Ἰδοὺ
3279 493 3379 566 γὰρ
3443 492 3577 546 αὐτὸ
3629 499 3784 548 τοῦτο

2129 578 2190 631 τὸ
2223 581 2356 633 κατὰ
2407 581 2534 634 Θεὸν
2594 579 2909 651 λυπηθῆναι
2967 583 3109 653 ὑμᾶς
3167 579 3339 650 πόσην
3391 584 3785 656 κατειργάσατο

2131 666 2260 739 ὑμῖν
2308 663 2590 740 σπουδήν;
2651 669 2796 725 ἀλλὰ
2845 671 3159 746 ἀποκογίαν,
3219 671 3363 726 ἀλλὰ
3394 671 3785 746 ἀγανάκτησιν,

2129 753 2276 810 ἀλλᾶ
2320 753 2512 830 φόϐον,
2569 756 2714 813 ἀλλὰ
2770 756 3118 829 ἐπιπόθησιν,
3169 757 3316 814 ἀλλὰ
3377 758 3574 828 ζῆλον,
3639 757 3788 814 ἀλλά

2129 843 2428 915 ἐκδίκησιν·
2494 847 2544 904 ἐν
2620 849 2781 904 παντὶ
2862 852 3219 920 συνεστήσατε
3291 849 3515 912 ἑαυτοὺς
3584 852 3790 924 ἁγνοὺς

2129 936 2373 1009 εἶναιτῷ
2421 951 2697 1012 πραγματι
2731 942 2864 1012 (85).
2919 963 2945 988 υ
2999 941 3184 994 Ταῦτα
3238 943 3547 1014 γνωπικῆς
3610 941 3789 1008 ἀσκή-

2129 1047 2262 1088 σεως
2293 1027 2774 1103 προγυμνάσματα.
2811 1029 2959 1084 Ἐπεὶ
3014 1025 3070 1082 δὲ
3119 1030 3146 1082 ὁ
3194 1031 3588 1105 παντοκράτωρ
3651 1030 3786 1091 Θεὸς

2129 1118 2243 1188 (86)
2273 1115 2433 1178 αὐτὸς
2468 1113 2725 1172 «ἔδωκεν
2767 1117 2897 1179 τοὺς
2960 1118 3052 1189 μὲν
3105 1111 3471 1184 ἀποστόλους,
3532 1118 3668 1180 τοὺς
3730 1117 3789 1172 δὲ

2126 1207 2429 1280 προφήτας,
2487 1206 2614 1268 τοὺς
2663 1205 2721 1260 δὲ
2766 1205 3173 1281 εὐαγγελιστάς,
3230 1206 3360 1268 τοὺς
3420 1205 3476 1262 δέ
3509 1209 3790 1280 ποιμένας

2125 1295 2215 1350 καὶ
2247 1293 2624 1364 διδασκάλους,
2658 1297 2793 1370 πρὸς
2839 1299 2931 1352 τὸν
2989 1297 3356 1371 καταρτισμὸν
3409 1303 3518 1352 τῶν
3579 1299 3788 1372 ἁγίων,

2127 1383 2202 1446 είς
2232 1379 2386 1459 ἔργον
2420 1382 2717 1452 διακονίας,
2752 1385 2829 1446 εἷς
2878 1381 3180 1456 οῗκοδομὴν
3225 1389 3322 1438 τοῦ
3369 1386 3627 1457 σώματος
3684 1389 3791 1439 τοῦ

2127 1475 2392 1546 Χριστοῦ,
2446 1475 2612 1549 μέχρι
2657 1475 3062 1546 καταντήσομεν
3123 1472 3318 1537 πάντες
3374 1477 3482 1546 (87)
3542 1473 3625 1536 εἷς
3679 1475 3788 1540 τήν

2125 1559 2352 1632 ἑνότητα
2407 1569 2504 1631 τῆς
2551 1563 2783 1624 πίστεως
2826 1561 2916 1616 καὶ
2964 1569 3066 1631 τῆς
3115 1561 3459 1635 ἐπιγνώσεως
3499 1566 3601 1616 τοῦ
3653 1561 3788 1617 ι”ιοῦ

2125 1655 2220 1705 τοῦ
2249 1649 2384 1705 Θεοῦ
2414 1655 2548 1722 (88),
2597 1650 2673 1712 εῗς
2699 1648 2868 1725 ἄνδρα
2897 1648 3132 1715 τέλειον,
3183 1649 3257 1711 εἷς
3310 1652 3509 1724 μέτρον
3551 1650 3787 1720 ἡλικίας

369 1740 469 1794 Dei
511 1741 662 1808 Filii,
699 1743 757 1796 in
789 1744 978 1797 virum
1002 1745 1348 1815 perfectum,
1383 1747 1443 1800 in
1460 1761 1801 1800 mensuram
1825 1747 2002 1801 aatatis

2122 1745 2218 1795 τοῦ
2277 1737 2650 1814 πληρώματος
2701 1743 2798 1794 τοῦ
2858 1743 3117 1814 Χριστοῦ·
3181 1761 3204 1792 ν
3267 1739 3558 1794 σπευστέον
3604 1741 3787 1794 ἀπαν-

365 1829 756 1900 plenitudinis
787 1833 1001 1887 Christi
1033 1834 1145 1904 (b);
1183 1856 1210 1882 υ
1243 1834 1622 1902 studendum,
1656 1840 1720 1888 ut
1747 1835 2010 1906 guostice

363 1918 470 1971 viri
501 1919 815 1974 evadamus
847 1926 904 1974 et
931 1938 1111 1992 quam
1143 1923 1396 1978 maxime
1435 1923 1833 1993 perﬁciamur,
1868 1923 2006 1978 dum

363 2007 555 2063 adhuc
581 2009 642 2063 in
669 2026 845 2065 carne
859 2027 1201 2078 manemus;
1229 2017 1285 2066 et
1302 2011 1559 2083 perfecta
1579 2013 1675 2068 hic
1696 2012 2012 2066 concordia

364 2104 422 2151 et
451 2099 842 2153 consensione
892 2099 1180 2172 degendo,
1219 2100 1578 2156 meditemur
1606 2119 1742 2156 cum
1771 2102 1870 2156 Dei
1901 2118 2008 2156 vo-

362 2185 586 2240 luntate
610 2204 984 2257 concurrere,
1017 2189 1088 2243 ad
1115 2190 1549 2245 restitutionem
1581 2207 1713 2245 vere
1735 2190 2008 2262 perfecta:

362 2274 687 2329 nobilitatis
714 2282 773 2329 et
801 2277 1170 2348 cognationis
1201 2279 1262 2332 in
1298 2300 1325 2328 «
1359 2278 1792 2350 plenitudinem
1841 2279 2004 2332 Chri-

363 2363 435 2417 sti
464 2381 478 2428 ;
513 2386 539 2411 ››
568 2381 698 2434 quas
731 2387 759 2412 ‹‹
793 2365 1153 2435 perfectione
1176 2388 1202 2416 »
1241 2374 1442 2421 nostra
1471 2367 1740 2422 absolute
1772 2367 2009 2438 perfici-

363 2456 478 2509 tur.
509 2454 697 2522 Atque
717 2453 844 2523 jam
875 2454 1195 2519 cernimus,
1229 2472 1488 2525 quanam
1519 2457 1750 2511 ratione
1772 2461 1830 2510 et
1859 2472 2004 2526 quo-

357 2541 532 2594 modo
556 2546 613 2594 et
635 2541 870 2611 quando
893 2562 915 2592 α
941 2543 1267 2613 perfectum
1293 2565 1319 2592 »
1342 2544 1486 2599 dicit
1505 2545 1738 2599 divinus
1759 2547 2007 2616 Aposto-

358 2628 538 2697 lus,et
563 2635 628 2684 ut
649 2629 1043 2700 perfectorum
1066 2632 1326 2687 ostendit
1356 2633 1741 2690 differentias.
1772 2636 1840 2688 Et
1869 2651 2001 2689 rur-

355 2736 490 2773 sus:
525 2742 553 2769 «
602 2719 930 2790 Unicuique
989 2721 1162 2776 datur
1191 2723 1588 2778 manifestatio
1619 2723 1868 2794 Spiritus
1926 2724 1999 2778 ad

354 2808 707 2876 utilitatem;
741 2808 841 2863 alii
872 2809 1113 2879 quidem
1143 2809 1317 2865 datur
1345 2827 1451 2882 per
1480 2811 1753 2882 spiritum
1804 2828 1998 2867 sermo

356 2897 661 2968 sapientia;
694 2941 709 2964 ,
766 2897 869 2952 alii
929 2899 1172 2968 quidem
1231 2916 1423 2954 sermo
1475 2900 1736 2955 scientias
1787 2918 1998 2956 secun-

355 2986 495 3040 dum
557 2986 831 3041 eumdem
892 2987 1196 3058 spiritum,
1246 2988 1416 3042 alteri
1477 2989 1624 3044 ﬁdes
1672 2991 1734 3044 in
1785 2990 1995 3046 eodem

350 3075 582 3146 spiritu,
640 3075 740 3130 alii
803 3081 1002 3130 autem
1050 3078 1251 3147 gratia)
1305 3079 1620 3133 sanitatem
1674 3079 1736 3134 in
1790 3080 1996 3135 eodem
2033 3112 2076 3180 Ο

351 3166 581 3236 spiritu,
668 3167 769 3221 alii
845 3183 980 3221 vero
1062 3169 1438 3239 operationes
1508 3169 1812 3240 virtutum,
1893 3171 1995 3225 alii

350 3255 680 3326 prophetia,
741 3255 841 3310 alii
899 3256 1176 3312 discretio
1235 3259 1573 3328 spirituum,
1628 3259 1729 3313 alii
1780 3276 1998 3332 genera

348 3345 706 3416 linguarum,
738 3345 838 3400 alii
869 3351 1067 3401 autem
1100 3347 1510 3418 interpretatio
1543 3347 1900 3420 linguarum.
1933 3349 1997 3412 is

348 3435 559 3488 Omnia
589 3441 787 3490 autem
819 3435 943 3490 haec
975 3441 1256 3506 operatur
1293 3453 1447 3491 unus
1480 3443 1568 3492 est
1617 3437 1776 3492 idem
1809 3439 1992 3508 Spiri-

349 3528 462 3589 tus,
497 3523 764 3578 dividens
797 3541 1062 3580 seorsum
1113 3525 1435 3596 unicuique
1464 3532 1638 3597 prout
1684 3527 1808 3581 vult
1837 3529 1927 3598 (ο).
1963 3550 1990 3578 ››

348 3613 484 3676 Qua)
534 3629 667 3666 cum
720 3613 800 3667 ita
845 3630 905 3667 se
946 3613 1220 3680 habeant,
1257 3615 1557 3684 propheta:
1589 3615 1830 3685 quidem
1859 3633 1994 3687 per-

347 3699 482 3753 fecti
519 3706 657 3755 sunt
686 3702 747 3754 in
782 3703 1112 3773 pr0plietia,
1155 3703 1303 3774 justi
1333 3709 1529 3757 autem
1567 3704 1625 3758 in
1649 3705 1902 3775 justitia,
1937 3711 1996 3760 et

349 3795 636 3858 martyres
669 3791 728 3844 iu
761 3791 1156 3857 confessione,
1185 3791 1282 3845 alii
1307 3797 1505 3847 autem
1530 3793 1591 3846 in
1625 3793 1995 3863 praedicatio-

350 3893 440 3941 ne,
476 3894 595 3931 non
627 3886 896 3948 expertes
945 3880 1186 3949 quidem
1231 3881 1511 3935 virtutum
1561 3884 1990 3950 communium,

349 3965 448 4017 sed
483 3971 768 4034 praetereo
801 3967 1160 4023 excellentes
1184 3969 1244 4022 in
1278 3969 1369 4035 iis,
1404 3969 1476 4023 ad
1505 3987 1636 4040 quas
1668 3977 1808 4026 sunt
1832 3973 1994 4027 ordi-

2121 1827 2378 1904 δροῦσθαι
2409 1826 2723 1902 γνωπικῶς
2764 1827 2853 1882 καὶ
2878 1825 3219 1892 τελειοῦσθαι
3279 1829 3354 1890 ὡς
3415 1829 3498 1883 ὅτι
3533 1828 3781 1902 μάλιστα

2120 1914 2196 1972 ἐτι
2246 1917 2298 1970 ἐν
2348 1916 2504 1991 σαρκὶ
2545 1917 2967 1989 καταμένοντας,
3023 1916 3082 1971 ἐκ
3129 1924 3230 1986 τῆς
3286 1917 3503 1980 τελείας
3560 1916 3782 1973 ἐνθένδε

2119 2005 2500 2084 ὁμοφροσύνης
2533 2005 2936 2079 μελετήσαντας
2973 2003 3298 2080 συνδραμεῖν
3352 2013 3433 2079 τῷ
3492 2005 3778 2079 θελήματι

2115 2099 2212 2150 τοῦ
2243 2098 2376 2150 Θεοῦ
2407 2093 2484 2158 είς
2505 2096 2603 2163 τήν
2645 2094 3074 2149 ἀποκατάστασιν
3104 2098 3203 2163 τῆς
3253 2100 3334 2167 τῷ
3382 2093 3496 2151 ὄντι
3558 2093 3778 2157 τελείας

2119 2183 2388 2259 εὐγενείας
2420 2205 2477 2238 τε
2525 2183 2615 2237 καὶ
2672 2183 2972 2259 συγγενείας
3002 2183 3078 2246 εἰς
3133 2209 3162 2235 ‹‹
3219 2185 3281 2238 τὸ
3337 2183 3627 2258 πλήρωμα
3672 2189 3774 2240 τοῦ

2120 2274 2375 2349 Χριστοῦ,
2408 2299 2436 2324 ››
2479 2274 2543 2328 τὸ
2592 2272 2650 2328 ἐκ
2701 2298 2722 2324 ι
2757 2277 3134 2347 καταρτισμοῦ
3165 2298 3192 2324 ››
3237 2273 3466 2336 τελείως
3519 2274 3772 2349 ἀπηρτι-

2117 2364 2334 2436 σμένον.
2368 2361 2508 2432 Ἤδη
2543 2367 2854 2438 συιορῶμεν
2888 2361 2997 2432 ὅπη
3031 2362 3121 2416 καὶ
3169 2363 3321 2425 ὅπως
3371 2365 3459 2418 καὶ
3510 2363 3679 2418 ὁπότε
3742 2367 3771 2419 ὁ

2116 2457 2260 2516 θεῖος
2290 2449 2624 2512 Ἀπόστολος
2671 2452 2764 2505 τὸν
2812 2476 2840 2503 ‹‹
2881 2449 3093 2506 τέλειον
3131 2475 3158 2502 ››
3189 2452 3368 2524 λέγει,
3412 2454 3503 2506 καὶ
3553 2453 3631 2513 ὡς
3683 2474 3773 2507 τε-

2117 2540 2278 2595 λείων
2328 2539 2578 2615 ἐμφαίνει
2636 2537 2921 2617 διαφοράς.
2969 2538 3138 2595 Πάλιν
3169 2560 3228 2594 τε
3255 2539 3341 2593 αὖ·
3385 2541 3632 2612 Ἐκάστῳ
3689 2539 3769 2594 δί-

2114 2627 2265 2684 δοται
2311 2631 2346 2698 ἡ
2398 2627 2697 2707 φανέρωσις
2724 2633 2821 2683 τοῦ
2870 2628 3181 2701 Πνεύματος
3210 2629 3348 2702 πρὸς
3373 2629 3436 2684 τὸ
3463 2631 3768 2706 συμφέρον·

2112 2717 2157 2791 ᾦ
2190 2719 2284 2791 μὶν
2316 2719 2418 2792 γὰρ
2447 2715 2654 2772 δίδοται
2685 2715 2776 2772 διὰ
2799 2720 2897 2772 τοῦ
2941 2717 3251 2790 πνεύματος
3299 2717 3461 2793 λόγος
3509 2722 3617 2790 (89)
3669 2739 3769 2772 σο-

2112 2809 2257 2886 φίας,
2283 2805 2440 2879 ἄλλῳ
2490 2805 2547 2862 δέ
2598 2805 2766 2877 λόγος
2812 2807 3060 2880 γνώσεως
3108 2807 3244 2861 κατά
3270 2809 3333 2862 τὸ
3363 2807 3492 2862 αὐτὸ
3522 2811 3768 2881 πνεῦμα,

2111 2899 2276 2970 ἐτέρῳ
2318 2896 2498 2958 πίστις
2551 2895 2602 2951 ἐν
2648 2900 2730 2967 τῷ
2777 2895 2922 2966 αὐτῷ
2969 2895 3258 2968 πνεύματι,
3309 2894 3468 2968 ἄλλῳ
3494 2893 3553 2950 δὲ
3600 2897 3768 2972 χαρί-

2111 3006 2287 3058 σματα
2335 2988 2447 3059 (90)
2493 2984 2736 3058 ἰαμάτων
2786 2983 2838 3039 ἐν
2867 2988 2948 3056 τῷ
2975 2984 3121 3056 αὐτῷ
3149 2984 3439 3058 πνεύματι,
3488 2982 3650 3056 ἄλλῳ
3710 2983 3766 3040 ὂὶ

2110 3074 2450 3150 ἐνεργήματα
2499 3071 2804 3147 δυνάμεων,
2853 3070 3010 3145 ἄλλῳ
3057 3071 3387 3150 προφητεία,
3428 3071 3591 3145 ἄλλῳ
3644 3071 3766 3128 διά-

2108 3185 2286 3239 κρισις
2340 3165 2684 3237 πνευμάτων,
2743 3162 2910 3237 ἐτέρῳ
2964 3163 3092 3238 γένη
3137 3161 3426 3239 γλωσσῶν,
3487 3161 3649 3236 ἄλλῳ
3705 3161 3761 3218 δέ

2109 3254 2372 3329 ἑρμηνεία
2425 3254 2712 3328 γλωσσῶν·
2774 3253 2950 3306 πάντα
2979 3248 3036 3306 δὲ
3092 3255 3260 3306 ταῦτα
3318 3252 3528 3326 ἐνεργεῖ
3584 3254 3648 3306 τὸ
3703 3251 3760 3306 ἓν

2105 3345 2195 3400 καὶ
2251 3344 2316 3399 τὸ
2368 3343 2501 3398 αὐτὸ
2557 3340 2791 3414 Πνεῦμα,
2839 3339 3086 3414 διαιροῦν
3143 3338 3257 3412 ἱδίᾳ
3309 3339 3520 3413 ἑκάστῳ
3577 3342 3759 3403 καθὼς

2110 3431 2386 3510 βούλεται.
2421 3456 2448 3482 ››
2482 3434 2574 3485 Ὧν
2618 3430 2796 3494 οὕτως
2827 3428 3088 3503 ἐχόντων,
3146 3430 3199 3483 οἱ
3233 3431 3328 3502 μὶν
3361 3437 3641 3508 προφῆται
3703 3430 3753 3484 ἐν

2104 3523 2410 3598 προφητείᾳ
2436 3517 2660 3588 τέλειοι,
2711 3519 2763 3572 οἱ
2823 3516 3025 3572 δίκαιοι
3057 3515 3113 3572 δὲ
3155 3517 3208 3573 ἐν
3261 3515 3608 3593 δικαιοσόνῃ,
3667 3520 3754 3573 καὶ

2105 3613 2157 3667 οἱ
2219 3612 2484 3684 μάρτυρες
2525 3607 2578 3664 ἐν
2639 3607 2930 3681 ὁμολογίᾳ,
2981 3604 3149 3662 ἄλλοι
3203 3605 3261 3662 δὲ
3314 3608 3366 3662 ἐν
3414 3609 3753 3682 κηρύγματι,

2103 3701 2204 3756 οὐκ
2229 3699 2520 3773 ἀμέτοιχοι
2573 3697 2670 3770 μὲν
2725 3701 2831 3751 τῶν
2871 3700 3069 3750 κοινῶν
3099 3696 3326 3770 ἀρετῶν,
3359 3702 3753 3769 κατορθοῦντες

2104 3788 2162 3844 δὲ
2220 3788 2270 3843 ἐν
2317 3789 2398 3848 οἷς
2433 3786 2757 3860 ἐτάχθησαν·
2820 3784 2934 3840 ἐπεὶ
2963 3784 3047 3845 τίς
3106 3781 3166 3838 ἂν
3222 3786 3280 3838 εὖ
3336 3790 3552 3858 φρονῶν
3611 3785 3750 3838 εἶ’ποι

2099 3879 2191 3934 τὸν
2225 3878 2520 3953 προφητῶν
2551 3874 2613 3928 οὐ
2646 3871 2854 3928 δίκαιον
2880 3918 2893 3939 ,
2924 3873 2982 3926 Τί
3013 3873 3152 3948 γάρς
3187 3874 3317 3948 οὐχὶ
3350 3874 3438 3928 καὶ
3470 3876 3521 3928 οἱ
3552 3871 3747 3928 δίκαιοι

2104 3969 2284 4038 ὥσπερ
2316 3960 2566 4038 Ἀϐραὰμ
2591 3965 2964 4040 προφήτευσεν
2997 3965 3139 4034 (91);

347 4054 489 4107 nati.
527 4054 666 4118 Quis
699 4055 857 4108 enim
890 4073 1046 4110 sanae
1076 4059 1293 4111 mentis
1323 4059 1552 4124 dixerit,
1591 4063 1936 4131 prophetam
1971 4080 2088 4118 non
2118 4076 2247 4116 esse
2275 4058 2504 4129 justum
2525 4055 2552 4109 ?
2581 4053 2729 4119 Quid
2762 4054 2941 4120 enim,
2975 4071 3094 4108 non
3119 4054 3267 4125 justi
3300 4071 3557 4124 quoque,
3591 4054 3746 4108 sicut

344 4142 656 4212 Abraham,
690 4144 1119 4214 prophetarunt
1138 4145 1166 4198 ‘?

423 4249 626 4324 llcllica
654 4267 893 4324 namque
922 4253 1060 4324 Deus
1091 4252 1241 4305 dedit
1268 4251 1396 4306 huic
1428 4259 1488 4306 ut
1538 4270 1764 4309 munera
1793 4257 1989 4324 obiret,

418 4323 520 4376 Illa
551 4331 612 4376 ut
641 4323 887 4390 saltaret,
919 4323 1137 4376 cithara
1167 4329 1439 4393 cantuque
1467 4333 1704 4380 sonaret.

345 4437 426 4491 ait
458 4439 765 4511 Homerus.
800 4461 825 4486 ‹‹
859 4436 967 4491 Sed
1009 4438 1420 4508 unusquisque
1465 4439 1641 4493 habet
1685 4443 1991 4512 proprium

345 4526 566 4580 donum
596 4544 629 4580 a
661 4528 778 4581 Deo
807 4545 820 4592 ;
857 4527 952 4581 hic
982 4527 1222 4597 quidem
1256 4525 1361 4590 sic,
1394 4528 1494 4583 ille
1527 4545 1663 4582 vero
1697 4529 1779 4583 sic
1811 4531 1886 4601 (ιί)
1913 4551 1928 4589 :
1963 4553 1990 4578 ››

411 4678 472 4742 ›ι‹
501 4680 563 4732 Ρ.
596 4679 703 4732 625
728 4679 838 4753 an.
874 4679 1166 4753 POTTER,
1203 4679 1445 4753 5388_E_D.
1476 4681 1705 4735 PARIS.
1782 4682 1857 4753 (a)
1890 4683 1938 4736 II
1969 4682 2002 4736 c

2133 4699 2227 4749 vn,
2265 4685 2313 4749 1,
2347 4685 2397 4747 9,
2439 4683 2520 4747 l0,
2556 4683 2640 4734 11.

341 4751 475 4805 Cor.
514 4767 614 4814 xu,
650 4753 702 4817 7,
737 4751 788 4817 8,
819 4753 871 4817 9,
907 4753 990 4816 10,
1029 4751 1114 4803 11.
1194 4750 1266 4818 (d)
1298 4750 1321 4802 Ι
1352 4750 1482 4804 Cor.
1515 4767 1612 4818 vn,
1641 4755 1692 4806 7.

415 4906 522 4978 (84)
550 4905 889 4978 ᾍΕργάζεται.
919 4906 968 4958 ΙΙ
995 4905 1126 4978 cor.
1160 4921 1256 4970 v11,
1280 4903 1700 4978 Δκατεργάξετοιι.

413 4974 984 5048 (85,’)Τῷ’πράγματι.
1039 4976 1134 5046 Τῷ
1184 4974 1485 5048 πράγματι’
1530 4977 1795 5048 agnoscit
1851 4994 1987 5031 cum

342 5045 640 5120 glemente
664 5045 1138 5120 vetusinterpres
1164 5063 1175 5100 :
1209 5045 1310 5120 sed
1340 5065 1473 5102 cum
1503 5045 1989 5120 prieposJiabent

342 5115 475 5190 libri
508 5115 659 5190 vulg.
693 5115 742 5167 ἐν
785 5121 864 5186 τῷ
892 5115 1190 5190 πράγματι.
1224 5115 1506 5190 δηθυιιθζ

411 5189 519 5257 (86)
690 5186 1094 5261 παντοκράτωρ,
1135 5189 1283 5246 Θεὸς.
1345 5193 1562 5261 Nempe
1594 5192 1880 5257 Christus,
1915 5191 1986 5246 de

341 5276 454 5329 quo
486 5258 661 5311 verba
691 5258 831 5330 facit
861 5258 1176 5330 Apostolus
1207 5261 1416 5330 Ephes.
1452 5258 1524 5328 ιν,
1563 5265 1646 5318 ll.

409 5332 515 5404 (87)
549 5328 970 5398 Καταντήσομεν
1000 5329 1210 5390 πάντες.
1257 5328 1504 5401 Ephes.,
1561 5335 1986 5404 καταντήσωμεν

340 5402 389 5453 οἳ
417 5403 629 5462 πάντες.

409 5476 516 5544 (88)
573 5480 685 5541 Τῆς
742 5469 1082 5544 ἐπιγνώσεως
1140 5471 1420 5544 τοῦ-Υἱοῦ
1478 5477 1574 5544 τοῦ
1620 5478 1772 5530 Θεοῦ.
1827 5477 1980 5530 Flor.

339 5545 477 5598 edit.
501 5541 808 5618 duplicem
835 5541 1151 5618 lectionem
1178 5541 1489 5618 habertﬁﬁc
1511 5543 1857 5616 ἐπιγνώσεως
1884 5550 1982 5599 τοῦ

338 5619 491 5667 Θεοῦ·
553 5613 628 5683 εί,
686 5618 784 5678 τῆς
840 5615 1185 5688 ἐπιγνώσεως
1241 5615 1338 5666 τοῦ
1379 5613 1506 5666 ι”ιοῦ
1536 5613 1632 5668 τοῦ
1663 5619 1815 5668 Θεοῦ·
1851 5636 1980 5688 qua)

339 5703 470 5740 cum
509 5689 565 5741 in
597 5705 776 5744 unam
808 5690 1068 5745 confusae
1113 5692 1333 5755 essent,
1383 5701 1488 5757 ego
1548 5701 1679 5742 eam
1745 5697 1981 5744 secutus

2171 4251 2363 4323 Ἀλλῳ
2397 4251 2492 4379 ἵεν
2517 4249 2620 4325 γὰρ
2652 4246 2821 4304 ἔδωκε
2849 4249 2979 4310 Θεὸς
3008 4245 3291 4321 πολεμήία
3319 4245 3477 4324 ἔργα,

2171 4322 2364 4379 Ἀλλω
2432 4324 2442 4340 ⁸
2473 4321 2771 4379 ὀογηστὺν.
2801 4322 2967 4379 ἐτέρω
2996 4320 3205 4379 κίθαριν
3227 4321 3316 4375 καὶ
3348 4320 3474 4377 ἀοιδ

2171 4320 2364 4397 Ἀλλῴ
2397 4320 2442 4379 δ’
2473 4320 2771 4398 ὀρχηστὺν,
2801 4322 2967 4395 ἐτέρῳ
2996 4320 3205 4392 κίθαριν
3227 4321 3316 4375 καὶ
3348 4320 3572 4392 άοιδήν,

2689 4433 2848 4453 'a“!
2895 4431 2920 4452 Η
3169 4433 3217 4453 ὀδ
3355 4431 3378 4453 νο
3566 4439 3576 4452 σ

2097 4443 2345 4514 Ὅμηρος
2408 4437 2572 4512 λέγει·
2627 4461 2654 4487 ‹‹
2689 4433 2848 4491 Ἀλλ’
2895 4433 3118 4496 ἕκαστος
3169 4433 3304 4490 ξ’διον
3353 4433 3469 4510 ἔχει
3505 4439 3751 4512 χάρισμα

2103 4529 2207 4583 ἀπὸ
2253 4531 2404 4583 Θεοῦ·
2441 4527 2469 4580 ὁ
2504 4526 2596 4598 μὶν
2631 4524 2828 4595 οὕτως,
2873 4525 2900 4578 ὁ
2933 4521 2990 4578 δέ
3039 4525 3231 4586 οὕτως·
3262 4548 3287 4575 »ι
3345 4526 3397 4578 οἱ
3451 4526 3748 4581 ἀπόστολοι

2719 4679 2792 4748 (b)
2824 4678 3035 4748 Ephes.
3069 4695 3140 4743 ιν,
3201 4682 3289 4744 11,
3327 4682 3412 4748 12,
3452 4683 3536 4733 13.
3621 4683 3692 4752 (c)
3724 4681 3743 4736 Ι

2099 4922 2252 4971 sum,
2285 4921 2414 4976 qua:
2447 4905 2506 4959 in
2541 4904 2705 4976 Yulg.
2741 4903 3130 4976 Bibl._exstat.
3166 4904 3437 4976 SYLBURG.

2167 4970 2278 5046 (89)
2303 4970 2531 5046 hiaora}
2559 4970 2771 5028 διῖτοῦ
2803 4995 2862 5028 π.
2894 4970 2948 5026 λ.
3013 4975 3178 5046 vulg.
3229 4975 3352 5046 Bih.
3403 4978 3424 5028 Ι
3456 4977 3589 5032 Cor.
3644 4995 3743 5040 xu.

2096 5041 2468 5118 concinnius,
2504 5042 2592 5099 διὰ
2619 5049 2714 5118 τοῦ
2742 5041 3292 5118 πνεύματος-δέδοται
3324 5044 3580 5118 λόγοςβι
3611 5066 3744 5104 mox

2095 5119 2261 5193 ζτέρῳ
2310 5116 2366 5172 δὲ
2409 5116 2622 5193 πίστις’.
2665 5117 2824 5193 dein,
2866 5115 3023 5188 ἄλλῳ
3041 5114 3106 5193 δὲ
3133 5114 3460 5193 προφητεία,
3496 5117 3658 5190 ἃλλῳ
3690 5117 3744 5173 δὲ

2095 5184 2374 5264 διάκρισις,
2418 5186 2760 5259 πνευμάτων,
2813 5184 3006 5264 ἐτέριμ
3039 5184 3268 5264 δὶᾲγένη
3308 5184 3598 5260 γλωσσῶν·
3632 5184 3742 5246 ’ίῐιο

2095 5269 2251 5316 serta
2281 5263 2500 5332 ubique
2528 5261 2969 5332 conjunctione.
3005 5263 3068 5315 Α.
3101 5261 3374 5317 Si'LBunc.

2161 5337 2272 5406 (90)
2303 5331 2651 5406 Χαρίσματας
2689 5332 2851 5406 Vulg.
2891 5331 3036 5398 Bib.,
3071 5333 3338 5405 χάρισμα·

2165 5405 2276 5474 (9|)
2334 5405 2775 5477 Προεφήτευσεν.
2834 5408 3024 5477 Forte
3059 5406 3277 5477 rectius
3331 5407 3741 5477 προεφήτευσαν

2165 5425 2276 5474 (Vl)
2335 5425 2473 5477 ιιροε
2518 5425 2737 5473 ητευσεν
2764 5449 2775 5459 .
2837 5425 3005 5461 I‘OI‘LC
3060 5425 3277 5459 FGCUUS
3331 5425 3740 5473 προεωητευσαν

2093 5475 2244 5557 plur.
2279 5493 2443 5557 uuln.
2478 5425 2742 5557 gequens
2793 5475 3226 5557 Homeriﬁlocus
3258 5482 3449 5557 exstat
3481 5461 3643 5533 iliad.

2093 5547 2325 5620 influe:
2360 5548 2519 5604 εγω.
2557 5578 2622 5620 σε
2653 5548 2872 5620 Nempe
2900 5566 2952 5604 ν.
2987 5549 3109 5620 73Q.
3153 5549 3344 5620 Moyl
3379 5550 3510 5604 Cor.
3544 5567 3638 5613 vn,
3674 5553 3739 5603 7:

2094 5615 2248 5694 ’ᾼλλ’
2295 5613 2715 5694 ἔκαστος-,ἴδιον
2772 5612 3022 5694 χξάρισμα
3077 5612 3193 5692 ἔχει
3252 5616 3310 5672 ἐκ
3360 5624 3517 5674 Θεοῦ·
3551 5612 3739 5692 ’ὀςμὲν

2092 5687 2284 5759 οὕτως,
2315 5691 2377 5752 ὃς
2407 5688 2468 5744 δ),
2498 5687 2692 5750 οὕτως.
