4066 6192
287 279 431 337 1345

1625 286 2075 344 ΒἸἮΟΜΔΤΠΜ
2111 286 2245 340 LIB.
2288 286 2383 338 IV.

3563 284 3701 342 1346

294 400 353 457 δὲ
384 400 437 458 ἰν
468 402 598 456 πάσι
630 399 1366 480 πεπληρωμᾶνοιΈὸρήσεις
1395 410 1549 481 γοῦν,
1580 407 1646 477 ἢν
1680 405 1940 478 θελήσης,

2061 407 2312 480 apostoli
2342 411 2542 462 autem
2572 406 2737 462 fuere
2783 405 2945 477 pleni
2983 405 3046 461 in
3089 407 3387 463 omnibus.
3433 408 3704 469 Invenies

292 492 352 546 ἐκ
381 496 492 547 τῶν
522 491 768 566 πράξεων
819 492 909 546 καὶ
965 497 1073 547 τῶν
1124 495 1566 571 συγγραμμάτων
1591 496 1788 567 αὐτῶν,
1843 497 1942 565 τήν

289 585 518 655 γνῶσιν,
548 580 642 635 τὸν
676 581 815 654 βίον,
874 581 936 635 τὸ
977 583 1260 657 κηρυγμα,
1290 586 1389 653 τήν
1423 582 1796 654 δικαιοσύνην,
1844 586 1944 653 τὴν

290 668 528 744 ἁγνείαν,
562 670 661 738 τήν
694 670 1051 746 προφητείαν.
1086 673 1283 728 ’ἰστέον
1348 672 1557 746 μέντοι,
1615 673 1700 729 ὅτι
1752 673 1798 728 εἰ
1856 674 1945 728 καὶ

289 758 321 815 ὁ
354 755 573 819 Παῦλος
596 763 713 820 τοῖς
749 759 972 833 χρόνοις
1032 759 1230 831 νεάζει,
1278 760 1479 826 εὐθέως
1538 763 1674 835 μετὰ
1701 763 1802 831 τήν
1849 766 1946 817 τοῦ

294 846 497 923 Κυρίου
523 845 797 921 ἀνάληψιν
829 847 1098 921 ἀκμάσας·
1159 848 1287 905 ἀλλ’
1345 850 1434 905 οῦν
1486 853 1522 921 ἡ
1554 852 1740 930 γραφή
1797 850 1945 923 αὐτῷ

291 936 352 991 ἐκ
394 942 496 1006 τῆς
542 934 788 999 Παλαιᾶς
831 936 1064 1010 ἢρτηται
1125 940 1421 1011 Διαθήκης,
1470 939 1670 1004 ἐκεῖθεν
1720 940 1947 995 ἀναπνέ-

291 1046 428 1080 ουσα
455 1024 545 1079 καὶ
578 1022 842 1079 λαλοῦσα·
893 1028 928 1096 ἡ
984 1027 1086 1102 γὰρ
1138 1027 1215 1090 είς
1275 1029 1506 1101 Χριστὸν
1559 1028 1736 1091 πίστις
1764 1029 1855 1083 καὶ
1908 1030 1943 1099 ἡ

288 1112 387 1170 τοῦ
420 1114 755 1190 Εὖαγγελίου
786 1119 987 1189 γνῶσις
1046 1114 1297 1191 ἐξήγησις
1355 1116 1466 1172 ἐστι
1519 1117 1610 1173 καὶ
1641 1122 1736 1174 τοῦ
1773 1119 1945 1190 νόμου

286 1202 577 1279 πλήρωσις
609 1206 736 1276 (92)·
768 1203 857 1258 καὶ
889 1201 977 1258 διὰ
1004 1208 1166 1260 τοῦτο
1209 1205 1419 1280 εἷ’ρηται
1472 1212 1591 1271 τοῖς
1647 1202 1944 1283 Ἑϐραίοις·

291 1315 318 1347 ι
349 1293 473 1349 Ἐὰν
524 1292 602 1365 μή
661 1292 1009 1364 πιστεύσητε,
1058 1293 1120 1349 οὐ
1183 1296 1260 1366 μὴ
1311 1298 1428 1369 (93)
1485 1303 1702 1367 συνῆτε’
1760 1316 1944 1350 »του-

288 1381 492 1448 τέστιν,
525 1380 613 1435 ἐὰν
649 1382 725 1454 μή
758 1380 1083 1453 πιστεύσητε
1118 1386 1197 1455 τῷ
1256 1380 1346 1439 διὰ
1402 1386 1577 1458 νόμου
1634 1405 1942 1459 προφητευ-

289 1469 434 1535 θὲντι
464 1470 555 1526 καὶ
615 1469 717 1526 ὗπὸ
776 1471 950 1544 νόμου
1012 1473 1374 1543 θεπισθὲντι,
1429 1473 1495 1529 οὐ
1545 1476 1802 1545 συνήσετε
1842 1474 1942 1543 τὴν

287 1561 566 1632 Διαθηκην
612 1561 712 1629 τήν
742 1562 1006 1630 Παλαιὰν,
1037 1557 1106 1631 ἤν
1151 1561 1312 1627 αὐτὸς
1357 1564 1492 1618 κατὰ
1518 1564 1618 1634 τὴν
1649 1561 1790 1618 ἰδίαν
1821 1561 1943 1636 ἐξη-

287 1649 361 1725 γή
372 1670 501 1704 σατο
531 1651 849 1725 παρουσίαν.

2058 497 2279 567 itaque,
2332 495 2381 550 si
2428 494 2709 562 volueris,
2759 511 2828 550 ex
2887 512 3093 551 eorum
3138 496 3299 552 Actis
3339 502 3398 552 et
3444 498 3701 569 scriptis,

2058 602 2264 642 eorum
2323 585 2745 657 cognitionem,
2795 586 2996 654 vitam,
3054 587 3560 658 praedicationem,
3600 589 3702 661 ju-

2057 676 2300 742 stitiam,
2329 674 2683 742 castitatem,
2715 676 3108 746 prOphetiam.
3135 676 3453 732 Sciendum
3487 684 3575 733 est
3595 694 3702 732 au-

2057 770 2197 829 tem,
2230 763 2385 835 quod
2418 763 2528 818 etsi
2557 763 2776 818 Paulus
2833 765 2910 819 sit
2957 770 3222 836 tempore
3270 767 3585 833 recentior,
3638 772 3703 820 ut

2056 854 2157 923 qui
2171 853 2369 908 statim
2387 852 2658 907 ﬂoruerit
2670 858 2803 924 post
2818 854 3052 908 Domini
3066 855 3555 927 assumptionem;
3572 856 3700 927 ejus

2056 947 2255 995 tamen
2287 941 2581 1012 scriptura
2606 940 2829 1012 pendet
2859 958 2930 996 ex
2972 942 3163 996 Veteri
3201 944 3595 1011 Testamento,
3628 942 3698 997 il-

2056 1029 2177 1084 linc
2207 1034 2267 1084 et
2295 1029 2529 1100 spirans
2561 1034 2619 1083 et
2643 1028 2915 1100 loquens.
2949 1031 3094 1085 Nam
3127 1027 3274 1086 fides
3293 1031 3352 1085 in
3374 1031 3695 1101 Christum,

2058 1124 2116 1174 et
2146 1117 2441 1191 Evangelii
2472 1118 2753 1191 cognitio,
2778 1124 2868 1173 est
2888 1119 3200 1190 expositio,
3251 1125 3310 1175 et
3337 1120 3483 1190 legis
3505 1120 3698 1176 adim-

2054 1206 2258 1278 pletio,
2292 1213 2347 1261 et
2377 1205 2510 1261 ideo
2543 1206 2765 1261 dictum
2792 1212 2881 1262 est
2905 1206 3165 1263 Hebraeis
3190 1224 3203 1266 :
3229 1230 3258 1258 ‹‹
3286 1209 3408 1264 Nisi
3430 1208 3700 1264 credide-

2053 1296 2203 1360 ritis,
2238 1312 2360 1350 non
2387 1294 2731 1367 intelligetis
2752 1297 2829 1366 (α)
2855 1312 2868 1363 ;
2899 1318 2927 1345 ι»
2955 1296 3067 1351 hoc
3091 1302 3199 1363 est,
3222 1297 3338 1352 nisi
3362 1298 3413 1352 ei
3437 1298 3698 1353 credide-

2054 1384 2205 1449 ritis,
2239 1384 2341 1455 qui
2372 1400 2479 1455 per
2506 1382 2697 1456 legem
2729 1390 2820 1438 est
2849 1384 3167 1456 prmdictus
3216 1392 3276 1442 et
3303 1403 3338 1441 ο,
3384 1385 3530 1459 legis
3560 1403 3697 1442 ora-

2054 1473 2187 1529 culo
2220 1478 2309 1528 est
2338 1472 2725 1545 significatus,
2757 1490 2879 1529 Lon
2918 1474 3261 1547 intelligetis
3295 1476 3469 1531 Vetus
3498 1477 3696 1530 Testa-

2054 1567 2346 1630 mentum,
2377 1561 2535 1632 quod
2568 1561 2694 1633 ipse
2740 1578 2845 1634 per
2872 1563 3175 1635 propriam
3229 1564 3501 1636 exposuit
3545 1582 3695 1637 prse-

2057 1653 2330 1708 sentiam.

1775 1795 2007 1851 CAPUT
2040 1794 2213 1849 XXII.

290 1896 617 1964 Perfectum,
650 1910 744 1950 seu
774 1910 896 1949 vere
940 1898 1246 1965 gnosticum
1289 1913 1463 1966 neque
1504 1902 1649 1951 metu
1698 1911 1928 2020 pamtie,’l
1952 1910 2127 2019 neqzée
2150 1909 2272 2019 ,τερα
2317 1896 2548 1965 praemii
2602 1897 2847 1963 ofﬁcium
2875 1897 3080 1964 facere,
3107 1897 3202 1952 sed
3250 1897 3415 1954 solius
3466 1900 3593 1954 boni
3642 1906 3693 1955 et

1759 1984 1835 2020 nu
1861 1983 1888 2020 c
1931 1983 1983 2020 η
2013 1981 2069 2019 m
2099 1981 2157 2018 ιιι
2183 1981 2240 2019 u.

1750 1981 1983 2038 pulcnrt
2013 1981 2240 2019 mtuuu.

357 2098 419 2156 Ὀ
446 2095 513 2165 δὴ
546 2097 744 2151 συνιὼν
785 2098 874 2152 καὶ
908 2095 1216 2173 διορατικὸς
1256 2098 1412 2162 οὗτός
1441 2098 1583 2155 ἐστιν
1624 2101 1653 2155 ὁ
1704 2120 1942 2175 γνωστι-
1973 2102 2022 2167 Β

285 2188 409 2249 κός.
435 2188 633 2259 “Ep-{0v
669 2182 728 2240 δὲ
754 2185 921 2241 αὐτοῦ
953 2184 1063 2261 οὐχ
1099 2189 1134 2257 ἡ
1170 2188 1359 2263 ἀποχή
1415 2193 1521 2243 τῶν
1566 2192 1747 2243 κακῶν
1802 2186 1941 2259 [ἐπι-

291 2271 467 2351 ϐάθρα
493 2275 595 2351 γὰρ
626 2274 761 2345 αὕτη
816 2283 1109 2351 προκοπῆς
1167 2278 1432 2351 μεγίστης
1491 2280 1646 2352 (94)),
1680 2274 1804 2332 οὐδὲ
1837 2277 1944 2350 μὴν

287 2368 464 2418 ποιεῖν
491 2384 544 2419 τι
603 2362 825 2439 ἀγαθὸν,
883 2362 1007 2432 ἢτοι
1068 2360 1157 2419 διὰ
1207 2360 1397 2444 φόϐονο
1460 2366 1757 2442 γέγραπται
1813 2367 1938 2443 γάρ·

290 2477 317 2504 ‹‹
353 2456 464 2507 Ποῦ
495 2451 647 2526 φύγω
678 2454 808 2526 (95),
858 2453 947 2506 καὶ
995 2457 1102 2507 ποῦ
1161 2448 1511 2528 κρυϐήσομαι
1569 2455 1674 2509 ἀπὸ
1722 2456 1941 2530 προσώ-

288 2563 395 2597 που
425 2562 520 2596 σου
554 2561 568 2611 ς
599 2542 723 2597 Ἐὰν
752 2537 935 2596 ἀναϐῶ
967 2541 1044 2606 εἷς
1088 2543 1181 2597 τὸν
1215 2543 1467 2619 οὐρανὸν,
1518 2543 1581 2598 σὺ
1613 2542 1725 2599 ἐκεῖ
1754 2544 1817 2599 εἶ’
1852 2541 1939 2598 ἐὰν

290 2626 513 2695 ἀπέλθω
543 2634 652 2702 (96)
685 2628 760 2692 εἷς
791 2631 857 2685 τὰ
896 2627 1097 2707 ἔσχατα
1144 2638 1245 2701 τῆς
1298 2629 1594 2703 Θαλάσσης,
1644 2630 1757 2688 ἐκεῖ
1785 2634 1819 2703 ἡ
1853 2628 1941 2687 δε-

295 2719 382 2791 ξιά
410 2738 526 2775 σου·
561 2718 649 2774 ἐὰν
704 2714 924 2775 καταϐῶ
973 2720 1049 2783 εἰς
1108 2716 1400 2790 ἄῦύσσους,
1459 2721 1570 2777 ἐκεῖ
1614 2721 1676 2778 τὸ
1733 2722 1945 2795 πνεῦμά

292 2829 408 2863 σου*
446 2833 472 2860 ››
496 2806 621 2865 ἀλλ’
653 2807 778 2864 οὐδὲ
810 2807 881 2864 δι’
910 2807 1108 2866 ἐλπίδα
1135 2818 1306 2884 τιμῆς
1336 2809 1939 2887 ἐπηγγελμένηςεῗρη-

289 2919 378 2954 ται
409 2900 534 2974 γάρ’
569 2922 597 2949 ι(
631 2895 771 2953 Ἰδοὺ
800 2898 1002 2973 Κύριος
1033 2902 1168 2972 (97),
1200 2900 1290 2953 καὶ
1337 2900 1365 2954 ὁ
1425 2900 1612 2972 μισθὸς
1642 2899 1806 2952 αὐτοῦ
1836 2898 1942 2953 ἀπὸ

294 2988 600 3060 προσώπου
629 2987 819 3059 αὐτοῦ,
847 2984 1139 3041 ἀποδοῦναι
1172 2986 1379 3060 ἑκάστῳ
1409 2988 1545 3042 κατὰ
1572 2987 1638 3041 τὰ
1667 2981 1800 3061 ἔργα
1846 2986 1942 3041 αὖ-

284 3079 405 3131 τοῦ·
439 3072 474 3130 ἄ
497 3074 785 3154 ὀφθαλμὸς
816 3075 916 3130 οὐκ
972 3072 1129 3147 εἶδεν,
1184 3075 1274 3130 καὶ
1322 3073 1414 3137 οῦς
1444 3074 1543 3130 οὐκ
1570 3071 1821 3147 ἤκουσεν,
1853 3076 1942 3131 καὶ

287 3162 374 3218 ἐπὶ
405 3162 631 3240 καρδίαν
692 3165 980 3240 ἀνθρώπου
1013 3165 1115 3219 οὐκ
1142 3158 1329 3233 ἀνέϐη,
1361 3160 1395 3218 ἆ
1423 3163 1720 3238 ἡτοίμασεν
1753 3164 1781 3219 ὁ
1811 3165 1943 3228 Θεὸς

288 3258 409 3315 τοῖς
440 3252 716 3328 ἀγαπῶσιν
748 3254 931 3308 αὐτόν’
957 3278 985 3305 ››
1013 3253 1153 3327 μόνη
1183 3250 1227 3307 δ’
1253 3254 1287 3322 ἡ
1314 3250 1384 3306 δι’
1413 3252 1629 3327 ἀγάπην
1663 3252 1940 3324 εὐποιία,ἡ

292 3340 366 3397 δι’
394 3342 525 3397 αὐτὸ
554 3344 617 3399 τὸ
644 3343 813 3399 καλὸν
833 3343 1021 3418 αἱρετή
1042 3347 1122 3415 τῷ
1152 3342 1678 3416 γνωστικῷ.Δύτίκα
1698 3342 1941 3418 ἐκπροσ-

2122 2099 2438 2164 Quorcirca
2469 2099 2570 2170 qui
2616 2099 2954 2172 intelligens
2985 2107 3044 2155 et
3089 2103 3399 2174 perspicax
3444 2109 3554 2171 est,
3600 2104 3697 2159 hic

2054 2204 2291 2259 quoque
2323 2192 2413 2243 est
2438 2188 2760 2261 gnosticus.
2794 2191 2895 2244 Est
2936 2194 3135 2245 autem
3176 2191 3304 2263 ejus
3337 2209 3484 2263 opus
3515 2209 3634 2248 non
3667 2210 3701 2247 a

2052 2276 2228 2332 malis
2257 2276 2588 2332 abtinentia
2618 2278 2707 2346 (ea
2739 2282 2829 2331 est
2859 2278 3017 2332 enim
3049 2278 3217 2348 quasi
3246 2279 3463 2351 gradus
3484 2279 3557 2335 ad
3580 2297 3703 2335 ma-

2043 2364 2241 2437 jorem
2273 2364 2646 2437 profectum),
2698 2364 2802 2420 sed
2851 2381 2963 2420 nec
3014 2365 3243 2436 aliquid
3291 2366 3431 2422 boni
3480 2368 3697 2436 facere,

2053 2453 2282 2509 scilicet
2311 2458 2553 2525 propter
2580 2458 2826 2508 metum.
2860 2454 3153 2525 Scriptum
3178 2460 3267 2510 est
3287 2456 3447 2511 enim
3473 2473 3486 2511 :
3519 2477 3545 2509 ιι
3574 2459 3697 2523 Quo

2048 2542 2295 2615 fugiam,
2330 2548 2389 2596 et
2416 2541 2517 2596 ubi
2547 2541 2879 2597 abscondar
2904 2557 2939 2597 a
2958 2544 3104 2597 lacie
3127 2549 3227 2598 tua
3248 2543 3275 2598 ?
3296 2544 3351 2597 Si
3374 2545 3698 2600 ascendero

2051 2630 2114 2685 in
2146 2631 2381 2697 cmlum,
2417 2636 2477 2685 tu
2508 2630 2633 2685 illic
2666 2646 2761 2695 es;
2810 2630 2858 2685 si
2908 2629 3108 2685 abiero
3139 2630 3213 2684 ad
3259 2637 3524 2687 extrema
3570 2650 3699 2688 ma-

2050 2721 2153 2786 ris,
2188 2719 2312 2774 illic
2338 2724 2427 2773 est
2447 2717 2690 2773 dextera
2719 2723 2819 2772 tua
2841 2734 2854 2783 ;
2890 2716 2939 2771 si
2963 2716 3325 2773 descendero
3343 2719 3405 2774 in
3425 2719 3694 2792 abyssos,

2051 2807 2176 2861 illic
2194 2806 2440 2877 spiritus
2456 2811 2593 2860 tuus
2616 2805 2713 2875 (b).
2736 2826 2762 2852 ι)
2785 2803 2896 2858 Sed
2915 2820 3107 2876 neque
3125 2812 3368 2877 propter
3379 2824 3543 2879 spem
3559 2826 3696 2881 pro-

2050 2896 2220 2951 missi
2237 2894 2481 2949 honoris
2504 2912 2518 2961 ;
2539 2894 2763 2949 dictum
2778 2901 2866 2950 est
2884 2896 3042 2952 enim
3065 2912 3078 2950 :
3100 2917 3123 2947 ι
3146 2897 3292 2951 Ecce
3314 2898 3620 2965 Dominus,
3637 2904 3695 2954 et

2051 2999 2280 3039 merces
2308 2982 2438 3054 ejus
2454 2998 2489 3037 a
2503 2981 2653 3037 facie
2672 2983 2818 3054 ejus,
2840 2989 2905 3037 ut
2921 2982 3130 3039 reddat
3143 2984 3466 3056 unicuique
3484 3002 3699 3041 secun-

2053 3072 2193 3129 dum
2207 3087 2388 3143 opera
2400 3088 2505 3127 sua
2516 3072 2582 3141 (c)
2599 3088 2611 3139 ;
2631 3088 2762 3143 quae
2775 3071 2981 3127 oculus
2999 3089 3119 3128 non
3133 3072 3296 3140 vidit,
3316 3078 3375 3129 et
3389 3075 3550 3129 auris
3574 3092 3694 3130 non

2052 3162 2299 3229 audivit,
2330 3168 2389 3217 et
2417 3161 2479 3216 in
2509 3177 2612 3217 cor
2640 3161 2900 3217 hominis
2930 3178 3050 3217 non
3094 3162 3513 3231 ascenderunt,
3565 3182 3695 3235 qua:

2051 3250 2653 3324 prmparavitDeusiis
2669 3250 2769 3322 qui
2784 3250 2977 3322 ipsum
2999 3251 3366 3324 diligunt(d).
3391 3273 3420 3301 ››
3440 3253 3574 3308 Sola
3593 3270 3700 3308 au-

2051 3346 2172 3396 tem
2200 3339 2613 3406 beneficentia,
2655 3356 2786 3410 quae
2818 3344 3060 3411 propter
3101 3340 3448 3396 charitatem
3476 3347 3535 3397 et
3560 3360 3701 3414 pro-

289 3432 445 3487 ώπου
468 3436 564 3487 τοῦ
595 3436 826 3505 Θεοῦτῷ
859 3431 1039 3507 Κυρίῳ
1072 3430 1621 3503 λέλεκται,‹‹Α“ίτησαι
1649 3431 1937 3509 παρ’ἐμοῦ,

2061 3434 2184 3501 pter
2211 3429 2405 3501 ipsum
2440 3429 2753 3484 honestum
2785 3428 2870 3495 ﬁt,
2903 3433 2992 3484 est
3020 3445 3056 3484 a
3085 3429 3209 3485 viro
3238 3431 3505 3502 gnostico
3526 3447 3700 3503 expe-

286 3519 379 3574 καὶ
410 3517 572 3574 δώσω
604 3540 689 3574 σοι
708 3518 834 3589 ἔθνη
857 3522 957 3589 τὴν
974 3518 1352 3595 κληρονομίαν
1386 3517 1834 3594 σου·››α⁹ἰτηματὸ
1851 3522 1942 3597 βα-

287 3607 652 3662 σιλικώτατον
687 3605 957 3663 διδάσκων
987 3607 1271 3675 αἰτεῖσθαι,
1326 3609 1426 3677 τήν
1483 3613 1590 3664 τῶν
1641 3609 1941 3684 ἀνθρώπων

289 3693 590 3769 σωτηρίαν,
624 3695 839 3767 ἀμισθὶ,
866 3694 958 3749 ’ίνα
988 3694 1054 3765 δὴ
1089 3699 1255 3768 ἡμεῖς
1312 3699 1828 3771 κληρονομήσωμεν
1861 3701 1951 3753 καὶ

294 3783 625 3856 κτησώμεθα
649 3785 740 3839 τὸν
778 3783 1281 3858 Κύριον.Ἔμπαλιν
1314 3785 1441 3862 γὰρ,
1474 3786 1660 3863 χρείας
1677 3788 1822 3849 τινὸς
1836 3785 1954 3843 ἓνε-

296 3892 411 3941 κεν,
435 3869 523 3926 ’ίνα
556 3894 651 3945 μοι
678 3870 803 3928 τόδε
834 3874 1080 3948 γενηται,
1137 3875 1227 3928 καὶ
1282 3872 1408 3929 τοδε
1451 3877 1525 3949 μὴ
1559 3876 1802 3949 γένηται,
1851 3880 1952 3942 τῆς

296 3960 608 4036 ἐπιστήμης
640 3962 881 4041 ἐφίεσθαι
909 3970 1010 4033 τῆς
1040 3964 1164 4039 περὶ
1194 3965 1286 4019 τὸν
1323 3965 1475 4036 Θεὸν,
1518 3965 1618 4020 οὐκ
1639 3963 1782 4021 ’ίδιον
1814 3988 1952 4041 γνω-

296 4055 503 4105 στικοῦ’
536 4050 759 4126 ἀπόχρη
792 4048 841 4105 δ’
888 4051 1035 4124 αὖτῷ
1081 4051 1228 4107 αίτία
1285 4060 1381 4122 τῆς
1426 4055 1656 4127 θεωρίας
1685 4056 1720 4124 ἠ
1752 4060 1953 4130 γνῶσις

296 4137 457 4207 αὐτή.
490 4138 787 4211 Τολμήσας
820 4139 923 4214 γὰρ
957 4138 1166 4213 ε’ίποιμ⁹
1220 4139 1305 4210 ἂν,
1356 4142 1419 4197 οὐ
1474 4139 1561 4197 διὰ
1593 4144 1655 4197 τὸ
1686 4143 1951 4214 σώζεσθαί

302 4226 598 4303 βούλεσθαι
625 4229 725 4296 τήν
781 4233 981 4302 γνῶσιν
1016 4230 1297 4303 αἱρήσεται
1328 4232 1356 4284 ὁ
1380 4228 1449 4285 δι’
1481 4232 1651 4302 αὐτὴν
1681 4234 1781 4301 τήν
1808 4233 1950 4288 θείαν

295 4315 607 4389 ἕπιστήμην
646 4319 892 4390 μεθέπων
924 4320 1028 4387 τὴν
1058 4323 1280 4394 γνῶσιν·
1313 4321 1376 4374 τὸ
1431 4320 1526 4393 μὶν
1583 4321 1689 4396 γὰρ
1719 4328 1865 4376 νοεῖν
1896 4323 1954 4377 ἐκ

300 4407 679 4475 συνασκήσεως
706 4404 782 4468 εἲς
800 4406 863 4460 τὸ
885 4406 966 4461 ἀεὶ
996 4412 1138 4461 νοεῖν
1172 4405 1473 4463 ἐκτείνεται
1511 4411 1573 4464 τὸ
1606 4406 1671 4478 δὴ
1702 4409 1781 4464 ἀεὶ
1813 4416 1954 4465 νοεῖν

302 4494 459 4549 οὐσία
496 4499 595 4549 τοῦ
654 4494 1040 4571 γίνώσκοντος,
1098 4498 1234 4551 κατὰ
1291 4497 1577 4573 ἆνάκρασιν
1638 4496 1955 4554 ἀδιάστατον

298 4585 588 4660 γενομένη,
622 4583 712 4638 καὶ
744 4582 918 4646 ἀίδιος
967 4586 1187 4659 θεωρία,
1252 4591 1395 4655 ζῶσα
1455 4588 1748 4651 ὑπόστασις
1782 4590 1949 4661 μένει.

2055 3518 2253 3574 tenda.
2287 3519 2414 3573 Jam
2440 3534 2577 3572 vero
2610 3533 2679 3572 ex
2708 3533 2968 3590 persona
2997 3517 3126 3585 Dei,
3174 3518 3423 3574 Domino
3475 3519 3699 3575 dictum

2057 3605 2120 3670 »14
2151 3611 2278 3662 est:
2313 3628 2340 3655 ‹‹
2372 3607 2511 3660 Pete
2541 3621 2576 3660 a
2608 3621 2723 3670 me,
2758 3610 2816 3659 et
2844 3604 2995 3659 dabo
3028 3603 3133 3659 tibi
3154 3609 3359 3677 gentes
3387 3606 3703 3661 hmredita-

2060 3700 2180 3751 tem
2204 3701 2365 3749 tuam
2394 3694 2462 3765 (c)
2488 3710 2502 3747 :
2528 3715 2556 3743 ››
2578 3693 2925 3765 petitionem
2943 3693 3197 3748 maxime
3221 3694 3463 3765 regiam,
3482 3694 3702 3751 docens

2062 3784 2374 3840 hominum
2406 3782 2657 3838 salutem
2687 3787 2886 3853 petere
2919 3782 3047 3837 sine
3073 3781 3367 3847 mercede,
3401 3788 3466 3837 ut
3491 3800 3601 3839 nos
3625 3784 3704 3838 si-

2061 3891 2197 3929 mus
2225 3871 2492 3927 hmredes
2538 3877 2597 3927 et
2642 3870 3051 3942 possideamus
3101 3871 3436 3926 Dominum.
3490 3872 3707 3928 Contra

2063 3963 2246 4030 enim,
2288 3961 2541 4032 alicujus
2589 3977 2732 4015 usus
2784 3960 2992 4032 gratia,
3042 3976 3257 4032 nempe
3307 3965 3373 4015 ut
3418 3960 3531 4016 hoc
3580 3962 3703 4028 ﬁat,

2062 4052 2152 4106 vel
2182 4050 2332 4105 illud
2362 4067 2479 4104 non
2515 4050 2636 4113 fiat,
2669 4065 2820 4118 eam,
2853 4065 2984 4119 quas
3015 4049 3171 4104 circa
3202 4050 3384 4104 Deum
3415 4054 3704 4117 versatur,

2064 4140 2403 4197 desiderare
2418 4139 2749 4201 scientiam.
2765 4154 2885 4193 non
2903 4138 3182 4194 convenit
3195 4138 3488 4211 gnostica;
3504 4153 3706 4193 verum

2064 4232 2116 4287 ei
2148 4247 2254 4302 pro
2281 4245 2459 4285 causa
2487 4226 3006 4298 contemplationis
3028 4227 3250 4281 sufﬁcit
3274 4228 3399 4298 ipsa
3430 4227 3707 4297 cognitio.

2062 4320 2268 4375 Ausim
2301 4319 2458 4373 enim
2491 4316 2708 4379 dicere,
2741 4332 2860 4369 non
2894 4332 2961 4369 eo
2992 4314 3149 4384 quod
3175 4314 3313 4368 velit
3338 4313 3531 4369 salvus
3554 4331 3705 4380 esse,

2064 4425 2199 4464 eum
2223 4407 2550 4463 electurum
2582 4404 3000 4476 cognitionem,
3044 4402 3143 4473 qui
3186 4402 3564 4473 persequitur
3604 4420 3705 4457 co-

2062 4497 2388 4570 gnitionem
2419 4499 2661 4565 propter
2690 4493 2878 4562 ipsam
2926 4490 3184 4546 divinam
3230 4490 3560 4547 scientiam.
3607 4493 3709 4546 In-

2062 4582 2391 4657 telligentia
2411 4582 2570 4636 enim
2589 4581 2872 4636 continua
2893 4579 3314 4634 exercitatione
3339 4580 3404 4635 ﬁt
3422 4586 3709 4651 perpetua

303 4673 365 4729 El
392 4678 520 4748 γοῦν
552 4695 636 4737 τις
665 4675 784 4737 καθ’
814 4674 1065 4728 ὑπόθεσιν
1094 4675 1322 4749 προθείη
1353 4681 1432 4749 τῷ
1462 4682 1771 4751 γνωστικῷ,
1799 4679 1947 4733 πότε·

2063 4671 2477 4745 intelligentia.
2505 4672 2747 4742 Semper
2757 4674 2955 4724 autem
2969 4667 3321 4740 intelligere,
3342 4670 3603 4725 essentia
3619 4675 3709 4724 est

369 4854 433 4920 »ιι
454 4856 524 4931 Ρ.
549 4858 651 4931 εξεθ
682 4857 790 4911 ED.
824 4856 1113 4924 POTTER,
1147 4860 1249 4913 529
1281 4860 1392 4914 ΕΙ).
1422 4859 1650 4914 PARlS.
1686 4860 1758 4931 (al
1793 4860 1902 4915 lsa.
1934 4877 1947 4911 ι

2061 4860 2104 4912 9.
2130 4855 2206 4926 (b)
2230 4853 2394 4931 Psal.
2416 4868 2686 4931 cxxxvm,
2715 4853 2858 4931 7,A8,
2890 4854 2944 4919 9,
2981 4854 3065 4906 10.
3093 4849 3167 4923 (c)
3193 4852 3302 4907 Isa.
3327 4868 3418 4919 ιιι,
3448 4850 3512 4905 10
3534 4870 3549 4921 ;
3571 4867 3705 4920 an,

306 4927 363 4978 lt
404 4940 417 4990 ;
451 4927 604 4981 Psal.
641 4945 752 4996 Lxl,
787 4932 853 4982 i2
882 4946 896 4995 ;
928 4922 1108 5002 Apoc.
1140 4948 1281 4997 xxii,
1309 4934 1374 4985 l2
1402 4948 1416 4997 ;
1450 4933 1617 4986 Rom.
1650 4922 1716 4999 ιι,
1740 4934 1793 4986 6.
1826 4931 1907 5004 (d)
1937 4933 1947 4987 ]

2061 4947 2121 4983 η’.
2155 4922 2219 4994 ιι,
2251 4929 2303 4980 9.
2337 4924 2403 4994 (c)
2427 4922 2644 4979 Psalm.
2682 4940 2744 4990 ιι,
2772 4924 2823 4978 8.

395 5106 488 5172 92)
517 5106 832 5187 3541‘qu
859 5109 969 5187 ἐστι
1025 5109 1117 5165 καὶ
1146 5115 1242 5187 τοῦ
1260 5112 1452 5187 Δνιᾷμου
1480 5108 1792 5187 πλήρωσις.
1810 5111 1951 5187 _Ve_l,

304 5172 564 5259 ἔξήγησίς
587 5172 837 5259 ἱστίτ-οῦ
868 5180 1042 5259 νομου
1072 5183 1162 5237 καὶ
1217 5172 1533 5259 πλήρωσαν
1583 5172 1617 5236 ἐξ
1676 5172 1766 5240 est
1807 5172 1955 5256 legis

303 5250 592 5326 expositio
624 5257 694 5326 et»
711 5250 1079 5326 adimpletio.
1100 5278 1138 5326 ῃ

373 5323 483 5397 (⁸93)
510 5322 589 5380 ῡό
618 5324 719 5397 μή.
754 5322 999 5393 Ιεειξνιι,
1027 5323 1152 5380 οὐδὲ
1186 5326 1286 5397 μή.

376 5393 485 5462 (94)
511 5393 810 5467 Μεγίστης.
874 5398 937 5451 Π.
997 5393 1565 5469 μεγίστηήοηιὶιιᾶι.
1626 5415 1766 5454 casu
1824 5416 1837 5453 :
1897 5402 1956 5453 et

299 5478 437 5517 mox
467 5472 637 5531 ποιεῖ,
670 5469 852 5524 indic.
888 5469 1085 5524 modo.
1118 5470 1389 5525 vaunc.

369 5534 480 5626 (95)
515 5536 625 5626 [δοῦ
656 5559 713 5625 φἐ
750 5544 859 5593 Ποῦ
911 5541 1162 5626 πορευθῶ
1193 5537 1299 5593 ἀπὸ
1346 5543 1443 5626 τοῦ
1492 5539 1801 5626 πνεύματές
1834 5558 1952 5626 σου,

299 5607 391 5658 καὶ
449 5607 558 5663 ἀπὸ
614 5607 711 5665 τοῦ
767 5607 1067 5687 προσώπου
1129 5630 1225 5665 σου
1282 5615 1389 5665 ποῦ
1444 5610 1598 5689 φύγω
1633 5607 1673 5681 ’;
1735 5607 1951 5669 Ρεᾶιῐῐιί

306 5692 535 5738 CXXXIX.
1492 5722 1499 5727 υ

2278 5103 2399 5180 Ἒ-ἁν
2431 5100 2625 5180 ἀπίξλθ.
2659 5100 2779 5180 ’βὰν
2836 5095 3056 5180 καταιϐιῦ
3113 5100 3191 5165 εἰς
3244 5100 3335 5156 τὸν
3384 5098 3546 5180 ᾅδην,
3604 5100 3705 5180 πά-

2062 5167 2165 5248 ρει’·
2199 5167 2286 5232 ὶᾶν
2320 5167 2580 5249 ᾁναλάϐω
2634 5172 2729 5249 τᾲς
2787 5171 3054 5249 πτίρυγᾴς
3091 5193 3222 5249 ημου
3278 5167 3590 5249 xar‘;(scr._
3613 5168 3710 5249 ὅρ-

2062 5241 2213 5325 θρον)
2244 5247 2334 5325 καὶ
2372 5244 2778 5325 κατασκηνώσω
2833 5241 2910 5308 εἰς
2965 5241 3056 5325 τᾷ.
3089 5241 3291 5325 ἔσχατα
3354 5241 3460 5311 τῆς
3505 5241 3709 5325 θαλάσ-

2062 5312 2305 5391 σης,’καὶ
2337 5312 2640 5391 γᾷρλέκ-εῖή
2686 5315 2809 5391 χείρ
2860 5336 2956 5371 σου
2995 5312 3256 5391 ὁδηγήσει
3319 5336 3408 5388 με,
3454 5314 3544 5370 καὶ
3600 5334 3708 5368 κα·-

2065 5386 2182 5465 θξξέ
2187 5413 2201 5445 ι
2234 5386 2361 5465 μεΑῇ
2390 5386 2676 5465 δεξιάμσου.

2134 5457 2247 5538 (97)
2277 5458 2505 5538 Ἰδοὺρκ.
2540 5460 2840 5538 PrasterS.
2870 5460 3190 5538 Scriptura;
3249 5458 3378 5538 loca
3395 5457 3708 5538 “superius

2062 5527 2261 5602 allata,
2293 5533 2448 5591 conf.
2466 5548 2596 5604 quas
2610 5530 2913 5587 adnotavit
2939 5527 3265 5604 Cotelerius
3295 5528 3367 5581 nd
3389 5527 3708 5604 Clementis

2063 5601 2310 5665 Romani
2342 5601 2614 5676 Epistolas
2635 5603 2851 5676 prioris
2883 5602 2956 5657 ad
2986 5601 3300 5655 Corinthios
3320 5615 3449 5670 cap.
3484 5602 3571 5653 34.
