4066 6192
358 301 378 354 1
391 299 497 353 355

1588 294 1996 349 CLEMENTIB
2033 295 2502 351 ALEXANDBIN
2511 296 2532 346 Ι

3631 297 3778 352 1356

357 421 702 493 Pythagorei
731 439 743 486 ;
765 437 902 474 nam
927 419 1013 474 illi
1029 436 1265 490 quoque
1284 435 1471 490 spem,
1493 424 1777 489 tanquam
1798 417 2000 482 ﬁnem,

2130 435 2299 477 ιενος·
2331 438 2358 470 ο
2425 418 2773 490 ’Δνθρώπους
2847 416 2992 489 μένει
3046 418 3416 482 ἀποθανόντας
3477 420 3617 474 ἅσσα
3679 420 3788 475 οὐκ

356 511 769 584 proponebant
801 508 871 562 iis
898 508 996 578 qui
1023 507 1599 578 philosophabantur
1621 525 1635 572 ;
1660 521 1795 560 cum
1825 505 2005 558 etiam

359 604 626 657 Socrates
659 598 815 652 dicat
846 599 906 651 in
954 599 1244 664 Phaedone,
1280 621 1308 646 ‹‹
1358 597 1545 652 bonas
1593 596 1823 650 animas
1869 594 2007 648 hinc

360 707 492 745 cum
545 688 608 750 ›ι‹
665 687 820 741 bona
859 703 962 757 spe
1008 686 1333 751 excedere;
1389 708 1416 734 »
1461 691 1519 740 et
1566 701 1773 740 rursus
1820 681 2009 737 malos

362 782 723 850 vituperans,
759 777 842 832 eis
875 777 1119 847 opponit
1147 793 1160 829 :
1187 799 1213 824 «
1247 776 1460 829 Vivunt
1489 774 1645 829 enim
1689 789 1823 828 cum
1854 771 2011 826 mala

363 888 489 941 spe,
511 893 528 916 ο
549 867 844 923 dicens.Ei
864 866 1094 921 videtur
1110 867 1289 921 etiam
1307 865 1642 920 consentire
1659 863 2009 929 Heraclitus,

367 963 425 1015 in
455 961 548 1025 iis,
581 976 712 1028 quae
746 957 888 1012 dicit
919 957 1220 1010 disserens
1263 955 1336 1008 de
1386 954 1764 1030 hominibus:
1813 975 1841 1002 ‹‹
1897 953 2012 1006 Ilo-

369 1050 560 1104 mines
618 1053 885 1102 mortuos
943 1051 1205 1110 manent,
1257 1061 1390 1115 qua:
1442 1061 1560 1099 non
1610 1031 1853 1114 sperant
1903 1057 2012 1096 nec

371 1143 732 1209 exspectant.
770 1159 797 1184 »
829 1135 1031 1190 Divine
1055 1151 1191 1206 ergo
1225 1133 1441 1188 Paulus
1472 1138 1673 1204 aperte
1705 1131 1912 1186 scribit
1938 1129 2013 1184 ad

370 1231 665 1282 Romanos
688 1241 743 1278 :u
766 1223 1021 1278 Afﬂictio
1045 1223 1393 1293 patientiam
1406 1228 1704 1294 operatur,
1728 1219 2014 1292 patientia

370 1333 503 1370 vero
539 1313 971 1386 probationem,
994 1311 1262 1382 probatio
1285 1316 1482 1366 autem
1507 1325 1696 1380 spem,
1722 1325 1855 1380 spes
1877 1324 2011 1362 vero

368 1406 590 1477 pudore
624 1421 742 1458 non
769 1403 1058 1473 afﬁcit(a).
1079 1425 1105 1451 ››
1121 1405 1368 1474 Propter
1389 1417 1554 1473 spem
1569 1401 1727 1455 enim
1750 1401 2011 1455 futuram

370 1501 460 1549 est
489 1494 810 1564 patientia;
840 1515 866 1542 ‹‹
904 1509 1038 1563 spes
1073 1514 1099 1539 η
1133 1497 1331 1546 autem
1376 1496 1465 1545 est
1495 1490 1672 1544 etiam
1715 1489 2012 1560 mquivoce

372 1585 494 1655 spei
524 1582 775 1636 redditio
818 1587 877 1636 et
923 1581 1255 1646 restitutio;
1306 1596 1437 1650 quas
1488 1579 1666 1634 etiam
1717 1598 1739 1627 ι
1791 1578 2014 1649 pudore

372 1690 490 1727 non
519 1671 720 1735 afﬁcit,
757 1692 783 1718 »
815 1676 880 1723 ut
906 1686 1037 1740 qua)
1088 1667 1318 1739 probris
1365 1674 1422 1722 et
1469 1667 1846 1722 contumeliis
1894 1682 2014 1721 non

2117 502 2394 576 ἔλπονται,
2429 503 2555 559 οὐδὶ
2606 502 2916 564 δοκέουσιν.
2976 506 3145 568 Θείως
3203 505 3295 560 οὖν
3328 509 3356 562 6
3393 507 3613 570 Παῦλος
3644 510 3788 564 Ῥω-

2119 593 2304 663 μαίοις
2361 592 2610 668 ἄντικρυς
2664 592 2934 649 ἇπιστέλει
2971 614 2983 627 ’
3042 618 3073 646 ‹‹
3114 597 3182 652 Ἠ
3239 595 3425 670 ϐλίψις
3485 600 3786 671 ὑπομονὴν

2115 683 2522 756 κατεργάζεται,
2577 685 2611 750 ἡ
2646 679 2702 736 δὲ
2765 683 3018 756 ὑπομονή
3082 681 3338 757 δοκιμὴν,
3378 688 3413 754 ἡ
3462 683 3521 741 δε
3567 684 3788 760 δοκιμὴ

2118 767 2332 824 ἐλπίδα·
2367 773 2400 839 ἡ
2433 767 2491 825 δὲ
2535 768 2694 833 ἐλπὶς
2748 771 2810 825 οὐ
2854 772 3228 846 καταισχύνει,
3261 797 3288 824 ››
3321 772 3393 828 δι’
3424 773 3628 830 ἐλπίδα
3681 778 3788 849 μὲν

2118 859 2222 934 γὰρ
2251 861 2350 928 τήν
2413 858 2720 933 μέλλουσαν
2753 863 2787 930 ἡ
2822 860 3094 934 ὑπομονὴ.
3129 861 3324 923 Ἐλπὶς
3355 866 3469 936 (25)
3500 861 3560 918 δὲ
3616 866 3789 938 ὁμω-

2118 947 2304 1019 νύμως
2349 950 2437 1003 καὶ
2469 951 2503 1018 ἡ
2534 955 2635 1018 τῆς
2694 947 2920 1010 ἐλπίδος
2969 947 3229 1012 ἀπόδοσίς
3281 972 3340 1006 τε
3370 952 3460 1006 καὶ
3495 953 3786 1008 ἀποκατά-

2119 1059 2324 1100 στασις’
2357 1037 2392 1108 ἢ
2425 1039 2512 1092 καὶ
2545 1065 2572 1090 ι(
2607 1039 2672 1093 οὐ
2700 1039 3070 1113 καταισχύνει,
3095 1064 3122 1089 ››
3150 1041 3224 1110 μὴ
3259 1036 3634 1113 ὀνειδιζομένη
3672 1040 3786 1098 ἔτι.

2118 1127 2174 1178 Ὀ
2203 1123 2259 1180 δὲ
2287 1125 2420 1201 κιλῇ
2450 1124 2666 1198 κλήσει,
2699 1127 2832 1190 καθὸ
2860 1124 3149 1197 κέκληται,
3185 1128 3472 1182 ὑπακούων
3525 1129 3654 1184 οὔτε
3687 1128 3791 1185 διὰ

2120 1209 2288 1290 φόϐον
2320 1210 2443 1270 οὔτε
2468 1212 2556 1269 διὰ
2585 1212 2784 1284 ἡδονάς
2832 1215 2920 1270 ἐπὶ
2967 1219 3066 1284 τήν
3117 1221 3317 1290 γνῶσιν
3367 1217 3527 1272 ἳεται⁶
3560 1220 3626 1274 οὐ
3671 1219 3788 1294 γὰρ

2121 1304 2558 1377 περισκέπτεται,
2585 1303 2640 1359 εἶ’
2673 1325 2725 1359 τι
2787 1302 3070 1368 λυσιτελὲς
3126 1303 3319 1375 ἔξωθεν
3370 1303 3545 1362 ἕπεται
3577 1305 3791 1383 κέρδος

2123 1391 2157 1461 ἢ
2191 1392 2491 1456 ἀπόλαυσις
2547 1397 2657 1466 (26)
2709 1394 2878 1465 αὐτῷ’
2939 1393 3116 1470 ἀγάπῃ
3149 1391 3205 1449 δὲ
3231 1398 3328 1448 τοῦ
3387 1391 3553 1458 ὅντως
3612 1392 3792 1459 ὄντος

2123 1480 2348 1553 ἐραστοῦ
2379 1479 2699 1555 ἰλκόμενος,
2729 1481 2817 1537 καί
2847 1483 2982 1559 πρὸς
3013 1483 3074 1537 τὸ
3123 1481 3243 1538 δέον
3277 1483 3565 1558 ἀγόμενος,
3594 1497 3790 1548 θεοσε-

2123 1566 2228 1626 ϐεῖ.
2258 1571 2420 1635 ’Ὀθεν
2449 1568 2574 1626 οὐδ’
2602 1570 2646 1626 εἴ
2683 1572 2801 1636 καθ’
2837 1571 3087 1626 ὑπόθεσιν
3122 1570 3360 1645 ἐξουσίαν
3414 1569 3583 1628 λάϐοι
3631 1575 3792 1647 παρᾶ

2120 1663 2222 1715 τοῦ
2255 1664 2388 1715 Θεοῦ
2443 1661 2696 1736 πράττειν
2735 1660 2802 1715 τὰ
2831 1659 3274 1736 ἀπηγορευμένα,
3306 1661 3664 1736 ἀτιμώρητός
3721 1685 3785 1718 τε

371 1761 626 1831 amplius
643 1759 957 1814 afﬁciatur.
984 1758 1092 1822 Qui
1114 1762 1313 1812 autem
1337 1757 1511 1812 nudas
1534 1756 1847 1822 vocationi,
1874 1772 2014 1826 qua-

2130 1747 2220 1818 ὣν,
2253 1746 2368 1804 οὐδ’
2397 1747 2443 1804 εἰ
2480 1750 2570 1803 καὶ
2624 1748 2815 1822 μισθὸν
2870 1749 2937 1803 τὰ
2997 1751 3252 1824 μακάρων
3303 1750 3472 1824 ἀγαθά
3503 1749 3789 1825 λήψεσθαι

2130 1837 2210 1852 ι.
2309 1835 2500 1852 -..
2683 1835 2740 1852 ς,
3005 1833 3110 1852 ..ο
3243 1837 3456 1852 ης..
3561 1840 3574 1852 .
3674 1843 3686 1852 .

374 1858 547 1905 tenus
579 1853 816 1902 vocatus
849 1851 958 1913 est,
989 1845 1209 1912 obedit,
1244 1846 1293 1900 is
1338 1862 1531 1916 neque
1573 1850 1812 1916 propter
1844 1845 2015 1899 timo-

375 1957 520 2004 rem,
556 1955 749 2007 neque
781 1942 1024 2007 propter
1042 1935 1394 2005 voluptates,
1422 1933 1612 1988 tendit
1631 1934 1704 1988 ad
1728 1933 2016 2005 cognitio-

376 2045 534 2083 nem.
568 2029 692 2082 Non
715 2025 875 2080 enim
897 2023 1236 2079 considerat
1255 2039 1333 2078 an
1354 2021 1597 2092 aliquod
1621 2021 1764 2076 utile
1788 2021 2020 2076 lucrum

376 2118 464 2172 vel
497 2116 808 2171 delectatio
839 2114 1040 2184 aliqua
1069 2113 1436 2168 extrinsecus
1466 2115 1884 2182 consequatur,
1918 2108 2021 2165 sed

377 2211 601 2260 tractus
639 2221 672 2258 a
702 2204 1020 2258 dilectione
1055 2203 1205 2274 ejus,
1238 2202 1339 2272 qui
1368 2218 1499 2256 vere
1522 2206 1612 2256 est
1636 2199 1934 2266 amabilis,
1966 2202 2024 2253 et

374 2291 449 2346 ad
487 2291 568 2357 id,
602 2291 761 2360 quod
794 2291 923 2344 ﬁeri
957 2295 1210 2360 oportet,
1239 2289 1552 2355 adductus,
1594 2289 1728 2359 pius
1778 2293 1869 2343 est
1917 2287 2020 2342 Dei

372 2380 582 2435 cultor.
620 2377 784 2432 Unde
816 2394 925 2431 nec
956 2379 1002 2430 si
1027 2395 1134 2448 per
1162 2377 1516 2448 hypothesin
1557 2393 1590 2431 a
1626 2377 1744 2431 Deo
1775 2392 2020 2447 accepe-

371 2469 449 2522 rit
478 2473 832 2538 potestatem
886 2465 1142 2520 faciendi
1190 2481 1280 2531 ea,
1331 2482 1462 2536 qua)
1512 2471 1652 2519 sunt
1697 2465 2017 2536 prohibita,

377 2559 525 2611 citra
555 2557 738 2611 ullam
766 2572 1000 2626 pmnam
1027 2573 1040 2621 ;
1069 2571 1261 2625 neque
1293 2555 1341 2609 si
1366 2559 1679 2626 propterea
1710 2553 2018 2608 beatorum

371 2647 529 2700 bona
562 2649 944 2715 accepturum
977 2660 1112 2698 eum
1145 2659 1296 2712 esse,
1330 2642 1381 2696 ei
1414 2642 1772 2714 promissum
1802 2642 2018 2708 fuerit;

373 2736 476 2789 sed
509 2752 616 2789 nec
644 2735 690 2788 si
721 2749 1072 2804 persuasum
1103 2731 1378 2787 habuerit
1404 2731 1550 2797 fore,
1593 2737 1658 2786 ut
1704 2733 1889 2786 Deum
1933 2731 2020 2786 la-

369 2830 532 2879 teant
559 2840 629 2878 ea
659 2840 790 2894 qum
820 2823 971 2894 gerit
1003 2821 1182 2893 (quod
1214 2820 1456 2892 quidem
1482 2821 1609 2875 fieri
1632 2837 1752 2875 non
1782 2821 2018 2891 potest),

370 2914 428 2966 in
462 2913 728 2967 animum
750 2927 1012 2982 unquam
1038 2916 1128 2964 est
1157 2909 1530 2977 inducturus,
1559 2914 1624 2964 ut
1639 2909 1865 2980 aliquid
1887 2915 2021 2982 agat

368 3009 585 3072 praeter
615 3006 836 3055 rectam
871 3000 1186 3063 rationem,
1217 3015 1352 3053 cum
1404 2997 1484 3065 id,
1535 2998 1695 3068 quod
1746 3014 1879 3053 vere
1930 3003 2022 3054 est

2125 1837 2212 1894 ἐπὶ
2243 1835 2426 1892 τοῖσδε
2482 1835 2804 1913 ἐπαγγελίαν
2858 1833 3190 1912 προσλάϐοι,
3232 1837 3358 1894 ἀλλ’
3415 1840 3578 1894 εἶκαὶ
3611 1843 3788 1910 Λήσε-

2123 1929 2242 1982 σθαι
2271 1927 2363 1982 τὸν
2413 1927 2542 1983 Θεὸν
2585 1926 2665 2002 ἐφ’
2724 1928 2801 1989 οἶς
2856 1927 3078 2003 πράττει
3127 1927 3392 1999 πεισθείη·
3453 1929 3612 2005 (ὅπερ
3646 1927 3788 1984 ἀδύ-

2130 2019 2335 2088 νατον·)
2369 2015 2563 2090 πρὰξαί
2591 2038 2643 2071 τι
2672 2017 2818 2092 παρᾶ
2862 2018 2952 2071 τὸν
3009 2016 3172 2091 λόγον
3202 2018 3293 2072 τὸν
3327 2018 3483 2092 ὀρθὸν
3517 2017 3789 2089 ἐθελήσαι

2130 2107 2250 2161 ποτ’
2280 2104 2366 2174 ἃν,
2394 2105 2456 2159 τὸ
2487 2105 2657 2168 ὅντως
2705 2103 2871 2161 καλὸν
2920 2106 3009 2160 καὶ
3067 2108 3276 2181 αἱρετὸν
3335 2107 3385 2180 ἐξ
3439 2109 3656 2176 ἑαυτοῦ,
3690 2109 3791 2164 καὶ

2127 2197 2295 2262 ταύτῃ
2351 2195 2626 2272 ἀγαπητὸν
2683 2195 2818 2251 εἶναι
2889 2195 3025 2266 ἅπαξ
3083 2195 3368 2270 ἑλόμενος.
3429 2197 3505 2256 Οὐ
3558 2198 3667 2274 γὰρ
3729 2199 3788 2254 ὲν

2129 2285 2360 2360 γαστρὸς
2394 2286 2532 2361 βορᾷ
2582 2285 2646 2340 τὸ
2703 2285 2946 2360 χρηστὸν
3006 2287 3141 2340 εἶναι
3197 2283 3575 2364 διειλὴφαμεν.
3611 2291 3792 2359 Ἀκή-

2127 2397 2222 2431 κοε
2253 2373 2299 2430 δ’
2329 2375 2556 2444 ἐκεῖνος,
2589 2376 2663 2437 ὡς
2705 2377 2902 2450 βρῶμα
2958 2378 3105 2448 ἡμᾶς
3161 2377 3224 2431 οὖ
3272 2380 3629 2452 παραστήσει,
3658 2377 3793 2434 οὐδὲ

2133 2466 2241 2536 μὴν
2267 2463 2464 2540 γάμος,
2495 2461 2622 2519 ἀλλ’
2653 2461 2783 2519 οὐδὲ
2839 2464 3024 2539 ἀποχὴ
3086 2465 3265 2540 γάμου
3293 2471 3408 2536 (27)
3435 2465 3485 2520 ἂν
3517 2467 3788 2540 ἀγνωσίη,

2129 2550 2274 2607 ἀλλᾶ
2301 2553 2364 2607 τὸ
2393 2554 2509 2607 κατ’
2541 2551 2736 2626 ἀρετήν
2797 2547 2956 2626 ἔργον
3009 2553 3071 2608 τὸ
3129 2555 3451 2628 γνωστικόν’
3482 2555 3599 2610 ἐπεὶ
3627 2557 3724 2610 καὶ
3759 2557 3788 2610 ὁ

2127 2640 2295 2714 κύων,
2353 2643 2416 2696 τὸ
2479 2645 2614 2710 ζῶον
2669 2643 2730 2696 τὸ
2788 2638 3013 2716 ἄλογον,
3072 2640 3328 2718 ἐγκρατὲς
3384 2643 3647 2716 λεγέσθω,
3690 2647 3776 2699 τὸν

2127 2729 2455 2804 ἐπαιρόμενο
2515 2731 2615 2800 τὴν
2649 2730 2945 2806 βακτηρίαν
2981 2728 3180 2801 δεδιὸς,
3214 2734 3303 2786 καὶ
3348 2731 3438 2787 διὰ
3477 2738 3646 2789 τοῦτο
3682 2739 3779 2789 τοῦ

2129 2816 2268 2892 ὄψου
2300 2819 2668 2894 ἀπεχόμενον.
2700 2821 2823 2875 Τῶν
2869 2821 3158 2890 τοιούτων,
3193 2821 3248 2876 εὖ
3279 2819 3413 2887 ἴσθι,
3445 2823 3530 2877 δτι
3560 2844 3784 2898 περιαι-

2130 2913 2342 2982 ρεθεῖσα
2373 2910 2406 2978 ἡ
2441 2907 2733 2984 ὑπόσχεσις
2783 2911 2817 2978 ἡ
2849 2907 3374 2984 προεπηγγελμένη,
3423 2911 3516 2965 καὶ
3549 2912 3578 2966 6
3610 2908 3788 2989 φόϐος

2128 3000 2487 3071 περιγραφείς
2520 2997 2548 3051 6
2579 2995 3044 3070 ἐπηπειλημένος,
3079 2999 3169 3052 καὶ
3203 3001 3495 3073 χωρισθεὶς
3546 3002 3573 3055 ὸ
3599 3000 3792 3057 κίνδου

370 3091 712 3157 honestum,
747 3094 804 3142 et
833 3105 902 3142 ex
933 3088 1126 3159 seipso
1161 3086 1518 3158 eligendum,
1563 3093 1622 3140 et
1667 3103 1738 3142 ea
1785 3087 2014 3142 ratione

2130 3107 2216 3148 νος
2311 3085 2711 3159 ὲπηρτημὲνος,
2744 3088 2844 3154 τὴν
2889 3090 3143 3162 πρόθεσιν
3175 3070 3418 3163 ἐλέγχει.

371 3178 767 3256 expetendum
800 3176 1263 3247 amandumque,
1296 3175 1478 3231 semel
1506 3175 1768 3247 elegerit.
1805 3178 1926 3230 Non
1959 3177 2120 3232 enim
2151 3177 2212 3231 in
2245 3193 2381 3232 esca
2411 3176 2631 3232 ventris
2661 3176 2881 3232 bonum
2914 3195 3043 3232 esse
3067 3179 3247 3234 situm
3279 3180 3641 3250 accepimus.
3675 3186 3800 3238 Au-

369 3269 513 3322 divit
541 3273 740 3322 autem
773 3266 894 3332 ille,
929 3265 1087 3336 quod
1129 3288 1156 3315 «
1190 3265 1356 3320 cibus
1408 3282 1517 3320 nos
1574 3281 1694 3319 non
1753 3266 2195 3322 commendabit
2220 3267 2313 3338 (ὁ),
2349 3283 2544 3338 neque
2600 3267 3072 3336 matrimonium,
3106 3267 3208 3322 sed
3257 3286 3450 3340 neque
3482 3270 3801 3327 abstinen—

372 3359 452 3412 tia
481 3375 514 3412 a
539 3356 919 3411 matrimonio
963 3356 1023 3408 in
1085 3353 1480 3426 ignoratipne,
1514 3353 1615 3407 sed
1645 3370 1793 3425 Opus
1823 3355 2154 3426 gnosticum
2207 3374 2276 3412 ex
2306 3357 2542 3410 virtute.
2604 3359 2740 3412 Nam
2776 3358 2940 3413 canis
2999 3374 3255 3428 quoque,
3313 3361 3413 3430 qui
3445 3367 3535 3415 est
3566 3362 3799 3431 animal

373 3463 584 3518 expers
617 3445 887 3511 rationis,
921 3444 1004 3499 sic
1045 3443 1275 3497 dicatur
1304 3458 1432 3496 esse
1464 3444 1797 3510 continens,
1831 3443 1974 3500 dum
2006 3461 2140 3500 eum
2171 3445 2340 3501 timet
2369 3446 2472 3517 qui
2504 3446 2659 3500 tollit
2688 3446 2983 3514 baculum,
3017 3453 3075 3501 et
3103 3447 3236 3502 ideo
3268 3465 3301 3502 a
3327 3448 3458 3503 cibo
3507 3449 3796 3508 abstinet.

369 3535 531 3601 Quad
565 3535 611 3590 si
645 3534 843 3589 ablata
872 3533 1051 3587 fuerit
1080 3531 1395 3604 promissio
1429 3531 1548 3585 illis
1579 3532 1752 3598 facta,
1788 3533 1834 3586 si
1871 3532 2047 3588 timor
2083 3535 2409 3591 intentatbs
2439 3536 2724 3608 praseisus
2753 3535 2935 3592 fuerit
2962 3542 3021 3592 et
3050 3537 3380 3608 periculum
3432 3539 3798 3610 impendens

367 3623 693 3692 evanuerit,
731 3628 853 3678 tum
886 3627 1046 3676 certo
1077 3621 1228 3677 scias
1261 3621 1459 3676 statim
1491 3621 1900 3693 appariturum
1929 3622 2056 3679 fore
2088 3623 2329 3680 illorum
2359 3625 2749 3697 propositum.

1821 3783 2052 3838 CAPUT
2117 3785 2315 3839 XXIII.

371 3885 446 3938 ()b
477 3899 640 3952 quam
671 3883 941 3938 rationem
995 3883 1256 3952 perfectis
1285 3898 1319 3936 a
1347 3882 1506 3936 rebus
1558 3884 1741 3938 sensui
1779 3884 2066 4010 jucundis,
2095 3900 2285 4011 'tquam
2341 3887 2578 3940 maxime
2628 3892 2828 3956 potest,
2898 3887 3195 3956 abstineat,
3251 3887 3526 3942 meliorum
3571 3887 3796 3942 scilicet

1960 3972 2020 4010 in
2047 3972 2106 4010 ut
2133 3973 2188 4011 u.

1960 3972 2188 4014 mnam.

447 4082 572 4134 Non
615 4077 772 4132 enim
825 4076 936 4147 ipsi
987 4077 1072 4132 rei
1121 4082 1348 4131 naturai
1398 4094 1460 4131 se
1505 4079 1913 4145 accomodant,
1963 4085 2030 4135 ut

372 4186 577 4224 revera
607 4166 870 4240 gnostice
897 4163 1430 4235 comprehendant,
1455 4180 1583 4219 esse
1606 4165 1847 4236 quidem
1869 4167 2028 4224 bona

2207 4077 2285 4136 Οὐ
2322 4080 2424 4156 γάρ
2483 4078 2619 4154 αὐτῇ
2683 4083 2751 4154 τῇ
2811 4079 2964 4146 φύσει
3024 4085 3121 4136 τοῦ
3168 4101 3485 4156 πράγματος
3545 4079 3795 4136 οἳκειοῦ-

2137 4188 2224 4222 ται
2279 4171 2391 4242 (28)
2429 4213 2444 4240 ,
2504 4169 2578 4231 ὡς
2631 4173 2711 4241 τῷ
2763 4168 2880 4225 ὄντι
2949 4175 3261 4245 γνωπικῶς
3343 4165 3745 4226 καταλαϐέσθαι
3779 4214 3798 4244 ,

375 4260 598 4325 omnia,
632 4273 764 4328 quae
787 4261 986 4310 creata
1012 4259 1150 4309 sunt
1175 4252 1248 4308 ad
1279 4269 1454 4308 usum
1475 4259 1748 4310 nostrum
1775 4275 1790 4321 ;
1813 4261 1880 4310 ut
1900 4274 2025 4313 ma-

374 4349 741 4412 trimonium,
773 4345 932 4399 verbi
964 4344 1171 4416 gratia,
1206 4349 1263 4397 et
1293 4341 1619 4398 liberorum
1659 4346 2024 4415 procreatio-

2132 4255 2275 4312 καλᾶ
2312 4257 2408 4329 μὶν
2458 4259 2592 4312 εἶναι
2647 4258 2841 4328 πάντα,
2875 4260 2973 4314 ὅσα
3027 4259 3104 4321 είς
3163 4266 3366 4334 χρῆσιν
3427 4261 3590 4332 ἡμῶν
3649 4258 3802 4314 ἐκτί-

2134 4347 2256 4416 σθη·
2316 4347 2392 4408 ὡς
2455 4350 2631 4423 γάμον
2678 4391 2691 4416 ,
2761 4347 2885 4425 φέρε
2953 4346 3168 4415 εἰπεῖν,
3235 4349 3324 4402 καὶ
3388 4344 3745 4402 παιδοποιίαν
3781 4392 3797 4413 ,

371 4454 530 4504 nem,
566 4437 610 4491 si
640 4436 712 4489 iis
744 4441 1047 4488 uteremur
1072 4449 1206 4488 cum
1235 4432 1648 4503 temperantia,
1673 4431 1897 4489 bonum
1915 4451 2016 4490 au-

2130 4410 2264 4507 μετὰ
2321 4410 2687 4514 σωφροσύνης
2750 4410 3219 4511 παίσειλημμέναο
3279 4436 3457 4492 καλοῦ
3535 4434 3592 4491 δὶ
3655 4410 3795 4491 εἶναι.

373 4533 492 4580 tem
521 4524 582 4586 >14
613 4540 743 4578 esse
771 4523 1005 4588 melius,
1037 4527 1102 4576 ut
1132 4521 1264 4592 quis
1286 4537 1392 4592 per
1415 4537 1565 4590 eam,
1600 4537 1731 4592 quas
1754 4528 1844 4576 est
1874 4523 2013 4588 Deo,

371 4613 883 4679 assimilationem,
906 4610 1112 4666 evadat
1129 4609 1475 4681 impatibilis
1495 4614 1552 4663 et
1572 4611 1786 4665 virtute
1810 4612 2018 4682 praedi-

2126 4523 2345 4596 ἄμεινον
2398 4528 2503 4599 (⁸29¹
2565 4527 2666 4596 τήν
2724 4526 2860 4602 πρὸς
2917 4527 2980 4581 τὸ
3039 4532 3192 4582 Θεῖον
3259 4525 3588 4599 ἐξομοίωσιν
3647 4525 3796 4580 ἀπα-

2125 4614 2191 4683 θῆ
2246 4617 2359 4687 (30)
2407 4615 2497 4670 καὶ
2556 4613 2804 4690 ἐνάρετον
2863 4616 3131 4692 γενέσθαι.
3202 4621 3329 4677 Τοῖς
3362 4612 3420 4670 δὲ
3453 4613 3649 4685 ἔξωθεν
3703 4614 3798 4670 εὖ·

441 4767 503 4829 ,ις
533 4759 730 4833 12,630
761 4756 872 4833 ιιι),
908 4755 1196 4833 130nm,
1220 4753 1468 4833 5532-533
1501 4754 1612 4808 ED.
1648 4755 1874 4810 PARIS.
1949 4763 2012 4828 ,ις

2134 4760 2234 4814 631
2297 4762 2408 4815 ED.
2465 4762 2760 4830 POTTER,
2802 4763 3042 4817 533-534
3073 4764 3184 4817 ΕΙ).
3217 4761 3448 4818 PARIS.
3507 4760 3791 4833 ((1)8011).

371 4847 424 4895 v,
455 4825 508 4893 3,
534 4831 587 4899 4,
739 4829 816 4898 (b)
848 4828 871 4880 Ι
901 4827 1029 4882 Cor.
1059 4842 1180 4893 vm,
1217 4825 1270 4881 8.

445 4983 553 5048 (235)
587 4980 799 5040 Ἐλπίς.
836 4981 972 5034 Vult
1003 4987 1209 5035 auctor
1249 4980 1357 5034 hac
1389 4996 1526 5034 voce
1581 4979 1872 5051 denotari,
1904 5000 2026 5039 non

377 5052 569 5108 solum
601 5075 627 5099 ‹‹
663 5052 937 5126 sperandi
971 5071 1001 5102 ι)
1029 5053 1347 5119 actionem,
1377 5051 1476 5126 sed
1500 5050 1690 5126 etiam
1721 5053 1805 5107 rei
1832 5050 1862 5126 ς(
1893 5071 2024 5126 spe-

376 5130 516 5179 ratm
548 5123 1003 5198 acquisitionem
1039 5139 1052 5176 :
1086 5139 1284 5198 quam‘
1309 5123 1407 5193 qui
1441 5121 1693 5198 feliciter
1741 5121 2024 5198 attigerit,

375 5193 753 5263 contumeliis
776 5192 1360 5263 deincepssuperior
1392 5194 1523 5248 erit.

445 5266 557 5339 (26)
602 5259 805 5336 Κὲρδος
843 5261 895 5339 ,ἢ
939 5259 1482 5339 _dt-1t61au_ot<._Flor.
1539 5265 1661 5322 edit
1688 5309 1701 5329 ,
1735 5263 1931 5339 κέρδος
1985 5269 2020 5338 ἡ

374 5333 696 5406 ἀπόλαυσις,
745 5333 994 5389 articulo
1047 5350 1152 5404 pro
1185 5335 1606 5405 conjunctione
1637 5333 1851 5409 posito.
1886 5333 2024 5396 δγιὲ

373 5429 560 5562 Βυὲἒγ
587 5475 726 5562 otiae
767 5474 956 5562 ξιποχή
986 5494 1038 5548 γ.
1073 5474 1238 5530 Conf.
1273 5476 1546 5546 superius
1603 5480 1804 5536 Strom.
1843 5499 1927 5553 ιιι,
1960 5501 2019 5556 p.

373 5571 432 5623 p.
470 5555 592 5608 534.
626 5552 730 5605 lin.
765 5553 854 5606 27.
1913 5552 1916 5553 ⁷
1960 5552 1980 5556 “

407 5692 419 5696 _
441 5628 557 5696 (28),
592 5626 925 5696 υὲκειοῦται.
983 5619 1299 5696 interpres
1329 5619 1526 5696 vertit,
1577 5636 1645 5675 ac
1668 5691 1678 5696 Α
1702 5622 1749 5675 si
1782 5622 2022 5696 legisset

373 5691 697 5747 οἰκειοῦνται
729 5695 790 5749 in
819 5693 1038 5766 plurali
1069 5691 1234 5751 num.
1268 5691 1434 5761 Quod
1482 5691 1529 5746 si
1571 5691 1900 5752 retineatur
1936 5697 2020 5752 οὶ-

2135 4988 2396 5060 κειοῦται,
2429 4986 2718 5042 referetur
2746 4987 2819 5044 ad
2851 4987 3099 5060 πρόθεσιν
3133 4990 3194 5044 in
3239 4987 3494 5060 prmced.
3549 4992 3795 5042 senten-

2138 5058 2238 5120 tia,
2272 5058 2382 5113 hoc
2416 5075 2595 5114 sensu
2625 5076 2637 5112 :
2675 5061 2850 5114 «Non
2885 5058 3043 5116 enim
3077 5058 3276 5115 rerum
3328 5067 3554 5116 naturaa
3590 5075 3652 5113 se
3685 5075 3791 5113 ac-

2140 5130 2494 5185 commodat.

2205 5203 2318 5270 (29)
2364 5198 2544 5255 Καλοῦ
2605 5195 2663 5254 δὲ
2723 5202 2854 5254 εἶναι
2910 5198 3154 5272 ἄμεινον.
3217 5203 3368 5259 Dicit
3423 5207 3795 5257 «creaturas

2133 5289 2262 5327 esse
2294 5289 2388 5328 res
2417 5273 2624 5339 bonas,
2661 5273 2765 5328 sed
2796 5295 2823 5322 ιο
2858 5274 2951 5329 his
2999 5274 3174 5330 bonis
3216 5275 3430 5329 melius
3481 5294 3504 5324 ι
3539 5289 3694 5337 esse,
3724 5279 3798 5327 ut

2136 5344 2260 5432 Deo.
2285 5361 2390 5432 per
2413 5344 2699 5432 virtutem
2747 5345 2975 5432 similes
3028 5345 3366 5432 evadamus:
3404 5367 3432 5394 »
3487 5343 3793 5432 Sic‘paulo

2132 5409 2482 5498 ροειὶιαλιῖξν
2527 5411 2794 5497 καλλίονα
2825 5416 2993 5472 dixit.
3028 5416 3148 5500 Sed.
3200 5418 3312 5473 hoc
3343 5417 3473 5472 loco
3504 5409 3673 5498 καλὸν
3732 5409 3797 5469 δὶ

2132 5484 2268 5562 εἶναι
2312 5483 2410 5558 ἄμ.
2445 5504 2521 5562 in
2541 5487 2834 5562 editiones
2880 5487 3269 5562 Sylburgiana
3323 5493 3685 5560 posteriores
3718 5503 3798 5544 ex

2131 5557 2449 5643 La‘tinaiut
2472 5557 2724 5643 videtur,
2756 5557 3028 5643 versione
3059 5557 3318 5643 irrepsit.

2129 5629 2596 5758 99ς3ἓὲιίΑ4παθῆ.
2654 5630 2822 5686 Cont.
2875 5632 3104 5703 Paedag.
3164 5629 3264 5688 lib.
3302 5649 3342 5701 ι,
3376 5647 3505 5703 cap.
3569 5632 3619 5699 l,
3653 5646 3791 5704 pag.

2206 5744 2222 5772 ,
2251 5717 2377 5760 net.
2406 5717 2460 5758 ιι.
