  <div class='ocr_page' id='page_1' title='image "/cluster/home/n/w/nwhite01/storage/ocr_20150623/8/hvd.32044073501298/682.png"; bbox 0 0 4066 6192; ppageno 0'>
   <div class='ocr_carea' id='block_1_1' title="bbox 245 368 385 425">
    <p class='ocr_par' dir='ltr' id='par_1_1' title="bbox 245 368 385 425">
     <span class='ocr_line' id='line_1_1' title="bbox 245 368 385 425; baseline -0.014 0"><span class='ocrx_word' id='word_1_1' title='bbox 245 368 385 425; x_wconf 85' lang='grc'>1357</span> 
     </span>
    </p>
   </div>
   <div class='ocr_carea' id='block_1_2' title="bbox 1571 348 2326 429">
    <p class='ocr_par' dir='ltr' id='par_1_2' title="bbox 1571 348 2326 429">
     <span class='ocr_line' id='line_1_2' title="bbox 1571 348 2326 429; baseline -0.007 0"><span class='ocrx_word' id='word_1_2' title='bbox 1571 348 2016 429; x_wconf 74' lang='lat' dir='ltr'>smouArUu</span> <span class='ocrx_word' id='word_1_3' title='bbox 2054 367 2188 423; x_wconf 85' lang='lat' dir='ltr'>LIB.</span> <span class='ocrx_word' id='word_1_4' title='bbox 2230 367 2326 424; x_wconf 89' lang='lat' dir='ltr'>1v.</span> 
     </span>
    </p>
   </div>
   <div class='ocr_carea' id='block_1_3' title="bbox 3522 369 3661 426">
    <p class='ocr_par' dir='ltr' id='par_1_3' title="bbox 3522 369 3661 426">
     <span class='ocr_line' id='line_1_3' title="bbox 3522 369 3661 426; baseline 0.014 -1"><span class='ocrx_word' id='word_1_5' title='bbox 3522 369 3661 426; x_wconf 79' lang='grc'>1358</span> 
     </span>
    </p>
   </div>
   <div class='ocr_carea' id='block_1_4' title="bbox 240 491 1889 573">
    <p class='ocr_par' dir='ltr' id='par_1_4' title="bbox 240 492 1889 573">
     <span class='ocr_line' id='line_1_4' title="bbox 240 492 1889 573; baseline -0.013 -6"><span class='ocrx_word' id='word_1_6' title='bbox 240 496 510 571; x_wconf 72' lang='grc' dir='ltr'>χρήσταις</span> <span class='ocrx_word' id='word_1_7' title='bbox 568 497 605 568; x_wconf 77' lang='grc' dir='ltr'>ἢ</span> <span class='ocrx_word' id='word_1_8' title='bbox 693 493 1065 572; x_wconf 74' lang='grc' dir='ltr'>δυσχρήστως</span> <span class='ocrx_word' id='word_1_9' title='bbox 1112 496 1575 573; x_wconf 70' lang='grc' dir='ltr'>προσαγομινοις,</span> <span class='ocrx_word' id='word_1_10' title='bbox 1630 499 1742 550; x_wconf 88' lang='grc' dir='ltr'>τῶν</span> <span class='ocrx_word' id='word_1_11' title='bbox 1802 492 1889 566; x_wconf 70' lang='grc' dir='ltr'>μὶν</span> 
     </span>
    </p>
   </div>
   <div class='ocr_carea' id='block_1_5' title="bbox 2001 491 3664 573">
    <p class='ocr_par' dir='ltr' id='par_1_5' title="bbox 2013 491 3664 563">
     <span class='ocr_line' id='line_1_5' title="bbox 2013 491 3664 563; baseline 0.002 -16"><span class='ocrx_word' id='word_1_12' title='bbox 2013 498 2128 547; x_wconf 92' lang='lat' dir='ltr'>tus.</span> <span class='ocrx_word' id='word_1_13' title='bbox 2163 491 2275 548; x_wconf 90' lang='lat' dir='ltr'>Scd</span> <span class='ocrx_word' id='word_1_14' title='bbox 2297 508 2367 547; x_wconf 85' lang='lat' dir='ltr'>ex</span> <span class='ocrx_word' id='word_1_15' title='bbox 2392 491 2487 561; x_wconf 92' lang='lat' dir='ltr'>iis,</span> <span class='ocrx_word' id='word_1_16' title='bbox 2510 508 2642 563; x_wconf 80' lang='lat' dir='ltr'>quae</span> <span class='ocrx_word' id='word_1_17' title='bbox 2666 491 3036 547; x_wconf 81' lang='lat' dir='ltr'>extrinsecus</span> <span class='ocrx_word' id='word_1_18' title='bbox 3056 491 3457 563; x_wconf 88' lang='lat' dir='ltr'>adducuntur,</span> <span class='ocrx_word' id='word_1_19' title='bbox 3488 494 3664 551; x_wconf 88' lang='lat' dir='ltr'>bonis</span> 
     </span>
    </p>
   </div>
   <div class='ocr_carea' id='block_1_6' title="bbox 240 580 1907 662">
    <p class='ocr_par' dir='ltr' id='par_1_6' title="bbox 240 580 1907 662">
     <span class='ocr_line' id='line_1_6' title="bbox 240 580 1907 662; baseline -0.002 -24"><span class='ocrx_word' id='word_1_20' title='bbox 240 583 561 659; x_wconf 68' lang='grc' dir='ltr'>ἀπέχονται,</span> <span class='ocrx_word' id='word_1_21' title='bbox 592 586 702 639; x_wconf 88' lang='grc' dir='ltr'>τῶν</span> <span class='ocrx_word' id='word_1_22' title='bbox 735 580 781 638; x_wconf 84' lang='grc' dir='ltr'>δ’</span> <span class='ocrx_word' id='word_1_23' title='bbox 812 581 900 643; x_wconf 68' lang='grc' dir='ltr'>οὗ.</span> <span class='ocrx_word' id='word_1_24' title='bbox 944 582 1120 641; x_wconf 88' lang='grc' dir='ltr'>Ἀλλᾶ</span> <span class='ocrx_word' id='word_1_25' title='bbox 1177 586 1264 641; x_wconf 79' lang='grc' dir='ltr'>καὶ</span> <span class='ocrx_word' id='word_1_26' title='bbox 1323 586 1396 639; x_wconf 83' lang='grc' dir='ltr'>ὧν</span> <span class='ocrx_word' id='word_1_27' title='bbox 1448 583 1765 662; x_wconf 69' lang='grc' dir='ltr'>ἀφίστανται</span> <span class='ocrx_word' id='word_1_28' title='bbox 1803 604 1907 655; x_wconf 89' lang='grc' dir='ltr'>μυ-</span> 
     </span>
    </p>
   </div>
   <div class='ocr_carea' id='block_1_7' title="bbox 243 672 1903 751">
    <p class='ocr_par' dir='ltr' id='par_1_7' title="bbox 243 672 1903 751">
     <span class='ocr_line' id='line_1_7' title="bbox 243 672 1903 751; baseline -0.001 -24"><span class='ocrx_word' id='word_1_29' title='bbox 243 674 582 747; x_wconf 83' lang='grc' dir='ltr'>σαττόμενοι,</span> <span class='ocrx_word' id='word_1_30' title='bbox 616 676 784 728; x_wconf 79' lang='grc' dir='ltr'>ταῦτα</span> <span class='ocrx_word' id='word_1_31' title='bbox 813 672 1095 751; x_wconf 80' lang='grc' dir='ltr'>φαίνονται</span> <span class='ocrx_word' id='word_1_32' title='bbox 1146 674 1245 743; x_wconf 80' lang='grc' dir='ltr'>τήν</span> <span class='ocrx_word' id='word_1_33' title='bbox 1305 674 1477 730; x_wconf 78' lang='grc' dir='ltr'>κτίσιν</span> <span class='ocrx_word' id='word_1_34' title='bbox 1523 673 1735 728; x_wconf 85' lang='grc' dir='ltr'>καὶτὸν</span> <span class='ocrx_word' id='word_1_35' title='bbox 1797 680 1903 742; x_wconf 87' lang='grc' dir='ltr'>Δη-</span> 
     </span>
    </p>
   </div>
   <div class='ocr_carea' id='block_1_8' title="bbox 248 758 1903 839">
    <p class='ocr_par' dir='ltr' id='par_1_8' title="bbox 248 758 1903 839">
     <span class='ocr_line' id='line_1_8' title="bbox 248 758 1903 839; baseline -0.002 -21"><span class='ocrx_word' id='word_1_36' title='bbox 248 763 508 839; x_wconf 89' lang='grc' dir='ltr'>μιουργὸν</span> <span class='ocrx_word' id='word_1_37' title='bbox 560 758 974 825; x_wconf 79' lang='grc' dir='ltr'>διαϐάλλοντες’</span> <span class='ocrx_word' id='word_1_38' title='bbox 1025 761 1122 817; x_wconf 68' lang='grc' dir='ltr'>κᾶν</span> <span class='ocrx_word' id='word_1_39' title='bbox 1175 768 1257 836; x_wconf 80' lang='grc' dir='ltr'>τῷ</span> <span class='ocrx_word' id='word_1_40' title='bbox 1308 761 1488 818; x_wconf 78' lang='grc' dir='ltr'>δοκεῖν</span> <span class='ocrx_word' id='word_1_41' title='bbox 1519 766 1725 824; x_wconf 81' lang='grc' dir='ltr'>πιστῶς</span> <span class='ocrx_word' id='word_1_42' title='bbox 1778 762 1903 815; x_wconf 81' lang='grc' dir='ltr'>ἀνα-</span> 
     </span>
    </p>
   </div>
   <div class='ocr_carea' id='block_1_9' title="bbox 247 847 1899 938">
    <p class='ocr_par' dir='ltr' id='par_1_9' title="bbox 247 847 1899 938">
     <span class='ocr_line' id='line_1_9' title="bbox 247 847 1899 938; baseline -0.002 -29"><span class='ocrx_word' id='word_1_43' title='bbox 247 849 605 928; x_wconf 74' lang='grc' dir='ltr'>πρὲφωνται,</span> <span class='ocrx_word' id='word_1_44' title='bbox 662 854 762 921; x_wconf 74' lang='grc' dir='ltr'>τήν</span> <span class='ocrx_word' id='word_1_45' title='bbox 824 852 1003 926; x_wconf 76' lang='grc' dir='ltr'>κρίσιν</span> <span class='ocrx_word' id='word_1_46' title='bbox 1075 847 1301 928; x_wconf 77' lang='grc' dir='ltr'>ἔχουσιν</span> <span class='ocrx_word' id='word_1_47' title='bbox 1385 853 1624 908; x_wconf 85' lang='grc' dir='ltr'>ἀνόσιον.</span> <span class='ocrx_word' id='word_1_48' title='bbox 1694 855 1766 906; x_wconf 86' lang='grc' dir='ltr'>Τὸ</span> <span class='ocrx_word' id='word_1_49' title='bbox 1823 849 1899 938; x_wconf 55' lang='grc' dir='ltr'>δὲ,</span> 
     </span>
    </p>
   </div>
   <div class='ocr_carea' id='block_1_10' title="bbox 248 934 1902 1017">
    <p class='ocr_par' dir='ltr' id='par_1_10' title="bbox 248 934 1902 1017">
     <span class='ocr_line' id='line_1_10' title="bbox 248 934 1902 1017; baseline -0.001 -22"><span class='ocrx_word' id='word_1_50' title='bbox 248 967 277 995; x_wconf 75' lang='grc' dir='ltr'>ι(</span> <span class='ocrx_word' id='word_1_51' title='bbox 309 941 428 1000; x_wconf 85' lang='grc' dir='ltr'>Οὐκ</span> <span class='ocrx_word' id='word_1_52' title='bbox 472 940 851 1014; x_wconf 69' lang='grc' dir='ltr'>ἐπιθυμήσεις,</span> <span class='ocrx_word' id='word_1_53' title='bbox 914 964 942 992; x_wconf 82' lang='grc'>››</span> <span class='ocrx_word' id='word_1_54' title='bbox 995 939 1118 996; x_wconf 83' lang='grc' dir='ltr'>οὕτε</span> <span class='ocrx_word' id='word_1_55' title='bbox 1172 942 1404 1017; x_wconf 80' lang='grc' dir='ltr'>ἀνάγκης</span> <span class='ocrx_word' id='word_1_56' title='bbox 1460 947 1560 1011; x_wconf 84' lang='grc' dir='ltr'>τῆς</span> <span class='ocrx_word' id='word_1_57' title='bbox 1612 939 1671 995; x_wconf 79' lang='grc' dir='ltr'>ἐκ</span> <span class='ocrx_word' id='word_1_58' title='bbox 1728 934 1902 1015; x_wconf 76' lang='grc' dir='ltr'>φόϐου</span> 
     </span>
    </p>
   </div>
   <div class='ocr_carea' id='block_1_11' title="bbox 251 1025 1903 1106">
    <p class='ocr_par' dir='ltr' id='par_1_11' title="bbox 251 1025 1903 1106">
     <span class='ocr_line' id='line_1_11' title="bbox 251 1025 1903 1106; baseline -0.002 -20"><span class='ocrx_word' id='word_1_59' title='bbox 251 1028 444 1101; x_wconf 85' lang='grc' dir='ltr'>δεῖται,</span> <span class='ocrx_word' id='word_1_60' title='bbox 476 1038 577 1102; x_wconf 86' lang='grc' dir='ltr'>τῆς</span> <span class='ocrx_word' id='word_1_61' title='bbox 630 1029 965 1106; x_wconf 74' lang='grc' dir='ltr'>βιαζομένης</span> <span class='ocrx_word' id='word_1_62' title='bbox 1024 1029 1318 1104; x_wconf 73' lang='grc' dir='ltr'>ἀπέχεσθαι</span> <span class='ocrx_word' id='word_1_63' title='bbox 1375 1035 1483 1085; x_wconf 89' lang='grc' dir='ltr'>τῶν</span> <span class='ocrx_word' id='word_1_64' title='bbox 1542 1025 1741 1099; x_wconf 71' lang='grc' dir='ltr'>ἡδέων,</span> <span class='ocrx_word' id='word_1_65' title='bbox 1775 1026 1903 1083; x_wconf 70' lang='grc' dir='ltr'>οὔτε</span> 
     </span>
    </p>
   </div>
   <div class='ocr_carea' id='block_1_12' title="bbox 253 1117 1898 1194">
    <p class='ocr_par' dir='ltr' id='par_1_12' title="bbox 253 1117 1898 1194">
     <span class='ocr_line' id='line_1_12' title="bbox 253 1117 1898 1194; baseline -0.001 -20"><span class='ocrx_word' id='word_1_66' title='bbox 253 1121 468 1193; x_wconf 77' lang='grc' dir='ltr'>μισθοῦ,</span> <span class='ocrx_word' id='word_1_67' title='bbox 498 1124 597 1175; x_wconf 79' lang='grc' dir='ltr'>τοῦ</span> <span class='ocrx_word' id='word_1_68' title='bbox 629 1117 699 1174; x_wconf 85' lang='grc' dir='ltr'>δι’</span> <span class='ocrx_word' id='word_1_69' title='bbox 743 1117 1071 1194; x_wconf 69' lang='grc' dir='ltr'>ἐπαγγελίας</span> <span class='ocrx_word' id='word_1_70' title='bbox 1128 1121 1266 1190; x_wconf 87' lang='grc'>(31),</span> <span class='ocrx_word' id='word_1_71' title='bbox 1326 1117 1710 1183; x_wconf 82' lang='grc' dir='ltr'>ἆναπείθοντος</span> <span class='ocrx_word' id='word_1_72' title='bbox 1762 1117 1898 1173; x_wconf 82' lang='grc' dir='ltr'>ἀνα-</span> 
     </span>
    </p>
   </div>
   <div class='ocr_carea' id='block_1_13' title="bbox 245 1203 1898 1281">
    <p class='ocr_par' dir='ltr' id='par_1_13' title="bbox 245 1203 1898 1281">
     <span class='ocr_line' id='line_1_13' title="bbox 245 1203 1898 1281; baseline -0.001 -18"><span class='ocrx_word' id='word_1_73' title='bbox 245 1207 461 1263; x_wconf 85' lang='grc' dir='ltr'>κόπτειν</span> <span class='ocrx_word' id='word_1_74' title='bbox 492 1208 589 1269; x_wconf 79' lang='grc' dir='ltr'>τὰς</span> <span class='ocrx_word' id='word_1_75' title='bbox 621 1208 816 1281; x_wconf 76' lang='grc' dir='ltr'>ὁρμάς.</span> <span class='ocrx_word' id='word_1_76' title='bbox 849 1203 988 1265; x_wconf 76' lang='grc' dir='ltr'>Οὔτε</span> <span class='ocrx_word' id='word_1_77' title='bbox 1016 1208 1119 1277; x_wconf 75' lang='grc' dir='ltr'>τήν</span> <span class='ocrx_word' id='word_1_78' title='bbox 1179 1207 1424 1276; x_wconf 69' lang='grc' dir='ltr'>ὑπακοὴν</span> <span class='ocrx_word' id='word_1_79' title='bbox 1455 1204 1545 1262; x_wconf 75' lang='grc' dir='ltr'>διὰ</span> <span class='ocrx_word' id='word_1_80' title='bbox 1598 1212 1698 1276; x_wconf 76' lang='grc' dir='ltr'>τὴν</span> <span class='ocrx_word' id='word_1_81' title='bbox 1744 1206 1898 1263; x_wconf 66' lang='grc' dir='ltr'>ἐντος</span> 
     </span>
    </p>
   </div>
   <div class='ocr_carea' id='block_1_14' title="bbox 245 1293 1896 1373">
    <p class='ocr_par' dir='ltr' id='par_1_14' title="bbox 245 1293 1896 1373">
     <span class='ocr_line' id='line_1_14' title="bbox 245 1293 1896 1373; baseline -0.001 -20"><span class='ocrx_word' id='word_1_82' title='bbox 245 1296 373 1367; x_wconf 86' lang='grc' dir='ltr'>λὴν,</span> <span class='ocrx_word' id='word_1_83' title='bbox 428 1294 517 1351; x_wconf 73' lang='grc' dir='ltr'>διὰ</span> <span class='ocrx_word' id='word_1_84' title='bbox 557 1293 615 1351; x_wconf 64' lang='grc' dir='ltr'>δὲ</span> <span class='ocrx_word' id='word_1_85' title='bbox 668 1298 768 1364; x_wconf 83' lang='grc' dir='ltr'>τὴν</span> <span class='ocrx_word' id='word_1_86' title='bbox 826 1295 1161 1371; x_wconf 74' lang='grc' dir='ltr'>ἐπαγγελίαν</span> <span class='ocrx_word' id='word_1_87' title='bbox 1210 1298 1483 1373; x_wconf 77' lang='grc' dir='ltr'>αἱροῦνται</span> <span class='ocrx_word' id='word_1_88' title='bbox 1543 1298 1595 1351; x_wconf 75' lang='grc' dir='ltr'>οἱ</span> <span class='ocrx_word' id='word_1_89' title='bbox 1654 1293 1743 1351; x_wconf 75' lang='grc' dir='ltr'>διὰ</span> <span class='ocrx_word' id='word_1_90' title='bbox 1796 1298 1896 1366; x_wconf 72' lang='grc' dir='ltr'>τῆς</span> 
     </span>
    </p>
   </div>
   <div class='ocr_carea' id='block_1_15' title="bbox 242 1382 1898 1461">
    <p class='ocr_par' dir='ltr' id='par_1_15' title="bbox 242 1382 1898 1461">
     <span class='ocr_line' id='line_1_15' title="bbox 242 1382 1898 1461; baseline -0.001 -21"><span class='ocrx_word' id='word_1_91' title='bbox 242 1383 570 1461; x_wconf 75' lang='grc' dir='ltr'>ἐπαγγελίας</span> <span class='ocrx_word' id='word_1_92' title='bbox 632 1384 1006 1456; x_wconf 83' lang='grc' dir='ltr'>ὑπακηκοότες</span> <span class='ocrx_word' id='word_1_93' title='bbox 1077 1389 1158 1457; x_wconf 78' lang='grc' dir='ltr'>τῷ</span> <span class='ocrx_word' id='word_1_94' title='bbox 1215 1389 1355 1459; x_wconf 79' lang='grc' dir='ltr'>Θεῷ,</span> <span class='ocrx_word' id='word_1_95' title='bbox 1429 1382 1641 1440; x_wconf 71' lang='grc' dir='ltr'>δελέατι</span> <span class='ocrx_word' id='word_1_96' title='bbox 1695 1383 1898 1455; x_wconf 72' lang='grc' dir='ltr'>ἡδονῆς</span> 
     </span>
    </p>
   </div>
   <div class='ocr_carea' id='block_1_16' title="bbox 241 1470 1897 1550">
    <p class='ocr_par' dir='ltr' id='par_1_16' title="bbox 241 1470 1897 1550">
     <span class='ocr_line' id='line_1_16' title="bbox 241 1470 1897 1550; baseline 0.001 -22"><span class='ocrx_word' id='word_1_97' title='bbox 241 1473 534 1549; x_wconf 63' lang='grc' dir='ltr'>ᾑρημένοι.</span> <span class='ocrx_word' id='word_1_98' title='bbox 570 1470 710 1529; x_wconf 74' lang='grc' dir='ltr'>Οὐδὲ</span> <span class='ocrx_word' id='word_1_99' title='bbox 728 1475 835 1546; x_wconf 72' lang='grc' dir='ltr'>μὴν</span> <span class='ocrx_word' id='word_1_100' title='bbox 865 1475 900 1543; x_wconf 73' lang='grc' dir='ltr'><strong>ἡ</strong></span> <span class='ocrx_word' id='word_1_101' title='bbox 929 1476 1039 1528; x_wconf 89' lang='grc' dir='ltr'>τῶν</span> <span class='ocrx_word' id='word_1_102' title='bbox 1067 1471 1340 1545; x_wconf 73' lang='grc' dir='ltr'>αἰσθητῶν</span> <span class='ocrx_word' id='word_1_103' title='bbox 1364 1474 1681 1550; x_wconf 79' lang='grc' dir='ltr'>ἀποστροφή</span> <span class='ocrx_word' id='word_1_104' title='bbox 1706 1475 1804 1544; x_wconf 82' lang='grc' dir='ltr'>τήν</span> <span class='ocrx_word' id='word_1_105' title='bbox 1830 1476 1897 1529; x_wconf 69' lang='grc' dir='ltr'>τὰ</span> 
     </span>
    </p>
   </div>
   <div class='ocr_carea' id='block_1_17' title="bbox 243 1560 1896 1638">
    <p class='ocr_par' dir='ltr' id='par_1_17' title="bbox 243 1560 1896 1638">
     <span class='ocr_line' id='line_1_17' title="bbox 243 1560 1896 1638; baseline 0.001 -20"><span class='ocrx_word' id='word_1_106' title='bbox 243 1563 385 1637; x_wconf 86' lang='grc' dir='ltr'>πρὸς</span> <span class='ocrx_word' id='word_1_107' title='bbox 415 1564 483 1617; x_wconf 81' lang='grc' dir='ltr'>τὰ</span> <span class='ocrx_word' id='word_1_108' title='bbox 502 1562 674 1632; x_wconf 80' lang='grc' dir='ltr'>νοητὰ</span> <span class='ocrx_word' id='word_1_109' title='bbox 694 1561 970 1618; x_wconf 73' lang='grc' dir='ltr'>οἱκείωσιν</span> <span class='ocrx_word' id='word_1_110' title='bbox 993 1560 1311 1627; x_wconf 80' lang='grc' dir='ltr'>ἀκολούθως</span> <span class='ocrx_word' id='word_1_111' title='bbox 1343 1564 1538 1633; x_wconf 79' lang='grc' dir='ltr'>ποιοίη</span> <span class='ocrx_word' id='word_1_112' title='bbox 1558 1561 1896 1638; x_wconf 73' lang='grc' dir='ltr'>ἄν’ἔμπαλιν</span> 
     </span>
    </p>
   </div>
   <div class='ocr_carea' id='block_1_18' title="bbox 248 1648 1893 1730">
    <p class='ocr_par' dir='ltr' id='par_1_18' title="bbox 248 1648 1893 1730">
     <span class='ocr_line' id='line_1_18' title="bbox 248 1648 1893 1730; baseline 0.001 -24"><span class='ocrx_word' id='word_1_113' title='bbox 248 1648 328 1721; x_wconf 75' lang='grc' dir='ltr'>δὲ,</span> <span class='ocrx_word' id='word_1_114' title='bbox 362 1653 396 1721; x_wconf 77' lang='grc' dir='ltr'>ἡ</span> <span class='ocrx_word' id='word_1_115' title='bbox 420 1651 556 1723; x_wconf 81' lang='grc' dir='ltr'>πρὸς</span> <span class='ocrx_word' id='word_1_116' title='bbox 581 1652 649 1706; x_wconf 80' lang='grc' dir='ltr'>τὰ</span> <span class='ocrx_word' id='word_1_117' title='bbox 677 1651 843 1717; x_wconf 81' lang='grc' dir='ltr'>νοητᾶ</span> <span class='ocrx_word' id='word_1_118' title='bbox 873 1650 1148 1714; x_wconf 71' lang='grc' dir='ltr'>οἰκείωσις</span> <span class='ocrx_word' id='word_1_119' title='bbox 1197 1653 1333 1706; x_wconf 76' lang='grc' dir='ltr'>κατὰ</span> <span class='ocrx_word' id='word_1_120' title='bbox 1385 1651 1540 1730; x_wconf 78' lang='grc' dir='ltr'>φύσιν</span> <span class='ocrx_word' id='word_1_121' title='bbox 1580 1653 1893 1729; x_wconf 82' lang='grc' dir='ltr'>περιαγωγή</span> 
     </span>
    </p>
   </div>
   <div class='ocr_carea' id='block_1_19' title="bbox 242 1739 1896 1816">
    <p class='ocr_par' dir='ltr' id='par_1_19' title="bbox 242 1739 1896 1816">
     <span class='ocr_line' id='line_1_19' title="bbox 242 1739 1896 1816; baseline 0.002 -22"><span class='ocrx_word' id='word_1_122' title='bbox 242 1744 321 1811; x_wconf 84' lang='grc' dir='ltr'>τῷ</span> <span class='ocrx_word' id='word_1_123' title='bbox 350 1744 638 1816; x_wconf 81' lang='grc' dir='ltr'>γνωστικῷ</span> <span class='ocrx_word' id='word_1_124' title='bbox 691 1740 796 1794; x_wconf 80' lang='grc' dir='ltr'>ἀπὸ</span> <span class='ocrx_word' id='word_1_125' title='bbox 853 1743 960 1794; x_wconf 90' lang='grc' dir='ltr'>τῶν</span> <span class='ocrx_word' id='word_1_126' title='bbox 1017 1739 1289 1809; x_wconf 71' lang='grc' dir='ltr'>αἰσθητῶν</span> <span class='ocrx_word' id='word_1_127' title='bbox 1324 1740 1548 1816; x_wconf 83' lang='grc' dir='ltr'>γίνεται,</span> <span class='ocrx_word' id='word_1_128' title='bbox 1586 1742 1704 1795; x_wconf 83' lang='grc' dir='ltr'>κατ’</span> <span class='ocrx_word' id='word_1_129' title='bbox 1734 1740 1896 1797; x_wconf 78' lang='grc' dir='ltr'>ἐκλο-</span> 
     </span>
    </p>
   </div>
   <div class='ocr_carea' id='block_1_20' title="bbox 2016 580 3664 653">
    <p class='ocr_par' dir='ltr' id='par_1_20' title="bbox 2016 580 3664 653">
     <span class='ocr_line' id='line_1_20' title="bbox 2016 580 3664 653; baseline 0.003 -17"><span class='ocrx_word' id='word_1_130' title='bbox 2016 582 2105 637; x_wconf 88' lang='lat' dir='ltr'>vel</span> <span class='ocrx_word' id='word_1_131' title='bbox 2123 581 2316 648; x_wconf 91' lang='lat' dir='ltr'>malis,</span> <span class='ocrx_word' id='word_1_132' title='bbox 2326 581 2400 638; x_wconf 90' lang='lat' dir='ltr'>ab</span> <span class='ocrx_word' id='word_1_133' title='bbox 2418 581 2551 637; x_wconf 88' lang='lat' dir='ltr'>aliis</span> <span class='ocrx_word' id='word_1_134' title='bbox 2570 581 2812 653; x_wconf 86' lang='lat' dir='ltr'>quidem</span> <span class='ocrx_word' id='word_1_135' title='bbox 2830 580 3233 651; x_wconf 87' lang='lat' dir='ltr'>abstinent,ab</span> <span class='ocrx_word' id='word_1_136' title='bbox 3251 582 3383 638; x_wconf 91' lang='lat' dir='ltr'>aliis</span> <span class='ocrx_word' id='word_1_137' title='bbox 3396 599 3531 639; x_wconf 86' lang='lat' dir='ltr'>vero</span> <span class='ocrx_word' id='word_1_138' title='bbox 3545 586 3664 641; x_wconf 85' lang='lat' dir='ltr'>mi-</span> 
     </span>
    </p>
   </div>
   <div class='ocr_carea' id='block_1_21' title="bbox 2017 670 3660 744">
    <p class='ocr_par' dir='ltr' id='par_1_21' title="bbox 2017 670 3660 744">
     <span class='ocr_line' id='line_1_21' title="bbox 2017 670 3660 744; baseline 0.001 -17"><span class='ocrx_word' id='word_1_139' title='bbox 2017 672 2200 728; x_wconf 90' lang='lat' dir='ltr'>nime.</span> <span class='ocrx_word' id='word_1_140' title='bbox 2226 673 2437 726; x_wconf 89' lang='lat' dir='ltr'>Verum</span> <span class='ocrx_word' id='word_1_141' title='bbox 2458 672 2518 725; x_wconf 90' lang='lat' dir='ltr'>in</span> <span class='ocrx_word' id='word_1_142' title='bbox 2544 671 2615 726; x_wconf 93' lang='lat' dir='ltr'>iis</span> <span class='ocrx_word' id='word_1_143' title='bbox 2638 688 2670 726; x_wconf 86' lang='lat' dir='ltr'>a</span> <span class='ocrx_word' id='word_1_144' title='bbox 2691 670 2907 742; x_wconf 86' lang='lat' dir='ltr'>quibus</span> <span class='ocrx_word' id='word_1_145' title='bbox 2928 671 3231 727; x_wconf 80' lang='lat' dir='ltr'>abstinent</span> <span class='ocrx_word' id='word_1_146' title='bbox 3250 671 3660 744; x_wconf 79' lang='lat' dir='ltr'>abhorrentes,</span> 
     </span>
    </p>
   </div>
   <div class='ocr_carea' id='block_1_22' title="bbox 2015 760 3664 831">
    <p class='ocr_par' dir='ltr' id='par_1_22' title="bbox 2015 760 3664 831">
     <span class='ocr_line' id='line_1_22' title="bbox 2015 760 3664 831; baseline 0.001 -15"><span class='ocrx_word' id='word_1_147' title='bbox 2015 765 2350 816; x_wconf 79' lang='lat' dir='ltr'>creaturam</span> <span class='ocrx_word' id='word_1_148' title='bbox 2375 766 2433 815; x_wconf 90' lang='lat' dir='ltr'>et</span> <span class='ocrx_word' id='word_1_149' title='bbox 2452 760 2727 831; x_wconf 83' lang='lat' dir='ltr'>opiﬁcem</span> <span class='ocrx_word' id='word_1_150' title='bbox 2750 767 3076 815; x_wconf 85' lang='lat' dir='ltr'>cernuntur</span> <span class='ocrx_word' id='word_1_151' title='bbox 3104 777 3418 827; x_wconf 85' lang='lat' dir='ltr'>accusare;</span> <span class='ocrx_word' id='word_1_152' title='bbox 3444 768 3503 817; x_wconf 89' lang='lat' dir='ltr'>et</span> <span class='ocrx_word' id='word_1_153' title='bbox 3522 762 3664 818; x_wconf 90' lang='lat' dir='ltr'>licet</span> 
     </span>
    </p>
   </div>
   <div class='ocr_carea' id='block_1_23' title="bbox 2013 849 3659 924">
    <p class='ocr_par' dir='ltr' id='par_1_23' title="bbox 2013 849 3659 924">
     <span class='ocr_line' id='line_1_23' title="bbox 2013 849 3659 924; baseline 0.002 -21"><span class='ocrx_word' id='word_1_154' title='bbox 2013 849 2143 921; x_wconf 91' lang='lat' dir='ltr'>ipsa</span> <span class='ocrx_word' id='word_1_155' title='bbox 2160 850 2354 922; x_wconf 91' lang='lat' dir='ltr'>specie</span> <span class='ocrx_word' id='word_1_156' title='bbox 2366 854 2678 904; x_wconf 88' lang='lat' dir='ltr'>versentur</span> <span class='ocrx_word' id='word_1_157' title='bbox 2689 849 3195 914; x_wconf 81' lang='lat' dir='ltr'>ﬁdeliter,habent</span> <span class='ocrx_word' id='word_1_158' title='bbox 3208 856 3405 907; x_wconf 91' lang='lat' dir='ltr'>tamen</span> <span class='ocrx_word' id='word_1_159' title='bbox 3422 851 3659 924; x_wconf 89' lang='lat' dir='ltr'>impium</span> 
     </span>
    </p>
   </div>
   <div class='ocr_carea' id='block_1_24' title="bbox 2003 938 3655 1014">
    <p class='ocr_par' dir='ltr' id='par_1_24' title="bbox 2003 938 3655 1014">
     <span class='ocr_line' id='line_1_24' title="bbox 2003 938 3655 1014; baseline 0.002 -20"><span class='ocrx_word' id='word_1_160' title='bbox 2003 938 2318 1012; x_wconf 87' lang='lat' dir='ltr'>judicium.</span> <span class='ocrx_word' id='word_1_161' title='bbox 2340 939 2494 994; x_wconf 89' lang='lat' dir='ltr'>Illud</span> <span class='ocrx_word' id='word_1_162' title='bbox 2516 944 2714 994; x_wconf 90' lang='lat' dir='ltr'>autem</span> <span class='ocrx_word' id='word_1_163' title='bbox 2742 956 2802 993; x_wconf 85' lang='lat'>:«</span> <span class='ocrx_word' id='word_1_164' title='bbox 2832 940 2957 993; x_wconf 89' lang='lat' dir='ltr'>Non</span> <span class='ocrx_word' id='word_1_165' title='bbox 2979 941 3383 1012; x_wconf 85' lang='lat' dir='ltr'>concupisces,</span> <span class='ocrx_word' id='word_1_166' title='bbox 3408 963 3437 991; x_wconf 82' lang='lat'><strong><em>»</em></strong></span> <span class='ocrx_word' id='word_1_167' title='bbox 3460 958 3655 1014; x_wconf 89' lang='lat' dir='ltr'>neque</span> 
     </span>
    </p>
   </div>
   <div class='ocr_carea' id='block_1_25' title="bbox 2010 1028 3657 1104">
    <p class='ocr_par' dir='ltr' id='par_1_25' title="bbox 2010 1028 3657 1104">
     <span class='ocr_line' id='line_1_25' title="bbox 2010 1028 3657 1104; baseline 0.001 -20"><span class='ocrx_word' id='word_1_168' title='bbox 2010 1028 2365 1085; x_wconf 77' lang='lat' dir='ltr'>necessitate</span> <span class='ocrx_word' id='word_1_169' title='bbox 2396 1034 2545 1101; x_wconf 89' lang='lat' dir='ltr'>eget,</span> <span class='ocrx_word' id='word_1_170' title='bbox 2578 1044 2708 1099; x_wconf 63' lang='lat' dir='ltr'>quae</span> <span class='ocrx_word' id='word_1_171' title='bbox 2750 1045 2855 1100; x_wconf 88' lang='lat' dir='ltr'>per</span> <span class='ocrx_word' id='word_1_172' title='bbox 2882 1028 3156 1083; x_wconf 79' lang='lat' dir='ltr'>timorem</span> <span class='ocrx_word' id='word_1_173' title='bbox 3190 1029 3447 1099; x_wconf 90' lang='lat' dir='ltr'>incussa,</span> <span class='ocrx_word' id='word_1_174' title='bbox 3502 1031 3657 1104; x_wconf 83' lang='lat' dir='ltr'>cogit</span> 
     </span>
    </p>
   </div>
   <div class='ocr_carea' id='block_1_26' title="bbox 2010 1117 3658 1192">
    <p class='ocr_par' dir='ltr' id='par_1_26' title="bbox 2010 1117 3658 1192">
     <span class='ocr_line' id='line_1_26' title="bbox 2010 1117 3658 1192; baseline 0.001 -19"><span class='ocrx_word' id='word_1_175' title='bbox 2010 1117 2307 1173; x_wconf 90' lang='lat' dir='ltr'>abstinere</span> <span class='ocrx_word' id='word_1_176' title='bbox 2325 1134 2360 1173; x_wconf 93' lang='lat' dir='ltr'>a</span> <span class='ocrx_word' id='word_1_177' title='bbox 2378 1117 2653 1173; x_wconf 85' lang='lat' dir='ltr'>suavibus</span> <span class='ocrx_word' id='word_1_178' title='bbox 2679 1135 2693 1184; x_wconf 86' lang='lat'><strong>;</strong></span> <span class='ocrx_word' id='word_1_179' title='bbox 2716 1134 2911 1189; x_wconf 89' lang='lat' dir='ltr'>neque</span> <span class='ocrx_word' id='word_1_180' title='bbox 2935 1118 3229 1188; x_wconf 86' lang='lat' dir='ltr'>mercede,</span> <span class='ocrx_word' id='word_1_181' title='bbox 3253 1136 3383 1190; x_wconf 74' lang='lat' dir='ltr'>quae</span> <span class='ocrx_word' id='word_1_182' title='bbox 3401 1136 3509 1191; x_wconf 89' lang='lat' dir='ltr'>per</span> <span class='ocrx_word' id='word_1_183' title='bbox 3526 1138 3632 1192; x_wconf 92' lang='lat' dir='ltr'>pro</span> <span class='ocrx_word' id='word_1_184' title='bbox 3651 1153 3658 1161; x_wconf 94' lang='lat'><strong>-</strong></span> 
     </span>
    </p>
   </div>
   <div class='ocr_carea' id='block_1_27' title="bbox 2003 1207 3657 1280">
    <p class='ocr_par' dir='ltr' id='par_1_27' title="bbox 2003 1207 3657 1280">
     <span class='ocr_line' id='line_1_27' title="bbox 2003 1207 3657 1280; baseline 0.002 -19"><span class='ocrx_word' id='word_1_185' title='bbox 2003 1207 2337 1262; x_wconf 89' lang='lat' dir='ltr'>missionem</span> <span class='ocrx_word' id='word_1_186' title='bbox 2349 1207 2700 1277; x_wconf 90' lang='lat' dir='ltr'>persuadeat</span> <span class='ocrx_word' id='word_1_187' title='bbox 2712 1207 3023 1277; x_wconf 87' lang='lat' dir='ltr'>reprimere</span> <span class='ocrx_word' id='word_1_188' title='bbox 3038 1207 3657 1280; x_wconf 88' lang='lat' dir='ltr'>appetitiones.Neque</span> 
     </span>
    </p>
   </div>
   <div class='ocr_carea' id='block_1_28' title="bbox 2006 1294 3656 1369">
    <p class='ocr_par' dir='ltr' id='par_1_28' title="bbox 2006 1294 3656 1369">
     <span class='ocr_line' id='line_1_28' title="bbox 2006 1294 3656 1369; baseline 0.002 -19"><span class='ocrx_word' id='word_1_189' title='bbox 2006 1294 2406 1351; x_wconf 87' lang='lat' dir='ltr'>obedientiam</span> <span class='ocrx_word' id='word_1_190' title='bbox 2419 1301 2660 1368; x_wconf 83' lang='lat' dir='ltr'>propter</span> <span class='ocrx_word' id='word_1_191' title='bbox 2672 1295 3015 1351; x_wconf 87' lang='lat' dir='ltr'>mandatum</span> <span class='ocrx_word' id='word_1_192' title='bbox 3030 1296 3132 1351; x_wconf 88' lang='lat' dir='ltr'>sed</span> <span class='ocrx_word' id='word_1_193' title='bbox 3146 1302 3387 1368; x_wconf 87' lang='lat' dir='ltr'>propter</span> <span class='ocrx_word' id='word_1_194' title='bbox 3400 1298 3656 1369; x_wconf 91' lang='lat' dir='ltr'>promis-</span> 
     </span>
    </p>
   </div>
   <div class='ocr_carea' id='block_1_29' title="bbox 2007 1384 3661 1457">
    <p class='ocr_par' dir='ltr' id='par_1_29' title="bbox 2007 1384 3661 1457">
     <span class='ocr_line' id='line_1_29' title="bbox 2007 1384 3661 1457; baseline 0.003 -19"><span class='ocrx_word' id='word_1_195' title='bbox 2007 1384 2236 1439; x_wconf 87' lang='lat' dir='ltr'>sionem</span> <span class='ocrx_word' id='word_1_196' title='bbox 2250 1384 2607 1457; x_wconf 88' lang='lat' dir='ltr'>eligunt,qui</span> <span class='ocrx_word' id='word_1_197' title='bbox 2622 1385 2736 1439; x_wconf 90' lang='lat' dir='ltr'>Deo</span> <span class='ocrx_word' id='word_1_198' title='bbox 2750 1390 2995 1456; x_wconf 89' lang='lat' dir='ltr'>propter</span> <span class='ocrx_word' id='word_1_199' title='bbox 3005 1385 3300 1457; x_wconf 90' lang='lat' dir='ltr'>promissa</span> <span class='ocrx_word' id='word_1_200' title='bbox 3312 1385 3661 1454; x_wconf 88' lang='lat' dir='ltr'>obediunt,a</span> 
     </span>
    </p>
   </div>
   <div class='ocr_carea' id='block_1_30' title="bbox 2005 1472 3660 1543">
    <p class='ocr_par' dir='ltr' id='par_1_30' title="bbox 2005 1472 3660 1543">
     <span class='ocr_line' id='line_1_30' title="bbox 2005 1472 3660 1543; baseline 0.003 -17"><span class='ocrx_word' id='word_1_201' title='bbox 2005 1472 2304 1543; x_wconf 85' lang='lat' dir='ltr'>voluptate</span> <span class='ocrx_word' id='word_1_202' title='bbox 2317 1472 2704 1528; x_wconf 85' lang='lat' dir='ltr'>inescati.Sed</span> <span class='ocrx_word' id='word_1_203' title='bbox 2721 1489 2918 1543; x_wconf 90' lang='lat' dir='ltr'>neque</span> <span class='ocrx_word' id='word_1_204' title='bbox 2932 1474 3219 1529; x_wconf 86' lang='lat' dir='ltr'>aversatio</span> <span class='ocrx_word' id='word_1_205' title='bbox 3234 1490 3268 1529; x_wconf 93' lang='lat' dir='ltr'>a</span> <span class='ocrx_word' id='word_1_206' title='bbox 3281 1473 3456 1529; x_wconf 89' lang='lat' dir='ltr'>rebus</span> <span class='ocrx_word' id='word_1_207' title='bbox 3472 1476 3660 1531; x_wconf 53' lang='lat' dir='ltr'>sensi.</span> 
     </span>
    </p>
   </div>
   <div class='ocr_carea' id='block_1_31' title="bbox 2006 1560 3658 1636">
    <p class='ocr_par' dir='ltr' id='par_1_31' title="bbox 2006 1560 3658 1636">
     <span class='ocr_line' id='line_1_31' title="bbox 2006 1560 3658 1636; baseline 0.002 -21"><span class='ocrx_word' id='word_1_208' title='bbox 2006 1560 2164 1617; x_wconf 89' lang='lat' dir='ltr'>libus</span> <span class='ocrx_word' id='word_1_209' title='bbox 2194 1562 2534 1618; x_wconf 87' lang='lat' dir='ltr'>necessario</span> <span class='ocrx_word' id='word_1_210' title='bbox 2564 1562 2745 1617; x_wconf 87' lang='lat' dir='ltr'>infert</span> <span class='ocrx_word' id='word_1_211' title='bbox 2765 1562 3251 1635; x_wconf 87' lang='lat' dir='ltr'>conjunctionem</span> <span class='ocrx_word' id='word_1_212' title='bbox 3273 1580 3406 1618; x_wconf 91' lang='lat' dir='ltr'>cum</span> <span class='ocrx_word' id='word_1_213' title='bbox 3431 1564 3503 1620; x_wconf 93' lang='lat' dir='ltr'>iis</span> <span class='ocrx_word' id='word_1_214' title='bbox 3527 1581 3658 1636; x_wconf 58' lang='lat' dir='ltr'>quas</span> 
     </span>
    </p>
   </div>
   <div class='ocr_carea' id='block_1_32' title="bbox 2004 1650 3656 1726">
    <p class='ocr_par' dir='ltr' id='par_1_32' title="bbox 2004 1650 3656 1726">
     <span class='ocr_line' id='line_1_32' title="bbox 2004 1650 3656 1726; baseline 0.002 -21"><span class='ocrx_word' id='word_1_215' title='bbox 2004 1650 3056 1723; x_wconf 86' lang='lat' dir='ltr'>percipiunturintelligentia;contra</span> <span class='ocrx_word' id='word_1_216' title='bbox 3071 1656 3289 1720; x_wconf 85' lang='lat' dir='ltr'>autem,</span> <span class='ocrx_word' id='word_1_217' title='bbox 3315 1652 3656 1726; x_wconf 91' lang='lat' dir='ltr'>conjunctio</span> 
     </span>
    </p>
   </div>
   <div class='ocr_carea' id='block_1_33' title="bbox 2004 1740 3654 1813">
    <p class='ocr_par' dir='ltr' id='par_1_33' title="bbox 2004 1740 3654 1813">
     <span class='ocr_line' id='line_1_33' title="bbox 2004 1740 3654 1813; baseline 0.002 -19"><span class='ocrx_word' id='word_1_218' title='bbox 2004 1756 2139 1794; x_wconf 91' lang='lat' dir='ltr'>cum</span> <span class='ocrx_word' id='word_1_219' title='bbox 2171 1741 2265 1807; x_wconf 90' lang='lat' dir='ltr'>iis,</span> <span class='ocrx_word' id='word_1_220' title='bbox 2297 1757 2429 1811; x_wconf 82' lang='lat' dir='ltr'>quae</span> <span class='ocrx_word' id='word_1_221' title='bbox 2462 1740 2857 1813; x_wconf 84' lang='lat' dir='ltr'>intelligentia</span> <span class='ocrx_word' id='word_1_222' title='bbox 2888 1740 3316 1812; x_wconf 90' lang='lat' dir='ltr'>percipiuntur,</span> <span class='ocrx_word' id='word_1_223' title='bbox 3349 1742 3654 1798; x_wconf 90' lang='lat' dir='ltr'>hominem</span> 
     </span>
    </p>
   </div>
   <div class='ocr_carea' id='block_1_34' title="bbox 243 1826 1889 1931">
    <p class='ocr_par' dir='ltr' id='par_1_34' title="bbox 243 1826 1889 1904">
     <span class='ocr_line' id='line_1_34' title="bbox 243 1826 1889 1904; baseline 0.002 -23"><span class='ocrx_word' id='word_1_224' title='bbox 243 1829 343 1903; x_wconf 72' lang='grc' dir='ltr'>γῆν</span> <span class='ocrx_word' id='word_1_225' title='bbox 374 1833 482 1884; x_wconf 91' lang='grc' dir='ltr'>τῶν</span> <span class='ocrx_word' id='word_1_226' title='bbox 514 1826 695 1884; x_wconf 88' lang='grc' dir='ltr'>καλῶν</span> <span class='ocrx_word' id='word_1_227' title='bbox 725 1826 955 1904; x_wconf 84' lang='grc' dir='ltr'>τάγαθόν</span> <span class='ocrx_word' id='word_1_228' title='bbox 1002 1826 1252 1901; x_wconf 74' lang='grc' dir='ltr'>ἐλομὲνῳ</span> <span class='ocrx_word' id='word_1_229' title='bbox 1307 1833 1647 1904; x_wconf 89' lang='grc' dir='ltr'>γνωστικῶς,</span> <span class='ocrx_word' id='word_1_230' title='bbox 1680 1832 1889 1903; x_wconf 81' lang='grc' dir='ltr'>θαυμά-</span> 
     </span>
    </p>
   </div>
   <div class='ocr_carea' id='block_1_35' title="bbox 2001 1826 3659 1931">
    <p class='ocr_par' dir='ltr' id='par_1_35' title="bbox 2006 1828 3659 1901">
     <span class='ocr_line' id='line_1_35' title="bbox 2006 1828 3659 1901; baseline 0.002 -18"><span class='ocrx_word' id='word_1_231' title='bbox 2006 1829 2333 1901; x_wconf 88' lang='lat' dir='ltr'>gnosticum</span> <span class='ocrx_word' id='word_1_232' title='bbox 2347 1829 2699 1885; x_wconf 88' lang='lat' dir='ltr'>naturaliter</span> <span class='ocrx_word' id='word_1_233' title='bbox 2711 1828 3041 1883; x_wconf 88' lang='lat' dir='ltr'>convertita</span> <span class='ocrx_word' id='word_1_234' title='bbox 3052 1828 3229 1884; x_wconf 89' lang='lat' dir='ltr'>rebus</span> <span class='ocrx_word' id='word_1_235' title='bbox 3244 1830 3659 1898; x_wconf 85' lang='lat' dir='ltr'>sensilibus;ut</span> 
     </span>
    </p>
   </div>
   <div class='ocr_carea' id='block_1_36' title="bbox 248 1917 1895 1994">
    <p class='ocr_par' dir='ltr' id='par_1_36' title="bbox 248 1917 1895 1994">
     <span class='ocr_line' id='line_1_36' title="bbox 248 1917 1895 1994; baseline 0.001 -22"><span class='ocrx_word' id='word_1_236' title='bbox 248 1922 389 1987; x_wconf 85' lang='grc' dir='ltr'>ζον-τι</span> <span class='ocrx_word' id='word_1_237' title='bbox 426 1918 520 1992; x_wconf 76' lang='grc' dir='ltr'>μὶν</span> <span class='ocrx_word' id='word_1_238' title='bbox 568 1918 668 1985; x_wconf 81' lang='grc' dir='ltr'>τήν</span> <span class='ocrx_word' id='word_1_239' title='bbox 720 1918 951 1992; x_wconf 71' lang='grc' dir='ltr'>γένεσιν,</span> <span class='ocrx_word' id='word_1_240' title='bbox 1009 1917 1097 1972; x_wconf 79' lang='grc' dir='ltr'>καὶ</span> <span class='ocrx_word' id='word_1_241' title='bbox 1155 1919 1430 1994; x_wconf 83' lang='grc' dir='ltr'>ἆγιάζοντι</span> <span class='ocrx_word' id='word_1_242' title='bbox 1487 1919 1576 1973; x_wconf 81' lang='grc' dir='ltr'>τὸν</span> <span class='ocrx_word' id='word_1_243' title='bbox 1632 1920 1895 1991; x_wconf 75' lang='grc' dir='ltr'>ποιητήν,</span> 
     </span>
    </p>
   </div>
   <div class='ocr_carea' id='block_1_37' title="bbox 246 2004 1893 2083">
    <p class='ocr_par' dir='ltr' id='par_1_37' title="bbox 246 2004 1893 2083">
     <span class='ocr_line' id='line_1_37' title="bbox 246 2004 1893 2083; baseline 0 -22"><span class='ocrx_word' id='word_1_244' title='bbox 246 2008 519 2083; x_wconf 84' lang='grc' dir='ltr'>ἀγιάζοντι</span> <span class='ocrx_word' id='word_1_245' title='bbox 554 2004 611 2061; x_wconf 71' lang='grc' dir='ltr'>δὲ</span> <span class='ocrx_word' id='word_1_246' title='bbox 653 2006 752 2075; x_wconf 81' lang='grc' dir='ltr'>τήν</span> <span class='ocrx_word' id='word_1_247' title='bbox 811 2007 949 2081; x_wconf 80' lang='grc' dir='ltr'>πρὸς</span> <span class='ocrx_word' id='word_1_248' title='bbox 1000 2007 1063 2061; x_wconf 88' lang='grc' dir='ltr'>τὸ</span> <span class='ocrx_word' id='word_1_249' title='bbox 1117 2011 1270 2062; x_wconf 83' lang='grc' dir='ltr'>Θεῖον</span> <span class='ocrx_word' id='word_1_250' title='bbox 1329 2005 1673 2080; x_wconf 80' lang='grc' dir='ltr'>ἐξομοίωσιν.</span> <span class='ocrx_word' id='word_1_251' title='bbox 1733 2008 1893 2081; x_wconf 80' lang='grc' dir='ltr'>Ἀτᾶρ</span> 
     </span>
    </p>
   </div>
   <div class='ocr_carea' id='block_1_38' title="bbox 244 2094 1896 2171">
    <p class='ocr_par' dir='ltr' id='par_1_38' title="bbox 244 2094 1896 2171">
     <span class='ocr_line' id='line_1_38' title="bbox 244 2094 1896 2171; baseline -0.001 -20"><span class='ocrx_word' id='word_1_252' title='bbox 244 2094 354 2171; x_wconf 67' lang='grc' dir='ltr'>ιγὼ</span> <span class='ocrx_word' id='word_1_253' title='bbox 386 2096 484 2169; x_wconf 75' lang='grc' dir='ltr'>ἐμὲ</span> <span class='ocrx_word' id='word_1_254' title='bbox 510 2095 752 2168; x_wconf 75' lang='grc' dir='ltr'>λύσομαι</span> <span class='ocrx_word' id='word_1_255' title='bbox 780 2101 881 2164; x_wconf 80' lang='grc' dir='ltr'>τῆς</span> <span class='ocrx_word' id='word_1_256' title='bbox 910 2094 1222 2169; x_wconf 77' lang='grc' dir='ltr'>ἐπιθυμίας,</span> <span class='ocrx_word' id='word_1_257' title='bbox 1255 2097 1423 2166; x_wconf 82' lang='grc' dir='ltr'>φήσαι</span> <span class='ocrx_word' id='word_1_258' title='bbox 1475 2100 1608 2169; x_wconf 82' lang='grc'>(32),</span> <span class='ocrx_word' id='word_1_259' title='bbox 1660 2095 1749 2151; x_wconf 81' lang='grc' dir='ltr'>διὰ</span> <span class='ocrx_word' id='word_1_260' title='bbox 1799 2097 1896 2166; x_wconf 73' lang='grc' dir='ltr'>τήν</span> 
     </span>
    </p>
   </div>
   <div class='ocr_carea' id='block_1_39' title="bbox 242 2182 1892 2260">
    <p class='ocr_par' dir='ltr' id='par_1_39' title="bbox 242 2182 1892 2260">
     <span class='ocr_line' id='line_1_39' title="bbox 242 2182 1892 2260; baseline 0 -20"><span class='ocrx_word' id='word_1_261' title='bbox 242 2185 377 2260; x_wconf 85' lang='grc' dir='ltr'>πρὸς</span> <span class='ocrx_word' id='word_1_262' title='bbox 408 2185 466 2240; x_wconf 73' lang='grc' dir='ltr'>σὲ</span> <span class='ocrx_word' id='word_1_263' title='bbox 495 2182 791 2253; x_wconf 85' lang='grc' dir='ltr'>οἰκείωσιν,</span> <span class='ocrx_word' id='word_1_264' title='bbox 823 2184 1009 2259; x_wconf 85' lang='grc' dir='ltr'>Κύριε’</span> <span class='ocrx_word' id='word_1_265' title='bbox 1055 2183 1197 2253; x_wconf 88' lang='grc' dir='ltr'>καλή</span> <span class='ocrx_word' id='word_1_266' title='bbox 1228 2185 1329 2260; x_wconf 74' lang='grc' dir='ltr'>γὰρ</span> <span class='ocrx_word' id='word_1_267' title='bbox 1381 2186 1416 2255; x_wconf 73' lang='grc' dir='ltr'>ἡ</span> <span class='ocrx_word' id='word_1_268' title='bbox 1470 2191 1746 2249; x_wconf 81' lang='grc' dir='ltr'>κτισθεῖσα</span> <span class='ocrx_word' id='word_1_269' title='bbox 1825 2182 1892 2255; x_wconf 78' lang='grc' dir='ltr'>δὴ</span> 
     </span>
    </p>
   </div>
   <div class='ocr_carea' id='block_1_40' title="bbox 244 2269 1896 2346">
    <p class='ocr_par' dir='ltr' id='par_1_40' title="bbox 244 2269 1896 2346">
     <span class='ocr_line' id='line_1_40' title="bbox 244 2269 1896 2346; baseline 0.001 -19"><span class='ocrx_word' id='word_1_270' title='bbox 244 2272 552 2346; x_wconf 83' lang='grc' dir='ltr'>οἰκονομία,</span> <span class='ocrx_word' id='word_1_271' title='bbox 591 2272 679 2326; x_wconf 87' lang='grc' dir='ltr'>καὶ</span> <span class='ocrx_word' id='word_1_272' title='bbox 713 2273 888 2327; x_wconf 81' lang='grc' dir='ltr'>πάντα</span> <span class='ocrx_word' id='word_1_273' title='bbox 946 2272 1003 2327; x_wconf 77' lang='grc' dir='ltr'>εὗ</span> <span class='ocrx_word' id='word_1_274' title='bbox 1061 2269 1369 2344; x_wconf 82' lang='grc' dir='ltr'>διοικεῖται,</span> <span class='ocrx_word' id='word_1_275' title='bbox 1428 2270 1579 2328; x_wconf 71' lang='grc' dir='ltr'>οὐδὲν</span> <span class='ocrx_word' id='word_1_276' title='bbox 1641 2272 1896 2335; x_wconf 83' lang='grc' dir='ltr'>ἀναιτίως</span> 
     </span>
    </p>
   </div>
   <div class='ocr_carea' id='block_1_41' title="bbox 237 2358 1890 2438">
    <p class='ocr_par' dir='ltr' id='par_1_41' title="bbox 237 2358 1890 2438">
     <span class='ocr_line' id='line_1_41' title="bbox 237 2358 1890 2438; baseline 0.001 -23"><span class='ocrx_word' id='word_1_277' title='bbox 237 2362 469 2437; x_wconf 85' lang='grc' dir='ltr'>γίνεται.</span> <span class='ocrx_word' id='word_1_278' title='bbox 533 2362 623 2415; x_wconf 82' lang='grc' dir='ltr'>Ἐν</span> <span class='ocrx_word' id='word_1_279' title='bbox 676 2365 795 2421; x_wconf 88' lang='grc' dir='ltr'>τοῖς</span> <span class='ocrx_word' id='word_1_280' title='bbox 848 2365 966 2422; x_wconf 89' lang='grc' dir='ltr'>σοῖς</span> <span class='ocrx_word' id='word_1_281' title='bbox 1017 2361 1146 2416; x_wconf 81' lang='grc' dir='ltr'>εἶναί</span> <span class='ocrx_word' id='word_1_282' title='bbox 1203 2381 1270 2434; x_wconf 88' lang='grc' dir='ltr'>με</span> <span class='ocrx_word' id='word_1_283' title='bbox 1329 2358 1429 2417; x_wconf 88' lang='grc' dir='ltr'>δεῖ.</span> <span class='ocrx_word' id='word_1_284' title='bbox 1492 2363 1890 2438; x_wconf 67' lang='grc' dir='ltr'>Παποκρᾶτορ·</span> 
     </span>
    </p>
   </div>
   <div class='ocr_carea' id='block_1_42' title="bbox 237 2446 1892 2524">
    <p class='ocr_par' dir='ltr' id='par_1_42' title="bbox 237 2446 1892 2524">
     <span class='ocr_line' id='line_1_42' title="bbox 237 2446 1892 2524; baseline 0.001 -20"><span class='ocrx_word' id='word_1_285' title='bbox 237 2446 333 2504; x_wconf 77' lang='grc' dir='ltr'>κᾶν</span> <span class='ocrx_word' id='word_1_286' title='bbox 367 2447 593 2512; x_wconf 75' lang='grc' dir='ltr'>ἐνταῦθα</span> <span class='ocrx_word' id='word_1_287' title='bbox 623 2446 689 2515; x_wconf 84' lang='grc' dir='ltr'>ὦ,</span> <span class='ocrx_word' id='word_1_288' title='bbox 715 2449 862 2524; x_wconf 83' lang='grc' dir='ltr'>παρὰ</span> <span class='ocrx_word' id='word_1_289' title='bbox 901 2447 986 2503; x_wconf 85' lang='grc' dir='ltr'>σοὶ</span> <span class='ocrx_word' id='word_1_290' title='bbox 1047 2448 1182 2522; x_wconf 84' lang='grc' dir='ltr'>εἰμί·</span> <span class='ocrx_word' id='word_1_291' title='bbox 1216 2446 1381 2518; x_wconf 80' lang='grc' dir='ltr'>ἀδεὴς</span> <span class='ocrx_word' id='word_1_292' title='bbox 1431 2446 1479 2504; x_wconf 81' lang='grc' dir='ltr'>δ’</span> <span class='ocrx_word' id='word_1_293' title='bbox 1535 2450 1667 2505; x_wconf 76' lang='grc' dir='ltr'>εἶναι</span> <span class='ocrx_word' id='word_1_294' title='bbox 1726 2449 1892 2521; x_wconf 73' lang='grc' dir='ltr'>θέλω,</span> 
     </span>
    </p>
   </div>
   <div class='ocr_carea' id='block_1_43' title="bbox 233 2534 1891 2614">
    <p class='ocr_par' dir='ltr' id='par_1_43' title="bbox 233 2534 1891 2614">
     <span class='ocr_line' id='line_1_43' title="bbox 233 2534 1891 2614; baseline 0 -22"><span class='ocrx_word' id='word_1_295' title='bbox 233 2536 326 2593; x_wconf 70' lang='grc' dir='ltr'>ἵνα</span> <span class='ocrx_word' id='word_1_296' title='bbox 376 2558 460 2592; x_wconf 91' lang='grc' dir='ltr'>σοι</span> <span class='ocrx_word' id='word_1_297' title='bbox 514 2536 845 2612; x_wconf 79' lang='grc' dir='ltr'>συνεγγίζειν</span> <span class='ocrx_word' id='word_1_298' title='bbox 897 2534 1137 2611; x_wconf 82' lang='grc' dir='ltr'>δυνηθῶ,</span> <span class='ocrx_word' id='word_1_299' title='bbox 1196 2537 1411 2614; x_wconf 81' lang='grc' dir='ltr'>ὀλίγοις</span> <span class='ocrx_word' id='word_1_300' title='bbox 1468 2538 1560 2594; x_wconf 84' lang='grc' dir='ltr'>καὶ</span> <span class='ocrx_word' id='word_1_301' title='bbox 1595 2539 1891 2613; x_wconf 84' lang='grc' dir='ltr'>ἀρκεῖσθαι,</span> 
     </span>
    </p>
   </div>
   <div class='ocr_carea' id='block_1_44' title="bbox 246 2624 1892 2703">
    <p class='ocr_par' dir='ltr' id='par_1_44' title="bbox 246 2624 1892 2703">
     <span class='ocr_line' id='line_1_44' title="bbox 246 2624 1892 2703; baseline 0 -21"><span class='ocrx_word' id='word_1_302' title='bbox 246 2626 490 2700; x_wconf 83' lang='grc' dir='ltr'>μελετῶν</span> <span class='ocrx_word' id='word_1_303' title='bbox 522 2628 621 2696; x_wconf 83' lang='grc' dir='ltr'>τήν</span> <span class='ocrx_word' id='word_1_304' title='bbox 656 2626 755 2694; x_wconf 82' lang='grc' dir='ltr'>σήν</span> <span class='ocrx_word' id='word_1_305' title='bbox 787 2624 1022 2703; x_wconf 74' lang='grc' dir='ltr'>ἐκλογήν</span> <span class='ocrx_word' id='word_1_306' title='bbox 1052 2627 1151 2696; x_wconf 77' lang='grc' dir='ltr'>τήν</span> <span class='ocrx_word' id='word_1_307' title='bbox 1184 2624 1394 2682; x_wconf 87' lang='grc' dir='ltr'>δικαίαν</span> <span class='ocrx_word' id='word_1_308' title='bbox 1423 2632 1534 2683; x_wconf 86' lang='grc' dir='ltr'>τῶν</span> <span class='ocrx_word' id='word_1_309' title='bbox 1569 2626 1752 2683; x_wconf 89' lang='grc' dir='ltr'>καλῶν</span> <span class='ocrx_word' id='word_1_310' title='bbox 1785 2627 1892 2683; x_wconf 84' lang='grc' dir='ltr'>ἀπὸ</span> 
     </span>
    </p>
   </div>
   <div class='ocr_carea' id='block_1_45' title="bbox 238 2715 1889 2789">
    <p class='ocr_par' dir='ltr' id='par_1_45' title="bbox 238 2715 1889 2789">
     <span class='ocr_line' id='line_1_45' title="bbox 238 2715 1889 2789; baseline 0.001 -18"><span class='ocrx_word' id='word_1_311' title='bbox 238 2720 348 2771; x_wconf 89' lang='grc' dir='ltr'>τῶν</span> <span class='ocrx_word' id='word_1_312' title='bbox 380 2715 609 2789; x_wconf 83' lang='grc' dir='ltr'>ὁμοίων.</span> <span class='ocrx_word' id='word_1_313' title='bbox 644 2715 1044 2772; x_wconf 85' lang='grc' dir='ltr'>Μυστικώτατα</span> <span class='ocrx_word' id='word_1_314' title='bbox 1089 2716 1181 2771; x_wconf 78' lang='grc' dir='ltr'>καὶ</span> <span class='ocrx_word' id='word_1_315' title='bbox 1239 2716 1510 2772; x_wconf 82' lang='grc' dir='ltr'>ὁσιώτατα</span> <span class='ocrx_word' id='word_1_316' title='bbox 1551 2717 1579 2771; x_wconf 82' lang='grc' dir='ltr'>ὁ</span> <span class='ocrx_word' id='word_1_317' title='bbox 1620 2716 1889 2772; x_wconf 82' lang='grc' dir='ltr'>Ἀπόστο-</span> 
     </span>
    </p>
   </div>
   <div class='ocr_carea' id='block_1_46' title="bbox 244 2802 1889 2881">
    <p class='ocr_par' dir='ltr' id='par_1_46' title="bbox 244 2802 1889 2881">
     <span class='ocr_line' id='line_1_46' title="bbox 244 2802 1889 2881; baseline 0.001 -22"><span class='ocrx_word' id='word_1_318' title='bbox 244 2803 366 2872; x_wconf 76' lang='grc' dir='ltr'>λος,</span> <span class='ocrx_word' id='word_1_319' title='bbox 398 2802 668 2859; x_wconf 77' lang='grc' dir='ltr'>διδάσκων</span> <span class='ocrx_word' id='word_1_320' title='bbox 698 2806 846 2877; x_wconf 77' lang='grc' dir='ltr'>ἡμᾶς</span> <span class='ocrx_word' id='word_1_321' title='bbox 874 2804 974 2873; x_wconf 82' lang='grc' dir='ltr'>τήν</span> <span class='ocrx_word' id='word_1_322' title='bbox 1007 2803 1230 2875; x_wconf 81' lang='grc' dir='ltr'>ἀληθῶς</span> <span class='ocrx_word' id='word_1_323' title='bbox 1277 2803 1599 2881; x_wconf 82' lang='grc' dir='ltr'>εὐχάριστον</span> <span class='ocrx_word' id='word_1_324' title='bbox 1628 2803 1889 2881; x_wconf 78' lang='grc' dir='ltr'>ἐκλογὴν,</span> 
     </span>
    </p>
   </div>
   <div class='ocr_carea' id='block_1_47' title="bbox 243 2891 1891 2972">
    <p class='ocr_par' dir='ltr' id='par_1_47' title="bbox 243 2891 1891 2972">
     <span class='ocr_line' id='line_1_47' title="bbox 243 2891 1891 2972; baseline 0 -25"><span class='ocrx_word' id='word_1_325' title='bbox 243 2891 305 2947; x_wconf 90' lang='grc' dir='ltr'>οὐ</span> <span class='ocrx_word' id='word_1_326' title='bbox 334 2893 449 2947; x_wconf 84' lang='grc' dir='ltr'>κατ’</span> <span class='ocrx_word' id='word_1_327' title='bbox 483 2891 794 2969; x_wconf 77' lang='grc' dir='ltr'>ἀπεκλογήν</span> <span class='ocrx_word' id='word_1_328' title='bbox 826 2897 934 2948; x_wconf 88' lang='grc' dir='ltr'>τῶν</span> <span class='ocrx_word' id='word_1_329' title='bbox 985 2892 1180 2968; x_wconf 72' lang='grc' dir='ltr'>ἑτέρων</span> <span class='ocrx_word' id='word_1_330' title='bbox 1209 2895 1285 2955; x_wconf 87' lang='grc' dir='ltr'>ὡς</span> <span class='ocrx_word' id='word_1_331' title='bbox 1343 2892 1589 2972; x_wconf 75' lang='grc' dir='ltr'>φαύλων,</span> <span class='ocrx_word' id='word_1_332' title='bbox 1633 2891 1758 2949; x_wconf 81' lang='grc' dir='ltr'>ἀλλ’</span> <span class='ocrx_word' id='word_1_333' title='bbox 1816 2895 1891 2958; x_wconf 85' lang='grc' dir='ltr'>ὡς</span> 
     </span>
    </p>
   </div>
   <div class='ocr_carea' id='block_1_48' title="bbox 240 2979 1890 3055">
    <p class='ocr_par' dir='ltr' id='par_1_48' title="bbox 240 2979 1890 3055">
     <span class='ocr_line' id='line_1_48' title="bbox 240 2979 1890 3055; baseline 0.001 -20"><span class='ocrx_word' id='word_1_334' title='bbox 240 2979 426 3037; x_wconf 89' lang='grc' dir='ltr'>καλῶν</span> <span class='ocrx_word' id='word_1_335' title='bbox 462 2980 728 3036; x_wconf 87' lang='grc' dir='ltr'>καλλίονα</span> <span class='ocrx_word' id='word_1_336' title='bbox 751 2982 1048 3051; x_wconf 89' lang='grc' dir='ltr'>ποιεῖσθαι,</span> <span class='ocrx_word' id='word_1_337' title='bbox 1092 2983 1399 3055; x_wconf 78' lang='grc' dir='ltr'>μεμήνυκεν</span> <span class='ocrx_word' id='word_1_338' title='bbox 1434 2981 1622 3037; x_wconf 80' lang='grc' dir='ltr'>εἰπών’</span> <span class='ocrx_word' id='word_1_339' title='bbox 1657 3006 1687 3034; x_wconf 86' lang='grc'>‹‹</span> <span class='ocrx_word' id='word_1_340' title='bbox 1733 2983 1890 3037; x_wconf 79' lang='grc' dir='ltr'>Ὥστε</span> 
     </span>
    </p>
   </div>
   <div class='ocr_carea' id='block_1_49' title="bbox 238 3069 1884 3147">
    <p class='ocr_par' dir='ltr' id='par_1_49' title="bbox 238 3069 1884 3147">
     <span class='ocr_line' id='line_1_49' title="bbox 238 3069 1884 3147; baseline 0.001 -23"><span class='ocrx_word' id='word_1_341' title='bbox 238 3070 328 3125; x_wconf 80' lang='grc' dir='ltr'>καὶ</span> <span class='ocrx_word' id='word_1_342' title='bbox 362 3071 391 3125; x_wconf 84' lang='grc' dir='ltr'>ό</span> <span class='ocrx_word' id='word_1_343' title='bbox 420 3069 666 3146; x_wconf 74' lang='grc' dir='ltr'>γαμίζων</span> <span class='ocrx_word' id='word_1_344' title='bbox 693 3072 794 3141; x_wconf 78' lang='grc' dir='ltr'>τήν</span> <span class='ocrx_word' id='word_1_345' title='bbox 825 3071 1087 3147; x_wconf 70' lang='grc' dir='ltr'>παρθένον</span> <span class='ocrx_word' id='word_1_346' title='bbox 1143 3069 1309 3126; x_wconf 80' lang='grc' dir='ltr'>αὐτοῦ</span> <span class='ocrx_word' id='word_1_347' title='bbox 1356 3072 1468 3145; x_wconf 88' lang='grc'>(33)</span> <span class='ocrx_word' id='word_1_348' title='bbox 1499 3075 1683 3132; x_wconf 82' lang='grc' dir='ltr'>καλῶς</span> <span class='ocrx_word' id='word_1_349' title='bbox 1718 3076 1884 3126; x_wconf 89' lang='grc' dir='ltr'>ποιεῖ·</span> 
     </span>
    </p>
   </div>
   <div class='ocr_carea' id='block_1_50' title="bbox 235 3156 1883 3237">
    <p class='ocr_par' dir='ltr' id='par_1_50' title="bbox 235 3156 1883 3237">
     <span class='ocr_line' id='line_1_50' title="bbox 235 3156 1883 3237; baseline 0 -24"><span class='ocrx_word' id='word_1_350' title='bbox 235 3159 326 3214; x_wconf 82' lang='grc' dir='ltr'>καὶ</span> <span class='ocrx_word' id='word_1_351' title='bbox 359 3160 387 3213; x_wconf 88' lang='grc' dir='ltr'>ὁ</span> <span class='ocrx_word' id='word_1_352' title='bbox 420 3160 496 3233; x_wconf 87' lang='grc' dir='ltr'>μή</span> <span class='ocrx_word' id='word_1_353' title='bbox 527 3159 774 3234; x_wconf 80' lang='grc' dir='ltr'>γαμίζων</span> <span class='ocrx_word' id='word_1_354' title='bbox 803 3165 1052 3237; x_wconf 86' lang='grc' dir='ltr'>κρεῖσσον</span> <span class='ocrx_word' id='word_1_355' title='bbox 1106 3164 1257 3215; x_wconf 87' lang='grc' dir='ltr'>ποιεῖ</span> <span class='ocrx_word' id='word_1_356' title='bbox 1310 3160 1444 3237; x_wconf 86' lang='grc' dir='ltr'>πρὸς</span> <span class='ocrx_word' id='word_1_357' title='bbox 1499 3160 1560 3214; x_wconf 87' lang='grc' dir='ltr'>τὸ</span> <span class='ocrx_word' id='word_1_358' title='bbox 1600 3156 1883 3235; x_wconf 73' lang='grc' dir='ltr'>εὔσχημον</span> 
     </span>
    </p>
   </div>
   <div class='ocr_carea' id='block_1_51' title="bbox 232 3246 1641 3325">
    <p class='ocr_par' dir='ltr' id='par_1_51' title="bbox 232 3246 1641 3325">
     <span class='ocr_line' id='line_1_51' title="bbox 232 3246 1641 3325; baseline -0.003 -22"><span class='ocrx_word' id='word_1_359' title='bbox 232 3248 321 3304; x_wconf 83' lang='grc' dir='ltr'>καὶ</span> <span class='ocrx_word' id='word_1_360' title='bbox 370 3246 702 3324; x_wconf 79' lang='grc' dir='ltr'>εὐπάρεδρον</span> <span class='ocrx_word' id='word_1_361' title='bbox 750 3254 831 3322; x_wconf 82' lang='grc' dir='ltr'>τῷ</span> <span class='ocrx_word' id='word_1_362' title='bbox 879 3248 1070 3324; x_wconf 85' lang='grc' dir='ltr'>Κυρίῳ</span> <span class='ocrx_word' id='word_1_363' title='bbox 1127 3249 1558 3325; x_wconf 84' lang='grc' dir='ltr'>ἀπερισπάστως.</span> <span class='ocrx_word' id='word_1_364' title='bbox 1615 3273 1641 3300; x_wconf 87' lang='grc'><strong>››</strong></span> 
     </span>
    </p>
   </div>
   <div class='ocr_carea' id='block_1_52' title="bbox 235 3334 1883 3414">
    <p class='ocr_par' dir='ltr' id='par_1_52' title="bbox 235 3334 1883 3414">
     <span class='ocr_line' id='line_1_52' title="bbox 235 3334 1883 3414; baseline 0.001 -22"><span class='ocrx_word' id='word_1_365' title='bbox 235 3334 294 3392; x_wconf 68' lang='grc' dir='ltr'><strong>δί</strong></span> <span class='ocrx_word' id='word_1_366' title='bbox 321 3338 387 3392; x_wconf 77' lang='grc' dir='ltr'>τὰ</span> <span class='ocrx_word' id='word_1_367' title='bbox 424 3338 519 3411; x_wconf 79' lang='grc' dir='ltr'>μὲν</span> <span class='ocrx_word' id='word_1_368' title='bbox 551 3334 882 3414; x_wconf 84' lang='grc' dir='ltr'>δυσπόριστα</span> <span class='ocrx_word' id='word_1_369' title='bbox 913 3336 1010 3393; x_wconf 87' lang='grc' dir='ltr'>οὐκ</span> <span class='ocrx_word' id='word_1_370' title='bbox 1063 3338 1350 3413; x_wconf 83' lang='grc' dir='ltr'>ἀναγκαῖα⁶</span> <span class='ocrx_word' id='word_1_371' title='bbox 1395 3338 1462 3393; x_wconf 81' lang='grc' dir='ltr'>τὰ</span> <span class='ocrx_word' id='word_1_372' title='bbox 1514 3335 1571 3393; x_wconf 71' lang='grc' dir='ltr'><strong>δί</strong></span> <span class='ocrx_word' id='word_1_373' title='bbox 1621 3337 1883 3414; x_wconf 82' lang='grc' dir='ltr'>ἀναγκαῖα</span> 
     </span>
    </p>
   </div>
   <div class='ocr_carea' id='block_1_53' title="bbox 235 3423 1879 3504">
    <p class='ocr_par' dir='ltr' id='par_1_53' title="bbox 235 3423 1879 3504">
     <span class='ocr_line' id='line_1_53' title="bbox 235 3423 1879 3504; baseline 0.002 -23"><span class='ocrx_word' id='word_1_374' title='bbox 235 3426 529 3500; x_wconf 79' lang='grc' dir='ltr'>εὐπόριστα</span> <span class='ocrx_word' id='word_1_375' title='bbox 584 3432 907 3502; x_wconf 80' lang='grc' dir='ltr'>γεγενῆσθαι</span> <span class='ocrx_word' id='word_1_376' title='bbox 960 3423 1277 3504; x_wconf 74' lang='grc' dir='ltr'>φιλαγάθως</span> <span class='ocrx_word' id='word_1_377' title='bbox 1331 3427 1479 3503; x_wconf 85' lang='grc' dir='ltr'>παρᾶ</span> <span class='ocrx_word' id='word_1_378' title='bbox 1554 3431 1650 3481; x_wconf 81' lang='grc' dir='ltr'>τοῦ</span> <span class='ocrx_word' id='word_1_379' title='bbox 1727 3432 1879 3485; x_wconf 81' lang='grc' dir='ltr'>Θεοῦ.</span> 
     </span>
    </p>
   </div>
   <div class='ocr_carea' id='block_1_54' title="bbox 237 3514 1881 3591">
    <p class='ocr_par' dir='ltr' id='par_1_54' title="bbox 237 3514 1881 3591">
     <span class='ocr_line' id='line_1_54' title="bbox 237 3514 1881 3591; baseline -0.001 -20"><span class='ocrx_word' id='word_1_380' title='bbox 237 3514 437 3589; x_wconf 87' lang='grc' dir='ltr'>Διόπερ</span> <span class='ocrx_word' id='word_1_381' title='bbox 469 3516 498 3570; x_wconf 81' lang='grc' dir='ltr'><strong>ὁ</strong></span> <span class='ocrx_word' id='word_1_382' title='bbox 526 3514 876 3589; x_wconf 87' lang='grc' dir='ltr'>Δημόκριτος</span> <span class='ocrx_word' id='word_1_383' title='bbox 906 3515 962 3569; x_wconf 82' lang='grc' dir='ltr'>εὗ</span> <span class='ocrx_word' id='word_1_384' title='bbox 992 3514 1160 3591; x_wconf 70' lang='grc' dir='ltr'>λέγει,</span> <span class='ocrx_word' id='word_1_385' title='bbox 1191 3515 1267 3579; x_wconf 83' lang='grc' dir='ltr'>ὡς</span> <span class='ocrx_word' id='word_1_386' title='bbox 1314 3540 1341 3567; x_wconf 92' lang='grc'>‹‹</span> <span class='ocrx_word' id='word_1_387' title='bbox 1396 3518 1431 3585; x_wconf 78' lang='grc' dir='ltr'>ἡ</span> <span class='ocrx_word' id='word_1_388' title='bbox 1482 3515 1638 3591; x_wconf 79' lang='grc' dir='ltr'>φύσις</span> <span class='ocrx_word' id='word_1_389' title='bbox 1678 3536 1736 3571; x_wconf 86' lang='grc' dir='ltr'>τε</span> <span class='ocrx_word' id='word_1_390' title='bbox 1792 3518 1881 3572; x_wconf 84' lang='grc' dir='ltr'>καὶ</span> 
     </span>
    </p>
   </div>
   <div class='ocr_carea' id='block_1_55' title="bbox 240 3601 1886 3680">
    <p class='ocr_par' dir='ltr' id='par_1_55' title="bbox 240 3601 1886 3680">
     <span class='ocr_line' id='line_1_55' title="bbox 240 3601 1886 3680; baseline 0 -20"><span class='ocrx_word' id='word_1_391' title='bbox 240 3601 443 3680; x_wconf 74' lang='grc' dir='ltr'>διδαχὴ</span> <span class='ocrx_word' id='word_1_392' title='bbox 475 3602 859 3678; x_wconf 86' lang='grc' dir='ltr'>παραπλήσιόν</span> <span class='ocrx_word' id='word_1_393' title='bbox 891 3602 1022 3658; x_wconf 71' lang='grc' dir='ltr'>ἐστι*</span> <span class='ocrx_word' id='word_1_394' title='bbox 1084 3629 1106 3658; x_wconf 76' lang='grc' dir='ltr'>ι</span> <span class='ocrx_word' id='word_1_395' title='bbox 1170 3604 1260 3659; x_wconf 89' lang='grc' dir='ltr'>καὶ</span> <span class='ocrx_word' id='word_1_396' title='bbox 1314 3605 1413 3673; x_wconf 77' lang='grc' dir='ltr'>τὴν</span> <span class='ocrx_word' id='word_1_397' title='bbox 1466 3604 1639 3660; x_wconf 87' lang='grc' dir='ltr'>αἰτίαν</span> <span class='ocrx_word' id='word_1_398' title='bbox 1697 3604 1886 3661; x_wconf 87' lang='grc' dir='ltr'>συντό-</span> 
     </span>
    </p>
   </div>
   <div class='ocr_carea' id='block_1_56' title="bbox 246 3689 1884 3771">
    <p class='ocr_par' dir='ltr' id='par_1_56' title="bbox 246 3689 1884 3771">
     <span class='ocr_line' id='line_1_56' title="bbox 246 3689 1884 3771; baseline 0.002 -24"><span class='ocrx_word' id='word_1_399' title='bbox 246 3715 364 3767; x_wconf 88' lang='grc' dir='ltr'>μως</span> <span class='ocrx_word' id='word_1_400' title='bbox 388 3689 980 3767; x_wconf 84' lang='grc' dir='ltr'>προσαποδεδώκαμεν·</span> <span class='ocrx_word' id='word_1_401' title='bbox 1038 3692 1126 3747; x_wconf 79' lang='grc' dir='ltr'>καὶ</span> <span class='ocrx_word' id='word_1_402' title='bbox 1178 3692 1278 3768; x_wconf 78' lang='grc' dir='ltr'>γὰρ</span> <span class='ocrx_word' id='word_1_403' title='bbox 1336 3695 1371 3764; x_wconf 78' lang='grc' dir='ltr'>ἡ</span> <span class='ocrx_word' id='word_1_404' title='bbox 1423 3690 1626 3769; x_wconf 85' lang='grc' dir='ltr'>διδαχή</span> <span class='ocrx_word' id='word_1_405' title='bbox 1684 3694 1884 3771; x_wconf 76' lang='grc' dir='ltr'>μεταρο</span> 
     </span>
    </p>
   </div>
   <div class='ocr_carea' id='block_1_57' title="bbox 245 3779 1883 3861">
    <p class='ocr_par' dir='ltr' id='par_1_57' title="bbox 245 3779 1883 3861">
     <span class='ocr_line' id='line_1_57' title="bbox 245 3779 1883 3861; baseline 0.002 -24"><span class='ocrx_word' id='word_1_406' title='bbox 245 3780 495 3858; x_wconf 78' lang='grc' dir='ltr'>ῥυθμίζει</span> <span class='ocrx_word' id='word_1_407' title='bbox 524 3782 618 3837; x_wconf 85' lang='grc' dir='ltr'>τὸν</span> <span class='ocrx_word' id='word_1_408' title='bbox 678 3779 986 3856; x_wconf 74' lang='grc' dir='ltr'>ἄνθρωπον·</span> <span class='ocrx_word' id='word_1_409' title='bbox 1050 3780 1502 3861; x_wconf 77' lang='grc' dir='ltr'>μεταῤῥυθμοῦσα</span> <span class='ocrx_word' id='word_1_410' title='bbox 1558 3781 1635 3856; x_wconf 66' lang='grc' dir='ltr'>δὲ,</span> <span class='ocrx_word' id='word_1_411' title='bbox 1695 3805 1883 3849; x_wconf 75' lang='grc' dir='ltr'>φυσιο-</span> 
     </span>
    </p>
   </div>
   <div class='ocr_carea' id='block_1_58' title="bbox 229 3867 1883 3951">
    <p class='ocr_par' dir='ltr' id='par_1_58' title="bbox 229 3867 1883 3951">
     <span class='ocr_line' id='line_1_58' title="bbox 229 3867 1883 3951; baseline 0.002 -26"><span class='ocrx_word' id='word_1_412' title='bbox 229 3875 399 3926; x_wconf 84' lang='grc' dir='ltr'>ποιεῖ·</span> <span class='ocrx_word' id='word_1_413' title='bbox 485 3870 575 3926; x_wconf 82' lang='grc' dir='ltr'>καὶ</span> <span class='ocrx_word' id='word_1_414' title='bbox 654 3867 932 3948; x_wconf 76' lang='grc' dir='ltr'>διήνεγκεν</span> <span class='ocrx_word' id='word_1_415' title='bbox 1017 3867 1197 3938; x_wconf 64' lang='grc' dir='ltr'>οὐδὲν,</span> <span class='ocrx_word' id='word_1_416' title='bbox 1254 3870 1290 3941; x_wconf 72' lang='grc' dir='ltr'><strong>ἢ</strong></span> <span class='ocrx_word' id='word_1_417' title='bbox 1359 3871 1514 3951; x_wconf 82' lang='grc' dir='ltr'>φύσει</span> <span class='ocrx_word' id='word_1_418' title='bbox 1572 3870 1883 3939; x_wconf 82' lang='grc' dir='ltr'>πλασθῆναι</span> 
     </span>
    </p>
   </div>
   <div class='ocr_carea' id='block_1_59' title="bbox 227 3956 1880 4041">
    <p class='ocr_par' dir='ltr' id='par_1_59' title="bbox 227 3956 1880 4041">
     <span class='ocr_line' id='line_1_59' title="bbox 227 3956 1880 4041; baseline 0.004 -28"><span class='ocrx_word' id='word_1_419' title='bbox 227 3956 459 4029; x_wconf 88' lang='grc' dir='ltr'>τοιόνδε,</span> <span class='ocrx_word' id='word_1_420' title='bbox 486 3960 521 4031; x_wconf 72' lang='grc' dir='ltr'><strong>ἢ</strong></span> <span class='ocrx_word' id='word_1_421' title='bbox 554 3958 742 4035; x_wconf 84' lang='grc' dir='ltr'>χρόνῳ</span> <span class='ocrx_word' id='word_1_422' title='bbox 773 3959 859 4016; x_wconf 83' lang='grc' dir='ltr'>καὶ</span> <span class='ocrx_word' id='word_1_423' title='bbox 894 3961 1121 4034; x_wconf 79' lang='grc' dir='ltr'>μαθήσει</span> <span class='ocrx_word' id='word_1_424' title='bbox 1159 3964 1631 4034; x_wconf 77' lang='grc' dir='ltr'>μετατυπωθῆναι.</span> <span class='ocrx_word' id='word_1_425' title='bbox 1677 3966 1880 4041; x_wconf 78' lang='grc' dir='ltr'>Ἄμφω</span> 
     </span>
    </p>
   </div>
   <div class='ocr_carea' id='block_1_60' title="bbox 231 4045 1884 4125">
    <p class='ocr_par' dir='ltr' id='par_1_60' title="bbox 231 4045 1884 4125">
     <span class='ocr_line' id='line_1_60' title="bbox 231 4045 1884 4125; baseline 0.004 -24"><span class='ocrx_word' id='word_1_426' title='bbox 231 4045 292 4102; x_wconf 75' lang='grc' dir='ltr'>δὶ</span> <span class='ocrx_word' id='word_1_427' title='bbox 321 4048 349 4102; x_wconf 84' lang='grc' dir='ltr'><strong>ὁ</strong></span> <span class='ocrx_word' id='word_1_428' title='bbox 381 4047 578 4120; x_wconf 84' lang='grc' dir='ltr'>Κύριος</span> <span class='ocrx_word' id='word_1_429' title='bbox 609 4048 975 4123; x_wconf 74' lang='grc' dir='ltr'>παρέσχηταιο</span> <span class='ocrx_word' id='word_1_430' title='bbox 1016 4050 1080 4105; x_wconf 84' lang='grc' dir='ltr'>τὸ</span> <span class='ocrx_word' id='word_1_431' title='bbox 1114 4050 1208 4122; x_wconf 74' lang='grc' dir='ltr'>μὲν</span> <span class='ocrx_word' id='word_1_432' title='bbox 1266 4051 1403 4106; x_wconf 85' lang='grc' dir='ltr'>κατᾶ</span> <span class='ocrx_word' id='word_1_433' title='bbox 1457 4052 1556 4120; x_wconf 86' lang='grc' dir='ltr'>τήν</span> <span class='ocrx_word' id='word_1_434' title='bbox 1616 4048 1884 4125; x_wconf 82' lang='grc' dir='ltr'>δημιουρ-</span> 
     </span>
    </p>
   </div>
   <div class='ocr_carea' id='block_1_61' title="bbox 229 4132 1885 4210">
    <p class='ocr_par' dir='ltr' id='par_1_61' title="bbox 229 4132 1885 4210">
     <span class='ocr_line' id='line_1_61' title="bbox 229 4132 1885 4210; baseline 0.005 -22"><span class='ocrx_word' id='word_1_435' title='bbox 229 4134 379 4210; x_wconf 85' lang='grc' dir='ltr'>γίαν,</span> <span class='ocrx_word' id='word_1_436' title='bbox 408 4134 471 4189; x_wconf 85' lang='grc' dir='ltr'>τὸ</span> <span class='ocrx_word' id='word_1_437' title='bbox 502 4132 561 4189; x_wconf 79' lang='grc' dir='ltr'>δὲ</span> <span class='ocrx_word' id='word_1_438' title='bbox 588 4137 727 4191; x_wconf 88' lang='grc' dir='ltr'>κατά</span> <span class='ocrx_word' id='word_1_439' title='bbox 764 4138 855 4191; x_wconf 87' lang='grc' dir='ltr'>τὸν</span> <span class='ocrx_word' id='word_1_440' title='bbox 916 4136 976 4193; x_wconf 71' lang='grc' dir='ltr'>ἐκ</span> <span class='ocrx_word' id='word_1_441' title='bbox 1019 4144 1120 4208; x_wconf 80' lang='grc' dir='ltr'>τῆς</span> <span class='ocrx_word' id='word_1_442' title='bbox 1180 4140 1455 4209; x_wconf 88' lang='grc' dir='ltr'>Διαθήκης</span> <span class='ocrx_word' id='word_1_443' title='bbox 1511 4140 1783 4195; x_wconf 80' lang='grc' dir='ltr'>ἀνάκτισίν</span> <span class='ocrx_word' id='word_1_444' title='bbox 1828 4163 1885 4197; x_wconf 85' lang='grc' dir='ltr'>τε</span> 
     </span>
    </p>
   </div>
   <div class='ocr_carea' id='block_1_62' title="bbox 227 4221 1881 4305">
    <p class='ocr_par' dir='ltr' id='par_1_62' title="bbox 227 4221 1881 4305">
     <span class='ocr_line' id='line_1_62' title="bbox 227 4221 1881 4305; baseline 0.003 -26"><span class='ocrx_word' id='word_1_445' title='bbox 227 4221 322 4279; x_wconf 86' lang='grc' dir='ltr'>καὶ</span> <span class='ocrx_word' id='word_1_446' title='bbox 400 4221 712 4280; x_wconf 69' lang='grc' dir='ltr'>ἀνανέωσιν.</span> <span class='ocrx_word' id='word_1_447' title='bbox 772 4227 852 4281; x_wconf 86' lang='grc' dir='ltr'>Τὸ</span> <span class='ocrx_word' id='word_1_448' title='bbox 937 4221 996 4280; x_wconf 79' lang='grc' dir='ltr'>δὶ</span> <span class='ocrx_word' id='word_1_449' title='bbox 1042 4227 1316 4303; x_wconf 75' lang='grc' dir='ltr'>συμφέρον</span> <span class='ocrx_word' id='word_1_450' title='bbox 1383 4231 1462 4299; x_wconf 80' lang='grc' dir='ltr'>τῷ</span> <span class='ocrx_word' id='word_1_451' title='bbox 1544 4227 1881 4305; x_wconf 68' lang='grc' dir='ltr'>κυριωτὲρῳ,</span> 
     </span>
    </p>
   </div>
   <div class='ocr_carea' id='block_1_63' title="bbox 226 4312 1919 4390">
    <p class='ocr_par' dir='ltr' id='par_1_63' title="bbox 226 4312 1919 4390">
     <span class='ocr_line' id='line_1_63' title="bbox 226 4312 1919 4390; baseline 0.004 -22"><span class='ocrx_word' id='word_1_452' title='bbox 226 4316 391 4369; x_wconf 79' lang='grc' dir='ltr'>τοῦτο</span> <span class='ocrx_word' id='word_1_453' title='bbox 423 4312 803 4389; x_wconf 71' lang='grc' dir='ltr'>αἱρετώτερον·</span> <span class='ocrx_word' id='word_1_454' title='bbox 839 4314 1174 4390; x_wconf 88' lang='grc' dir='ltr'>κυριώτατον</span> <span class='ocrx_word' id='word_1_455' title='bbox 1205 4312 1262 4369; x_wconf 75' lang='grc' dir='ltr'>δὲ</span> <span class='ocrx_word' id='word_1_456' title='bbox 1307 4315 1525 4371; x_wconf 80' lang='grc' dir='ltr'>πάντων</span> <span class='ocrx_word' id='word_1_457' title='bbox 1557 4318 1592 4386; x_wconf 78' lang='grc' dir='ltr'><strong>ἡ</strong></span> <span class='ocrx_word' id='word_1_458' title='bbox 1647 4314 1880 4375; x_wconf 84' lang='grc' dir='ltr'>διάνοια.</span> <span class='ocrx_word' id='word_1_459' title='bbox 1912 4350 1919 4357; x_wconf 60' lang='grc' dir='ltr'><em>ί</em></span> 
     </span>
    </p>
   </div>
   <div class='ocr_carea' id='block_1_64' title="bbox 229 4398 1885 4480">
    <p class='ocr_par' dir='ltr' id='par_1_64' title="bbox 229 4398 1885 4480">
     <span class='ocr_line' id='line_1_64' title="bbox 229 4398 1885 4480; baseline 0.003 -24"><span class='ocrx_word' id='word_1_460' title='bbox 229 4401 385 4458; x_wconf 72' lang='grc' dir='ltr'>Οὕτω</span> <span class='ocrx_word' id='word_1_461' title='bbox 423 4400 605 4457; x_wconf 88' lang='grc' dir='ltr'>τοίνυν</span> <span class='ocrx_word' id='word_1_462' title='bbox 651 4407 733 4475; x_wconf 83' lang='grc' dir='ltr'>τῷ</span> <span class='ocrx_word' id='word_1_463' title='bbox 788 4398 901 4459; x_wconf 77' lang='grc' dir='ltr'>ὄντι</span> <span class='ocrx_word' id='word_1_464' title='bbox 958 4401 1103 4459; x_wconf 83' lang='grc' dir='ltr'>καλὰ</span> <span class='ocrx_word' id='word_1_465' title='bbox 1157 4403 1401 4480; x_wconf 74' lang='grc' dir='ltr'>φαίνεται</span> <span class='ocrx_word' id='word_1_466' title='bbox 1455 4402 1671 4475; x_wconf 74' lang='grc' dir='ltr'>ἣδιστα,</span> <span class='ocrx_word' id='word_1_467' title='bbox 1756 4409 1885 4480; x_wconf 84' lang='grc' dir='ltr'>παρ’</span> 
     </span>
    </p>
   </div>
   <div class='ocr_carea' id='block_1_65' title="bbox 228 4489 1883 4569">
    <p class='ocr_par' dir='ltr' id='par_1_65' title="bbox 228 4489 1883 4569">
     <span class='ocr_line' id='line_1_65' title="bbox 228 4489 1883 4569; baseline 0.004 -23"><span class='ocrx_word' id='word_1_468' title='bbox 228 4490 396 4547; x_wconf 76' lang='grc' dir='ltr'>αὐτοῦ</span> <span class='ocrx_word' id='word_1_469' title='bbox 428 4489 487 4547; x_wconf 79' lang='grc' dir='ltr'>δὲ</span> <span class='ocrx_word' id='word_1_470' title='bbox 524 4491 804 4569; x_wconf 82' lang='grc' dir='ltr'>πορίζεται</span> <span class='ocrx_word' id='word_1_471' title='bbox 858 4495 969 4567; x_wconf 85' lang='grc'>(34)</span> <span class='ocrx_word' id='word_1_472' title='bbox 1017 4492 1075 4548; x_wconf 81' lang='grc' dir='ltr'>ὅν</span> <span class='ocrx_word' id='word_1_473' title='bbox 1125 4494 1285 4548; x_wconf 87' lang='grc' dir='ltr'>ποθεῖ</span> <span class='ocrx_word' id='word_1_474' title='bbox 1336 4493 1569 4568; x_wconf 86' lang='grc' dir='ltr'>καρπὸν,</span> <span class='ocrx_word' id='word_1_475' title='bbox 1625 4496 1726 4563; x_wconf 73' lang='grc' dir='ltr'>τὴν</span> <span class='ocrx_word' id='word_1_476' title='bbox 1781 4502 1883 4566; x_wconf 81' lang='grc' dir='ltr'>τῆς</span> 
     </span>
    </p>
   </div>
   <div class='ocr_carea' id='block_1_66' title="bbox 2010 1918 3653 1991">
    <p class='ocr_par' dir='ltr' id='par_1_66' title="bbox 2010 1918 3653 1991">
     <span class='ocr_line' id='line_1_66' title="bbox 2010 1918 3653 1991; baseline 0.002 -18"><span class='ocrx_word' id='word_1_477' title='bbox 2010 1918 2230 1991; x_wconf 91' lang='lat' dir='ltr'>quiper</span> <span class='ocrx_word' id='word_1_478' title='bbox 2243 1935 2468 1986; x_wconf 88' lang='lat' dir='ltr'>eorum,</span> <span class='ocrx_word' id='word_1_479' title='bbox 2486 1935 2617 1989; x_wconf 72' lang='lat' dir='ltr'>quaa</span> <span class='ocrx_word' id='word_1_480' title='bbox 2633 1918 3415 1989; x_wconf 88' lang='lat' dir='ltr'>suntpulchra,electionem</span> <span class='ocrx_word' id='word_1_481' title='bbox 3429 1920 3653 1976; x_wconf 90' lang='lat' dir='ltr'>bonum</span> 
     </span>
    </p>
   </div>
   <div class='ocr_carea' id='block_1_67' title="bbox 2006 2006 3656 2081">
    <p class='ocr_par' dir='ltr' id='par_1_67' title="bbox 2006 2006 3656 2081">
     <span class='ocr_line' id='line_1_67' title="bbox 2006 2006 3656 2081; baseline 0.001 -18"><span class='ocrx_word' id='word_1_482' title='bbox 2006 2009 2271 2081; x_wconf 90' lang='lat' dir='ltr'>gnostice</span> <span class='ocrx_word' id='word_1_483' title='bbox 2285 2007 2548 2080; x_wconf 78' lang='lat' dir='ltr'>elegerit,</span> <span class='ocrx_word' id='word_1_484' title='bbox 2563 2006 2961 2063; x_wconf 88' lang='lat' dir='ltr'>etadmiretur</span> <span class='ocrx_word' id='word_1_485' title='bbox 2971 2008 3502 2079; x_wconf 88' lang='lat' dir='ltr'>generationem,et</span> <span class='ocrx_word' id='word_1_486' title='bbox 3515 2026 3656 2065; x_wconf 88' lang='lat' dir='ltr'>san-</span> 
     </span>
    </p>
   </div>
   <div class='ocr_carea' id='block_1_68' title="bbox 2006 2097 3658 2169">
    <p class='ocr_par' dir='ltr' id='par_1_68' title="bbox 2006 2097 3658 2169">
     <span class='ocr_line' id='line_1_68' title="bbox 2006 2097 3658 2169; baseline 0 -16"><span class='ocrx_word' id='word_1_487' title='bbox 2006 2098 2226 2153; x_wconf 85' lang='lat' dir='ltr'>ctiﬁcet</span> <span class='ocrx_word' id='word_1_488' title='bbox 2244 2098 2731 2165; x_wconf 86' lang='lat' dir='ltr'>Creatorem,una</span> <span class='ocrx_word' id='word_1_489' title='bbox 2743 2101 2941 2151; x_wconf 89' lang='lat' dir='ltr'>tamen</span> <span class='ocrx_word' id='word_1_490' title='bbox 2955 2097 3287 2152; x_wconf 85' lang='lat' dir='ltr'>sanctiﬁcet</span> <span class='ocrx_word' id='word_1_491' title='bbox 3301 2113 3431 2152; x_wconf 89' lang='lat' dir='ltr'>eam</span> <span class='ocrx_word' id='word_1_492' title='bbox 3444 2115 3574 2169; x_wconf 68' lang='lat' dir='ltr'>qua:</span> <span class='ocrx_word' id='word_1_493' title='bbox 3591 2100 3658 2153; x_wconf 83' lang='lat' dir='ltr'>fit</span> 
     </span>
    </p>
   </div>
   <div class='ocr_carea' id='block_1_69' title="bbox 2005 2185 3654 2257">
    <p class='ocr_par' dir='ltr' id='par_1_69' title="bbox 2005 2185 3654 2257">
     <span class='ocr_line' id='line_1_69' title="bbox 2005 2185 3654 2257; baseline -0.001 -15"><span class='ocrx_word' id='word_1_494' title='bbox 2005 2188 2123 2241; x_wconf 92' lang='lat' dir='ltr'>Deo</span> <span class='ocrx_word' id='word_1_495' title='bbox 2136 2185 2770 2242; x_wconf 89' lang='lat' dir='ltr'>assimilationem.Sed</span> <span class='ocrx_word' id='word_1_496' title='bbox 2783 2200 2885 2257; x_wconf 82' lang='lat' dir='ltr'>ego</span> <span class='ocrx_word' id='word_1_497' title='bbox 2905 2201 2994 2240; x_wconf 88' lang='lat' dir='ltr'>me</span> <span class='ocrx_word' id='word_1_498' title='bbox 3009 2185 3274 2240; x_wconf 91' lang='lat' dir='ltr'>liberabo</span> <span class='ocrx_word' id='word_1_499' title='bbox 3289 2186 3654 2241; x_wconf 81' lang='lat' dir='ltr'>dixeritacu-</span> 
     </span>
    </p>
   </div>
   <div class='ocr_carea' id='block_1_70' title="bbox 2006 2274 3654 2347">
    <p class='ocr_par' dir='ltr' id='par_1_70' title="bbox 2006 2274 3654 2347">
     <span class='ocr_line' id='line_1_70' title="bbox 2006 2274 3654 2347; baseline 0.001 -19"><span class='ocrx_word' id='word_1_500' title='bbox 2006 2275 2275 2347; x_wconf 89' lang='lat' dir='ltr'>piditate,</span> <span class='ocrx_word' id='word_1_501' title='bbox 2309 2291 2341 2329; x_wconf 96' lang='lat' dir='ltr'>o</span> <span class='ocrx_word' id='word_1_502' title='bbox 2373 2274 2642 2340; x_wconf 89' lang='lat' dir='ltr'>Domine,</span> <span class='ocrx_word' id='word_1_503' title='bbox 2676 2278 2742 2327; x_wconf 88' lang='lat' dir='ltr'>ut</span> <span class='ocrx_word' id='word_1_504' title='bbox 2770 2274 2919 2328; x_wconf 89' lang='lat' dir='ltr'>mihi</span> <span class='ocrx_word' id='word_1_505' title='bbox 2939 2277 3137 2329; x_wconf 89' lang='lat' dir='ltr'>tecum</span> <span class='ocrx_word' id='word_1_506' title='bbox 3161 2274 3495 2329; x_wconf 89' lang='lat' dir='ltr'>intercedat</span> <span class='ocrx_word' id='word_1_507' title='bbox 3513 2291 3654 2330; x_wconf 86' lang='lat' dir='ltr'>con-</span> 
     </span>
    </p>
   </div>
   <div class='ocr_carea' id='block_1_71' title="bbox 1996 2362 3749 2436">
    <p class='ocr_par' dir='ltr' id='par_1_71' title="bbox 1996 2362 3749 2436">
     <span class='ocr_line' id='line_1_71' title="bbox 1996 2362 3749 2436; baseline -0.002 -17"><span class='ocrx_word' id='word_1_508' title='bbox 1996 2364 2269 2436; x_wconf 89' lang='lat' dir='ltr'>junctio:</span> <span class='ocrx_word' id='word_1_509' title='bbox 2304 2362 2555 2434; x_wconf 89' lang='lat' dir='ltr'>pulchra</span> <span class='ocrx_word' id='word_1_510' title='bbox 2584 2362 2743 2417; x_wconf 90' lang='lat' dir='ltr'>enim</span> <span class='ocrx_word' id='word_1_511' title='bbox 2776 2367 2887 2428; x_wconf 90' lang='lat' dir='ltr'>est,</span> <span class='ocrx_word' id='word_1_512' title='bbox 2920 2379 3052 2432; x_wconf 60' lang='lat' dir='ltr'>quas</span> <span class='ocrx_word' id='word_1_513' title='bbox 3079 2362 3284 2433; x_wconf 90' lang='lat' dir='ltr'>utique</span> <span class='ocrx_word' id='word_1_514' title='bbox 3317 2368 3514 2419; x_wconf 89' lang='lat' dir='ltr'>creata</span> <span class='ocrx_word' id='word_1_515' title='bbox 3545 2369 3655 2430; x_wconf 88' lang='lat' dir='ltr'>est,</span> <span class='ocrx_word' id='word_1_516' title='bbox 3748 2410 3749 2415; x_wconf 46' lang='grc' dir='ltr'>η</span> 
     </span>
    </p>
   </div>
   <div class='ocr_carea' id='block_1_72' title="bbox 2005 2449 3655 2523">
    <p class='ocr_par' dir='ltr' id='par_1_72' title="bbox 2005 2449 3655 2523">
     <span class='ocr_line' id='line_1_72' title="bbox 2005 2449 3655 2523; baseline 0.001 -17"><span class='ocrx_word' id='word_1_517' title='bbox 2005 2450 2393 2523; x_wconf 87' lang='lat' dir='ltr'>dispensatio,</span> <span class='ocrx_word' id='word_1_518' title='bbox 2414 2454 2473 2507; x_wconf 92' lang='lat' dir='ltr'>et</span> <span class='ocrx_word' id='word_1_519' title='bbox 2487 2449 2690 2505; x_wconf 90' lang='lat' dir='ltr'>omnia</span> <span class='ocrx_word' id='word_1_520' title='bbox 2708 2454 2865 2505; x_wconf 87' lang='lat' dir='ltr'>recte</span> <span class='ocrx_word' id='word_1_521' title='bbox 2883 2449 3398 2519; x_wconf 87' lang='lat' dir='ltr'>administrantur,</span> <span class='ocrx_word' id='word_1_522' title='bbox 3424 2456 3484 2506; x_wconf 90' lang='lat' dir='ltr'>et</span> <span class='ocrx_word' id='word_1_523' title='bbox 3505 2451 3655 2507; x_wconf 91' lang='lat' dir='ltr'>nihil</span> 
     </span>
    </p>
   </div>
   <div class='ocr_carea' id='block_1_73' title="bbox 2005 2538 3653 2610">
    <p class='ocr_par' dir='ltr' id='par_1_73' title="bbox 2005 2538 3653 2610">
     <span class='ocr_line' id='line_1_73' title="bbox 2005 2538 3653 2610; baseline 0 -15"><span class='ocrx_word' id='word_1_524' title='bbox 2005 2540 2072 2595; x_wconf 81' lang='lat' dir='ltr'>fit</span> <span class='ocrx_word' id='word_1_525' title='bbox 2101 2540 2228 2594; x_wconf 89' lang='lat' dir='ltr'>sine</span> <span class='ocrx_word' id='word_1_526' title='bbox 2262 2554 2458 2595; x_wconf 86' lang='lat' dir='ltr'>causa.</span> <span class='ocrx_word' id='word_1_527' title='bbox 2493 2540 2559 2593; x_wconf 93' lang='lat' dir='ltr'>In</span> <span class='ocrx_word' id='word_1_528' title='bbox 2592 2538 2707 2593; x_wconf 91' lang='lat' dir='ltr'>tuis</span> <span class='ocrx_word' id='word_1_529' title='bbox 2737 2555 2830 2593; x_wconf 93' lang='lat' dir='ltr'>me</span> <span class='ocrx_word' id='word_1_530' title='bbox 2862 2555 2991 2593; x_wconf 89' lang='lat' dir='ltr'>esse</span> <span class='ocrx_word' id='word_1_531' title='bbox 3025 2544 3273 2610; x_wconf 87' lang='lat' dir='ltr'>oportet,</span> <span class='ocrx_word' id='word_1_532' title='bbox 3306 2556 3339 2593; x_wconf 96' lang='lat' dir='ltr'>o</span> <span class='ocrx_word' id='word_1_533' title='bbox 3372 2540 3653 2610; x_wconf 90' lang='lat' dir='ltr'>Omnipo-</span> 
     </span>
    </p>
   </div>
   <div class='ocr_carea' id='block_1_74' title="bbox 2003 2627 3650 2698">
    <p class='ocr_par' dir='ltr' id='par_1_74' title="bbox 2003 2627 3650 2698">
     <span class='ocr_line' id='line_1_74' title="bbox 2003 2627 3650 2698; baseline -0.001 -14"><span class='ocrx_word' id='word_1_534' title='bbox 2003 2634 2155 2697; x_wconf 91' lang='lat' dir='ltr'>tens,</span> <span class='ocrx_word' id='word_1_535' title='bbox 2188 2634 2247 2683; x_wconf 89' lang='lat' dir='ltr'>et</span> <span class='ocrx_word' id='word_1_536' title='bbox 2275 2628 2414 2683; x_wconf 92' lang='lat' dir='ltr'>licet</span> <span class='ocrx_word' id='word_1_537' title='bbox 2434 2628 2530 2683; x_wconf 89' lang='lat' dir='ltr'>hic</span> <span class='ocrx_word' id='word_1_538' title='bbox 2559 2627 2747 2695; x_wconf 86' lang='lat' dir='ltr'>fuero,</span> <span class='ocrx_word' id='word_1_539' title='bbox 2782 2644 2911 2682; x_wconf 90' lang='lat' dir='ltr'>sum</span> <span class='ocrx_word' id='word_1_540' title='bbox 2937 2627 3093 2698; x_wconf 87' lang='lat' dir='ltr'>apud</span> <span class='ocrx_word' id='word_1_541' title='bbox 3124 2632 3179 2681; x_wconf 88' lang='lat' dir='ltr'>te</span> <span class='ocrx_word' id='word_1_542' title='bbox 3204 2645 3218 2693; x_wconf 88' lang='lat'><strong>;</strong></span> <span class='ocrx_word' id='word_1_543' title='bbox 3249 2627 3353 2682; x_wconf 89' lang='lat' dir='ltr'>sed</span> <span class='ocrx_word' id='word_1_544' title='bbox 3383 2628 3513 2682; x_wconf 86' lang='lat' dir='ltr'>volo</span> <span class='ocrx_word' id='word_1_545' title='bbox 3545 2644 3650 2683; x_wconf 81' lang='lat' dir='ltr'>ex-</span> 
     </span>
    </p>
   </div>
   <div class='ocr_carea' id='block_1_75' title="bbox 2001 2715 3653 2790">
    <p class='ocr_par' dir='ltr' id='par_1_75' title="bbox 2001 2715 3653 2790">
     <span class='ocr_line' id='line_1_75' title="bbox 2001 2715 3653 2790; baseline -0.002 -16"><span class='ocrx_word' id='word_1_546' title='bbox 2001 2736 2139 2790; x_wconf 91' lang='lat' dir='ltr'>pers</span> <span class='ocrx_word' id='word_1_547' title='bbox 2169 2735 2297 2774; x_wconf 86' lang='lat' dir='ltr'>esse</span> <span class='ocrx_word' id='word_1_548' title='bbox 2330 2722 2544 2782; x_wconf 87' lang='lat' dir='ltr'>metus,</span> <span class='ocrx_word' id='word_1_549' title='bbox 2563 2715 2717 2770; x_wconf 92' lang='lat' dir='ltr'>utad</span> <span class='ocrx_word' id='word_1_550' title='bbox 2738 2720 2791 2770; x_wconf 91' lang='lat' dir='ltr'>te</span> <span class='ocrx_word' id='word_1_551' title='bbox 2815 2718 3039 2787; x_wconf 91' lang='lat' dir='ltr'>possim</span> <span class='ocrx_word' id='word_1_552' title='bbox 3065 2717 3568 2787; x_wconf 83' lang='lat' dir='ltr'>apprOpinquare,</span> <span class='ocrx_word' id='word_1_553' title='bbox 3593 2721 3653 2771; x_wconf 91' lang='lat' dir='ltr'>et</span> 
     </span>
    </p>
   </div>
   <div class='ocr_carea' id='block_1_76' title="bbox 1998 2804 3649 2879">
    <p class='ocr_par' dir='ltr' id='par_1_76' title="bbox 1998 2804 3649 2879">
     <span class='ocr_line' id='line_1_76' title="bbox 1998 2804 3649 2879; baseline -0.001 -16"><span class='ocrx_word' id='word_1_554' title='bbox 1998 2808 2203 2879; x_wconf 88' lang='lat' dir='ltr'>paucis</span> <span class='ocrx_word' id='word_1_555' title='bbox 2236 2806 2413 2861; x_wconf 89' lang='lat' dir='ltr'>etiam</span> <span class='ocrx_word' id='word_1_556' title='bbox 2445 2810 2781 2871; x_wconf 91' lang='lat' dir='ltr'>contentus,</span> <span class='ocrx_word' id='word_1_557' title='bbox 2814 2809 2977 2859; x_wconf 85' lang='lat' dir='ltr'>tuam</span> <span class='ocrx_word' id='word_1_558' title='bbox 3009 2804 3251 2859; x_wconf 87' lang='lat' dir='ltr'>imitans</span> <span class='ocrx_word' id='word_1_559' title='bbox 3270 2806 3497 2877; x_wconf 88' lang='lat' dir='ltr'>justam</span> <span class='ocrx_word' id='word_1_560' title='bbox 3528 2806 3649 2861; x_wconf 85' lang='lat' dir='ltr'>ele-</span> 
     </span>
    </p>
   </div>
   <div class='ocr_carea' id='block_1_77' title="bbox 1999 2893 3649 2967">
    <p class='ocr_par' dir='ltr' id='par_1_77' title="bbox 1999 2893 3649 2967">
     <span class='ocr_line' id='line_1_77' title="bbox 1999 2893 3649 2967; baseline 0 -17"><span class='ocrx_word' id='word_1_561' title='bbox 1999 2897 2281 2963; x_wconf 91' lang='lat' dir='ltr'>ctionem,</span> <span class='ocrx_word' id='word_1_562' title='bbox 2316 2911 2446 2966; x_wconf 65' lang='lat' dir='ltr'>qua:</span> <span class='ocrx_word' id='word_1_563' title='bbox 2476 2893 2665 2948; x_wconf 91' lang='lat' dir='ltr'>bonos</span> <span class='ocrx_word' id='word_1_564' title='bbox 2694 2910 2728 2949; x_wconf 87' lang='lat' dir='ltr'>a</span> <span class='ocrx_word' id='word_1_565' title='bbox 2759 2893 3054 2948; x_wconf 91' lang='lat' dir='ltr'>similibus</span> <span class='ocrx_word' id='word_1_566' title='bbox 3071 2893 3375 2949; x_wconf 88' lang='lat' dir='ltr'>discernit.</span> <span class='ocrx_word' id='word_1_567' title='bbox 3410 2896 3649 2967; x_wconf 84' lang='lat' dir='ltr'>Mystice</span> 
     </span>
    </p>
   </div>
   <div class='ocr_carea' id='block_1_78' title="bbox 1999 2982 3648 3055">
    <p class='ocr_par' dir='ltr' id='par_1_78' title="bbox 1999 2982 3648 3055">
     <span class='ocr_line' id='line_1_78' title="bbox 1999 2982 3648 3055; baseline 0.001 -16"><span class='ocrx_word' id='word_1_568' title='bbox 1999 2983 2322 3039; x_wconf 90' lang='lat' dir='ltr'>admodum</span> <span class='ocrx_word' id='word_1_569' title='bbox 2336 2987 2610 3038; x_wconf 89' lang='lat' dir='ltr'>etsancte</span> <span class='ocrx_word' id='word_1_570' title='bbox 2632 2999 2739 3038; x_wconf 91' lang='lat' dir='ltr'>nos</span> <span class='ocrx_word' id='word_1_571' title='bbox 2758 2982 2980 3037; x_wconf 90' lang='lat' dir='ltr'>docens</span> <span class='ocrx_word' id='word_1_572' title='bbox 2997 2983 3315 3054; x_wconf 80' lang='lat' dir='ltr'>Apostolus</span> <span class='ocrx_word' id='word_1_573' title='bbox 3339 3000 3493 3050; x_wconf 88' lang='lat' dir='ltr'>eam,</span> <span class='ocrx_word' id='word_1_574' title='bbox 3516 3002 3648 3055; x_wconf 67' lang='lat' dir='ltr'>qum</span> 
     </span>
    </p>
   </div>
   <div class='ocr_carea' id='block_1_79' title="bbox 1997 3071 3649 3144">
    <p class='ocr_par' dir='ltr' id='par_1_79' title="bbox 1997 3071 3649 3144">
     <span class='ocr_line' id='line_1_79' title="bbox 1997 3071 3649 3144; baseline 0.002 -17"><span class='ocrx_word' id='word_1_575' title='bbox 1997 3089 2131 3129; x_wconf 90' lang='lat' dir='ltr'>vere</span> <span class='ocrx_word' id='word_1_576' title='bbox 2161 3078 2326 3141; x_wconf 78' lang='lat' dir='ltr'>grata</span> <span class='ocrx_word' id='word_1_577' title='bbox 2355 3078 2464 3140; x_wconf 89' lang='lat' dir='ltr'>est,</span> <span class='ocrx_word' id='word_1_578' title='bbox 2494 3071 2866 3138; x_wconf 90' lang='lat' dir='ltr'>electionem,</span> <span class='ocrx_word' id='word_1_579' title='bbox 2891 3088 3010 3126; x_wconf 90' lang='lat' dir='ltr'>non</span> <span class='ocrx_word' id='word_1_580' title='bbox 3032 3072 3150 3126; x_wconf 85' lang='lat' dir='ltr'>alia</span> <span class='ocrx_word' id='word_1_581' title='bbox 3179 3078 3464 3144; x_wconf 88' lang='lat' dir='ltr'>tanquam</span> <span class='ocrx_word' id='word_1_582' title='bbox 3490 3074 3649 3130; x_wconf 88' lang='lat' dir='ltr'>mala</span> 
     </span>
    </p>
   </div>
   <div class='ocr_carea' id='block_1_80' title="bbox 1996 3159 3647 3233">
    <p class='ocr_par' dir='ltr' id='par_1_80' title="bbox 1996 3159 3647 3233">
     <span class='ocr_line' id='line_1_80' title="bbox 1996 3159 3647 3233; baseline 0.002 -17"><span class='ocrx_word' id='word_1_583' title='bbox 1996 3160 2391 3233; x_wconf 88' lang='lat' dir='ltr'>reprobanda,</span> <span class='ocrx_word' id='word_1_584' title='bbox 2426 3159 2529 3216; x_wconf 90' lang='lat' dir='ltr'>sed</span> <span class='ocrx_word' id='word_1_585' title='bbox 2561 3159 2735 3215; x_wconf 92' lang='lat' dir='ltr'>bonis</span> <span class='ocrx_word' id='word_1_586' title='bbox 2765 3160 2884 3216; x_wconf 87' lang='lat' dir='ltr'>alia</span> <span class='ocrx_word' id='word_1_587' title='bbox 2903 3161 3201 3216; x_wconf 88' lang='lat' dir='ltr'>censenda</span> <span class='ocrx_word' id='word_1_588' title='bbox 3228 3178 3356 3217; x_wconf 90' lang='lat' dir='ltr'>esse</span> <span class='ocrx_word' id='word_1_589' title='bbox 3380 3162 3647 3228; x_wconf 87' lang='lat' dir='ltr'>meliora.</span> 
     </span>
    </p>
   </div>
   <div class='ocr_carea' id='block_1_81' title="bbox 1702 3227 3647 3324">
    <p class='ocr_par' dir='ltr' id='par_1_81' title="bbox 1702 3227 3647 3324">
     <span class='ocr_line' id='line_1_81' title="bbox 1702 3227 3647 3324; baseline 0.001 -18"><span class='ocrx_word' id='word_1_590' title='bbox 1702 3251 1882 3321; x_wconf 84' lang='grc' dir='ltr'>’Ίσμεν</span> <span class='ocrx_word' id='word_1_591' title='bbox 1916 3227 1961 3295; x_wconf 77' lang='lat' dir='ltr'><strong><em>C</em></strong></span> <span class='ocrx_word' id='word_1_592' title='bbox 2000 3250 2351 3324; x_wconf 84' lang='lat' dir='ltr'>signiﬁcavit</span> <span class='ocrx_word' id='word_1_593' title='bbox 2372 3249 2577 3305; x_wconf 89' lang='lat' dir='ltr'>dicens</span> <span class='ocrx_word' id='word_1_594' title='bbox 2605 3266 2664 3303; x_wconf 83' lang='lat'>:«</span> <span class='ocrx_word' id='word_1_595' title='bbox 2692 3250 2882 3315; x_wconf 87' lang='lat' dir='ltr'>Quare</span> <span class='ocrx_word' id='word_1_596' title='bbox 2907 3254 2965 3305; x_wconf 90' lang='lat' dir='ltr'>et</span> <span class='ocrx_word' id='word_1_597' title='bbox 2986 3250 3086 3321; x_wconf 91' lang='lat' dir='ltr'>qui</span> <span class='ocrx_word' id='word_1_598' title='bbox 3108 3250 3491 3305; x_wconf 89' lang='lat' dir='ltr'>matrimonio</span> <span class='ocrx_word' id='word_1_599' title='bbox 3505 3251 3647 3323; x_wconf 88' lang='lat' dir='ltr'>jun-</span> 
     </span>
    </p>
   </div>
   <div class='ocr_carea' id='block_1_82' title="bbox 1992 3337 3645 3414">
    <p class='ocr_par' dir='ltr' id='par_1_82' title="bbox 1992 3337 3645 3414">
     <span class='ocr_line' id='line_1_82' title="bbox 1992 3337 3645 3414; baseline 0.001 -20"><span class='ocrx_word' id='word_1_600' title='bbox 1992 3341 2076 3414; x_wconf 86' lang='lat' dir='ltr'>git</span> <span class='ocrx_word' id='word_1_601' title='bbox 2104 3339 2392 3413; x_wconf 88' lang='lat' dir='ltr'>virginem</span> <span class='ocrx_word' id='word_1_602' title='bbox 2423 3355 2614 3406; x_wconf 90' lang='lat' dir='ltr'>suam,</span> <span class='ocrx_word' id='word_1_603' title='bbox 2648 3337 2799 3393; x_wconf 89' lang='lat' dir='ltr'>bene</span> <span class='ocrx_word' id='word_1_604' title='bbox 2830 3338 3011 3405; x_wconf 85' lang='lat' dir='ltr'>facit;</span> <span class='ocrx_word' id='word_1_605' title='bbox 3045 3344 3102 3392; x_wconf 90' lang='lat' dir='ltr'>et</span> <span class='ocrx_word' id='word_1_606' title='bbox 3133 3338 3233 3409; x_wconf 90' lang='lat' dir='ltr'>qui</span> <span class='ocrx_word' id='word_1_607' title='bbox 3265 3356 3384 3394; x_wconf 90' lang='lat' dir='ltr'>non</span> <span class='ocrx_word' id='word_1_608' title='bbox 3424 3340 3645 3412; x_wconf 78' lang='lat' dir='ltr'>jungit,</span> 
     </span>
    </p>
   </div>
   <div class='ocr_carea' id='block_1_83' title="bbox 1992 3427 3648 3498">
    <p class='ocr_par' dir='ltr' id='par_1_83' title="bbox 1992 3427 3648 3498">
     <span class='ocr_line' id='line_1_83' title="bbox 1992 3427 3648 3498; baseline 0.001 -14"><span class='ocrx_word' id='word_1_609' title='bbox 1992 3429 2208 3485; x_wconf 88' lang='lat' dir='ltr'>melius</span> <span class='ocrx_word' id='word_1_610' title='bbox 2220 3428 2379 3497; x_wconf 86' lang='lat' dir='ltr'>facit,</span> <span class='ocrx_word' id='word_1_611' title='bbox 2400 3427 2474 3483; x_wconf 91' lang='lat' dir='ltr'>ad</span> <span class='ocrx_word' id='word_1_612' title='bbox 2494 3427 2573 3492; x_wconf 83' lang='lat' dir='ltr'>id,</span> <span class='ocrx_word' id='word_1_613' title='bbox 2595 3427 2753 3498; x_wconf 91' lang='lat' dir='ltr'>quod</span> <span class='ocrx_word' id='word_1_614' title='bbox 2773 3428 3089 3482; x_wconf 90' lang='lat' dir='ltr'>honestum</span> <span class='ocrx_word' id='word_1_615' title='bbox 3109 3429 3363 3485; x_wconf 71' lang='lat' dir='ltr'>est229</span> <span class='ocrx_word' id='word_1_616' title='bbox 3387 3429 3648 3487; x_wconf 82' lang='lat' dir='ltr'>etfacul-</span> 
     </span>
    </p>
   </div>
   <div class='ocr_carea' id='block_1_84' title="bbox 1994 3515 3642 3589">
    <p class='ocr_par' dir='ltr' id='par_1_84' title="bbox 1994 3515 3642 3589">
     <span class='ocr_line' id='line_1_84' title="bbox 1994 3515 3642 3589; baseline 0 -15"><span class='ocrx_word' id='word_1_617' title='bbox 1994 3523 2174 3574; x_wconf 88' lang='lat' dir='ltr'>tatem</span> <span class='ocrx_word' id='word_1_618' title='bbox 2198 3517 2423 3589; x_wconf 73' lang='lat' dir='ltr'>praebet</span> <span class='ocrx_word' id='word_1_619' title='bbox 2444 3515 2737 3571; x_wconf 90' lang='lat' dir='ltr'>indivulse</span> <span class='ocrx_word' id='word_1_620' title='bbox 2761 3517 3009 3571; x_wconf 90' lang='lat' dir='ltr'>Domino</span> <span class='ocrx_word' id='word_1_621' title='bbox 3028 3516 3331 3573; x_wconf 86' lang='lat' dir='ltr'>assidendi</span> <span class='ocrx_word' id='word_1_622' title='bbox 3347 3519 3442 3589; x_wconf 91' lang='lat' dir='ltr'>(a).</span> <span class='ocrx_word' id='word_1_623' title='bbox 3471 3540 3492 3568; x_wconf 76' lang='grc' dir='ltr'><strong><em>ι</em></strong></span> <span class='ocrx_word' id='word_1_624' title='bbox 3520 3518 3642 3574; x_wconf 92' lang='lat' dir='ltr'>Sci-</span> 
     </span>
    </p>
   </div>
   <div class='ocr_carea' id='block_1_85' title="bbox 1994 3605 3642 3681">
    <p class='ocr_par' dir='ltr' id='par_1_85' title="bbox 1994 3605 3642 3681">
     <span class='ocr_line' id='line_1_85' title="bbox 1994 3605 3642 3681; baseline -0.001 -16"><span class='ocrx_word' id='word_1_625' title='bbox 1994 3626 2125 3665; x_wconf 87' lang='lat' dir='ltr'>mus</span> <span class='ocrx_word' id='word_1_626' title='bbox 2155 3613 2354 3664; x_wconf 89' lang='lat' dir='ltr'>autem</span> <span class='ocrx_word' id='word_1_627' title='bbox 2386 3623 2476 3673; x_wconf 89' lang='lat' dir='ltr'>ea,</span> <span class='ocrx_word' id='word_1_628' title='bbox 2504 3624 2635 3678; x_wconf 68' lang='lat' dir='ltr'>quae</span> <span class='ocrx_word' id='word_1_629' title='bbox 2666 3605 2988 3662; x_wconf 81' lang='lat' dir='ltr'>difﬁculter</span> <span class='ocrx_word' id='word_1_630' title='bbox 3019 3606 3260 3679; x_wconf 89' lang='lat' dir='ltr'>quidem</span> <span class='ocrx_word' id='word_1_631' title='bbox 3291 3609 3487 3679; x_wconf 89' lang='lat' dir='ltr'>parari</span> <span class='ocrx_word' id='word_1_632' title='bbox 3510 3625 3642 3681; x_wconf 88' lang='lat' dir='ltr'>pos-</span> 
     </span>
    </p>
   </div>
   <div class='ocr_carea' id='block_1_86' title="bbox 1995 3696 3640 3766">
    <p class='ocr_par' dir='ltr' id='par_1_86' title="bbox 1995 3696 3640 3766">
     <span class='ocr_line' id='line_1_86' title="bbox 1995 3696 3640 3766; baseline 0.001 -14"><span class='ocrx_word' id='word_1_633' title='bbox 1995 3703 2150 3760; x_wconf 90' lang='lat' dir='ltr'>sunt,</span> <span class='ocrx_word' id='word_1_634' title='bbox 2187 3713 2308 3751; x_wconf 92' lang='lat' dir='ltr'>non</span> <span class='ocrx_word' id='word_1_635' title='bbox 2343 3711 2470 3751; x_wconf 91' lang='lat' dir='ltr'>esse</span> <span class='ocrx_word' id='word_1_636' title='bbox 2502 3696 2877 3762; x_wconf 88' lang='lat' dir='ltr'>necessaria;</span> <span class='ocrx_word' id='word_1_637' title='bbox 2903 3712 3033 3766; x_wconf 71' lang='lat' dir='ltr'>qum</span> <span class='ocrx_word' id='word_1_638' title='bbox 3057 3702 3256 3751; x_wconf 91' lang='lat' dir='ltr'>autem</span> <span class='ocrx_word' id='word_1_639' title='bbox 3278 3702 3418 3752; x_wconf 89' lang='lat' dir='ltr'>sunt</span> <span class='ocrx_word' id='word_1_640' title='bbox 3435 3714 3640 3753; x_wconf 84' lang='lat' dir='ltr'>neces-</span> 
     </span>
    </p>
   </div>
   <div class='ocr_carea' id='block_1_87' title="bbox 1994 3784 3640 3857">
    <p class='ocr_par' dir='ltr' id='par_1_87' title="bbox 1994 3784 3640 3857">
     <span class='ocr_line' id='line_1_87' title="bbox 1994 3784 3640 3857; baseline 0.001 -16"><span class='ocrx_word' id='word_1_641' title='bbox 1994 3786 2385 3857; x_wconf 87' lang='lat' dir='ltr'>saria,paratu</span> <span class='ocrx_word' id='word_1_642' title='bbox 2398 3784 2596 3840; x_wconf 87' lang='lat' dir='ltr'>facilia</span> <span class='ocrx_word' id='word_1_643' title='bbox 2607 3784 2972 3857; x_wconf 88' lang='lat' dir='ltr'>benignitate</span> <span class='ocrx_word' id='word_1_644' title='bbox 2988 3785 3087 3840; x_wconf 91' lang='lat' dir='ltr'>Dei</span> <span class='ocrx_word' id='word_1_645' title='bbox 3102 3801 3230 3840; x_wconf 91' lang='lat' dir='ltr'>esse</span> <span class='ocrx_word' id='word_1_646' title='bbox 3242 3785 3640 3851; x_wconf 84' lang='lat' dir='ltr'>facta.Quam-</span> 
     </span>
    </p>
   </div>
   <div class='ocr_carea' id='block_1_88' title="bbox 1994 3874 3647 3943">
    <p class='ocr_par' dir='ltr' id='par_1_88' title="bbox 1994 3874 3647 3943">
     <span class='ocr_line' id='line_1_88' title="bbox 1994 3874 3647 3943; baseline 0 -12"><span class='ocrx_word' id='word_1_647' title='bbox 1994 3875 2199 3931; x_wconf 89' lang='lat' dir='ltr'>obrem</span> <span class='ocrx_word' id='word_1_648' title='bbox 2228 3874 2379 3930; x_wconf 89' lang='lat' dir='ltr'>bene</span> <span class='ocrx_word' id='word_1_649' title='bbox 2411 3874 2555 3930; x_wconf 91' lang='lat' dir='ltr'>dicit</span> <span class='ocrx_word' id='word_1_650' title='bbox 2588 3875 2979 3943; x_wconf 90' lang='lat' dir='ltr'>Democritus,</span> <span class='ocrx_word' id='word_1_651' title='bbox 3033 3896 3060 3924; x_wconf 84' lang='lat'>«</span> <span class='ocrx_word' id='word_1_652' title='bbox 3110 3880 3385 3930; x_wconf 90' lang='lat' dir='ltr'>naturam</span> <span class='ocrx_word' id='word_1_653' title='bbox 3434 3881 3493 3931; x_wconf 92' lang='lat' dir='ltr'>et</span> <span class='ocrx_word' id='word_1_654' title='bbox 3538 3875 3647 3932; x_wconf 92' lang='lat' dir='ltr'>do-</span> 
     </span>
    </p>
   </div>
   <div class='ocr_carea' id='block_1_89' title="bbox 1993 3962 3647 4035">
    <p class='ocr_par' dir='ltr' id='par_1_89' title="bbox 1993 3962 3647 4035">
     <span class='ocr_line' id='line_1_89' title="bbox 1993 3962 3647 4035; baseline 0.001 -16"><span class='ocrx_word' id='word_1_655' title='bbox 1993 3965 2249 4020; x_wconf 89' lang='lat' dir='ltr'>ctrinam</span> <span class='ocrx_word' id='word_1_656' title='bbox 2263 3980 2391 4019; x_wconf 91' lang='lat' dir='ltr'>rem</span> <span class='ocrx_word' id='word_1_657' title='bbox 2415 3979 2546 4018; x_wconf 83' lang='lat' dir='ltr'>esse</span> <span class='ocrx_word' id='word_1_658' title='bbox 2564 3962 2952 4035; x_wconf 88' lang='lat' dir='ltr'>persimilem.</span> <span class='ocrx_word' id='word_1_659' title='bbox 2976 3986 3003 4013; x_wconf 84' lang='grc'><strong>››</strong></span> <span class='ocrx_word' id='word_1_660' title='bbox 3019 3964 3270 4019; x_wconf 89' lang='lat' dir='ltr'>Causam</span> <span class='ocrx_word' id='word_1_661' title='bbox 3293 3970 3493 4019; x_wconf 90' lang='lat' dir='ltr'>autem</span> <span class='ocrx_word' id='word_1_662' title='bbox 3508 3964 3647 4021; x_wconf 92' lang='lat' dir='ltr'>bre-</span> 
     </span>
    </p>
   </div>
   <div class='ocr_carea' id='block_1_90' title="bbox 1994 4051 3651 4109">
    <p class='ocr_par' dir='ltr' id='par_1_90' title="bbox 1994 4051 3651 4109">
     <span class='ocr_line' id='line_1_90' title="bbox 1994 4051 3651 4109; baseline 0.001 -3"><span class='ocrx_word' id='word_1_663' title='bbox 1994 4054 2143 4109; x_wconf 89' lang='lat' dir='ltr'>viter</span> <span class='ocrx_word' id='word_1_664' title='bbox 2155 4051 2831 4108; x_wconf 83' lang='lat' dir='ltr'>reddidimus.Doctrina</span> <span class='ocrx_word' id='word_1_665' title='bbox 2844 4052 3001 4106; x_wconf 92' lang='lat' dir='ltr'>enim</span> <span class='ocrx_word' id='word_1_666' title='bbox 3015 4051 3314 4107; x_wconf 89' lang='lat' dir='ltr'>hominem</span> <span class='ocrx_word' id='word_1_667' title='bbox 3328 4053 3651 4109; x_wconf 88' lang='lat' dir='ltr'>concinnat</span> 
     </span>
    </p>
   </div>
   <div class='ocr_carea' id='block_1_91' title="bbox 1995 4142 3647 4215">
    <p class='ocr_par' dir='ltr' id='par_1_91' title="bbox 1995 4142 3647 4215">
     <span class='ocr_line' id='line_1_91' title="bbox 1995 4142 3647 4215; baseline -0.001 -16"><span class='ocrx_word' id='word_1_668' title='bbox 1995 4149 2054 4199; x_wconf 88' lang='lat' dir='ltr'>et</span> <span class='ocrx_word' id='word_1_669' title='bbox 2069 4142 2408 4215; x_wconf 84' lang='lat' dir='ltr'>componit;</span> <span class='ocrx_word' id='word_1_670' title='bbox 2429 4142 2799 4197; x_wconf 90' lang='lat' dir='ltr'>concinnans</span> <span class='ocrx_word' id='word_1_671' title='bbox 2820 4146 3019 4196; x_wconf 89' lang='lat' dir='ltr'>autem</span> <span class='ocrx_word' id='word_1_672' title='bbox 3047 4158 3113 4196; x_wconf 87' lang='lat' dir='ltr'>ac</span> <span class='ocrx_word' id='word_1_673' title='bbox 3131 4158 3515 4214; x_wconf 90' lang='lat' dir='ltr'>componens,</span> <span class='ocrx_word' id='word_1_674' title='bbox 3540 4160 3647 4198; x_wconf 88' lang='lat' dir='ltr'>na-</span> 
     </span>
    </p>
   </div>
   <div class='ocr_carea' id='block_1_92' title="bbox 1994 4229 3647 4301">
    <p class='ocr_par' dir='ltr' id='par_1_92' title="bbox 1994 4229 3647 4301">
     <span class='ocr_line' id='line_1_92' title="bbox 1994 4229 3647 4301; baseline -0.002 -13"><span class='ocrx_word' id='word_1_675' title='bbox 1994 4238 2190 4289; x_wconf 90' lang='lat' dir='ltr'>turam</span> <span class='ocrx_word' id='word_1_676' title='bbox 2221 4232 2274 4286; x_wconf 91' lang='lat' dir='ltr'>ei</span> <span class='ocrx_word' id='word_1_677' title='bbox 2307 4230 2517 4286; x_wconf 90' lang='lat' dir='ltr'>tribuit</span> <span class='ocrx_word' id='word_1_678' title='bbox 2542 4251 2557 4296; x_wconf 91' lang='lat'><strong>;</strong></span> <span class='ocrx_word' id='word_1_679' title='bbox 2589 4245 2785 4301; x_wconf 90' lang='lat' dir='ltr'>neque</span> <span class='ocrx_word' id='word_1_680' title='bbox 2816 4230 3085 4297; x_wconf 90' lang='lat' dir='ltr'>interest,</span> <span class='ocrx_word' id='word_1_681' title='bbox 3118 4246 3195 4285; x_wconf 91' lang='lat' dir='ltr'>an</span> <span class='ocrx_word' id='word_1_682' title='bbox 3222 4229 3401 4285; x_wconf 89' lang='lat' dir='ltr'>fuerit</span> <span class='ocrx_word' id='word_1_683' title='bbox 3430 4235 3647 4285; x_wconf 88' lang='lat' dir='ltr'>natura</span> 
     </span>
    </p>
   </div>
   <div class='ocr_carea' id='block_1_93' title="bbox 1995 4318 3643 4390">
    <p class='ocr_par' dir='ltr' id='par_1_93' title="bbox 1995 4318 3643 4390">
     <span class='ocr_line' id='line_1_93' title="bbox 1995 4318 3643 4390; baseline -0.002 -13"><span class='ocrx_word' id='word_1_684' title='bbox 1995 4324 2241 4378; x_wconf 78' lang='lat' dir='ltr'>eﬂ‘ectus</span> <span class='ocrx_word' id='word_1_685' title='bbox 2264 4320 2420 4387; x_wconf 89' lang='lat' dir='ltr'>talis,</span> <span class='ocrx_word' id='word_1_686' title='bbox 2443 4336 2521 4375; x_wconf 90' lang='lat' dir='ltr'>an</span> <span class='ocrx_word' id='word_1_687' title='bbox 2546 4325 2813 4390; x_wconf 91' lang='lat' dir='ltr'>tempore</span> <span class='ocrx_word' id='word_1_688' title='bbox 2836 4324 2895 4372; x_wconf 88' lang='lat' dir='ltr'>et</span> <span class='ocrx_word' id='word_1_689' title='bbox 2914 4318 3232 4389; x_wconf 88' lang='lat' dir='ltr'>disciplina</span> <span class='ocrx_word' id='word_1_690' title='bbox 3252 4318 3643 4374; x_wconf 83' lang='lat' dir='ltr'>transforma-</span> 
     </span>
    </p>
   </div>
   <div class='ocr_carea' id='block_1_94' title="bbox 1994 4406 3647 4478">
    <p class='ocr_par' dir='ltr' id='par_1_94' title="bbox 1994 4406 3647 4478">
     <span class='ocr_line' id='line_1_94' title="bbox 1994 4406 3647 4478; baseline -0.001 -15"><span class='ocrx_word' id='word_1_691' title='bbox 1994 4416 2110 4465; x_wconf 90' lang='lat' dir='ltr'>tus.</span> <span class='ocrx_word' id='word_1_692' title='bbox 2144 4411 2471 4478; x_wconf 90' lang='lat' dir='ltr'>Utrumque</span> <span class='ocrx_word' id='word_1_693' title='bbox 2501 4412 2698 4462; x_wconf 90' lang='lat' dir='ltr'>autem</span> <span class='ocrx_word' id='word_1_694' title='bbox 2730 4406 2983 4477; x_wconf 73' lang='lat' dir='ltr'>praabuit</span> <span class='ocrx_word' id='word_1_695' title='bbox 3005 4407 3313 4475; x_wconf 90' lang='lat' dir='ltr'>Dominus,</span> <span class='ocrx_word' id='word_1_696' title='bbox 3338 4406 3488 4461; x_wconf 91' lang='lat' dir='ltr'>illud</span> <span class='ocrx_word' id='word_1_697' title='bbox 3511 4407 3647 4477; x_wconf 89' lang='lat' dir='ltr'>qui-</span> 
     </span>
    </p>
   </div>
   <div class='ocr_carea' id='block_1_95' title="bbox 1996 4494 3653 4568">
    <p class='ocr_par' dir='ltr' id='par_1_95' title="bbox 1996 4494 3653 4568">
     <span class='ocr_line' id='line_1_95' title="bbox 1996 4494 3653 4568; baseline -0.001 -15"><span class='ocrx_word' id='word_1_698' title='bbox 1996 4497 2132 4553; x_wconf 90' lang='lat' dir='ltr'>dem</span> <span class='ocrx_word' id='word_1_699' title='bbox 2162 4513 2268 4568; x_wconf 92' lang='lat' dir='ltr'>per</span> <span class='ocrx_word' id='word_1_700' title='bbox 2300 4495 2691 4565; x_wconf 88' lang='lat' dir='ltr'>creationem,</span> <span class='ocrx_word' id='word_1_701' title='bbox 2719 4494 2831 4550; x_wconf 90' lang='lat' dir='ltr'>hoc</span> <span class='ocrx_word' id='word_1_702' title='bbox 2853 4511 2989 4550; x_wconf 81' lang='lat' dir='ltr'>vero</span> <span class='ocrx_word' id='word_1_703' title='bbox 3011 4511 3118 4566; x_wconf 91' lang='lat' dir='ltr'>per</span> <span class='ocrx_word' id='word_1_704' title='bbox 3136 4496 3567 4551; x_wconf 90' lang='lat' dir='ltr'>recreationem</span> <span class='ocrx_word' id='word_1_705' title='bbox 3587 4495 3653 4560; x_wconf 65' lang='grc' dir='ltr'>ἰ(</span> 
     </span>
    </p>
   </div>
   <div class='ocr_carea' id='block_1_96' title="bbox 212 4578 1889 4662">
    <p class='ocr_par' dir='ltr' id='par_1_96' title="bbox 212 4578 1889 4662">
     <span class='ocr_line' id='line_1_96' title="bbox 212 4578 1889 4662; baseline -0.011 -10"><span class='ocrx_word' id='word_1_706' title='bbox 212 4582 421 4657; x_wconf 73' lang='grc' dir='ltr'>ψυχῆς</span> <span class='ocrx_word' id='word_1_707' title='bbox 472 4584 585 4654; x_wconf 71' lang='grc'>(35)</span> <span class='ocrx_word' id='word_1_708' title='bbox 643 4580 970 4646; x_wconf 61' lang='grc' dir='ltr'>εὐστάθειαν.</span> <span class='ocrx_word' id='word_1_709' title='bbox 1021 4606 1048 4634; x_wconf 78' lang='grc' dir='ltr'>(ι</span> <span class='ocrx_word' id='word_1_710' title='bbox 1082 4582 1143 4640; x_wconf 77' lang='grc' dir='ltr'><strong>Ὀ</strong></span> <span class='ocrx_word' id='word_1_711' title='bbox 1200 4578 1258 4637; x_wconf 66' lang='grc' dir='ltr'>δὲ</span> <span class='ocrx_word' id='word_1_712' title='bbox 1310 4581 1448 4655; x_wconf 80' lang='grc' dir='ltr'>ἐμοῦ</span> <span class='ocrx_word' id='word_1_713' title='bbox 1496 4582 1732 4655; x_wconf 76' lang='grc' dir='ltr'>ἀκούων,</span> <span class='ocrx_word' id='word_1_714' title='bbox 1785 4606 1889 4662; x_wconf 73' lang='grc' dir='ltr'>φη-</span> 
     </span>
    </p>
   </div>
   <div class='ocr_carea' id='block_1_97' title="bbox 2001 4578 3653 4662">
    <p class='ocr_par' dir='ltr' id='par_1_97' title="bbox 2001 4583 3653 4653">
     <span class='ocr_line' id='line_1_97' title="bbox 2001 4583 3653 4653; baseline -0.002 -11"><span class='ocrx_word' id='word_1_715' title='bbox 2001 4591 2061 4643; x_wconf 92' lang='lat' dir='ltr'>et</span> <span class='ocrx_word' id='word_1_716' title='bbox 2086 4584 2551 4651; x_wconf 88' lang='lat' dir='ltr'>renovationem,</span> <span class='ocrx_word' id='word_1_717' title='bbox 2578 4599 2711 4653; x_wconf 65' lang='lat' dir='ltr'>qua)</span> <span class='ocrx_word' id='word_1_718' title='bbox 2742 4583 2809 4638; x_wconf 84' lang='lat' dir='ltr'>ﬁt</span> <span class='ocrx_word' id='word_1_719' title='bbox 2831 4600 2898 4638; x_wconf 87' lang='lat' dir='ltr'>ex</span> <span class='ocrx_word' id='word_1_720' title='bbox 2929 4583 3325 4638; x_wconf 88' lang='lat' dir='ltr'>Testamento.</span> <span class='ocrx_word' id='word_1_721' title='bbox 3356 4583 3522 4650; x_wconf 88' lang='lat' dir='ltr'>Quod</span> <span class='ocrx_word' id='word_1_722' title='bbox 3544 4599 3653 4639; x_wconf 88' lang='lat' dir='ltr'>au-</span> 
     </span>
    </p>
   </div>
   <div class='ocr_carea' id='block_1_98' title="bbox 307 4708 1889 4780">
    <p class='ocr_par' dir='ltr' id='par_1_98' title="bbox 307 4708 1889 4780">
     <span class='ocr_line' id='line_1_98' title="bbox 307 4708 1889 4780; baseline 0.003 -17"><span class='ocrx_word' id='word_1_723' title='bbox 307 4710 387 4777; x_wconf 89' lang='lat' dir='ltr'>(a)</span> <span class='ocrx_word' id='word_1_724' title='bbox 406 4709 432 4763; x_wconf 92' lang='lat' dir='ltr'><strong>I</strong></span> <span class='ocrx_word' id='word_1_725' title='bbox 459 4708 589 4764; x_wconf 90' lang='lat' dir='ltr'>Cor.</span> <span class='ocrx_word' id='word_1_726' title='bbox 612 4725 709 4779; x_wconf 85' lang='lat' dir='ltr'>vn,</span> <span class='ocrx_word' id='word_1_727' title='bbox 740 4708 832 4778; x_wconf 89' lang='lat'>38,</span> <span class='ocrx_word' id='word_1_728' title='bbox 856 4710 944 4765; x_wconf 84' lang='lat'><strong>35.</strong></span> <span class='ocrx_word' id='word_1_729' title='bbox 989 4714 1053 4779; x_wconf 75' lang='grc' dir='ltr'>›χ‹</span> <span class='ocrx_word' id='word_1_730' title='bbox 1090 4709 1154 4763; x_wconf 90' lang='grc' dir='ltr'>Ρ.</span> <span class='ocrx_word' id='word_1_731' title='bbox 1187 4709 1293 4765; x_wconf 82' lang='lat'><strong>632</strong></span> <span class='ocrx_word' id='word_1_732' title='bbox 1319 4710 1433 4765; x_wconf 86' lang='grc' dir='ltr'>ΕΙ).</span> <span class='ocrx_word' id='word_1_733' title='bbox 1456 4709 1753 4780; x_wconf 83' lang='grc' dir='ltr'>ΡΟΤΤΕΒ,</span> <span class='ocrx_word' id='word_1_734' title='bbox 1786 4711 1889 4769; x_wconf 78' lang='grc'>334</span> 
     </span>
    </p>
   </div>
   <div class='ocr_carea' id='block_1_99' title="bbox 2001 4708 2428 4780">
    <p class='ocr_par' dir='ltr' id='par_1_99' title="bbox 2001 4708 2428 4768">
     <span class='ocr_line' id='line_1_99' title="bbox 2001 4708 2428 4768; baseline -0.007 -2"><span class='ocrx_word' id='word_1_735' title='bbox 2001 4713 2027 4766; x_wconf 55' lang='lat' dir='ltr'>lu</span> <span class='ocrx_word' id='word_1_736' title='bbox 2055 4711 2168 4768; x_wconf 81' lang='grc' dir='ltr'>ΕΙ).</span> <span class='ocrx_word' id='word_1_737' title='bbox 2200 4708 2428 4765; x_wconf 82' lang='lat' dir='ltr'>PARIS.</span> 
     </span>
    </p>
   </div>
   <div class='ocr_carea' id='block_1_100' title="bbox 305 4848 1888 4927">
    <p class='ocr_par' dir='ltr' id='par_1_100' title="bbox 305 4848 1888 4927">
     <span class='ocr_line' id='line_1_100' title="bbox 305 4848 1888 4927; baseline 0.006 -24"><span class='ocrx_word' id='word_1_738' title='bbox 305 4849 419 4920; x_wconf 83' lang='grc'>(31)</span> <span class='ocrx_word' id='word_1_739' title='bbox 450 4848 826 4927; x_wconf 52' lang='grc' dir='ltr'>ίΕπαγγελίας.</span> <span class='ocrx_word' id='word_1_740' title='bbox 886 4850 1193 4908; x_wconf 88' lang='lat' dir='ltr'>Editiones</span> <span class='ocrx_word' id='word_1_741' title='bbox 1226 4851 1633 4927; x_wconf 14' lang='lat' dir='ltr'>_S‘ylbnrgiana</span> <span class='ocrx_word' id='word_1_742' title='bbox 1678 4871 1888 4911; x_wconf 89' lang='lat' dir='ltr'>recen-</span> 
     </span>
    </p>
   </div>
   <div class='ocr_carea' id='block_1_101' title="bbox 231 4871 1455 5005">
    <p class='ocr_par' dir='ltr' id='par_1_101' title="bbox 231 4871 1455 5005">
     <span class='ocr_line' id='line_1_101' title="bbox 305 4871 1454 4924; baseline 0.003 -21"><span class='ocrx_word' id='word_1_743' title='bbox 305 4871 419 4920; x_wconf 73' lang='grc' dir='ltr'>(σι)</span> <span class='ocrx_word' id='word_1_744' title='bbox 470 4871 826 4924; x_wconf 61' lang='grc' dir='ltr'>ηπαγγελιας.</span> <span class='ocrx_word' id='word_1_745' title='bbox 887 4871 1193 4908; x_wconf 71' lang='lat' dir='ltr'>noiuones</span> <span class='ocrx_word' id='word_1_746' title='bbox 1243 4871 1276 4906; x_wconf 63' lang='grc' dir='ltr'>δ</span> <span class='ocrx_word' id='word_1_747' title='bbox 1321 4871 1454 4907; x_wconf 81' lang='lat' dir='ltr'>mur</span> 
     </span>
     <span class='ocr_line' id='line_1_102' title="bbox 231 4871 1455 5005; baseline 0.005 -31"><span class='ocrx_word' id='word_1_748' title='bbox 231 4921 416 5005; x_wconf 62' lang='lat' dir='ltr'>tiores</span> <span class='ocrx_word' id='word_1_749' title='bbox 445 4920 775 5005; x_wconf 63' lang='grc' dir='ltr'>ἀπαγγελίας</span> <span class='ocrx_word' id='word_1_750' title='bbox 805 4939 1122 5005; x_wconf 84' lang='lat' dir='ltr'>perperam</span> <span class='ocrx_word' id='word_1_751' title='bbox 1154 4871 1455 5005; x_wconf 50' lang='lat' dir='ltr'>exhibent.</span> 
     </span>
    </p>
   </div>
   <div class='ocr_carea' id='block_1_102' title="bbox 304 4992 1882 5071">
    <p class='ocr_par' dir='ltr' id='par_1_102' title="bbox 304 4992 1882 5071">
     <span class='ocr_line' id='line_1_103' title="bbox 304 4992 1882 5071; baseline 0.007 -27"><span class='ocrx_word' id='word_1_752' title='bbox 304 4992 415 5061; x_wconf 87' lang='lat'>(32)</span> <span class='ocrx_word' id='word_1_753' title='bbox 465 4992 665 5071; x_wconf 56' lang='grc' dir='ltr'>«ζήσαι.</span> <span class='ocrx_word' id='word_1_754' title='bbox 698 4992 826 5071; x_wconf 69' lang='lat' dir='ltr'>Etsi</span> <span class='ocrx_word' id='word_1_755' title='bbox 870 4992 1193 5071; x_wconf 69' lang='lat' dir='ltr'>optativum</span> <span class='ocrx_word' id='word_1_756' title='bbox 1250 4996 1419 5071; x_wconf 74' lang='grc' dir='ltr'>φήσαι</span> <span class='ocrx_word' id='word_1_757' title='bbox 1466 4996 1609 5052; x_wconf 90' lang='lat' dir='ltr'>ferri</span> <span class='ocrx_word' id='word_1_758' title='bbox 1667 5004 1882 5071; x_wconf 85' lang='lat' dir='ltr'>potest,</span> 
     </span>
    </p>
   </div>
   <div class='ocr_carea' id='block_1_103' title="bbox 232 5062 1881 5143">
    <p class='ocr_par' dir='ltr' id='par_1_103' title="bbox 232 5062 1881 5143">
     <span class='ocr_line' id='line_1_104' title="bbox 232 5062 1881 5143; baseline 0.007 -28"><span class='ocrx_word' id='word_1_759' title='bbox 232 5067 434 5143; x_wconf 66' lang='lat' dir='ltr'>tamen</span> <span class='ocrx_word' id='word_1_760' title='bbox 462 5062 510 5117; x_wconf 92' lang='lat' dir='ltr'>si</span> <span class='ocrx_word' id='word_1_761' title='bbox 541 5064 674 5143; x_wconf 87' lang='lat' dir='ltr'>quis</span> <span class='ocrx_word' id='word_1_762' title='bbox 704 5062 1084 5143; x_wconf 63' lang='lat' dir='ltr'>indicativum</span> <span class='ocrx_word' id='word_1_763' title='bbox 1103 5062 1700 5143; x_wconf 57' lang='lat' dir='ltr'>ovjaet&#39;malit,per_me</span> <span class='ocrx_word' id='word_1_764' title='bbox 1723 5062 1881 5143; x_wconf 56' lang='lat' dir='ltr'>licet:</span> 
     </span>
    </p>
   </div>
   <div class='ocr_carea' id='block_1_104' title="bbox 232 5133 1885 5215">
    <p class='ocr_par' dir='ltr' id='par_1_104' title="bbox 232 5133 1885 5215">
     <span class='ocr_line' id='line_1_105' title="bbox 232 5133 1885 5215; baseline 0.004 -28"><span class='ocrx_word' id='word_1_765' title='bbox 232 5133 465 5215; x_wconf 74' lang='lat' dir='ltr'>Allusio</span> <span class='ocrx_word' id='word_1_766' title='bbox 496 5133 694 5215; x_wconf 67' lang='lat' dir='ltr'>autem</span> <span class='ocrx_word' id='word_1_767' title='bbox 727 5141 817 5191; x_wconf 89' lang='lat' dir='ltr'>est</span> <span class='ocrx_word' id='word_1_768' title='bbox 843 5137 919 5215; x_wconf 67' lang='lat' dir='ltr'>ad</span> <span class='ocrx_word' id='word_1_769' title='bbox 941 5133 1320 5196; x_wconf 78' lang='lat' dir='ltr'>Homericum</span> <span class='ocrx_word' id='word_1_770' title='bbox 1342 5133 1497 5195; x_wconf 81' lang='lat' dir='ltr'>illud</span> <span class='ocrx_word' id='word_1_771' title='bbox 1510 5138 1719 5215; x_wconf 77' lang='grc' dir='ltr'>ςΑὐτὰρ</span> <span class='ocrx_word' id='word_1_772' title='bbox 1750 5139 1885 5215; x_wconf 68' lang='grc' dir='ltr'>ἐγὼν</span> 
     </span>
    </p>
   </div>
   <div class='ocr_carea' id='block_1_105' title="bbox 234 5201 1116 5276">
    <p class='ocr_par' dir='ltr' id='par_1_105' title="bbox 234 5201 1116 5276">
     <span class='ocr_line' id='line_1_106' title="bbox 234 5201 1116 5276; baseline 0.008 -17"><span class='ocrx_word' id='word_1_773' title='bbox 234 5202 398 5266; x_wconf 88' lang='grc' dir='ltr'>αὐτὸς</span> <span class='ocrx_word' id='word_1_774' title='bbox 426 5202 523 5274; x_wconf 75' lang='grc' dir='ltr'>ἐμὲ</span> <span class='ocrx_word' id='word_1_775' title='bbox 554 5201 814 5276; x_wconf 87' lang='grc' dir='ltr'>λύσομαι.</span> <span class='ocrx_word' id='word_1_776' title='bbox 847 5208 1116 5266; x_wconf 78' lang='lat' dir='ltr'>SYLBURG.</span> 
     </span>
    </p>
   </div>
   <div class='ocr_carea' id='block_1_106' title="bbox 308 5275 1880 5356">
    <p class='ocr_par' dir='ltr' id='par_1_106' title="bbox 308 5275 1880 5356">
     <span class='ocr_line' id='line_1_107' title="bbox 308 5275 1880 5356; baseline 0.005 -26"><span class='ocrx_word' id='word_1_777' title='bbox 308 5275 792 5356; x_wconf 60' lang='lat' dir='ltr'>t33)&#39;9_yaptCmy</span> <span class='ocrx_word' id='word_1_778' title='bbox 850 5278 948 5346; x_wconf 77' lang='grc' dir='ltr'>τὴν</span> <span class='ocrx_word' id='word_1_779' title='bbox 1006 5276 1569 5356; x_wconf 34' lang='grc' dir='ltr'>παρθένου-αὐτοῦ.λί</span> <span class='ocrx_word' id='word_1_780' title='bbox 1620 5283 1880 5356; x_wconf 70' lang='lat' dir='ltr'>C0r._v1i,</span> 
     </span>
    </p>
   </div>
   <div class='ocr_carea' id='block_1_107' title="bbox 231 5345 1881 5433">
    <p class='ocr_par' dir='ltr' id='par_1_107' title="bbox 231 5345 1881 5433">
     <span class='ocr_line' id='line_1_108' title="bbox 231 5345 1881 5433; baseline 0.005 -33"><span class='ocrx_word' id='word_1_781' title='bbox 231 5345 631 5433; x_wconf 54' lang='grc' dir='ltr'>δ’ἐκγαμίζων,</span> <span class='ocrx_word' id='word_1_782' title='bbox 659 5350 881 5433; x_wconf 68' lang='lat' dir='ltr'>qmisso</span> <span class='ocrx_word' id='word_1_783' title='bbox 912 5345 1224 5433; x_wconf 71' lang='lat' dir='ltr'>commatip</span> <span class='ocrx_word' id='word_1_784' title='bbox 1256 5352 1406 5433; x_wconf 31' lang='lat' dir='ltr'>‘illo,</span> <span class='ocrx_word' id='word_1_785' title='bbox 1464 5353 1563 5433; x_wconf 74' lang='grc' dir='ltr'>τὴν</span> <span class='ocrx_word' id='word_1_786' title='bbox 1619 5345 1881 5433; x_wconf 62' lang='grc' dir='ltr'>παρθένον</span> 
     </span>
    </p>
   </div>
   <div class='ocr_carea' id='block_1_108' title="bbox 231 5416 1886 5494">
    <p class='ocr_par' dir='ltr' id='par_1_108' title="bbox 231 5416 1886 5494">
     <span class='ocr_line' id='line_1_109' title="bbox 231 5416 1886 5494; baseline 0.005 -22"><span class='ocrx_word' id='word_1_787' title='bbox 231 5416 419 5494; x_wconf 66' lang='grc' dir='ltr'>αὐτοῦ·</span> <span class='ocrx_word' id='word_1_788' title='bbox 439 5416 611 5494; x_wconf 52' lang='lat' dir='ltr'>&quot;quod</span> <span class='ocrx_word' id='word_1_789' title='bbox 641 5420 938 5494; x_wconf 86' lang='lat' dir='ltr'>glossema</span> <span class='ocrx_word' id='word_1_790' title='bbox 968 5437 1094 5479; x_wconf 87' lang='lat' dir='ltr'>esse</span> <span class='ocrx_word' id='word_1_791' title='bbox 1116 5424 1350 5479; x_wconf 89' lang='lat' dir='ltr'>videtur</span> <span class='ocrx_word' id='word_1_792' title='bbox 1390 5416 1403 5479; x_wconf 75' lang='grc' dir='ltr'><em>ἐ</em></span> <span class='ocrx_word' id='word_1_793' title='bbox 1440 5430 1499 5481; x_wconf 92' lang='lat' dir='ltr'>et</span> <span class='ocrx_word' id='word_1_794' title='bbox 1522 5416 1532 5421; x_wconf 75' lang='grc'><em>’</em></span> <span class='ocrx_word' id='word_1_795' title='bbox 1554 5416 1713 5494; x_wconf 66' lang='lat' dir='ltr'>mox;</span> <span class='ocrx_word' id='word_1_796' title='bbox 1745 5427 1773 5481; x_wconf 88' lang='grc' dir='ltr'>ὁ</span> <span class='ocrx_word' id='word_1_797' title='bbox 1828 5421 1886 5480; x_wconf 72' lang='grc' dir='ltr'>δὲ</span> 
     </span>
    </p>
   </div>
   <div class='ocr_carea' id='block_1_109' title="bbox 232 5487 1885 5571">
    <p class='ocr_par' dir='ltr' id='par_1_109' title="bbox 232 5487 1885 5571">
     <span class='ocr_line' id='line_1_110' title="bbox 232 5487 1885 5571; baseline 0.007 -29"><span class='ocrx_word' id='word_1_798' title='bbox 232 5489 312 5571; x_wconf 52' lang='grc' dir='ltr'>μὴ</span> <span class='ocrx_word' id='word_1_799' title='bbox 348 5487 988 5571; x_wconf 37' lang='grc' dir='ltr'>ξκγέμίζωίηξγωυιια.</span> <span class='ocrx_word' id='word_1_800' title='bbox 1029 5525 1098 5535; x_wconf 84' lang='grc'><strong>-</strong></span> <span class='ocrx_word' id='word_1_801' title='bbox 1147 5496 1318 5563; x_wconf 88' lang='lat' dir='ltr'>Dein,</span> <span class='ocrx_word' id='word_1_802' title='bbox 1358 5487 1723 5571; x_wconf 72' lang='grc' dir='ltr'>εὐπρόσεδρον</span> <span class='ocrx_word' id='word_1_803' title='bbox 1777 5515 1885 5571; x_wconf 88' lang='lat' dir='ltr'>pro</span> 
     </span>
    </p>
   </div>
   <div class='ocr_carea' id='block_1_110' title="bbox 229 5558 778 5636">
    <p class='ocr_par' dir='ltr' id='par_1_110' title="bbox 229 5558 778 5636">
     <span class='ocr_line' id='line_1_111' title="bbox 229 5558 778 5636; baseline 0.004 -21"><span class='ocrx_word' id='word_1_804' title='bbox 229 5558 590 5636; x_wconf 50' lang='lat' dir='ltr'>it’agdpéSp&#39;ov.</span> <span class='ocrx_word' id='word_1_805' title='bbox 629 5562 778 5636; x_wconf 81' lang='lat' dir='ltr'>Ibid.</span> 
     </span>
    </p>
   </div>
   <div class='ocr_carea' id='block_1_111' title="bbox 306 5629 1885 5715">
    <p class='ocr_par' dir='ltr' id='par_1_111' title="bbox 306 5629 1885 5715">
     <span class='ocr_line' id='line_1_112' title="bbox 306 5629 1885 5715; baseline 0.006 -26"><span class='ocrx_word' id='word_1_806' title='bbox 306 5629 417 5715; x_wconf 72' lang='grc'>(34)</span> <span class='ocrx_word' id='word_1_807' title='bbox 448 5629 582 5715; x_wconf 58' lang='grc' dir='ltr'>[ξαρς</span> <span class='ocrx_word' id='word_1_808' title='bbox 610 5633 781 5715; x_wconf 68' lang='grc' dir='ltr'>αὐτοῦ</span> <span class='ocrx_word' id='word_1_809' title='bbox 812 5629 883 5715; x_wconf 54' lang='grc' dir='ltr'>δὲ</span> <span class='ocrx_word' id='word_1_810' title='bbox 898 5631 1080 5715; x_wconf 63' lang='grc' dir='ltr'>πορίζ.</span> <span class='ocrx_word' id='word_1_811' title='bbox 1110 5636 1176 5715; x_wconf 49' lang='grc' dir='ltr'>ᾼ,</span> <span class='ocrx_word' id='word_1_812' title='bbox 1209 5634 1676 5715; x_wconf 59' lang='lat' dir='ltr'>insertacopula</span> <span class='ocrx_word' id='word_1_813' title='bbox 1722 5640 1885 5715; x_wconf 82' lang='lat' dir='ltr'>legit,</span> 
     </span>
    </p>
   </div>
   <div class='ocr_carea' id='block_1_112' title="bbox 229 5703 1882 5783">
    <p class='ocr_par' dir='ltr' id='par_1_112' title="bbox 229 5703 1882 5783">
     <span class='ocr_line' id='line_1_113' title="bbox 229 5703 1882 5783; baseline 0.007 -25"><span class='ocrx_word' id='word_1_814' title='bbox 229 5703 325 5759; x_wconf 79' lang='grc' dir='ltr'>καὶ</span> <span class='ocrx_word' id='word_1_815' title='bbox 357 5705 484 5780; x_wconf 84' lang='grc' dir='ltr'>παρ’</span> <span class='ocrx_word' id='word_1_816' title='bbox 518 5703 901 5783; x_wconf 48' lang='grc' dir='ltr'>αὐτοῆπορίζ.</span> <span class='ocrx_word' id='word_1_817' title='bbox 925 5703 1075 5783; x_wconf 52' lang='lat' dir='ltr'>Mox,</span> <span class='ocrx_word' id='word_1_818' title='bbox 1127 5705 1293 5783; x_wconf 53' lang='lat' dir='ltr'>Vulg:</span> <span class='ocrx_word' id='word_1_819' title='bbox 1333 5707 1482 5783; x_wconf 74' lang='lat' dir='ltr'>Bibl.</span> <span class='ocrx_word' id='word_1_820' title='bbox 1516 5703 1813 5769; x_wconf 41' lang='lat' dir='ltr'>Proverb.“</span> <span class='ocrx_word' id='word_1_821' title='bbox 1847 5703 1882 5781; x_wconf 56' lang='grc' dir='ltr'>ιζ</span> 
     </span>
    </p>
   </div>
   <div class='ocr_carea' id='block_1_113' title="bbox 231 5774 1889 5849">
    <p class='ocr_par' dir='ltr' id='par_1_113' title="bbox 231 5774 1889 5849">
     <span class='ocr_line' id='line_1_114' title="bbox 231 5774 1889 5849; baseline -0.003 -16"><span class='ocrx_word' id='word_1_822' title='bbox 231 5774 644 5849; x_wconf 78' lang='grc' dir='ltr'>κατασκηνώσει</span> <span class='ocrx_word' id='word_1_823' title='bbox 694 5774 1007 5834; x_wconf 50' lang='lat' dir='ltr'>heims;</span> <span class='ocrx_word' id='word_1_824' title='bbox 1055 5774 1357 5839; x_wconf 70' lang='grc' dir='ltr'>πεποιθώς.</span> <span class='ocrx_word' id='word_1_825' title='bbox 1391 5780 1663 5841; x_wconf 66' lang='grc' dir='ltr'>δγιθυιιο,</span> <span class='ocrx_word' id='word_1_826' title='bbox 1708 5774 1889 5841; x_wconf 75' lang='lat' dir='ltr'>_.1b&#39;i</span> 
     </span>
    </p>
   </div>
   <div class='ocr_carea' id='block_1_114' title="bbox 1996 4849 3650 4921">
    <p class='ocr_par' dir='ltr' id='par_1_114' title="bbox 1996 4849 3650 4921">
     <span class='ocr_line' id='line_1_115' title="bbox 1996 4849 3650 4921; baseline 0.001 -12"><span class='ocrx_word' id='word_1_827' title='bbox 1996 4871 2132 4911; x_wconf 89' lang='lat' dir='ltr'>vero</span> <span class='ocrx_word' id='word_1_828' title='bbox 2146 4850 2473 4921; x_wconf 83' lang='lat' dir='ltr'>Flaminius</span> <span class='ocrx_word' id='word_1_829' title='bbox 2486 4850 2750 4906; x_wconf 88' lang='lat' dir='ltr'>Nobilius</span> <span class='ocrx_word' id='word_1_830' title='bbox 2764 4865 2796 4921; x_wconf 86' lang='lat' dir='ltr'>e</span> <span class='ocrx_word' id='word_1_831' title='bbox 2814 4849 3039 4921; x_wconf 89' lang='lat' dir='ltr'>scholio</span> <span class='ocrx_word' id='word_1_832' title='bbox 3058 4850 3313 4921; x_wconf 88' lang='lat' dir='ltr'>quodam</span> <span class='ocrx_word' id='word_1_833' title='bbox 3334 4852 3460 4908; x_wconf 70' lang='lat' dir='ltr'>hmo</span> <span class='ocrx_word' id='word_1_834' title='bbox 3474 4854 3650 4910; x_wconf 90' lang='lat' dir='ltr'>verba</span> 
     </span>
    </p>
   </div>
   <div class='ocr_carea' id='block_1_115' title="bbox 1997 4918 3356 4995">
    <p class='ocr_par' dir='ltr' id='par_1_115' title="bbox 1997 4918 3356 4995">
     <span class='ocr_line' id='line_1_116' title="bbox 1997 4918 3356 4995; baseline -0.005 -13"><span class='ocrx_word' id='word_1_835' title='bbox 1997 4924 2336 4983; x_wconf 84' lang='lat' dir='ltr'>adnotavit:</span> <span class='ocrx_word' id='word_1_836' title='bbox 2370 4919 2726 4995; x_wconf 77' lang='grc' dir='ltr'>ἀναπαύσεται</span> <span class='ocrx_word' id='word_1_837' title='bbox 2759 4918 2812 4974; x_wconf 70' lang='grc' dir='ltr'>ἐν</span> <span class='ocrx_word' id='word_1_838' title='bbox 2836 4920 3027 4995; x_wconf 80' lang='grc' dir='ltr'>εἰρήνῃ</span> <span class='ocrx_word' id='word_1_839' title='bbox 3053 4918 3356 4985; x_wconf 77' lang='grc' dir='ltr'>πεποιθώς.</span> 
     </span>
    </p>
   </div>
   <div class='ocr_carea' id='block_1_116' title="bbox 2069 4993 3645 5069">
    <p class='ocr_par' dir='ltr' id='par_1_116' title="bbox 2069 4993 3645 5069">
     <span class='ocr_line' id='line_1_117' title="bbox 2069 4993 3645 5069; baseline -0.001 -17"><span class='ocrx_word' id='word_1_840' title='bbox 2069 4999 2180 5069; x_wconf 77' lang='grc'>(35)</span> <span class='ocrx_word' id='word_1_841' title='bbox 2212 4996 2324 5062; x_wconf 77' lang='grc' dir='ltr'>Τῆς</span> <span class='ocrx_word' id='word_1_842' title='bbox 2353 4993 2559 5069; x_wconf 41' lang='grc' dir='ltr'>ψυᾏ-ῆς.</span> <span class='ocrx_word' id='word_1_843' title='bbox 2589 4996 2814 5069; x_wconf 69' lang='lat' dir='ltr'>Rursus</span> <span class='ocrx_word' id='word_1_844' title='bbox 2845 4993 3272 5069; x_wconf 70' lang='lat' dir='ltr'>Democritum</span> <span class='ocrx_word' id='word_1_845' title='bbox 3310 4996 3528 5069; x_wconf 80' lang='lat' dir='ltr'>imitari</span> <span class='ocrx_word' id='word_1_846' title='bbox 3551 4996 3645 5050; x_wconf 87' lang='lat' dir='ltr'>vi-</span> 
     </span>
    </p>
   </div>
   <div class='ocr_carea' id='block_1_117' title="bbox 1996 5063 3644 5131">
    <p class='ocr_par' dir='ltr' id='par_1_117' title="bbox 1996 5063 3644 5131">
     <span class='ocr_line' id='line_1_118' title="bbox 1996 5063 3644 5131; baseline -0.002 -6"><span class='ocrx_word' id='word_1_847' title='bbox 1996 5063 2172 5125; x_wconf 79' lang='lat' dir='ltr'>detur</span> <span class='ocrx_word' id='word_1_848' title='bbox 2194 5085 2206 5122; x_wconf 91' lang='lat'>:</span> <span class='ocrx_word' id='word_1_849' title='bbox 2241 5063 2382 5123; x_wconf 88' lang='lat' dir='ltr'>nam</span> <span class='ocrx_word' id='word_1_850' title='bbox 2414 5066 2517 5122; x_wconf 90' lang='lat' dir='ltr'>ille</span> <span class='ocrx_word' id='word_1_851' title='bbox 2545 5064 2644 5131; x_wconf 73' lang='grc' dir='ltr'>τὴν</span> <span class='ocrx_word' id='word_1_852' title='bbox 2679 5063 2878 5117; x_wconf 81' lang='grc' dir='ltr'>εὐεστὼ</span> <span class='ocrx_word' id='word_1_853' title='bbox 2901 5082 3202 5121; x_wconf 91' lang='lat' dir='ltr'>summum</span> <span class='ocrx_word' id='word_1_854' title='bbox 3225 5066 3448 5122; x_wconf 89' lang='lat' dir='ltr'>bonum</span> <span class='ocrx_word' id='word_1_855' title='bbox 3466 5067 3644 5123; x_wconf 82' lang='lat' dir='ltr'>dixit:</span> 
     </span>
    </p>
   </div>
   <div class='ocr_carea' id='block_1_118' title="bbox 1993 5132 3646 5210">
    <p class='ocr_par' dir='ltr' id='par_1_118' title="bbox 1993 5132 3646 5210">
     <span class='ocr_line' id='line_1_119' title="bbox 1993 5132 3646 5210; baseline 0 -17"><span class='ocrx_word' id='word_1_856' title='bbox 1993 5138 2160 5210; x_wconf 59' lang='grc' dir='ltr'>Τέλος</span> <span class='ocrx_word' id='word_1_857' title='bbox 2194 5134 2251 5210; x_wconf 66' lang='grc' dir='ltr'>δὲ</span> <span class='ocrx_word' id='word_1_858' title='bbox 2274 5138 2407 5210; x_wconf 61' lang='grc' dir='ltr'>εἶναι</span> <span class='ocrx_word' id='word_1_859' title='bbox 2436 5139 2535 5203; x_wconf 78' lang='grc' dir='ltr'>τήν</span> <span class='ocrx_word' id='word_1_860' title='bbox 2569 5135 2850 5210; x_wconf 80' lang='grc' dir='ltr'>εὐθυμίαν,</span> <span class='ocrx_word' id='word_1_861' title='bbox 2884 5132 2946 5189; x_wconf 90' lang='grc' dir='ltr'>οὐ</span> <span class='ocrx_word' id='word_1_862' title='bbox 2993 5136 3315 5210; x_wconf 11' lang='grc' dir='ltr'>τήν-,αὐτὴν</span> <span class='ocrx_word' id='word_1_863' title='bbox 3361 5137 3532 5210; x_wconf 76' lang='grc' dir='ltr'>οὖσαν</span> <span class='ocrx_word' id='word_1_864' title='bbox 3576 5141 3646 5210; x_wconf 77' lang='grc' dir='ltr'>τῇ</span> 
     </span>
    </p>
   </div>
   <div class='ocr_carea' id='block_1_119' title="bbox 1994 5203 3651 5283">
    <p class='ocr_par' dir='ltr' id='par_1_119' title="bbox 1994 5203 3651 5283">
     <span class='ocr_line' id='line_1_120' title="bbox 1994 5203 3651 5283; baseline -0.002 -18"><span class='ocrx_word' id='word_1_865' title='bbox 1994 5208 2177 5283; x_wconf 78' lang='grc' dir='ltr'>ἠδονῇ</span> <span class='ocrx_word' id='word_1_866' title='bbox 2204 5208 2278 5269; x_wconf 85' lang='grc' dir='ltr'>ὡς</span> <span class='ocrx_word' id='word_1_867' title='bbox 2308 5205 2467 5283; x_wconf 70' lang='grc' dir='ltr'>ἔνιοι,</span> <span class='ocrx_word' id='word_1_868' title='bbox 2497 5203 2957 5283; x_wconf 69' lang='grc' dir='ltr'>παρακούσαντες,</span> <span class='ocrx_word' id='word_1_869' title='bbox 2989 5203 3312 5283; x_wconf 58' lang='grc' dir='ltr'>ἐξεδέξαντο,</span> <span class='ocrx_word' id='word_1_870' title='bbox 3346 5207 3502 5283; x_wconf 7' lang='grc' dir='ltr'>,ἀλλὰ</span> <span class='ocrx_word' id='word_1_871' title='bbox 3529 5203 3651 5283; x_wconf 75' lang='grc' dir='ltr'>καθ’</span> 
     </span>
    </p>
   </div>
   <div class='ocr_carea' id='block_1_120' title="bbox 1995 5275 3651 5356">
    <p class='ocr_par' dir='ltr' id='par_1_120' title="bbox 1995 5275 3651 5356">
     <span class='ocr_line' id='line_1_121' title="bbox 1995 5275 3651 5356; baseline -0.001 -21"><span class='ocrx_word' id='word_1_872' title='bbox 1995 5275 2063 5356; x_wconf 65' lang='grc' dir='ltr'>ἦν</span> <span class='ocrx_word' id='word_1_873' title='bbox 2092 5275 2349 5356; x_wconf 78' lang='grc' dir='ltr'>γαληνῶς</span> <span class='ocrx_word' id='word_1_874' title='bbox 2372 5277 2464 5356; x_wconf 80' lang='grc' dir='ltr'>καὶ</span> <span class='ocrx_word' id='word_1_875' title='bbox 2491 5275 2764 5356; x_wconf 55' lang='grc' dir='ltr'>εὐσταθῶς</span> <span class='ocrx_word' id='word_1_876' title='bbox 2785 5280 2828 5356; x_wconf 57' lang='grc' dir='ltr'>ᾖ</span> <span class='ocrx_word' id='word_1_877' title='bbox 2875 5275 3037 5356; x_wconf 53' lang='grc' dir='ltr'>ψυχῇ</span> <span class='ocrx_word' id='word_1_878' title='bbox 3096 5275 3308 5356; x_wconf 69' lang='grc' dir='ltr'>δι’άγει,’</span> <span class='ocrx_word' id='word_1_879' title='bbox 3340 5281 3444 5356; x_wconf 68' lang='grc' dir='ltr'>απὸ</span> <span class='ocrx_word' id='word_1_880' title='bbox 3473 5278 3651 5356; x_wconf 73' lang='grc' dir='ltr'>μηδε-</span> 
     </span>
    </p>
   </div>
   <div class='ocr_carea' id='block_1_121' title="bbox 1995 5300 3646 5427">
    <p class='ocr_par' dir='ltr' id='par_1_121' title="bbox 1995 5300 3646 5427">
     <span class='ocr_line' id='line_1_122' title="bbox 1995 5300 3646 5356; baseline -0.001 -20"><span class='ocrx_word' id='word_1_881' title='bbox 1995 5300 2063 5352; x_wconf 74' lang='grc' dir='ltr'>ην</span> <span class='ocrx_word' id='word_1_882' title='bbox 2092 5300 2349 5356; x_wconf 86' lang='grc' dir='ltr'>γαΑηνως</span> <span class='ocrx_word' id='word_1_883' title='bbox 2372 5300 2464 5333; x_wconf 89' lang='grc' dir='ltr'>και</span> <span class='ocrx_word' id='word_1_884' title='bbox 2491 5300 2828 5347; x_wconf 85' lang='grc' dir='ltr'>ευσταυωςη</span> <span class='ocrx_word' id='word_1_885' title='bbox 2880 5300 2998 5353; x_wconf 87' lang='grc' dir='ltr'>ψυχ</span> <span class='ocrx_word' id='word_1_886' title='bbox 3096 5300 3288 5354; x_wconf 87' lang='grc' dir='ltr'>οιαγει,</span> <span class='ocrx_word' id='word_1_887' title='bbox 3340 5300 3444 5334; x_wconf 76' lang='lat' dir='ltr'>amo</span> <span class='ocrx_word' id='word_1_888' title='bbox 3520 5300 3646 5346; x_wconf 82' lang='grc' dir='ltr'>ηοε-</span> 
     </span>
     <span class='ocr_line' id='line_1_123' title="bbox 1995 5300 3646 5427; baseline -0.001 -20"><span class='ocrx_word' id='word_1_889' title='bbox 1995 5354 2093 5427; x_wconf 84' lang='grc' dir='ltr'>νὸς</span> <span class='ocrx_word' id='word_1_890' title='bbox 2118 5350 2489 5427; x_wconf 75' lang='grc' dir='ltr'>ταραττομένη</span> <span class='ocrx_word' id='word_1_891' title='bbox 2512 5345 2718 5427; x_wconf 55' lang='lat'>596603,</span> <span class='ocrx_word' id='word_1_892' title='bbox 2868 5300 3410 5427; x_wconf 43' lang='grc' dir='ltr'>δεισιδαιμονίας,μῆ</span> <span class='ocrx_word' id='word_1_893' title='bbox 3470 5302 3646 5427; x_wconf 54' lang='grc' dir='ltr'>ξλλου</span> 
     </span>
    </p>
   </div>
   <div class='ocr_carea' id='block_1_122' title="bbox 1994 5418 3648 5489">
    <p class='ocr_par' dir='ltr' id='par_1_122' title="bbox 1994 5418 3648 5489">
     <span class='ocr_line' id='line_1_124' title="bbox 1994 5418 3648 5489; baseline -0.002 -9"><span class='ocrx_word' id='word_1_894' title='bbox 1994 5426 2138 5486; x_wconf 82' lang='grc' dir='ltr'>τινὸς</span> <span class='ocrx_word' id='word_1_895' title='bbox 2169 5418 2393 5483; x_wconf 77' lang='grc' dir='ltr'>πάθους.</span> <span class='ocrx_word' id='word_1_896' title='bbox 2429 5418 2601 5477; x_wconf 76' lang='grc' dir='ltr'>Καλεϊ</span> <span class='ocrx_word' id='word_1_897' title='bbox 2649 5418 2707 5476; x_wconf 70' lang='grc' dir='ltr'>δὲ</span> <span class='ocrx_word' id='word_1_898' title='bbox 2754 5418 2921 5489; x_wconf 74' lang='grc' dir='ltr'>αὐτὴν</span> <span class='ocrx_word' id='word_1_899' title='bbox 2981 5418 3202 5489; x_wconf 77' lang='grc' dir='ltr'>εὐεστὼ,</span> <span class='ocrx_word' id='word_1_900' title='bbox 3261 5418 3352 5476; x_wconf 81' lang='grc' dir='ltr'>καὶ</span> <span class='ocrx_word' id='word_1_901' title='bbox 3404 5418 3648 5484; x_wconf 83' lang='grc' dir='ltr'>πολλοῖς</span> 
     </span>
    </p>
   </div>
   <div class='ocr_carea' id='block_1_123' title="bbox 1996 5493 3645 5566">
    <p class='ocr_par' dir='ltr' id='par_1_123' title="bbox 1996 5493 3645 5566">
     <span class='ocr_line' id='line_1_125' title="bbox 1996 5493 3645 5566; baseline -0.003 -12"><span class='ocrx_word' id='word_1_902' title='bbox 1996 5494 2193 5559; x_wconf 83' lang='grc' dir='ltr'>ἄλλοις</span> <span class='ocrx_word' id='word_1_903' title='bbox 2209 5493 2487 5566; x_wconf 77' lang='grc' dir='ltr'>ὀνόμασιν.</span> <span class='ocrx_word' id='word_1_904' title='bbox 2520 5517 2540 5544; x_wconf 78' lang='grc' dir='ltr'>σι</span> <span class='ocrx_word' id='word_1_905' title='bbox 2567 5494 2771 5550; x_wconf 89' lang='lat' dir='ltr'>Finem</span> <span class='ocrx_word' id='word_1_906' title='bbox 2787 5511 2922 5549; x_wconf 87' lang='lat' dir='ltr'>vero</span> <span class='ocrx_word' id='word_1_907' title='bbox 2942 5511 3074 5566; x_wconf 83' lang='lat' dir='ltr'>esse</span> <span class='ocrx_word' id='word_1_908' title='bbox 3096 5501 3325 5566; x_wconf 87' lang='lat' dir='ltr'>rectum</span> <span class='ocrx_word' id='word_1_909' title='bbox 3346 5493 3645 5566; x_wconf 85' lang='lat' dir='ltr'>quietum-</span> 
     </span>
    </p>
   </div>
   <div class='ocr_carea' id='block_1_124' title="bbox 1997 5564 3646 5642">
    <p class='ocr_par' dir='ltr' id='par_1_124' title="bbox 1997 5564 3646 5642">
     <span class='ocr_line' id='line_1_126' title="bbox 1997 5564 3646 5642; baseline -0.002 -17"><span class='ocrx_word' id='word_1_910' title='bbox 1997 5587 2113 5642; x_wconf 90' lang='lat' dir='ltr'>que</span> <span class='ocrx_word' id='word_1_911' title='bbox 2144 5564 2329 5642; x_wconf 77' lang='lat' dir='ltr'>animi</span> <span class='ocrx_word' id='word_1_912' title='bbox 2362 5570 2741 5642; x_wconf 69' lang='lat' dir='ltr'>statum,_quae</span> <span class='ocrx_word' id='word_1_913' title='bbox 2760 5583 2879 5621; x_wconf 92' lang='lat' dir='ltr'>non</span> <span class='ocrx_word' id='word_1_914' title='bbox 2898 5565 3055 5620; x_wconf 91' lang='lat' dir='ltr'>idem</span> <span class='ocrx_word' id='word_1_915' title='bbox 3088 5564 3332 5636; x_wconf 88' lang='lat' dir='ltr'>sitquod</span> <span class='ocrx_word' id='word_1_916' title='bbox 3354 5564 3646 5642; x_wconf 73' lang='lat' dir='ltr'>voluptas,</span> 
     </span>
    </p>
   </div>
   <div class='ocr_carea' id='block_1_125' title="bbox 1994 5636 3649 5713">
    <p class='ocr_par' dir='ltr' id='par_1_125' title="bbox 1994 5636 3649 5713">
     <span class='ocr_line' id='line_1_127' title="bbox 1994 5636 3649 5713; baseline -0.002 -17"><span class='ocrx_word' id='word_1_917' title='bbox 1994 5636 2063 5696; x_wconf 77' lang='lat' dir='ltr'>ut</span> <span class='ocrx_word' id='word_1_918' title='bbox 2083 5639 2324 5713; x_wconf 87' lang='lat' dir='ltr'>quidam</span> <span class='ocrx_word' id='word_1_919' title='bbox 2337 5637 2578 5710; x_wconf 92' lang='lat' dir='ltr'>oblique</span> <span class='ocrx_word' id='word_1_920' title='bbox 2600 5636 3297 5713; x_wconf 52' lang='lat' dir='ltr'>interpretanturﬂerum</span> <span class='ocrx_word' id='word_1_921' title='bbox 3322 5636 3649 5713; x_wconf 84' lang='lat' dir='ltr'>secundum</span> 
     </span>
    </p>
   </div>
   <div class='ocr_carea' id='block_1_126' title="bbox 1999 5706 3652 5784">
    <p class='ocr_par' dir='ltr' id='par_1_126' title="bbox 1999 5706 3652 5784">
     <span class='ocr_line' id='line_1_128' title="bbox 1999 5706 3652 5784; baseline -0.002 -15"><span class='ocrx_word' id='word_1_922' title='bbox 1999 5706 2177 5784; x_wconf 76' lang='lat' dir='ltr'>quam</span> <span class='ocrx_word' id='word_1_923' title='bbox 2201 5711 2437 5784; x_wconf 83' lang='lat' dir='ltr'>animus</span> <span class='ocrx_word' id='word_1_924' title='bbox 2470 5706 2684 5784; x_wconf 72' lang='lat' dir='ltr'>inagna</span> <span class='ocrx_word' id='word_1_925' title='bbox 2715 5706 3147 5784; x_wconf 75' lang='lat' dir='ltr'>tranquillitate</span> <span class='ocrx_word' id='word_1_926' title='bbox 3196 5709 3652 5784; x_wconf 78' lang='lat' dir='ltr'>constantiaque</span> 
     </span>
    </p>
   </div>
   <div class='ocr_carea' id='block_1_127' title="bbox 1998 5777 3655 5854">
    <p class='ocr_par' dir='ltr' id='par_1_127' title="bbox 1998 5777 3655 5854">
     <span class='ocr_line' id='line_1_129' title="bbox 1998 5777 3655 5854; baseline -0.001 -15"><span class='ocrx_word' id='word_1_927' title='bbox 1998 5777 2207 5841; x_wconf 78' lang='lat' dir='ltr'>beatus</span> <span class='ocrx_word' id='word_1_928' title='bbox 2237 5781 2495 5854; x_wconf 90' lang='lat' dir='ltr'>est,dum</span> <span class='ocrx_word' id='word_1_929' title='bbox 2526 5777 2692 5837; x_wconf 76' lang='lat' dir='ltr'>nullo</span> <span class='ocrx_word' id='word_1_930' title='bbox 2721 5777 3081 5847; x_wconf 82' lang='lat' dir='ltr'>metu,nulla</span> <span class='ocrx_word' id='word_1_931' title='bbox 3102 5777 3655 5852; x_wconf 78' lang='lat' dir='ltr'>superstitione,aut</span> 
     </span>
    </p>
   </div>
  </div>
