4066 6192
415 319 556 377 1359
1645 313 2049 371 σιιιιιιιιτιε

2167 310 2584 369 .MDRINI
3693 311 3810 368 {$0

413 452 531 502 tem
566 441 844 501 conducit
874 442 949 507 ei.
977 441 1137 514 quod
1162 445 1253 497 est
1280 440 1468 514 magis
1498 438 1849 512 principale,
1876 437 1937 493 id
1967 440 2055 494 est

2171 434 2274 504 σὶν,
2309 433 2669 490 ἀναπαύσεται
2701 434 2782 491 ἐπ’
2832 434 3027 512 εῗρήνῃ
3058 433 3362 504 πεποιθὼς,
3421 433 3514 491 καὶ
3560 434 3820 510 ἡσυχάσῃ

412 536 599 607 magis
653 532 1032 607 eligendum;
1092 536 1182 587 est
1236 535 1435 588 autem
1488 530 1755 585 omnium
1804 527 2055 584 maxime

2174 519 2394 602 ἀφόϐως
2446 524 2551 579 ἀπὸ
2604 525 2804 590 παντὸς
2857 528 3050 581 κακοῦ.
3101 528 3237 589 Ἱσθι
3287 523 3568 588 πεποιθὼς
3611 524 3672 579 ἐν
3725 523 3820 599 ὅλῃ

414 623 763 697 principale,
824 637 1015 677 mens.
1076 621 1168 676 Sic
1242 636 1377 694 ergo
1446 618 1723 675 videntur
1780 634 1868 685 ea,
1928 633 2055 688 qum

2167 609 2363 688 καρδίᾳ
2394 633 2489 668 σου
2521 613 2609 668 καὶ
2641 617 2711 688 τῇ
2766 611 2978 685 διανοίᾳ
3036 634 3131 669 σου
3180 617 3291 688 (36)
3350 612 3437 669 ἐπὶ
3489 618 3572 686 τῷ
3623 618 3766 685 Θεῷ.
3799 638 3823 665 ιι

414 730 548 769 vere
607 713 765 768 bona
816 717 974 779 sunt,
1033 727 1162 767 esse
1221 708 1706 781 jucundissima;
1763 711 1821 763 et
1871 723 1943 763 ex
1999 721 2055 761 se

2169 700 2364 775 Τούτῳ
2395 699 2616 757 δυνατὸν
2647 702 2728 773 τῷ
2757 698 2945 776 τρόπῳ
2973 703 3066 758 τὸν
3094 703 3388 777 γνωστικὸν
3430 699 3540 774 ἤδη
3578 703 3827 777 γενέσθαι

416 802 689 874 praebent
722 817 880 870 eum,
914 816 1092 872 quem
1124 798 1487 866 desiderant,
1535 796 1814 865 fructum,
1849 810 2055 867 nempe

2172 789 2302 846 Θεόν
2330 794 2384 864 (3
2402 797 2463 864 7).
2526 816 2555 843 ‹‹
2616 790 2754 867 Ἐγὼ
2803 792 2945 846 εἶπα·
3009 790 3133 847 Θεοί
3185 791 3304 848 έστε
3352 792 3444 847 καὶ
3502 791 3614 847 υἱοὶ
3676 790 3828 867 Ὑψί-

420 893 635 947 animae
668 891 1185 963 tranquillitatem.
1227 910 1247 940 ι
1277 890 1385 956 Qui
1424 893 1623 946 autem
1672 905 1768 944 me
1816 885 2001 953 audit,
2033 906 2060 933 »ι
2174 899 2324 935 στου.
2361 903 2389 931 »

419 984 636 1055 inquit,
691 1002 715 1034 ι
765 981 1101 1052 requiescet
1148 979 1208 1035 in
1257 996 1401 1052 pace
1450 977 1779 1045 conﬁdens,
1830 980 1890 1030 et
1939 973 2055 1029 sine

2247 973 2393 1038 Φησὶ
2423 964 2482 1022 δὶ
2508 967 2598 1023 καὶ
2639 968 2667 1023 ὁ
2703 965 3087 1055 Ἐμπεδοκλῆς
3142 971 3281 1044 (38),
3338 974 3449 1025 τῶν
3508 974 3699 1049 σοφῶν
3746 970 3835 1032 τὰς

419 1054 583 1129 metu
613 1071 998 1143 conquiescet
1019 1069 1090 1125 ab
1114 1068 1277 1124 omni
1294 1068 1453 1124 malo
1477 1073 1571 1138 (α).
1597 1064 1837 1123 Conﬁde
1860 1064 1922 1119 in
1946 1067 2055 1118 totc

2176 1056 2357 1132 ψυχὰς
2390 1055 2545 1121 θεοὺς
2575 1058 2840 1132 γίνεσθαι,
2863 1054 2971 1113 ὧδέ
3009 1078 3126 1120 πως
3154 1059 3402 1135 γράφων·

418 1161 594 1216 corde
627 1166 726 1215 tuo
754 1166 813 1214 et
842 1164 1040 1215 mente
1073 1163 1173 1214 tua
1202 1158 1263 1213 in
1287 1159 1405 1213 Deo
1429 1157 1524 1229 (b).
1562 1179 1588 1207 »
1623 1158 1742 1212 Hoc
1771 1153 1949 1210 modo
1980 1150 2112 1207 ﬁeri
2144 1152 2341 1220 potest
2369 1154 2436 1202 ut
2463 1147 2552 1202 vir
2605 1149 2908 1221 gnosticus
2944 1148 3074 1221 jam
3127 1150 3281 1205 Deus
3342 1150 3612 1206 evaserit.
3656 1169 3686 1201 α
3721 1151 3831 1222 Ego

418 1251 559 1320 dixi,
593 1250 673 1305 dii
706 1249 868 1319 estis,
894 1252 953 1303 et
982 1247 1090 1303 ﬁlii
1120 1246 1410 1303 Altissimi
1442 1245 1538 1318 (c).
1571 1268 1599 1297 »
1634 1244 1788 1301 Dicit
1815 1247 2013 1299 autem
2043 1235 2432 1310 Empedocles
2463 1252 2700 1308 quoque
2732 1236 3093 1309 sapientium
3115 1238 3345 1293 animas
3363 1238 3508 1294 deos
3538 1237 3698 1304 ﬁeri,
3729 1238 3841 1293 hoc

416 1338 593 1394 modo
626 1338 894 1394 scribens
920 1354 933 1391 :

523 1445 797 1500 Postremo
826 1449 992 1511 vates,
1039 1449 1091 1498 et
1122 1444 1220 1513 qui
1245 1442 1474 1512 hymnos
1521 1442 1765 1513 carmine
1815 1443 2062 1513 cantant,

522 1519 591 1572 Et
622 1514 947 1586 medicique,
977 1510 1248 1585 ducesque
1288 1510 1431 1569 ciris
1471 1510 2061 1586 mortalibus_adsunt.

524 1590 665 1642 Hinc
705 1582 978 1643 absistunt
1008 1587 1108 1654 dii,
1141 1582 1269 1641 sunt
1286 1602 1519 1656 quorum
1543 1586 1786 1640 maxime
1809 1582 2062 1637 honores.

492 1779 681 1848 Atque
713 1777 890 1831 homo
913 1774 1153 1847 quidem
1174 1774 1443 1830 absolute
1464 1790 1532 1830 ac
1556 1773 1883 1846 generatim
1903 1787 2065 1827 sum-

2173 1428 2272 1492 Είς
2351 1425 2411 1485 δὶ
2462 1428 2648 1501 τέλος,
2713 1430 2933 1504 μάντεις
3007 1450 3091 1501 τε,
3172 1429 3263 1486 καὶ
3350 1428 3683 1519 ὑμνοπέλοι,
3725 1428 3838 1519 ςκαὶ

2173 1571 2303 1666 gul“
2351 1569 2607 1666 1:961:01”
2639 1572 3042 1666 &VOEtbﬂ0t?i1‘
3092 1571 3459 1666 ἐπιχθονίοισι
3527 1501 3840 1666 [irrigatur

2174 1639 2404 1701 Ἔνθεν’
2450 1639 2842 1699 ἇναόλαστόῦσι
2930 1646 3045 1718 (39)
3118 1639 3232 1700 θεοῖ
3306 1648 3501 1719 τιμῇσι
3563 1646 3835 1721 φέριστοι.

2171 1769 2233 1827 Ὀ
2269 1769 2364 1843 μὶν
2393 1767 2485 1826 οὖν
2518 1766 2806 1846 ἄνθρωπος
2865 1769 3055 1832 ἁπλῶς
3112 1770 3268 1833 οὗτος
3299 1770 3416 1825 κατ’
3473 1767 3627 1825 ἰδέαν
3659 1768 3842 1826 πλᾶσ-

421 1871 557 1939 ptus
588 1866 878 1921 formatur
904 1864 1232 1921 secundum
1262 1862 1459 1920 ideam
1501 1862 1744 1935 spiritus
1774 1862 1823 1917 si
1853 1876 2055 1933 conger

2174 1880 2321 1914 σεται
2375 1863 2473 1915 τοῦ
2523 1863 2807 1935 συμφυοῦς
2855 1858 3185 1933 πνεύματοςσ
3238 1857 3363 1915 οὐδὲ
3407 1861 3514 1935 γὰρ
3571 1857 3841 1928 ἀνείδεος,

421 1956 552 2011 niti.
577 1958 777 2028 Neque
808 1955 965 2011 enim
989 1955 1117 2010 sine
1138 1955 1329 2010 forma
1349 1958 1408 2009 et
1428 1954 1624 2025 specie
1642 1957 1877 2009 creatur
1897 1951 1958 2006 in
1975 1949 2062 2005 of-

421 2046 599 2101 ﬁcina
628 2051 875 2113 naturai,
908 2044 1008 2100 ubi
1038 2044 1298 2100 hominis
1326 2042 1631 2116 generatio
1650 2041 1899 2114 mystice
1929 2056 2060 2112 per-

419 2135 635 2202 ficitur,
668 2151 804 2190 cum
827 2134 905 2189 sit
932 2133 1270 2191 communis
1299 2138 1357 2189 et
1376 2149 1472 2189 ars
1495 2137 1553 2188 et
1572 2131 1851 2187 essentia.
1874 2130 2061 2184 Homo

417 2228 614 2278 autem
646 2223 742 2276 hic
774 2223 1091 2293 quispiam,
1125 2239 1229 2278 seu
1258 2222 1437 2277 homo
1468 2221 1808 2294 singularis,
1854 2219 2059 2275 chara-

415 2316 637 2367 cterem
671 2310 920 2380 suscipit
950 2328 1021 2365 ex
1050 2309 1243 2365 forma
1271 2309 1485 2366 animae
1518 2309 1700 2365 insita
1724 2325 1795 2364 ex
1822 2308 1897 2363 iis
1928 2323 2060 2379 quas

415 2398 678 2472 elegerit.
711 2400 835 2464 Qua
856 2398 1084 2454 ratione
1114 2397 1303 2453 Adam
1336 2414 1572 2470 quoque
1602 2397 1856 2454 dicimus
1875 2396 2060 2452 fuisse

413 2489 763 2559 perfectum,
811 2487 968 2558 quod
1027 2487 1240 2542 attinet
1285 2486 1359 2541 ad
1404 2486 1862 2552 formationem;
1909 2484 2062 2541 nihil

415 2577 574 2633 enim
609 2576 659 2631 ei
692 2576 879 2631 defuit
909 2592 980 2631 ex
1009 2576 1083 2630 iis
1115 2591 1246 2647 quae
1277 2575 1508 2630 homini
1532 2574 1739 2631 formai
1762 2580 1820 2630 et
1841 2574 2059 2646 speciei

415 2667 817 2720 characterem
849 2663 1136 2719 tribuunt.
1161 2663 1324 2729 Quod
1347 2668 1545 2720 autem
1577 2662 1717 2719 dum
1751 2664 1941 2731 ﬁeret,
1960 2678 2061 2718 ac-

415 2754 572 2827 cepit
600 2751 1047 2826 perfectionem,
1073 2752 1465 2825 justiﬁcatum
1497 2759 1588 2808 est
1616 2768 1721 2824 per
1764 2750 2056 2807 obedien-

415 2843 580 2903 tiam.
614 2842 726 2897 hoc
746 2848 894 2907 erat,
922 2842 1081 2913 quod
1103 2841 1164 2895 in
1185 2841 1374 2897 virum
1392 2842 1715 2909 crescebat,
1738 2858 1953 2913 nempe
1976 2839 2055 2905 id,

416 2933 575 3003 quod
607 2933 670 2987 in
700 2932 831 3004 ejus
852 2935 1142 3003 potestate
1173 2936 1300 2986 erat
1327 2932 1526 2999 situm,
1551 2948 1655 2987 seu
1685 2931 1940 2987 liberum
1964 2947 2057 2986 ar-

413 3021 682 3076 bitrium.
700 3021 864 3087 Quod
877 3026 1074 3075 autem
1090 3019 1354 3093 elegerit,
1373 3026 1550 3091 atque
1567 3018 1714 3075 adeo
1733 3019 1893 3092 quod
1908 3018 2056 3074 veti-

412 3115 537 3164 tum
554 3110 943 3181 elegerit,non
958 3109 1235 3181 estculpa
1248 3110 1309 3164 in
1322 3110 1530 3173 Deum,
1547 3108 1651 3164 sed
1666 3108 1726 3165 in
1738 3109 2055 3180 eligentem

411 3199 789 3254 conferenda.
816 3199 1041 3271 Duplex
1074 3199 1233 3253 enim
1260 3205 1350 3254 est
1380 3199 1682 3270 generatio
1709 3215 1723 3253 :
1753 3215 1876 3254 una
1921 3197 2054 3269 qui-

409 3285 544 3340 dem
577 3303 779 3340 eorum
812 3287 912 3355 qui
943 3286 1286 3358 gignuntur,
1311 3285 1498 3341 altera
1523 3302 1661 3341 vero
1697 3302 1901 3341 eorum
1924 3301 2057 3356 qum

408 3373 580 3428 ﬁunt.
603 3376 673 3428 Et
693 3374 953 3429 hominis
974 3374 1214 3444 quidem
1237 3374 1484 3429 virilitas
1509 3378 1569 3429 et
1592 3373 1896 3440 fortitudo,
1921 3390 2058 3429 cum

409 3464 576 3529 sit,ut
590 3463 776 3529 aiunt,
794 3480 898 3518 sua
913 3463 1170 3518 essentia
1183 3463 1730 3535 perturbationibus
1743 3462 2055 3529 obnoxius,

408 3552 807 3607 redditmetus
823 3558 1123 3624 expertem
1140 3553 1671 3625 etinsuperabilem
1688 3553 1953 3624 eum,qui
1970 3558 2059 3608 est

412 3641 462 3713 ej
472 3659 542 3696 us
554 3641 847 3713 particeps
860 3642 1007 3696 adeo
1021 3642 1184 3698 utira
1197 3642 1569 3714 sittanquam
1583 3642 1804 3697 mentis
1817 3641 2056 3696 satelles

412 3731 472 3785 in
488 3731 793 3802 patientia,
809 3736 867 3785 et
879 3731 1212 3797 tolerantia,
1229 3736 1284 3786 et
1299 3731 1371 3786 iis
1385 3747 1515 3802 qua:
1534 3736 1674 3786 sunt
1686 3730 1933 3797 similia;
1952 3746 2057 3785 cu-

410 3818 641 3887 piditati
672 3824 868 3874 autem
901 3819 1226 3891 praeﬁcitur
1250 3820 1643 3891 temperantia
1672 3824 1732 3874 et
1779 3818 2056 3875 salutaris

410 3904 746 3975 prudentia.
781 3908 934 3962 Deus
964 3914 1161 3962 autem
1194 3912 1284 3963 est
1320 3907 1692 3980 impatibilis,
1724 3907 1929 3979 iraque
1961 3924 2057 3963 ex-

408 4010 546 4064 pers
597 3998 656 4048 et
702 3992 1064 4064 cupiditatis.
1124 3996 1179 4051 Is
1233 4002 1429 4051 autem
1480 4014 1606 4052 non
1656 3996 1787 4053 ideo
1837 3996 2056 4053 dicitur

406 4082 470 4145 ›ι‹
498 4087 691 4137 metus
713 4097 944 4152 expers,
965 4082 1123 4152 quod
1145 4082 1407 4139 declinat
1427 4102 1557 4156 qua;
1581 4091 1722 4140 sunt
1741 4085 2052 4141 terribilia.

407 4173 519 4228 Sed
533 4188 725 4242 neque
742 4177 830 4225 est
843 4176 1328 4243 temperans,qua
1344 4172 1597 4245 imperat
1608 4174 2051 4245 cupiditatibus;

404 4279 599 4333 neque
632 4261 791 4316 enim
818 4260 880 4315 in
914 4260 1179 4316 terribile
1210 4260 1437 4334 aliquid
1457 4262 1560 4317 Dei
1591 4268 1805 4317 natura
1827 4262 2055 4318 incide-

402 4354 500 4417 rit,
534 4368 730 4423 neque
760 4351 909 4424 fugit
942 4352 1097 4406 Deus
1122 4352 1396 4407 timorem
1421 4370 1435 4419 ;
1457 4352 1610 4406 sicut
1637 4367 1746 4407 nec
1772 4352 2052 4424 concupi-

406 4447 548 4509 scet,
579 4446 646 4496 ut
678 4440 728 4495 ei
760 4456 1004 4496 necesse
1036 4440 1113 4496 sit
1141 4441 1435 4513 imperare
1457 4440 1788 4514 cupiditati.
1812 4442 2050 4515 Mystice

2172 1947 2286 2005 οὐδ’
2339 1948 2755 2026 ἀσχημάτιστος
2815 1948 2868 2005 έν
2921 1954 3001 2022 τῷ
3053 1956 3155 2019 τῆς
3213 1949 3423 2027 φύσεως
3482 1949 3833 2027 ἱργαστηρίφ

2171 2034 2614 2114 δημιουργεῖται,
2673 2036 2797 2094 ἔνθα
2858 2043 3134 2112 μυστικῶς
3190 2038 3483 2115 ἀνθρώπου
3533 2036 3839 2095 ἐκτελεῖται

2167 2125 2394 2203 γένεσις,
2426 2135 2614 2197 κοινῆς
2664 2123 2835 2198 οὕσης
2892 2127 2986 2182 καὶ
3033 2134 3133 2198 τῆς
3186 2130 3391 2203 τέχνης
3435 2128 3528 2184 καὶ
3577 2135 3687 2198 τῆς
3740 2127 3835 2183 ού-

2169 2216 2284 2279 σίας
2330 2217 2359 2271 ὸ
2390 2213 2450 2271 δὲ
2476 2216 2561 2279 τὶς
2614 2216 2900 2293 ἅνθρωπος
2954 2216 3093 2272 κατὰ
3145 2216 3387 2272 τύπωσιν
3445 2219 3547 2287 τήν
3606 2217 3828 2293 ἐγγινο-

2172 2306 2340 2379 μένην
2380 2309 2450 2380 τῇ
2502 2308 2683 2381 ψυχῇ,
2740 2306 2814 2361 ὧν
2870 2303 2930 2360 ἂν
2984 2306 3304 2382 αἱρήσηται,
3338 2306 3823 2382 χαραχτηρίξεται.

2165 2399 2235 2464 ᾜ
2264 2394 2354 2449 καὶ
2383 2395 2474 2449 τὸν
2499 2392 2680 2467 Ἀδὰμ
2707 2392 2916 2450 τέλειον
2980 2394 3075 2467 μὶν
3135 2395 3210 2457 ὡς
3264 2396 3404 2468 πρὸς
3456 2397 3559 2463 τήν
3620 2394 3825 2451 πλάσιν

2166 2481 2441 2558 γεγονέναι
2489 2482 2686 2559 φαμέν·
2747 2480 2903 2538 οὐδὲν
2962 2484 3062 2558 γὰρ
3120 2487 3229 2538 τῶν
3298 2483 3819 2559 χαρακτηριζόντων

2164 2573 2264 2640 τήν
2296 2572 2586 2647 ἀνθρώπου
2618 2569 2762 2627 ἰδέαν
2804 2592 2865 2627 τε
2919 2573 3007 2627 καὶ
3072 2573 3287 2650 μορφήν
3343 2570 3620 2644 ἐνεδέησεν
3653 2575 3818 2647 αὐτῷ’

2168 2660 2198 2715 δ
2230 2657 2287 2715 δὶ
2311 2658 2364 2715 ἐν
2396 2658 2475 2733 τῷ
2502 2661 2742 2737 γίνεσθαι
2766 2660 2866 2730 τήν
2919 2659 3200 2717 τελείωσιν
3251 2657 3551 2735 ἱλάμῦανε,
3598 2664 3688 2718 καί
3744 2661 3812 2734 δι,

2167 2749 2413 2820 ὑπακοῆς
2443 2747 2774 2818 έδικαιοῦτο,
2804 2753 2967 2805 τοῦτο
2998 2750 3064 2820 ἦν
3125 2747 3592 2824 ἀπανδρούμενον,
3645 2752 3708 2806 τὸ
3734 2749 3811 2806 ἐπ’

2166 2838 2312 2911 αύτῷ
2339 2839 2609 2913 κείμενονο
2642 2839 2789 2895 αἰτία
2817 2842 2929 2914 (4-0)
2984 2836 3042 2894 δὲ
3098 2838 3390 2913 ἑλομένου,
3448 2841 3538 2895 καὶ
3570 2837 3651 2896 ἔτι
3684 2838 3820 2914 μἰἱλ·

2168 2942 2264 2984 Λον
2297 2929 2360 2983 τὸ
2383 2929 2628 2993 κωΛυθὲν
2662 2927 2948 3002 ἑλομένου·
2980 2929 3007 2983 ὁ
3037 2928 3166 2991 Θεὸς
3197 2929 3632 3000 ἀναίτιος.Διττή
3665 2931 3818 3004 γὰρή

2165 3018 2391 3092 γένεσις,
2422 3019 2458 3086 ἡ
2503 3017 2598 3090 μὶν
2624 3021 2730 3072 τῶν
2771 3018 3152 3092 γεννωμένων,
3198 3019 3233 3086 ἠ
3266 3014 3326 3073 δὲ
3352 3022 3462 3073 τῶν
3492 3021 3819 3094 γινομένων.

2166 3106 2331 3177 Καὶή
2367 3106 2460 3180 μὶν
2504 3110 2603 3161 τοῦ
2657 3106 2948 3177 ἀνθρώπου
3007 3103 3246 3179 ἀνδρεία,
3305 3105 3586 3181 έμπαθοῦς
3644 3107 3819 3177 ὄντος,

2166 3216 2319 3272 φασι,
2339 3196 2476 3251 κατά
2502 3195 2603 3264 τήν
2637 3192 2847 3262 ούσίαν,
2879 3189 3082 3272 ἄφοϐον
3131 3194 3222 3250 καὶ
3269 3195 3541 3267 ἀήττητον
3566 3198 3664 3252 τὸν
3695 3218 3821 3271 μετ-

2167 3284 2368 3360 έχοντα
2395 3284 2568 3354 αὐτῆς
2594 3289 2763 3354 ποιεῖ,
2788 3283 2879 3340 καὶ
2926 3281 3037 3339 ἔστι
3097 3280 3400 3361 δορυφόρος
3455 3291 3560 3341 τοῦ
3613 3290 3716 3342 νοῦ
3794 3287 3822 3342 δ

2170 3374 2339 3447 θυμὸς
2372 3371 2427 3428 έν
2471 3374 2750 3446 ὑπομονῇ,
2805 3372 2897 3427 καὶ
2946 3373 3223 3447 καρτερίᾳ,
3281 3374 3372 3429 καὶ
3411 3381 3529 3437 τοῖς
3581 3375 3822 3450 ὁμοίοις·

2165 3460 2256 3517 ἐπὶ
2288 3458 2346 3517 δέ
2372 3464 2442 3535 τῇ
2501 3458 2765 3535 ἐπιθυμίᾳ
2814 3461 3059 3517 τάττεται
3106 3462 3198 3517 καὶ
3256 3465 3292 3533 ἡ
3345 3464 3697 3542 σωφροσύνη,
3732 3466 3826 3520 καὶ

2166 3552 2441 3625 σωτήριος
2525 3551 2812 3625 φρόνησις.
2871 3551 3001 3613 Θεὸς
3069 3547 3129 3606 δὲ
3183 3550 3420 3623 ἀπαθὴς,
3506 3552 3721 3627 ἄθυμός
3766 3574 3830 3609 τε

2164 3638 2255 3694 καὶ
2304 3638 2729 3713 ἀνεπιθύμητος.
2788 3639 2892 3696 Καὶ
2944 3640 3010 3695 ού
3085 3639 3256 3716 ταύτῃ
3342 3636 3549 3719 ἃφοθος
3607 3646 3741 3716 (41),
3790 3641 3827 3718 ᾗ

2162 3728 2230 3784 τὰ
2252 3725 2401 3783 δεινὰ
2430 3727 2667 3783 ἐκκλίνει
2700 3729 2836 3803 (42)·
2863 3725 2992 3784 οὐδὲ
3024 3729 3131 3803 μὴν
3166 3730 3422 3805 σώφρων,
3557 3737 3667 3787 τῶν
3700 3731 3827 3787 lm-

2166 3818 2377 3890 θυμιῶν
2401 3817 2582 3893 ἃρχει*
2643 3814 2768 3873 οὔτε
2819 3819 2920 3894 γὰρ
2970 3814 3029 3872 ἂν
3075 3819 3363 3895 περιπέσοι
3411 3820 3518 3875 τινὶ
3564 3817 3733 3895 δεινῷ
3786 3824 3826 3893 ἡ

2161 3911 2259 3963 τοῦ
2284 3909 2418 3963 Θεοῦ
2466 3905 2649 3981 φύσις,
2709 3905 2833 3962 οὕτε
2896 3906 3081 3986 φεύγει
3114 3909 3143 3964 ὁ
3196 3909 3329 3972 Θεὸς
3376 3906 3591 3964 δειλίαν·
3622 3910 3821 3987 ὥσπερ

2165 3994 2292 4052 ούδὶ
2321 3995 2671 4069 ἐπιθυμήσει,
2715 3992 2804 4051 ’ίνα
2850 3995 2942 4051 καὶ
2997 3993 3128 4073 ἄρξῃ
3160 3994 3468 4072 ἱπιθυμίας.
3516 3999 3812 4061 Mantua);

2164 4085 2260 4140 οὖν
2294 4083 2375 4162 ἐφ’
2394 4086 2554 4158 ἡμῶν
2584 4083 2676 4139 καὶ
2705 4084 2767 4140 τὸ
2797 4083 3161 4161 Πυθαγόρειον
3212 4084 3457 4162 ἐλέγετο,
3487 4111 3517 4139 ‹‹
3546 4083 3639 4142 ἕνα
3662 4085 3820 4162 γενέ-

2164 4174 2287 4228 σθαι
2317 4174 2409 4228 καὶ
2439 4172 2531 4227 τὸν
2563 4170 2848 4248 ἄνθρωπον
2883 4169 3015 4228 δεῖν·
3044 4197 3073 4227 ››
3104 4173 3219 4229 ἐπεὶ
3248 4176 3339 4230 καὶ
3372 4175 3537 4238 αὐτὸς
3567 4176 3595 4230 ὁ
3625 4176 3825 4252 ἀρχιε-

2165 4261 2286 4340 ρεὺς
2317 4263 2418 4329 εἷς,
2450 4261 2569 4326 ένὸς
2628 4258 2783 4325 ὄντος
2833 4266 2932 4317 τοῦ
2988 4267 3123 4318 Θεοῦ
3177 4264 3314 4319 κατᾶ
3369 4267 3471 4334 τήν
3520 4264 3827 4340 ἀμετάτρε-

2160 4372 2296 4407 πτον
2320 4355 2417 4407 τοῦ
2446 4350 2529 4407 ἀεὶ
2559 4374 2587 4404 ‹‹
2622 4356 2731 4416 θεῖν
2788 4375 2818 4405 ››
2874 4355 2985 4425 (45)
3041 4352 3108 4407 τὰ
3164 4354 3343 4428 ἀγαθὰ
3380 4351 3507 4425 ἕξιν.
3541 4353 3754 4411 Αὐτίκα
3796 4357 3825 4410 6

2163 4440 2362 4516 Σωτὴρ
2416 4438 2505 4496 διὰ
2555 4443 2655 4506 τῆς
2697 4440 2991 4514 ἐπιθυμίας
3048 4444 3179 4515 (44).
3235 4443 3520 4519 συνανῄρει
3578 4444 3672 4500 καὶ
3730 4444 3822 4500 τὸν

473 4585 551 4656 (α)
582 4587 745 4638 Prov.
779 4599 820 4648 1,
856 4584 942 4637 33.
967 4582 1045 4655 (b)
1066 4584 1233 4638 Prov.
1267 4600 1351 4653 ιιι,
1382 4586 1435 4638 5.
1465 4584 1533 4657 (c)
1564 4583 1784 4641 Psalm.
1815 4600 2008 4653 unt,
2034 4586 2055 4640 ε

2167 4585 2265 4639 ιΡ.
2295 4585 2397 4639 633
2419 4584 2532 4641 ΕΙ).
2564 4583 2859 4652 ΡΟΤΤΕΒ,
2891 4586 3133 4641 535-536
3163 4587 3271 4642 ΕΒ.
3307 4587 3542 4644 PARIS.

401 4732 519 4787 alia
539 4730 743 4802 quavis
770 4728 1217 4802 perturbatione
1276 4731 1551 4802 agitatur.
1602 4730 1884 4788 Eamdem
1913 4747 2050 4788 vero
2079 4733 2127 4801 1)

403 4802 459 4856 εύ
500 4800 636 4855 εστὼ
667 4800 1344 4873 appel_lant,_multisqué
1375 4802 1509 4858 aliis
1543 4802 1906 4859 nominibus.

472 4877 581 4941 (36)
605 4868 800 4941 Καὶ-τῇ
829 4868 1038 4941 διανοίᾳ
1068 4892 1184 4928 σου.
1233 4868 1366 4928 H830
1413 4873 1609 4940 verba,
1669 4892 1800 4941 quae
1833 4873 2051 4931 absunt

401 4960 435 5017 a
464 4946 745 5017 Provtm,
779 4946 831 5008 5,
863 4944 1012 5000 forte
1044 4945 1263 5017 adjecit
1291 4951 1498 5001 auctor
1540 4962 1610 5000 ex
1659 4944 1859 5001 Matth.
1908 4963 2048 5005 xxu.

402 5015 609 5090 37,..yel
641 5016 776 5090 L_uc.
808 5018 984 5090 x‘,_27.
1018 5015 1130 5071 ubi
1152 5016 1419 5090 Christus
1442 5018 1627 5090 Deum
1658 5033 1861 5090 amare
1874 5017 2052 5090 jubet

400 5083 453 5138 ἐν
621 5086 697 5162 τῇ
722 5080 915 5162 καρδίᾳ
947 5105 1064 5162 σου,
1086 5085 1175 5140 καὶ
1210 5086 1261 5162 έν
1294 5086 1398 5162 ὅλῃ
1441 5089 1512 5161 τῇ
1544 5084 1758 5158 διανοίᾳ
1785 5080 1904 5143 σουῖ

469 5157 583 5282 ίέἾζ
662 5152 909 5216 Γενέσθαι
966 5155 1119 5215 Θεόν.
1205 5152 1762 5232 ϐοηῑ.’⁷Ρι²οενεριίοἶ
1818 5179 1879 5233 p.
1956 5160 2044 5230 88,

397 5245 517 5284 ιιοι.
552 5245 603 5281 Ἰ.

469 5301 585 5373 (38)Δ
608 5290 1009 5373 Ἐμπεδοκλῆς.
1039 5298 1155 5373 Hos
1202 5301 1580 5373 Empedoclis
1610 5319 1812 5360 versus
1838 5303 2049 5358 recitat

395 5370 795 5446 'l‘lleodoretus
822 5370 893 5422 De
922 5370 1354 5446 curand._G_rzeé.
1388 5376 1596 5445 a/fect.,
1630 5392 1807 5432 serm.
1840 5376 1892 5446 8,
1944 5374 2045 5446 qui

395 5444 466 5498 de
499 5440 859 5513 martyribus
890 5439 1115 5513 agit,_p.
1147 5443 1270 5513 59_9.

463 5518 583 5588 (39),
625 5508 810 5568 ¹Ἐνθεν
887 5508 1308 5567 ἀναϐλαστοῦσι.
1362 5512 1504 5577 Ἔνθ’
1560 5510 2041 5588 ἀναϐλαστάνουσι,

391 5584 740 5641 Theodoret.

461 5659 574 5730 ego)
599 5655 777 5730 ιιζτξα.
808 5656 1209 5730 ῼοηίηιςινοῃι.
1234 5674 1276 5730 ι.
1299 5674 1356 5730 p.
1389 5656 1515 5730 318,
1544 5661 1668 5715 not.
1702 5659 1753 5714 3.

463 5723 571 5797 (41)
628 5726 733 5781 Καὶ
790 5725 852 5779 ού
898 5726 1067 5803 ταύτῃ
1122 5723 1348 5806 ἃφοϐος.
1405 5723 1539 5803 Legi
1604 5735 1808 5804 posset
1838 5729 2038 5798 etiam,

2163 4732 2527 4813 transposila
2552 4732 2841 4813 negativa,
2869 4731 2961 4785 καὶ
2988 4730 3156 4807 ταύτῃ
3177 4732 3277 4789 ούκ
3307 4730 3475 4813 ἄφοϐ.
3537 4738 3799 4795 Smuac

2160 4835 2230 4845 ——
2260 4802 2373 4878 Sed
2390 4802 2568 4878 nulla
2597 4804 2927 4878 mutatione
2961 4822 3110 4878 opus
3131 4802 3240 4863 est.

2231 4875 2343 4962 (4‘2)
2380 4873 2495 4962 Τὰ,
2516 4869 2661 4962 δεινὰ
2711 4871 2969 4933 ἐκκλίνει.
3000 4869 3731 4962 'ScribendumupotiusL
3756 4880 3825 4962 τὲ

2160 4941 2438 5000 δείνὰόὀκ
2477 4941 2737 5013 ἐκκλίνει,
2767 4969 2795 4997 ‹‹
2854 4964 2978 5003 non
3033 4948 3181 5013 fugit
3240 4941 3549 5008 terribilia.
3617 4975 3647 5001 »
3684 4941 3821 5009 Vult

2159 5018 2341 5084 enim,
2375 5018 2561 5100 Deum
2584 5033 2725 5100 non,
2753 5019 2999 5100 perinde
3022 5026 3085 5100 ut
3102 5017 3411 5087 homines,
3442 5017 3650 5099 ἃφοϐον
3675 5022 3819 5093 dici,

2159 5106 2227 5145 eo
2251 5088 2410 5160 quod
2442 5105 2623 5166 «_non
2654 5088 2804 5166 fugit
2832 5091 3124 5166 terribilia
3149 5110 3161 5159 ;
3201 5116 3222 5142 ι
3264 5100 3332 5147 ut
3361 5088 3558 5166 neque
3581 5118 3612 5145 ι(
3664 5088 3824 5152 tem;-

2156 5158 2377 5240 parans.
2403 5183 2432 5210 »
2465 5158 2704 5240 dicitur,
2726 5158 2891 5216 sicut
2920 5163 3215 5240 homines.
3240 5158 3508 5240 Aeo_quo’d
3530 5189 3557 5215 ‹‹
3580 5168 3825 5240 cupidi-

2154 5232 2331 5306 nibus
2362 5232 2662 5306 imperet_:
2700 5255 2735 5306 ι⁴
2757 5248 2895 5306 cum
2925 5233 2979 5289 ei
3002 5234 3091 5288 nil
3115 5232 3386 5292 terribile
3411 5238 3508 5304 sit,
3531 5254 3645 5293 nec
3659 5232 3825 5294 'ullis

2156 5305 2234 5359 sit
2253 5301 2561 5377 affectibus
2587 5301 2901 5377 obnorius.
2919 5305 3201 5377 Superius
3232 5308 3410 5363 etiam
3437 5301 3825 5366 observatum

2156 5374 2603 5452 est,ne_gatiyarn
2614 5374 3286 5452 particulamexcidisse,
3296 5397 3331 5452 p
3351 5380 3593 5452 A532,ubi
3607 5377 3825 5436 ἀδικεῖν

2152 5440 2259 5519 pro
2290 5440 2397 5499 οὐῖι
2427 5440 2659 5527 ἀδικεῖν,
2712 5452 2771 5500 et
2824 5464 2882 5518 p.
2916 5450 3041 5515 529,
3075 5449 3177 5505 ubi
3206 5440 3314 5512 ὡς’
3338 5440 3543 5525 ἀγαθὴν
3605 5471 3720 5528 pro
3747 5453 3828 5517 ὡς

2158 5516 2258 5571 οὐκ
2287 5515 2521 5586 ἀγαθήν,
2548 5521 2836 5586 scriptum
2867 5524 2975 5575 est.

2507 5558 2521 5585 ,
2549 5558 2631 5571 νυ.
2646 5558 2836 5585 IlI-“lu
2867 5558 2975 5575 νῦν.

2225 5537 2521 5645 κ4ἒγιέυην,
2548 5537 2836 5644 ἒϐηἳιιίῌι
2867 5537 2975 5575 εει.
3012 5589 3023 5600 .
3065 5593 3077 5604 ι

2222 5590 2337 5731 illi
2365 5596 3161 5731 Αῗεὶνέεςοέξτίουμίξξιὲῗνέπιξὲί
3203 5595 3529 5731 eam

2220 5656 2334 5742 (44)
2365 5658 2462 5715 Διὰ
2487 5662 2587 5742 τῆς
2620 5656 2994 5732 ἐπιθυμίαςῖα
3042 5656 3155 5720 Pér
3204 5656 3546 5738 cupiditatis
3592 5669 3821 5742 probi-

2149 5732 2460 5789 bitionem.
2498 5752 2526 5784 »
2549 5731 2771 5789 Lowru.
