4066 6192
319 339 476 395 1373

1671 344 2120 401 ΒἸἘΟΜΔἸὊΜ
2160 349 2288 403 LIB.
2330 350 2427 405 IV.

3607 353 3745 410 1374

311 464 409 518 καὶ
466 461 778 534 κακίξοντες
831 461 894 517 τὸ
942 467 1122 536 σῶμα·
1175 463 1236 518 οὖ
1268 468 1602 540 συνορῶντες
1658 466 1758 535 τήν
1810 486 1969 520 κατα-

2089 474 2204 540 tur,
2241 477 2299 528 et
2328 491 2543 547 corpus
2575 477 2926 548 vituperant,
2960 494 3080 532 non
3112 477 3560 534 considerantes
3600 497 3741 535 cor-

317 554 520 622 σκευὴν
575 557 673 607 τοῦ
732 553 1020 627 ἀνθρώπου
1082 551 1251 627 ὀρθὴν
1303 554 1440 628 πρὸς
1471 554 1570 622 τὴν
1603 553 1834 630 οὐρανοῦ
1894 555 1982 619 θέ-

319 663 384 697 αν
418 644 530 716 (92)
585 641 909 717 γενομένην,
969 641 1056 696 καὶ
1115 643 1214 712 τήν
1262 647 1368 697 τῶν
1421 643 1725 713 αἰσθήσεων
1757 646 1984 720 ὁργανο-

315 731 508 786 ποιίαν
543 731 679 806 πρὸς
739 735 936 803 γνῶσιν
996 730 1395 799 συντείνουσαν,
1450 731 1517 786 τά
1571 754 1629 788 τε
1690 732 1830 806 μέλη
1892 732 1981 787 καὶ

318 819 466 894 μέρη
500 820 638 894 πρὸς
686 820 749 874 τὸ
798 817 985 892 καλὸν,
1043 819 1106 874 οὐ
1153 821 1290 894 πρὸς
1328 818 1530 890 ἡδονήν
1564 819 1771 879 εὔθετα.
1824 824 1981 886 Ὅθεν

312 907 658 964 ἐπιδεκτικὸν
706 909 911 982 γίνεται
968 916 1070 978 τῆς
1123 909 1464 983 τιμιωτάτης
1505 915 1587 984 τῷ
1628 915 1744 983 Θεῷ
1795 913 1980 986 ψυχῆς

307 997 376 1054 τὰ
413 997 732 1072 οῗκητήριον
787 998 969 1052 τοῦτο’
1019 999 1108 1053 καὶ
1159 999 1472 1072 Ιίνεῦματος
1504 1000 1660 1074 ἀγίου
1703 1001 1840 1055 κατὰ
1889 1001 1980 1055 τὸν

307 1091 416 1153 τῆς
451 1091 637 1162 ψυχῆς
668 1107 726 1142 τε
754 1086 844 1142 καὶ
877 1087 1134 1160 σώματος
1187 1089 1452 1163 ἀγιασμὸν
1485 1090 1854 1160 καταξιοῦται,
1903 1089 1982 1163 τῷ

309 1181 415 1232 τοῦ
474 1183 734 1252 Σωτῆρος
791 1182 1145 1253 καταρτισμῷ
1197 1178 1605 1252 τελειούμενον.
1663 1178 1766 1235 Καί
1832 1177 1897 1248 δὴ
1943 1181 1978 1249 ἡ

310 1265 716 1330 ἀντακολουθία
740 1271 848 1322 τῶν
881 1271 1046 1342 τριῶν
1110 1268 1314 1341 ἀρετῶν
1373 1268 1492 1343 περὶ
1551 1269 1644 1323 τὸν
1696 1265 1976 1344 ἄνθρωπον

311 1356 619 1433 εὑρίσκεται
677 1356 768 1410 τὸν
827 1357 1149 1431 γνωστικὸν,
1197 1357 1405 1426 ἠθικῶς
1463 1378 1522 1412 τε
1573 1357 1664 1412 καὶ
1712 1362 1978 1431 φυσικῶς,

306 1447 405 1502 καὶ
467 1447 711 1522 λογικῶς
768 1448 892 1523 περὶ
948 1447 1010 1501 τὸ
1071 1451 1224 1501 Θεῖον
1286 1449 1827 1522 πραγματευόμενον.
1872 1455 1975 1504 Σο-

310 1538 416 1615 φία
446 1538 558 1610 (93)
592 1536 687 1609 μὲν
713 1536 836 1611 γὰρ,
890 1535 1167 1609 ἐπιστήμη
1219 1541 1328 1592 τῶν
1380 1536 1539 1601 θείων
1583 1537 1673 1592 καὶ
1729 1542 1837 1592 τῶν
1887 1537 1979 1592 ἀν-

313 1627 643 1702 θρωπίνων·
708 1625 1024 1696 δικαιοσύνη
1088 1624 1145 1681 δὲ
1203 1648 1492 1702 συμφωνια
1542 1630 1657 1701 (94)
1707 1631 1816 1682 τῶν
1876 1634 1977 1697 τῆς

315 1718 507 1790 ψυχῆς
566 1720 786 1790 μερῶν·
847 1717 1068 1787 ὁσιότης
1118 1714 1176 1771 δὲ
1233 1717 1489 1792 Θεραπεία
1545 1721 1645 1771 τοῦ
1702 1722 1856 1772 Θεοῦ.
1913 1718 1976 1772 Εἰ

314 1802 376 1859 δέ
451 1825 536 1866 τις
613 1799 1004 1869 διαϐάλλεσθαι
1080 1806 1180 1875 τήν
1252 1806 1422 1878 σάρκα
1496 1805 1586 1860 καὶ
1664 1803 1734 1859 δι’
1809 1804 1976 1874 αὐτῆς

309 1895 417 1963 νην
493 1891 718 1969 γένεσιν,
794 1894 1010 1972 φάσκοι,
1092 1894 1353 1970 παραθεὶς
1422 1893 1647 1950 Ἠσαίαν
1714 1894 1966 1970 λέγοντα·

317 2009 338 2036 ι
408 1989 558 2039 Πᾶσα
620 1984 747 2058 σὰρξ
825 1986 1026 2061 χόρτος
1061 2031 1075 2057 ,
1133 1986 1223 2040 καὶ
1298 1991 1442 2040 πᾶσα
1499 1982 1626 2056 δόξα
1679 1986 1971 2060 ἀνθρώπου

310 2075 392 2136 ὡς
444 2074 603 2135 ἄνθος
653 2075 881 2149 χόρτου·
931 2074 1196 2150 ἐξηράνθη
1256 2075 1284 2128 ὁ
1344 2073 1568 2148 χόρτος,
1617 2074 1708 2129 καὶ
1758 2077 1822 2130 τὸ
1878 2076 1968 2129 ἄν·

310 2173 412 2227 θος
467 2161 730 2233 ἐξέπεσεν
779 2164 841 2217 τὸ
894 2160 951 2218 δὲ
1000 2163 1153 2238 ῥῆμα
1199 2162 1400 2236 Κυρίου
1447 2166 1559 2235 (95)
1595 2162 1741 2236 μένει
1775 2164 1850 2227 εἰς
1876 2164 1968 2218 τὸν

308 2251 509 2307 αἰῶναο
549 2277 568 2302 ι
625 2252 911 2306 ἀκουσάτω
963 2251 1372 2326 ὲρμηνεύοντος
1410 2252 1473 2307 τὸ
1515 2252 1846 2326 ζητούμενον
1881 2253 1970 2308 διὰ

301 2341 578 2415 Ἱερεμίου
631 2345 729 2395 τοῦ
786 2339 1137 2413 Πνεύματος·
1199 2366 1226 2393 ‹‹
1285 2341 1384 2395 Καὶ
1443 2339 1720 2418 διέσπειρα
1776 2341 1970 2404 αὐτοὺς

311 2431 392 2492 ὡς
422 2431 670 2506 φρύγανα
725 2430 1015 2503 πετώμενα
1047 2431 1149 2484 ὑπὸ
1199 2429 1405 2503 ἀνέμου
1455 2431 1532 2493 εἷς
1590 2427 1796 2503 ἔρημον
1824 2451 1837 2464 ·
1873 2432 1967 2486 οὗ-

307 2539 409 2581 τος
443 2519 472 2574 ὁ
501 2518 707 2594 κλῆρος
733 2518 824 2573 καὶ
871 2518 1024 2594 μερὶς
1056 2523 1153 2574 τοῦ
1185 2519 1424 2583 ἀπειθεῖν
1463 2521 1625 2592 ὑμᾶς,
1671 2518 1818 2596 λέγει
1865 2519 1970 2574 K6-

311 2628 454 2684 ριος.
509 2608 598 2668 Ὠς
656 2606 928 2662 ἐπιλάθου
990 2628 1117 2679 μου,
1164 2607 1255 2662 καὶ
1299 2605 1542 2677 ἤλπισας
1591 2608 1678 2662 ἐπὶ
1728 2605 1967 2682 ψεύδεσιο

306 2696 463 2774 κάγὼ
511 2695 852 2768 ἀποκαλύψω
895 2695 962 2750 τὰ
1004 2695 1178 2750 ὀπίσω
1221 2717 1318 2751 σου
1367 2695 1451 2751 ἐπὶ
1498 2695 1790 2772 πρόσωπόν
1849 2715 1966 2754 σου“

306 2787 401 2842 καὶ
435 2786 730 2864 ὀφθήσεται
779 2787 814 2855 ἡ
864 2785 1058 2858 ἀτιμία
1102 2807 1220 2858 σου,
1275 2785 1501 2861 μοιχεία
1544 2807 1662 2853 σου,
1715 2785 1804 2841 καὶ
1839 2805 1968 2861 χρε-

316 2873 581 2948 μετισμός
631 2895 750 2945 σου,
781 2897 808 2924 ι)
866 2874 958 2928 καὶ
1005 2875 1102 2934 τάς
1144 2875 1288 2947 ἑξῆς.
1337 2879 1507 2928 Τοῦτο
1559 2878 1662 2949 γὰρ
1695 2897 1724 2926 ‹‹
1755 2875 1816 2929 τὸ
1877 2873 1968 2930 ἄν·

313 2976 411 3029 θος
441 2967 548 3036 (96)
595 2967 694 3017 τοῦ
737 2962 965 3040 χόρτου,
1001 2987 1028 3014 ››
1057 2964 1147 3018 καὶ
1181 2989 1199 3013 ι
1233 2965 1296 3017 τὸ
1343 2965 1478 3017 κατά
1523 2963 1692 3037 σάρκα
1734 2984 1968 3039 περιπα-

315 3058 455 3126 τεῖν,
491 3079 513 3107 ι
548 3053 637 3108 καὶ
670 3078 699 3105 ‹‹
732 3053 1025 3127 σαρκικοὺς
1074 3053 1209 3108 εἶναι
1244 3077 1272 3104 ››
1301 3052 1437 3108 κατά
1464 3053 1554 3108 τὸν
1608 3052 1965 3123 Ἀπόστολον,

317 3143 372 3198 ἰν
432 3143 720 3216 ἁμαρτίαις
791 3139 949 3206 ὄντας
984 3186 996 3198 .
1056 3146 1312 3217 Κρεῖττον
1376 3142 1469 3216 μὲν
1527 3147 1625 3197 τοῦ
1677 3143 1966 3218 ἀνθρώπου

2092 563 2253 632 poris
2283 565 2766 620 constitutionem
2783 571 3006 621 rectam
3031 566 3247 622 factam
3271 584 3397 622 esse
3424 566 3498 622 ad
3529 568 3743 624 caelum

2091 654 2617 724 contemplandum
2639 672 2653 721 ;
2669 661 2727 709 et
2740 672 2960 728 organa
2977 671 3256 710 sensuum
3272 656 3355 711 sic
3371 658 3579 712 eﬂ'ecta
3593 674 3742 724 esse,

2089 746 2155 793 ut
2186 742 2431 797 tendant
2459 743 2532 797 ad
2563 745 2985 816 cognitionem,
3020 751 3078 799 et
3117 746 3386 800 membra
3443 752 3500 801 et
3544 752 3742 818 partes

2089 837 2223 900 apte
2255 849 2383 886 esse
2414 835 2771 904 compositas
2798 834 2870 888 ad
2902 835 3242 898 honestum,
3295 851 3415 890 non
3467 835 3540 890 ad
3577 837 3746 891 volu-

2085 923 2330 990 ptatem.
2367 921 2531 976 Unde
2571 923 2820 993 suscipit
2866 924 2978 977 hoc
3026 924 3432 978 habitaculum
3481 925 3742 980 animam

2089 1009 2208 1064 Deo
2266 1010 2780 1080 pretiosissimam,
2840 1018 2897 1066 et
2954 1013 3174 1083 Spiritu
3233 1019 3436 1069 sancto
3499 1015 3743 1086 dignum

2089 1103 2370 1153 censetur
2399 1116 2505 1170 per
2533 1101 2747 1155 animos
2779 1107 2837 1156 et
2874 1102 3138 1174 corporis
3185 1103 3740 1173 sanctiﬁcationem,

2087 1192 2154 1242 ut
2182 1189 2340 1259 quod
2371 1189 2733 1260 perfectione
2774 1190 3095 1246 Servatoris
3149 1192 3510 1262 perﬁciatur.
3559 1194 3742 1258 Quin-

2089 1278 2267 1332 etiam
2298 1285 2504 1334 mutua
2535 1279 2713 1334 trium
2745 1280 3025 1336 virtutum
3056 1282 3486 1351 consequentia
3512 1282 3740 1337 inveni-

2088 1370 2186 1422 tur
2213 1367 2276 1422 in
2307 1369 2549 1423 homine
2579 1369 2866 1442 gnostico,
2901 1370 3001 1440 qui
3037 1370 3362 1437 moraliter,
3387 1371 3741 1426 naturaliter

2088 1461 2146 1511 et
2165 1457 2351 1530 logice
2382 1458 2538 1513 circa
2567 1459 2750 1513 Deum
2780 1465 3066 1515 versatur.
3116 1459 3415 1530 Sapientia
3446 1460 3605 1514 enim
3651 1466 3742 1516 est

2087 1546 2335 1602 scientia
2348 1565 2546 1603 rerum
2559 1547 2890 1602 divinarum
2905 1548 3628 1604 ethumanarum.Justitia
3641 1566 3739 1605 au-

2086 1641 2205 1692 tem
2220 1642 2645 1692 estconcentus
2677 1638 2935 1709 partium
2960 1639 3195 1692 anima).
3226 1639 3515 1693 Sanctitas
3538 1644 3736 1694 autem

2087 1727 2288 1781 estDei
2308 1727 2586 1782 cultus.Si
2602 1727 2734 1798 quis
2746 1732 2942 1781 autem
2959 1727 3115 1782 dicat
3127 1744 3188 1782 se
3202 1728 3488 1782 infamare
3503 1744 3740 1783 carnem

2088 1821 2144 1869 et
2159 1820 2399 1887 propter
2410 1816 2600 1887 ipsam
2614 1816 3080 1887 generationem,
3097 1816 3398 1871 adducens
3411 1817 3623 1872 Isaiam
3645 1817 3736 1871 di-

2083 1909 2315 1959 centem
2342 1921 2402 1958 :«
2429 1905 2634 1960 Omnis
2656 1921 2790 1960 caro
2805 1905 3029 1969 fenum,
3050 1910 3108 1960 et
3130 1905 3326 1960 omnis
3344 1905 3531 1978 gratia
3543 1907 3733 1959 homi-

2081 1993 2176 2047 nis
2198 1999 2481 2064 tanquam
2505 1993 2614 2048 ﬂos
2637 1993 2775 2048 feni.
2797 1994 3165 2048 Exsiccatum
3185 2000 3273 2048 est
3293 1994 3519 2061 fenum,
3549 1999 3607 2048 et
3623 1993 3733 2048 ﬂos

2077 2081 2140 2144 »ἒ
2171 2081 2403 2148 cecidit,
2451 2082 2696 2136 verbum
2747 2089 2945 2137 autem
2981 2083 3211 2137 Domini
3246 2088 3446 2138 manet
3474 2083 3534 2136 in
3561 2087 3732 2137 aiter-

2080 2187 2224 2224 num
2251 2170 2358 2241 (a):
2393 2193 2420 2220 ››
2446 2170 2652 2226 audiat
2671 2171 2954 2242 Spiritum
2976 2188 3083 2243 per
3101 2173 3416 2227 Jeremiam
3439 2173 3734 2243 interpre-

2081 2263 2304 2314 tantem
2359 2259 2440 2325 id,
2493 2259 2649 2330 quod
2699 2261 3026 2330 quaeritur:
3074 2283 3100 2309 ‹‹
3136 2263 3205 2314 Et
3251 2261 3503 2331 dispersi
3550 2260 3732 2331 ipsos,

2079 2352 2364 2418 tanquam
2387 2348 2609 2419 paleas,
2643 2365 2774 2418 quae
2805 2365 2839 2402 a
2865 2353 3039 2403 vento
3067 2350 3298 2421 agitatas
3325 2349 3525 2403 volant
3550 2349 3612 2402 in
3638 2366 3735 2404 so-

2078 2437 2414 2492 litudinem.
2442 2438 2574 2491 Haec
2596 2441 2686 2491 est
2706 2454 2834 2492 sors
2865 2443 2924 2492 et
2944 2453 3080 2509 pars
3110 2444 3319 2493 vestra;
3343 2437 3730 2493 incredulita—

2076 2525 2174 2592 tis,
2207 2525 2350 2580 dicit
2378 2525 2685 2581 Dominus.
2708 2525 2872 2581 Sicut
2900 2527 3123 2582 oblitus
3143 2545 3206 2582 es
3233 2527 3372 2591 mei,
3397 2532 3456 2582 et
3477 2528 3728 2598 sperasti

2079 2615 2142 2669 in
2177 2614 2381 2681 falsis;
2423 2631 2528 2687 ego
2569 2631 2806 2686 quoque
2836 2615 3108 2670 revelabo
3140 2617 3469 2687 posteriora
3501 2621 3600 2670 tua
3629 2633 3730 2670 su-

2077 2719 2186 2776 per
2211 2703 2422 2759 faciem
2445 2708 2630 2768 tuam,
2659 2708 2718 2758 et
2749 2703 3043 2757 videbitur
3073 2703 3400 2775 ignominia
3423 2709 3544 2772 tua,
3559 2702 3734 2758 adul-

2079 2791 2293 2846 terium
2310 2797 2498 2859 tuum,
2515 2795 2572 2844 et
2588 2790 3117 2860 hinnitustuus(b),
3144 2813 3172 2840 ››
3204 2795 3261 2844 et
3286 2808 3417 2862 quas
3449 2791 3730 2864 deinceps

2078 2884 2544 2948 consequuntur.
2567 2879 2669 2933 Hic
2694 2884 2784 2933 est
2805 2880 2966 2934 enim
2991 2901 3019 2929 «
3049 2879 3158 2935 ﬂos
3180 2879 3301 2935 feni
3321 2882 3415 2951 (ο),
3445 2886 3502 2935 et
3523 2897 3730 2936 secun-

2077 2965 2219 3020 dum
2251 2982 2491 3021 carnem
2517 2968 2820 3024 ambulare
2854 2971 2953 3042 (ἀ),
2979 2975 3037 3024 et
3067 2970 3338 3026 carnales
3359 2988 3487 3026 esse
3509 2974 3578 3038 (e)
3604 2993 3630 3019 ››
3660 2988 3729 3027 ex

2075 3055 2338 3126 Apostoli
2362 3059 2679 3125 sententia,
2713 3076 2834 3126 eos,
2869 3060 2971 3130 qui
2997 3065 3137 3114 sunt
3166 3060 3227 3114 in
3259 3061 3536 3132 peccatis.
3574 3060 3726 3115 Prae-

2078 3145 2423 3200 stantiorem
2452 3147 2694 3218 quidem
2726 3148 2987 3204 hominis
3022 3154 3248 3220 partem
3283 3166 3411 3204 esse
3441 3151 3724 3218 animam,

315 3231 681 3307 ὡμολόγηται
728 3234 763 3301 ἡ
812 3232 986 3307 ψυχὴ,
1017 3232 1180 3300 ἧττον
1215 3229 1272 3285 δὲ
1326 3231 1388 3285 τὸ
1432 3236 1611 3304 σῶμα
1662 3230 1788 3286 ἀλλ’
1844 3229 1966 3287 οὔτε

2083 3239 2172 3288 est
2200 3241 2362 3289 extra
2392 3237 2872 3301 controversiam,
2897 3255 3109 3309 corpus
3130 3244 3328 3294 autem
3351 3239 3724 3296 deteriorem.

315 3321 518 3396 ἀγαθὸν
547 3324 581 3391 ἡ
634 3322 787 3396 ψυχὴ
823 3322 998 3399 φύσει,
1050 3318 1174 3376 οὕτε
1202 3320 1267 3374 αὗ
1309 3319 1472 3374 κακὸν
1506 3319 1658 3398 φύσει
1689 3321 1751 3374 τὸ
1783 3325 1962 3392 σῶμα·

315 3409 444 3466 οὐδὲ
478 3413 610 3483 μὴν,
641 3410 670 3464 ὃ
708 3411 783 3482 μή
836 3409 978 3465 ἐστιν
1033 3409 1255 3484 ἀγαθὸν,
1314 3413 1476 3464 τοῦτο
1524 3408 1720 3471 εὐθέως
1777 3411 1962 3466 κακόν.

311 3499 438 3558 Εἰσὶ
471 3500 572 3575 γὰρ
632 3499 721 3553 οὖν
787 3499 878 3553 καὶ
947 3498 1242 3572 μεσότητές
1288 3519 1425 3560 τινες
1483 3497 1572 3552 καὶ
1622 3499 1966 3573 προηγμένα,

312 3589 408 3642 καὶ
463 3587 898 3661 ἀποπροηγμένα
950 3590 1066 3660 (97)
1121 3587 1172 3642 ἰν
1231 3591 1349 3648 τοῖς
1410 3587 1619 3660 μέσοις.
1663 3589 1870 3662 Ἐχρῆν
1899 3585 1966 3657 δὴ

391 3730 455 3793 ᾖ
483 3724 545 3776 Ρ.
579 3724 682 3776 639
716 3722 826 3776 ΕΙ).
858 3722 1148 3790 POTTER,
1181 3723 1414 3776 540-541
1450 3723 1561 3776 ΕΙ).
1595 3722 1824 3778 PARIS.
1901 3723 1969 3792 (α)

414 3795 515 3861 1Ο;
549 3795 572 3847 Ι
601 3795 723 3847 Pet.
761 3810 796 3862 ι,
829 3795 916 3848 24.
995 3794 1071 3864 (d)
1102 3795 1150 3846 ll
1177 3794 1303 3848 Cor.
1337 3812 1393 3861 x,
1426 3797 1484 3851 2.
1568 3794 1638 3864 (e)
1671 3795 1847 3847 ICor.
1884 3810 1965 3862 ιιι,

2083 3740 2118 3779 ι.
2155 3740 2246 3794 xL,
2279 3726 2330 3792 6,
2364 3726 2414 3778 8.

1591 3810 1638 3862 ε)
1671 3810 1693 3847 1
1719 3810 1847 3847 μοι’.
1884 3810 1965 3862 ιιι,
2002 3810 2055 3849 .5.

323 3795 376 3861 1,
414 3795 515 3861 1Ο;
549 3795 572 3847 Ι
601 3795 723 3847 Pet.
761 3810 796 3862 ι,
829 3795 916 3848 24.
995 3794 1071 3864 (d)
1102 3795 1150 3846 ll
1177 3794 1303 3848 Cor.
1337 3812 1393 3861 x,
1426 3797 1484 3851 2.

559 3925 776 4053 ’θὲθήξῖ
812 3925 948 3997 πρὸς
1003 3925 1103 3994 τήν
1155 3923 1386 4000 οὖρανοῦ
1435 3926 1484 3981 θ.
1523 3925 1762 3982 Ovidius
1791 3928 1970 3982 Meta-

320 3999 536 4069 morph.
571 3998 654 4053 lib
669 4039 681 4055 .
723 4015 738 4052 ι
764 4013 777 4052 :

320 4105 610 4175 Pronaque
639 4121 761 4160 cum
785 4110 1026 4174 spectent
1062 4104 1330 4159 animalia
1360 4111 1558 4160 caetera
1600 4111 1789 4175 terras,

323 4174 391 4230 Os
422 4176 632 4230 homini
661 4177 891 4230 sublime
919 4175 1090 4242 dedit,
1123 4177 1423 4244 cwlumque
1449 4179 1610 4230 tueri.

568 4279 759 4364 Σοφία,
822 4283 953 4364 illnc
1011 4284 1317 4364 sapientiae
1371 4283 1638 4364 definitio
1699 4285 1969 4364 superius

323 4355 540 4426 tradita
583 4361 672 4408 est
717 4355 1012 4423 Pwdagog.
1058 4355 1160 4408 lib.
1213 4372 1270 4422 ιι,
1325 4371 1452 4426 cap.
1502 4358 1553 4424 2,
1606 4373 1662 4426 p.
1715 4355 1833 4423 181,
1868 4357 1966 4411 ubi

322 4424 477 4481 conf.
513 4430 634 4479 not.
664 4429 714 4479 5.
1401 4424 1413 4426 ἡ
1606 4424 1622 4426 ⁷

340 4568 356 4572 _
395 4499 504 4565 (94)
577 4493 911 4572 Annaeum
973 4490 1030 4548 δὲ
1089 4515 1258 4572 συμφ.
1283 4567 1294 4572 _
1318 4497 1607 4572 Platonici
1667 4497 1968 4572 interdum

2078 3322 2189 3377 Sed
2212 3339 2404 3394 neque
2426 3325 2625 3381 anima
2654 3326 2881 3381 bonum
2908 3333 2998 3381 est
3027 3333 3260 3395 natura,
3294 3344 3487 3398 neque
3519 3345 3725 3382 rursus

2078 3411 2302 3467 malum
2349 3419 2561 3470 natura
2604 3433 2839 3487 corpus.
2889 3417 3085 3487 Neque
3135 3433 3270 3472 vero
3298 3416 3458 3487 quod
3488 3433 3608 3471 non
3639 3421 3729 3471 est

2078 3501 2300 3556 bonum
2315 3502 2425 3558 hoc
2439 3505 2811 3575 estprotinus
2828 3505 3076 3572 malum;
3105 3511 3246 3560 sunt
3267 3506 3424 3561 enim
3451 3504 3722 3577 quaedam

2080 3607 2211 3662 qum
2255 3591 2518 3647 medium
2565 3593 2760 3649 locum
2815 3594 3110 3662 obtinent,
3146 3595 3289 3650 etin
3321 3595 3534 3650 mediis
3586 3599 3728 3650 sunt

2494 3726 2564 3796 (ὸ)
2596 3727 2711 3781 Jer.
2744 3743 2868 3794 xm,
2899 3729 2988 3794 24,
3024 3730 3113 3794 25,
3147 3729 3234 3795 26,
3267 3731 3355 3782 27.
3435 3727 3503 3799 (ο)
3528 3729 3647 3783 Jac.
3683 3744 3723 3795 ι,

2077 3927 2180 3982 lib.
2227 3945 2324 4004 νιιι
2379 3931 2457 4004 De
2503 3931 2693 4004 lingua
2721 3932 2971 4004 Latina;
3003 3953 3030 3981 «
3063 3931 3212 4004 Quid
3244 3947 3401 4004 ergo,
3435 3947 3569 3986 cum
3600 3947 3726 3987 om-

2077 4016 2184 4074 nes
2205 4001 2421 4055 animai
2445 4001 2754 4056 hominum
2778 4002 2898 4056 sint
2920 4001 3120 4057 divisas
3147 4003 3207 4058 in
3235 4001 3478 4058 octonas
3500 4008 3720 4074 partes,

2078 4071 2234 4146 inter
2251 4089 2311 4127 se
2336 4088 2457 4126 non
2488 4074 2869 4145 proportione
2902 4075 3128 4130 similes
3148 4074 3175 4128 ‘?
3205 4071 3725 4146 quinquefquibus

2079 4145 2368 4199 sentimus
2393 4159 2406 4199 :
2440 4150 2748 4216 sexta,qua
2773 4151 3098 4218 cogitamus
3117 4165 3138 4212 ;
3170 4147 3566 4217 septima,qua
3586 4163 3722 4218 pro-

2076 4231 2429 4341 generamus
2455 4233 2468 4281 ;
2527 4223 2749 4281 octava,
2799 4216 2918 4288 qua
2946 4235 3116 4274 voces
3147 4216 3521 4272 mittimusﬁ»
3553 4216 3718 4273 Conf.

2123 4287 2428 4341 lutarchus
2461 4290 2536 4341 De
2560 4290 2782 4341 nlacitis
2812 4289 3123 4341 nhilosonh.
3158 4288 3260 4341 lib.
3296 4306 3368 4341 ιν.
3398 4305 3525 4341 can.
3559 4290 3611 4341 4.

2123 4287 2429 4358 lutarchus
2461 4290 2536 4342 De
2555 4290 2782 4358 placitis
2807 4289 3123 4358 philosoph.
3158 4288 3260 4342 lib.
3296 4306 3368 4348 ιν.
3398 4305 3525 4357 cap.
3559 4290 3611 4341 4.

2148 4361 2255 4431 (95)
2305 4357 2523 4431 κυρίου.
2560 4357 2698 4431 fisa.
2737 4361 2831 4410 τοῦ
2880 4357 3240 4431 Θεοῦίὴμῶν.
3289 4359 3597 4431 Mox_apud
3625 4361 3719 4414 Je-

2076 4428 2247 4504 retnf
2277 4430 2533 4504 cppéyava
2571 4429 2861 4504 φερόμενα·
2905 4431 3078 4504 dein._
3107 4428 3284 4504 οὕτως
3326 4430 3353 4482 ὁ
3385 4428 3719 4504 κλῆρόςμσου

2075 4497 2353 4584 καὶρμερῖς
2383 4497 2480 4584 τος)
2510 4497 2748 4584 ἀπέιιθεῖν
2783 4499 3100 4584 ὑμᾶςβμοί.
3142 4501 3323 4557 Paulo
3356 4497 3508 4573 post,
3539 4499 3626 4554 ἐπὶ
3657 4501 3719 4555 τὸ

321 4564 470 4644 duas
483 4564 706 4644 animae
729 4573 931 4644 partes
953 4564 1306 4644 statuuht,1_¢‘>
1341 4564 1660 4644 lo~{z_x6v,et_
1674 4567 1735 4620 τὸ
1767 4567 1969 4640 ὰλογον

2083 4564 2312 4644 πρόσωπ
2337 4642 2343 4644 ἒ
2365 4572 2527 4644 dein,
2557 4571 2646 4624 καὶ
2677 4574 2711 4639 ἡ
2748 4564 3048 4643 μοίγεία’σ.

322 4640 623 4695 interdum
651 4636 790 4706 tre's,
822 4639 884 4692 τὸ
917 4636 1245 4710 λογιστικὸν,
1270 4636 1522 4710 θυμικόν,
1557 4646 1614 4695 et
1643 4636 1971 4709 ἐπιθυμητι-

319 4711 438 4764 κόν⁶
472 4717 540 4766 ut
569 4712 835 4767 referunt
865 4712 1215 4766 Aristoteles
1254 4714 1330 4765 De
1359 4715 1543 4766 anima
1576 4712 1676 4766 lib.
1713 4729 1796 4777 ιιι,
1830 4729 1878 4766 c.
1915 4716 1968 4782 9,

322 4782 691 4854 Plutarchus,
717 4782 1482 4854 aliique.Unde,secundum
1507 4783 1970 4849 Platonem,sin-

323 4853 474 4923 gulm
497 4855 742 4910 virtutes
758 4853 1050 4909 certarum
1067 4855 1282 4926 animai
1295 4855 1553 4925 partium
1575 4855 1968 4926 perfectiones

327 4930 500 4997 sunt;
525 4926 760 4996 justitia
788 4943 923 4980 vero
947 4927 1127 4980 totius
1158 4925 1372 4980 animas
1404 4925 1684 4996 perfeCtio
1707 4931 1824 4993 est;
1853 4943 1969 4997 qua

327 4993 553 5049 scilicet
582 4998 737 5069 ﬁt,ut
765 4999 1010 5069 reliquae
1033 5003 1230 5069 partes
1261 4993 1422 5052 inter
1437 5013 1498 5050 se
1520 4993 1970 5056 concordent,et

323 5079 462 5118 cum
483 5071 600 5120 tota
621 5068 819 5122 anima
837 5068 1509 5139 universamunaquaque
1523 5069 1679 5138 quod
1693 5085 1864 5123 suum
1879 5076 1969 5124 est

322 5143 554 5216 agente,
590 5139 1222 5216 necalienuinmunus
1246 5146 1570 5216 occupante
1600 5156 1613 5203 ;
1638 5139 1966 5216 imperante

322 5207 606 5303 nimirum
637 5208 885 5295 ratione,
918 5213 1165 5303 reliquis
1195 5229 1329 5300 vero
1361 5207 1411 5300 ei
1446 5207 1808 5300 parentibus.
1831 5214 1968 5303 litat

320 5276 502 5354 igitur
543 5279 773 5354 Platoni
825 5276 1136 5354 δικαιοσόγνη
1177 5279 1420 5354 Δδιξααμίς
1446 5276 1554 5349 τις,
1584 5281 1704 5344 καθ’
1732 5283 1792 5350 ἣν
1825 5284 1963 5354 ὁμο-

319 5344 482 5427 λόγεῖ
527 5349 616 5402 καὶ
654 5358 948 5427 ’συμφωνεῖ
981 5344 1135 5427 πρὸς
1167 5344 1388 5427 ἄλληλα
1434 5344 1652 5427 τά-τρία
1689 5344 1826 5427 μέρη
1846 5344 1960 5427 ,τῆς

319 5421 531 5498 Ὺθᾊῆςν
579 5421 668 5474 καὶ
715 5418 936 5498 ξκέῗτον
974 5418 1110 5497 πρὸς
1141 5429 1220 5494 τῷ
1251 5418 1437 5496 οἰκείῳ
1469 5418 1698 5498 γίνεταιξ
1725 5418 1825 5478 καῖ’
1841 5425 1960 5479 ἐπι-

318 5489 586 5570 ϐάλλοντι
617 5492 927 5570 κατ’-ἀξίαν.
960 5489 1493 5570 ῼὺίῐὶθῗῐὶέῐηδίιάίϐἰ
1522 5498 1582 5551 in
1613 5489 1741 5552 octo
1767 5505 1963 5570 partes

319 5567 583 5643 animam
603 5563 1231 5643 dividebant.baertius
1252 5569 1354 5643 lib.
1382 5587 1478 5643 vn,
1505 5586 1624 5643 seg.
1641 5563 1784 5643 A157?
1808 5572 1958 5643 Μέρη

321 5633 396 5709 δὲ.
436 5639 620 5709 ψυχῆς
679 5634 925 5709 λέγουσιν
985 5635 1173 5709 una,
1208 5639 1300 5699 ri;
1356 5633 1511 5694 πέντε
1545 5633 1840 5709 arietino-acc,
1872 5633 1958 5695 καί

316 5699 458 5790 τους
480 5699 698 5790 ένξὴμῖν
732 5699 1377 5790 σπρρμοιτικοξις-λόγους-,
1425 5712 1515 5790 καὶ
1540 5699 1960 5790 τὸμφωνητικὸν,

318 5779 410 5837 καὶ
440 5779 504 5834 τὸ
535 5777 882 5856 λογιστικόν.
919 5780 1088 5848 Quod
1136 5777 1315 5838 Varro
1347 5777 1546 5840 Latine
1574 5777 1657 5842 sic
1685 5777 1964 5858 exprimit

2152 4643 2258 4711 (96)
2289 4642 2359 4696 Τὸ
2390 4643 2505 4705 ἄνθ.
2542 4645 2798 4715 Respicit
2825 4642 2943 4699 Jac.
2977 4662 3014 4702 ι,
3051 4646 3134 4709 10,
3166 4644 3255 4698 vel
3283 4645 3305 4697 Ι
3353 4645 3475 4698 Pet.
3529 4662 3565 4707 ι,
3611 4647 3717 4711 24;

2080 4711 2128 4765 II
2158 4715 2286 4770 Cor.
2321 4734 2376 4778 x,
2410 4733 2486 4780 1|;
2521 4716 2538 4769 l
2572 4711 2701 4771 Cor.
2736 4733 2816 4776 In,
2850 4717 2898 4768 3.

2151 4787 2261 4856 (97)
2317 4785 2643 4860 Προηγμένα
2697 4785 2786 4839 καὶ
2841 4785 3297 4860 ἀποπροηγμένα.
3357 4788 3436 4840 Ex
3497 4786 3718 4860 Stoico-

2076 4869 2210 4911 rum
2241 4857 2440 4913 mente
2469 4857 2594 4913 haec
2615 4859 2771 4914 dicit.
2798 4860 2941 4913 Nam
2974 4858 3084 4925 illi,
3116 4857 3181 4912 ut
3209 4858 3271 4912 in
3303 4861 3508 4913 Zenone
3539 4857 3721 4913 refert

2076 4926 2364 5003 Diogenes
2397 4930 2658 5003 Laertius
2687 4930 2893 5003 lib.v1v,
2928 4946 3045 5003 seg.
3079 4933 3220 5003 i05_:
3253 4931 3370 5003 Τῶν
3405 4925 3714 5003 ἀδιαφόρων

2073 4996 2140 5050 τὰ
2190 4995 2288 5070 μὲν
2318 4999 2572 5074 ,λέγουσι
2634 4995 3100 5074 προηγμένας-τὰ
3157 4997 3217 5074 δέ
3260 4995 3710 5074 ἀποπροηγμένᾳξ

2073 5069 2548 5146 προηγμ-έναμξμὶν
2607 5071 2672 5125 τὰ
2729 5069 2954 5146 ἔχοντα,
2983 5070 3153 5146 ἀξίαν,
3194 5069 3630 5146 ἀποπροηγμένα
3661 5069 3718 5126 δὲ

2071 5137 2139 5217 τᾶ
2170 5137 2378 5212 ἀνὰξίαν
2409 5137 2625 5217 ἔχοντα.
2676 5167 2701 5196 ιι
2731 5137 2912 5200 Porro
2943 5137 3408 5199 indiﬂerentium
3439 5137 3558 5201 alia
3584 5145 3715 5216 qui-

2076 5215 2211 5288 dem
2244 5215 2560 5286 praeposita
2576 5223 2802 5280 vocant,
2832 5217 2947 5272 alia
2976 5232 3110 5270 vero
3142 5215 3720 5288 rejecta.Prwposita

2075 5287 2314 5358 quidem
2339 5305 2470 5357 qum
2495 5289 2715 5343 habent
2741 5288 3234 5343 existimationem
3261 5305 3273 5353 ;
3308 5287 3712 5358 rejecta'vero,

2075 5376 2206 5438 qua;
2239 5359 2924 5438 existimation‘ecarent.
2963 5361 3218 5438 »_Porro,
3249 5359 3507 5438 exempli
3535 5375 3716 5414 causa

2071 5427 2138 5483 τὰ
2168 5427 2491 5501 προηγμένα
2523 5431 2594 5485 ab
2627 5431 2746 5486 illis
2779 5432 2892 5486 dici
2931 5432 3131 5494 refert,
3184 5452 3212 5479 ‹‹
3245 5427 3570 5501 ingenium.
3623 5447 3713 5485 sa-

2071 5500 2340 5564 nitatem,
2366 5502 2637 5574 rgloriam,
2669 5526 2696 5552 ι»
2732 5509 2789 5558 et
2829 5503 2921 5557 his
2973 5501 3192 5555 similia
3221 5517 3237 5574 ς
3282 5500 3712 5574 ἀποπροηγμένα

2069 5590 2262 5636 vero,“
2284 5571 3711 5641 hebetudinem.imbecillitatemignobilitatem.»

2072 5645 2252 5698 etalia
2267 5645 2445 5716 hujus
2460 5647 2878 5715 generis;qum«
2909 5645 3062 5718 bona
3079 5665 3103 5689 »
3119 5643 3444 5718 quidelmet
3463 5645 3666 5718 «fimala
3684 5667 3708 5694 η

2070 5733 2188 5771 non
2212 5713 2440 5782 vocant,
2474 5735 2543 5771 ea
2573 5713 2797 5772 scilicet
2829 5713 3605 5788 nomiumsolismirtutibus
3641 5733 3708 5773 ac

2067 5788 2224 5844 vitiis
2253 5779 2601 5861 tribuentes,
2633 5788 2735 5844 sed
2760 5792 2988 5844 tantum
3017 5808 3046 5838 «
3075 5779 3538 5904 ριίέορὁἰίρεῖιξοι
3568 5810 3595 5840 ‹‹
3618 5805 3706 5846 re-
