4066 6192
350 331 489 387 1375
1584 330 1994 385 CLEMENTIB

2123 330 2528 385 .BXANDBINI
3038 352 3045 359 ί
3653 331 3786 387 1376

351 482 376 512 α
409 461 729 533 praeposita
761 466 819 516 et
846 461 1088 533 rejecta.
1125 482 1152 510 »
1185 459 1457 532 Oportuit
1487 475 1621 531 ergo
1671 458 2002 522 hominem,

2123 453 2206 509 οὖν
2238 455 2338 524 τὴν
2366 454 2606 510 σύνθεσιν
2632 460 2729 511 τοῦ
2760 456 3076 532 ἀνθρώπου,
3115 457 3165 514 ἐν
3204 457 3494 530 αἲσθητοῖς
3547 461 3792 534 γενομέο

353 551 454 622 qui
489 550 646 606 inter
672 551 979 606 sensibilia
1013 554 1380 617 numeratur,
1413 549 1740 604 consistere
1765 547 2002 618 quidem

2123 566 2238 615 νην,
2294 545 2354 599 ἐκ
2398 541 2675 620 διαφόρων
2716 548 3054 618 συνεστάναι,
3106 547 3234 604 ἀλλ’
3274 550 3375 604 οὐκ
3403 549 3458 620 ἐξ
3491 549 3790 620 ἐναντίων,

354 660 423 697 ex
446 642 825 708 diversis,sed
848 658 970 697 non
992 658 1060 696 ex
1088 640 1677 710 contrariis,corpore
1704 644 1762 693 et
1783 638 2002 692 anima.

2123 633 2371 706 σώματός
2419 653 2476 688 τε
2524 634 2613 688 καὶ
2662 637 2866 710 ψυχῆς.
2917 636 3026 691 Ἀεὶ
3081 637 3258 691 τοίνυν
3305 640 3361 693 αἱ
3409 637 3627 713 ἀγαθαὶ
3660 641 3794 713 πρά-

355 731 600 802 Semper
656 747 792 804 ergo
840 731 1010 785 bona;
1061 731 1346 798 actiones,
1383 733 1447 783 ut
1477 729 1778 791 meliores,
1837 726 2002 781 attri-

2123 721 2243 791 ξεις,
2294 723 2367 784 ὡς
2420 723 2697 794 ἀμείνους,
2756 728 2836 795 τῷ
2882 723 3154 797 κρείττονι
3195 731 3274 798 τῷ
3303 727 3580 799 πνεύματι
3614 728 3792 801 κυρίῳ
3833 788 3838 792 ,

351 819 617 874 buuntur
648 820 700 873 ei
733 820 891 890 quod
923 826 1013 874 est
1053 818 1455 890 praastantius,
1506 834 1719 887 nempe
1775 815 2002 886 spiritui

2123 813 2542 884 προσάπτονται·
2578 811 2633 866 αἱ
2674 809 2731 866 δὲ
2761 810 3049 890 φιλήδονοι
3100 815 3191 869 καὶ
3242 817 3653 890 άμαρτητικαῖ,
3714 822 3793 890 τῷ

354 907 707 982 principali;
743 908 1086 980 voluptarize
1118 914 1315 962 autem
1347 912 1406 962 et
1425 912 1740 977 peccantes
1771 904 1822 958 ei
1851 902 2002 974 quod

2123 903 2299 971 ἥττονι
2343 906 2423 972 τῷ
2475 904 2835 977 ἁμαρτητικῷ
2884 903 3273 978 περιτίθενται.
3322 905 3533 960 Αὐτίκα
3591 908 3627 969 ἠ
3689 911 3790 960 τοῦ

355 1005 445 1053 est
502 998 785 1064 deterius,
846 1013 1059 1068 nempe
1119 997 1384 1068 peccanti
1417 995 1677 1066 spiritui.
1715 995 1839 1048 Jam
1872 1010 2002 1047 vero

2123 994 2286 1069 σοφοῦ
2315 1011 2374 1045 τε
2411 991 2500 1046 καὶ
2525 997 2829 1066 γνωστικοῦ
2861 995 3038 1067 ψυχὴ,
3090 996 3206 1048 οἷον
3251 995 3648 1067 ἐπιξενουμένη
3710 1000 3789 1067 τῷ

355 1088 642 1159 sapientis
659 1093 718 1141 et
739 1088 987 1159 gnostici
1011 1086 1304 1149 anima,ut
1331 1102 1461 1156 qua:
1490 1085 1551 1138 in
1573 1099 1815 1154 corpore
1839 1099 2005 1154 pere-

353 1178 640 1250 grinetur,
677 1193 745 1231 eo
779 1192 980 1231 severe
1013 1181 1070 1229 et
1097 1181 1331 1230 austere
1353 1175 1559 1241 utitur,
1587 1189 1707 1227 non
1731 1172 1790 1226 in
1811 1172 2007 1243 ipsum

353 1266 603 1321 nimiam
636 1266 1010 1320 affectionem
1045 1265 1366 1319 ostendens
1397 1269 1499 1318 aut
1537 1261 1965 1333 indulgentiam
1992 1275 2006 1324 ;

355 1360 420 1409 ut
445 1372 576 1425 quae
609 1355 686 1409 sit
729 1371 760 1409 e
815 1355 1058 1426 vestigio
1114 1353 1394 1408 relictura
1425 1349 1900 1415 tabernaculum,
1958 1348 2004 1402 si

358 1442 680 1498 excedendi
729 1449 786 1497 et
833 1442 1124 1514 migrandi
1184 1447 1418 1513 tempus
1478 1456 1608 1494 eam
1666 1437 2004 1494 vocaverit:

355 1555 384 1583 ‹‹
421 1533 677 1597 Advena,
712 1533 925 1603 inquit.
961 1549 1092 1587 sum
1123 1531 1184 1585 in
1216 1537 1393 1595 terra,
1424 1535 1484 1584 et
1513 1529 1826 1601 peregrina
1875 1543 2006 1583 sum

357 1637 461 1693 ego
493 1621 794 1676 vobiscum
822 1621 921 1692 (α.)
954 1623 1022 1674 Ει
1051 1620 1190 1675 hinc
1221 1619 1515 1690 hospitem
1537 1616 1742 1672 mundi
1766 1615 2005 1671 electio-

356 1727 494 1766 nem
525 1709 815 1765 Basilides
844 1727 971 1765 eam
1007 1709 1151 1763 dicit
1180 1708 1497 1779 accepisse,
1532 1712 1599 1761 ut
1627 1723 1759 1777 quaa
1791 1706 1869 1760 sit
1896 1719 2007 1758 na-

352 1805 487 1856 tura
517 1799 1024 1870 supramundana.
1060 1800 1178 1853 Hoc
1209 1803 1406 1854 autem
1438 1813 1558 1851 non
1581 1796 1662 1851 ita
1702 1811 1764 1850 se
1792 1794 2002 1860 habet;

351 1889 530 1944 unius
563 1889 721 1944 enim
745 1890 848 1944 Dei
867 1893 1005 1944 sunt
1027 1888 1251 1944 ommia
1275 1903 1501 1957 ;neque
1522 1885 1635 1940 erit
1655 1883 1871 1954 aliquis
1894 1899 1999 1938 na-

350 1984 486 2034 tura
511 1978 717 2033 mundi
750 1978 971 2045 hostes,
1023 1993 1157 2032 cum
1189 1976 1265 2031 sit
1295 1991 1418 2030 una
1453 1974 1695 2046 quidem
1723 1972 2001 2039 essentia,

355 2085 512 2123 unus
543 2073 738 2123 autem
774 2068 948 2122 Deus.
976 2066 1085 2121 Sed
1117 2066 1338 2120 electus
1369 2065 1547 2119 vitam
1573 2063 1694 2134 agit
1720 2068 2004 2132 tanquam

356 2157 596 2227 hospes,
627 2157 822 2212 sciens
853 2155 1056 2210 omnia
1085 2171 1214 2212 esse
1244 2152 1626 2225 possidenda,
1657 2157 1715 2206 et
1744 2151 1883 2206 dein
1911 2167 2004 2205 re-

345 2245 616 2317 jicienda
640 2265 654 2310 ;
683 2260 1054 2315 quaecunque
1077 2249 1274 2298 autem
1306 2243 1463 2298 bona
1491 2241 1750 2312 triplicia
1771 2256 1899 2295 esse
1915 2255 2008 2294 vo-

353 2333 486 2388 lunt
517 2332 915 2404 Peripatetici,
949 2333 1033 2386 eis
1072 2333 1295 2399 utitur;
1350 2331 1682 2402 quinetiam
1731 2345 2003 2401 corpore,

352 2423 506 2477 sicut
520 2420 739 2492 aliquis
760 2421 862 2492 qui
884 2419 1091 2491 procul
1118 2435 1362 2492 peregre
1382 2417 2000 2489 proﬂciscitur,diver-

349 2511 523 2566 soriis
554 2515 613 2565 et
643 2509 1020 2575 habitaculis,
1055 2526 1186 2579 qum
1220 2509 1270 2562 ei
1302 2509 1364 2561 in
1396 2508 1486 2562 via
1516 2512 1864 2572 occurrunt;
1901 2523 2003 2560 cu-

348 2585 752 2672 ram'quidem
783 2615 995 2671 gerens
1029 2598 1207 2653 etiam
1237 2613 1437 2651 rerum
1481 2594 1915 2650 mundanarum
1948 2599 2007 2649 et

351 2689 488 2757 loci,
517 2689 578 2744 in
609 2705 726 2760 quo
756 2688 1089 2742 diversatur
1115 2686 1210 2752 νιις
1255 2685 1686 2740 habitationem
1717 2688 1916 2738 autem
1948 2688 2007 2738 et

353 2778 812 2851 possessionem,
837 2778 992 2832 sicut
1020 2775 1200 2831 etiam
1231 2791 1426 2841 usum,
1446 2774 1814 2845 relinquens,
1840 2773 2008 2828 nulla

351 2873 549 2924 motus
569 2866 1044 2940 perturbatione;
1069 2869 1340 2936 prompto
1367 2870 1424 2918 et
1452 2863 1631 2919 alacri
1651 2863 1851 2919 animo
1869 2878 2005 2917 eum

354 2975 632 3030 sequens,
667 2957 814 3028 quie
842 2957 962 3011 vita
985 2955 1242 3018 abducit.
1273 2954 1441 3009 nulla
1462 2955 1772 3009 occasione
1800 2970 1862 3008 se
1893 2969 2002 3007 un-

347 3065 526 3120 quam
545 3053 702 3102 retro
725 3051 1104 3111 convertens;
1130 3043 1203 3099 ob
1218 3043 1542 3098 incolatum
1565 3043 1804 3113 quidem
1824 3058 2002 3115 agens

2117 1081 2354 1154 σώματι,
2409 1085 2620 1152 σεμνῶς
2677 1082 2826 1151 αὐτῷ
2881 1083 2970 1137 καὶ
3018 1089 3333 1155 τιμητικῶς
3380 1087 3786 1161 προσφέρεται,

2117 1170 2178 1224 οὐ
2222 1172 2572 1244 προσπαθιῖκ,
2624 1170 2749 1225 ὅσον
2791 1169 3030 1226 οὐδέπω·
3065 1172 3151 1227 liv
3181 1173 3209 1228 6
3258 1175 3453 1248 καιρὸς
3479 1181 3588 1244 τῆς
3642 1176 3784 1230 ἀπο-

2117 1255 2321 1330 δημίας
2351 1257 2515 1333 καλῇ,
2547 1258 2926 1314 ἀπολείπουσα
2949 1264 3060 1333 (98)
3081 1261 3143 1316 τὸ
3171 1268 3394 1331 σκῆνος·
3433 1289 3460 1314 α
3489 1261 3784 1338 Πάροικος

2116 1348 2301 1424 φησὶν,
2358 1346 2408 1401 ἐν
2466 1349 2537 1418 τῇ
2589 1347 2680 1422 γῇ,
2732 1347 2820 1402 καὶ
2877 1347 3266 1422 παρεπίδημος
3317 1349 3430 1425 ἐγώ
3475 1351 3597 1424 εἶμι
3657 1352 3782 1424 μεθ’

2120 1437 2295 1509 ὑμῶν.
2335 1461 2360 1486 υ
2412 1438 2512 1492 Καὶ
2559 1436 2796 1500 ἐντεῦθεν
2846 1437 2998 1507 ξένην
3033 1438 3132 1506 τὴν
3166 1436 3401 1512 ἐκλογὴν
3429 1443 3526 1494 τοῦ
3558 1439 3778 1512 κόσμου

2116 1526 2143 1580 6
2175 1522 2502 1595 Βασιλείδης
2532 1523 2810 1604 εἴληφέναι
2846 1525 3017 1600 λέγει,
3048 1529 3122 1588 ὡς
3147 1524 3209 1580 ἂν
3255 1529 3626 1602 ὑπερκόσμιον
3680 1526 3781 1605 φύε

2115 1635 2192 1668 σει
2244 1614 2430 1671 οὖσαν.
2483 1613 2553 1669 T6
2602 1611 2648 1668 δ’
2681 1616 2792 1689 οὐχ
2833 1613 3008 1676 οὕτως
3045 1611 3186 1689 ἔχει·
3217 1617 3338 1678 ἑνὸς
3367 1616 3465 1692 γὰρ
3496 1618 3565 1671 τα
3597 1618 3778 1672 πάντα

2115 1707 2269 1758 Θεοῦ·
2327 1704 2413 1758 καὶ
2477 1704 2576 1758 οὐκ
2631 1704 2688 1757 ἂν
2732 1725 2815 1765 τις
2847 1703 2930 1774 εἴη
2969 1703 3124 1778 φύσει
3181 1709 3278 1758 τοῦ
3333 1705 3538 1776 κόσμου
3587 1705 3771 1777 ξένος,

2117 1799 2244 1866 μιᾶς
2281 1795 2375 1867 μὲν
2428 1801 2530 1864 τῆς
2576 1793 2760 1855 οὐσίας
2809 1793 2992 1862 οῧσης,
3026 1795 3147 1856 ἑνὸς
3181 1793 3238 1849 δὲ
3263 1800 3356 1850 τοῦ
3383 1800 3532 1850 Θεοῦ·
3564 1794 3701 1851 ἀλλ’
3732 1797 3764 1850 6

2115 1882 2369 1944 ἐκλεκτὸς
2426 1884 2501 1946 ὡς
2544 1883 2690 1956 ξένος
2739 1884 3105 1957 πολιτεύεται,
3154 1887 3319 1955 κτητά
3369 1905 3427 1939 τε
3470 1885 3560 1940 καὶ
3608 1885 3759 1939 ἀπόο

2111 1993 2285 2042 κτητα
2337 1969 2496 2034 εἷ’δὼς
2542 1972 2735 2026 πάντα·
2785 1971 2884 2026 ὅσα
2931 1970 2990 2027 δὲ
3031 1973 3222 2046 τριττὰ
3265 1978 3373 2044 (99)
3401 1973 3538 2028 εἶναι
3587 1972 3768 2046 ἀγαθὰ

2113 2063 2165 2116 οἱ
2214 2061 2636 2137 περιπατητικοὶ
2687 2061 2926 2130 θέλουσι,
2980 2069 3184 2137 χρῆται
3224 2063 3435 2124 αὐτοῖς·
3471 2060 3621 2116 ἀλλὰ
3670 2062 3761 2117 καὶ

2112 2155 2191 2224 τῷ
2230 2153 2466 2224 σώματι,
2527 2151 2601 2215 ὥς
2655 2171 2737 2213 τις
2795 2154 3003 2225 μακρὰν
3037 2150 3400 2225 στελλόμενος
3451 2149 3769 2224 ἀποδημίαν

2113 2238 2469 2315 πανδοχείοις
2517 2241 2607 2296 καὶ
2639 2246 2759 2303 ταῖς
2808 2241 2935 2315 παρ’
2961 2239 3086 2295 ὁδὸν
3113 2241 3413 2312 οἰκήσεσιν·
3469 2240 3771 2314 ἐπιμελού-

2118 2351 2277 2403 μενος
2315 2330 2410 2402 μέν
2459 2330 2550 2384 καί
2591 2334 2894 2402 κοσμικῶν,
2943 2331 3033 2384 τὸν
3085 2329 3252 2385 τόπον
3307 2335 3378 2400 (l)
3429 2325 3557 2394 ἔνθα
3604 2350 3768 2385 καταο

2115 2418 2254 2474 λύει·
2287 2419 2579 2474 ἀπολιπὼν
2612 2416 2669 2473 δὲ
2705 2421 2804 2487 τήν
2837 2415 3047 2489 οἴκησιν
3097 2418 3187 2473 καὶ
3245 2421 3347 2488 τήν
3402 2426 3622 2488 κτῆσιν,
3678 2440 3768 2474 κα-

2116 2508 2283 2583 θάπερ
2336 2507 2425 2562 καὶ
2480 2509 2579 2576 τὴν
2633 2515 2855 2583 χρῆσιν,
2897 2507 3288 2583 ἀπροσπαθῶς,
3339 2508 3643 2583 προθύμως
3690 2511 3768 2579 τῷ

2115 2598 2377 2674 ἀπάγοντι
2407 2601 2503 2652 τοῦ
2537 2597 2663 2672 βίου
2714 2593 3096 2669 συνεπόμενος,
3131 2593 3390 2669 οὐδαμῶς
3429 2596 3601 2651 ὀπίσω
3650 2597 3764 2651 κατ’

2114 2683 2371 2758 οὐδεμίαν
2405 2691 2476 2758 (2)
2525 2686 2780 2764 ἀφορμήν
2831 2685 3308 2761 ἐπιστρεφόμενος·
3364 2687 3757 2760 εὐχαριστήσας

2118 2775 2212 2849 μὶν
2246 2775 2333 2830 ἐπὶ
2365 2779 2432 2849 τῇ
2464 2776 2746 2849 παροικίᾳ,
2779 2773 3026 2850 εὐλογῶν
3073 2772 3132 2830 δὲ
3180 2775 3268 2830 ἐπὶ
3314 2779 3384 2847 τῇ
3418 2773 3603 2846 ἐξόδῳ,
3655 2775 3752 2842 τὴν

2117 2867 2289 2938 μονὴν
2340 2865 2711 2938 ἀσπαζόμενος
2760 2865 2858 2932 τήν
2907 2863 2960 2918 ἐν
2990 2863 3226 2937 οὐράνῷ.
3289 2860 3589 2936 «Οἴδαμεν
3639 2862 3761 2939 γὰρ,

2113 2953 2218 3022 ὅτι,
2279 2952 2364 3008 ἐὰν
2417 2956 2450 3022 ἡ
2510 2953 2749 3028 ἐπίγειες
2795 2954 2955 3026 ἡμῶν
3003 2952 3148 3007 οἰκία
3184 2956 3280 3008 τοῦ
3312 2954 3552 3022 σκήνους
3598 2973 3762 3006 κατα-

2113 3042 2276 3118 λυθῇ,
2309 3040 2612 3118 οἰκοδομήν
2645 3043 2701 3097 ἐκ
2730 3046 2864 3097 Θεοῦ
2913 3037 3140 3117 ἔχομεν,
3190 3041 3361 3096 οἰκίαν
3403 3040 3764 3117 ἀχειροποίη-

347 3136 953 3210 gratias,benedicens
973 3139 1169 3189 autem
1188 3138 1430 3204 propter
1450 3133 2001 3200 exitum,caelestem

2123 3153 2203 3188 εον
2253 3133 2469 3187 αἶ’ώνιον
2502 3132 2552 3187 ἐν
2584 3137 2703 3196 τοῖς
2731 3133 3008 3206 οὐρανοῖς.
3042 3132 3139 3186 Καὶ
3168 3131 3268 3207 γὰρ
3309 3131 3359 3185 ἐν
3410 3129 3594 3202 τούτῳ
3642 3151 3761 3185 στε-

351 3226 718 3296 amplectens
773 3224 1166 3279 mansionem.
1221 3244 1249 3271 «
1283 3222 1512 3277 Scimus
1542 3221 1724 3289 enim,
1761 3220 1917 3292 quod
1952 3219 2000 3274 si

350 3319 588 3369 terrena
611 3311 1114 3368 nostrahabitatio
1135 3309 1500 3367 tabernaculi
1524 3308 2007 3365 dissolutafuerit

353 3403 670 3459 aediﬁcium
702 3419 736 3457 a
765 3403 884 3456 Deo
915 3401 1225 3464 habemus,
1261 3400 1503 3454 domum
1550 3415 1670 3453 non
1728 3400 2002 3456 manufa-

350 3497 506 3548 ctam
531 3497 815 3547 mternam
846 3491 908 3546 in
939 3489 1123 3546 caelis.
1166 3490 1397 3544 Etenim
1429 3489 1490 3542 in
1521 3489 1632 3543 hoc
1663 3489 2003 3561 ingemisci-

350 3599 504 3647 mus,
537 3579 946 3636 habitaculum
977 3583 1268 3644 nostrum,
1305 3577 1461 3649 quod
1486 3583 1576 3632 est
1605 3593 1675 3631 ex
1703 3577 1869 3645 ccelo,
1903 3596 2000 3634 su-

351 3669 626 3743 perindui
677 3669 1019 3741 cupientes;
1078 3667 1376 3738 siquidem
1425 3666 1604 3721 etiam
1635 3667 1848 3732 induti,
1882 3685 2002 3724 non

352 3759 489 3814 audi
509 3759 902 3814 inveniemur.
927 3759 1038 3812 Per
1055 3756 1235 3812 ﬁdem
1267 3755 1426 3810 enim
1457 3754 1854 3822 ambulamus,
1882 3773 2002 3811 non

353 3863 459 3919 per
479 3849 790 3919 speciem,n
820 3847 979 3903 utait
1000 3845 1314 3918 Apostolus
1342 3845 1468 3916 (b).-
1497 3844 1674 3915 Magis
1695 3850 2006 3900 autemvo-

351 3937 552 3992 lumus
582 3937 948 4010 peregrinari
997 3952 1032 3990 a
1061 3951 1327 4005 corpore,
1385 3938 1442 3988 et
1470 3933 1628 4005 apud
1659 3935 1844 3989 Deum
1876 3953 2005 3990 ver-

355 4025 473 4082 sari
505 4026 596 4094 (c).
635 4048 662 4076 »
691 4026 844 4081 232
877 4024 1054 4096 Magis
1086 4028 1284 4078 autem
1316 4027 1406 4077 est
1434 4023 1495 4076 in
1527 4024 2000 4093 comparatione;

353 4116 716 4188 comparatio
748 4120 947 4170 autem
993 4117 1083 4168 est
1112 4112 1174 4166 in
1205 4112 1298 4177 iis,
1334 4128 1466 4182 quea
1497 4111 1717 4166 cadunt
1745 4113 1807 4168 in
1839 4115 2003 4169 simi-

352 4205 706 4271 litudinem;
759 4208 826 4259 ut
871 4201 1082 4257 fortior
1111 4199 1364 4254 fortibus
1395 4198 1625 4261 fortior.
1663 4200 2003 4257 timidorum

354 4300 550 4351 autem
573 4295 961 4351 rortissimus.
999 4290 1162 4347 Unde
1187 4288 1526 4361 subjunxit:
1560 4309 1585 4337 «
1613 4290 2004 4354 Quamobrem

357 4385 793 4452 contendimus,
839 4383 957 4439 sive
1007 4379 1480 4454 peregrinantes,
1532 4377 1650 4433 sive
1683 4379 1838 4450 apud
1870 4397 2004 4437 eum

355 4625 385 4676 3
421 4559 486 4676 »ις
515 4547 1178 4693 P.(t‘))410b_llliD.8POTTEH,
1213 4545 1452 4598 541-542
1483 4545 1594 4599 ΕΙ).
1628 4545 1854 4601 PARIS.

396 4664 409 4689 ,
483 4663 496 4676 .
599 4638 624 4675 c
741 4639 757 4674 1
807 4662 819 4674 .
893 4663 906 4674 .

396 4664 409 4689 ,
444 4638 496 4676 'l.
575 4638 645 4689 (ο)
674 4638 819 4676 ima.
854 4638 906 4674 δ.

349 4765 510 4837 jecta
533 4781 546 4832 ;
566 4786 610 4837 Δη
642 4760 1045 4837 ut‘Ciceronis
1061 4757 1256 4837 verbis
1286 4760 1438 4837 utar.
1480 4755 1593 4837 lib.
1625 4756 1689 4812 ni
1716 4762 1824 4837 ,οε
1851 4761 2002 4837 ﬁnio.
2038 4763 2084 4828 D

427 4827 541 4905 (98)⁷
566 4832 990 4890 Ἀπολείπουσα.
1022 4833 1089 4886 In
1121 4829 1403 4905 Flor._est
1439 4827 1617 4905 etiam
1674 4827 1864 4905 altera
1919 4831 2002 4905 le.

357 4899 472 4962 ctio
503 4905 871 4966 ἀπολιποῦσα,
905 4905 1013 4959 fut.
1046 4909 1230 4972 temp.
1281 4899 1601 4972 Sequentia
1630 4900 1805 4954 verba
1835 4903 2005 4956 Davi-

356 4978 447 5032 dis
479 4982 618 5032 sunt
646 4995 716 5032 ex
739 4977 956 5032 Psalm.
989 4970 1224 5039 xxxvn],
1279 4970 1551 5042 pauculis
1610 4973 1872 5029 mutatis.
1934 4976 2002 5028 Α.

355 5050 626 5104 SYLBURG.
661 5079 727 5087 —
749 5050 814 5102 In
841 5064 1026 5102 unum
1047 5041 1355 5116 conjungi‘t
1380 5041 1700 5116 Abrahami
1726 5043 2004 5116 verbaAad

356 5120 511 5175 ﬁlios
542 5119 748 5183 Cheth,
783 5120 924 5172 Gen.
957 5135 1119 5182 x1111,
1152 5110 1184 5169 λί-
1211 5131 1223 5168 :
1257 5110 1526 5185 Πάροικος
1559 5112 1648 5165 καὶ
1696 5111 2002 5184 παρεπίδη-

361 5210 463 5262 μος
511 5187 652 5262 ἐγώ-
679 5187 790 5258 εἶμι
856 5188 971 5258 μεθ’
1028 5188 1299 5262 ὐμῶνζίξι
1328 5184 1789 5262 verba_Davidis,
1828 5187 1999 5262 _Psal,

354 5253 680 5331 ixxtx'(al.
729 5253 982 5331 ixrvm),
1034 5253 1460 5331 l2zullaipogxo¢
1509 5253 1613 5331 ἐγώ
1663 5255 1776 5328 εἶμι
1825 5255 1876 5311 ἐν
1933 5260 2002 5330 τῇ

350 5337 424 5409 γῇ
473 5325 1022 5409 καὶᾀπαρεπίδ-ημος,
1071 5325 1252 5408 καθὼς
1280 5325 1483 5386 ⁷πάντες
1517 5325 1568 5408 οἱ
1600 5325 1822 5409 πατερες
1876 5325 2002 5400 μου.

426 5409 534 5477 (99)
561 5399 780 5477 Τριττά.
819 5399 1273 5477 Nempeanimi,
1309 5399 1572 5477 corporis
1613 5417 1679 5455 ac
1728 5399 2001 5477 fortunae.

355 5468 702 5534 Aristoteles
730 5477 901 5532 Ethic.
937 5468 1009 5528 ad
1043 5468 1378 5542 Nicomach.
1411 5469 1512 5522 lib.
1549 5488 1584 5536 ι,
1617 5489 1745 5542 cap.
1780 5475 1847 5528 8:
1888 5479 2002 5529 Νε-

359 5548 714 5618 μεμημένιυν,
765 5550 872 5600 τῶν
918 5539 1329 5618 περὶμάγαθῷν.
1357 5541 1549 5618 τριχῇ,
1592 5539 1706 5618 καῖ’
1739 5545 1846 5598 τῶν
1909 5545 2001 5616 μὶν

353 5609 868 5693 ἔνι-εὐέλεγομὲνων,
901 5609 1005 5671 τῶν
1040 5611 1096 5668 δὲ
1134 5609 1493 5693 πξρῖθψυχὴν
1520 5613 1825 5693 ⁸καί-σῶμα,
1866 5638 1885 5663 ι
1910 5609 2006 5672 Βί.

353 5684 626 5750 stributis
675 5684 811 5746 vero
870 5691 1044 5745 bonis
1102 5684 1413 5743 trifariam.
1473 5688 1537 5736 ut
1593 5685 1707 5738 alia
1734 5686 2007 5744 dicantur

354 5778 490 5821 esse
516 5769 700 5832 extra,
733 5762 934 5819 aliain
963 5760 1186 5825 animo,
1217 5755 1336 5813 alia
1365 5756 1428 5812 in
1460 5771 1727 5828 corpore,
1761 5778 1789 5807 »
1821 5764 1932 5817 etc.

1934 4548 2016 4618 (a)
2038 4548 2178 4604 Gen.
2213 4565 2376 4616 χχιιι,
2409 4551 2441 4602 4
2464 4591 2478 4615 ,
2511 4547 2662 4602 Psal.
2691 4563 2925 4614 xxxvm,
2959 4547 3045 4600 13.

2111 3224 2366 3295 νάζομεν,
2414 3223 2476 3276 τὸ
2524 3221 2850 3296 οἰκητήριον
2893 3223 3054 3294 ἡμῶν
3103 3222 3167 3275 τὸ
3205 3220 3256 3291 ἐξ
3279 3219 3508 3294 οὐρανοῦ
3539 3218 3762 3275 ἐπενδύ-

2115 3323 2302 3375 σασθαι
2333 3310 2744 3372 ἐπιποθοῦντες·
2797 3307 2850 3364 εἷ’
2872 3331 2954 3384 γε,
3003 3310 3093 3364 καὶ
3142 3307 3510 3381 ἐνδυσάμενοι,
3562 3309 3626 3363 οὐ
3671 3331 3763 3384 τυ-

2117 3400 2242 3472 μνοὶ
2275 3399 2701 3474 εὑρεθησόμεθα·
2736 3396 2824 3453 διὰ
2879 3399 3116 3460 πίστεως
3170 3399 3274 3472 γὰρ
3332 3402 3759 3473 περιπατοῦμεν,

2115 3488 2176 3544 οὐ
2208 3488 2298 3544 διὰ
2324 3486 2520 3558 εἴδους,
2555 3512 2583 3540 »ι
2617 3489 2692 3552 ὡς
2738 3489 2765 3542 6
2800 3487 3142 3549 ’Λπόστολος
3192 3489 3375 3562 φησίν.
3430 3509 3455 3541 ι
3493 3484 3762 3542 Εὐδοκοῦ-

2119 3599 2212 3651 μεν
2264 3575 2322 3633 δὲ
2381 3575 2594 3650 μᾶλλον
2652 3580 2730 3650 (3)
2782 3574 3091 3650 ἐκδημῆσαι
3123 3575 3183 3631 ἐκ
3207 3581 3304 3630 τοῦ
3336 3577 3617 3648 σώματος,
3673 3575 3761 3631 καὶ

2112 3664 2415 3740 ἐνδημῆσαι
2445 3667 2581 3739 πρὸς
2610 3667 2700 3721 τὸν
2733 3667 2884 3722 Θεόν.
2921 3690 2948 3716 ι)
2992 3667 3078 3722 Ἐν
3110 3664 3380 3741 συγκρίσει
3415 3663 3472 3720 δὲ
3499 3666 3564 3720 τὸ
3620 3665 3760 3737 pax.

2115 3755 2232 3811 λον·
2267 3759 2301 3824 ἡ
2336 3754 2394 3811 δι
2441 3755 2718 3831 σύγκρισις
2769 3753 2856 3810 ἐπὶ
2910 3759 3020 3810 τῶν
3063 3755 3183 3818 καθ’
3240 3754 3502 3828 ὁμοίωσιν
3559 3755 3759 3809 ὑποπιο

2113 3845 2380 3900 πτόντων·
2440 3845 2515 3907 ὡς
2572 3845 2599 3898 6
2658 3841 3036 3917 ἀνδρειότερος
3073 3840 3334 3918 ἀνδρείων
3366 3841 3752 3918 ἀνδρειότερος,

2114 3931 2310 3989 δειλῶν
2344 3931 2400 3987 δὲ
2432 3929 2827 4006 ἀνδρειότατος.
2870 3933 3027 3994 Ὅθεν
3075 3931 3368 4006 ἐπήγαγεν.
3414 3955 3440 3982 α
3471 3931 3559 3984 Διό
3587 3928 3744 4005 φιλο-

2110 4024 2421 4097 τιμούμεθα
2451 4027 2546 4095 (4),
2580 4022 2685 4077 εἷ’τε
2718 4019 3106 4095 ἐκδημοῦντες,
3156 4021 3262 4076 εἷίτε
3314 4019 3688 4094 ἐνδημοῦντες,
3718 4045 3744 4072 η

2113 4112 2390 4187 εὐάρεστοι
2444 4112 2578 4166 εἶναι
2637 4111 2810 4183 αὐτῷ,
2856 4114 2934 4181 τῷ
2974 4111 3052 4164 ἑνὶ
3085 4108 3345 4180 δηλονότι
3390 4114 3525 4182 Θεῷ,
3583 4110 3646 4164 οὗ
3692 4110 3760 4164 τὰ

2113 4202 2287 4257 πάντα
2333 4194 2489 4276 ἔργον
2539 4221 2596 4254 τε
2641 4201 2730 4254 καὶ
2762 4199 2958 4265 κτίσις,
2984 4199 3012 4253 ’ὁ
3039 4221 3098 4254 τε
3125 4199 3337 4264 κόσμος
3367 4199 3455 4254 καὶ
3499 4201 3566 4254 τὰ
3600 4200 3761 4275 ὑπερ-

2112 4290 2336 4363 κόσμια.
2396 4291 2632 4366 Ἀγαμαι
2687 4288 2778 4342 τὸν
2839 4287 3223 4363 Ἐπίχαρμον,
3283 4293 3465 4366 σαφῶς
3514 4288 3762 4364 λέγοντα·

2118 4405 2145 4433 ‹‹
2196 4376 2438 4450 Εὐσεϐὴς
2467 4385 2546 4452 τῷ
2569 4382 2641 4453 (5)
2686 4379 2960 4456 πεφυκὼς,
2995 4380 3058 4433 οὐ
3091 4381 3284 4443 πάθοις
3332 4381 3381 4455 γ’
3413 4377 3567 4434 οὐδὶν
3600 4380 3763 4434 κακὸν

3123 4547 3198 4616 (b)
3246 4547 3295 4601 ιι
3335 4546 3467 4602 Cor.
3514 4565 3570 4614 v,
3626 4552 3676 4612 ι,
3710 4550 3764 4614 2,

2184 4761 2262 4830 (1)
2317 4759 2415 4812 Τὸν
2475 4757 2662 4813 τόπον.
2708 4759 3199 4833 _Constru_ctionis_
3251 4760 3456 4833 regula
3502 4762 3770 4832 postulat

2115 4828 2252 4958 gen.
2311 4847 2472 4898 casu,
2520 4835 2626 4885 τῶν
2657 4829 2863 4896 τόπων,
2899 4831 2988 4886 vel
3016 4833 3111 4883 τοῦ
3140 4828 3345 4883 τόπουῖ
3365 4828 3642 4887 δγιῢῦἣϐ.
3700 4865 3766 4876 -

2167 4903 2445 4958 entianus
2476 4905 2756 4958 Hervetus
2779 4903 2920 4958 legit
2947 4904 3043 4955 τοῦ
3071 4901 3266 4958 τόπου.
3294 4904 3354 4957 F.
3388 4903 3672 4958 Morellus
3703 4907 3765 4958 P.

2167 4903 2445 4974 entianus
2476 4905 2756 4959 Hervetus
2779 4903 2920 4974 legit
2947 4904 3043 4955 τοῦ
3071 4901 3266 4970 τόπου,
3294 4904 3354 4957 F.
3388 4903 3672 4959 Morellus
3703 4907 3765 4960 P.

2115 4977 2180 5029 Β.
2211 4976 2318 5027 τῶν
2344 4972 2550 5030 τόπων.
2583 4972 2847 5030 COLLECT.

2189 5046 2265 5117 (2)
2297 5043 2505 5101 Ὀπίσω
2562 5046 2676 5099 κατ’
2737 5041 2852 5100 οὐδ.
2900 5043 3136 5099 Scilicet
3167 5045 3228 5098 in
3261 5045 3462 5100 animo
3524 5062 3768 5103 servans

2117 5117 2332 5172 Christi
2364 5124 2748 5189 praeceptum,
2781 5118 2914 5172 Luc.
2955 5133 3090 5184 xvn,
3122 5119 3228 5170 32:
3264 5117 3651 5188 Μνημονεύετε
3669 5125 3770 5186 τῆς

2115 5189 2384 5260 γυναικὸς
2398 5189 2540 5260 ᾼώτ.

2187 5260 2286 5334 (3),
2322 5256 2668 5334 Εὐδ-οκο-ῦᾳμεν
2724 5253 2782 5312 δὲ
2842 5254 3078 5334 μᾶλλῗονε
3139 5261 3207 5314 Α.
3261 5260 3502 5334 mavult,
3531 5257 3766 5334 θαρῥοῦ-

2119 5350 2213 5413 μεν
2247 5325 2322 5397 δὲ,
2355 5331 2446 5384 καὶ
2491 5325 2892 5416 εὐδρκιμοῦμεν
2937 5325 3179 5416 μᾶλλον,
3202 5346 3291 5416 'ex
3321 5330 3364 5384 ll
3393 5332 3522 5416 ρον.
3556 5325 3613 5395 v,
3641 5325 3770 5388 'ubi
3798 5386 3809 5396 ,

2115 5399 2294 5459 etiam
2327 5421 2484 5469 mox,
2517 5399 2821 5472 ἐνδημῆσαι
2854 5399 2988 5474 πρὸς
3017 5421 3111 5454 τον
3143 5399 3559 5474 Κύριοι-εγω.

2187 5479 2262 5548 (ﬁ)
2296 5474 2387 5529 Διὸ
2418 5495 2489 5548 φῖ.
2512 5475 2674 5548 Vulg.
2696 5474 2868 5548 ⁸Βὶὺὶ.
2900 5472 2969 5528 ill
3000 5475 3128 5548 Cor.
3183 5472 3250 5548 νς
3287 5472 3394 5548 *Διὸ
3425 5472 3514 5526 καὶ
3546 5473 3770 5548 φιλοτι-

2119 5541 2386 5617 μούμεθα,
2432 5541 2489 5598 είί
2522 5565 2586 5618 ,τε
2626 5541 3017 5618 ἐνδημοῦντες,
3061 5541 3115 5598 εἴ
3133 5564 3191 5599 τε
3221 5541 3610 5617 ἐκδημοῦντες,
3642 5544 3768 5601 εὐά-

2117 5638 2291 5691 ρεστοι
2322 5617 2647 5691 αὐτῴεἶναι.
2683 5621 2749 5674 Α.
2783 5619 3056 5691 SYLBURG.

2187 5694 2262 5757 (5)
2295 5685 2535 5756 Εὐσεϐὴς
2567 5712 2616 5746 ν.
2647 5695 2764 5745 Eos
2791 5688 3131 5760 Epicharmi
3158 5705 3360 5746 versus
3404 5689 3471 5744 Η.
3524 5690 3765 5748 Grotius

2117 5762 2179 5818 in
2230 5764 2515 5837 Excerptis
2569 5780 2596 5819 ε
2653 5767 2797 5830 trag.
2856 5768 2908 5816 et
2966 5777 3127 5832 com.,
3185 5777 3243 5834 p.
3284 5762 3409 5829 481,
3441 5761 3554 5818 hoc
3581 5763 3763 5822 modo
