4142 6178
1741 683 2684 816 ELENCHUS

907 1143 1410 1239 OPERUM
1456 1159 1732 1268 QUXE
1787 1159 1903 1241 IN
1961 1161 2206 1246 HOC
2263 1165 2608 1251 ΤΟΜΟ
2664 1167 3545 1261 CONTINENTUB.

2267 1563 3231 1605 Μ

723 1962 978 2025 Eusebii
1013 1965 1320 2046 Pamphili
1360 1967 1502 2028 libri
1540 1975 1824 2048 quatuor
1851 1971 1928 2031 de
1961 1973 2084 2033 vita
2117 1972 2543 2034 Constantini.
3325 1985 3444 2044 col.
3651 1990 3690 2047 9

725 2062 1125 2127 Constantini
1163 2067 1416 2131 decreta
1449 2076 1510 2131 et
1540 2072 2050 2134 constitutiones.
3609 2092 3688 2150 93

721 2164 1122 2226 Constantini
1158 2170 1376 2248 magni
1413 2173 1778 2234 conciones.
2065 2235 2068 2238 .
3571 2193 3690 2254 399

718 2262 1116 2326 Constantini
1146 2267 1361 2347 Magni
1391 2271 1699 2348 epistolae.
3568 2291 3684 2350 1.77

722 2364 1155 2444 Panegyricus
1183 2369 1585 2434 Constantini
1615 2380 1879 2436 auctore
1903 2377 2202 2440 Nazario.
3569 2391 3678 2450 581

719 2464 1090 2545 Panegyrici
1145 2473 1392 2530 veteres
1443 2473 1528 2532 ab
1577 2473 1720 2533 aliis
1773 2473 2193 2537 Constantino
2228 2477 2397 2540 dicti.
3561 2492 3680 2550 609

718 2565 1133 2629 Monumenta
1181 2575 1395 2632 vetera
1437 2571 1512 2632 ad
1568 2573 1898 2634 historiam
1950 2576 2415 2641 donatistarum
2472 2585 2876 2661 pertinentia.
3565 2591 3686 2649 673

717 2671 1034 2747 Anonymi
1065 2670 1472 2733 ltinerarinm
1501 2675 1996 2756 Burdegalense.
3566 2691 3685 2750 783

716 2767 776 2826 S.
809 2767 1112 2831 Silvester
1143 2789 1328 2850 papa.
2497 2853 2504 2858 _
3563 2792 3684 2852 795

715 2865 777 2924 S.
809 2866 1067 2930 Marcus
1097 2887 1284 2950 papa.
3561 2893 3682 2954 8&9

714 2966 776 3026 S.
806 2969 1016 3032 Julius
1050 2987 1213 3049 papa
1241 2973 1294 3034 Ι.
1450 3035 1454 3039 .

3559 2994 3679 3054 857

718 3067 1032 3130 Victorini
1063 3071 1226 3134 liber
1251 3073 1330 3136 ad
1355 3075 1678 3138 Iustinum
1721 3081 2167 3144 manicbaeum.
3562 3095 3683 3155 999

711 3175 1014 3255 Ejusdem
1045 3185 1353 3242 tractatus
1382 3182 1458 3244 de
1488 3186 1734 3246 verbis:
1759 3187 2012 3248 Factum
2041 3198 2125 3248 est
2152 3207 2395 3269 vespere
2429 3199 2484 3251 et
2512 3209 2685 3252 mane
2716 3190 2844 3252 dies
2875 3210 3056 3253 unus.
3521 3197 3678 3256 1009

707 3273 968 3336 Candidi
997 3277 1222 3339 Ariani
1251 3280 1412 3341 liber
1437 3281 1513 3342 de
1543 3287 1957 3361 generatione
1985 3286 2223 3348 divina.
3531 3298 3682 3358 1013

713 3377 1021 3438 Victorini
1053 3380 1212 3442 liber
1238 3382 1312 3442 de
1339 3385 1751 3460 generatione
1778 3387 1976 3447 divini
2006 3389 2220 3449 Verbi.
3524 3398 3679 3456 1019

702 3480 963 3542 Candidi
994 3484 1216 3545 Ariani
1249 3487 1522 3564 epistola
1548 3489 1626 3548 ad
1659 3489 2080 3551 Victorinum.
3527 3498 3682 3556 1035

709 3582 1022 3645 Victorini
1051 3586 1359 3649 adversus
1391 3589 1614 3650 Arium
1647 3591 1790 3651 libri
1821 3597 2124 3670 quatuor.
3524 3600 3681 3659 1039

702 3683 997 3762 Ejusdem
1029 3691 1332 3748 tractatus
1359 3690 1435 3750 de
1462 3703 1785 3748 onoorxm.
3524 3701 3677 3760 1137

704 3785 1004 3864 Ejusdem
1033 3785 1107 3847 de
1135 3787 1444 3849 Trinitate
1473 3789 1690 3869 hymni
1723 3799 1873 3855 tres.
3528 3801 3682 3861 1139

649 3907 652 3910 ’
711 3886 1013 3966 Ejusdem
1047 3889 1190 3949 libri
1223 3889 1350 3950 duo
1380 3891 1446 3950 in
1473 3892 1807 3969 epistolam
1842 3896 1921 3954 ad
1953 3898 2236 3960 Galatas.
3524 3905 3680 3965 1M5

705 3987 1005 4066 Ejusdem
1040 3988 1204 4048 liber
1231 3989 1292 4049 in
1327 3991 1660 4067 epistolam
1690 3993 1768 4055 ad
1798 3995 2256 4074 Philippenses.
3523 4007 3677 4067 1197

698 4085 997 4164 Ejusdem
1038 4087 1180 4147 libri
1217 4089 1345 4150 duo
1379 4093 1441 4150 in
1472 4090 1823 4168 Epistulam
1865 4095 1943 4155 ad
1984 4095 2310 4174 Ephesios.
3526 4107 3680 4167 1235

711 4187 1010 4266 Ejusdem
1041 4188 1206 4250 liber
1230 4189 1305 4250 de
1329 4191 1636 4270 Physicis.
3521 4209 3679 4268 1295

711 4288 903 4350 Osius
934 4289 1374 4352 cordubensis.
1499 4370 1516 4387 ⁸
1583 4375 1601 4387 ⁸

3526 4308 3679 4370 1309

710 4390 1004 4452 Liberius
1036 4407 1224 4470 papa.
1265 4427 1339 4436 ——
1370 4375 2227 4494 Εῃζέξῴᾇιέιῑξειεξξιξεοξιξτί
2333 4432 2346 4482 ε

2034 4405 2227 4494 ἰθὲίξτῑ
2333 4432 2445 4488 ετξ
2487 4445 2608 4494 :-°:
3522 4407 3670 4467 135'

706 4490 974 4554 Polamii
1005 4498 1311 4555 tractatus
1343 4494 1418 4555 de
1434 4479 1717 4558 Ia’z‘ai'd.
1771 4479 1995 4548 τοοεοξξ

3523 4506 3673 4567 ιίιιί

706 4593 1004 4672 Ejusdem
1034 4597 2017 4696 tractatus;dcimartygiojsaiie.
2049 4677 2067 4696 ο
2123 4686 2141 4696 _
2270 4695 2275 4696 γ
2582 4593 2590 4594 ί
3519 4609 3676 4670 1415

706 4693 1001 4771 Ejusdem
1036 4675 1947 4808 ορίδιοιαᾶἇλῦξὲιξᾶξ
2049 4677 2141 4794 ξδ’
2222 4693 2240 4711 ’

2049 4677 2394 4808 ξδ’
2419 4708 2500 4795 5:.
3515 4710 3670 4772 me

1980 5055 2388 5122 ERRATUM.

1115 5247 1231 5304 Col.
1265 5249 1354 5317 85,
1385 5248 1476 5305 lin.
1513 5249 1546 5305 5
1581 5268 1592 5305 :
1626 5265 1797 5319 conn;
1844 5252 1945 5324 leg.
1987 5269 2088 5308 con
2119 5294 2132 5321 ,
2179 5269 2276 5325 pro
2301 5271 2399 5311 con
2421 5271 2507 5309 cn.
