4142 6178
359 256 385 310 1
399 253 420 308 l
1687 222 1816 281 EUS
1825 219 1956 278 ΕΒΗ

2100 209 2316 274 lIPllILI
3591 191 3658 250 i9.

365 363 810 440 Splendidissimae
862 356 996 414 lucis
1041 353 1178 410 stola
1212 367 1222 404 :
1257 363 1482 419 eamque
1515 359 1620 400 non
1656 343 1766 414 jam
1799 337 1950 394 brevi
1977 335 2030 394 A
2055 333 2354 396 stantinus,
2393 324 2628 383 evidenti
2673 321 2926 393 suffragio
2975 315 3363 390 comprobavit,
3395 313 3524 368 dum
3579 310 3658 366 illi

1529 439 1532 440 ,
1570 439 1580 440 ,
1763 437 1773 440 _
1907 433 1918 440 -
2225 437 2245 440 ,-
2278 439 2287 440 ,
2317 421 2363 440 ι-
2402 421 2458 440 2A,
2504 435 2578 440 μ-.
2604 417 2715 440 μλε,
2786 416 2878 440 ...ηι
2915 417 3070 440 λιτῶν.
3105 414 3156 440 1...
3190 422 3472 440 ...ωηεν-σοαπ
3510 411 3562 440 nr
3605 405 3656 440 in

369 459 626 532 temporis
666 454 936 512 curriculo
981 451 1032 504 in
1077 447 1160 500 his
1188 443 1402 500 caducis
1447 439 1668 494 sedibus
1693 433 1966 498 volutari,

370 555 462 610 sed
489 567 688 608 corona
735 553 992 620 perpetuo
1043 545 1252 597 virente
1277 583 1290 606 ,
1341 543 1394 591 et
1425 530 1718 589 immortali
1757 519 1863 581 vita
1899 541 1962 579 ac

369 648 529 704 beato
562 659 675 699 ωνο
704 643 953 697 donatam
983 652 1102 693 esse
1129 631 1374 701 intelligo
1407 648 1418 682 :
1451 636 1629 682 mutus
1670 625 1882 684 haereo,
1915 629 1968 672 et

375 741 568 810 lingua:
597 733 924 802 rationisque
957 746 1054 784 usu
1089 727 1299 797 penitus
1326 722 1638 777 destitutus.
1673 717 1748 770 Ac
1774 727 1968 768 vocem

374 832 586 903 quidem
621 828 861 899 proferre
890 824 1086 878 nullam
1119 833 1336 889 possunt
1373 833 1385 870 :
1421 814 1512 868 sed
1543 827 1717 866 meam
1746 809 1859 877 ipse
1893 814 1970 859 te—

377 927 634 980 nuitatem
661 920 802 975 ultro
845 917 1237 978 eondemuans,
1271 909 1512 977 mihique
1541 907 1654 976 ipse
1683 899 1962 958 silentium

379 1017 643 1082 indicens,
676 1011 809 1068 cedo
837 1010 1030 1081 potiori
1057 1008 1152 1062 has
1176 1012 1372 1074 partes,
1403 1010 1460 1054 ut
1491 1013 1588 1069 pro
1611 997 1816 1052 meritis
1841 1003 1970 1048 con-

378 1127 539 1185 gruas
569 1107 756 1162 laudes
785 1109 1066 1174 expromat
1098 1119 1109 1153 :
1140 1098 1217 1153 illi
1247 1096 1451 1152 scilicet
1481 1093 1572 1163 qui
1601 1106 1721 1146 cum
1751 1089 1974 1143 immor-

382 1181 504 1260 talis
533 1204 673 1258 Deus
702 1200 770 1254 sit
799 1214 861 1253 ac
893 1197 988 1251 Dei
1029 1209 1242 1260 sermo,
1285 1189 1430 1244 solus
1475 1199 1570 1242 sua
1616 1183 1786 1254 ipsius
1831 1181 1974 1236 dicta

385 1299 599 1355 ﬁrmare
629 1303 684 1352 et
707 1301 825 1350 rata
856 1289 1033 1346 facere
1061 1293 1263 1360 potest.

1006 1401 1232 1459 CAPUT
1269 1400 1358 1454 III.

387 1509 464 1563 De
493 1507 601 1561 Deo
629 1505 738 1576 pios
773 1500 1026 1574 principes
1059 1498 1338 1548 honorante
1367 1499 1412 1543 et
1457 1497 1700 1558 tyrannos
1725 1481 1978 1552 puniente.

459 1613 592 1678 Cum
619 1619 762 1674 enim
807 1611 1138 1686 praedixerit,
1171 1623 1264 1663 eos
1307 1620 1338 1658 a
1366 1597 1564 1672 quibus
1589 1599 1766 1654 cultus
1798 1605 1852 1650 et
1883 1593 1982 1647 Im-

2067 441 2174 477 non
2209 421 2376 476 modo
2401 421 2460 474 in
2498 417 2754 482 exordio,
2785 416 2880 470 sed
2912 417 3078 470 etiam]
3105 414 3158 467 in
3190 422 3475 481 progressu
3509 411 3564 460 et
3605 405 3658 456 in

2068 517 2173 572 fine
2219 515 2430 584 imperii
2483 523 2696 582 semper
2739 509 3002 579 prolvitius
3045 505 3414 574 benignusque
3460 497 3658 560 adfuit,

2069 610 2270 680 quippe
2300 621 2464 677 quem
2499 606 2734 656 humano
2763 601 2946 671 generi
2980 597 3044 652 ad
3073 595 3238 652 divini
3283 594 3458 647 cultus
3501 586 3666 642 infor-

2073 705 2368 760 mationem
2397 705 2772 770 proposuerat.
2809 695 2961 748 [hinc
2985 701 3132 748 certe
3179 703 3340 742 unum
3390 701 3454 740 ex
3487 681 3663 737 omni-

2073 797 2172 850 bus
2200 809 2335 866 quos
2371 807 2605 862 unquam
2657 788 2933 844 auditione
2979 785 3284 854 accepimus
3333 775 3670 848 imperatori-

2075 889 2196 956 bus,
2216 889 2364 944 velut
2380 885 2742 940 clarissimum
2763 878 3032 950 quoddam
3047 876 3225 944 jubar,
3246 883 3300 928 et
3314 871 3464 927 velut
3481 881 3670 938 quem-

2077 985 2202 1039 dam
2236 997 2378 1038 verte
2425 975 2704 1048 religionis
2734 985 3040 1044 praeconem
3069 967 3304 1023 maxima
3332 979 3468 1018 voce
3501 961 3672 1016 incla-

2079 1083 2351 1139 mantem,
2404 1067 2706 1125 innumeris
2749 1066 2803 1120 in
2833 1079 2955 1118 eum
2987 1060 3256 1131 congestis
3295 1056 3482 1122 bonis,
3527 1051 3674 1108 desi-

2079 1169 2284 1241 gnavit.

2711 1229 2938 1287 CAPUT
2979 1227 3045 1282 γ.

2127 1331 2278 1401 Quod
2303 1346 2411 1385 xxx
2443 1327 2646 1397 quidem
2674 1328 2822 1378 annis
2847 1321 3074 1393 regnavit
3103 1335 3121 1373 :
3147 1317 3269 1372 vixit
3301 1322 3467 1369 autent
3495 1311 3639 1384 plus-

2746 1431 2899 1485 quam
2938 1429 3025 1468 LX.

2159 1535 2238 1590 Ac
2267 1542 2478 1603 tempus
2516 1529 2734 1600 quidem
2775 1525 2986 1595 imperii
3022 1524 3190 1593 ipsius
3215 1561 3232 1588 ,
3277 1520 3452 1576 tribus
3485 1519 3685 1572 denum

2091 1643 2358 1684 annorum
2385 1625 2603 1681 circulis
2627 1621 2891 1677 absolutis
2931 1627 2986 1674 et
3025 1615 3304 1686 aliquanto
3328 1612 3559 1682 antpiius
3589 1609 3687 1664 ho-

387 1725 608 1774 "mams
635 1715 826 1768 fuisse'
847 1754 859 1774 ’
893 1708 1141 1764 maximis
1171 1700 1406 1773 praemiis
1453 1711 1488 1791 δ
1531 1711 1590 1751 se
1629 1691 1982 1791 ViCiSSimﬁ?’
2017 1719 2068 1791 B
2095 1723 2334 1786 noravit;
2369 1722 2532 1774 totius
2558 1727 2738 1772 autem
2763 1716 2890 1768 vita:
2923 1722 3133 1780 tempus
3163 1723 3324 1778 (piam
3349 1706 3492 1760 inter
3516 1701 3692 1757 homi-

390 1809 750 1870 munerandos
781 1820 928 1870 esse;
966 1802 1086 1856 illos
1115 1813 1242 1853 vero
1271 1793 1358 1864 qui
1389 1807 1448 1846 se
1475 1789 1660 1844 hostes
1691 1796 1850 1854 atque
1878 1783 1980 1836 ini.

393 1907 560 1962 micos
589 1903 762 1973 ipsius
802 1895 1028 1968 professi
1055 1900 1274 1956 essent,
1308 1883 1662 1952 sibimetipsis
1687 1875 1982 1948 perniciem

392 2007 690 2062 creaturos,
721 1993 1106 2062 promissorum
1134 1999 1196 2038 ac
1217 1981 1504 2038 verborum
1531 1989 1754 2028 suorum
1783 1967 1986 2024 verita-

395 2103 504 2149 tem'
526 2092 638 2160 jam
671 2087 794 2142 inde
821 2086 888 2138 ab
919 2082 1018 2136 hac
1068 2080 1177 2132 vita
1205 2069 1596 2142 comprobavit.
1631 2064 1844 2134 Quippe
1876 2062 1980 2113 im-

393 2187 602 2257 piorum
643 2179 856 2249 quidem
897 2175 1102 2243 Deique
1150 2163 1582 2224 adversariorum
1634 2168 1987 2230 tyrannorum

397 2271 786 2331 abominanda-5
813 2269 992 2322 exitus
1034 2262 1187 2319 nobis
1229 2260 1298 2314 ob
1326 2257 1514 2312 oculos
1544 2249 1824 2322 proposuit
1861 2265 1872 2300 :
1907 2246 1987 2298 εδδ

398 2369 544 2426 mulo
562 2375 740 2422 autem
761 2371 857 2418 suo
871 2377 975 2416 non
991 2359 1154 2414 vitam
1173 2347 1346 2410 solum
1359 2393 1374 2417 ,
1387 2345 1740 2406 verumctiam
1759 2349 1990 2396 mortem

395 2461 760 2516 felicissimam
785 2463 848 2510 et
873 2451 1118 2506 titaximis
1158 2445 1403 2502 laudibus
1433 2443 1645 2510 dignam
1693 2429 1938 2504 praestitit
1972 2441 1984 2479 :

396 2558 530 2610 adeo
563 2563 618 2607 ut
657 2553 774 2605 haec
814 2551 976 2604 etiam
1004 2544 1244 2600 omnium
1277 2548 1618 2609 posterorum
1643 2521 1990 2585 sermonibus

395 2645 681 2711 celebrari,
701 2657 800 2697 nec
821 2647 1028 2694 tantum
1053 2633 1290 2698 caducis,
1311 2631 1405 2684 sed
1423 2628 1583 2682 etiam
1599 2617 1991 2676 immortalibus

398 2737 691 2794 honoribus
710 2733 850 2788 affici
872 2727 1144 2786 meruerit.
1161 2722 1464 2780 Mortalium
1483 2719 1696 2788 quidem
1712 2727 1880 2783 genus
1899 2723 1991 2763 so-

398 2835 526 2890 latio
559 2834 738 2901 aliquo
767 2825 958 2882 letiferi
993 2823 1239 2878 interitus
1281 2815 1616 2884 excogitato,
1665 2791 1994 2862 consecratis

399 2925 741 2995 imaginibus,
763 2927 1012 2990 tauquam
1031 2911 1426 2970 immortalibus
1445 2903 1737 2960 honoribus
1753 2895 1996 2967 superio-

401 3035 519 3076 rum
544 3019 818 3071 hominum
846 3011 1134 3067 memorias
1164 3006 1344 3061 colere
1374 3001 1590 3056 solitum
1638 3003 1739 3050 est.
1796 2993 1859 3045 Et
1906 2987 1995 3043 alii

400 3111 614 3181 quidem
639 3103 970 3162 adumbratis
992 3096 1311 3156 encaustiea:
1332 3095 1552 3162 picturae
1569 3083 1874 3148 coloribus;
1905 3077 1995 3134 alii

401 3205 652 3259 inanimis
683 3200 922 3256 materia:
950 3195 1228 3263 sculptura
1273 3183 1680 3242 similitudinem
1717 3177 1997 3232 hominum

401 3299 793 3368 cXprirnentes;
835 3289 1048 3362 quidam
1079 3289 1130 3340 in
1161 3281 1350 3353 ligneis
1394 3289 1486 3333 aut
1533 3267 1757 3345 lapideis
1809 3267 1998 3324 tabulis

403 3391 611 3444 litteras
637 3387 796 3440 altius
822 3360 1138 3443 incidentes,
1172 3389 1358 3430 eorum
1397 3385 1532 3441 quos
1556 3365 1804 3421 colebant
1831 3360 2000 3413 virtu-

406 3495 510 3539 tem
553 3482 618 3535 ad
659 3490 913 3532 aeternam
941 3467 1275 3542 posteritatis
1319 3461 1638 3518 memoriam
1680 3467 2004 3510 consecrare

405 3573 772 3630 instituerunt.
805 3567 1010 3620 Verum
1043 3562 1160 3615 haec
1188 3557 1368 3612 omnia
1401 3553 1632 3616 caduca,
1665 3557 1720 3602 et
1745 3545 2004 3612 temporis-

405 3659 794 3733 longinquitate
827 3653 1142 3726 pereuntia;
1175 3657 1360 3719 utpote
1393 3660 1512 3716 quas
1543 3639 1848 3696 mortalium
1876 3651 2000 3690 cor-

408 3769 594 3824 porum
628 3751 871 3818 figuram,
904 3761 1007 3798 non
1037 3739 1356 3794 immortalis
1379 3734 1540 3788 animi
1573 3731 1800 3785 formam
1824 3726 2002 3796 expri-

405 3855 638 3903 merent.
674 3842 799 3898 Hrec
831 3849 1007 3894 tamen
1039 3832 1292 3888 sufficere
1314 3828 1377 3881 iis
1401 3826 1734 3888 videbantur,
1771 3819 1858 3889 qui
1883 3827 2003 3888 post

411 3941 570 4011 hujus
600 3933 842 3992 mortalis
867 3932 990 3984 vita:
1025 3929 1226 3982 exitum
1279 3920 1478 3976 nullius
1517 3931 1666 3985 spem
1711 3915 1838 3970 boui
1884 3912 2004 3966 aniu

411 4050 500 4089 mo
525 4031 902 4097 conceperant.
931 4021 1070 4075 Deus
1091 4031 1240 4080 vero,
1267 4015 1409 4068 Deus
1435 4013 1672 4080 inquam,
1702 4003 2004 4060 communis

411 4123 654 4180 on'inium
699 4133 878 4174 rerum
923 4115 1216 4177 Servatur,
1269 4108 1358 4177 qui
1411 4103 1627 4176 pietatis
1676 4097 2005 4153 amatoribus

410 4219 616 4287 majora
645 4229 802 4284 quam
833 4227 954 4280 qua:
983 4204 1309 4276 cogitatione
1339 4199 1618 4252 hominum
1649 4189 2006 4260 comprehen-

410 4314 466 4367 di
493 4311 722 4382 possint,
753 4304 894 4374 apud
925 4317 982 4356 se
1027 4296 1334 4356 recondidit
1361 4295 1526 4356 bona,
1561 4287 1824 4358 primitias
1855 4281 2004 4337 futu-

411 4419 592 4460 rorum
623 4399 966 4470 prmmiorum
998 4395 1050 4448 iu
1077 4399 1412 4446 antecessum
1441 4384 1594 4456 quasi
1623 4383 1815 4453 pignus
1837 4379 1928 4433 dat
1952 4378 2006 4431 in

413 4499 516 4552 huc
557 4494 792 4556 saeculo;
838 4485 1226 4543 immortalium
1273 4495 1452 4536 rerum
1485 4493 1636 4548 Spem
1686 4472 2004 4528 mortalibus

413 4591 583 4645 oculis
617 4581 1012 4656 quodammodo
1039 4577 1302 4633 exhibens
1332 4590 1394 4628 ac
1421 4575 1838 4641 reprcesientans.
1885 4564 2000 4617 Hoc

415 4691 622 4737 vetusta
651 4677 1040 4746 Prophetarum
1071 4669 1286 4724 oracula
1329 4681 1449 4736 quae
1495 4664 1712 4732 scriptis
1755 4655 2006 4712 mandata

416 4785 561 4838 sunt,
597 4783 780 4840 tiperte
811 4765 1125 4837 praedicunt.
1161 4761 1272 4815 Hoc
1297 4759 1424 4814 vitae
1449 4757 1559 4812 Deo
1587 4767 1834 4808 carorum
1863 4749 2006 4804 viro-

418 4883 534 4921 rum
581 4865 670 4936 qui
713 4863 873 4916 variis
913 4857 1207 4912 virtutibus
1255 4853 1615 4916 refulserunt,
1667 4857 2006 4918 posterorum

417 4961 674 5018 memoria
700 4957 990 5011 etiamnum
1013 4951 1298 5008 celebrata:
1327 4947 1668 5002 confirt-uzint.
1701 4943 1812 4994 lloc
1835 4941 2010 5008 ipsum

419 5049 591 5112 artatis
623 5065 818 5108 llt,Sll“.1)
864 5049 1169 5105 ιοδιίιηοιιίο
1209 5042 1551 5099 verissimum
1583 5053 1702 5092 esse
1729 5032 2006 5090 convinci-

418 5164 526 5219 tur,
575 5166 693 5204 cum
740 5137 1129 5200 Comtantinus
1161 5139 1310 5194 solus
1357 5136 1596 5191 omnium
1629 5131 1718 5201 qui
1767 5130 2011 5184 Ιὶυιιιωιο

421 5263 652 5316 unquam
694 5241 918 5310 imperio
963 5235 1326 5308 praefuerunt,
1358 5243 1570 5284 summo
1599 5227 1840 5280 ontninm
1881 5223 2010 5294 Regi

423 5343 528 5394 lien
556 5345 825 5402 acceptus,
857 5330 1008 5401 quasi
1039 5330 1246 5383 illustre
1277 5323 1544 5394 (piodtlam
1579 5319 1850 5388 religiosae
1885 5317 2008 5370 vita:

420 5409 721 5498 exenqdutn
749 5425 957 5479 cunctis
987 5419 1295 5474 hominibus
1323 5423 1408 5471 est
1435 5411 1757 5484 propositus.

1032 5530 1258 5586 CAPUT
1309 5527 1398 5582 Ν.

662 5632 810 5700 Quod
841 5630 974 5684 Deus
1000 5625 1392 5682 Constantinum
1419 5621 1758 5674 honoraverit.

491 5737 600 5792 lloc
646 5733 878 5800 denique
915 5729 1052 5782 Deus
1103 5727 1220 5794 ipse
1261 5731 1418 5793 quem
1451 5731 1736 5778 veneratus
1761 5728 1842 5776 est
1871 5719 2016 5775 Gou-

2033 4523 2088 4584 D

2093 1831 2187 1872 nes
2213 1815 2385 1880 duxit,
2423 1811 2586 1881 duplo
2607 1810 2811 1880 majore
2837 1805 3014 1876 epatio
3038 1801 3480 1870 circumscripsit.
3521 1791 3696 1852 Porro‘

2091 1925 2212 1965 cum
2242 1905 2492 1962 eumdem
2519 1903 2664 1958 velut
2699 1900 2988 1968 imaginem
3005 1891 3332 1950 monarchiau
3357 1905 3472 1944 sua:
3497 1901 3694 1958 propo-

2093 2019 2224 2058 nere
2255 2003 2434 2068 vellet,
2487 2001 2752 2054 victorem
2792 2007 2912 2048 eum
2946 1991 3122 2046 omnis
3171 1985 3434 2059 tyrannici
3475 1981 3688 2052 generis

2091 2096 2378 2167 praestitit,
2409 2101 2466 2148 et
2490 2092 2778 2161 impiorum
2807 2089 3096 2157 Gigantum
3127 2081 3548 2142 exstinctorem,
3597 2073 3692 2146 qui

2094 2189 2394 2258 desperata:
2445 2179 2644 2240 mentis
2696 2179 2920 2234 audacia
2967 2175 3221 2246 impulsi,
3274 2179 3460 2227 contra
3517 2169 3694 2237 ipsum

2097 2284 2268 2338 Deum
2297 2291 2566 2335 summum
2598 2275 2840 2331 omnium
2871 2271 3070 2340 Regem
3115 2267 3412 2336 impietatis
3437 2261 3698 2317 vexillum

2095 2375 2444 2432 sustulerant.
2479 2369 2680 2426 Verum
2723 2369 2774 2422 hi
2823 2363 3038 2436 quidem
3071 2375 3192 2416 cum
3241 2365 3520 2414 momento
3563 2363 3699 2411 tem-

2099 2467 2244 2536 poris
2287 2465 2632 2528 extitissent,
2665 2467 2942 2516 momento
2975 2469 3190 2526 quoque
3235 2469 3298 2508 ae
3337 2453 3484 2506 dicto
3535 2451 3696 2504 citius

2098 2559 2346 2618 exstincti
2381 2563 2522 2612 sunt.
2561 2555 2842 2610 Famulum
2877 2559 3054 2604 au'cm
3096 2563 3250 2602 suum
3281 2547 3422 2602 Deus
3449 2545 3538 2616 qui
3561 2557 3700 2599 unus

2100 2665 2184 2712 est
2211 2672 2275 2711 ac
2300 2655 2472 2718 solus,
2508 2667 2629 2705 cum
2659 2649 2836 2704 solum
2867 2647 3130 2700 adversus
3161 2643 3361 2697 multos
3385 2641 3564 2695 divina
3605 2653 3700 2693 ar-

2101 2757 2309 2808 matura
2343 2747 2654 2808 muoiisset,
2710 2743 2932 2812 ejusque
2976 2751 3140 2809 opera
3191 2737 3380 2792 orbem
3435 2743 3702 2788 terrarum

2103 2844 2398 2911 impiorum
2423 2837 2702 2892 hominum
2733 2832 3076 2888 multitudine
3107 2831 3389 2885 liberatum
3413 2835 3702 2895 repurgasa

2102 2943 2206 3000 set,
2241 2929 2420 2988 c'nltus
2445 2930 2528 2984 sui
2559 2925 2871 2998 magistrum
2915 2923 3184 2978 universis
3211 2919 3457 2990 gentibus
3497 2915 3704 2972 consti-

2106 3027 2236 3088 tuit;
2265 3024 2410 3078 clara
2438 3035 2570 3076 voce
2593 3019 2802 3075 etinctis
2827 3015 3172 3072 audientibus
3197 3020 3507 3076 testantem,
3534 3023 3594 3063 se
3612 3023 3706 3063 ve-

2027 3121 2076 3188 C
2109 3131 2226 3172 rum
2249 3109 2464 3185 quidem
2491 3113 2660 3168 Deum
2688 3121 3000 3180 agnoscere,
3027 3107 3282 3164 falsorum
3309 3113 3490 3160 autem
3513 3101 3704 3158 Numi-

2107 3221 2240 3263 num
2269 3219 2508 3262 errorem
2541 3203 2802 3258 aversari.

2729 3315 2957 3372 CAPUT
2995 3313 3084 3370 VI.

2111 3437 2262 3505 Quod
2287 3433 2382 3492 Dei
2413 3434 2615 3506 quidem
2645 3433 2890 3504 fortuitus,
2915 3429 3139 3500 gentium
3158 3433 3324 3480 autem
3345 3419 3502 3478 victor
3523 3419 3702 3492 fuerit.

2182 3549 2250 3608 Et
2284 3551 2371 3606 hic
2401 3549 2616 3620 quidem
2645 3551 2897 3614 tanquam
2927 3543 3098 3598 bonus
3130 3553 3192 3596 ac
3219 3537 3390 3594 fltletis
3419 3547 3627 3602 servus,
3653 3534 3708 3590 id

2107 3646 2218 3714 egit
2245 3657 2308 3699 ac
2335 3641 2684 3714 praedicavit;
2717 3651 2930 3692 servum
2960 3651 3020 3690 se
3043 3635 3216 3703 palam
3243 3631 3548 3695 nominans,
3569 3642 3710 3683 sum-

2109 3739 2289 3808 mique
2313 3736 2473 3804 Regis
2501 3731 2760 3786 famulum
2785 3743 2846 3782 se
2874 3725 3025 3780 fateri
3057 3742 3163 3780 non
3187 3725 3532 3778 erubescens.
3567 3721 3708 3773 Deus

2109 3847 2238 3886 vero
2268 3831 2509 3900 protinus
2542 3827 2714 3895 ipsum
2759 3829 3163 3882 remuneratus,
3199 3817 3488 3870 Dominum
3513 3828 3576 3867 ac
3597 3811 3708 3866 vic-

2113 3937 2317 3994 torem,
2374 3925 2660 3992 solumque
2699 3931 2764 3973 ex
2811 3915 3062 3970 omnibus
3091 3912 3442 3981 quittnquam
3493 3907 3710 3960 fuerunt

2113 4017 2550 4090 imperatoribus,
2583 4026 2796 4081 semper
2823 4009 3076 4062 invictum
3102 4014 3263 4074 atque
3293 3995 3706 4070 insuperabilem

2115 4111 2360 4182 praestitit
2390 4128 2400 4161 :
2432 4121 2487 4162 et
2525 4107 2593 4161 ob
2624 4103 2876 4159 victorias
2905 4115 2969 4154 ac
3001 4110 3199 4166 tropica
3243 4105 3448 4150 tantum
3476 4091 3708 4160 impera—

2116 4221 2288 4264 torem
2317 4223 2440 4263 eum
2471 4203 2670 4269 effecit,
2701 4207 2958 4272 quantum
2985 4209 3150 4250 uento
3175 4204 3416 4260 unquam
3444 4183 3710 4256 superiori

2115 4301 2374 4357 memoria
2403 4300 2578 4352 ullum
2605 4295 2850 4352 extitisse
2869 4289 3216 4350 recordatur;
3247 4285 3382 4338 adeo
3405 4279 3617 4336 felicem
3655 4285 3714 4332 et

2117 4398 2230 4450 Deo
2251 4409 2458 4456 carum,
2483 4391 2618 4445 adeo
2649 4389 2792 4458 pium
2819 4401 2884 4440 ac
2915 4385 3242 4438 fortunatum
3261 4419 3278 4444 ,
3303 4388 3360 4431 ut
3383 4376 3566 4446 plures
3594 4371 3713 4443 qui-

2115 4489 2240 4546 dem
2273 4497 2458 4557 gentes
2485 4499 2546 4538 ac
2576 4483 2820 4536 nationes
2843 4475 3211 4547 quampriores
3237 4470 3590 4539 imperatores
3615 4463 3714 4520 sub

2117 4581 2374 4636 ditionem
2401 4591 2552 4629 suam
2575 4573 2838 4641 redegerit
2871 4589 2882 4621 :
2909 4567 3190 4636 imperium
3209 4577 3338 4618 vero
3351 4560 3500 4616 omni
3515 4557 3714 4614 moles-

2119 4673 2190 4728 tia
2221 4683 2445 4726 vacuum
2477 4665 2544 4722 ad
2573 4671 2872 4720 extremum
2905 4673 3072 4728 usque
3100 4655 3242 4711 diem
3267 4650 3580 4709 obtinuerit.

2721 4778 2949 4836 CAPUT
2995 4775 3110 4830 VII.

2121 4888 2244 4942 Com
2252 4883 2448 4955 paratio
2473 4881 2584 4952 ejus
2603 4893 2716 4932 cum
2743 4874 2878 4946 Cyro
2909 4871 3188 4925 Persarum
3209 4875 3258 4921 et
3283 4861 3577 4919 Alemndro
3601 4858 3720 4913 Μαι

2719 4968 2968 5022 cedonum
3003 4979 3140 5034 rege.

2197 5072 2396 5143 Cyrum
2440 5069 2723 5122 Persarum
2759 5073 2941 5130 regem
2973 5071 3082 5120 ora:
3117 5051 3326 5108 eunetis
3359 5050 3446 5119 qui
3483 5055 3720 5115 unquam-

2125 5164 2428 5219 exstitcriut
2485 5157 2746 5213 enituisse
2805 5161 2958 5208 vetus
3001 5157 3186 5203 narrat
3231 5144 3474 5200 historia.
3517 5139 3720 5194 Verum

2127 5258 2216 5311 ille
2259 5263 2594 5325 nequaquam
2629 5248 2838 5302 felicem
2869 5245 3072 5298 exitum
3118 5241 3270 5303 vitm,
3301 5239 3463 5290 immo
3509 5241 3720 5300 turpem

2127 5349 2306 5416 potius
2335 5355 2496 5413 atque
2533 5339 2946 5411 ignominiosum
2975 5333 3194 5387 sortitus
3220 5343 3340 5383 esse
3361 5327 3584 5390 dicitur,
3630 5331 3720 5377 ut-

2126 5451 2256 5508 pote
2281 5455 2309 5492 a
2347 5438 2572 5491 muliere
2603 5431 2936 5488 interfectus.
2973 5422 3338 5479 Alexandrum
3369 5419 3722 5473 Macedonum

2131 5549 2312 5604 regem
2387 5527 2811 5586 innumerabiles
2857 5529 3046 5593 gentes
3107 5513 3382 5570 donmisse
3427 5511 3720 5581 praedicunt

2131 5626 2306 5683 Grani
2341 5641 2356 5677 ι
2390 5623 2482 5678 md
2521 5623 2834 5692 priusquam
2887 5615 2952 5668 ad
3003 5611 3213 5665 virilem
3263 5617 3480 5663 tenuem
3527 5615 3720 5670 pervca-

2135 5721 2340 5784 uisset,
2367 5711 2907 5772 commessationibus
2935 5716 2990 5762 et
3035 5701 3344 5760 temulentia
3381 5695 3718 5764 confectum,
