4142 6178
428 254 499 332 i3

1535 269 1620 326 os
1665 268 1821 326 VITA
1859 258 2311 327 consumto!
2352 258 2549 327 Lmen
2593 274 2630 327 ι.

3665 262 3735 331 tt

428 395 712 449 immatura
741 401 913 449 morte
946 392 1196 463 periisse.
1237 390 1303 446 Et
1334 390 1416 445 hic
1448 390 1660 461 quidem
1698 388 1924 443 duorum
1960 402 2023 443 ac
2051 390 2101 449 Α
2131 390 2302 457 gnitas
2326 405 2352 444 τι
2379 401 2528 460 patre
2552 389 2766 462 quidem
2794 393 3013 445 transmi
3049 406 3105 445 sa
3130 391 3195 446 ad
3230 394 3400 462 ipsum
3447 392 3722 462 pervenit;

427 490 643 557 triginta
675 502 938 543 annorum
971 487 1146 557 spatio
1180 485 1340 539 totius
1368 486 1489 539 vita?
1523 500 1736 538 elusum
1764 482 2014 547 absolvit;

428 596 655 648 quorum
695 596 800 635 non
835 582 952 651 plus
993 594 1151 651 quam
1185 578 1392 633 tertiam
1428 578 1633 647 partem
1678 582 1886 643 tempus
1928 584 2018 629 re-

427 673 517 741 gni
550 672 685 726 illius
713 673 813 727 sibi
844 668 1100 726 vindicat.
1132 670 1418 727 Crassitus
1449 681 1624 725 autem
1654 672 1737 724 est
1776 684 1869 739 per
1891 666 1976 723 te
1998 699 2016 709 ο

425 762 521 818 des
550 766 719 819 instar
747 754 1002 827 fulminis,
1038 771 1225 834 gentes
1255 772 1412 832 atque
1441 752 1870 830 urbeS'integras
1902 751 2021 813 abs-

425 873 527 926 que
558 848 668 911 ullo
711 858 884 911 aetatis
909 850 1222 910 discrimine
1252 852 1546 909 crudeliter
1576 850 1823 907 sert'itut'i
1848 851 2019 920 subji-

424 953 594 1006 rirns.
622 940 731 1007 Sed
753 956 870 1006 cuin
895 940 976 1004 vix
1001 951 1126 1006 dum
1155 944 1206 1003 in
1240 950 1355 1018 ipso
1378 947 1550 1002 :etatis
1574 938 1706 1001 flore
1735 952 1939 1016 ageret,
1966 952 2020 1001 et

422 1044 687 1099 amasium
721 1054 874 1099 Slﬂm‘t
908 1038 1135 1115 ingeret,
1170 1052 1312 1096 mors
1342 1049 1564 1111 repente
1593 1040 1983 1110 superveniens
2006 1080 2021 1102 ,

424 1138 579 1193 ilTum
615 1122 932 1208 improleni;
966 1136 1109 1190 nutta
1135 1132 1323 1204 stirpe,
1355 1133 1494 1187 nulla
1520 1130 1804 1186 fundatum
1836 1130 2021 1195 domo;

424 1235 479 1289 in
510 1240 742 1289 esterno
776 1236 829 1288 et
860 1232 1067 1287 hostico
1097 1235 1249 1302 agro,
1284 1244 1349 1284 ne
1372 1227 1663 1282 humanum
1690 1240 1865 1298 genus
1894 1225 2020 1281 ditt-

428 1330 535 1383 tius
565 1332 836 1395 vastaret,
866 1326 1115 1382 extinxit.
1166 1318 1288 1378 Mox
1338 1338 1558 1392 regnum
1605 1320 1719 1390 eius
1768 1320 1913 1373 varia
1968 1316 2021 1374 in

425 1422 667 1477 membra
695 1420 962 1475 divulsum
995 1427 1098 1484 est,
1132 1416 1356 1487 singulis
1380 1415 1495 1485 ejus
1525 1412 1783 1468 ministris
1814 1418 2019 1482 partem

425 1515 525 1569 sibi
557 1529 746 1583 rapere
773 1522 932 1582 atque
959 1510 1170 1565 auferre
1209 1503 1679 1563 contendentibus.
1715 1504 1914 1559 Verum
1940 1504 2025 1559 hic

427 1605 646 1677 quidem
663 1592 731 1659 ob
757 1599 1065 1675 uenerandi
1091 1588 1233 1655 mala
1251 1597 1501 1653 laudibus
1522 1592 1763 1651 ederint.

1044 1704 1275 1773 CAPUT
1312 1708 1450 1771 Vill.

569 1812 723 1881 Quod
746 1812 912 1866 orbem
939 1806 1309 1882 propeman
1329 1808 1623 1862 erittantum
1649 1805 1919 1876 subegerit.

501 1927 697 1982 Noster
724 1932 851 1979 vero
898 1924 1188 1992 imperator
1218 1936 1282 1976 ex
1311 1938 1376 1977 eo
1428 1921 1602 1974 astatis
1633 1934 1774 1973 anno
1808 1924 2034 1986 regnare

431 2032 590 2074 Orsus
620 2024 723 2079 cst,
759 2032 863 2085 quo
894 2008 1116 2069 “acido
1146 2015 1232 2069 ille
1261 2004 1517 2069 decessit.
1554 2004 1631 2066 Ac
1661 2012 1782 2065 vita:
1819 2010 2033 2080 quidem

435 2112 665 2184 spatium
710 2112 873 2180 duplo
903 2110 1073 2177 majus
1106 2109 1290 2163 imbuit
1330 2116 1490 2179 quam
1547 2105 1672 2170 ille;
1709 2106 1855 2175 regni
1907 2112 2037 2160 vero

444 2205 598 2274 triplo
649 2202 876 2274 longius.
918 2192 1169 2256 Ceterum
1200 2212 1323 2254 cum
1365 2199 1659 2256 exercitum
1693 2210 1847 2253 suum
1890 2206 2040 2252 inan-

443 2296 609 2351 Sttetis
627 2304 687 2350 ac
718 2292 977 2349 modestis
1004 2294 1278 2364 religienis
1300 2293 1583 2362 praeceptis
1603 2293 1910 2347 munivisset
1941 2334 1953 2356 ,
1984 2291 2037 2345 in

440 2386 770 2444 Britanniam
801 2388 1015 2457 quidem
1064 2392 1119 2441 et
1151 2386 1204 2440 in
1246 2401 1341 2441 eos
1381 2386 1469 2455 qui
1500 2385 1551 2439 iu
1581 2386 1697 2454 ipso
1729 2384 2043 2439 habitabant

442 2482 656 2539 Oceano
677 2481 743 2536 an
766 2470 906 2536 Solis
930 2486 1176 2535 occasum
1206 2478 1360 2549 longe
1398 2474 1610 2547 lateque
1633 2476 1826 2533 diti'nso
1844 2519 1858 2544 ,
1891 2478 2042 2546 signa

440 2573 645 2630 intulit.
673 2571 947 2644 Scythiam
986 2576 1113 2626 v'ero
1143 2570 1451 2625 universam
1482 2584 1603 2640 quae
1629 2568 1729 2623 sub
1758 2570 1874 2639 ipso
1914 2564 2043 2637 Sep-

443 2666 716 2721 ientrioue
764 2664 969 2733 posita,
1020 2660 1072 2716 in
1121 2662 1374 2732 plurimas
1420 2670 1611 2731 gentes
1659 2669 1712 2713 et
1744 2659 1960 2714 nomine
1991 2665 2047 2714 et

443 2760 690 2816 moribus
725 2752 1092 2828 discrepantes
1146 2758 1424 2823 dividitur,
1455 2773 1552 2811 suo
1595 2756 1846 2825 adiunxit
1878 2760 2047 2826 impc-

442 2857 549 2910 r‘io.
581 2852 700 2910 lam
730 2862 860 2908 vero
890 2869 1012 2908 cum
1045 2852 1113 2907 ad
1143 2862 1411 2907 extremos
1441 2848 1680 2905 meridiei
1716 2850 1848 2905 fines
1877 2850 2047 2921 impe-

443 2950 586 3005 rium
637 2948 1023 3018 propagasset,
1071 2945 1143 2999 ad
1168 2947 1311 3015 ipsos
1353 2944 1603 2998 nimirum
1636 2942 1944 3013 Blemmyas
1995 2948 2049 2997 et

442 3032 763 3110 EthiOpas:
798 3044 892 3095 eos
918 3046 1130 3110 quoque
1160 3036 1249 3109 qui
1280 3038 1347 3092 ad
1379 3036 1518 3091 Solis
1543 3032 1731 3090 Ortum
1765 3032 2006 3090 incolunt
2031 3076 2045 3098 ,

2120 480 2241 551 jure
2263 489 2438 536 antem
2466 490 2668 535 natura!
2693 478 2872 553 liberis
2914 496 2975 537 ac
3002 485 3283 554 nepotibus
3307 494 3514 539 servata
3535 528 3548 545 ,
3594 494 3647 539 et
3670 485 3721 538 in

2128 583 2443 646 perpetuum
2469 575 2722 646 deinceps
2766 585 3015 647 latrinam
3046 590 3260 645 paterna
3285 578 3526 649 quaedam
3553 577 3726 633 hrere-

2127 662 2266 721 ditas
2292 676 2572 739 propagata
2598 678 2695 722 est.
2729 666 2800 723 de
2843 670 2983 723 Deus
3007 669 3219 740 quidem
3264 672 3486 740 ipsequi
3531 671 3725 726 beatis-

2127 760 2320 813 simum
2364 760 2508 814 illum
2552 760 2856 827 Principum
2914 763 3089 817 adhuc
3148 764 3422 817 nobiscum
3468 764 3518 818 iu
3564 765 3727 821 terris

2129 862 2372 926 agentem
2415 857 2610 911 divinis
2655 857 2949 911 honoribus
2984 858 3325 922 sublimavit,
3370 858 3726 929 eumdemque

2129 947 2444 1003 morientem
2470 950 2664 1004 eximia
2688 948 2916 1018 quadam
2946 952 3293 1020 pi-:r~rogativa
3336 950 3610 1021 dignitatis
3633 966 3723 1005 or-

2076 1084 2079 1087 .
2131 1042 2305 1106 navit,
2332 1043 2478 1096 Sultls
2500 1043 2622 1096 vitae
2644 1042 2785 1097 illius
2827 1040 3053 1112 scriptor
3076 1040 3233 1096 fuerit
3255 1042 3507 1107 idoneus;
3532 1042 3730 1113 quippe

2128 1136 2215 1206 qni
2240 1135 2529 1189 certamina
2576 1135 2717 1189 illius
2742 1142 2933 1205 resque
2967 1135 3222 1206 pratclare
3260 1136 3439 1206 gestas
3460 1134 3513 1191 in
3538 1137 3729 1193 coeles-

2129 1227 2269 1284 tibus
2292 1228 2487 1285 tabulis
2508 1229 2924 1285 consecraverit.

2761 1338 2987 1403 CAPUT
3026 1336 3095 1400 X.

2133 1434 2285 1505 Quod
2328 1437 2540 1491 historia
2569 1437 2675 1492 luvc
2706 1438 2987 1492 necessaria
3014 1479 3028 1505 ,
3058 1448 3106 1493 et
3134 1437 3203 1492 ad
3231 1438 3532 1509 formandos
3569 1454 3732 1497 mores

2797 1533 2940 1589 utilis
2966 1534 3046 1588 sit.

2202 1647 2316 1715 Ego
2337 1661 2464 1701 vero
2487 1647 2700 1702 tametsi
2726 1649 2855 1702 tanti
2880 1648 3093 1719 quidem
3118 1650 3214 1704 viri
3240 1650 3494 1706 felicitate
3514 1651 3733 1722 dignum

2135 1740 2409 1809 quidpiam
2451 1738 2631 1794 dicere
2651 1738 2873 1796 difficile
2912 1740 3200 1797 admodum
3236 1758 3360 1798 eSse
3399 1743 3693 1815 intelligam
3717 1788 3735 1812 ,

2136 1832 2297 1888 silere
2345 1839 2525 1886 autem
2565 1840 2738 1886 tutum
2776 1847 2838 1887 ac
2894 1834 3132 1902 periculo
3170 1850 3439 1891 vacuum:
3482 1852 3737 1893 necessa-

2139 1925 2276 1978 rium
2302 1923 2656 1980 nihilominus
2695 1934 2825 1996 puto
2853 1925 3082 1996 piissimi
3112 1927 3375 1998 Principis
3405 1929 3690 2000 imaginem
3716 1968 3735 1998 ,

2140 2018 2386 2087 exemplo
2414 2017 2654 2073 mortalis
2694 2019 2920 2087 picturae
2941 2061 2955 2085 ,
3000 2020 3289 2075 verborum
3318 2022 3590 2077 coloribus
3630 2040 3737 2078 ex-

2141 2125 2381 2181 pressam
2404 2112 2469 2166 ad
2497 2113 2876 2182 sempiternam
2904 2125 3242 2184 posterorum
3263 2119 3579 2175 memoriam
3605 2135 3743 2174 conc

2141 2219 2398 2271 secrare,
2452 2215 2508 2259 ut
2556 2204 2777 2261 desidia;
2815 2213 2975 2275 atque
3006 2207 3214 2262 inertim
3260 2210 3465 2264 crimen
3507 2226 3535 2264 a
3584 2212 3741 2267 nobis

2143 2296 2497 2364 depellamus.
2546 2297 2630 2352 lle
2654 2298 2797 2352 enim
2840 2297 3082 2367 profecto
3121 2299 3352 2370 puderet
3385 2303 3489 2355 mei
3536 2303 3742 2371 ipsius,

2146 2388 2247 2442 nisi
2271 2404 2486 2442 omnem
2524 2403 2699 2444 meam
2751 2389 3069 2444 industriam
3115 2406 3177 2445 ac
3223 2392 3569 2460 facultatem,
3616 2394 3747 2450 licet

2145 2478 2435 2538 admodum
2478 2480 2611 2535 levis
2641 2480 2713 2534 sit
2741 2490 2902 2550 atque
2933 2482 3125 2553 exigua
3148 2522 3165 2547 .
3211 2484 3263 2536 in
3305 2483 3445 2539 hunc
3478 2486 3565 2555 qui
3610 2486 3746 2542 divi-

2147 2589 2272 2628 num
2304 2573 2513 2628 Numen
2543 2588 2750 2627 summa
2774 2573 3115 2628 observantia
3149 2585 3434 2630 veneratus
3456 2586 3540 2633 est
3565 2618 3579 2640 ,
3619 2592 3748 2634 con-

2149 2669 2367 2723 ferrem.
2396 2666 2503 2723 Sed
2533 2675 2588 2721 et
2617 2666 2682 2720 ad
2706 2681 3047 2721 communem
3081 2667 3359 2723 hominum
3391 2670 3553 2724 vitam
3586 2672 3746 2738 utile,

2149 2760 2390 2829 mihique
2420 2759 2681 2829 imprimis
2705 2760 3068 2815 necessarium
3094 2761 3194 2816 hoc
3216 2777 3352 2832 opus
3373 2763 3488 2818 fore
3510 2765 3746 2833 conﬁdo,

2149 2866 2257 2921 quo
2300 2851 2707 2921 generosissimi
2763 2850 3103 2920 imperatoris
3146 2867 3238 2908 res
3282 2864 3451 2923 gestio
3476 2897 3490 2920 ,
3535 2868 3749 2912 summo

2150 2947 2389 3003 omnium
2439 2946 2748 3015 imperatori
2797 2946 2906 3000 Deo
2952 2956 3227 3016 accepta,
3279 2947 3750 3017 comprehendun-

2152 3048 2259 3095 tur.
2290 3038 2573 3106 Quomodo
2620 3039 2763 3093 enim
2805 3047 2961 3107 turpe
2987 3054 3097 3092 non
3127 3039 3286 3094 fuerit
3308 3081 3324 3106 ,
3372 3041 3601 3099 Neronis
3627 3044 3750 3114 qui-

443 3136 501 3190 in
528 3148 679 3190 suam
730 3131 990 3189 ditionem
1033 3124 1353 3201 redigendos
1397 3129 1618 3199 putavit.
1655 3126 1894 3196 Denique
1922 3166 1935 3190 ν
1980 3114 2046 3180 ad
2074 3174 2119 3238 Ο
2152 3133 2277 3189 dem
2316 3142 2373 3188 et
2399 3134 2628 3188 aliorum
2659 3132 2946 3202 impiorum
2978 3142 3327 3205 tyrannorum
3358 3137 3447 3205 qui
3471 3136 3628 3208 longe
3658 3139 3755 3194 illo

444 3230 666 3285 ultimos
694 3243 863 3299 usque
896 3224 1220 3281 continentis
1252 3224 1510 3279 terminos
1531 3264 1545 3285 ,
1578 3218 1682 3276 hoc
1717 3228 1830 3285 est,
1860 3217 1926 3273 ad
1956 3233 2049 3272 cx-

449 3324 650 3377 tremos
686 3314 847 3377 [nidos
874 3328 928 3374 et
971 3318 1311 3375 circurnsitos
1339 3316 1573 3385 undique
1604 3312 1861 3386 populos,
1890 3324 2051 3366 cunc-

450 3425 539 3469 tos
561 3415 815 3469 mortales
840 3411 929 3480 qui
949 3410 1255 3466 universum
1285 3421 1543 3464 terrarum
1566 3406 1751 3463 orbem
1785 3405 2049 3469 incolunt,

449 3505 907 3580 Splendidissimis
956 3504 1168 3576 pietatis
1220 3500 1384 3559 radiis
1434 3503 1741 3567 illustrans,
1778 3499 2048 3570 Regulos,

451 3600 743 3656 Prmfectos
768 3611 821 3655 et
849 3594 1102 3668 Satrapes
1138 3598 1373 3667 gentium
1398 3596 1754 3650 Barbararum
1780 3635 1795 3658 ,
1828 3592 1930 3648 sibi
1958 3591 2052 3646 oh-

454 3694 646 3747 noxios
674 3696 737 3747 ac
767 3686 1013 3747 subditos
1069 3686 1252 3744 habuit
1298 3707 1310 3741 :
1363 3690 1451 3760 qui
1482 3705 1574 3743 sua
1603 3692 1793 3757 sponte
1833 3695 1887 3741 et
1930 3700 2051 3740 cum

452 3786 650 3859 gaudio
679 3789 851 3855 ipsum
881 3782 1219 3850 salutabant,
1251 3790 1305 3838 et
1334 3778 1563 3851 Legatos
1593 3796 1712 3835 cum
1742 3777 2053 3835 muneribus

454 3876 525 3932 ad
555 3895 676 3933 eum
708 3877 992 3933 mittebant
1018 3919 1035 3943 ,
1061 3876 1284 3946 ejusque
1309 3875 1552 3929 notitiam
1579 3882 1739 3944 atque
1764 3870 2053 3927 amicitiam

454 3971 675 4043 plurimi
727 3970 1086 4027 testimabant.
1132 3968 1284 4024 Adeo
1313 3977 1370 4021 ut
1424 3983 1545 4021 eum
1588 3964 1638 4019 in
1687 3978 1782 4019 sua
1833 3966 2057 4034 quisque

462 4060 738 4137 provincia
764 4066 955 4137 partim
983 4063 1307 4133 imaginibus
1329 4103 1341 4126 ,
1403 4061 1591 4131 partim
1624 4058 1814 4114 statuis
1842 4058 2059 4130 publice

461 4154 725 4217 dedicatis
751 4158 1071 4212 honoraret:
1100 4156 1352 4228 Solusque
1380 4170 1443 4209 ex
1478 4152 1889 4224 imperatoribus
1924 4149 2059 4206 Con-

457 4244 750 4313 stantinus,
782 4248 974 4317 ubique
1014 4252 1275 4301 terrarum
1310 4244 1622 4300 uotis~imus
1646 4250 1791 4298 esset
1829 4257 1890 4297 ac
1919 4243 2060 4296 cele—

457 4343 753 4399 berrimus.
783 4339 945 4410 igitur
995 4336 1060 4393 ad
1102 4336 1198 4391 has
1247 4353 1413 4406 usque
1439 4342 1626 4406 gentes
1670 4334 1830 4405 regiis
1861 4334 2060 4388 allocu-

460 4434 706 4489 tiuuibus
743 4432 907 4487 Deum
936 4446 1090 4485 suum
1116 4436 1238 4485 eum
1268 4426 1421 4484 omni
1445 4428 1694 4483 libertate
1726 4424 2055 4496 praedicavit.

1069 4537 1297 4595 CAPUT
1336 4538 1427 4595 IX.

527 4636 679 4707 Quod
706 4637 783 4711 pit
808 4638 1131 4712 imperatoris
1165 4636 1305 4709 ﬁlius
1334 4638 1606 4708 imperium
1636 4637 1759 4708 [iliis
1796 4637 2018 4707 reliquit.

537 4755 806 4810 Caeterum
833 4768 937 4809 non
961 4753 1013 4809 id
1037 4753 1217 4809 verbis
1238 4753 1451 4823 quidem
1473 4752 1725 4823 praestitit
1744 4794 1757 4817 ,
1804 4768 1860 4807 re
1882 4758 2059 4805 autem

462 4849 580 4918 ipsa
603 4843 888 4900 frustratus
910 4850 1012 4899 est.
1050 4843 1159 4901 Sed
1183 4845 1234 4899 in
1258 4845 1400 4898 omni
1425 4854 1623 4915 genere
1653 4843 1867 4897 virtutis
1889 4850 2064 4896 semet

464 4942 729 4994 exercens
747 4980 760 5003 ,
787 4936 952 4992 variis
975 4936 1189 5008 pietatis
1227 4936 1489 4992 fructibus
1512 4935 1827 5001 abundavit;
1854 4935 2059 4989 amicos

464 5028 688 5102 qdi’d‘em
710 5030 1014 5102 ingentibus
1038 5028 1311 5086 beneﬁciis
1334 5029 1431 5084 sibi
1456 5028 1794 5092 devinciens;
1820 5024 2062 5082 subditos

464 5124 921 5182 vent'clt'tnetttite
943 5124 1151 5196 legibus
1172 5120 1457 5179 moderans
1477 5165 1490 5189 ,
1524 5129 1579 5178 et
1596 5120 1881 5192 imperium
1907 5126 2059 5174 suum

471 5214 738 5295 [ut-aetum
764 5218 973 5275 eunetis
994 5226 1155 5290 atque
1177 5216 1411 5289 optabile
1432 5212 1714 5272 exhibens.
1741 5215 1922 5270 Donec
1944 5223 2065 5284 post

468 5315 627 5384 longa
657 5320 923 5370 annorum
963 5311 1220 5367 curricula
1247 5352 1263 5379 ,
1291 5308 1430 5365 Deus
1470 5318 1626 5379 quem
1658 5307 1930 5372 coluerat,
1973 5321 2066 5360 va-

467 5406 567 5462 riis
588 5406 736 5461 illum
759 5400 1143 5461 certationibus
1178 5402 1446 5459 defessum
1473 5400 1888 5456 immortalitatis
1929 5412 2064 5469 pra:-

468 5500 598 5557 miis
618 5502 989 5577 remuneratus
1013 5540 1026 5563 ,
1067 5512 1131 5552 ex
1155 5495 1366 5551 mortali
1411 5504 1578 5565 regno
1598 5492 1664 5548 ad
1704 5490 2075 5547 immortalem

468 5593 635 5648 vitam
658 5593 858 5648 sanctis
895 5588 1089 5646 animis
1109 5587 1246 5659 apud
1288 5603 1347 5644 se
1373 5595 1722 5660 [imparatam
1763 5583 2063 5650 transtulit;

470 5684 634 5742 trium
674 5684 967 5741 liberorum
1007 5683 1222 5747 sotmtc,
1256 5682 1345 5752 qui
1391 5682 1439 5734 in
1476 5678 1772 5749 impermei
1816 5677 2070 5733 sueccdc-

469 5788 630 5849 rent,
654 5778 906 5835 excitata.
929 5774 986 5832 in
1031 5774 1174 5830 hunc
1205 5774 1364 5844 igitur
1403 5773 1621 5830 modum
1662 5771 1958 5843 imperialis
1991 5768 2070 5826 die

2154 3227 2448 3282 deteriores
2495 3226 2752 3292 fuerunt,
2788 3227 3065 3282 memoria:
3103 3242 3211 3283 non
3252 3230 3490 3287 defuisse
3525 3232 3754 3303 diligen-

2157 3318 2395 3373 tissimus
2422 3318 2736 3386 scriptores,
2760 3319 2848 3385 qui
2880 3319 3018 3372 mala
3045 3333 3356 3390 argumenta
3378 3323 3611 3394 eleganti
3636 3341 3753 3381 ser-

2155 3425 2317 3464 mone
2365 3418 2719 3473 exornmtes,
2775 3413 3078 3464 numerosis
3135 3414 3480 3469 historiarum
3527 3416 3755 3473 volumi-

2158 3503 2313 3557 nibus
2362 3502 2751 3558 cendiuerunt:
2798 3518 2896 3557 nos
2945 3518 3074 3558 vero
3113 3504 3313 3571 silere,
3362 3507 3558 3576 quibus
3612 3509 3755 3565 Deus

2155 3593 2419 3662 ejusmodi
2475 3594 2855 3663 imperatorem
2899 3594 3109 3663 qualem
3158 3594 3308 3650 nulla
3357 3612 3589 3667 unquam
3619 3611 3756 3657 tetas

2160 3685 2290 3738 vidit
2333 3686 2610 3750 nancisci,
2656 3696 2709 3739 et
2740 3686 2792 3739 in
2831 3686 2950 3755 ejus
2979 3696 3331 3756 conspectum
3353 3728 3370 3756 ,
3417 3693 3661 3749 notitiam
3689 3710 3756 3754 ae

2157 3778 2484 3846 colloquium
2518 3780 2797 3849 pervenire
2823 3782 3107 3836 concessit.

2769 3890 3001 3947 CAPUT
3039 3892 3131 3948 XI.

2163 3983 2313 4049 Quod
2338 3984 2449 4038 tota
2485 3982 2804 4038 Constantini
2828 3996 2970 4056 gesta
2997 4000 3110 4055 qua:
3152 3989 3221 4040 ad
3245 3990 3479 4059 pietatem
3506 3996 3761 4064 pertinent

2752 4085 3053 4131 narraturus
3079 4079 3165 4133 sit.

2234 4190 2599 4261 Quamobrem
2642 4189 2686 4245 si
2710 4190 2957 4260 cuiquam
2991 4188 3147 4246 alteri
3172 4234 3186 4260 ,
3220 4194 3374 4250 nobis
3395 4207 3541 4253 certe
3567 4203 3759 4270 praeci-

2163 4294 2269 4356 pue
2290 4284 2544 4340 convenit
2567 4326 2581 4351 ,
2613 4292 2672 4338 ut
2696 4292 2774 4339 tot
2814 4299 2876 4339 ac
2906 4292 3048 4339 tanta
3092 4298 3212 4357 quite
3238 4288 3540 4348 audivimus
3570 4295 3707 4352 bona
3735 4339 3751 4366 ,

2164 4376 2230 4431 iis
2275 4375 2622 4441 nuntiemus,
2671 4388 2897 4445 quorum
2948 4385 3158 4432 mentes
3219 4379 3478 4437 honormu
3532 4398 3756 4455 Operum

2166 4468 2421 4538 exemplo
2452 4466 2516 4522 ad
2540 4482 2778 4522 amorem
2816 4467 2906 4522 Dei
2934 4470 3256 4525 excitantur.
3283 4472 3492 4545 Quippe
3521 4476 3609 4532 alii
3638 4482 3758 4550 qui-

2087 4564 2142 4632 D
2167 4557 2287 4614 dem
2318 4559 2480 4613 vitam
2514 4556 2789 4613 hominum
2821 4558 3041 4614 minime
3080 4562 3323 4630 gravium
3350 4607 3364 4631 ,
3398 4573 3452 4620 et
3474 4580 3559 4623 res
3580 4580 3759 4640 gestas

2165 4651 2231 4705 ad
2256 4662 2465 4706 murum
2507 4649 2937 4706 emendationem
2969 4662 3190 4720 prorsus
3218 4655 3434 4711 inutiles
3458 4701 3472 4726 ,
3510 4670 3600 4717 aut
3639 4678 3761 4734 gra-

2165 4744 2236 4801 tia
2264 4788 2277 4811 ,
2330 4756 2421 4799 aut
2466 4744 2591 4800 odio
2636 4745 3030 4814 quorumdam,
3090 4755 3182 4801 aut
3222 4747 3287 4802 ad
3327 4748 3587 4809 doctrinm
3645 4771 3758 4815 suae

2168 4837 2582 4891 ostentationem
2605 4835 2846 4889 scribere
2877 4838 3114 4905 aggressi
3139 4879 3155 4905 ,
3193 4843 3626 4912 turpissimorum
3657 4847 3760 4904 ﬂa-

2164 4932 2415 5003 gitiorum
2448 4930 2811 4985 narrationem
2855 4931 3141 5000 magnifico
3170 4936 3458 4993 verborum
3500 4956 3761 5012 apparatu

2168 5026 2329 5079 aliter
2356 5032 2527 5094 quam
2564 5022 2745 5079 decuit
2792 5023 3225 5093 amplificarent:
3269 5031 3334 5084 iis
3373 5034 3465 5103 qui
3505 5036 3764 5108 singulari

2168 5118 2265 5174 Dei
2302 5116 2569 5174 beneﬁcio
2614 5118 2876 5172 maturam
2923 5126 3175 5189 expertes
3205 5118 3449 5193 fuerant,
3499 5131 3762 5199 pessimo-

2166 5222 2284 5270 rum
2325 5222 2547 5285 operum
2596 5216 2651 5269 et
2692 5226 2813 5282 qua:
2858 5210 3127 5269 oblivione
3167 5230 3231 5271 ac
3279 5223 3513 5279 tenebris
3557 5225 3761 5285 involvi

2171 5306 2503 5373 debuerant,
2536 5304 2821 5375 magistros
2851 5318 2909 5359 se
2949 5305 3269 5374 prementes.
3315 5311 3385 5365 At
3406 5317 3558 5370 nobis
3590 5323 3764 5380 oratio

2174 5400 2389 5471 quidem
2439 5400 2551 5468 ipsa
2607 5398 2851 5468 quamvis
2899 5400 3131 5470 suscepti
3181 5405 3361 5470 operis
3410 5411 3765 5479 magnitudini

2175 5506 2397 5562 prorsus
2423 5493 2594 5559 impar
2624 5495 2693 5544 sit
2718 5531 2731 5556 ,
2757 5484 2877 5544 sola
2916 5499 3091 5547 tamen
3123 5492 3605 5561 pulcherrimorum
3633 5506 3767 5563 faci»

2175 5598 2367 5641 norum
2397 5583 2706 5638 narratione
2732 5583 2987 5638 illustrari
3020 5590 3179 5653 posse
3214 5584 3441 5645 videtur.
3480 5594 3594 5663 Ipsa
3636 5612 3766 5657 vero

2175 5690 2398 5748 operum
2434 5676 2543 5731 Deo
2586 5682 2927 5745 acceptorum
2960 5680 3401 5736 commemoratio
3424 5726 3437 5749 ,
3481 5685 3544 5741 iis
3586 5691 3769 5760 utique

2178 5770 2269 5842 qui
2296 5768 2530 5825 animum
2567 5774 2711 5824 recte
2732 5774 3098 5838 comparatum
3145 5767 3430 5830 habuerint
3454 5817 3469 5842 ,
3505 5790 3609 5835 non
3649 5781 3771 5840 inu—
