4142 6178
380 306 448 370 ιδ
1696 266 1969 331 EUSEBII
2007 265 2235 327 PAMPH
2245 265 2332 321 tu
3611 248 3681 310 te

382 419 532 475 tilem
562 428 620 469 se

385 519 490 567 est.
534 505 717 576 Itaque
747 476 1137 569 quamplurima
1178 491 1281 543 alia
1328 501 1448 558 quae
1477 484 1545 539 de
1587 481 1690 536 hoc
1735 476 1976 548 principe

386 597 595 659 narrari
625 568 885 665 possunt:
915 584 1199 642 conllictus
1224 589 1279 637 et
1310 577 1493 650 praelia
1518 618 1531 640 .
1559 573 1716 628 fortia
1740 568 1977 624 facinora

384 703 548 763 atque
593 657 881 746 victorias,
927 688 1129 748 tropaza
1169 688 1231 728 ac
1275 666 1576 738 triumphos
1622 662 1690 718 de
1736 657 1981 716 hostibus

387 747 574 861 partos
597 825 612 848 ,
643 788 836 849 etquae
860 784 1127 846 praeterea
1152 766 1219 823 ad
1241 762 1577 836 singulorum
1602 756 1888 812 utilitatem
1913 747 1983 805 ab

386 848 455 939 eo
485 848 774 935 constituta
817 876 975 925 sunt:
1029 865 1177 936 leges
1222 860 1286 916 ad
1318 857 1653 915 subditorum
1696 859 1749 907 et
1778 848 1983 918 Reipu-

390 973 547 1031 blicae
599 963 941 1025 commodum
1000 960 1173 1023 latas;
1237 953 1371 1010 alios
1422 948 1656 1019 denique
1725 943 1986 1016 plurimos

390 1063 729 1135 Principatus
760 1058 973 1114 labores
999 1052 1066 1108 ab
1088 1065 1155 1107 eo
1180 1046 1484 1105 exantlatos
1503 1086 1517 1107 ,
1542 1041 1630 1111 qui
1664 1039 1715 1094 in
1747 1035 1987 1092 omnium
2050 1108 2059 1117 _

391 1174 487 1215 ore
510 1129 592 1212 ac'
612 1150 871 1210 memoria
896 1153 1200 1206 versantur,
1230 1134 1635 1213 praetereundos
1672 1129 1805 1187 mihi
1845 1141 1991 1184 nunc

391 1270 515 1313 esse
536 1253 807 1309 arbitror:
835 1245 1035 1318 quippe
1072 1255 1195 1297 cum
1221 1234 1444 1293 instituti
1488 1228 1671 1301 operis
1698 1238 1990 1297 argumen-

392 1356 506 1403 tum
536 1345 825 1400 admoneat
849 1354 935 1394 me
951 1377 967 1403 ,
990 1344 1050 1389 ut
1069 1348 1131 1389 ea
1153 1330 1267 1387 sola
1291 1343 1410 1399 quae
1434 1324 1500 1380 ad
1529 1322 1621 1378 Dei
1643 1319 1849 1376 cultum
1871 1331 1993 1388 per—

394 1441 601 1504 tinent,
659 1432 890 1491 dicendo
935 1443 999 1485 ac
1052 1420 1339 1482 scribendo
1378 1429 1694 1489 persequar.
1726 1412 1993 1468 Caeterum

394 1547 518 1589 cum
558 1529 676 1585 htec
702 1528 817 1597 ipsa
848 1535 1074 1579 numero
1097 1530 1238 1590 pene
1260 1510 1465 1570 infinita
1506 1507 1654 1571 sint;
1693 1520 1758 1561 ex
1788 1503 1854 1558 iis
1876 1515 1997 1571 quae

396 1628 462 1682 ad
508 1595 749 1681 notitiam
805 1626 1045 1675 nostram
1112 1613 1478 1682 pervenerunt
1541 1595 2000 1672 opportunissima

396 1734 624 1793 qumque
643 1717 941 1777 dumtaxat;
969 1718 1023 1766 et
1042 1714 1381 1779 posterorum
1402 1697 1660 1755 memoria
1686 1690 1997 1764 dignissima

624 412 656 468 d
688 410 740 465 in
783 404 969 479 primis
995 403 1325 458 fructuosam
1351 393 1641 452 lectionem
1684 387 1971 459 prrebitura
1999 384 2051 443 A
2080 391 2426 453 tyrannorum
2458 373 2664 433 aedibus
2707 370 2970 430 subsedit.
3019 369 3206 441 Neque
3230 375 3412 423 tamen
3454 361 3676 419 eosdem

1804 478 1809 479 ,
1891 476 1900 479 _
2247 472 2259 479 .
2359 469 2391 479 ..
2721 474 2732 479 _
3148 461 3253 479 ια,
3321 455 3632 479 mm---“

2080 488 2200 528 cum
2244 469 2425 540 impiis
2459 481 2667 533 mores,
2720 465 2930 520 tametsi
2971 461 3258 518 admodum
3317 455 3675 519 adolescens,

2081 571 2317 619 sectatus
2344 568 2447 617 est.
2479 557 2687 629 Quippe
2710 555 2820 627 jam
2852 553 2976 609 inde
3005 553 3073 608 ab
3112 552 3201 608 illa
3232 558 3391 606 aetate
3415 590 3431 614 ,
3462 543 3679 618 egregia

2083 655 2292 712 indoles
2322 651 2507 709 divino
2539 649 2742 720 Spiritu
2769 646 2994 718 impulsa
3019 686 3036 713 ,
3069 646 3243 715 ipsum
3268 641 3333 698 ad
3367 641 3509 712 piam
3541 638 3680 694 Deo.

2082 762 2187 820 que
2205 755 2482 819 acceptam
2495 740 2978 810 «vitam,incitabat.
3013 736 3122 796 Sed
3142 745 3199 793 et
3218 736 3386 807 patris
3404 729 3681 790 aemulatio

2084 839 2331 897 Stimulos
2354 837 2705 900 admovebat,
2743 849 2845 904 qua
2877 831 2945 888 ad
2974 828 3185 886 virtutis
3219 836 3276 884 et
3304 826 3564 881 bonorum
3592 836 3683 878 ac-

2088 942 2236 989 tuum
2274 929 2629 986 imitationem
2650 925 2865 998 juvenis
2894 920 3308 995 provocabatur.
3342 916 3501 973 Pater
3520 913 3687 987 siqui-

2088 1024 2211 1080 dem
2238 1024 2286 1079 ei
2319 1023 2417 1077 fuit
2455 1020 2601 1095 (nam
2633 1027 2686 1076 et
2720 1017 2880 1089 hujus
2919 1014 3238 1071 memoriam
3267 1019 3573 1082 opportune
3599 1022 3687 1064 re—

2092 1131 2293 1173 novare
2344 1129 2639 1186 congruum
2700 1111 2805 1181 est)
2865 1110 3248 1168 Constantius:
3302 1106 3690 1175 imperatorum

2093 1209 2266 1266 nostri
2311 1207 2571 1279 temporis
2600 1203 2987 1262 nobilissimus.
3021 1201 3100 1257 De
3138 1212 3247 1273 quo
3284 1195 3539 1253 nonnulla
3568 1208 3691 1266 quas

2095 1303 2162 1359 ad
2193 1301 2284 1357 filii
2314 1299 2836 1357 commendationem
2877 1296 3182 1368 pertinent,
3214 1291 3452 1349 breviter
3476 1304 3507 1346 a
3534 1287 3693 1345 nobis

2097 1392 2414 1466 exponenda
2436 1401 2581 1449 sunt.

2697 1480 2929 1540 CAPUT
2966 1478 3109 1537 XIII.

2103 1603 2181 1660 De
2205 1614 2346 1676 patre
2374 1603 2486 1673 ejus
2515 1595 2836 1662 Constantio,
2865 1592 2955 1662 qui
2979 1590 3301 1650 Christianos
3324 1595 3381 1645 ut
3408 1585 3695 1644 Diocletia-

2392 1709 2490 1748 nus
2516 1702 2563 1747 et
2588 1686 2940 1744 Maximianus
2965 1683 3196 1757 persequi
3225 1680 3411 1738 notuit.

398 1815 636 1886 seligens
658 1853 674 1878 ,
705 1823 867 1879 quam
891 1812 1082 1878 potero
1111 1797 1433 1856 brevissime
1460 1802 1748 1886 exponam.
1774 1784 1830 1842 Si
1870 1782 1994 1886 qui:-
2031 1772 2080 1832 B
2179 1808 2310 1866 Cum
2343 1805 2629 1879 imperium
2657 1803 2964 1859 Romanum
2993 1814 3024 1854 a
3064 1805 3295 1871 quatuor
3324 1794 3577 1867 Augustis
3606 1807 3699 1848 re.

396 1872 532 1965 den:
571 1872 782 1973 tempus
821 1872 996 1968 ipsum
1052 1895 1190 1948 hanc
1227 1888 1485 1955 deinceps
1534 1876 1803 1935 licentiam
1850 1872 2006 1930 nobis

398 1995 652 2058 concedit
666 1966 771 2061 ,-ut
797 1966 1097 2047 beatissimi
1138 1977 1407 2049 Principis
1427 1972 1613 2030 laudes
1653 1966 1843 2040 quovis
1882 1979 2004 2019 ora~

400 2092 565 2149 tionis
591 2102 791 2162 genere
817 2085 984 2140 libere
1008 2077 1362 2150 pm‘dieentus
1384 2067 1557 2141 (Eccl.
1580 2064 1666 2137 ιι).
1689 2061 1820 2117 Nam
1845 2065 2003 2162 antea

397 2147 623 2261 quidem
638 2181 689 2238 id
712 2180 892 2236 facere
913 2147 1248 2244 nequaquam
1284 2162 1481 2220 licebat
1504 2201 1519 2224 ,
1550 2163 1837 2261 prppterea
1860 2147 2005 2253 quod

402 2242 631 2335 vetitum
654 2280 739 2330 est
760 2287 828 2326 ne
849 2242 1171 2340 quemquam
1194 2267 1320 2313 ante
1354 2254 1559 2311 obitum
1581 2249 1652 2305 ob
1674 2248 1907 2302 incertas
1927 2242 2007 2296 vi-

399 2386 469 2431 ta:
490 2369 815 2428 mutationes
839 2338 1055 2419 beatum
1100 2351 1535 2429 pronuntiemus.
1576 2340 1811 2398 Proinde
1836 2338 2005 2393 Deum

400 2468 703 2539 adiutorem
732 2463 924 2517 invoco
949 2500 963 2521 ,
993 2469 1057 2510 ac
1102 2451 1322 2508 cmleste
1368 2443 1486 2515 ejus
1523 2437 1748 2496 verbum
1791 2447 2004 2505 precor,

401 2529 544 2617 ut'in
576 2558 679 2613 hoc
716 2566 880 2624 opere
924 2546 1165 2617 aspirare
1194 2538 1325 2595 mihi
1372 2534 1521 2591 velit.
1547 2529 1744 2587 Ordiar
1764 2535 1942 2581 autem
1975 2537 2005 2576 a

401 2652 578 2724 prima
606 2649 750 2704 illius
775 2653 935 2700 aetate
959 2643 1010 2697 in
1033 2642 1177 2693 hunc
1203 2631 1448 2692 modum.

1024 2767 1251 2827 CAPUT
1287 2765 1409 2822 XII.

398 2905 423 2963 ί.
507 2897 659 2968 Quod
686 2890 1051 2949 Constantinus
1082 2887 1135 2940 in
1162 2894 1499 2955 tyrannorum
1519 2878 1752 2947 aedibus,
1776 2876 1910 2933 sicut

909 2982 1081 3038 Moses
1104 3021 1120 3047 ,
1149 2977 1393 3033 educatus
1419 2975 1503 3029 sit.

481 3111 649 3166 Vetus
677 3111 860 3161 narrat
888 3096 1113 3155 historia
1138 3137 1153 3161 ,
1202 3102 1415 3165 gentem
1448 3087 1796 3144 Hebraeorum
1827 3099 1857 3139 a
1906 3099 2010 3140 sa:-

408 3203 645 3261 vissimis
671 3197 798 3254 olim
846 3190 1086 3265 tyrannis
1113 3199 1427 3258 oppressam
1472 3180 1636 3238 fuisse
1671 3197 1683 3236 τ
1733 3179 2010 3248 Deumque

411 3312 536 3355 cum
570 3301 863 3364 oppressos
884 3284 1117 3354 benigno
1148 3294 1210 3335 ac
1233 3276 1466 3350 propitio
1487 3275 1637 3330 vultu
1656 3271 2006 3342 respexisset,

413 3389 716 3464 providisse
743 3393 804 3439 ut
832 3378 1089 3454 propheta
1121 3376 1322 3439 Moses,
1343 3372 1432 3444 qui
1484 3380 1595 3425 tum
1627 3368 1802 3425 adlmc
1832 3366 2011 3424 infans

414 3461 560 3547 erat,
591 3479 643 3534 in
675 3474 870 3531 mediis
895 3481 1243 3543 tyrannorum
1276 3463 1483 3519 mdibus
1505 3470 1559 3517 ct
1581 3461 1633 3514 in
1679 3461 1796 3530 ipso
1822 3473 2010 3515 eorum

412 3571 624 3645 gremio
654 3568 979 3624 educaretur
1010 3601 1025 3627 ,
1058 3570 1380 3626 omnemque
1407 3569 1528 3624 qua:
1557 3550 1698 3622 apud
1737 3550 1862 3606 illos
1896 3559 2013 3605 erat

414 3662 732 3736 sapientiam
779 3657 1129 3729 perdisceret.
1184 3652 1374 3705 Postea
1419 3663 1549 3703 vero
1596 3662 1717 3701 cum
1750 3646 1839 3701 ille
1885 3661 2012 3717 pro-

417 3770 607 3829 gressu
636 3749 897 3821 temporis
939 3747 1007 3800 ad
1037 3743 1245 3798 virilem
1298 3739 1636 3812 pervenisset
1680 3745 1892 3792 aetatem
1914 3776 1929 3802 ,
1959 3744 2015 3791 et

419 3851 601 3909 divina
625 3845 830 3919 justitia
876 3855 997 3912 quae
1022 3835 1297 3908 oppressis
1322 3833 1573 3904 opitulari
1617 3830 1792 3897 solet,
1824 3842 2015 3901 poenas

416 3945 486 4000 ab
507 3941 705 4010 iniquis
727 3932 967 4008 tyrannis
993 3933 1344 3998 exposceret;
1376 3931 1502 3977 tunc
1529 3922 1621 3977 Dei
1652 3921 1922 3991 Propheta
1947 3934 2014 3976 ex

418 4035 553 4109 ipsis
581 4028 876 4105 tyrannicis
914 4022 1188 4096 profectus
1225 4015 1432 4072 aedibus
1457 4054 1472 4079 ,
1521 4013 1715 4069 divina:
1755 4010 2016 4068 voluntati

421 4103 780 4185 ministerium
803 4132 958 4175 suum
976 4110 1238 4170 exhibuit.
1256 4107 1327 4162 Et
1344 4107 1492 4178 ipsos
1512 4103 1727 4175 quidem
1758 4110 2016 4174 tyrannos

419 4238 451 4276 a
472 4217 668 4291 quibus
689 4214 866 4269 fuerat
892 4208 1148 4265 educatus
1164 4246 1180 4271 ,
1211 4216 1269 4257 re
1288 4214 1352 4255 ac
1379 4196 1559 4254 verbis
1584 4202 1870 4252 aversatus
1896 4204 2012 4250 est:

422 4284 520 4374 eos
541 4330 669 4370 vero
695 4308 788 4380 qui
813 4317 998 4361 revera
1026 4298 1221 4354 fratres
1248 4303 1303 4350 et
1336 4290 1549 4363 cognati
1576 4297 1733 4346 erant
1751 4329 1765 4353 ,
1814 4284 2019 4342 amicos

424 4425 489 4466 ac
519 4378 811 4462 familiares
837 4394 1017 4465 elegit.
1050 4388 1301 4446 Posthac
1340 4386 1483 4440 Dens
1519 4397 1642 4438 eum
1674 4379 1824 4436 illum
1854 4378 2019 4433 totius

421 4500 599 4574 gentis
624 4495 816 4551 ducem
857 4484 1266 4548 constituisset,
1315 4478 1568 4533 Hebraeos
1608 4473 1825 4545 quidem
1869 4486 2020 4527 acer-

421 4569 644 4653 bissima
672 4584 810 4658 apud
842 4582 1024 4638 hostes
1054 4576 1313 4633 servitute
1339 4569 1625 4626 liberavit:
1666 4576 2015 4640 tyrannorum

423 4697 605 4743 autem
654 4692 828 4752 genus
869 4673 1084 4731 crelitus
1131 4666 1348 4725 inflictis
1392 4662 1668 4735 suppliciis
1698 4661 1816 4732 ejus
1854 4674 2019 4731 opera

422 4783 567 4835 ultus
595 4768 1151 4837 est.\letus,inquam,
1181 4762 1298 4816 haec
1314 4757 1559 4827 historia,
1577 4755 1746 4810 instar
1769 4754 1961 4810 fabula:
1987 4769 2021 4809 a

423 4878 611 4935 multis
641 4878 859 4939 accepta
886 4907 901 4932 ,
943 4864 1182 4920 omnium
1217 4871 1375 4913 aures
1410 4853 1717 4910 mortalium
1754 4849 2016 4921 implevit.

426 4970 582 5027 Nunc
622 4979 749 5019 vero
782 4959 920 5014 idem
953 4953 1107 5010 nobis
1147 4951 1287 5005 Deus
1330 4945 1534 5015 majora
1581 4942 1833 4998 omnibus
1862 4940 2019 4997 fabu-

421 5066 490 5120 lis
518 5056 773 5117 miracula
803 5052 934 5122 ipsis
959 5046 1130 5103 oculis
1156 5050 1400 5115 spectare
1421 5038 1689 5093 concessit
1711 5077 1727 5098 ,
1757 5034 1899 5107 quod
1924 5049 2020 5104 εθ.

424 5171 528 5213 nus
567 5144 858 5222 spectaculi
897 5139 1037 5211 apud
1066 5150 1162 5193 eos
1192 5133 1281 5205 qui
1314 5144 1505 5185 recens
1534 5126 1824 5193 viderunt,
1875 5124 2025 5182 omni

424 5247 700 5306 auditione
746 5241 850 5296 ﬁde
892 5235 1107 5306 dignius
1147 5228 1396 5285 habetur.
1442 5222 1634 5278 Nostra
1680 5222 1821 5276 enim
1864 5229 2025 5276 aetate

421 5332 641 5416 tyranni
688 5332 903 5407 quidem
951 5327 1039 5397 qui
1083 5324 1342 5378 adversus
1375 5318 1541 5373 Deum
1592 5328 1862 5371 summum
1901 5327 2023 5367 om-

424 5405 574 5492 nium
602 5405 806 5499 Regem
846 5420 1046 5477 bellum
1078 5428 1295 5472 movere
1339 5410 1716 5474 instituerant,
1759 5406 1877 5475 ejus
1922 5405 2025 5460 Ec-

425 5525 643 5585 clesiam
670 5496 904 5592 graviter
933 5515 1340 5583 Oppresseruut.
1370 5500 1752 5558 Constantinus
1778 5514 1909 5554 vero
1929 5496 2018 5568 qui

423 5628 613 5695 postea
643 5590 997 5689 tyrannorum
1038 5601 1350 5660 interfector
1375 5596 1511 5662 fuit;
1539 5594 1665 5651 dum
1686 5592 1863 5650 adhuc
1889 5590 2020 5646 ado-

423 5683 636 5770 lescens
662 5683 807 5762 esset
833 5711 888 5760 et
911 5695 1136 5772 juvenili
1163 5692 1416 5764 lanugine
1456 5689 1686 5745 decorus
1710 5728 1726 5753 ,
1755 5686 1807 5741 in
1837 5683 2015 5741 medio

412 5806 630 5862 illorum
652 5843 666 5869 ,
699 5808 757 5854 ut
785 5790 1054 5867 quondam
1077 5786 1170 5845 ille
1190 5784 1286 5843 Dei
1314 5780 1545 5839 famulus
1565 5780 1741 5837 Moses
1764 5819 1777 5844 ,
1804 5777 1858 5832 in
1884 5775 2013 5850 ipsis

2105 1914 2340 1975 geretur,
2371 1900 2459 1957 hic
2486 1899 2759 1957 diversum
2786 1912 2817 1952 a
2848 1894 3069 1967 collegis
3106 1893 3218 1949 suis
3245 1891 3369 1949 vitae
3397 1891 3701 1945 institutum

2106 1994 2412 2060 :emulatus,
2435 1991 2586 2048 solus
2609 2004 2729 2045 cum
2755 1988 2866 2044 Deo
2892 2001 3070 2042 rerum
3099 1983 3338 2040 omnium
3364 1981 3703 2038 moderatore

2106 2104 2293 2163 pacem
2342 2084 2593 2142 firmavit.
2638 2082 2718 2139 Illi
2761 2081 2906 2137 enim
2946 2077 3203 2137 ecclesias
3252 2076 3344 2132 Dei
3393 2086 3706 2145 expugnare

2106 2186 2319 2253 adorti,
2378 2183 2497 2239 solo
2523 2187 2839 2252 mquarunt,
2870 2184 2925 2232 et
2970 2173 3203 2230 oratoria
3251 2186 3355 2228 una
3402 2185 3524 2226 cum
3570 2165 3706 2241 ipsis

2106 2275 2474 2336 fundamentis
2548 2271 2927 2328 aboleverunt.
2974 2266 3073 2322 Hic
3120 2280 3249 2321 vero
3287 2279 3317 2318 a
3373 2260 3578 2319 nefaria
3641 2259 3708 2316 il-

2110 2373 2281 2430 lorum
2331 2368 2606 2440 impietate
2637 2380 2797 2437 puras
2835 2377 3023 2418 manus
3066 2367 3229 2431 atque
3283 2357 3522 2426 integras
3577 2368 3703 2410 ser-

2110 2462 2274 2524 vavit.
2326 2477 2424 2516 nec
2480 2474 2541 2515 se
2602 2456 2874 2512 ullatenus
2929 2467 3116 2509 eorum
3156 2449 3387 2505 similem
3435 2446 3705 2521 praestitit.

2110 2555 2178 2611 Et
2211 2554 2286 2608 illi
2317 2551 2532 2623 quidem
2563 2549 2657 2605 Dei
2687 2547 2952 2603 cultorum
2986 2555 3091 2599 tam
3121 2542 3364 2598 virorum
3392 2555 3554 2612 quam
3588 2554 3708 2595 mu-

2110 2646 2302 2702 lierum
2343 2642 2601 2708 cmdibus,
2645 2650 2898 2710 tanquam
2938 2636 3081 2693 civili
3128 2634 3360 2706 quodam
3405 2631 3548 2689 bello
3585 2645 3711 2703 pro-

2114 2739 2316 2795 vincias
2353 2737 2453 2793 sibi
2493 2734 2761 2805 subjectus
2804 2730 3132 2804 polluerunt.
3177 2728 3274 2783 Hic
3313 2741 3445 2783 vero
3473 2725 3711 2781 animum

2113 2833 2180 2888 ab
2198 2828 2502 2902 hujusmodi
2525 2826 2729 2883 scelere
2750 2840 2943 2896 purum
2962 2832 3125 2894 atque
3154 2820 3467 2877 inviolatum
3497 2830 3713 2889 semper

2115 2925 2367 2982 servavit.
2417 2920 2497 2976 Illi
2548 2916 2877 2976 coacervatis
2937 2913 3269 2986 impiissimte
3312 2908 3710 2984 superstitionis

2116 3018 2308 3082 malis,
2338 3014 2545 3085 seipsos
2576 2996 2806 3083 primum
2833 3052 2848 3077 ,
2898 3022 2962 3065 ac
3002 3006 3199 3064 deinde
3243 3004 3487 3062 subditos
3524 3013 3714 3059 omnes

2118 3108 2569 3182 nequissimorum
2626 3103 2934 3160 daamonum
2989 3098 3268 3156 fraudibus
3317 3096 3711 3166 manciparunt.

2119 3202 2215 3258 llic
2250 3196 2680 3272 profundissimm
2707 3193 2853 3263 pacis
2890 3193 3029 3248 intra
3068 3187 3280 3259 imperii
3312 3187 3394 3244 sui
3422 3186 3558 3243 ﬁnes
3582 3198 3709 3241 auc-

2116 3306 2202 3351 tor
2227 3309 2292 3349 ac
2320 3289 2561 3363 signifer,
2597 3286 2830 3343 subditis
2862 3286 2974 3340 suis
3002 3282 3249 3356 permisit
3274 3289 3336 3336 ut
3380 3279 3583 3349 absque
3605 3276 3714 3333 ulla

2115 3386 2359 3445 molestia
2394 3385 2574 3440 divino
2603 3378 2770 3437 cultui
2800 3376 3143 3435 inservirent.
3176 3374 3419 3444 Denique
3445 3371 3519 3427 illi
3547 3382 3716 3426 cunc-

2115 3490 2201 3537 tos
2242 3477 2496 3534 mortales
2541 3470 2874 3545 gravissimis
2908 3467 3279 3526 exactionibus
3316 3460 3711 3536 opprimendo,

2114 3574 2281 3628 vitam
2322 3569 2428 3626 illis
2466 3567 2694 3624 minime
2754 3562 2970 3619 vitalem
3014 3570 3070 3617 et
3123 3558 3311 3632 quavis
3346 3563 3521 3612 morte
3556 3568 3716 3611 acer.

2117 3667 2324 3725 biorem
2366 3654 2751 3736 prmstiterunt.
2783 3657 2943 3714 Solus
2976 3652 3322 3712 Constantius
3358 3649 3625 3724 placidum
3651 3659 3719 3705 ac

2117 3758 2463 3831 tranquillum
2495 3753 2851 3826 principatum
2880 3763 3035 3804 suum
3061 3744 3289 3801 subditis
3309 3741 3595 3808 exhibens,
3621 3753 3715 3811 pa-

2119 3862 2271 3910 terna
2299 3847 2527 3920 quadam
2567 3860 2698 3901 cura
2741 3857 2805 3898 ac
2843 3837 3205 3897 sollicitudine
3232 3851 3328 3894 eos
3363 3833 3517 3891 fovit.
3548 3832 3717 3889 Porro

2117 3959 2241 4003 cum
2275 3940 2394 3998 alia:
2438 3952 2653 4011 quoque
2689 3931 3108 3991 innumerabiles
3155 3927 3315 3999 hujus
3342 3926 3440 3983 viri
3489 3924 3718 3981 virtutes

2120 4042 2188 4099 ab
2212 4037 2463 4096 omnibus
2489 4033 2868 4107 prmdicentur,
2900 4043 3008 4085 uno
3035 4035 3090 4084 et
3117 4024 3291 4081 altero
3322 4021 3440 4092 ejus
3478 4019 3717 4076 facinore

2119 4137 2576 4195 commemorato,
2617 4142 2685 4183 ex
2725 4124 2921 4195 quibus
2959 4119 3271 4192 conjectura
3308 4115 3426 4173 ﬁeri
3454 4113 3623 4186 possit
3646 4109 3719 4170 de

2120 4228 2187 4283 iis
2217 4240 2337 4296 quae
2368 4219 2583 4280 silentio
2623 4224 3036 4290 praetereuntur,
3074 4211 3142 4268 ad
3184 4208 3519 4281 propositum
3559 4203 3718 4263 nobis

2122 4317 2392 4378 scribendi
2423 4322 2797 4387 argumentum
2829 4304 3310 4380 transgrediemur.

2714 4427 2945 4486 CAPUT
2980 4425 3122 4484 XIV.

2041 4541 2097 4602 D
2124 4534 2389 4608 Quomodo
2448 4530 2777 4590 Constantius
2822 4525 3126 4597 exprobrata
3166 4523 3268 4594 ipsi
3313 4538 3347 4576 α
3394 4520 3718 4577 Diocletiano

2200 4634 2499 4702 paupertate
2517 4667 2532 4692 ,
2560 4622 2800 4680 terat-ium
2826 4618 3137 4690 impleverit,
3169 4626 3218 4672 et
3254 4625 3429 4688 postea
3453 4613 3718 4671 saltatori-

2199 4724 2291 4778 bus
2320 4719 2585 4792 pecuniam
2609 4712 2908 4771 reddiderit.

2197 4840 2335 4897 Cum
2384 4837 2470 4892 hic
2516 4835 2764 4905 princeps
2801 4829 3007 4886 crebris
3051 4825 3327 4883 hominum
3377 4821 3719 4881 sermonibus

2128 4932 2514 4995 celebraretur,
2544 4925 2687 4999 quod
2720 4923 2865 4981 mitis
2893 4928 3040 4978 esset
3061 4935 3126 4976 ac
3154 4917 3426 4992 placidus;
3453 4914 3595 4988 quod
3621 4926 3720 4984 op-

2129 5025 2289 5080 timus
2328 5022 2529 5092 Deique
2566 5014 3007 5082 amantissimus;
3038 5012 3289 5084 quodque
3317 5011 3389 5068 ob
3425 5006 3719 5066 incredibi-

2127 5117 2233 5174 lem
2262 5131 2388 5186 erga
2417 5113 2661 5169 subditos
2686 5108 3096 5181 indulgentiam,
3127 5106 3326 5162 nullam
3355 5103 3635 5177 pecuniam
3660 5101 3719 5159 in

2130 5208 2397 5265 thesauris
2436 5202 2767 5261 reconditam
2796 5200 3019 5257 haberet
3044 5218 3057 5254 :
3088 5199 3382 5270 imperator
3406 5197 3453 5253 is
3477 5195 3568 5268 qui
3592 5205 3719 5252 tunc

2129 5303 2387 5373 temporis
2426 5311 2737 5369 supremum
2768 5292 2977 5365 imperii
3007 5291 3231 5365 gradum
3260 5289 3557 5359 obtinebat,
3588 5288 3721 5345 mis-

2125 5399 2202 5454 sis
2228 5397 2294 5452 ad
2325 5410 2447 5453 eum
2475 5389 2794 5465 quibusdam
2823 5387 3155 5453 hominibus,
3183 5383 3486 5456 objurgavit
3512 5382 3633 5454 ejus
3662 5382 3719 5438 in

2124 5490 2399 5564 republica
2424 5484 2661 5559 gerenda
2685 5480 3062 5555 negligentiam
3095 5498 3109 5535 :
3136 5488 3193 5536 et
3218 5486 3588 5550 paupertatem
3618 5476 3724 5548 ipsi

2124 5585 2321 5658 probro
2362 5579 2565 5645 vertit;
2598 5579 2701 5633 hoc
2746 5575 2980 5632 maxime
3017 5581 3333 5644 argumento
3370 5570 3533 5628 fidem
3562 5569 3724 5626 dictis

2121 5679 2345 5743 faciens,
2378 5671 2520 5744 quod
2548 5669 2681 5727 nihil
2711 5670 2762 5725 in
2796 5664 3067 5724 thesauris
3099 5662 3436 5721 reconditum
3466 5660 3720 5717 haberet.

2121 5775 2187 5829 At
2223 5769 2314 5826 illc
2349 5783 2444 5825 cos
2483 5765 2572 5839 qui
2616 5764 2684 5822 ab
2725 5763 3050 5835 imperatore
3090 5764 3353 5816 venerant
3388 5753 3617 5828 rogavit,
3662 5760 3725 5810 ut
