4142 6178
485 317 553 374 17
1590 320 1677 375 DE
1721 319 1881 376 VI'I‘A
1915 320 2368 377 CONS'I‘AN'I'INI
2408 323 2610 379 LIBER
2651 326 2690 379 Ι.
3726 321 3790 376 l8

483 433 626 505 apud
657 449 718 490 se
742 433 1132 504 aliquantisper
1156 436 1353 491 morari
1388 435 1604 492 vellent.
1639 436 1840 492 Deinde
1865 451 1931 491 es
1959 451 2079 490 om-
2107 442 2162 499 Α
2186 439 2381 508 rempti
2419 449 2634 504 essent;
2665 439 2908 509 aliusque
2937 439 2988 496 in
3025 440 3189 506 hanc,
3229 440 3365 495 alius
3395 441 3446 494 in
3481 439 3627 494 illam
3661 456 3784 508 par-

486 527 648 582 nibus
677 525 964 596 provinciis
985 543 1105 597 qua:
1135 526 1303 594 ipsius
1333 527 1562 598 imperio
1592 528 1852 598 parebant
1881 543 2084 584 convo-

486 628 610 673 cato
634 617 1044 687 opulentissimo
1085 632 1299 689 quoque
1325 660 1339 683 ,
1373 634 1434 674 se
1463 620 1688 688 pecunia
1718 635 1854 690 opus
1886 620 2086 676 habere

485 708 553 764 iis
590 707 938 778 significavit;
980 709 1225 777 hancque
1267 712 1608 766 occasionem
1655 710 1891 767 oblatam
1931 728 2079 780 esse,

480 816 584 873 qua
637 817 790 856 suam
847 803 1070 873 quisque
1118 818 1244 874 erga
1303 805 1599 874 principem
1651 805 2080 862 benevolentiam

480 906 674 966 sponte
713 895 990 952 declarare
1030 895 1274 952 deberet.
1311 897 1392 952 Illi
1426 913 1576 964 vero,
1612 909 1794 966 utpote
1822 901 1911 970 qui
1937 900 2079 970 jam-

479 989 691 1061 pridem
736 992 788 1046 in
826 992 964 1047 votis
995 990 1326 1057 habuissent,
1359 1002 1419 1048 ut
1445 1009 1598 1049 suum
1631 1010 1754 1066 erga
1790 996 1940 1050 illum
1971 1005 2082 1051 stu-

477 1082 628 1138 dium
677 1083 996 1139 testificandi
1038 1085 1327 1156 aliquando
1371 1085 1661 1142 offerretur
1690 1089 1902 1143 occasio
1932 1107 1944 1140 :
1978 1090 2080 1144 hoc

477 1176 664 1233 audito
689 1220 704 1242 ,
736 1178 1019 1234 confestim
1069 1193 1237 1243 auro,
1270 1190 1494 1250 argento
1532 1196 1596 1236 ac
1640 1181 1861 1250 reliquis
1887 1181 2079 1250 Opibus

477 1271 762 1327 thesauros
806 1273 924 1342 ejus
970 1274 1379 1342 compleverunt
1422 1293 1434 1329 :
1483 1274 1769 1330 ambitiose
1809 1284 2078 1330 certantes

476 1364 620 1421 inter
647 1380 728 1431 se,
761 1375 818 1421 ut
846 1381 906 1422 se
946 1367 1176 1422 invicem
1209 1367 1260 1422 in
1298 1367 1574 1438 largiendo
1600 1377 1961 1440 superarent:
1994 1370 2076 1425 id-

475 1473 584 1528 que
622 1457 748 1513 la:to
780 1468 940 1529 atque
965 1459 1122 1514 hilari
1151 1459 1298 1514 vultu
1320 1475 1525 1535 omnes
1559 1461 1877 1532 prmSiitere.
1915 1462 2072 1518 Post-

473 1547 592 1604 hare
637 1550 983 1607 Constantius
1024 1552 1271 1608 homines
1315 1569 1343 1608 a
1384 1554 1598 1610 seniore
1642 1557 1882 1626 Augusto
1910 1557 1976 1610 ad
2015 1571 2077 1612 se

473 1643 690 1710 missos,
722 1643 1095 1700 thesaurorum
1124 1659 1342 1700 suorum
1374 1657 1709 1716 spectatores
1737 1661 1859 1703 esse
1882 1647 2070 1718 jussit,

467 1744 524 1792 et
554 1750 618 1792 ea
655 1753 777 1808 qua:
816 1737 1079 1794 vidissent
1110 1741 1442 1797 renuntiare.
1485 1741 1556 1798 Se
1594 1741 1808 1813 quidem
1852 1743 2071 1814 imprae.

471 1829 773 1884 sentiarum
819 1829 932 1885 hzcc
974 1830 1114 1902 apud
1147 1848 1206 1888 se
1247 1847 1602 1904 congregasse
1645 1853 1658 1889 :

462 1923 791 1994 jampridem
832 1926 969 1995 apud
1014 1925 1160 1995 ipsos
1195 1926 1446 1983 dominos
1486 1937 1736 1998 tanquam
1765 1928 1904 1998 apud
1938 1928 2072 1984 lidos

465 2013 835 2085 depositarttm
874 2033 1036 2088 cpum
1083 2017 1334 2074 eaStodes
1360 2019 1459 2074 sibi
1502 2019 1724 2075 servari.
1756 2019 1822 2074 Et
1863 2020 1914 2072 hi
1947 2019 2071 2091 qni-

466 2107 591 2163 dem
620 2107 978 2164 admiratione
1011 2111 1175 2180 hujus
1205 2112 1283 2166 rei
1318 2112 1548 2182 perculsi
1589 2122 1713 2167 sunt
1745 2131 1758 2166 :
1790 2112 2067 2167 humanis-

469 2200 640 2255 simus
673 2209 852 2255 autem
895 2202 1146 2272 princeps
1188 2213 1308 2272 post
1348 2219 1537 2258 eorum
1579 2203 1873 2260 discessum
1905 2219 2070 2275 opum

472 2291 718 2349 dominos
766 2296 1024 2351 accivisse
1066 2297 1310 2354 dicitur:
1350 2309 1405 2354 et
1440 2299 1699 2370 obsequio
1751 2298 1963 2354 illorum
2007 2314 2071 2355 ac

467 2387 650 2442 studio
678 2402 806 2459 erga
837 2403 896 2444 se
939 2405 1264 2461 inagnOpere
1291 2392 1526 2461 laudato,
1564 2393 1791 2462 jussisse
1823 2403 1880 2448 ut
1906 2408 2071 2449 cunc-

472 2480 543 2534 tis
587 2480 780 2550 opibus
818 2481 930 2535 suis
973 2484 1204 2553 receptis
1243 2485 1460 2539 domum
1508 2495 1927 2540 reverterentur.
1959 2485 2071 2542 Hoc

468 2571 636 2645 igitur
661 2591 826 2629 unum
864 2575 1006 2630 illius
1046 2577 1302 2647 principis
1342 2577 1547 2632 facinus
1588 2587 1701 2643 est,
1742 2592 1850 2648 quo
1888 2578 2072 2648 singu-

467 2663 601 2721 laris
646 2667 762 2737 ejus
801 2666 1104 2723 humanitas
1144 2670 1428 2740 perspicue
1465 2669 1785 2724 declaratur.
1822 2669 2069 2726 Alterum

467 2761 698 2829 facinus,
751 2761 958 2818 illustre
1005 2762 1121 2833 ejus
1167 2778 1294 2833 erga
1344 2763 1511 2818 Deum
1558 2763 1771 2832 pietatis
1816 2761 2068 2818 indicium

468 2853 700 2925 praebet.

1115 2943 1343 3002 CAPUT
1370 2944 1489 3001 XV.

777 3055 856 3112 De
880 3058 1226 3128 persecutione
1249 3056 1311 3110 ab
1342 3057 1459 3111 aliis
1488 3058 1757 3114 concitata.

544 3168 808 3226 Prsesides
831 3169 1228 3240 provinciarum
1257 3185 1353 3239 per
1375 3169 1684 3225 universum
1709 3169 1894 3224 orbem
1923 3167 2068 3224 viros

468 3259 652 3317 divino
680 3261 849 3317 cultui
893 3262 1104 3318 deditos
1145 3263 1528 3332 imperatorum
1570 3261 1723 3332 jussu
1773 3277 2064 3330 perseque-

471 3352 684 3409 bantur.
725 3354 1000 3424 Primique
1029 3355 1270 3409 omnium
1303 3369 1371 3409 ex
1407 3353 1538 3422 ipsis
1574 3352 1942 3423 imperialibus
1974 3367 2067 3422 pa-

469 3448 612 3504 latiis
654 3447 928 3519 progressi
957 3448 1050 3503 Dei
1091 3447 1448 3503 amantissimi
1495 3459 1780 3517 martyres,
1815 3462 1910 3517 pro
1934 3446 2065 3501 reli-

465 3542 627 3612 gione
655 3542 953 3595 certamina
981 3539 1262 3605 obierunt;
1291 3540 1465 3610 ignem
1495 3547 1548 3594 et
1569 3537 1775 3609 gladios
1798 3538 2068 3607 marisque

462 3633 759 3688 altissimos
802 3634 1070 3702 gurgites,
1119 3639 1173 3686 et
1213 3641 1406 3686 cuncta
1446 3630 1636 3684 mortis
1659 3643 1860 3698 genera
1902 3627 2065 3682 alacri

465 3725 651 3781 animo
670 3723 936 3794 perpessi.
962 3723 1114 3779 Adeo
1135 3735 1191 3776 ut
1223 3713 1369 3777 brevi
1399 3720 1656 3791 temporis
1677 3722 1850 3789 spatio
1876 3730 2067 3774 cuncta

465 3822 857 3889 imperatorum
915 3818 1109 3887 palatia
1172 3817 1468 3872 cultoribus
1535 3817 1626 3870 Dei
1678 3815 1888 3870 viduata
1935 3817 2064 3871 sint.

466 3911 588 3981 Quo
618 3912 851 3966 maxime
879 3910 1074 3965 factum
1106 3920 1188 3965 est
1209 3951 1224 3975 ,
1259 3919 1314 3963 ut
1353 3909 1509 3979 hujus
1548 3907 1772 3963 sceleris
1795 3917 2062 3972 auctores,

467 4004 565 4059 Dei
594 4002 880 4075 praesentia
911 4011 1074 4073 atque
1097 4000 1302 4056 auxilio
1342 4001 1513 4054 orbati
1543 4008 1904 4054 remanerent.
1933 3999 2065 4052 Dttttt

470 4095 618 4152 enim
647 4096 878 4152 cultores
920 4094 1084 4150 divini
1138 4093 1372 4148 numinis
1425 4102 1846 4162 persequuntur,
1877 4090 2067 4146 eadem

466 4212 634 4268 opera
687 4196 1023 4268 precationes
1079 4211 1176 4266 pro
1224 4192 1528 4263 semetipsis
1568 4190 1682 4245 fieri
1709 4188 1896 4243 solitas
1940 4189 2064 4242 abe-

462 4299 677 4362 gerunt.

1058 4378 1288 4436 CAPUT
1327 4375 1466 4432 XVI.

470 4495 746 4564 Quomodo
776 4495 1143 4551 Constantinus
1182 4491 1434 4546 simulans
1466 4506 1520 4544 se
1555 4488 1829 4543 simulacra
1875 4487 2062 4552 colere,

537 4608 626 4646 eos
651 4591 860 4676 quidem
893 4591 977 4660 qui
1017 4588 1311 4656 sacriﬁcare
1355 4585 1525 4654 parati
1576 4593 1740 4637 essent
1772 4583 2064 4655 expulerit:
2090 4614 2147 4676 D

538 4686 658 4740 illos
698 4669 815 4739 υεῖοο
845 4685 933 4755 qui
962 4700 1014 4738 se
1043 4681 1361 4738 Christianos
1390 4679 1622 4752 proﬁteri
1654 4677 1976 4744 maluissent,
2008 4677 2063 4730 in

537 4781 730 4854 palatio
758 4780 1042 4834 retinuerit.

539 4893 654 4949 Soli
679 4891 996 4948 Constantio
1020 4890 1236 4960 sapiens
1279 4887 1548 4960 quoddam
1585 4884 1871 4942 consilium
1917 4885 2066 4940 venit

467 4989 524 5046 in
553 4997 808 5044 mentem.
832 4986 1005 5044 Acres
1027 4983 1243 5054 quidem
1275 4985 1388 5053 ipsa
1417 4997 1577 5053 quam
1607 4981 1776 5051 gessit
1799 4977 2063 5035 mirabilis

463 5090 554 5138 est
582 5080 801 5145 auditu;
833 5083 972 5134 factu
1003 5087 1181 5133 tamen
1209 5077 1370 5147 longe
1394 5072 1778 5131 admirabilior.
1807 5070 2064 5128 Palatinis

465 5177 719 5232 omnibus
754 5175 842 5246 qui
882 5174 936 5229 in
963 5173 1136 5243 ipsius
1160 5172 1284 5227 aula
1324 5169 1657 5233 militabant,
1688 5166 1756 5222 ad
1797 5167 1944 5236 ipsos
1969 5179 2064 5220 us-

469 5284 577 5340 que
599 5267 810 5339 jndices
835 5266 888 5321 in
920 5265 1147 5320 summis
1178 5262 1535 5333 potestatibus
1561 5259 1911 5323 constitutos,
1940 5255 2065 5311 data

465 5359 702 5431 eligendi
732 5368 913 5414 utrum
945 5356 1170 5411 mallent
1213 5353 1462 5408 facultate
1485 5395 1498 5414 ,
1531 5351 1668 5405 hanc
1697 5348 2063 5405 conditionem

465 5451 666 5507 detulit
695 5494 710 5518 ,
737 5461 798 5505 ut
823 5449 1087 5520 siquidem
1119 5446 1457 5502 damtonibus
1496 5441 1920 5508 sacrificassent,
1954 5455 2068 5495 ma-

467 5563 604 5606 nere
631 5547 764 5617 ipsis
793 5547 845 5600 in
873 5543 1077 5614 palatio
1100 5549 1156 5598 et
1181 5539 1451 5596 consuetis
1486 5536 1780 5593 honoribus
1807 5534 1910 5590 frui
1939 5533 2068 5589 lice-

467 5650 595 5697 ret:
636 5638 683 5692 si
727 5650 856 5692 vero
900 5634 956 5690 id
995 5633 1176 5689 facere
1215 5631 1556 5696 rcuuisscnt,
1605 5627 1674 5684 ab
1713 5627 1877 5698 ipsius
1918 5625 2068 5681 aditu

465 5731 917 5798 excluderentur,
937 5739 994 5785 et
1015 5731 1085 5785 ab
1112 5728 1280 5798 ipsius
1306 5726 1492 5782 notitia
1519 5741 1583 5782 ac
1595 5723 1957 5781 familiaritate
1981 5738 2070 5780 re-

474 5826 611 5883 moti
660 5822 1021 5878 discederent.
1056 5819 1187 5876 Cum
1237 5833 1367 5889 ergo
1413 5819 1650 5878 universi
1691 5817 1936 5873 bifariam
1984 5817 2067 5871 die

2192 537 2299 586 tem
2345 531 2726 598 discessisset;
2771 543 2826 587 et
2877 534 3301 605 uniuscujusque
3345 537 3676 604 propositum
3723 550 3786 590 ac

2190 626 2456 679 sententia
2491 625 2769 694 explorata
2814 626 3042 681 fuisset:
3092 635 3219 681 tunc
3262 626 3490 681 eximius
3537 627 3788 697 princeps

2188 715 2470 771 consilium
2503 731 2658 772 suum
2704 717 2846 788 quod
2891 717 3150 774 hactenus
3196 719 3456 785 latuerat,
3488 719 3783 789 detegens,

2189 807 2404 863 illorum
2435 809 2651 880 quidem
2684 809 3024 865 timiditatem
3067 826 3128 864 ac
3165 811 3387 864 nimium
3432 813 3515 864 sui
3545 812 3781 882 ipsorum

2186 915 2425 956 amorem
2457 901 2876 957 condemnavit:
2915 902 3016 957 hos
3040 918 3171 957 vero
3200 903 3269 957 ob
3300 903 3549 957 devotam
3599 904 3784 958 divino

2189 992 2393 1045 numini
2421 993 2810 1047 conscientiam
2839 1009 3166 1064 magnopere
3197 994 3462 1063 probavit.
3486 995 3564 1049 Ac
3587 995 3784 1051 deinde

2184 1083 2306 1139 illos
2337 1085 2550 1155 quidem
2598 1095 2850 1157 tanquam
2902 1087 2993 1142 Dei
3044 1087 3380 1157 proditores,
3411 1104 3478 1142 ne
3525 1090 3783 1159 principis

2182 1174 2396 1244 quidem
2445 1177 2705 1247 obsequio
2744 1177 2934 1248 dignos
2973 1177 3252 1247 judicavit.
3302 1179 3435 1233 Nam
3468 1181 3777 1250 quomodo,

2183 1267 2391 1338 inquit,
2429 1269 2588 1324 fidem
2620 1286 2745 1341 erga
2789 1271 3082 1341 principem
3121 1286 3278 1325 suum
3325 1275 3588 1328 servaturi
3629 1284 3777 1343 sunt,

2181 1363 2270 1432 qui
2301 1378 2425 1433 erga
2459 1365 2622 1418 Deum
2656 1364 2844 1433 perlidi
2890 1379 3011 1420 esse
3052 1365 3569 1435 deprehenduntur?
3597 1368 3780 1438 Itaque

2180 1453 2444 1523 ejusmodi
2487 1457 2631 1510 viros
2687 1472 2718 1510 a
2765 1457 2928 1526 regiis
2970 1458 3177 1512 aedibus
3225 1461 3412 1528 procul
3452 1461 3780 1531 ablegandos

2179 1559 2302 1602 esse
2327 1549 2558 1602 censuit.
2593 1547 2718 1603 Illos
2753 1565 2882 1603 vero
2915 1564 3050 1619 quos
3098 1550 3208 1604 Deo
3254 1550 3445 1622 dignos
3481 1569 3600 1608 esse
3641 1555 3782 1608 veri-

2181 1639 2303 1694 tatis
2334 1640 2501 1710 ipsius
2535 1642 2842 1696 testimonio
2883 1652 3184 1709 constaret,
3235 1646 3426 1700 eodem
3454 1661 3579 1716 erga
3627 1648 3772 1717 prin-

2178 1730 2352 1799 cipem
2385 1732 2566 1785 animo
2595 1731 2802 1787 futuros
2833 1749 2954 1788 esse
2982 1733 3260 1789 affirmans
3279 1777 3293 1800 ,
3328 1744 3665 1802 protectores
3695 1750 3780 1793 at-

1707 1844 1963 1891 caeterum
2013 1850 2071 1890 ea

2183 1837 2288 1893 que
2349 1823 2558 1894 imperii
2622 1824 2791 1895 ipsius
2846 1827 3099 1881 custodes
3147 1830 3462 1894 constituit;
3514 1830 3778 1899 ejusmodi

2175 1917 2422 1971 homines
2464 1919 2604 1973 inter
2635 1921 2936 1990 praecipuos
2981 1919 3276 1975 amicorum
3310 1930 3364 1974 et
3407 1923 3639 1978 maxime
3680 1941 3778 1978 ne-

2174 2011 2437 2066 cessarios
2495 2011 2774 2068 habendos
2838 2029 2960 2070 esse
3019 2015 3230 2080 dicens,
3289 2017 3564 2086 multoque
3611 2019 3779 2088 pluris

2175 2105 2522 2163 :cstimandos
2549 2124 2707 2178 quam
2743 2109 3098 2164 maximarum
3131 2125 3292 2181 opum
3325 2113 3630 2167 thesauros.
3691 2136 3698 2141 τ

2753 2223 2980 2280 CAPUT
3022 2223 3183 2280 XVII.

2179 2310 2254 2369 De
2279 2313 2468 2381 a/fectu
2506 2326 2553 2370 et
2581 2333 2755 2373 amore
2784 2319 3014 2388 ejusdem
3041 2317 3325 2373 Constantii
3351 2337 3470 2392 erga
3495 2319 3775 2378 Christum.

2249 2427 2567 2498 Hujusmodi
2625 2431 2725 2485 fuit
2768 2428 3104 2485 Constantini
3155 2442 3304 2500 pater
3351 2433 3490 2486 sicut
3543 2448 3572 2485 a
3622 2433 3778 2488 nobis

2175 2518 2410 2576 breviter
2451 2521 2746 2578 indicatum
2775 2533 2878 2578 est.
2908 2522 3091 2590 Qualis
3131 2535 3311 2579 autem
3339 2525 3517 2579 exitus
3550 2524 3671 2579 vitae
3700 2526 3776 2580 illi

2175 2613 2484 2683 contigerit,
2533 2630 2657 2670 cum
2700 2629 2760 2669 se
2803 2614 2966 2670 talem
3006 2630 3132 2686 erga
3181 2615 3348 2670 Deum
3400 2616 3776 2685 praestitisset,

2173 2715 2542 2776 quantumque
2581 2707 2870 2762 discrimen
2915 2707 3056 2761 inter
3101 2706 3252 2761 illum
3296 2717 3352 2762 et
3399 2709 3634 2778 reliquos
3675 2707 3777 2763 im-

2177 2799 2310 2870 perii
2351 2811 2634 2855 consortes
2665 2801 2710 2854 is
2741 2815 2902 2870 queat
2929 2799 3172 2854 coluerat
3200 2800 3342 2853 Deus
3373 2814 3492 2855 esse
3519 2799 3774 2869 voluerit,

2173 2894 2419 2965 quisquis
2447 2909 2560 2948 rem
2605 2895 2776 2963 ipsam
2805 2895 3062 2948 attentius
3102 2895 3455 2963 expendcrit,
3503 2894 3659 2951 facile
3684 2911 3778 2951 co-

2175 2994 2415 3056 gnoscet.
2446 2985 2738 3055 Postquam
2762 2986 2905 3040 enim
2938 2985 3102 3040 multa
3137 2989 3298 3057 regia:
3333 2986 3544 3041 virtutis
3580 2987 3774 3042 indicia

2172 3077 2476 3132 diutissime
2505 3077 2856 3147 praebuisset,
2893 3093 3056 3132 unum
3087 3077 3302 3148 quidem
3345 3094 3616 3134 summum
3657 3095 3774 3134 om-

2175 3173 2320 3226 nium
2351 3171 2516 3226 Deum
2545 3185 2865 3241 agnoscens,
2895 3186 3082 3225 eorum
3107 3186 3237 3225 vero
3272 3173 3363 3243 qui
3395 3173 3578 3242 plures
3609 3173 3770 3240 Deos,

2173 3263 2413 3319 colerent
2443 3261 2772 3332 impietatem
2801 3261 3172 3318 condemnans
3191 3303 3206 3327 ,
3234 3272 3289 3316 et
3315 3274 3625 3317 sanctorum
3671 3263 3770 3317 lto-

2174 3362 2379 3415 minum
2422 3361 2828 3430 precationibus
2864 3359 3085 3414 domum
3127 3374 3279 3413 suam
3327 3359 3560 3428 tmdique
3600 3359 3774 3412 muni-

2172 3453 2369 3518 visset,
2415 3453 2682 3522 reliquum
2711 3450 2970 3520 deinceps
3001 3451 3124 3504 vitm
3167 3460 3380 3520 tempus
3419 3450 3670 3519 expedite
3709 3467 3772 3507 ac

2176 3546 2462 3616 tranquille
2500 3552 2708 3599 summa
2736 3559 2860 3598 cum
2888 3543 3055 3613 gloria
3081 3543 3326 3612 exegisse
3350 3542 3548 3596 dicitur
3574 3559 3586 3595 :
3623 3559 3772 3597 com-

2173 3655 2272 3710 pos
2298 3640 2414 3710 ejus
2443 3638 2710 3694 felicitatis
2736 3654 2895 3707 quam
2926 3636 3084 3706 vulgo
3113 3637 3400 3705 perhibent
3429 3636 3481 3690 in
3513 3651 3578 3691 eo
3621 3641 3772 3707 posi-

2177 3740 2284 3785 tam
2325 3744 2465 3793 esse,
2504 3740 2560 3782 ut
2589 3745 2762 3797 neque
2805 3729 2873 3782 ab
2912 3727 3030 3779 aliis
3075 3725 3374 3782 afficiamur
3415 3743 3592 3798 neque
3637 3729 3772 3783 alios

2174 3820 2274 3891 ipsi
2301 3820 2599 3874 afficiamus
2631 3819 2896 3873 molestia.
2925 3817 3006 3874 Ad
3034 3817 3176 3872 hunc
3219 3818 3379 3887 igitur
3407 3819 3626 3873 modum
3658 3828 3771 3875 toto

2172 3913 2383 3983 imperii
2433 3911 2513 3966 sui
2563 3921 2840 3980 tempore,
2885 3909 3030 3980 quod
3084 3912 3350 3979 aequabile
3397 3921 3654 3981 perpetuo
3705 3928 3771 3968 ac

2175 4006 2440 4078 placidum
2489 4005 2620 4070 fuit,
2652 4005 2960 4059 universam
3007 4003 3297 4070 familiam,
3345 4004 3628 4076 conjugem
3659 4004 3769 4064 sci-

2172 4099 2299 4153 licet
2324 4113 2388 4152 ac
2415 4097 2611 4152 liberos
2636 4112 2757 4151 cum
2788 4097 3038 4150 omnibus
3066 4095 3357 4159 ministris,
3405 4097 3494 4150 uni
3526 4096 3770 4154 omnium

2173 4193 2304 4264 Regi
2339 4192 2448 4247 Deo
2481 4190 2836 4246 consecravit.
2867 4189 3016 4244 Adeo
3047 4199 3104 4242 ut
3132 4188 3420 4242 multitudo
3449 4205 3634 4244 eorum
3677 4191 3770 4262 qui

2172 4288 2225 4344 in
2255 4287 2424 4357 ipsius
2452 4285 2648 4354 palatio
2675 4283 2835 4338 simul
2875 4284 3246 4347 versabantur,
3291 4281 3435 4335 nulla
3467 4297 3524 4337 re
3549 4283 3618 4337 ab
3660 4283 3765 4338 Ec-

2171 4380 2336 4436 clesia
2383 4378 2475 4432 Dei
2501 4376 2763 4432 differret.
2800 4375 2945 4428 Inter
2974 4389 3109 4443 quos
3149 4383 3302 4426 erant
3333 4373 3494 4427 etiam
3537 4373 3770 4428 ministri

2174 4472 2290 4536 Dei,
2319 4471 2410 4542 qui
2438 4468 2710 4525 continuis
2742 4465 3141 4536 precationibus
3184 4479 3281 4534 pro
3311 4464 3482 4519 salute
3514 4464 3770 4534 principis

2175 4563 2342 4619 Deum
2393 4560 2825 4616 venerabantur:
2874 4567 3209 4612 cumtamen
3256 4555 3414 4626 vulgo
3460 4555 3602 4626 apud
3629 4556 3768 4612 alios

2173 4672 2240 4712 ne
2271 4656 2444 4725 ipsum
2485 4653 2703 4724 quidem
2739 4651 2830 4705 Dei
2875 4651 3136 4706 cultorem
3184 4663 3378 4704 nomen
3412 4648 3652 4720 proferre
3687 4647 3769 4706 fas

2169 4758 2333 4807 CSSCI.

2735 4835 2964 4892 CAPUT
2996 4833 3183 4892 XVIII.

2181 4954 2333 5024 Quod
2382 4958 2495 5023 post
2551 4948 2926 5004 abdicationem
2975 4946 3285 5002 Diocletiani
3326 4955 3374 5001 et
3415 4945 3767 5017 Maximiani,

2242 5045 2570 5104 Constantius
2601 5045 2796 5114 primus
2836 5041 3097 5112 Augustus
3138 5043 3236 5114 fuit
3263 5083 3278 5106 ,
3315 5057 3586 5096 numerosa
3624 5043 3770 5114 prole

2241 5156 2481 5211 insignis.

2243 5259 2412 5314 Porro
2440 5273 2531 5314 eas
2573 5256 2643 5311 ob
2688 5268 2776 5310 res
2825 5268 2933 5308 non
2983 5250 3074 5308 diu
3121 5255 3348 5322 posthac
3385 5249 3692 5307 mercedem
3736 5267 3770 5308 a

2174 5351 2284 5406 Deo
2315 5358 2398 5404 est
2422 5354 2786 5404 consecutus:
2835 5345 2890 5400 in
2939 5352 3146 5400 tantum
3179 5351 3238 5399 ut
3275 5341 3506 5413 primum
3554 5343 3773 5414 imperii

2172 5445 2352 5500 locum
2393 5443 2684 5498 obtineret.
2729 5438 2864 5495 Nam
2895 5453 3017 5494 cum
3057 5439 3299 5492 seniores
3327 5435 3553 5507 Augusti
3583 5436 3772 5492 nescio

2172 5551 2284 5608 quo
2323 5543 2481 5607 pacto
2525 5532 2753 5604 imperio
2800 5544 2860 5588 se
2906 5531 3278 5596 abdicassent,
3325 5544 3446 5600 qua:
3489 5531 3774 5600 repentina

2172 5629 2402 5684 mutatio
2429 5627 2676 5697 proximo
2718 5635 2840 5694 post
2876 5623 3225 5680 ecclesiarum
3256 5622 3595 5679 eversionem
3628 5635 3772 5678 anno

2173 5722 2280 5778 illis
2323 5720 2576 5792 contigit;
2609 5717 2758 5774 solus
2802 5717 2997 5774 exinde
3034 5713 3382 5771 Constantius
3413 5717 3618 5786 primus
3655 5715 3770 5772 Au-

2175 5822 2362 5881 gustus
2388 5811 2728 5868 renuntiatus
2760 5818 2862 5866 est.
2904 5807 3006 5874 Qui
3046 5806 3201 5863 initio
3231 5806 3448 5877 quidem
3493 5808 3771 5863 Caesarum
