4142 6178
406 346 474 401 19
1723 339 1992 402 EUSEBII
2033 340 2284 400 PAMPIII
2294 341 2356 402 LI
3629 338 3700 398 20

413 463 717 518 diademate
759 478 880 516 cum
913 461 1127 516 Galerio
1181 460 1464 516 decoratus
1503 458 1738 528 priorem
1781 455 2003 526 gradum
2035 456 2086 520 Α
2111 453 2428 510 Coi-istantio
2457 454 2558 508 sub
2591 454 2732 510 idem
2781 463 2992 522 tempus
3039 453 3254 512 ultimus
3287 453 3408 508 vita:
3449 452 3562 510 ilics
3603 455 3705 510 ini-

415 562 760 616 obtinuerat:
794 571 975 629 postea
1021 575 1148 614 vero
1187 573 1312 612 cum
1355 558 1406 610 in
1445 557 1530 612 illa
1559 555 1789 610 (mearis
1829 553 2004 623 dignis

413 665 526 709 tate
573 654 844 724 egregium
903 653 984 706 sui
1036 652 1308 719 specimen
1367 649 1674 713 edidisset,
1737 661 2006 702 summum

339 747 348 768 ‘
419 748 561 818 apud
595 748 870 802 Romanos
901 745 1122 799 honoris
1157 743 1424 814 fastigium
1473 742 1697 811 adeptus
1723 749 1838 804 est;
1869 738 2009 794 inter

411 851 643 909 quatuor
679 839 770 907 qui
803 837 1160 907 postmodum
1185 834 1449 904 designati
1477 841 1600 888 sunt
1623 873 1638 898 ,
1671 832 1874 902 primus
1901 831 2010 884 Au-

417 941 604 1002 gustus
657 931 975 1000 appellatus.
1023 929 1130 984 Sed
1175 938 1226 982 et
1273 941 1576 982 numerosa:
1619 923 1826 980 sobolis
1875 937 2012 991 prat—

411 1025 610 1080 stantia
641 1024 878 1093 reliquos
923 1024 1278 1091 imperatores
1313 1017 1617 1088 superavit,
1657 1014 1901 1070 maxime
1948 1012 2014 1066 li-

413 1117 666 1172 berorum
693 1117 968 1185 utriusque
990 1129 1152 1172 sexus
1175 1113 1342 1168 choro
1363 1111 1742 1166 circumdatus.
1769 1107 2012 1176 Denique

415 1225 542 1264 cum
565 1209 620 1261 in
651 1218 894 1264 extrema
927 1216 1203 1262 senectute
1225 1207 1449 1276 positus,
1481 1203 1720 1260 debitum
1739 1202 2014 1258 communi

415 1315 625 1360 natura:
671 1303 1040 1372 persoluturns
1081 1311 1242 1370 atque
1285 1315 1352 1354 ex
1404 1299 1500 1352 hac
1543 1298 1662 1352 luce
1693 1297 2013 1366 migraturus

415 1406 591 1460 esset,
629 1395 699 1448 ibi
733 1396 874 1448 Deus
907 1392 1279 1448 admirabilem
1327 1391 1618 1461 potentiam
1665 1404 1816 1448 suam
1843 1389 1890 1444 ei
1921 1387 2015 1444 de,

413 1501 524 1540 nuo
551 1487 831 1550 exhibens,
865 1485 1098 1555 providit
1125 1492 1182 1538 ut
1203 1483 1434 1538 ﬁliorum
1477 1483 1648 1552 ipsius
1671 1489 1801 1535 natu
1840 1480 2016 1534 maxi.

417 1593 537 1632 mus
567 1577 951 1632 Constantinus
977 1577 1198 1646 jamjam
1229 1576 1490 1632 morituro
1529 1573 1596 1629 ad
1625 1571 2014 1644 capessendum

414 1668 696 1738 imperium
743 1677 938 1738 praesto
980 1679 1140 1722 esset.

1005 1783 1236 1838 CAPUT
1275 1780 1418 1836 XIX.

419 1879 496 1935 De
542 1881 648 1950 filio
690 1883 800 1952 ejus
841 1877 1195 1942 Constantino,
1239 1877 1325 1946 qui
1367 1875 1538 1930 adhuc
1577 1873 1870 1928 adolescens
1913 1887 2017 1926 una
2044 1849 2093 1910 Β

656 1987 770 2027 cum
810 1969 1132 2024 Diocletiano
1173 1969 1226 2022 in
1273 1969 1606 2023 Palwstinam
1646 1967 1797 2020 venit.

491 2087 698 2156 Quippe
729 2085 816 2139 hic
845 2100 948 2138 una
977 2099 1096 2138 cum
1129 2081 1542 2150 imperatoribus
1584 2081 1750 2149 patris
1783 2079 1862 2134 sui
1905 2079 2018 2134 col-

425 2180 556 2248 legis
607 2178 939 2243 versabatur,
983 2187 1036 2230 et
1077 2175 1526 2245 quemadmodum
1586 2183 1738 2227 vetus
1789 2173 1877 2228 ille
1921 2171 2015 2226 Dei

419 2269 682 2339 propheta
725 2270 901 2323 Moses
944 2269 994 2322 in
1039 2265 1220 2321 medio
1255 2267 1502 2332 illorum,
1546 2265 1687 2318 sicut
1725 2265 1834 2334 jam
1875 2265 2016 2317 dixi-

419 2377 561 2426 mus,
611 2361 860 2430 degebat.
885 2360 1127 2428 Cumque
1175 2369 1438 2414 transacta
1487 2359 1710 2428 pueritia
1747 2359 1856 2425 jam
1887 2357 2018 2410 ado-

417 2457 691 2512 lescentiae
731 2471 904 2510 annos
932 2457 1210 2524 ingressus
1239 2461 1412 2516 esset,
1457 2467 1668 2510 summo
1713 2454 1764 2506 in
1809 2451 2018 2506 honore

419 2551 559 2620 apud
591 2565 752 2618 supra
795 2549 970 2601 dictos
1009 2549 1366 2616 imperato-res
1395 2554 1530 2600 erat.
1575 2545 1890 2614 Cujusmodi
1919 2559 2018 2599 nos

419 2660 634 2715 quoque
657 2659 782 2698 eum
813 2643 1062 2707 vidimus,
1105 2655 1228 2694 cum
1275 2655 1368 2709 per
1411 2640 1748 2696 Palaestinam
1797 2639 2014 2709 provin-

417 2738 555 2792 ciam
597 2736 853 2792 transiret
893 2751 998 2787 una
1031 2749 1152 2786 cum
1193 2733 1410 2786 seniore
1447 2731 1710 2800 Augusto.
1740 2730 1822 2784 Ad
1865 2729 2051 2799 cujus.

419 2829 664 2882 dextram
697 2827 992 2891 assistens,
1021 2827 1231 2879 cum-tis
1253 2825 1348 2893 qui
1377 2823 1592 2878 videndi
1633 2823 1904 2878 desiderio
1933 2832 2015 2877 te.

425 2921 690 2974 uebantur
735 2918 1212 2987 prmstantissiinus
1257 2915 1583 2986 apparebat,
1627 2925 1681 2972 et
1725 2917 1814 2984 qui
1857 2918 2017 2985 regia:

417 3013 696 3080 cujusdam
713 3010 1045 3066 celsitudinis
1074 3010 1233 3062 animi
1254 3011 1480 3078 jamtum
1507 3008 1699 3062 iudicia
1725 3009 2013 3078 praeberet.

421 3105 550 3158 Nam
593 3105 738 3174 quod
781 3105 844 3156 ad
889 3103 1345 3172 pulchritudinem
1373 3115 1430 3155 et
1475 3102 1853 3170 proceritatem
1895 3117 2016 3157 cor-

419 3199 566 3267 poris
603 3200 794 3252 attinet
817 3239 832 3260 ,
869 3213 1032 3251 nemo
1071 3206 1192 3249 erat
1229 3197 1318 3265 qui
1359 3209 1482 3249 eum
1509 3195 1602 3250 illo
1625 3195 1862 3248 conferri
1889 3209 2018 3263 pos—
2043 3227 2088 3294 6

420 3304 522 3346 set.
554 3294 658 3348 Sed
685 3305 740 3348 et
779 3293 971 3346 virium
1015 3291 1214 3344 robore
1253 3289 1394 3343 adeo
1435 3290 1576 3344 inter
1618 3291 1852 3358 aequales
1879 3290 2016 3344 emi-

417 3384 614 3450 nebat,
659 3395 716 3440 ut
757 3386 826 3438 ab
871 3384 974 3436 illis
1013 3383 1174 3436 etiam
1215 3381 1614 3436 foranidaretur.
1667 3380 1845 3436 Animi
1886 3395 2014 3436 vero

419 3479 704 3531 virtutibus
765 3479 924 3544 longe
969 3476 1232 3528 iliustrior
1285 3489 1448 3542 quam
1497 3473 1712 3528 dotibus
1765 3471 2015 3540 carperis

417 3571 539 3623 fuit.
565 3573 642 3624 Ac
668 3572 900 3638 primum
921 3568 1138 3638 quidem
1165 3567 1422 3622 tondenti:
1439 3565 1680 3620 nonnum
1703 3565 2011 3620 exornavit:

417 3659 614 3713 deinde
641 3659 1047 3712 inmanium-bus
1073 3655 1371 3724 disciplinis
1397 3671 1410 3720 ;
1441 3663 1499 3708 et
1533 3663 1648 3708 tum
1675 3655 1852 3708 inuata
1887 3671 2014 3724 pru-

415 3749 640 3812 tientia,
687 3759 797 3802 tum
825 3749 1091 3816 sapientia
1139 3747 1392 3802 divinitus
1441 3747 1616 3804 inlusa
1655 3763 1764 3802 non
1805 3748 2012 3802 medio-

415 3843 582 3896 criter
603 3855 732 3895 eum
757 3839 1010 3894 excoluit.

1017 3949 1244 4006 CAPUT
1283 3949 1404 4004 XX.

453 4049 823 4106 Constantinus
855 4053 1061 4116 propter
1095 4044 1403 4098 Diocletiani
1445 4053 1492 4098 et
1527 4043 1725 4098 Galerii
1761 4045 1978 4101 insidias

902 4140 970 4193 ad
1011 4147 1206 4209 patrem
1241 4138 1532 4192 revertitur.

491 4257 561 4314 At
597 4257 956 4324 imperatores
1010 4252 1150 4306 illius
1191 4251 1483 4322 temporis,
1530 4261 1651 4305 cum
1693 4249 2012 4304 adolescen-

419 4360 526 4406 tem
565 4348 810 4400 viderent
843 4357 1162 4414 generosum
1204 4357 1268 4397 ac
1299 4343 1524 4408 fortem,
1567 4351 1923 4410 magnumque
1960 4349 2014 4396 et

417 4441 634 4496 excelso
675 4439 852 4492 animo
895 4435 1210 4505 praeditum,
1245 4433 1440 4488 invidia
1473 4435 1627 4488 simul
1669 4445 1732 4488 ac
1770 4443 1916 4488 metu
1943 4433 2012 4489 ob

419 4535 472 4588 id
497 4531 736 4602 torqueri
767 4543 1004 4600 cmpere.
1037 4527 1218 4598 Itaque
1249 4536 1458 4598 tempus
1493 4535 1853 4596 opportunum
1887 4541 2011 4597 cap-

2111 547 2366 602 minebat.
2401 547 2500 612 Qui
2533 563 2654 600 eum
2700 546 2866 602 tilium
2913 546 3184 615 insperato
3231 544 3332 600 sibi
3365 546 3554 606 adesse
3583 561 3706 602 cer-

2109 647 2286 704 neret,
2332 639 2470 694 lecto
2505 638 2754 702 exiliens,
2795 635 3058 700 ambabus
3089 636 3228 692 ulnis
3266 652 3390 692 eum
3427 637 3708 708 amplexus

2109 740 2194 786 est
2219 748 2231 782 :
2261 731 2506 799 ltuncque
2547 746 2710 788 unum
2738 745 2844 798 quo
2873 729 3166 798 angebatur
3195 728 3436 784 dolorem
3455 771 3471 795 ,
3517 745 3582 788 ex
3612 729 3708 784 ab-

2111 828 2284 880 sentia
2309 824 2516 880 scilicet
2545 823 2638 878 lilii
2669 833 2988 893 conceptum
3011 865 3024 888 ,
3052 823 3161 891 jam
3193 837 3258 876 ex
3287 823 3467 876 animo
3495 822 3709 891 penitus

2113 931 2396 970 excussum
2425 931 2546 972 esse
2575 914 2872 981 afﬁrmans,
2901 915 3100 985 gratias
3133 913 3244 970 Deo
3273 913 3538 972 tnaximas
3567 915 3706 983 egit,

2113 1011 2342 1082 posthac
2385 1018 2612 1066 mortem
2662 1010 2806 1064 Ollllll
2859 1007 3263 1066 immortalitate
3301 1007 3566 1076 potiorem
3609 1008 3711 1070 sibi

2113 1118 2234 1160 esse
2287 1109 2529 1158 testatus.
2583 1101 2868 1170 DiSpositis
2919 1099 3111 1156 deinde
3167 1115 3232 1154 ex
3281 1099 3504 1156 arbitrio
3551 1099 3712 1162 rebus

2117 1197 2263 1264 suis,
2307 1203 2363 1252 et
2399 1195 2521 1250 vale
2562 1195 2704 1250 dicto
2745 1195 2928 1250 liberis
2960 1194 3074 1250 suis
3113 1194 3394 1264 utriusque
3423 1208 3581 1248 sexus
3619 1192 3709 1263 qui

2115 1289 2286 1344 instar
2319 1287 2594 1356 cujusdam
2618 1285 2768 1344 ebori
2815 1291 2987 1357 ipsum
3020 1286 3257 1356 undique
3297 1287 3612 1356 cingebant;
3655 1286 3709 1348 in

2117 1379 2318 1449 palatio
2345 1391 2400 1434 et
2429 1377 2483 1432 in
2517 1379 2662 1449 regio
2691 1378 2852 1434 cubili
2879 1378 3096 1450 jacens,
3127 1377 3338 1446 imperii
3368 1376 3711 1434 administra-

2119 1475 2284 1540 tione,
2333 1483 2388 1532 ot
2430 1473 2688 1528 naturalis
2728 1473 2865 1530 ratio
2907 1472 3174 1544 postulat,
3213 1470 3326 1532 filio
3363 1480 3492 1532 natu
3535 1472 3707 1532 maxi-

2115 1579 2207 1626 mo
2247 1565 2299 1620 in
2341 1579 2533 1622 manus
2572 1565 2788 1632 tradita,
2831 1581 2893 1620 ex
2935 1564 3036 1620 hac
3079 1564 3195 1622 luce
3235 1563 3503 1636 migravit.

2703 1677 2931 1736 CAPUT
2969 1677 3132 1732 XXII.

2123 1789 2392 1855 Quomodo
2423 1789 2557 1844 elato
2599 1788 2930 1856 Constantio,
2985 1790 3342 1844 Constantinus
3389 1807 3420 1844 a
3465 1787 3715 1844 militibus

2567 1882 2828 1952 Augustus
2847 1881 3135 1951 appellatur
3164 1883 3247 1936 sit.

2189 1991 2374 2062 Neque
2427 2005 2602 2048 tamen
2633 1992 2834 2048 idcirco
2861 1993 3063 2064 absque
3102 1994 3427 2064 imperatore
3453 1995 3716 2048 remansit

2121 2092 2458 2162 respublica,
2526 2095 2722 2164 quippe
2787 2091 3168 2150 Constantinus
3219 2103 3441 2164 paterna
3491 2103 3716 2151 ornatus

2121 2201 2391 2262 purpura,
2424 2198 2477 2242 et
2522 2203 2590 2242 ex
2645 2188 2879 2258 paternis
2928 2189 3133 2244 aedibus
3175 2205 3524 2260 progreSsus,
3571 2187 3715 2243 Con-

2122 2277 2374 2332 stantium
2404 2289 2610 2350 patrem
2644 2289 2893 2348 tanquam
2927 2281 3225 2334 redivivum
3272 2289 3326 2334 et
3371 2279 3422 2334 in
3451 2279 3564 2334 lilio
3611 2279 3714 2333 ad.

2119 2368 2228 2422 huc
2287 2377 2598 2446 regnantem
2644 2371 2849 2424 cunctis
2909 2369 3169 2424 exhibuit.
3245 2369 3493 2424 Postltmc
3553 2367 3716 2422 i'onus

2123 2472 2400 2532 paternum
2427 2464 2748 2518 antecedens
2775 2480 2894 2520 cum
2917 2464 3116 2534 ingenti
3149 2473 3490 2534 paternorum
3515 2463 3716 2518 amico-

2119 2569 2237 2608 rum
2267 2555 2608 2611 multitudine
2629 2597 2642 2620 ,
2673 2572 2899 2628 quorum
2927 2555 3014 2610 alii
3047 2554 3349 2622 anteibant,
3390 2553 3479 2608 alii
3525 2554 3715 2610 subsca

2122 2649 2456 2724 quebantur,
2537 2649 2897 2722 pulcherrimo
2963 2659 3220 2720 apparatu
3275 2649 3528 2718 exequias
3601 2649 3715 2712 Deo

2119 2739 2297 2804 devoti
2347 2743 2605 2814 principis
2635 2741 2943 2798 celebravit.
2979 2739 3164 2800 Cuncti
3219 2741 3580 2796 beatissimum
3615 2741 3717 2794 im-

2121 2852 2425 2910 peratorem
2454 2837 2932 2892 acclamationibus
2962 2845 3014 2891 et
3045 2835 3283 2890 laudibus
3315 2835 3716 2906 prosequeban-

2120 2943 2238 3000 tur;
2291 2947 2504 3000 nnoque
2543 2931 2843 2988 animorum
2873 2945 3141 2986 consensu
3189 2941 3455 2984 mortuum
3509 2931 3710 3000 princi-
3803 2921 3806 2924 ’

2121 3037 2244 3095 patu
2275 3025 2368 3080 lilii
2409 3026 2614 3080 restitui
2645 3035 2804 3094 atque
2837 3025 2887 3078 in
2916 3023 3089 3079 lucem
3117 3025 3356 3079 revocari
3382 3024 3708 3089 censebant;

2121 3128 2175 3172 et
2206 3117 2393 3172 inustis
2422 3117 2902 3172 acclamationibus
2949 3133 3139 3170 novum
3171 3117 3463 3186 principem
3485 3160 3500 3186 ,
3543 3117 3712 3186 impn-

2121 3219 2356 3264 ratorem
2379 3251 2394 3275 ,
2427 3214 2722 3280 Augustum
2746 3254 2759 3275 ,
2809 3215 2987 3281 primo
3013 3214 3192 3265 statim
3243 3213 3444 3282 impetu
3476 3215 3714 3282 appella-

2119 3305 2267 3359 bant.
2309 3305 2377 3358 Et
2417 3304 2500 3358 Ine
2529 3306 2742 3374 quidem
2775 3307 2942 3360 lilium
2993 3307 3320 3360 laudantium
3367 3322 3526 3361 voces
3571 3311 3708 3377 patri

2121 3409 2335 3452 mortuo
2357 3408 2729 3453 ornamentum
2759 3399 3052 3454 aii'erebant
3083 3417 3096 3452 :
3145 3402 3307 3454 lilium
3339 3415 3466 3456 vero
3495 3405 3710 3456 beatum

2121 3492 2512 3559 praadieabant,
2543 3494 2631 3562 qui
2663 3496 2793 3547 tanti
2825 3495 2992 3562 patris
3023 3507 3303 3547 successiir
3331 3507 3480 3547 esset
3505 3511 3640 3548 renn
3667 3517 3710 3547 ι-

2118 3583 2299 3637 tiatus.
2341 3582 2451 3638 Sed
2494 3593 2547 3636 et
2589 3599 2776 3638 omnes
2821 3585 3109 3652 provinciae
3149 3585 3269 3651 ejus
3315 3587 3538 3653 imperio
3585 3591 3714 3641 sub-

2115 3673 2308 3742 jectae,
2351 3677 2586 3730 maximo
2615 3675 2810 3745 gaudio
2839 3685 2895 3730 et
2940 3675 3296 3744 inexplicabili
3347 3677 3528 3732 lictitia
3583 3695 3708 3749 per-

2118 3767 2250 3822 fusa:
2278 3777 2440 3832 sunt;
2477 3777 2660 3836 utpote
2686 3783 2806 3836 quae
2855 3783 2922 3822 ne
2951 3768 3174 3822 minimo
3204 3769 3420 3838 quidem
3451 3773 3711 3841 temporis

2117 3869 2393 3914 momento
2437 3859 2700 3928 iinperiali
2731 3861 3059 3929 providentia
3103 3860 3389 3915 destitutas
3435 3877 3498 3917 se
3545 3862 3714 3918 fuisse

2120 3952 2436 4006 sensissent.
2473 3951 2786 4021 Huiusmodi
2817 3954 3026 4022 piorum
3073 3968 3138 4006 ac
3169 3951 3263 4007 Dei
3291 3955 3583 4008 amantium
3615 3957 3714 4008 lio-

2122 4044 2326 4098 minum
2357 4045 2557 4098 exitum
2588 4059 2710 4100 esse
2737 4045 2876 4100 Dens
2922 4045 2973 4099 in
3023 4045 3350 4114 imperatore
3391 4046 3712 4103 Constantio

2121 4135 2387 4191 universis
2417 4143 2617 4191 nostra:
2645 4139 2818 4191 aetatis
2843 4137 3149 4193 hominibus
3179 4139 3493 4194 declaravit.

2681 4248 2910 4306 CAPUT
2949 4249 3138 4304 XXIII.

2283 4341 2310 4394 1
2320 4343 2535 4396 nteritns
2565 4351 2901 4413 tyrannorum
2925 4341 3084 4397 brevis
3109 4347 3535 4401 commemoratio.

2189 4456 2373 4524 Qualis
2420 4472 2548 4511 vero
2597 4459 2771 4512 exitus
2821 4457 2980 4513 fuerit
3022 4459 3249 4516 aliorum
3297 4464 3390 4534 qui
3442 4465 3711 4523 Ecclesias

2121 4551 2214 4608 Dei
2243 4559 2498 4622 tanquam
2527 4551 2730 4607 indicto
2757 4551 2898 4608 bello
2927 4565 3336 4626 oppugnarunt,
3366 4575 3704 4630 nequaquam

423 4626 601 4682 taliant
629 4666 642 4690 ,
672 4635 728 4676 ut
761 4623 901 4676 malo
928 4631 1087 4714 atque
1117 4621 1403 4714 ignominia
1431 4619 1680 4692 juvenem
1711 4619 2004 4675 aflicerent.
2035 4621 2090 4690 Β
2121 4645 2206 4700 hic
2235 4619 2764 4702 com—memorandum
2793 4661 2912 4703 esse
2939 4619 3103 4714 d-iixi',
3149 4665 3244 4704 nec
3285 4619 3572 4706 bonorum.
3597 4669 3711 4708 me-

415 4719 473 4774 ]d
520 4717 732 4787 juvenis
771 4731 889 4768 cum
933 4713 1282 4769 intellexisset
1323 4713 1545 4785 (quippe
1587 4714 1792 4767 insidia:
1840 4717 2007 4769 semel

422 4819 584 4879 atque
627 4809 817 4862 iterum
858 4809 906 4862 ei
951 4815 1312 4878 comparata,
1345 4805 1434 4860 Dei
1464 4815 1594 4860 nutu
1623 4805 1847 4860 deiectio
1890 4805 2008 4861 fue-

417 4900 563 4971 rant)
595 4899 716 4969 l‘uga
745 4900 970 4953 salutem
999 4897 1099 4952 sibi
1129 4898 1395 4968 quiesivit,
1422 4911 1674 4969 magnum
1701 4900 1850 4955 illum
1881 4917 2006 4970 pro-

413 4995 632 5066 phetam
677 4993 878 5048 Mosem
923 4993 975 5046 in
1016 4993 1119 5047 hoc
1163 4990 1321 5046 etiam
1371 4994 1629 5049 imitatus.
1654 4995 1821 5051 Porro
1867 4998 2008 5053 Deus

411 5087 464 5142 in
491 5086 743 5141 omnibus
779 5085 930 5139 illum
955 5083 1188 5154 adjuvit,
1217 5084 1556 5152 providentia
1585 5099 1682 5140 sua
1711 5088 1790 5142 sic
1809 5101 2004 5146 cuncta

411 5179 727 5248 disponens,
769 5186 827 5232 ut
853 5178 990 5248 patri
1019 5177 1085 5231 ad
1113 5177 1510 5235 successionem
1555 5178 1766 5248 imperii
1807 5192 2004 5252 priuato

410 5280 578 5326 esset.

995 5339 1178 5404 ,ΕΑΡο
1186 5339 1227 5400 Τ
1267 5338 1409 5404 XXI-

406 5432 552 5500 Μονε
581 5431 870 5496 Constantii
903 5431 1292 5494 Constantinum
1321 5433 1488 5504 titiam
1525 5434 1881 5510 imperatorem
1915 5455 2004 5502 νβ-

1047 5522 1340 5594 linquentis.

467 5636 606 5694 Cum
631 5649 766 5710 ergo
801 5637 1018 5698 diritatis
1059 5638 1380 5698 insidiarum
1405 5641 1586 5712 dolis,
1631 5645 1798 5702 celeri
1839 5659 2002 5706 cursu

399 5729 470 5786 ad
493 5737 700 5799 patrem
734 5727 1014 5798 proiectus
1037 5739 1222 5798 esset,
1251 5730 1370 5801 ipse
1395 5732 1612 5802 quidem
1641 5743 1762 5804 post
1783 5737 2006 5808 longum

431 5824 692 5894 temporis
739 5824 971 5895 spatium
1023 5824 1076 5880 in
1127 5825 1294 5896 patris
1339 5837 1688 5898 conspectum
1728 5832 1890 5888 venit.
1941 5835 2010 5890 At

2119 4741 2382 4808 moriam,
2447 4742 2708 4795 malorum
2767 4751 2970 4798 attexta
3031 4747 3544 4800 commemoratione
3586 4763 3709 4804 esse

2119 4835 2446 4891 violandam.
2479 4835 2760 4892 Sufﬁciunt
2785 4849 2930 4892 certe
2957 4853 3042 4892 res
3069 4839 3217 4908 ipsae,
3243 4839 3306 4894 ad
3336 4841 3710 4910 reprimendus

2116 4935 2171 4982 et
2197 4929 2249 4982 in
2281 4927 2461 4983 oiiieio
2485 4929 2838 4984 continendos
2865 4945 2960 4984 eos
2983 4931 3075 5000 qui
3106 4943 3318 4986 scenam
3361 4947 3574 4987 omnem
3621 4949 3712 4988 ca—

2117 5019 2416 5075 lamitatum
2467 5035 2586 5090 quae
2645 5022 2870 5093 singulis
2919 5023 3128 5078 illorum
3182 5023 3525 5093 acciderunt,
3579 5027 3710 5098 ipsis

2113 5113 2282 5170 oculis
2307 5119 2468 5184 atque
2491 5113 2710 5170 auribus
2738 5129 3016 5186 accepere.

2671 5241 2906 5306 CAPUT
2943 5243 3139 5307 XXIV.

2113 5346 2264 5418 Quod
2303 5346 2666 5406 Constantinus
2711 5350 2980 5422 imperium
3013 5350 3110 5408 Dei
3149 5353 3363 5410 arbitrio
3407 5355 3475 5412 sit
3529 5373 3708 5414 conse-

2823 5453 2991 5500 cutus.

2179 5555 2240 5612 in
2295 5555 2442 5612 hunc
2489 5556 2708 5616 modum
2759 5561 3130 5618 universam
3193 5571 3378 5620 auctor
3425 5575 3488 5622 et
3541 5567 3706 5624 totius

2110 5652 2296 5709 ualidi
2339 5653 2652 5712 moderator
2703 5660 2842 5712 Deus
2879 5653 3292 5714 Constantinum
3331 5662 3431 5716 tali
3480 5673 3710 5732 parente

2111 5745 2352 5816 genitum
2373 5787 2390 5814 ,
2421 5746 2720 5818 principem
2749 5756 2910 5818 atque
2935 5751 3312 5820 imperatorem
3357 5767 3452 5824 per
3487 5765 3551 5806 se
3591 5753 3710 5822 ipse

2111 5839 2404 5908 provexit:
2441 5839 2577 5906 adeo
2599 5849 2696 5908 ut,
2723 5857 2846 5896 eum
2875 5843 3058 5916 caeteri
3099 5857 3288 5900 omnes
3319 5843 3542 5914 aliorum
3587 5845 3705 5902 sui-
