4142 6178
471 302 536 356 21
1553 304 1639 359 DE
1678 304 1843 362 VI'I‘A
1881 301 2337 364 CONSTANTINJ
2381 303 2584 360 LIBER
2627 305 2664 358 Ι.
3706 312 3776 366 :12.

473 414 648 486 [regio
675 415 815 475 hunc
840 415 1108 484 honorem
1133 419 1411 476 consecuti
1435 419 1546 474 sint
1567 461 1584 487 ,
1616 418 1766 476 solus
1791 418 1882 476 hic
1901 418 2072 478 fuerit
2094 419 2153 483 Α
2175 421 2266 490 qui
2305 421 2632 480 contrariam
2673 422 2952 492 prioribus
2983 423 3088 480 illis
3116 424 3255 486 viam
3303 426 3543 494 inliserat;
3589 436 3643 488 et
3683 430 3774 500 qui

475 505 546 563 de
574 509 726 582 cuius
745 510 1090 579 promotione
1103 527 1270 576 uerno
1296 512 1600 576 mortalium
1619 511 1967 583 gloriaretur.

1043 622 1276 679 CAPUT
1329 621 1498 678 XXV.

605 721 927 778 Constantini
951 725 1018 778 de
1046 724 1312 778 Britannis
1335 733 1384 778 et
1409 721 1658 777 Barbaris
1684 723 1931 779 victoriae.

547 837 841 908 Postquam
872 829 1030 908 igitur
1059 838 1111 892 in
1151 839 1376 908 imperio
1405 836 1647 894 firmatus
1687 848 1771 894 est
1791 879 1807 905 ,
1839 839 2071 908 primum

476 929 701 1000 quidem
750 929 954 1000 imperii
1014 930 1254 1000 partibus
1313 930 1416 985 sibi
1461 945 1490 984 a
1539 939 1691 1000 patre
1735 932 2072 1002 transcriptis

475 1022 792 1091 prospicere
837 1021 1039 1090 coepit;
1073 1022 1352 1078 universas
1396 1023 1702 1093 provincias
1749 1039 1868 1094 qua:
1915 1033 2071 1077 antea

476 1111 582 1166 sub
611 1113 777 1181 patris
801 1111 1268 1170 administratione
1291 1112 1538 1179 fuerant,
1569 1130 1694 1173 eum
1722 1130 1938 1174 summa
1971 1115 2072 1170 hu-

470 1205 732 1260 manitate
749 1205 1106 1276 perlustrans.
1131 1206 1238 1264 Sed
1255 1217 1310 1264 et
1334 1207 1602 1268 Barbaros
1627 1208 1714 1278 qui
1739 1209 1804 1264 ad
1825 1209 2071 1264 llhenum

473 1307 534 1354 et
559 1299 949 1356 occidentalem
976 1315 1236 1358 oceanum
1267 1301 1424 1371 p0siti
1467 1317 1636 1357 novos
1665 1314 1844 1360 motus
1890 1305 2072 1361 conci-

479 1399 593 1446 tare
623 1393 738 1446 ausi
768 1401 970 1459 essent,
995 1404 1218 1454 cunctos
1238 1410 1349 1450 sua:
1372 1394 1726 1452 dominationi
1750 1396 2066 1466 subiiciens,

478 1497 547 1538 ex
575 1481 709 1537 ieris
739 1493 1053 1540 mansuetos
1101 1484 1356 1545 reddidit.
1400 1484 1555 1542 Alios
1602 1503 1729 1542 vero
1773 1490 2070 1558 reprimere

471 1586 761 1632 cOutentus
781 1619 796 1642 ,
829 1584 1079 1647 tauquam
1108 1577 1253 1636 foras
1279 1579 1480 1634 bestias
1511 1579 1580 1636 ab
1603 1581 1809 1651 imperii
1836 1583 1918 1636 sui
1950 1583 2068 1637 fini—

471 1672 576 1728 bus
623 1672 916 1738 absterruit
959 1689 973 1728 :
1025 1689 1119 1730 eos
1169 1674 1417 1730 videlicet
1464 1689 1692 1746 quorum
1745 1677 2069 1734 insanabiles

467 1763 681 1820 animos
711 1763 776 1821 ad
821 1767 1159 1836 tranquillam
1185 1777 1238 1822 et
1265 1769 1504 1838 quietam
1543 1769 1752 1824 vivendi
1803 1771 2065 1834 rationem

471 1854 679 1911 traduci
709 1855 856 1912 nullo
884 1857 1046 1920 modo
1077 1872 1236 1928 posse
1263 1861 1736 1920 animadverterat.
1763 1860 1974 1928 Quibus
2002 1877 2069 1922 ex

466 1948 636 2002 animi
666 1951 933 2006 sententia
973 1951 1268 2019 confectis,
1316 1953 1554 2024 reliquas
1587 1955 1730 2012 orbis
1761 1966 1938 2026 partes
1965 1957 2070 2014 sibi

466 2038 540 2092 ob
566 2041 756 2096 oculos
785 2055 1120 2110 proponens,
1155 2043 1368 2100 interim
1415 2046 1630 2115 quidem
1659 2046 1916 2104 adversus
1945 2047 2068 2102 Bri-

470 2130 723 2186 tannieas
745 2143 936 2202 gentes
971 2135 1022 2188 in
1048 2135 1241 2192 intimo
1264 2139 1450 2195 oceani
1486 2153 1706 2194 recessu
1747 2139 1876 2194 sitas
1907 2139 2068 2210 traje-

473 2226 564 2280 cit.
594 2225 698 2282 Eas
727 2241 854 2281 vero
882 2242 1005 2284 cum
1035 2228 1360 2300 subegisset,
1393 2231 1459 2289 ad
1497 2231 1634 2289 alias
1678 2233 1860 2291 mundi
1889 2244 2070 2303 partes

463 2319 660 2380 oculos
686 2321 994 2388 c0nvertit,
1039 2329 1096 2375 ut
1141 2337 1202 2386 ea
1235 2339 1352 2394 qua:
1401 2323 1602 2388 auxilio
1645 2325 1816 2396 ipsius
1861 2324 2070 2403 indige-

468 2412 601 2466 bant
627 2453 642 2477 ,
669 2423 1006 2483 personaret.

1025 2531 1260 2596 CAPUT
1300 2533 1488 2593 XXVI.

461 2644 746 2714 Quomodo
789 2645 1012 2705 Romam
1041 2647 1293 2706 Maxentii
1339 2653 1609 2726 tyrannide
1643 2653 1867 2714 liberare
1886 2654 2070 2714 daem-

1202 2743 1348 2810 serit,

544 2855 792 2917 Posthac
834 2857 1144 2925 universum
1183 2869 1453 2922 terrarum
1483 2860 1670 2924 urbem
1719 2860 1887 2920 instar
1927 2864 2062 2920 vasti

465 2947 751 3018 cujusdam
795 2951 1039 3018 corporis
1067 2949 1250 3014 animo
1279 2953 1632 3022 centiplexus,
1665 2953 1943 3022 ipsamque
1981 2962 2066 3012 to.-

463 3043 580 3100 tius
609 3043 797 3100 mundi
825 3054 990 3114 caput
1037 3057 1090 3100 et
1129 3045 1340 3116 imperii
1383 3046 1612 3108 Romani
1655 3047 2064 3109 dominolricem

2178 528 2364 567 eorum
2411 513 2629 583 quidem
2679 530 2921 570 errorem
2970 518 3414 587 condemnasset,
3441 537 3610 582 poturi
3649 537 3775 580 vero

2177 620 2489 675 supremum
2529 608 2768 662 omnium
2797 609 2964 664 Deum
2995 619 3106 667 toto
3132 613 3253 666 vitae
3280 614 3456 682 spatio
3483 614 3771 680 coluisset;

2179 700 2427 756 eumdem
2449 710 2781 758 servatorem
2808 720 2871 760 ac
2891 705 3099 774 imperii
3119 705 3426 774 custodem,
3451 717 3512 763 et
3531 709 3772 764 omnium

2177 790 2441 846 bonorum
2469 805 2742 849 auctorem
2769 794 3040 852 habuisse.
3081 796 3208 852 lltec
3251 797 3341 854 ille
3384 813 3505 854 cum
3545 799 3686 869 apud
3717 817 3776 856 sc

2177 883 2558 954 eapendisset;
2589 895 2841 956 recteque
2884 887 3382 956 animadvertisset,
3412 890 3532 944 illos
3557 890 3772 962 quidem

2177 976 2266 1046 qui
2311 977 2363 1031 in
2403 981 2628 1032 deorum
2661 979 3003 1036 multitudine
3047 980 3298 1038 ﬁduciam
3329 982 3671 1052 posuissent,
3722 985 3772 1039 in

2179 1071 2575 1127 multitudinem
2605 1088 2818 1143 quoque
2858 1075 3143 1131 exitiorum
3175 1090 3296 1130 esse
3326 1074 3612 1148 delapsos;
3642 1076 3776 1130 adeo

2181 1174 2236 1220 ut
2263 1182 2362 1222 nec
2403 1167 2617 1236 generis
2664 1167 2878 1223 illorum
2906 1183 2969 1222 ac
2998 1168 3221 1234 sobolis,
3256 1183 3357 1222 nec
3384 1169 3565 1238 stirpis
3592 1184 3655 1223 ac
3682 1185 3778 1221 no-

2179 1259 2363 1326 minis,
2393 1275 2493 1314 nee
2524 1263 2798 1315 memoria:
2830 1261 2996 1315 ullum
3043 1261 3187 1318 inter
3213 1262 3460 1317 homines
3494 1262 3774 1333 vestigium

2179 1353 2499 1406 remanserit
2538 1369 2550 1403 :
2594 1364 2780 1406 contra
2828 1369 2958 1408 vero
3016 1355 3180 1408 Deum
3239 1355 3405 1423 patris
3449 1352 3556 1417 sui,
3609 1354 3774 1407 multa

2177 1459 2346 1514 eaque
2364 1444 2588 1499 illustria
2606 1447 2861 1515 p0tentize
2875 1463 2985 1501 suae
2999 1447 3320 1502 documenta
3338 1448 3437 1517 ipsi
3457 1448 3773 1519 prmbuisse.

2175 1535 2417 1608 Cumque
2445 1550 2703 1608 praeterea
2751 1540 3174 1620 considerasset,
3221 1555 3315 1595 eos
3351 1541 3442 1610 qui
3485 1543 3593 1609 jam
3621 1551 3774 1594 antea

2174 1632 2357 1700 c0pias
2400 1631 2658 1686 adversus
2709 1643 2992 1702 tyrannum
3035 1633 3332 1701 duxerant,
3385 1649 3505 1686 cum
3551 1632 3774 1688 deorum

2176 1723 2516 1777 multitudine
2561 1723 2626 1776 ad
2683 1739 2913 1792 pugnam
2972 1724 3278 1792 profectos,
3325 1733 3538 1794 turpem
3568 1725 3770 1779 exitum

2097 1818 2149 1883 Β
2179 1821 2452 1876 habuisse.
2508 1821 2659 1875 Alter
2698 1821 2841 1876 enim
2869 1837 2927 1875 re
2955 1821 3147 1874 infecta
3177 1835 3298 1874 cum
3326 1821 3576 1876 omnibus
3605 1820 3774 1890 copiis

2179 1913 2535 1983 ignominiose
2579 1924 2877 1967 recesserat
2907 1928 2921 1966 :
2953 1913 3089 1967 alter
3125 1913 3180 1966 in
3211 1912 3388 1967 medio
3427 1913 3665 1967 exercitu
3690 1912 3764 1982 ju-

2175 2008 2388 2077 gulatus
2413 2048 2426 2071 ,
2467 2018 2718 2076 tanquam
2749 2006 2967 2060 fortuita
3017 2005 3206 2061 mortis
3251 2005 3430 2075 prmda
3475 2006 3769 2059 exstiterat.

2175 2099 2325 2167 limo,
2383 2099 2641 2168 inquam,
2699 2099 2879 2152 omnia
2927 2097 3248 2168 cogitatione
3298 2111 3391 2150 sua
3436 2097 3768 2166 complexus,

2174 2191 2305 2248 deos
2325 2193 2539 2263 quidem
2568 2195 2655 2263 qui
2687 2207 2948 2262 nusquam
2977 2199 3162 2246 eSsent
3198 2189 3427 2244 colendo
3455 2189 3642 2260 nugari
3665 2231 3678 2250 ,
3721 2200 3771 2243 ct

2173 2295 2296 2354 post
2323 2293 2402 2339 tot
2429 2299 2491 2338 ac
2521 2293 2666 2339 tanta
2695 2285 3012 2338 documenta
3042 2295 3188 2337 ezeco
3215 2280 3392 2335 adhuc
3409 2295 3594 2336 errore
3615 2279 3768 2340 ferri.

2173 2391 2399 2430 summa:
2424 2376 2710 2431 dementia:
2735 2391 2854 2430 esse
2871 2374 3232 2429 existimavit:
3253 2374 3426 2427 solum
3451 2389 3580 2428 vero
3597 2372 3769 2426 Deum

2173 2469 2428 2539 genitoris
2455 2469 2536 2524 sui
2565 2469 2664 2525 sibi
2689 2483 2808 2524 esse
2830 2466 3116 2523 colendum
3143 2468 3367 2522 censuit.

2735 2579 2962 2638 CAPUT
3002 2578 3238 2634 XXVIII.

2177 2675 2440 2744 Quomodo
2473 2676 2611 2732 Deus
2657 2677 2823 2730 oranti
2869 2675 3112 2727 visionem
3140 2671 3414 2726 ostenderit
3440 2671 3493 2723 in
3524 2670 3648 2724 creto
3674 2669 3764 2724 sub

2243 2769 2528 2833 mrridiem,
2561 2785 2759 2822 crucem
2786 2767 3010 2820 videlicet
3028 2766 3249 2820 lttcidant
3277 2781 3391 2818 cum
3420 2763 3766 2834 inscriptione,

2245 2872 2478 2914 monente
2498 2870 2552 2914 ut
2573 2861 2624 2914 in
2646 2860 2741 2914 hac
2768 2860 3002 2917 vinceret.

2245 2973 2414 3042 liuius
2449 2988 2580 3042 ergo
2623 2987 2781 3040 opem
2825 2969 3116 3042 implorare
3169 2970 3353 3040 carpit,
3403 2983 3566 3027 orans
3607 2977 3772 3040 atque

2169 3068 2463 3124 obsecrans
2477 3075 2536 3124 ut
2557 3084 2614 3124 se
2639 3067 2739 3137 ipsi
2773 3067 3101 3125 noscendum
3133 3065 3420 3134 praeberet,
3447 3080 3512 3120 ac
3531 3079 3770 3134 prazscnr

466 3134 697 3235 υξδεωθ
749 3138 2135 3235 ξγεαιωὶοι,-άοωίηαιῑοξιθμορρτςδεεθωξ(εοιιερίςδ
2171 3159 2312 3215 tibus
2371 3159 2598 3229 negotiis
2643 3134 2960 3228 adiutricem
3007 3172 3224 3214 manum
3268 3158 3588 3226 porrigeret.
3637 3156 3766 3218 ﬂare

469 3227 656 3298 ciens;
685 3229 918 3299 primum
942 3230 1166 3300 quidem
1192 3246 1312 3286 eam
1341 3231 1640 3289 vindicandi
1686 3249 1750 3290 ac
1799 3232 2065 3293 liberandi

2173 3252 2410 3320 precanti
2442 3267 2506 3306 ac
2539 3251 2850 3320 suppliciter
2897 3251 3186 3320 postulanti
3219 3249 3562 3318 imperatori,
3590 3248 3772 3306 aduri»

471 3319 654 3390 partes
694 3319 767 3378 iis
796 3321 960 3383 cessit
1000 3321 1096 3392 qui
1143 3322 1376 3392 reliquas
1422 3323 1631 3392 imperii
1673 3325 1882 3380 romani
1933 3339 2063 3392 por.

2169 3341 2343 3400 rabile
2363 3343 2631 3411 quoddam
2655 3343 2864 3412 signum
2883 3358 2916 3396 a
2941 3343 3053 3398 Deo
3073 3342 3296 3398 missum
3323 3341 3589 3411 apparuit.
3613 3341 3768 3408 Quod

466 3411 647 3474 tiones
674 3411 1025 3479 obtinebant,
1050 3422 1239 3484 utpote
1279 3421 1436 3476 aetate
1466 3414 1780 3482 potioribus.
1813 3415 1920 3476 Sed
1941 3431 2066 3472 cum
2167 3435 2219 3490 εί
2243 3434 2462 3504 (μωρίη
2512 3435 2580 3492 ab
2779 3433 3033 3504 quopiam
3075 3434 3386 3499 diceretur,
3429 3433 3571 3490 haud
3613 3432 3771 3496 facile

467 3507 649 3563 "unus
693 3523 880 3572 εοιὶυιη
911 3507 1160 3579 Opima”
1198 3519 1420 3578 Ροδεθιο
1468 3509 1710 3580 εκιθικιιιθ
1747 3510 1849 3580 ipsi
1890 3512 1983 3581 ριιί
2017 3511 2068 3568 δά
2166 3529 2444 3584 auditores
2489 3526 2650 3584 ﬁdem
2701 3536 2884 3584 essent
2935 3527 3184 3582 habituri.
3231 3526 3425 3586 Verum
3483 3541 3610 3586 cum
3656 3531 3770 3597 ipse

465 3609 680 3669 tentare
697 3602 988 3668 voluerant
1014 3602 1427 3673 ignominiosum
1451 3603 1654 3666 exitum
1679 3604 1826 3668 pacti
1851 3613 2065 3669 essent;

471 3695 638 3748 vitam
663 3695 768 3762 sibi
795 3695 1021 3752 minime
1046 3696 1264 3753 vitalem
1311 3711 1432 3756 esse
1459 3698 1736 3766 professus
1755 3737 1773 3763 .
1803 3702 1847 3754 si
1876 3697 2066 3757 urbem

469 3786 713 3856 omnium
745 3788 1015 3853 dominam
1043 3799 1192 3850 tanta
1223 3789 1540 3862 aegritudine
1583 3789 1836 3852 allectum
1882 3789 2064 3859 despi-

463 3887 658 3948 ceret,
679 3879 752 3946 ad
795 3881 1210 3954 restinguendam
1259 3881 1598 3953 tyrannidem
1639 3896 1766 3940 sese
1805 3881 2063 3942 minium.

1003 3995 1241 4052 CAPUT
1280 3993 1492 4054 XXVII.

481 4115 632 4182 Quod
654 4113 1016 4172 Constantinus
1044 4129 1218 4167 eorum
1239 4113 1328 4183 qui
1344 4113 1620 4166 simulacra
1644 4111 1917 4167 coluissent
1941 4111 2070 4166 inle-

546 4211 701 4264 ritum
729 4207 1061 4262 considerans
1093 4204 1540 4260 Christianismum
1561 4206 1731 4276 potius
1760 4205 1907 4275 elegit

543 4324 663 4380 Jam
693 4337 824 4378 vero
853 4337 974 4377 cum
1003 4321 1327 4391 intelligeret
1373 4329 1569 4390 praater
1600 4319 1860 4374 militares
1888 4321 2070 4390 copias

473 4418 844 4490 praestantiore
856 4417 1036 4487 aliquo
1059 4415 1300 4471 subsidio
1321 4414 1421 4469 sibi
1442 4428 1577 4484 opus
1602 4427 1744 4481 esse,
1769 4414 1841 4469 ob
1866 4413 2072 4469 malefi-

463 4527 566 4571 cos
579 4521 726 4569 artes
741 4510 1084 4582 magicaeque
1107 4509 1408 4578 praetigiss
1417 4522 1552 4578 quas
1567 4517 1822 4580 tyrannus
1835 4507 2072 4563 studiose

469 4606 888 4670 consectabatur
919 4623 933 4660 :
975 4604 1142 4661 Deum
1187 4602 1294 4657 sibi
1341 4600 1644 4671 adiutorem
1673 4601 1916 4671 qumsivit
1938 4619 1952 4667 ς
1978 4617 2064 4656 ar-
2093 4607 2149 4674 1)

469 4713 690 4756 morum
711 4696 928 4768 quidem
953 4705 1272 4764 apparatum
1295 4702 1354 4748 et
1371 4694 1605 4748 militum
1623 4695 1808 4764 copias
1825 4694 2069 4750 secundo

467 4789 598 4848 loco
621 4787 862 4852 ducens;
904 4787 1166 4844 auxilium
1201 4794 1384 4841 autem
1413 4784 1586 4841 divini
1613 4787 1854 4848 numinis
1899 4787 2068 4842 invic'

472 4891 590 4940 tum
615 4891 674 4942 et
715 4879 1134 4952 inexpugnabile
1179 4894 1302 4936 esse
1351 4878 1454 4934 sibi
1498 4880 1849 4949 persuadens.
1903 4881 2072 4952 igitur

473 4973 714 5043 Writers
736 4971 878 5044 apud
907 4988 969 5032 se
993 4971 1159 5042 capit
1182 4987 1504 5042 ,qnemuam
1535 4971 1636 5028 sibi
1673 4972 1844 5028 Deum
1891 4973 2071 5028 adsci-

473 5076 678 5128 sceret.
719 5064 880 5132 Quod
930 5063 1060 5126 dum
1101 5064 1336 5124 sollicite
1363 5063 1766 5135 inquiritﬁm
1792 5064 1871 5122 illi
1911 5065 2075 5122 subiit

472 5159 734 5230 cogitatio
759 5176 779 5216 ς
810 5174 876 5217 es
902 5158 1150 5229 plurimis
1183 5157 1278 5228 qui
1303 5167 1432 5214 ante
1472 5173 1534 5216 se
1568 5159 1853 5229 imperium
1883 5169 2074 5216 tenue-

481 5259 626 5317 rant,
667 5264 764 5312 eos
804 5249 1020 5321 quidem
1045 5247 1142 5320 qui
1173 5249 1226 5308 in
1265 5248 1489 5307 deorum
1537 5250 1880 5314 animatus
1921 5266 2071 5320 spem

477 5357 636 5408 suam
673 5342 1031 5406 collocassent
1053 5381 1068 5408 ,
1098 5352 1150 5400 et
1177 5341 1272 5411 qui
1304 5341 1534 5400 victimis
1563 5341 1684 5398 illos
1728 5358 1792 5398 ac
1831 5342 2073 5399 donariis

473 5435 796 5502 coluissent,
829 5434 1061 5505 prirnum
1091 5433 1353 5494 vaticiniis
1380 5434 1446 5492 ad
1469 5435 1889 5492 “scrutationem
1915 5450 2068 5491 com-

477 5529 694 5602 positis.
721 5539 776 5590 et
817 5529 1054 5588 oraculis
1079 5527 1250 5588 fausta
1279 5528 1462 5586 omnia
1512 5528 1896 5596 pollicentibus
1921 5527 2076 5584 dolo.-

481 5637 602 5690 ωε,
643 5621 861 5686 tandem
909 5620 1142 5682 intitusto
1177 5619 1365 5680 mortis
1405 5634 1609 5690 genere
1649 5621 1945 5687 interiisse;
1979 5635 2076 5677 nec

487 5717 716 5786 duorm
749 5729 1074 5786 queinquam
1099 5723 1298 5785 protelo
1324 5713 1430 5776 illis
1454 5713 1710 5780 adfuisse,
1751 5716 1843 5788 qui
1871 5731 1965 5773 eos
1991 5715 2077 5772 iu-

494 5818 654 5867 vecto
680 5807 936 5868 divinitus
961 5807 1124 5872 exitio
1145 5806 1416 5872 liberaret.
1449 5806 1633 5868 Solum
1657 5809 1824 5881 ipsius
1845 5820 2076 5880 patrem,

2172 3621 2359 3678 Victor
2386 3619 2658 3690 Augustus
2679 3619 2841 3677 nobis
2867 3620 2956 3690 qui
2989 3619 3123 3674 hanc
3151 3619 3433 3674 historiam
3459 3619 3766 3687 scribimus.

2171 3717 2482 3787 longopost
2508 3726 2785 3784 tempore,
2832 3731 2954 3770 eum
2987 3713 3236 3769 videlicet
3277 3715 3332 3770 in
3378 3713 3496 3783 ejus
3523 3715 3766 3774 notitiam

2174 3821 2229 3866 et
2245 3811 2659 3866 familiaritatem
2678 3810 3042 3880 pervenimus,
3063 3809 3113 3864 id
3128 3811 3440 3866 retuleritct
3461 3824 3766 3868 sermonem

2175 3906 2496 3959 sacramenti
2545 3905 2804 3974 religione
2836 3904 3164 3968 firmaverit;
3207 3904 3326 3973 quis
3359 3903 3578 3972 posthac
3609 3903 3765 3957 fidem

2173 3999 2300 4056 huic
2331 3998 2626 4054 narrationi
2673 3998 2934 4059 adhibere
2979 3997 3282 4054 dubitabit?
3313 3997 3617 4056 Praesertim
3643 4012 3765 4056 cum

2175 4091 2226 4144 id
2255 4089 2397 4159 quod
2424 4089 2767 4147 subsecutum
2797 4100 2880 4145 est
2906 4100 3150 4162 tempus,
3183 4089 3448 4146 sermonis
3480 4088 3636 4157 hujus
3676 4104 3770 4142 ve-

2175 4183 2386 4240 ritatem
2451 4184 2760 4237 testimonio
2809 4199 2904 4237 suo
2967 4185 3385 4238 conlirmaverit.
3458 4183 3615 4236 Horis
3660 4181 3770 4240 diei

2175 4276 2509 4344 meridianis,
2554 4275 2670 4332 sole
2715 4277 2766 4330 in
2813 4291 3063 4330 occasum
3115 4284 3389 4346 vergente,
3435 4275 3611 4330 crucis
3659 4284 3768 4328 tro-

2175 4386 2349 4450 pzrum
2379 4371 2428 4423 in
2459 4371 2598 4426 coelo
2625 4386 2688 4425 ex
2723 4370 2839 4425 luce
2866 4369 3176 4436 conﬂatum,
3210 4369 3310 4425 soli
3341 4367 3766 4440 superpositum,

2173 4463 2307 4534 ipsis
2356 4462 2524 4518 Oculis
2572 4478 2631 4515 se
2674 4461 2870 4518 vidisse
2913 4463 3238 4534 afﬁrmavit,
3287 4479 3408 4518 eum
3459 4457 3766 4532 hujusmotli

2177 4557 2523 4628 inscriptione
2555 4574 2567 4610 :
2598 4555 2706 4610 Hae
2733 4558 2906 4612 vince.
2939 4557 3017 4611 Eo
3046 4557 3162 4616 viso
3189 4567 3242 4610 et
3273 4555 3506 4626 seipsum
3543 4565 3598 4611 et
3626 4551 3770 4612 mili-

2178 4662 2256 4706 tes
2274 4667 2482 4720 omnes,
2511 4653 2598 4722 qui
2628 4653 2800 4724 ipsum
2824 4651 3006 4708 nescio
3031 4668 3136 4722 quo
3158 4652 3258 4706 iter
3278 4649 3558 4708 facientem
3578 4665 3771 4720 seque-

2171 4743 2387 4806 bantur,
2419 4754 2472 4797 et
2497 4744 2930 4814 quispectatores
2951 4741 3193 4796 miraculi
3222 4742 3451 4808 fuerant,
3473 4737 3767 4796 vehemen-

2175 4844 2258 4892 ter
2278 4833 2697 4904 obstupefactos.

2736 4947 2964 5008 CAPUT
3003 4947 3195 5006 XXIX.

2179 5048 2447 5118 Quomodo
2467 5045 2698 5106 Christus
2729 5045 3060 5102 Constantino
3093 5046 3146 5100 in
3174 5043 3364 5102 somnis
3390 5042 3546 5110 visus,
3577 5057 3769 5116 prtcceo

2248 5142 2378 5214 perit
2413 5151 2470 5200 ut
2510 5140 2658 5212 signo
2688 5139 2755 5195 ad
2792 5137 2956 5192 crucis
3001 5140 3221 5208 formant
3271 5139 3408 5208 facta
3453 5144 3674 5196 uteretur
3715 5135 3771 5199 in

2249 5235 2412 5298 battis.

2249 5345 2467 5402 Interim
2513 5345 2648 5416 ipse,
2693 5352 2753 5398 ut
2795 5342 2990 5408 aiebat,
3033 5341 3349 5397 addubitare
3385 5339 3566 5396 animo
3605 5343 3774 5413 erupit

2177 5440 2432 5512 quidnam
2473 5440 2575 5493 hoc
2623 5443 2896 5507 spectrum
2925 5436 3026 5491 sibi
3057 5435 3237 5491 vellet.
3267 5433 3540 5504 Cogitanti
3583 5435 3688 5506 ipsi
3715 5445 3774 5496 et

2177 5533 2270 5588 diu
2302 5531 2636 5600 multumque
2664 5529 2802 5598 apud
2829 5544 2889 5584 se
2911 5528 3195 5598 reputanti,
3218 5543 3319 5586 nos
3339 5526 3551 5583 tandem
3575 5543 3774 5597 super.-

2181 5629 2352 5681 venit.
2377 5624 2511 5680 Tum
2540 5639 2667 5680 vero
2692 5621 2940 5679 Christus
2961 5623 3052 5677 Dei
3079 5621 3368 5676 dormienti
3386 5623 3630 5692 apparuit
3646 5636 3772 5676 cum

2177 5724 2337 5792 signo
2359 5720 2452 5775 izlo
2469 5719 2612 5790 quod
2639 5720 2693 5774 in
2711 5718 2852 5774 omlo
2878 5726 3153 5771 ostensum
3169 5713 3366 5781 iuerat,
3393 5714 3774 5785 prteeepitque,

2187 5825 2245 5871 ut
2277 5814 2492 5870 militari
2534 5813 2689 5885 signo
2721 5811 2786 5868 ad
2813 5807 3220 5867 similitudinem
3249 5807 3366 5878 ejus
3392 5806 3531 5879 quod
3563 5807 3616 5863 in
3642 5807 3782 5866 coelo
3856 5827 3937 5874 κθ
