4142 6178
422 363 491 417 επ
1748 352 2018 411 ΕΠΒΕΒΙΙ
2059 353 2380 409 PAMI’IIILI
3645 346 3718 404 24

421 475 643 531 vidisset
676 473 933 530 fabricato
956 514 972 541 ,
1006 487 1073 529 eo
1105 481 1356 541 tanquam
1406 468 1623 524 salutari
1668 466 1920 538 przcsidio
1965 466 2019 520 in
2048 467 2102 526 Α
2127 473 2278 521 certo
2320 463 2544 520 habens.
2581 462 2793 518 Exinde
2839 464 3063 534 ipsemet
3106 461 3408 518 divinorum
3460 460 3718 517 librorum

422 567 628 639 prmliis
642 576 904 622 uteretur.

999 653 1229 709 CAPUT
1269 650 1443 707 XXX.

567 747 862 803 Fabricatio
892 747 1003 817 ejus
1030 746 1166 817 signi
1185 744 1252 797 ad
1276 743 1442 798 crucis
1467 742 1872 797 similitudinem.

492 864 588 921 Ille
617 864 788 934 primo
814 863 994 917 statim
1024 859 1259 913 diluculo
1296 873 1544 928 surgens,
1575 872 1828 912 arcanum
1856 870 2017 911 omne

420 956 608 1013 amicis
656 954 925 1025 exposuit.
979 951 1299 1007 Convocatis
1328 948 1523 1004 deinde
1546 949 1660 1003 auri
1689 964 1750 1002 ac
1781 963 2018 1018 gemma-

420 1066 539 1105 rum
587 1048 773 1113 fabris,
821 1046 1028 1102 medius
1057 1045 1197 1100 inter
1222 1059 1317 1099 eos
1354 1043 1570 1109 sedens,
1599 1043 1832 1113 speciem
1880 1041 2017 1111 signi

420 1146 500 1201 eis
530 1157 784 1199 sermone
829 1141 1104 1211 depinxit,
1150 1138 1417 1210 jussitque
1443 1147 1501 1191 ut
1531 1153 1663 1191 auro
1706 1151 1768 1191 ac
1819 1135 2017 1205 lapillis

420 1234 824 1292 similitudinem
851 1234 967 1304 ejus
1002 1232 1388 1302 exprimerent.
1423 1228 1574 1297 Quod
1606 1236 1661 1284 et
1690 1243 1785 1282 nos
1814 1227 2017 1297 aliquo-

412 1329 516 1383 ties
537 1328 718 1383 videre
747 1325 1106 1381 meminimus.

987 1441 1214 1498 CAPUT
1254 1440 1447 1497 XXXI.

423 1536 715 1610 Descriptio
739 1538 872 1609 signi
897 1537 1060 1590 instar
1083 1535 1250 1589 crucis
1286 1534 1495 1604 formati
1526 1534 1663 1604 quod
1691 1533 1911 1589 Romani
1941 1533 2017 1588 la-

1032 1631 1212 1685 barum
1237 1639 1434 1684 vocant.

493 1724 621 1778 Erat
645 1733 820 1778 autem
852 1722 1136 1792 ejusmodi.
1163 1722 1323 1776 Hasta
1353 1721 1561 1791 longior
1591 1736 1723 1776 auro
1748 1730 2015 1785 contecta,

421 1827 784 1873 transversam
824 1815 986 1871 habet
1027 1824 1314 1870 antennam
1346 1816 1514 1869 inStar
1537 1815 1730 1871 cntcis.
1764 1814 1934 1884 Supra
1963 1815 2014 1870 in

420 1912 537 1981 ipsa
560 1911 727 1965 hastae
765 1911 1072 1964 summitate
1097 1925 1298 1964 corona
1325 1921 1441 1964 erat
1485 1909 1666 1973 afﬂxa,
1698 1910 1925 1980 gemmis
1965 1920 2019 1965 et

420 2016 556 2056 auro
583 2011 856 2057 contexta.
893 2001 947 2056 In
979 2001 1079 2056 hac
1107 2000 1356 2055 salutaris
1379 2001 1753 2071 appellationis
1781 2002 2018 2071 signum;

419 2092 540 2148 dua:
578 2091 828 2147 videlicet
855 2090 1073 2159 litterze,
1106 2106 1299 2146 nomen
1327 2092 1526 2147 Christi
1562 2092 1749 2162 primis
1778 2093 2018 2162 apicibus

420 2186 772 2256 designabant
792 2227 808 2251 ,
840 2184 1015 2248 litera,
1044 2207 1108 2261 ρ,
1142 2185 1194 2239 in
1227 2185 1405 2239 medio
1433 2185 1515 2240 sui
1547 2184 1849 2239 decussata.
1874 2184 2019 2253 Quas

419 2280 635 2351 quidem
684 2279 868 2335 literas
899 2279 1194 2349 imperator
1242 2279 1294 2333 in
1339 2280 1491 2350 galea
1533 2287 1749 2350 gestare
1780 2280 2019 2348 postluec

416 2371 579 2428 etiam
617 2371 915 2425 consuevit.
950 2370 1118 2426 Porro
1155 2386 1221 2425 ex
1268 2380 1502 2426 antenna
1533 2386 1653 2442 quae
1682 2371 1897 2441 oblique
1922 2386 2016 2439 per

417 2465 626 2520 hastam
686 2463 906 2534 trajecta
961 2473 1064 2529 est,
1112 2464 1288 2518 velum
1332 2463 1601 2532 quoddam
1643 2462 2014 2532 dependebat;

419 2567 628 2614 textum
660 2557 913 2612 videlicet
944 2571 1271 2625 purpureum
1306 2555 1557 2625 pretiosis
1593 2554 1858 2625 lapidibus
1879 2554 2017 2609 inter

419 2664 480 2704 se
503 2648 725 2719 junctis,
754 2657 809 2701 et
834 2646 1051 2701 luminis
1067 2647 1147 2700 sui
1181 2645 1389 2716 fulgore
1417 2646 1602 2700 oculos
1630 2645 2019 2715 praestingnen-

423 2741 561 2796 tibus
592 2750 926 2809 coopertum,
961 2739 1236 2808 multoque
1255 2739 1542 2793 intertexto
1567 2753 1699 2791 auro
1728 2739 2021 2809 inexplica-

417 2833 582 2889 bilem
626 2831 910 2903 quamdam
943 2831 1354 2902 pulchritudinis
1399 2832 1635 2902 speciem
1687 2831 2018 2888 intuentibus

419 2927 685 2997 praebens.
712 2924 888 2996 Atque
925 2925 1029 2980 hoc
1055 2925 1231 2980 velum
1272 2933 1523 2979 antennte
1551 2924 1803 2993 al’fixum,
1837 2925 2020 2979 latitu-

417 3016 600 3072 dinem
648 3016 964 3087 longitudini
1007 3015 1269 3087 mqualetn
1312 3015 1519 3070 habuit.
1552 3016 1667 3086 Ipsa
1715 3031 1843 3071 vero
1870 3029 2016 3072 recta

419 3107 573 3162 basta
619 3109 687 3161 ab
740 3110 921 3162 intima
964 3109 1044 3161 sui
1076 3118 1226 3178 parte
1261 3108 1314 3162 in
1347 3123 1596 3178 magnam
1628 3109 2015 3179 longitudinem

420 3198 700 3269 producta,
734 3199 788 3253 in
819 3198 1080 3267 superiori
1108 3210 1255 3263 parte
1286 3199 1388 3253 sub
1418 3199 1534 3268 ipso
1561 3199 1737 3253 crucis
1763 3202 1916 3270 signo
1951 3200 2017 3254 ad

416 3288 589 3358 ipsam
618 3290 721 3343 veli
757 3288 916 3342 variis
962 3288 1234 3343 coloribus
1265 3288 1465 3358 depicti
1494 3290 1892 3356 summitatem,
1922 3305 2018 3344 au-

415 3396 565 3437 ream
588 3381 697 3436 Deo
709 3382 817 3436 cari
851 3381 1189 3451 imperatoris
1206 3390 1260 3436 et
1282 3382 1570 3437 liberorum
1591 3381 1709 3451 ejus
1727 3382 2015 3451 imaginem

415 3475 683 3545 depictam
714 3483 930 3545 pectore
962 3484 1118 3530 tenus
1153 3476 1438 3531 sublimem
1469 3475 1735 3545 gestabat.
1766 3473 1879 3530 Hoc
1920 3475 2017 3545 igi-

415 3576 505 3622 tur
553 3568 777 3622 salutari
825 3569 1016 3638 signo,
1061 3577 1313 3639 tanquam
1373 3570 1707 3623 munimento
1759 3568 2016 3624 adversus

413 3659 690 3730 oppositas
718 3661 1031 3729 quorumvis
1061 3661 1292 3716 hostium
1322 3661 1505 3730 copias
1544 3660 1840 3730 imperator
1869 3676 2013 3715 sem-

414 3765 516 3823 per
541 3757 626 3805 est
655 3765 819 3814 usus;
853 3749 1063 3819 aliaque
1082 3753 1148 3804 ad
1176 3754 1293 3820 ejus
1320 3750 1730 3806 similitudinem
1761 3765 2016 3821 expressa

415 3842 566 3913 signa
593 3843 802 3897 cunctis
830 3842 1156 3897 exercitibus
1186 3844 1422 3911 praeferri
1448 3843 1627 3913 jussit.

972 3955 1202 4011 CAPUT
1242 3954 1462 4011 XXXII.

419 4047 684 4115 Quomodo
733 4045 1101 4103 Constantinus
1156 4047 1558 4105 Catecltumenus
1608 4053 1773 4121 factus
1837 4068 2016 4107 sacras

886 4137 1187 4211 Scripturas
1209 4140 1494 4210 perlegerit.

489 4252 596 4309 Sed
634 4255 749 4307 haec
776 4261 980 4323 postea.
1015 4251 1166 4307 Tunc
1196 4266 1324 4307 vero
1353 4251 1658 4309 admirabili
1689 4255 1896 4311 visione
1922 4256 2020 4312 ob-

413 4346 778 4416 stupefactus,
819 4361 947 4400 cum
990 4343 1196 4399 nullum
1224 4344 1386 4398 alium
1436 4355 1630 4415 prznter
1659 4346 1806 4402 illum
1856 4363 2017 4419 quem

415 4442 626 4498 viderat
646 4439 814 4494 Deum
831 4438 931 4493 sibi
948 4438 1233 4493 colendum
1246 4452 1367 4493 esse
1384 4440 1681 4504 statuisset,
1697 4440 2017 4497 Sacerdotes

413 4549 626 4590 arcana:
653 4533 795 4586 illius
816 4531 1073 4586 doctrina:
1105 4532 1379 4603 mysteriis
1423 4530 1718 4587 instructos
1745 4534 1810 4588 ad
1842 4548 1902 4589 se
1927 4550 2018 4589 ac-

2046 1862 2096 1922 B

2121 555 2339 612 lectioni
2381 571 2573 611 vacare
2612 555 2873 620 instituit,
2904 564 2960 609 et
2984 569 3106 609 cum
3137 554 3446 610 sacerdotes
3477 554 3571 611 Dei
3615 555 3717 611 sibi

2120 662 2426 703 assessores
2440 645 2778 714 adscivisset,
2798 646 2964 701 Deum
2983 646 3131 700 illum
3150 662 3307 716 quem
3322 646 3551 713 viderat,
3570 647 3718 701 omni

2120 740 2461 795 observantia
2492 740 2775 795 colendum
2825 754 2946 795 esse
2995 739 3165 794 duxit.
3199 739 3449 796 Posmtec
3484 742 3719 797 munitus

2121 847 2218 901 spe
2243 832 2382 887 bona
2407 847 2569 904 quam
2601 832 2653 886 in
2684 832 2774 888 illo
2810 831 3188 899 collocaverat;
3234 832 3495 903 tyrannici
3526 833 3720 889 furoris

2120 925 2428 980 incendium
2453 925 2787 994 restinguere
2819 939 3102 995 aggressus
3132 936 3236 981 est.

2663 1060 2892 1117 CAPUT
2927 1060 3165 1117 XXXIII.

2284 1153 2362 1208 De
2391 1153 2655 1208 adulteriis
2686 1170 2716 1205 a
2742 1153 3000 1208 Maxentio
3028 1151 3207 1207 Romae
3233 1154 3554 1225 perpetratis.

2195 1268 2405 1339 Quippe
2447 1269 2536 1324 ille
2562 1269 2651 1339 qui
2675 1269 2864 1323 urbem
2895 1267 3094 1339 regiam
3125 1282 3222 1335 per
3249 1267 3584 1339 tyrannidem
3626 1282 3719 1324 oc-

2123 1369 2451 1431 cupaverat,
2486 1374 2552 1413 eo
2593 1359 2883 1430 impietatis
2921 1373 2984 1413 ac
3031 1358 3213 1429 ﬂagitii
3256 1369 3611 1427 processerat,
3664 1366 3722 1413 ut

2122 1452 2353 1523 quodvis
2398 1451 2658 1506 nefarium
2708 1462 2869 1521 atque
2910 1450 3175 1520 impurum
3220 1447 3429 1505 facinus
3465 1450 3720 1505 audacter

2122 1544 2440 1613 susciperet.
2490 1542 2705 1597 Etenim
2751 1555 2944 1596 uxores
2991 1556 3087 1612 per
3134 1541 3478 1596 divortiuma
3517 1542 3722 1598 maritis

2124 1637 2393 1706 sejunctas
2434 1637 2693 1702 violavit,
2740 1634 3067 1706 easdemque
3121 1633 3347 1689 violatas
3394 1635 3461 1689 ad
3501 1635 3724 1690 maritos

2126 1731 2356 1786 remisit.
2390 1729 2574 1798 Neque
2602 1745 2728 1784 vero
2766 1728 3011 1783 homines
3040 1728 3300 1783 obscuros
3326 1736 3486 1799 atque
3513 1728 3724 1800 ignobi-

2125 1823 2225 1888 les,
2246 1822 2339 1878 sed
2360 1822 2506 1891 ipsos
2523 1822 2783 1890 primores
2798 1831 3018 1875 senatus
3033 1818 3281 1885 Romani,
3302 1835 3367 1873 eo
3380 1820 3723 1876 contumelia:

2124 1930 2323 1987 genere
2350 1914 2546 1969 affecit.
2573 1913 2840 1969 Caeterum
2863 1929 2982 1967 cum
3006 1913 3315 1968 innumeras
3341 1914 3451 1968 fere
3470 1913 3725 1969 mulieres

2126 2010 2387 2080 ingenuas
2415 2007 2557 2065 foede
2600 2007 2850 2075 violaret,
2894 2007 3300 2062 immoderatam
3333 2016 3509 2061 tamen
3562 2007 3728 2062 animi

2124 2105 2203 2156 sui
2220 2102 2495 2156 libidinem
2517 2102 2821 2156 nullatenus
2839 2110 3050 2172 poterat
3065 2101 3305 2172 explere;
3322 2100 3427 2156 Sed
3448 2109 3729 2171 postquam

2125 2194 2383 2247 mulieres
2428 2193 2753 2249 christianas
2784 2192 3077 2248 sollicitare
3103 2194 3289 2262 cmpit,
3323 2191 3482 2246 nullis
3525 2194 3730 2249 artibus

2123 2285 2387 2356 perﬁcere
2428 2285 2600 2356 potuit
2644 2295 2704 2339 ut
2742 2300 2927 2340 earum
2974 2298 3269 2356 congressu
3307 2282 3594 2340 frueretur.
3637 2285 3730 2340 Ila:

2123 2393 2352 2449 namque
2398 2378 2629 2432 animam
2676 2378 2782 2433 leto
2817 2377 3091 2447 objicere,
3138 2392 3297 2449 quam
3350 2391 3545 2448 corpus
3584 2376 3728 2432 eiad

2125 2480 2372 2540 stuprum
2404 2470 2717 2539 permittere
2751 2468 3044 2524 malebant.

2679 2579 2904 2636 CAPUT
2928 2578 3168 2634 XXXIV.

2126 2692 2393 2760 Quomodo
2415 2709 2545 2747 uxor
2563 2692 2812 2765 praefecti,
2857 2692 3120 2763 pudicitiae
3140 2694 3404 2749 seruanda:
3420 2710 3578 2748 causa
3603 2711 3731 2750 mor-

2665 2798 2763 2842 tem
2792 2786 2889 2842 sibi
2914 2789 3171 2843 conscivit.

2194 2900 2448 2969 Quaedam
2482 2916 2552 2957 ex
2579 2900 2662 2956 his
2685 2942 2701 2969 ,
2735 2910 2896 2973 nupta
2945 2903 3200 2958 senatorii
3231 2903 3435 2960 ordinis
3486 2906 3602 2961 viro
3640 2907 3732 2977 qui

2119 2992 2499 3065 praefecturam
2556 2993 2998 3063 administrabat,
3047 3009 3168 3050 cum
3217 2995 3478 3052 satellites
3535 2997 3730 3068 quibus

2125 3095 2385 3157 tyrannus
2426 3084 2736 3154 hujusmodi
2776 3084 3102 3156 ﬂagitiorum
3145 3088 3412 3143 ministris
3454 3088 3726 3156 utebatur,

2125 3194 2224 3246 pro
2253 3176 2459 3232 foribus
2482 3168 2673 3231 adesse
2699 3178 3073 3246 comperisset,
3107 3188 3161 3233 et
3199 3180 3373 3233 virum
3400 3194 3554 3234 suum
3582 3187 3729 3234 metu

2044 3244 2091 3308 ο
2125 3244 2378 3325 adactum
2410 3270 2722 3340 permisisse
2753 3244 2861 3325 illis
2880 3280 2940 3324 ut
2968 3285 3027 3325 se
3050 3270 3374 3342 prehensam
3400 3271 3730 3348 abducerent

2125 3364 2145 3436 (
2170 3371 2287 3418 erat
2329 3374 2509 3419 autem
2537 3363 2733 3418 mulier
2767 3361 3103 3436 christiana)
3127 3364 3294 3420 breve
3323 3366 3579 3436 temporis
3609 3380 3730 3436 spa-

2123 3457 2255 3511 tium
2302 3455 2525 3511 concedi
2579 3456 2679 3511 sibi
2714 3456 2975 3528 ﬂagitavit
3003 3456 3070 3511 ad
3101 3471 3296 3527 corpus
3324 3458 3554 3512 solemni
3582 3458 3729 3512 cultu
3826 3452 3829 3453 ⁷

2121 3548 2512 3603 exornandum.
2546 3547 2615 3602 Et
2642 3549 2946 3604 cubiculum
2976 3551 3212 3620 ingressa
3234 3591 3249 3613 ,
3280 3551 3449 3605 solam
3482 3566 3542 3607 se
3568 3552 3727 3608 relic-

2127 3652 2234 3695 tam
2293 3639 2500 3707 videns,
2545 3640 2783 3711 gladium
2838 3642 3041 3712 pectori
3088 3642 3381 3708 immersit;
3433 3643 3724 3715 statimque

2121 3732 2463 3799 exanimata,
2505 3732 2736 3789 cadaver
2778 3735 2991 3805 quidem
3036 3734 3446 3805 perductoribus
3488 3737 3722 3808 reliquit.

2122 3824 2259 3895 Ipsis
2296 3840 2427 3881 vero
2473 3825 2625 3881 factis
2660 3842 2780 3897 quae
2826 3828 2970 3882 omni
3022 3842 3151 3882 voce
3196 3828 3398 3884 clarius
3444 3839 3720 3898 resonant,

2120 3918 2330 3974 cunctis
2356 3920 2445 3990 qui
2474 3934 2615 3975 nunc
2631 3929 2760 3974 sunt
2784 3930 2840 3975 et
2866 3922 2955 3991 qui
2981 3920 3203 3992 posthac
3228 3932 3388 3976 erunt
3408 3923 3725 3978 mortalibus

2121 4009 2417 4066 declaravit
2440 4053 2457 4080 ,
2503 4013 2819 4082 pudicitiam
2866 4029 3032 4083 penes
3060 4014 3206 4069 solos
3234 4015 3560 4071 christianos
3587 4015 3724 4070 invi-

2120 4109 2263 4156 ctam
2311 4113 2471 4172 atque
2533 4103 3034 4173 inexpugnabilem,
3090 4119 3191 4160 nec
3236 4106 3396 4161 morti
3435 4106 3722 4163 obnoxiam

2120 4204 2260 4245 esse.
2290 4190 2467 4261 Atque
2496 4190 2613 4247 haec
2643 4192 2861 4262 quidem
2884 4193 2955 4246 ita
2984 4206 3042 4247 se
3061 4194 3245 4263 gessit.

2677 4301 2904 4361 CAPUT
2944 4303 3165 4360 XXXV.

2369 4419 2543 4474 Credes
2572 4421 2754 4492 populi
2781 4421 3001 4476 Boviani
3014 4423 3170 4491 jussu
3201 4422 3469 4481 Maxentii.

2194 4529 2330 4586 Eum
2356 4530 2518 4603 igitur
2541 4530 2609 4587 ad
2630 4532 2894 4600 ejusmodi
2916 4532 3154 4590 facinora
3184 4550 3306 4590 eum
3327 4538 3474 4595 omni
3497 4538 3718 4595 audacia

413 4627 651 4692 cersivit;
667 4637 720 4681 et
736 4627 981 4697 quisnam
1002 4625 1093 4680 ille
1109 4626 1248 4680 Deus
1264 4637 1408 4680 esset
1426 4624 1802 4697 interrogavit,
1821 4628 2017 4698 quidve
2040 4639 2097 4700 Ῑ)
2124 4636 2560 4695 prorumpentem
2579 4627 2757 4681 cuncti
2777 4627 3209 4696 reformidantes,
3240 4640 3348 4686 tam
3372 4632 3719 4704 plebeiquam

413 4720 551 4792 signi
597 4719 740 4774 illius
778 4718 915 4773 visio
951 4717 1054 4773 sibi
1101 4718 1284 4773 vellet.
1319 4717 1396 4772 Illi
1429 4718 1571 4773 hunc
1599 4718 1814 4789 quidem
1846 4720 2012 4777 Deum

415 4828 538 4869 esse
570 4812 844 4877 dixerunt,
875 4811 1033 4865 unius
1074 4825 1137 4865 ac
1179 4809 1349 4865 solius
1382 4811 1472 4865 Dei
1508 4811 1722 4865 unicum
1755 4810 1951 4867 Filium
1997 4832 2010 4867 :

412 4907 624 4976 signqu
653 4919 782 4960 vero
820 4904 948 4959 illud
971 4903 1112 4974 quod
1138 4914 1413 4959 ostensum
1447 4903 1658 4971 fuisset,
1694 4905 2013 4962 immortali-

413 5002 537 5056 tatis
568 4998 868 5071 symholum
900 5013 1042 5061 esse,
1072 5008 1123 5052 et
1157 5006 1413 5067 tropa:qu
1447 4999 1688 5054 victoriae
1717 5016 1878 5068 quam
1920 5001 2012 5057 ille

413 5094 469 5149 in
502 5094 660 5147 terris
711 5092 837 5146 olim
888 5100 1152 5157 versatus,
1184 5091 1251 5146 de
1281 5101 1455 5146 morte
1506 5093 1797 5149 retulisset.
1843 5095 2014 5151 Simul

411 5201 606 5241 causas
631 5186 773 5240 illius
809 5184 1068 5240 adventus
1095 5200 1217 5240 eum
1246 5186 1565 5251 docuerunt,
1595 5199 1895 5244 accuratam
1927 5189 2014 5244 in-

415 5278 748 5334 carnationis
764 5278 1025 5331 rationem
1045 5278 1093 5331 ei
1110 5288 1462 5348 exponentes.
1489 5279 1559 5333 At
1575 5279 1665 5334 ille
1688 5279 1785 5333 hos
1798 5280 2012 5350 quidem

414 5386 695 5428 sermones
724 5368 966 5425 discendi
987 5370 1214 5441 cupidus
1236 5371 1589 5426 auscultabat.
1624 5370 1887 5427 Cancrum
1917 5373 2011 5428 Dei

410 5461 717 5536 prmsentiae
735 5463 849 5518 suis
869 5462 1248 5532 conspectibus
1275 5461 1526 5518 exhibita:
1552 5463 1910 5521 admiratione
1934 5472 2013 5521 te-

410 5555 660 5612 nebatur.
704 5552 948 5625 Cumque
1004 5553 1281 5611 etelestem
1330 5555 1479 5610 illam
1524 5555 1783 5611 visionem
1825 5566 1880 5612 et
1924 5572 2013 5613 sa-

408 5647 763 5706 cerdotalium
809 5662 1118 5704 sermonum
1190 5648 1690 5719 interpretationem
1749 5650 1891 5706 inter
1950 5666 2011 5708 se

407 5741 756 5808 contulisset,
807 5739 1155 5795 confirmatus
1210 5749 1295 5797 est
1343 5741 1545 5809 animo,
1579 5739 1770 5797 harum
1826 5759 2008 5800 rerum

408 5837 770 5909 cognitionem
834 5834 930 5893 Dei
978 5834 1145 5906 ipsius
1187 5834 1498 5906 magisterio
1561 5834 1665 5894 sibi
1714 5837 1848 5896 tradi
1911 5853 2008 5911 pro

2118 4720 2495 4788 magistratus,
2532 4728 2639 4773 tam
2684 4718 2895 4775 nobiles
2919 4734 3081 4790 quam
3110 4721 3358 4788 obscuri,
3399 4725 3717 4795 gravissima

2119 4811 2400 4883 tyrannide
2423 4812 2884 4882 opprimebantur.
2919 4816 2998 4868 Ac
3029 4815 3240 4869 tametsi
3268 4815 3449 4886 quiete
3487 4827 3712 4889 agerent

2117 4914 2172 4960 et
2198 4905 2606 4961 acerbissimam
2643 4907 2956 4962 servitutem
3002 4910 3267 4978 patienter
3302 4912 3614 4976 tolerarent.
3649 4929 3717 4971 ne

2119 4998 2197 5054 sic
2231 5009 2409 5054 tamen
2438 4999 2607 5054 vitare
2639 5009 3182 5070 poterantcruentam
3213 5005 3424 5075 tyranni
3454 5006 3715 5063 atrocita-

2119 5100 2248 5148 tem.
2298 5093 2572 5164 Denique,
2621 5092 2855 5164 quodam
2901 5093 2990 5150 die
3028 5095 3354 5151 levissimam
3388 5097 3460 5153 ob
3497 5112 3713 5154 causam

2116 5184 2373 5255 p0pulum
2404 5185 2703 5241 Romanum
2729 5188 3068 5256 praetorianis
3103 5189 3360 5245 militibus
3388 5192 3716 5246 obtruncan-

2114 5276 2243 5332 dum
2269 5277 2492 5333 dedidit.
2520 5276 2695 5348 Atque
2722 5275 2794 5333 ita
2836 5279 3244 5336 innumerabilis
3283 5282 3569 5339 multitudo
3611 5298 3713 5354 po-

2125 5368 2235 5437 puli
2271 5369 2530 5437 Rumaui,
2567 5383 2675 5424 non
2716 5368 3040 5442 Scytharum
3079 5387 3144 5428 ac
3187 5373 3579 5444 Barbarorum,
3615 5376 3713 5433 sed

2120 5459 2317 5516 civium
2359 5477 2578 5517 suorum
2609 5462 2782 5519 hastis
2817 5465 3090 5532 armisque
3129 5467 3181 5522 in
3215 5469 3395 5524 media
3437 5473 3571 5526 urbe
3599 5480 3713 5526 tru-

2118 5553 2291 5611 cidata
2314 5566 2417 5611 est.
2442 5556 2667 5625 Quanta:
2688 5573 2852 5629 porro
2870 5557 3186 5616 Senatorum
3207 5562 3386 5619 credes
3409 5564 3562 5621 facta:
3579 5567 3707 5632 sint,

2117 5659 2179 5705 ut
2206 5651 2259 5705 in
2287 5650 2426 5706 bona
2455 5651 2876 5722 uniuscujusque
2899 5667 3089 5707 eorum
3118 5654 3486 5725 invaderetur,
3514 5675 3707 5718 nume-

2116 5745 2225 5803 rari
2254 5745 2402 5801 nullo
2427 5745 2589 5802 modo
2617 5755 2827 5817 potest;
2855 5761 2977 5802 cum
3003 5749 3242 5819 quotidie
3271 5751 3486 5824 plurimi
3507 5755 3715 5814 conde»

2118 5838 2188 5898 tis
2214 5839 2377 5903 variis
2397 5838 2716 5901 criminibus
2744 5837 3196 5900 interﬁcerentur.
