4142 6178
370 313 444 371 25
1455 316 1544 371 DE
1588 315 1745 372 Vl'l‘A
1787 313 2243 373 CONSTANTINI
2283 317 2481 373 LIBER
2523 320 2561 375 l.
3599 314 3673 373 26

914 431 1144 488 CAPUT
1185 431 1428 489 XXXVI.

372 551 603 626 Magicae
625 560 755 605 artes
778 547 1049 617 Maxentii,
1069 558 1116 603 et
1136 549 1491 603 alimentorum
1522 550 1738 622 penuria
1766 547 1967 605 Romw.

449 665 688 721 Tandem
717 680 847 719 vero
875 675 1135 737 tyrannus
1176 664 1473 720 sceleribus
1493 665 1604 720 suis
1626 666 1775 737 quasi
1802 664 1970 736 quod-

370 759 499 814 dam
546 759 851 830 fastigium,
897 759 1114 829 magicte
1161 759 1293 812 artis
1333 759 1632 830 prtestigias
1679 761 1967 830 imposuit,

373 868 521 908 nunc
567 852 833 907 mulieres
878 850 1121 921 gravidas
1164 850 1472 918 dissecatis,
1524 868 1665 907 nunc
1706 852 1968 907 infantum

370 959 563 1001 recens
604 946 659 999 in
712 944 889 999 lucem
940 942 1205 998 editorum
1260 943 1465 998 rimans
1510 944 1742 1010 viscera,
1784 944 1969 999 leones

371 1055 591 1111 quoque
622 1037 888 1093 interdum
918 1044 1179 1104 mactans,
1211 1045 1263 1091 et
1290 1036 1532 1106 quaedam
1556 1035 1784 1092 nefanda
1816 1052 1970 1106 pera-

367 1146 505 1203 gens
553 1145 706 1185 sacra
758 1128 825 1183 ad
871 1127 1148 1183 dtemones
1188 1128 1529 1193 evocandos,
1569 1138 1624 1183 et
1665 1127 1733 1183 ad
1769 1127 1967 1183 bellum

369 1224 515 1296 quod
561 1224 672 1294 jam
714 1222 971 1288 instabat,
1003 1220 1406 1291 depellendum.
1454 1220 1547 1277 llis
1573 1222 1716 1277 enim
1761 1221 1966 1276 artibus

365 1318 654 1373 victoriam
700 1330 758 1369 se
809 1314 1126 1385 adepturum
1165 1314 1435 1384 sperabat.
1497 1314 1593 1369 Hic
1638 1315 1798 1385 igitur
1838 1314 1964 1369 dum

365 1408 563 1463 Romae
584 1406 918 1479 tyrannidem
941 1417 1188 1472 exercet,
1214 1407 1299 1461 vix
1321 1406 1426 1461 dici
1453 1417 1625 1478 potest
1646 1417 1773 1476 quot
1798 1424 1964 1478 quatt-

367 1502 550 1572 tisque
584 1500 741 1556 malis
788 1500 1033 1555 subditos
1066 1503 1396 1572 Oppresserit
1436 1510 1596 1573 atque
1640 1502 1691 1556 in
1733 1504 1961 1558 servitu-

365 1602 481 1648 tem
512 1591 778 1662 redegerit
808 1613 820 1647 :
852 1591 986 1647 adeo
1015 1603 1070 1646 ut
1099 1592 1162 1647 ad
1204 1603 1499 1648 extremam
1549 1594 1679 1649 trusi
1716 1596 1824 1649 sint
1859 1596 1960 1650 ali-

362 1696 675 1743 mentorum
711 1688 1008 1756 penuriam,
1041 1688 1250 1758 qualem
1299 1698 1455 1744 antea
1496 1688 1682 1745 Romae
1723 1706 1958 1760 unquam

361 1780 558 1846 fuisse,
589 1779 735 1834 nulla
764 1779 1040 1836 hominum
1073 1782 1244 1838 :etatis
1270 1792 1469 1837 nostrae
1493 1784 1751 1839 memoria
1778 1799 1957 1839 recor-

358 1873 547 1929 datur.

902 1946 1130 2003 CAPUT
1166 1946 1437 2006 XXXVII.

637 2064 888 2120 Maxentii
915 2065 1165 2120 exercitus
1190 2065 1242 2119 in
1267 2064 1425 2120 Italia
1451 2067 1696 2137 superati.

439 2176 525 2233 0b
557 2178 673 2234 haec
708 2186 901 2233 cuneta
939 2177 1126 2233 dolore
1174 2192 1237 2233 ac
1280 2177 1620 2235 miseratione
1661 2192 1964 2240 commotus

362 2270 787 2339 Constantinus,
822 2271 967 2326 omni
998 2271 1186 2327 bellico
1216 2283 1474 2343 apparatu
1502 2273 1758 2332 adversus
1783 2286 1965 2349 tyran-

360 2365 551 2420 nidem
569 2379 687 2419 sese
707 2364 979 2418 instruxit.
1004 2364 1243 2435 Cumque
1256 2380 1522 2421 summurn
1541 2369 1778 2423 omnium
1797 2371 1959 2423 ticum

354 2468 653 2530 patronum
690 2457 792 2512 sibi
818 2456 1170 2523 adscivisset.
1209 2458 1588 2533 Christumque
1620 2464 1735 2534 ejus
1765 2464 1958 2519 Filium

355 2560 702 2606 servatorem
731 2559 892 2620 atque
929 2551 1303 2608 auxiliatorem
1335 2554 1671 2621 invocasset;
1706 2566 1760 2611 et
1789 2556 1961 2612 victo-

353 2648 460 2700 riae
493 2653 757 2714 tropaeum
781 2686 796 2711 ,
830 2644 1065 2700 salutare
1095 2646 1300 2701 scilicet
1341 2648 1553 2718 signum
1595 2657 1722 2705 ante
1762 2648 1959 2704 milites

351 2753 424 2793 ac
449 2738 743 2808 Stipatores
764 2751 891 2791 suos
912 2739 1208 2803 statuisset,
1232 2754 1352 2792 cum
1382 2739 1527 2794 omni
1563 2743 1805 2796 exercitu
1835 2757 1959 2811 pro-

352 2847 585 2902 gressus
613 2840 716 2897 est,
747 2845 813 2885 eo
841 2830 1070 2885 consilio
1100 2839 1158 2885 ut
1182 2831 1441 2887 Romanis
1473 2832 1774 2888 libertatem
1799 2850 1959 2905 quam

352 2941 390 2982 a
421 2924 720 2996 majoribus
756 2925 867 2980 suis
904 2933 1262 2993 acceperant,
1302 2926 1604 2981 interventu
1652 2942 1751 2981 suo
1804 2929 1954 2982 resti-

353 3027 561 3073 tueret.
584 3015 753 3071 Porro
776 3030 895 3070 cum
924 3016 1225 3070 Maxentius
1250 3018 1576 3087 magicarum
1605 3018 1799 3072 artium
1832 3033 1958 3089 prae-

353 3111 541 3182 stigiis
569 3110 738 3180 magis
758 3124 917 3179 quam
946 3107 1280 3163 subditorum
1304 3110 1674 3165 benevolentia
1700 3111 1956 3177 conﬁsus,

1998 431 2327 495 Avidelicet
2382 448 2503 489 cum
2545 433 2720 489 divina
2775 430 2974 491 virtute
3031 432 3378 489 Constantini
3430 432 3671 504 partibus

2075 527 2367 583 auxiliante
2394 528 2445 583 in
2478 526 2655 598 fugam
2677 535 2850 595 actus,
2874 526 3091 582 ﬂuvium
3118 527 3223 583 sibi
3249 526 3522 597 obiectum
3546 541 3665 597 per-

2075 620 2367 675 transiret:
2396 620 2447 674 in
2471 635 2577 690 quo
2598 661 2613 686 ,
2648 631 2811 690 ponte
2848 635 2912 676 ex
2954 619 3169 688 scaphis
3211 620 3519 675 ﬁrmissime
3543 635 3673 676 con-

2076 712 2334 775 tabulato,
2374 713 2490 782 ipse
2532 713 2830 768 machinam
2873 713 3160 781 quamdam
3193 713 3245 767 in
3295 728 3446 767 suam
3496 713 3666 785 ipsius

2074 805 2364 876 perniciem
2393 813 2790 869 construxerat,
2818 806 2925 861 Deo
2954 805 3209 860 dilectum
3236 804 3535 876 principem
3562 804 3663 860 bu-

2068 898 2303 969 jusmodi
2343 898 2468 953 dolo
2508 900 2866 969 interceptum
2910 898 2973 954 iri
3015 914 3262 968 sperans.
3295 898 3495 955 Verum
3545 899 3668 956 huic

2071 990 2290 1061 quidem
2322 991 2463 1046 Deus
2505 1006 2663 1061 quem
2695 991 2938 1059 colebat,
2982 991 3186 1047 auxilio
3232 989 3418 1046 adfuit.
3458 993 3526 1046 At
3569 992 3669 1047 im-

2071 1084 2190 1154 pius
2214 1082 2330 1147 ille,
2359 1082 2599 1138 occultas
2631 1083 2907 1138 machinas
2932 1083 2985 1137 in
3013 1098 3170 1138 suum
3193 1082 3362 1153 ipsius
3381 1090 3541 1153 caput
3565 1083 3668 1138 mi-

2071 1189 2162 1230 ser
2189 1176 2539 1246 comparavit.
2575 1175 2808 1232 Proinde
2843 1186 2898 1232 et
2940 1176 3042 1231 hoc
3070 1177 3265 1232 merito
3308 1176 3412 1232 dici
3452 1177 3661 1247 potuit:

2072 1267 2327 1324 Scrobem
2369 1269 2581 1338 aperuit
2620 1278 2779 1339 atque
2824 1268 3026 1336 effodit,
3057 1278 3112 1324 et
3153 1269 3204 1323 in
3249 1269 3456 1325 foveam
3503 1284 3661 1339 quam

2069 1358 2196 1415 fecit
2226 1361 2339 1429 ipse
2364 1360 2583 1415 incidet.
2608 1361 2966 1417 Convertctur
2993 1361 3144 1416 labor
3170 1360 3287 1431 ejus
3309 1360 3360 1415 in
3390 1361 3663 1431 proprium

2071 1455 2241 1525 ipsius
2269 1467 2453 1525 caput,
2482 1465 2534 1511 et
2565 1455 2616 1511 in
2649 1458 2907 1512 verticem
2939 1457 3105 1527 ipsius
3127 1454 3386 1522 injustitia
3423 1455 3538 1525 ejus
3574 1471 3665 1510 re-

2066 1548 2228 1603 cidet.
2262 1547 2353 1603 Sic
2396 1548 2555 1619 igitur
2594 1550 2855 1605 machinis
2888 1565 3009 1620 quae
3054 1550 3106 1603 in
3143 1558 3308 1620 ponte
3343 1556 3665 1603 constructte

2066 1642 2274 1698 fuerant
2302 1658 2423 1699 eum
2455 1643 2660 1699 occulta
2702 1643 2946 1713 decipula
2996 1654 3236 1713 tempore
3279 1640 3499 1696 minime
3539 1655 3666 1711 Spe-

2063 1746 2183 1791 rato
2214 1736 2525 1803 dissolutis,
2577 1736 2833 1790 transitus
2873 1733 3089 1805 quidem
3133 1732 3417 1788 subsidere
3458 1732 3660 1803 coepit:

1990 1825 2039 1885 B
2070 1829 2280 1899 navigia
2308 1845 2437 1884 vero
2467 1830 2626 1884 simul
2652 1844 2772 1883 cum
2803 1828 2933 1898 ipsis
2965 1826 3271 1882 hominibus
3295 1834 3517 1897 repente
3538 1838 3662 1895 pes-

2077 1924 2331 1980 sumiere.
2381 1924 2450 1979 Et
2499 1923 2680 1979 infelix
2746 1923 2837 1979 ille
2883 1922 3123 1977 omnium
3177 1922 3420 1992 primus,
3469 1918 3666 1976 deinde

2068 2018 2244 2072 cuncti
2274 2031 2409 2088 quos
2430 2017 2572 2072 circa
2614 2031 2674 2071 se
2711 2015 2947 2071 habebat
2976 2023 3316 2085 protectores
3345 2029 3409 2069 ac
3437 2015 3663 2084 stipato-

2068 2127 2155 2166 res
2175 2151 2191 2178 ,
2220 2111 2359 2165 sicut
2385 2111 2564 2165 divina
2598 2110 2973 2180 praedixerunt
2998 2108 3214 2163 oracula
3233 2150 3248 2174 ,
3278 2108 3448 2162 instar
3489 2108 3665 2178 plum-

2067 2201 2183 2257 beae
2222 2216 2415 2256 massae
2458 2200 2513 2255 in
2551 2201 2875 2255 altissimum
2903 2198 3170 2271 gurgitem
3210 2198 3477 2254 cecidere.
3511 2198 3665 2255 Adeo

2065 2303 2123 2347 ut
2153 2292 2352 2347 milites
2372 2293 2462 2363 qui
2486 2303 2610 2347 tunc
2637 2309 2739 2364 ope
2769 2292 2936 2348 divini
2964 2290 3208 2347 Numinis
3252 2291 3532 2347 victoriam
3570 2290 3664 2346 ad-

2064 2384 2173 2453 epti
2204 2390 2348 2445 sunt,
2388 2383 2608 2451 perinde
2635 2398 2698 2437 ac
2720 2384 2846 2437 olim
2880 2382 3134 2438 Israelita:
3161 2396 3298 2451 quos
3321 2396 3544 2452 magnus
3569 2382 3662 2439 ille

2065 2474 2158 2529 Dei
2187 2471 2421 2528 famulus
2461 2476 2637 2530 Moses
2671 2473 2934 2540 ducebat,
2979 2474 3172 2528 merito
3206 2473 3250 2527 si
3290 2489 3397 2527 non
3442 2472 3657 2541 verbis,

2063 2568 2254 2623 saltem
2284 2568 2446 2635 rebus
2475 2568 2604 2633 ipsis
2630 2566 2817 2622 eadem
2846 2581 2967 2637 quae
2994 2565 3070 2619 illi
3099 2564 3369 2635 quondam
3392 2564 3653 2621 adversus

2065 2660 2286 2729 impium
2319 2660 2466 2715 illum
2500 2659 2835 2713 Pharaonem
2872 2658 3136 2712 cantatnri
3184 2657 3381 2712 fuerint
3424 2657 3475 2710 in
3517 2656 3661 2711 hunc

2064 2751 2319 2806 modum:
2355 2752 2647 2806 Cantemus
2688 2751 2916 2805 Domino
2951 2766 2965 2803 :
2997 2748 3279 2820 magniﬁce
3316 2747 3457 2803 enim
3490 2747 3659 2819 glori-

2064 2846 2255 2902 ﬁcatus
2282 2854 2385 2901 est.
2418 2844 2629 2915 Equum
2674 2854 2727 2899 et
2760 2858 3100 2899 ascensorem
3143 2841 3369 2912 projecit
3405 2842 3455 2895 in
3489 2854 3655 2895 mare.

2062 2936 2291 3008 Adjutor
2321 2947 2375 2994 et
2407 2947 2680 3008 protector
2722 2937 2894 2992 factus
2935 2945 3017 2990 est
3048 2936 3179 2990 mihi
3210 2935 3275 2990 ad
3300 2935 3549 2989 salutem.
3590 2934 3657 2990 Et

2063 3032 2451 3102 iteruszuis
2486 3031 2678 3087 similis
2716 3031 2809 3086 tibi
2855 3030 2995 3085 inter
3040 3029 3204 3096 deos,
3237 3027 3493 3094 Domine,
3537 3027 3658 3098 quis

2062 3125 2254 3181 similis
2301 3125 2437 3181 tibi?
2468 3124 2815 3182 Gloriﬁcatus
2861 3125 2914 3179 in
2964 3124 3195 3195 sanetis_',
3231 3120 3561 3178 admirabilis
3603 3120 3655 3175 in

355 3220 431 3260 ne
481 3203 697 3275 quidem
751 3213 904 3257 extra
951 3201 1099 3256 urbis
1149 3212 1333 3272 portas
1388 3202 1635 3273 progredi
1690 3203 1953 3269 auderet;
1986 3213 2031 3276 ί]
2061 3218 2255 3289 gloria,
2282 3216 2487 3274 faciens
2513 3216 2773 3289 prodigia,

352 3310 557 3355 cuncta
584 3312 719 3354 vero
748 3300 802 3354 in
833 3300 1059 3355 circuitu
1092 3299 1237 3354 urbis
1263 3299 1453 3353 Romae
1480 3315 1542 3353 ac
1587 3300 1749 3354 totius
1793 3299 1955 3353 Italiae

355 3393 503 3460 loca,
534 3394 747 3464 Oppida,
779 3393 1026 3464 regiones
1054 3408 1188 3464 quas
1215 3394 1489 3448 servitutis
1514 3394 1644 3463 jugo
1670 3407 1955 3463 oppressas

355 3487 598 3548 tenebat,
634 3486 1015 3542 innumerabili
1038 3496 1367 3540 armatorum
1394 3485 1733 3539 multitudine
1764 3495 1814 3539 et
1838 3483 1953 3539 dis-

354 3579 549 3651 positis
566 3580 632 3634 ad
658 3578 1021 3634 insidiandum
1043 3579 1369 3634 exercitibus
1386 3578 1622 3648 undique
1638 3578 1951 3633 mttniisset:

351 3672 543 3727 divino
569 3671 738 3727 fretus
762 3672 961 3726 auxilio
994 3674 1314 3741 imperator,
1361 3670 1586 3739 pritnam
1612 3711 1624 3732 ,
1658 3668 1950 3724 secundam

351 3780 418 3820 ac
457 3765 665 3819 tertiam
714 3766 925 3837 tyranni
970 3778 1255 3833 aggressus
1296 3762 1491 3826 aciem,
1534 3763 1742 3817 cunctis
1778 3762 1953 3831 primo

352 3859 541 3914 statim
565 3860 763 3930 impetu
793 3858 925 3914 fusis
950 3874 1014 3914 ae
1039 3858 1234 3929 fugatis
1256 3899 1271 3925 ,
1298 3858 1350 3913 in
1381 3857 1637 3913 interiora
1669 3855 1834 3913 Italia:
1860 3871 1953 3927 pe-

345 3953 603 4009 netravit.

873 4044 1104 4102 CAPUT
1142 4044 1432 4101 XXXVIII.

648 4139 897 4197 Hmntii
922 4141 1157 4195 interitus
1182 4140 1236 4194 in
1262 4149 1417 4211 ponte
1443 4136 1660 4193 Tiberis.

424 4256 775 4324 Tandemque
834 4255 904 4310 ad
954 4256 1123 4325 ipsam
1180 4254 1367 4311 urbem
1434 4254 1658 4307 Romam
1729 4252 1950 4322 propius

351 4348 612 4405 accessit.
658 4346 853 4405 Verum
903 4362 971 4402 ne
1009 4347 1169 4401 unius
1210 4346 1422 4418 tyranni
1462 4359 1620 4399 causa
1674 4344 1948 4400 Romanos

347 4458 549 4498 omnes
582 4457 895 4513 oppugnare
916 4455 1138 4496 necesse
1164 4440 1408 4505 haberet,
1444 4440 1584 4494 Deus
1613 4439 1758 4493 illum
1791 4438 1944 4507 quasi

350 4536 589 4591 vinculis
641 4533 959 4605 quibusdam
1017 4534 1367 4588 constrictum
1414 4547 1572 4603 quam
1631 4531 1945 4601 longissime

346 4639 511 4684 extra
532 4628 682 4684 urbis
713 4635 895 4697 portas
925 4626 1216 4696 protraxit:
1241 4626 1505 4696 simulque
1531 4625 1702 4695 prisca
1735 4625 1822 4678 illa
1852 4623 1948 4679 ad-

343 4736 543 4778 versus
573 4721 766 4791 impios
785 4721 925 4775 edita
952 4720 1231 4785 miracula,
1256 4734 1374 4789 qua:
1393 4720 1560 4773 sacris
1589 4717 1947 4774 voluminibus

344 4818 723 4878 continentur,
744 4824 799 4869 et
826 4814 1020 4884 quibus
1043 4813 1194 4868 multi
1220 4811 1433 4883 quidem
1466 4811 1687 4881 perinde
1708 4827 1772 4867 ac
1796 4810 1948 4865 fabu-

344 4909 416 4965 lis
446 4908 607 4962 ﬁdem
651 4907 947 4975 derogant,
980 4919 1101 4960 cum
1134 4914 1313 4958 tamen
1352 4902 1603 4958 ﬁdelibus
1646 4903 1751 4957 ﬁde
1785 4902 1944 4973 digna

341 5001 660 5063 videantur,
690 4998 898 5051 cunctis
930 5003 1037 5050 tam
1063 4994 1309 5051 ﬁdelibus
1335 5010 1493 5065 quam
1525 4993 1829 5049 inﬁdelibus
1854 4994 1947 5064 qui

346 5094 452 5148 hoc
482 5091 804 5147 miraculum
833 5088 976 5160 quod
1006 5088 1199 5143 dicturi
1230 5101 1412 5142 sumus
1442 5086 1613 5142 oculis
1653 5087 1765 5142 suis
1788 5102 1943 5156 spec-

344 5193 619 5248 taverunt,
666 5183 946 5239 verissima
995 5194 1120 5237 esse
1171 5195 1336 5249 opere
1380 5179 1500 5248 ipso
1548 5180 1937 5249 comprobavit.

339 5279 487 5336 Nam
532 5276 982 5348 quemadmodum
1027 5273 1190 5329 Mosis
1240 5287 1304 5328 ac
1350 5272 1615 5343 religiosa:
1669 5274 1939 5344 quondam

337 5370 525 5443 gentis
552 5369 898 5424 Ilebrteorum
925 5364 1278 5436 temporibus,
1329 5365 1471 5419 Deus
1497 5380 1687 5420 currus
1708 5377 1761 5421 et
1788 5382 1944 5422 exer-

337 5467 512 5519 citum
544 5461 841 5518 Pharaonis
871 5460 1097 5531 projecit
1128 5460 1177 5513 in
1211 5474 1391 5522 mare,
1440 5458 1765 5514 lectissimos
1802 5461 1943 5515 mili-

333 5566 423 5612 tes
456 5571 524 5611 ex
568 5569 731 5609 curru
769 5562 1068 5624 pugnantes
1101 5551 1339 5606 tristatas
1379 5549 1669 5605 submersit
1709 5552 1761 5606 in
1802 5554 1935 5609 mari

335 5649 511 5706 rubro
532 5688 546 5709 ,
575 5655 631 5702 et
657 5645 903 5700 fluetibus
929 5644 1172 5714 aperuit;
1207 5644 1284 5699 sic
1308 5643 1464 5710 plane
1507 5642 1808 5698 Maxentius
1829 5686 1843 5710 ,
1883 5654 1938 5700 et

330 5744 667 5814 quicumque
710 5738 852 5794 circa
896 5736 1047 5791 illttm
1093 5745 1247 5790 erant
1295 5735 1494 5789 milites
1520 5749 1582 5789 ac
1619 5735 1936 5805 stipatores,

332 5830 721 5902 instarlapidis
738 5832 793 5887 in
810 5829 1128 5889 altissimum
1144 5827 1407 5899 gurgitem
1432 5826 1763 5883 ceciderunt.
1789 5827 1938 5885 Tunc

2595 3352 2825 3409 CAPUT
2864 3351 3112 3407 XXXIX.

2279 3468 2548 3539 Ingressus
2570 3467 2894 3523 Constantini
2916 3467 2968 3520 in
2995 3468 3165 3520 urbem
3194 3464 3429 3518 Romam.

2137 3582 2265 3637 Haec
2290 3594 2343 3638 et
2370 3582 2474 3637 alia
2512 3583 2702 3637 horum
2733 3596 2989 3653 germana
3028 3595 3149 3634 cum
3178 3577 3563 3633 Constantinus
3588 3592 3655 3634 eo

2059 3682 2301 3744 tempore
2348 3691 2596 3745 magmun
2630 3675 2720 3729 Dei
2769 3674 3022 3727 famulum
3063 3673 3262 3726 Mosem
3296 3671 3536 3725 imitatus
3557 3713 3571 3737 ,
3600 3672 3653 3726 in

2057 3768 2270 3824 laudem
2300 3769 2393 3824 Dei
2416 3767 2798 3822 universorum
2842 3765 3101 3834 principis
3123 3774 3177 3819 et
3204 3764 3443 3819 victorize
3475 3772 3657 3819 aucto-

2056 3861 2132 3916 ris
2163 3860 2319 3916 factis
2348 3861 2478 3930 ipsis
2498 3859 2806 3921 cecinisset,
2830 3857 3057 3911 Romam
3083 3856 3420 3927 triumphans
3449 3856 3657 3927 ingrcs-

2056 3967 2149 4009 sus
2192 3961 2295 4006 est.
2325 3952 2635 4022 Omnesque
2679 3951 2877 4021 pariter
2918 3959 3022 4003 tam
3061 3964 3127 4003 ex
3163 3958 3350 4004 senatu
3392 3963 3550 4018 quam
3588 3962 3658 4004 ex

2054 4044 2289 4116 equestri
2325 4042 2545 4107 ordine,
2578 4051 2829 4111 tanquam
2869 4042 3104 4097 carceris
3130 4040 3372 4096 custodia
3412 4041 3652 4109 liberati,

2054 4154 2175 4194 cum
2202 4138 2451 4192 universo
2479 4137 2679 4209 populo
2706 4136 2950 4190 Romano
2970 4178 2983 4199 ,
3014 4130 3141 4191 Ireto
3168 4137 3317 4190 vultu
3359 4136 3655 4206 faustisque

2054 4229 2527 4285 acclamationibus
2570 4243 2691 4283 cum
2736 4227 3045 4297 ineXplebili
3105 4228 3301 4297 gaudio
3348 4242 3416 4282 ex
3463 4227 3654 4283 intimo

2053 4322 2354 4375 animorum
2376 4319 2570 4376 all'ectu
2613 4335 2734 4374 eum
2762 4336 3050 4390 excepere.
3100 4320 3169 4374 Et
3196 4320 3375 4375 cuncti
3418 4331 3523 4375 tam
3551 4320 3652 4376 viri

2052 4429 2211 4484 quam
2262 4412 2516 4469 mulieres
2567 4429 2687 4468 cum
2734 4413 2918 4467 liberis
2966 4422 3021 4467 et
3064 4412 3270 4467 inﬁnita
3320 4413 3647 4469 famulorum

2054 4504 2419 4573 multitudine,
2448 4505 2594 4561 illum
2624 4506 2991 4571 liberatorem,
3016 4514 3346 4561 servatorem
3378 4520 3442 4560 ac
3478 4506 3649 4562 bono-

1970 4604 2025 4663 D
2052 4615 2170 4654 rum
2197 4611 2491 4666 auctorem,
2530 4599 2830 4654 incredibili
2859 4599 3095 4653 clamore
3126 4614 3284 4669 quem
3315 4614 3477 4654 nemo
3501 4600 3652 4656 cohi-

2053 4697 2184 4753 bere
2237 4706 2448 4767 poterat
2496 4696 2855 4766 appellabant.
2905 4696 3103 4750 Verum
3158 4695 3249 4750 ille
3291 4695 3548 4765 pietatem
3596 4697 3651 4753 in

2056 4790 2221 4845 Deum
2253 4788 2403 4859 quasi
2436 4787 2649 4841 insitam
2677 4788 2777 4842 sibi
2820 4796 2979 4856 atque
3025 4787 3263 4841 innatam
3287 4802 3504 4857 gerens,
3545 4802 3649 4844 nec

2054 4881 2363 4952 hujusmodi
2395 4880 2888 4948 acclamationibus,
2927 4896 3028 4936 nec
3060 4880 3307 4936 laudibus
3346 4881 3520 4937 elatus
3545 4891 3648 4938 est.

2053 4972 2160 5031 Sed
2184 4989 2304 5029 eum
2340 4972 2430 5027 Dei
2453 4972 2715 5027 auxilium
2756 4972 2857 5028 sibi
2884 4972 3123 5029 adfuisse
3166 4974 3333 5044 probe
3374 4973 3641 5045 intellige—

2053 5078 2168 5135 ret,
2200 5067 2342 5122 illico
2380 5066 2618 5122 vietorize
2655 5067 2859 5123 auctori
2901 5067 3192 5139 gratiarum
3217 5068 3482 5125 actionem
3520 5082 3648 5140 sup-

2051 5162 2171 5232 plex
2202 5159 2463 5231 rependit.

2655 5251 2883 5308 CAPUT
2922 5251 3033 5307 XI...

2048 5344 2130 5401 De
2156 5344 2471 5401 Constantini
2507 5354 2677 5400 statua
2706 5362 2904 5401 crucem
2944 5354 3174 5413 tenente,
3207 5353 3256 5401 et
3309 5344 3374 5399 de
3412 5346 3522 5417 ejus
3558 5344 3644 5400 in-

2697 5437 2989 5505 scriptione.

2120 5552 2189 5607 Et
2213 5552 2357 5608 clara
2398 5567 2531 5608 voce
2570 5567 2633 5609 ac
2671 5553 2948 5608 titulorum
2976 5551 3451 5623 inscriptionibus,
3493 5554 3640 5611 salu-

2046 5656 2161 5702 tare
2186 5646 2397 5716 signum
2419 5647 2626 5701 cunctis
2650 5646 2956 5701 hominibus
2986 5646 3321 5699 annuntiavit
3345 5663 3358 5699 :
3396 5646 3499 5703 hoc
3521 5656 3638 5703 tro-

2047 5752 2164 5810 ι)ωο
2208 5738 2260 5793 in
2302 5737 2481 5793 medio
2506 5739 2653 5795 urbis
2682 5741 2843 5809 regiae
2883 5738 3144 5793 adversus
3185 5739 3367 5791 hostes
3404 5751 3588 5794 erecto
3613 5780 3630 5809 ,

2045 5838 2207 5903 atque
2235 5830 2338 5889 hoc
2362 5830 2581 5891 salutari
2607 5831 2761 5902 signo
2785 5831 2925 5900 quod
2956 5825 3166 5898 imperii
3188 5828 3414 5884 Romani
3439 5841 3501 5884 ac
3529 5837 3623 5884 to-
