4142 6178
537 335 608 395 27
1860 345 2494 419 uttseettmttttrutu
3764 362 3832 415 ~23

535 454 646 513 tius
685 453 833 515 orbis
855 454 1161 524 praesidiun)
1207 466 1293 514 est
1311 498 1325 524 ,
1353 458 1630 516 literarum
1671 458 1814 517 uotis
1855 475 2128 530 nunquam
2153 464 2209 526 Α
2234 463 2473 531 epulenti
2499 466 2644 534 prius
2671 467 3024 534 exstitissem,
3052 479 3235 539 postea
3257 481 3463 527 mutata
3492 484 3636 529 sorte
3660 475 3713 530 in
3740 491 3835 530 cx-

538 545 840 603 interitnris
877 548 1068 611 inciso.
1099 549 1288 608 Statim
1327 566 1457 621 ergo
1493 551 1781 610 sublimem
1824 552 2033 613 hastam
2076 554 2135 608 in

537 640 757 701 modum
774 642 969 710 crucis,
1000 644 1100 700 sub
1118 660 1337 702 manum
1354 656 1542 700 statua:
1562 662 1674 705 sua:
1693 646 1748 702 in
1778 646 2137 705 celeberrimo

546 734 695 791 urbis
724 733 856 793 loco
910 736 1035 805 poni
1071 736 1253 805 jussit,
1284 746 1342 794 et
1380 736 1687 807 huiusmodi
1728 738 2138 808 inscriptionem

539 824 709 885 latino
735 840 988 885 sermone
1008 827 1205 898 subjici
1234 846 1250 883 :
1283 828 1398 887 [loc
1424 829 1639 887 salutari
1658 830 1803 901 signa
1828 832 1967 900 quod
2007 846 2138 889 verte

538 920 736 981 uirtutis
759 932 1113 990 argumentum
1142 932 1235 988 est,
1268 932 1483 979 vestram
1519 922 1696 983 urbem
1727 924 2010 994 tyrannica:
2038 925 2135 981 do-

536 1012 831 1071 minationis
859 1013 989 1085 jugo
1030 1013 1292 1077 liberatam
1329 1016 1544 1073 servavi.
1597 1015 1812 1074 δεδιαιαὶ
1850 1014 2140 1086 populoque

539 1103 775 1161 Romano
802 1107 856 1160 in
882 1106 1163 1164 libertatem
1192 1119 1385 1164 asserto
1414 1110 1689 1182 pristinum
1718 1108 1874 1167 decus
1892 1108 2136 1169 nobilita-

545 1197 608 1255 tis
624 1197 1047 1270 splendoremque
1073 1199 1293 1256 restitui.

1128 1314 1357 1371 CAPUT
1394 1314 1533 1370 XLI.

607 1404 871 1460 Exultatio
896 1406 1305 1477 provinciarum,
1336 1418 1382 1463 et
1406 1408 1699 1479 largitiones
1728 1407 2072 1465 Constantini.

612 1521 670 1575 In
704 1519 849 1577 hunc
886 1522 1104 1576 modum
1137 1521 1234 1577 Dei
1266 1523 1668 1578 amantissimus
1710 1523 2002 1593 imperator
2033 1525 2142 1587 vic-

542 1614 688 1670 tricis
719 1615 894 1670 crucis
914 1617 1305 1671 confessionem
1339 1632 1447 1687 prre
1474 1632 1533 1672 se
1565 1598 2003 1682 ferensfFilinm
2046 1619 2141 1683 Dei

549 1705 808 1762 Romanis
855 1707 1023 1771 libere
1053 1716 1213 1778 atque
1245 1710 1475 1779 ingenue
1508 1709 1839 1779 praedicavit.
1876 1710 1939 1764 Et
1960 1711 2140 1767 cuncti

540 1801 629 1873 qui
662 1801 848 1858 urbem
897 1787 1238 1873 incolebant,
1273 1812 1380 1858 tam
1410 1812 1629 1859 senatus
1669 1819 1830 1875 quam
1873 1805 2136 1874 populus,

540 1902 726 1963 utpote
754 1894 948 1950 acerba
970 1904 1026 1950 et
1069 1878 1347 1968 tyrannica
1376 1896 1743 1953 dominatione
1779 1880 2022 1969 liberati,
2053 1913 2141 1952 re-

540 1972 747 2057 spirare
784 1986 1184 2058 quodammodo
1226 2000 1279 2044 et
1306 1991 1538 2061 purioris
1568 1991 1701 2046 lucis
1723 1991 1888 2046 radiis
1938 1990 2140 2062 perfrui

543 2078 642 2133 sibi
667 2077 1006 2147 videbantur,
1033 2081 1271 2151 atquein
1304 2097 1494 2136 novam
1525 2082 1811 2153 quamdam
1850 2084 2009 2137 vitam
2051 2100 2140 2138 re-

540 2172 708 2225 nasci.
743 2171 945 2237 Gentes
966 2189 1179 2244 quoqne
1219 2176 1484 2231 universe
1518 2185 1780 2247 quotquot
1816 2176 2139 2233 occidentali

541 2279 745 2319 oceano
786 2266 1163 2334 terminantur,
1206 2268 1451 2345 pristinis
1482 2256 1639 2324 malis
1671 2270 1942 2335 liberatae,
1970 2268 2142 2326 festos

541 2356 657 2413 dies
684 2373 804 2413 cum
827 2360 973 2413 omni
1002 2358 1275 2433 hilaritate
1298 2360 1684 2427 celebrabant;
1723 2360 2140 2431 Constantinum

540 2449 801 2504 victorem
825 2492 839 2515 ,
871 2450 962 2511 Dei
1008 2451 1270 2523 amicum,
1314 2452 1381 2508 de
1420 2452 1671 2507 omnibus
1711 2454 1848 2509 bene
1888 2453 2140 2507 meritum

540 2541 810 2597 continuis
830 2540 1079 2596 laudibus
1100 2542 1475 2613 prmdicantes.
1497 2544 1632 2599 Eum
1654 2544 1831 2598 cuncti
1855 2559 2142 2600 commune

541 2631 808 2702 quoddam
831 2634 1054 2698 bonum,
1082 2633 1176 2689 Dei
1202 2634 1535 2704 benignitate
1559 2636 1793 2689 humano
1822 2638 2008 2706 generi
2042 2635 2141 2689 do—

543 2735 723 2783 natum
750 2725 1009 2794 illuxisse,
1040 2742 1149 2780 uno
1176 2742 1272 2781 ore
1294 2736 1475 2798 atque,
1500 2743 1605 2782 una
1628 2743 1759 2783 voce
1784 2728 2136 2801 testabantur.

542 2822 650 2891 Sed
678 2831 733 2880 et
754 2824 1102 2901 imperatoris
1146 2823 1313 2878 litera:
1343 2824 1542 2895 ubique
1566 2824 1859 2899 prOposita:
1882 2824 2140 2894 legeban-

542 2925 667 2972 tur:
700 2916 893 2991 quibus
918 2916 951 2977 ii
982 2917 1071 2987 qui
1107 2916 1259 2970 bonis
1288 2916 1399 2970 suis
1421 2915 1634 2988 spoliati
1674 2913 1921 2989 fuissent,
1949 2930 2139 2989 eorum

542 3008 939 3078 possessionem
992 3007 1258 3063 beneﬁcio
1313 3008 1570 3077 principis
1614 3008 2042 3085 recuperabant,
2087 3014 2142 3074 et

542 3103 633 3175 qui
660 3103 857 3175 injuste
878 3103 1098 3174 relegati
1123 3111 1325 3165 essent,
1348 3102 1630 3175 penatibus
1650 3091 1761 3173 suis
1783 3100 2141 3177 restitueban-

544 3204 650 3251 tur.
683 3195 917 3250 Vinculis
940 3210 1155 3265 quoque
1177 3203 1230 3248 et
1254 3195 1398 3249 omni
1425 3193 1662 3264 periculo
1688 3208 1750 3248 ac
1771 3205 1918 3261 metu
1946 3192 2141 3246 libera-

543 3290 741 3345 bantur
769 3289 841 3357 ii,
865 3289 955 3358 qui
975 3303 1073 3358 per
1098 3288 1432 3359 tyrannicam
1463 3285 1837 3341 crudelitatem
1877 3284 1943 3339 iis
1967 3283 2140 3338 vexati

545 3381 793 3438 fuissent.

1116 3452 1347 3527 CAPUT
1406 3452 1566 3531 μη,

582 3547 821 3604 Honores
846 3549 1096 3621 episc0pis
1114 3550 1293 3614 delati,
1315 3558 1363 3601 et
1390 3548 1717 3601 ecclesiarum
1742 3546 2103 3621 egrtructiones.

616 3662 788 3731 Porro
808 3664 921 3733 ipse
944 3662 1237 3739 imperator
1253 3662 1531 3733 ministros
1554 3662 1646 3716 Dei
1673 3677 1700 3714 a
1719 3676 1779 3716 se
1797 3668 2143 3736 convocatos,

546 3755 690 3829 omni
719 3756 978 3833 obsequio
1008 3765 1167 3829 atque
1198 3757 1405 3827 honore
1451 3755 1909 3843 prosequebatur;
1943 3769 2037 3811 eos
2063 3766 2147 3827 ut-

547 3858 671 3921 pote
698 3848 805 3921 Deo
828 3864 986 3923 quem
1002 3850 1212 3923 colebat
1234 3860 1598 3927 consecratos,
1628 3863 1731 3923 non
1757 3848 1936 3919 verbis
1953 3847 2142 3921 modo,

546 3957 732 4017 verum
784 3942 945 4016 etiam
992 3941 1150 4017 iactis
1210 3942 1519 4011 humaniter
1571 3943 1863 4019 escipiens,
1916 3941 2146 4017 Proinde

550 4051 751 4109 mensa:
773 4035 944 4109 ipsius
968 4035 1363 4109 adhibebantur
1388 4033 1655 4101 homines,
1676 4045 1903 4109 externo
1924 4034 2144 4109 quidem

550 4108 734 4205 habitu
761 4144 824 4184 ac
854 4108 1045 4197 vestitu
1068 4108 1449 4201 despicabiles,
1505 4125 1598 4195 sed
1620 4140 1763 4205 quos
1795 4108 1881 4199 ille
1924 4108 2148 4201 minime

551 4222 909 4305 despicabiles
934 4220 1242 4293 judicabat:
1269 4224 1467 4294 quippe
1489 4220 1579 4292 qui
1606 4235 1715 4297 non
1746 4228 2022 4289 externam
2051 4221 2149 4274 ho-

549 4316 710 4381 minis
733 4316 967 4399 speciem
995 4329 1115 4385 quae
1143 4314 1314 4381 oculis
1336 4315 1579 4388 subjecta
1608 4322 1721 4387 est,
1744 4312 1843 4373 sed
1872 4313 2040 4385 Deum
2068 4313 2147 4399 ip-

550 4422 668 4469 sum
718 4407 1113 4479 introspiceret.
1158 4406 1240 4479 Ad
1271 4407 1383 4469 haec
1402 4420 1743 4491 quocumque
1787 4405 1892 4461 iter
1916 4406 2144 4477 laceret,

550 4514 643 4555 cos
676 4513 863 4573 secum
895 4498 1225 4571 deducebat;
1258 4498 1424 4571 Deum
1454 4514 1615 4583 quem
1665 4498 1739 4554 illi
1770 4499 2043 4581 colerent,
2072 4499 2147 4559 ob

552 4593 604 4648 id
636 4593 795 4665 etiam
848 4593 1139 4665 propitium
1192 4592 1291 4651 sibi
1338 4592 1523 4648 adfore
1570 4606 1671 4662 pro
1714 4600 1865 4663 certo
1919 4591 2145 4667 habens.

551 4687 688 4757 Quin
712 4670 872 4761 etiam
905 4687 1148 4763 ecclesiis
1178 4687 1272 4763 Dei
1304 4687 1530 4759 plurima
1555 4701 1619 4759 ex
1644 4686 1910 4763 thesauris
1928 4687 2041 4759 suis
2068 4685 2154 4759 be-

553 4780 739 4851 neﬁcia
774 4780 1241 4865 subministravit;
1279 4781 1471 4851 partim
1500 4793 1685 4851 sacras
1730 4778 1874 4853 ardes
1919 4777 2155 4865 ampliﬁ-

551 4885 680 4939 cans
708 4879 763 4939 et
793 4872 846 4944 in
886 4872 1116 4945 sublime
1142 4860 1354 4949 erigens
1375 4916 1390 4941 ,
1420 4872 1613 4961 partim
1644 4880 1865 4951 augusta
1899 4860 2152 4943 ecclesia-

554 4979 671 5019 rum
702 4962 935 5039 sacraria
959 4964 1208 5041 plurimis
1238 4966 1479 5035 donariis
1499 4980 1791 5041 exornans.

1128 5078 1356 5147 CAPUT
1391 5079 1575 5149 XLIII.

772 5174 853 5231 De
879 5176 1199 5233 Constantini
1215 5178 1267 5233 in
1296 5194 1541 5249 pauperes
1573 5178 1924 5253 beneﬁcentia,

629 5290 807 5347 Variis
835 5291 1069 5361 denique
1099 5292 1443 5363 pecuniarum
1473 5293 1830 5349 divisionibus
1873 5295 2145 5365 egentium

556 5386 789 5458 inopiam
838 5386 1143 5443 sublevans.
1195 5388 1480 5443 Extraneis
1526 5397 1788 5459 praeterea
1833 5387 1923 5458 qui
1972 5388 2147 5456 ipsum

554 5480 785 5548 adirent,
818 5480 1111 5537 humanum
1133 5498 1192 5538 se
1220 5497 1285 5538 ac
1314 5483 1591 5540 liberaiem
1622 5482 1913 5553 prazbebat.
1940 5480 2017 5535 Ac
2045 5481 2149 5535 mi-

554 5572 696 5631 seris
724 5572 939 5645 quidem
968 5574 1075 5639 illis
1104 5585 1161 5633 et
1196 5576 1424 5646 abiectis
1452 5577 1540 5647 qui
1587 5575 1642 5633 in
1671 5573 1791 5633 loro
1821 5573 2151 5641 mdium.

554 5679 666 5723 non
691 5669 944 5736 pecunias
962 5669 1137 5724 solum
1155 5679 1212 5725 et
1232 5670 1488 5726 alimenta
1506 5669 1573 5725 ad
1597 5669 1795 5725 victum
1820 5666 2151 5737 necessaria,

571 5756 667 5817 sed
713 5757 875 5815 etiam
903 5770 1112 5818 restem
1152 5761 1221 5817 ad
1253 5761 1535 5834 tegendam
1574 5761 1817 5832 corporis
1862 5760 2158 5837 nuditatem

577 5853 907 5928 suppeditari
953 5856 1133 5927 jussit.
1176 5856 1286 5917 Illis
1315 5872 1443 5917 vero
1464 5856 1559 5929 qui
1591 5871 1713 5917 cum
1746 5856 1962 5930 ἰαθευυί
2000 5866 2163 5929 aliqua

2162 3249 2214 3311 Ε

2241 562 2443 609 tremas
2473 556 2805 615 calamitates
2824 560 3147 627 inciderant,
3172 562 3403 634 largiora
3432 564 3553 620 vita:
3597 567 3834 623 Subsidii

2240 647 2621 707 commodavit.
2658 650 2991 722 Prorsusque
3013 654 3161 724 regio
3181 656 3361 711 animo
3384 657 3663 725 magniﬁca
3691 675 3836 728 quac-

2239 734 2362 790 dam
2416 754 2638 795 munera
2690 743 2741 796 in
2770 744 3033 813 ejusmodi
3080 746 3323 801 homines
3361 749 3665 815 conferens,
3713 752 3834 805 aliis

2241 844 2398 898 agros
2423 831 2664 900 donavit,
2686 834 2818 890 alios
2841 837 3001 891 variis
3022 837 3370 908 dignitatibus
3395 842 3625 894 ornavit.
3652 842 3717 896 Et
3743 859 3837 897 eo-

2242 938 2358 976 rum
2377 925 2589 995 quidem
2607 928 2693 996 qui
2718 928 2769 981 in
2793 929 3038 985 orbitatis
3062 932 3307 989 miserias
3327 933 3659 1001 incidissent,
3685 937 3838 1006 quasi

2245 1026 2393 1086 pater
2419 1035 2602 1075 curam
2634 1022 2853 1091 gerebat
2884 1042 2895 1076 :
2922 1023 3199 1079 vidnarmn
3232 1032 3407 1080 autem
3440 1027 3721 1082 mulierum
3745 1048 3837 1083 so-

2243 1109 2521 1177 litudinem
2554 1113 2862 1185 sublevans,
2887 1132 2979 1171 eas
3003 1118 3299 1187 patrocinio
3324 1135 3424 1174 suo
3446 1118 3676 1174 fovebat.
3700 1122 3837 1189 Quin

2242 1203 2401 1257 etiam
2424 1204 2657 1276 virgines
2680 1192 3122 1277 parentibus'suis
3145 1212 3363 1267 orbatus
3391 1210 3505 1282 ipse
3534 1211 3840 1269 hominibus

2244 1296 2512 1365 opulentis
2541 1314 2602 1357 ac
2634 1297 2985 1367 familiaribus
3010 1301 3119 1355 suis
3150 1304 3200 1354 in
3247 1303 3644 1357 matrimonium
3671 1305 3835 1360 dedit.

2252 1387 2419 1458 quue
2446 1390 2657 1460 agebat,
2688 1407 2807 1447 cum
2850 1394 2997 1464 prius
3043 1394 3279 1449 dedisset
3322 1397 3665 1463 nubentibus,
3697 1414 3842 1469 qna:-

2243 1497 2474 1552 cumqne
2505 1484 2646 1551 ipsas
2674 1485 2802 1541 viris
2832 1487 2943 1541 suis
2995 1487 3241 1544 conferre
3271 1493 3570 1560 Oportebat.
3607 1492 3842 1564 Denique

2244 1575 2692 1643 quemadmodum
2741 1578 2820 1632 sol
2859 1594 3019 1651 supra
3072 1592 3240 1635 terras
3268 1589 3519 1638 exoriens
3570 1585 3701 1639 lucis
3732 1602 3843 1653 sum

2243 1665 2422 1720 radios
2450 1669 2655 1723 cunctis
2684 1669 2979 1726 liberaliter
3008 1672 3274 1742 impertit;
3301 1676 3379 1729 sic
3400 1675 3559 1747 plane
3582 1676 3843 1731 Constan-

2247 1762 2389 1815 tinus
2437 1764 2610 1832 primo
2638 1763 2871 1818 diluculo
2921 1765 3218 1833 procedens
3248 1784 3313 1824 ex
3344 1769 3563 1841 palatio,
3608 1786 3671 1825 ac
3718 1788 3840 1829 cum

2168 1862 2216 1923 Β
2243 1852 2449 1906 caelesti
2492 1854 2620 1907 solis
2642 1854 2833 1924 jubare
2864 1844 3273 1926 quodammodo
3308 1861 3580 1928 eXoricns,
3634 1864 3843 1931 cunctis

2244 1946 2565 2002 adeuntibus
2593 1947 2961 2005 beneficentia:
2986 1965 3102 2013 sua:
3134 1951 3314 2006 radios
3342 1953 3697 2022 impertiebat.
3732 1956 3842 2012 Nec

2244 2038 2383 2091 ullus
2410 2055 2641 2109 unquam
2672 2041 2736 2096 ad
2767 2042 2912 2107 illum
2946 2042 3163 2111 propius
3190 2045 3436 2113 accessit,
3472 2046 3559 2116 qui
3606 2046 3832 2102 fructum

2242 2130 2465 2201 alicujus
2495 2131 2739 2188 bcnelicii
2770 2150 2876 2188 non
2910 2135 3151 2190 retulerit
3186 2157 3201 2190 :
3229 2152 3326 2190 nec
3354 2153 3447 2207 spe
3477 2153 3570 2191 sua
3600 2155 3832 2208 unquam

2240 2224 2481 2280 frustrati
2518 2235 2665 2294 sunt,
2698 2228 2785 2298 qui
2818 2228 2886 2283 ab
2930 2230 3047 2299 ipso
3076 2229 3274 2301 aliquid
3307 2231 3489 2285 auxilii
3531 2241 3838 2303 exspectas-

2240 2330 2381 2375 εθθι.

2816 2415 3044 2473 CAPUT
3084 2417 3265 2472 XLlV.

2425 2530 2692 2617 Quomodo
2742 2533 2952 2605 synodis
2997 2534 3353 2604 episcoporum
3406 2535 3658 2605 interfuit.

2316 2646 2393 2719 Ac
2416 2647 2749 2729 generaliter
2786 2648 3002 2718 quidem
3033 2664 3157 2719 erga
3176 2664 3370 2713 omnes
3395 2650 3554 2717 talem
3595 2666 3658 2709 se
3703 2666 3841 2720 prsp-

2238 2740 2397 2811 _stitit.
2428 2737 2626 2805 Verum
2660 2740 2914 2796 Ecclesire
2946 2740 3039 2797 Dei
3086 2741 3352 2812 praecipue
3388 2758 3575 2813 curant
3618 2759 3834 2816 gerens,

2238 2846 2364 2901 cum
2397 2847 2490 2902 per
2520 2833 2765 2900 diversas
2797 2836 3100 2905 provincias
3122 2836 3341 2909 quidam
3383 2837 3522 2905 inter
3550 2854 3608 2903 se
3633 2838 3839 2903 dissen-

2245 2926 2424 2995 tirent,
2456 2928 2570 2997 ipse
2588 2927 2732 2989 velut
2761 2929 3322 2993 comtntmisomnitun
3351 2930 3636 3007 episcopus
3662 2945 3691 2985 a
3722 2931 3837 2997 Deo

2243 3019 2596 3087 constitutus,
2647 3021 3017 3088 ministrorum
3064 3022 3159 3077 Dei
3203 3022 3428 3079 concilia
3474 3025 3836 3095 congregavit.

2243 3109 2352 3179 Nec
2374 3110 2697 3183 dedignatus
2724 3113 2913 3179 adesse
2934 3123 2993 3181 et
3022 3112 3303 3173 considere
3327 3114 3376 3170 in
3412 3115 3588 3171 medio
3628 3116 3658 3167 il
3670 3116 3841 3179 lortun

2244 3214 2532 3271 conventu,
2555 3206 2874 3278 cognitionis
2894 3208 3163 3279 particeps
3186 3208 3315 3274 fuit;
3343 3224 3402 3269 ea
3427 3224 3543 3278 qua:
3566 3209 3629 3261 ad
3658 3225 3841 3279 pacem

2252 3295 2345 3367 Dei
2390 3297 2687 3366 pertinent,
2721 3302 2929 3365 cunctis
2955 3316 3277 3377 procurans.
3310 3301 3480 3361 Porro
3522 3302 3745 3361 sedebat
3784 3304 3843 3361 in

2228 3386 2426 3451 'mcdio
2472 3397 2726 3463 tanquam
2758 3408 2894 3459 unus
2920 3407 2952 3459 c
2989 3392 3199 3458 multis;
3246 3401 3574 3465 protectores
3627 3394 3844 3464 quidem

2244 3488 2578 3565 cunctosque
2623 3485 2866 3555 corporis
2905 3486 3156 3547 custodes
3196 3486 3384 3554 procul
3433 3500 3710 3552 amovens,
3745 3487 3843 3559 Dei

2239 3585 2425 3645 autem
2460 3577 2650 3639 timore
2674 3587 2971 3641 contectus,
3004 3590 3057 3634 et
3087 3578 3379 3643 amicorum
3414 3578 3646 3645 ﬁdelium
3672 3579 3845 3655 bent;-

2247 3666 2478 3741 vrtlentia
2508 3668 2752 3737 vallatus.
2782 3667 3047 3741 Czelerum
3082 3684 3450 3743 quoscumque
3475 3671 3671 3733 saniori
3718 3688 3849 3731 seu.

2246 3762 2431 3837 lentim
2479 3762 2846 3833 acquiescere,
2894 3773 2948 3818 ct
2994 3763 3060 3817 ad
3109 3763 3343 3833 quietem
3394 3773 3451 3825 et
3500 3765 3848 3835 concordiam

2242 3870 2547 3929 propensos
2570 3871 2695 3917 esse
2737 3857 3216 3933 animadverterat,
3257 3874 3350 3913 eos
3373 3860 3605 3934 maxime
3648 3861 3847 3931 proba-

2249 3948 2366 4013 bat;
2397 3948 2566 4017 palam
2593 3948 2835 4004 indicans
2858 3952 3091 4004 unanimi
3115 3952 3353 4003 omnium
3384 3966 3647 4006 consensu
3683 3967 3740 4007 se
3786 3953 3845 4025 in

2250 4042 2437 4111 primis
2488 4041 2766 4098 delectari.
2818 4043 3130 4121 Pertinaces
3183 4061 3314 4109 .vcro
3368 4053 3423 4100 et
3470 4044 3851 4115 imtnorigeros

2249 4136 2616 4211 aversabatur.

2815 4224 3043 4283 CAPUT
3075 4227 3236 4299 XLV,

2578 4335 2859 4413 Quomodo
2880 4343 3181 4413 insipientes
3220 4343 3527 4415 toleraverit.

2328 4455 2467 4525 Qui»
2496 4457 2659 4523 etiam
2688 4457 2982 4525 permultos
3007 4457 3097 4527 qui
3118 4457 3379 4521 adversus
3405 4458 3579 4533 ipsum
3604 4460 3853 4530 asperius

2245 4550 2447 4615 invecti
2499 4548 2736 4615 fuerant,
2761 4550 3032 4619 patienter
3079 4550 3234 4615 tulit;
3265 4552 3369 4613 leni
3401 4566 3464 4611 ac
3490 4552 3676 4613 sedata
3719 4567 3855 4608 voce

2177 4644 2336 4705 Deis
2361 4640 2702 4711 prmeipigns,
2744 4651 2802 4707 ut
2842 4642 3142 4709 modestius
3184 4658 3366 4713 agere,
3408 4657 3511 4705 nec
3556 4646 3855 4711 seditiones

2252 4733 2493 4799 excitare
2527 4732 2749 4799 vellent.
2782 4731 2865 4801 Ex
2886 4731 2973 4791 bis
2994 4733 3084 4793 alii
3127 4733 3523 4793 admonitiones
3548 4735 3665 4805 ejus
3690 4752 3851 4793 mw-

2263 4827 2376 4894 fili.
2409 4842 2439 4880 ³
2468 4826 2768 4896 pervicacia
2795 4827 2961 4895 animi
2986 4826 3337 4895 desistebaltl.
3380 4829 3530 4893 Alios
3555 4831 3643 4901 qui
3669 4830 3737 4887 ad
3768 4847 3857 4895 sa-

2256 4936 2381 4981 nam
2413 4930 2647 4987 mentem
2689 4920 2836 4985 nullo
2866 4921 3107 4983 remedio
3138 4925 3377 4979 revocari
3424 4931 3694 4992 poterant,
3741 4925 3855 4987 Deo

2255 5014 2603 5075 committens
2638 5013 3009 5083 relinquebat;
3054 5014 3185 5080 nihil
3228 5015 3489 5079 adversus
3529 5031 3852 5087 quemquam

2250 5108 2500 5179 asperius
2522 5122 2757 5178 unquam
2782 5107 3093 5178 designans.
3119 5107 3353 5174 Harich
3384 5124 3622 5177 causam,
3654 5125 3710 5177 ut
3730 5126 3854 5167 crc-

2250 5203 2423 5263 dibile
2450 5211 2551 5268 est.
2584 5203 2675 5273 qni
2703 5203 2757 5258 in
2774 5202 2955 5263 Africa
2985 5202 3305 5266 seditionem
3328 5215 3757 5271 commoveram,
3786 5220 3856 5269 eo

2262 5295 2627 5367 improbitatis
2652 5305 3041 5365 proruperunt,
3088 5305 3146 5350 ut
3175 5296 3400 5365 abrupta
3440 5295 3684 5366 quaedam
3725 5295 3857 5355 laci-

2254 5402 2392 5451 nora
2425 5395 2730 5452 tentarent;
2785 5385 3034 5455 daemone
3060 5393 3120 5449 nt
3157 5385 3369 5451 videtur
3396 5386 3468 5445 ob
3508 5387 3854 5457 prteseutiuut

2256 5479 2526 5545 bonorum
2568 5478 2779 5548 copiam
2822 5478 3017 5537 invidia
3045 5478 3271 5549 percita,
3299 5486 3355 5535 et
3397 5478 3463 5535 ad
3489 5481 3668 5550 gravia
3703 5494 3855 5551 qua:-

2254 5572 2382 5637 dam
2419 5583 2475 5631 et
2518 5574 2721 5635 atrocia
2752 5573 2994 5635 {acinora
3018 5571 3266 5635 homines
3318 5573 3591 5641 incitante,
3625 5591 3730 5645 quo
3758 5576 3861 5635 int-

2268 5668 2536 5736 peratoris
2574 5669 2815 5727 animum
2864 5677 3050 5727 contra
3091 5669 3240 5737 ipsos
3279 5668 3616 5727 accenderet.
3659 5667 3860 5733 Verum

2271 5760 2405 5819 nihil
2432 5760 2662 5831 profecit
2684 5759 2903 5828 invidia,
2930 5775 3051 5819 cum
3080 5760 3373 5829 imperator
3409 5774 3472 5817 ea
3491 5774 3608 5829 qua:
3640 5758 3859 5826 ﬁebant,

2284 5854 2509 5914 ridenda
2534 5867 2657 5913 esse
2676 5852 2934 5924 duceret;
2962 5863 3021 5911 et
3048 5853 3267 5925 ntaligni
3296 5852 3559 5916 daemonis
3583 5852 3863 5927 impulsio-
