4142 6178
339 279 412 336 99
1425 287 1510 343 DE
1553 286 1712 345 VITA
1752 286 2211 349 CONSTANTINI
2251 292 2455 348 LIBER
2498 293 2537 347 Ι.
3570 302 3640 361 50

338 412 464 452 nem
514 411 809 468 agnoscere
844 415 904 455 se
930 401 1245 463 affirmaret.
1279 403 1463 475 Neque
1489 404 1632 460 enim
1687 422 1941 462 sanorum
1971 412 2022 479 Α

336 491 622 546 hominum
655 494 744 547 illa
775 509 895 548 esse
945 493 1207 561 facinora,
1251 497 1343 552 sed
1383 498 1461 551 vel
1510 500 1723 567 penitus
1752 515 1939 555 amen-

336 584 507 651 tium,
538 587 619 640 vel
665 600 853 642 eorum
894 589 985 659 qui
1034 590 1347 659 nequissimi
1392 591 1657 646 daemonis
1706 593 1939 649 stimulis

333 678 672 749 agitarentur
701 698 715 735 :
741 681 1043 751 cuiusmodi
1086 683 1333 740 homines
1383 687 1733 742 miseratione
1765 689 1940 757 potius

334 788 499 851 quam
528 774 796 845 supplicio
823 776 1012 849 dignos
1039 793 1179 833 esse.
1212 778 1327 834 Non
1356 781 1497 834 enim
1531 790 1691 836 tanta:
1715 783 1939 865 jnstitiae

332 874 438 928 est,
460 865 743 936 insurgere
767 867 832 921 ad
851 868 1175 939 puniendum
1197 870 1432 926 furorem
1464 871 1740 937 hominum
1765 890 1941 931 amen-

330 956 493 1021 tium,
540 968 806 1031 quantum
850 961 1161 1018 earumdem
1205 964 1376 1018 vicem
1422 964 1628 1033 dolere,
1684 976 1940 1023 extremas

331 1048 687 1115 humanitatis
723 1062 824 1115 est.

907 1169 1136 1235 CAPUT
1178 1171 1361 1237 XLVI.

728 1283 970 1342 Victoria!
998 1288 1063 1343 de
1090 1287 1333 1343 Barbari:
1362 1290 1559 1345 relata.

405 1422 473 1487 Et
510 1422 805 1495 imperator
833 1423 1050 1503 quidem
1085 1424 1149 1478 ad
1183 1424 1327 1480 hunc
1359 1425 1576 1481 modum
1610 1426 1661 1480 in
1693 1426 1941 1483 omnibus

326 1516 444 1573 suis
467 1517 677 1572 actibus
702 1517 809 1573 Deo
835 1519 1073 1572 omnium
1103 1519 1390 1593 inspectori
1421 1520 1619 1575 cultum
1650 1520 1935 1590 exhibens,

323 1609 597 1675 Ecclesiis
646 1609 760 1680 ejus
813 1610 1127 1666 inconcussa
1182 1611 1546 1667 sollicitudine
1604 1612 1936 1683 providebat.

327 1700 477 1757 Deus
508 1716 636 1757 vero
660 1702 710 1757 ei
738 1702 910 1756 vicem
938 1703 1261 1777 rependens,
1295 1715 1517 1761 cunctas
1550 1703 1658 1760 fere
1686 1704 1939 1761 barbaras

322 1801 518 1871 gentes
549 1792 774 1864 pedibus
803 1793 947 1847 illius
975 1795 1230 1865 subjecit;
1259 1795 1395 1850 adeo
1422 1806 1479 1851 ut
1510 1807 1707 1867 tropaea
1737 1798 1933 1870 ubique

322 1884 395 1939 de
422 1884 671 1941 hostibus
692 1886 940 1958 erigeret.
976 1885 1126 1942 lllnm
1153 1876 1409 1959 victorem
1434 1890 1571 1963 apud
1594 1906 1783 1947 omnes
1809 1907 1945 1947 mor-

323 1977 464 2033 tales
482 1977 679 2033 illustri
704 1982 971 2049 pra‘conio
996 1981 1352 2047 renuntiavit;
1378 1983 1524 2037 illum
1550 1982 1942 2039 formidabilem

322 2069 563 2127 inimicis
605 2082 658 2126 et
696 2071 937 2128 hostibus
977 2073 1239 2141 reddidit,
1272 2079 1511 2146 quamvis
1539 2087 1725 2151 suapte
1756 2088 1942 2133 natura

325 2165 552 2221 minime
579 2166 700 2220 talis
720 2208 735 2233 ,
766 2167 860 2222 sed
892 2169 1067 2239 potius
1099 2170 1595 2237 mansmﬂissimtts‘,
1638 2170 1943 2243 lenissimus

324 2268 500 2332 atque
526 2260 942 2327 iiumanissimus
971 2270 1115 2318 esset
1143 2264 1383 2319 omnium
1412 2265 1739 2325 mertaiinm.
1762 2271 1775 2284 '

891 2399 1120 2456 CAPUT
1159 2399 1372 2488 itura:
1413 2404 1466 2484 ος
1500 2475 1517 2485 .
1572 2406 1632 2487 :I

402 2531 551 2594 Mors
582 2532 890 2591 Maximiani
924 2546 970 2590 et
1007 2522 1229 2593 aliorum
1257 2553 1472 2606 quorum
1507 2538 1722 2601 insidias
1751 2538 1858 2600 Deo

586 2628 837 2681 revelante
871 2626 1235 2687 Constantinus
1266 2629 1686 2701 deprehenderat.

396 2752 532 2815 Haec
565 2751 695 2817 dum
722 2752 793 2817 ab
820 2768 888 2819 eo
914 2763 1200 2827 geruntur.
1233 2756 1371 2823 alter
1399 2772 1585 2823 eorum
1615 2759 1705 2829 qui
1734 2774 1794 2823 se
1834 2760 1939 2825 ini.-

322 2847 485 2916 perio
513 2845 920 2917 abdicaverant,
955 2861 1076 2909 cum
1107 2846 1329 2904 insidias
1354 2849 1405 2907 in
1432 2848 1548 2921 ejus
1574 2865 1707 2915 nece
1728 2866 1941 2923 compit-

321 2946 477 2993 raret
495 2980 511 3004 ,
539 2938 910 3008 deprehensus
940 2940 1250 3010 turpissimo
1281 2945 1468 2996 mortis
1492 2959 1689 3013 genere
1712 2943 1934 2998 interiit.

320 3029 659 3101 Primusque
686 3030 775 3086 hic
803 3043 884 3086 est
915 3032 1067 3101 cujus
1094 3043 1280 3103 utpOte
1308 3035 1455 3102 impii
1483 3050 1546 3090 ac
1570 3037 1813 3091 scelerati
1844 3038 1938 3093 bo-

322 3125 495 3178 minis
524 3124 787 3195 imagines
817 3140 1006 3193 omnes
1035 3136 1086 3181 et
1114 3136 1329 3197 statua},
1364 3137 1666 3213 cmteraque
1693 3130 1742 3184 id
1770 3147 1937 3200 genus

322 3227 681 3272 monumenta
717 3232 840 3287 quae
885 3216 1108 3273 honoris
1152 3235 1308 3273 causa
1341 3220 1473 3290 erigi
1500 3221 1705 3287 solent,
1739 3222 1935 3292 ubique
1960 3213 2005 3275 C

329 3318 603 3364 terrarum
631 3309 839 3379 deiecta
870 3318 1015 3365 sunt.
1041 3295 1170 3367 Post
1195 3312 1338 3369 hunc
1363 3314 1451 3368 alii
1479 3330 1688 3385 quoque
1718 3317 1933 3385 propin-

319 3402 535 3472 qnitate
560 3402 777 3471 generis
807 3402 1114 3473 conjuncti,
1149 3420 1268 3459 cum
1301 3407 1509 3461 occulte
1535 3408 1582 3462 ei
1617 3406 1931 3463 insidiaren-

320 3502 436 3561 tur,
485 3494 810 3563 deprehensi
859 3504 1014 3559 sunt;
1068 3496 1181 3551 Deo
1227 3496 1433 3552 scilicet
1479 3508 1668 3553 cuncta
1713 3498 1929 3554 illorum

312 3586 546 3642 consilia
579 3587 811 3643 mirabili
840 3588 1073 3658 quodam
1115 3590 1277 3645 modo
1319 3606 1415 3662 per
1452 3593 1689 3647 visiones
1730 3593 1929 3651 famulo

315 3694 423 3733 suo
466 3679 772 3748 detegente.
814 3679 948 3735 Nam
990 3691 1043 3736 et
1086 3685 1426 3752 priesentiam
1468 3700 1616 3739 suam
1648 3685 1695 3741 ei
1732 3689 1929 3757 sacpius

312 3770 581 3826 exhibere
608 3771 857 3842 dignatus
882 3783 963 3828 est
980 3815 993 3836 ,
1021 3773 1201 3828 divina
1228 3776 1432 3831 scilicet
1458 3778 1637 3846 specie
1659 3795 1754 3849 per
1778 3795 1923 3835 sum-

314 3875 471 3915 mum
512 3862 835 3917 miraculum
864 3864 914 3919 ei
947 3875 1275 3934 apparente,
1308 3883 1370 3923 ac
1401 3867 1706 3925 futurarum
1738 3888 1923 3929 rerum

310 3952 713 4023 prmaeierrtiam
751 3954 853 4023 ipsi
892 3966 1231 4025 suggerente.
1276 3956 1344 4012 Et
1380 3959 1775 4029 inexplicabilia
1804 3965 1924 4034 qui-

321 4049 456 4103 dem
486 4050 579 4104 illa
607 4050 801 4107 divinae
830 4053 1015 4122 gratiae
1047 4053 1305 4108 miracula
1326 4096 1341 4119 ,
1376 4071 1496 4126 qua:
1526 4056 1668 4113 Deus
1698 4060 1813 4129 ipse
1842 4061 1921 4115 fa-

323 4141 484 4196 mulo
529 4156 628 4196 suo
674 4154 931 4214 praestare
979 4145 1230 4218 dignatus
1274 4157 1388 4214 est,
1428 4164 1497 4204 ne
1538 4152 1922 4223 comprehendi

313 4236 538 4308 quidem
568 4236 799 4293 dicendo
827 4237 986 4294 facile
1012 4222 1256 4310 possunt.
1289 4239 1495 4308 Quibus
1526 4242 1619 4299 ille
1647 4245 1885 4301 munitus
1904 4290 1920 4313 ,

310 4330 591 4401 reliquum
624 4340 835 4413 tempus
868 4333 1045 4388 :ctatis
1087 4335 1354 4390 tutissime
1394 4336 1661 4405 traduxit;
1706 4348 1814 4394 tum
1855 4356 1918 4396 ex

309 4423 657 4479 subditorum
691 4424 1068 4481 benevolentia
1115 4427 1403 4483 maximam
1433 4431 1658 4501 capiens
1688 4433 1922 4503 volupta-

309 4527 465 4582 tem;
499 4524 613 4570 tum
644 4531 707 4570 ex
737 4532 803 4572 eo
828 4519 971 4587 quod
1004 4528 1228 4575 cunctos
1262 4521 1490 4591 imperio
1520 4538 1617 4577 suo
1646 4523 1919 4593 subjectos

2612 412 2842 477 CABUT
2883 416 3067 475 XLIX.

2287 504 2560 570 Quomodo
2593 505 2820 567 Licinius
2854 509 3110 567 Orientem
3136 510 3402 581 afﬂixerit.

2115 616 2331 673 Etenim
2358 619 2606 674 immanis
2631 620 2875 689 quaedam
2903 622 3077 677 bellua
3100 631 3210 677 tum
3235 623 3494 685 Ecclesia:
3518 624 3639 692 ﬁci,

2042 717 2155 763 tum
2180 710 2405 781 reliquis
2431 711 2849 780 provincialibus
2871 712 2981 771 illic
3008 714 3248 771 insidiari
3273 715 3636 771 nuntiabatur:

2040 815 2164 857 eum
2208 802 2570 873 nequissimus
2596 803 2810 858 datmon
2839 806 2992 875 quasi
3025 806 3373 865 aemulatione
3400 822 3635 875 sucoso,

2041 909 2166 960 sus,
2210 896 2274 951 iis
2310 912 2432 967 quas
2476 898 2543 952 ab
2586 898 2912 970 imperatore
2953 900 3043 954 Dei
3086 902 3455 958 amantissimo
3481 919 3639 974 gere,

2042 989 2260 1056 bantur,
2287 991 2557 1046 contraria
2583 991 2766 1047 facere
2795 992 3057 1048 studeret.
3089 993 3238 1050 Adeo
3269 1006 3328 1049 ut
3352 997 3638 1065 imperium

2041 1081 2344 1137 Romanum
2377 1082 2512 1137 duas
2538 1082 2592 1138 in
2628 1092 2808 1154 partes
2841 1084 3103 1153 divisum,
3132 1087 3275 1141 nocti
3316 1102 3381 1142 ac
3419 1088 3525 1143 diei
3568 1088 3641 1143 si-

2042 1174 2172 1233 mile
2194 1189 2318 1230 esse
2342 1176 2597 1235 omnibus
2620 1177 2916 1233 videretur.
2939 1179 3149 1251 Quippe
3166 1179 3404 1236 Orientis
3424 1183 3640 1252 quidem

2046 1269 2252 1326 incolas
2279 1270 2457 1341 caligo
2488 1273 2663 1329 noctis
2693 1274 2971 1343 premebat
3010 1293 3024 1328 :
3068 1290 3165 1330 eos
3194 1291 3324 1331 vero
3349 1278 3442 1348 qui
3482 1279 3638 1333 Occi-

2042 1361 2221 1419 dentis
2267 1373 2450 1433 partes
2501 1365 2811 1421 habitabant
2844 1409 2858 1433 ,
2910 1369 3292 1425 serenissimus
3338 1370 3645 1427 illustrabat

2042 1454 2179 1510 dies.
2213 1456 2316 1523 Qui
2345 1472 2469 1517 cum
2499 1457 2721 1513 infinitis
2750 1460 2908 1515 bonis
2948 1477 2980 1515 a
3031 1462 3143 1517 Deo
3192 1462 3292 1518 sibi
3341 1464 3644 1521 conciliatis

2043 1547 2379 1618 fruerentur,
2414 1567 2519 1606 non
2551 1553 2672 1608 tulit
2703 1553 2754 1608 id
2782 1554 3001 1625 maligni
3024 1554 3287 1611 daemonis
3314 1557 3519 1615 invidia
3550 1559 3644 1613 bo-

2043 1645 2130 1699 nis
2156 1647 2406 1702 omnibus
2436 1647 2648 1705 infesta.
2680 1648 2786 1705 Sed
2814 1665 2990 1722 neque
3018 1660 3276 1722 tyrannus
3299 1653 3391 1723 qui
3418 1653 3641 1708 alteram

2045 1747 2249 1807 partem
2278 1741 2425 1797 orbis
2456 1740 2685 1797 Romani
2723 1742 3092 1799 dominatione
3130 1757 3225 1797 sua
3268 1746 3640 1815 opprimebat,

1968 1815 2015 1887 Β
2046 1831 2099 1885 id
2150 1832 2428 1888 ferendum
2486 1836 2713 1906 putavit.
2763 1837 2868 1903 Qui
2914 1853 3034 1892 eum
3085 1852 3173 1892 res
3216 1852 3340 1891 snas
3383 1853 3643 1908 prospero

2047 1939 2206 1981 cursu
2239 1926 2365 1982 ferri
2397 1928 2600 1985 videret
2642 1931 2883 2002 tantique
2924 1932 3184 2001 principis
3210 1931 3472 1988 afﬁnitate
3498 1941 3644 1989 esset

2048 2015 2375 2085 honoratus;
2408 2021 2649 2091 religiosi
2690 2014 2906 2091 quidem
2932 2014 3300 2094 imperatoris
3337 2024 3641 2095 exemplum

2024 2112 2514 2183 sequi-neglelit:
2559 2115 2845 2184 impiorum
2893 2131 3022 2171 vero
3060 2116 3302 2171 instituta
3340 2125 3500 2188 atque
3540 2119 3642 2173 im-

2020 2205 2470 2271 iprobos'Imoi'es
2517 2207 2718 2262 studuit
2764 2208 2987 2264 imitari.
3037 2208 3105 2263 Et
3143 2224 3368 2279 quorum
3417 2210 3644 2265 miSera-

2044 2295 2205 2351 bilem
2238 2297 2360 2352 vitae
2399 2299 2598 2354 exitum
2628 2300 2742 2363 suis
2768 2301 2886 2371 ipse
2907 2300 3083 2362 oculis
3113 2303 3519 2371 conspexisset,
3550 2319 3643 2358 eo-

2020 2391 2649 2477 .rnm~'eonsiliao.sequi
2703 2395 2927 2467 maluit,
2982 2409 3141 2480 quam
3196 2394 3249 2463 in
3298 2396 3532 2465 amicitia
3585 2405 3640 2452 et

2022 2482 2508 2545 concordi-uentu
2536 2499 2621 2541 ‘eo
2668 2485 2760 2554 qui
2801 2484 3143 2554 prmstantior
3181 2494 3298 2539 erat
3335 2499 3398 2540 ac
3436 2487 3633 2556 potior,

2044 2593 2378 2648 permanere.

2674 2674 2906 2732 CAPUT
2944 2675 3009 2730 L.

2186 2767 2455 2835 Quomodo
2484 2766 2715 2825 Licinius
2745 2768 3080 2826 Constantino
3106 2769 3381 2825 insidiatus
3408 2770 3494 2824 sit.

2110 2884 2319 2939 Bellum
2348 2885 2509 2955 igitur
2548 2884 2869 2954 inexpiabile
2896 2885 3103 2939 homini
3140 2885 3279 2940 bene
3318 2884 3384 2939 de
3422 2899 3482 2939 se
3520 2900 3635 2939 me-

2041 2977 2147 3031 rito
2186 2976 2395 3041 intulit;
2426 2992 2526 3031 nec
2551 2978 2802 3032 amicitiae
2837 2977 2989 3047 jura,
3035 2993 3136 3033 nec
3175 2985 3631 3032 sacramentorum

2040 3070 2355 3141 religionem
2376 3110 2391 3134 ,
2422 3084 2523 3125 nec
2546 3070 2761 3139 generis
2792 3069 3274 3134 necessitudinem,
3308 3084 3407 3123 nec
3435 3068 3636 3125 hedera

2041 3160 2094 3215 in
2138 3161 2451 3216 memoriam
2496 3174 2775 3214 revocans.
2821 3159 2951 3213 Nam
2990 3159 3376 3214 Constantinus
3417 3159 3632 3229 quidem

2040 3263 2224 3322 utpote
2267 3252 2689 3322 benignissimus
2733 3254 3020 3322 princeps,
3065 3268 3173 3323 quo
3211 3252 3435 3307 sincera:
3472 3252 3636 3306 bene-

2033 3345 2282 3400 volentia:
2312 3347 2672 3400 certissimum
2701 3347 2751 3401 ei
2783 3355 3157 3417 argumentum
3188 3346 3367 3412 daret,
3401 3354 3635 3415 paterme

2034 3439 2218 3511 stirpis
2259 3438 2623 3503 nobilitatem,
2658 3449 2710 3491 et
2740 3422 3075 3507 imperatorii
3103 3439 3213 3507 jam
3248 3438 3373 3492 inde
3403 3453 3432 3491 a
3465 3436 3633 3505 majo-

2032 3531 2181 3585 ribus
2210 3530 2420 3601 generis
2450 3529 2793 3598 Splendorem
2820 3530 2870 3583 ei
2897 3529 3412 3594 communicaverat,
3443 3543 3631 3583 sorore

2031 3639 2127 3679 sua
2158 3622 2212 3676 in
2242 3621 2639 3677 matrimonium
2672 3622 2792 3675 data
2823 3641 2835 3675 :
2869 3621 3139 3690 totiusque
3168 3620 3379 3689 imperii
3405 3619 3632 3675 Romani

2031 3717 2304 3773 consortio
2354 3718 2602 3771 eumdem
2672 3716 2771 3769 frui
2823 3715 3159 3784 permiserat.
3217 3713 3454 3769 Licinius
3502 3729 3633 3768 vero

2034 3811 2191 3881 plane
2233 3811 2317 3864 his
2362 3791 2636 3864 contraria
2663 3809 2848 3862 animo
2889 3809 3142 3872 volvens,
3188 3808 3442 3863 adversus
3489 3824 3629 3877 prte-

2031 3905 2345 3960 stantiorem
2372 3902 2597 3957 occultis
2624 3902 2828 3956 artibus
2842 3903 3219 3973 grassabatur;
3244 3903 3388 3956 varia
3405 3901 3632 3956 subinde

2029 3997 2349 4053 insidiarum
2377 4012 2575 4071 genera
2605 3996 3056 4061 comminisccns,
3103 4004 3161 4049 ut
3200 3994 3339 4049 bene
3379 3994 3628 4049 meritum

2028 4089 2185 4145 malis
2215 4098 2671 4145 remuneraretur.
2698 4088 2775 4143 Ac
2798 4087 3067 4158 principio
3087 4087 3305 4158 quidem
3328 4088 3618 4142 amicitiam

2027 4182 2318 4247 simulans,
2366 4181 2492 4236 dolo
2539 4196 2603 4236 ac
2647 4181 2836 4235 fraude
2883 4189 3073 4234 cuncta
3123 4179 3348 4248 agebat;
3399 4195 3626 4248 sperans

2025 4274 2140 4330 fore
2168 4283 2224 4329 ut
2264 4274 2489 4329 consilia
2530 4288 2627 4327 sua
2668 4273 2917 4347 laterent.
2966 4270 3166 4329 .Verum
3209 4270 3350 4325 Dens
3393 4270 3622 4327 insidias

2026 4381 2149 4436 quae
2193 4365 2439 4420 clanculo
2491 4363 2857 4429 struebantur,
2905 4363 3109 4418 famulo
3153 4377 3251 4417 suo
3288 4362 3512 4419 detexit.
3556 4365 3627 4417 At

2025 4458 2265 4514 Heinius
2296 4459 2347 4511 in
2378 4456 2566 4527 primis
2594 4456 2879 4511 conatibus
2904 4454 3308 4526 deprehensus,
3340 4454 3407 4509 ad
3435 4470 3628 4510 secun-

2026 4551 2123 4606 das
2168 4549 2382 4605 fraudes
2409 4564 2468 4604 se
2496 4549 2755 4613 contulit;
2802 4563 2946 4603 nunc
2984 4548 3239 4602 amicitia:
3282 4548 3437 4601 tidem
3488 4563 3625 4616 prm-

306 4606 368 4663 i“
400 4622 623 4712 summa.
663 4609 1053 4713 m'tttuﬂ'f'ai?
1094 4626 1156 4665 ac
1202 4612 1382 4713 “milia
1427 4614 1621 4713 fk’gerc
1664 4617 1878 4673 ﬁdem“
1902 4636 1916 4674 ³
1942 4609 1998 4672 θ
2026 4643 2253 4698 tendens
2282 4660 2295 4707 ;
2328 4656 2472 4713 nunc
2500 4641 2757 4697 foederum
2786 4655 2850 4695 ac
2877 4647 3331 4695 Sacramentorum
3363 4638 3625 4709 religione

304 4710 431 4755 tum
465 4700 731 4770 prrecipue
759 4703 831 4756 ob
860 4703 1202 4773 splendorem
1236 4705 1596 4762 Ecc'lesiarum
1620 4708 1713 4765 Dei
1743 4711 1918 4767 incre-

307 4794 475 4850 dibili
500 4793 701 4865 gaudio
724 4796 990 4867 gestiens.

867 4927 1097 4999 CAPUT
1135 4930 1365 5000 XLVIII.

763 5038 1090 5109 Constantini
1128 5043 1445 5111 dgennoliq.

385 5155 525 5210 Dan
554 5154 610 5210 in
636 5154 745 5211 hoc
766 5164 919 5210 suam
947 5163 1125 5224 esset,
1157 5156 1397 5215 decimus
1427 5160 1638 5231 imperii
1664 5163 1785 5235 ejus
1812 5180 1911 5221 an-

296 5261 419 5303 nus
446 5246 698 5306 evolutos
728 5257 829 5305 est.
863 5245 1031 5317 (iuius
1060 5246 1141 5304 rei
1175 5264 1335 5305 causa
1378 5251 1535 5308 festis
1572 5253 1767 5311 diebus
1808 5272 1906 5327 per

302 5339 627 5399 universum
666 5340 855 5397 orbem
882 5338 1185 5396 Romanum
1215 5341 1535 5413 celebratis,
1571 5360 1760 5415 preces
1786 5363 1908 5405 cum

302 5432 611 5504 gratiarum
638 5431 855 5493 actione
882 5440 1135 5503 tanquam
1168 5448 1330 5502 pum
1358 5434 1633 5508 victimas,
1674 5438 1816 5510 ignis
1855 5448 1913 5496 et

302 5524 524 5581 nidoris
548 5533 834 5594 expertes,
882 5524 996 5581 Deo
1030 5525 1275 5582 omnium
1308 5526 1449 5600 :Regi
1483 5529 1696 5595 oblinit.
1738 5533 1808 5589 Et
1840 5550 1911 5603 ea

304 5619 397 5675 bis
444 5618 666 5689 quidem
708 5619 997 5675 mximam
1042 5620 1222 5676 animo
1254 5621 1501 5692 capiebat
1540 5624 1905 5697 voluptatem:

300 5712 411 5771 sed
446 5728 558 5768 non
588 5712 816 5783 perinde
834 5728 965 5775 cum
995 5714 1337 5781 oblectabant
1358 5719 1534 5774 nuntii
1556 5719 1673 5789 illi,
1711 5722 1805 5794 qui
1836 5721 1911 5780 de

321 5806 735 5884 provinciarum
766 5807 1001 5867 Orientis
1024 5813 1327 5869 vastatione
1342 5811 1722 5874 ﬁciuntur.

2019 4734 2185 4789 tidem
2218 4734 2322 4788 sibi
2351 4728 2679 4788 concilians:
2703 4732 2899 4787 deinde
2926 4742 3076 4801 pacta
3109 4740 3372 4785 conventa
3402 4743 3622 4801 repente

2018 4828 2254 4899 violans,
2301 4840 2596 4893 rursusque
2642 4839 2735 4892 per
2768 4825 2970 4893 legatos
3010 4823 3219 4877 veniam
3262 4836 3529 4893 poscens:
3556 4836 3621 4878 ac

2019 4918 2196 4973 denuo
2228 4914 2520 4971 mendaciis
2546 4915 2691 4970 foede
2716 4913 2969 4970 illudens.
2994 4912 3239 4970 Tandem
3265 4906 3394 4969 vero
3420 4913 3616 4969 bellant

2020 5008 2198 5080 palam
2248 5005 2482 5073 indixit,
2535 5013 2590 5061 et
2637 5004 2922 5075 desperata
2970 5005 3165 5060 mentis
3215 5006 3435 5061 audacia
3488 5006 3621 5061 inei-

2020 5112 2196 5166 tatus,
2244 5100 2502 5175 adversus
2542 5100 2710 5155 Deum
2738 5099 2911 5168 ipsum
2937 5097 3088 5168 cujus
3126 5097 3290 5153 cultui
3328 5099 3618 5169 imperato-

2018 5213 2133 5253 rem
2169 5194 2579 5250 Constantinum
2622 5192 2861 5248 deditum
2905 5205 3024 5247 esse
3068 5200 3422 5262 cognoverat,
3468 5206 3616 5247 arma

2016 5292 2271 5362 deinceps
2298 5289 2444 5346 ferre
2473 5288 2724 5344 instituit.

2643 5406 2870 5481 CAPUT
2909 5407 2993 5485 ω.

2109 5510 2295 5573 Licinii
2317 5513 2529 5585 insidia:
2555 5514 2798 5587 adversus
2830 5511 3114 5585 Episcopo:
3127 5551 3145 5593 θ
3174 5517 3223 5583 et
3246 5505 3522 5593 prohibitio

2647 5606 2994 5681 Synodo‘rum,

2090 5723 2171 5778 Ac
2209 5723 2448 5795 primum
2478 5722 2695 5795 quidem
2728 5723 2825 5787 Dei
2850 5721 3131 5784 ministros
3156 5718 3258 5779 sub
3285 5716 3493 5779 ditione
3520 5732 3614 5781 sua

2017 5819 2317 5890 degentes,
2349 5816 2441 5889 qui
2470 5817 2598 5874 nihil
2631 5832 2862 5890 unquam
2890 5812 3132 5870 criminis
3156 5811 3415 5871 adversus
3438 5809 3607 5879 impe-
