4142 6178
533 290 599 346 51
1891 277 2160 334 liUSlﬂill
2199 276 2524 334 PAMPHIH
3762 271 3798 326 5

530 406 671 464 rium
700 406 865 478 ipsius
893 405 1310 472 commiserant,
1342 403 1570 460 obscure
1597 411 1651 458 et
1677 399 1869 458 callide
1895 400 2129 456 circum-
2156 410 2210 468 Α

536 503 722 567 venit,
762 499 938 555 varias
985 497 1242 552 adversus
1278 511 1373 552 eos
1427 495 1724 551 calumnias
1775 493 2124 562 investigatis.

529 595 776 666 Cumque
802 593 1007 648 nullum
1037 590 1136 662 ipsi
1167 591 1370 647 crimen
1402 599 1743 663 suppeteret,
1774 603 1876 645 nec
1906 587 2129 644 haberet

527 689 670 760 quod
703 687 834 742 viris
856 686 960 741 illis
990 694 1175 756 posset
1203 683 1462 756 objicere,
1494 685 1611 756 lege
1641 685 1747 739 lata
1776 683 2030 754 praecepit
2059 697 2128 738 ne

530 779 767 853 episcopi
800 780 1008 849 uspiam
1040 779 1181 833 inter
1206 794 1265 834 sc
1295 780 1362 834 de
1393 778 1502 833 ulla
1533 792 1591 833 re
1621 777 1961 845 conferrent,
1993 791 2128 832 neve

527 875 623 930 ulli
662 889 850 929 eorum
891 875 944 928 in
975 873 1197 928 alterius
1235 872 1336 928 sibi
1379 871 1538 927 vicini
1589 871 1874 928 ecclesiam
1904 879 2126 927 ventare

534 966 752 1032 liceret,
783 976 837 1022 et
865 965 1100 1038 synodos
1123 980 1187 1020 ac
1210 964 1435 1021 concilia
1461 965 1530 1022 de
1551 964 1928 1020 communibus
1958 979 2124 1035 nego-

536 1058 622 1114 tiis
663 1058 882 1114 habere.
918 1057 1117 1114 Verum
1146 1059 1259 1114 haec
1287 1059 1360 1114 illi
1392 1059 1458 1113 ad
1493 1074 1591 1114 nos
1617 1059 1887 1114 vexandos
1913 1058 2125 1115 occasio

531 1151 894 1224 quaerebatur.
925 1151 1056 1208 Nam
1085 1153 1130 1207 si
1161 1151 1375 1223 quidem
1405 1152 1572 1208 nostri
1599 1152 1773 1223 legem
1803 1152 2123 1219 violassent,

538 1260 749 1317 poenam
790 1245 973 1303 subire
1010 1260 1106 1301 eos
1134 1247 1451 1318 oportebat:
1491 1247 1572 1302 sin
1615 1254 1882 1316 praecepto
1922 1245 2127 1316 paruis-

537 1347 659 1393 sent
678 1379 692 1403 ,
717 1339 1113 1394 ecclesiasticas
1137 1339 1283 1410 leges
1307 1339 1556 1396 convelli.
1581 1339 1763 1410 Neque
1785 1340 1928 1395 enim
1954 1339 2119 1410 majo-

536 1431 613 1486 ris
641 1432 902 1488 momenti
940 1435 1324 1488 controversiae
1346 1475 1359 1498 ,
1394 1434 1551 1488 aliter
1577 1449 1736 1504 quam
1769 1449 1863 1503 per
1889 1434 2127 1505 synodos

528 1525 784 1596 componi
818 1535 1058 1595 possunt.
1097 1525 1166 1580 Et
1203 1525 1402 1596 alioqui
1432 1524 1545 1580 Deo
1578 1526 1801 1582 infestus
1832 1537 2123 1596 tyrannus,

532 1630 654 1672 cum
697 1616 922 1688 principi
955 1617 1063 1672 Deo
1089 1617 1459 1673 amantissimo
1484 1617 1760 1674 adversari
1794 1617 1847 1671 in
1877 1617 2127 1672 omnibus

528 1708 807 1777 studeret,
849 1710 967 1766 haec
1005 1712 1205 1766 nostris
1236 1712 1536 1782 imperavit.
1579 1711 1710 1767 Nam
1739 1710 2126 1767 Constantinus

3804 271 3834 326 ἓ

2805 397 3033 457 CAPUT
3088 400 3220 458 LIV.

2237 561 2506 631 Quomodo
2527 579 2610 619 eos
2630 563 2719 635 qui
2761 565 3054 634 sacriﬁcare
3082 567 3392 632 renuissent,
3420 563 3606 620 militia
3631 562 3779 618 solvit
3806 575 3828 618 :

2599 665 2649 711 et
2675 672 2877 711 carcere
2897 657 3122 711 inclusos
3140 698 3155 724 ,
3185 659 3257 710 ali
3277 658 3450 712 vetuit.

2305 808 2503 864 Verum
2536 825 2658 865 cum
2692 826 2759 865 ne
2816 811 2866 864 in
2900 809 3002 866 hoc
3051 809 3269 881 quidem
3314 809 3534 882 obsequi
3567 809 3668 864 sibi
3702 809 3826 864 illos

2235 904 2480 972 videret,
2537 903 2748 960 tandem
2802 905 3014 975 rejectis
3072 903 3385 975 ambagibus
3417 945 3432 968 ,
3493 903 3633 958 nudo
3682 901 3825 974 quod

2229 999 2379 1052 aiunt
2403 999 2607 1067 capite,
2637 997 2877 1053 decrevit
2904 1008 2960 1051 ut
2987 997 3186 1052 milites
3211 997 3299 1067 qui
3329 1012 3426 1066 per
3471 995 3708 1066 singulas
3740 1011 3829 1049 ur-

2230 1091 2324 1146 bes
2355 1090 2683 1160 apparebaut
2701 1089 2969 1160 judicibus
2989 1131 3006 1156 ,
3035 1089 3140 1144 nisi
3161 1089 3495 1144 daemonibus
3520 1087 3828 1144 sacrificare

2229 1182 2451 1238 mallent
2476 1223 2489 1246 ,
2517 1182 2588 1235 ab
2633 1181 2970 1252 apparitione
3012 1181 3328 1253 praesidialis
3369 1180 3530 1235 officii
3578 1195 3827 1236 remove-

2230 1284 2438 1330 rentur.
2485 1273 2716 1329 Proinde
2768 1274 2942 1328 ofticia
2993 1273 3398 1344 magistratuum
3451 1290 3544 1345 per
3593 1273 3830 1344 singulas

2231 1364 2535 1437 provincias
2565 1365 2694 1421 viris
2723 1366 2829 1436 piis
2857 1381 2921 1420 ac
2954 1366 3218 1436 religiosis
3246 1365 3607 1421 nudabantur.
3638 1364 3747 1421 Sed
3775 1373 3830 1420 et

2230 1461 2346 1531 ipse
2374 1460 2464 1531 qui
2493 1460 2633 1516 hanc
2672 1460 2846 1532 legem
2879 1461 3096 1526 tulerat,
3147 1460 3447 1514 nudabatur
3493 1458 3831 1514 orationibus

2229 1562 2542 1608 sanctorum
2615 1554 2886 1620 virorum,
2934 1553 3126 1623 quibus
3185 1561 3358 1608 semet
3427 1553 3541 1623 ipse
3572 1555 3826 1623 privarat.

2228 1644 2367 1714 Quid
2417 1654 2680 1716 praeterea
2745 1659 3170 1701 commemorare
3223 1644 3451 1712 attinet,
3520 1659 3626 1716 quo
3673 1652 3833 1714 pacto

2229 1739 2581 1809 praeceperit,
2607 1753 2674 1794 ne
2698 1737 2909 1793 miseris
2956 1738 3008 1792 in
3051 1752 3272 1792 carcere
3301 1736 3533 1812 detentis
3575 1736 3832 1790 alimenta

533 1803 748 1875 quidem
789 1804 1100 1861 sacerdotes
1142 1805 1270 1873 Dei,
1314 1806 1460 1877 pacis
1499 1816 1553 1861 et
1590 1805 1892 1862 concordise
1929 1815 2127 1859 mutuae

2231 1831 2513 1900 quisquam
2565 1828 2873 1884 humaniter
2914 1828 3378 1893 subministraret;
3434 1810 3566 1881 neve
3594 1826 3712 1898 quis
3733 1825 3832 1882 ho-

529 1910 693 1951 causa
721 1895 774 1950 in
805 1912 968 1951 unum
1010 1897 1375 1953 convocabat:
1417 1896 1577 1968 idque
1613 1897 1667 1952 in
1710 1896 1968 1951 honorem
2007 1895 2128 1966 ejus

528 1986 616 2041 cui
655 2001 807 2041 sacra
851 1986 1136 2043 faciebant.
1171 1988 1408 2044 Licinius
1432 2003 1561 2044 vero
1588 1988 1715 2043 dum
1744 1989 1944 2059 Optima
1974 2003 2124 2059 quae-

527 2093 632 2150 que
661 2080 964 2136 convellere
995 2081 1232 2150 molitur,
1265 2092 1586 2137 concentum
1615 2062 2140 2163 Ecclpsiarum,utr-,

530 2169 661 2228 bare
705 2174 945 2229 tentavit.
1695 2155 1786 2229 ,³ἶῖ
1819 2160 1839 2229 Ξ
1861 2159 1942 2229 Ξοὲ
1957 2155 2038 2229 ³οέ

1138 2286 1368 2344 CAPUT
1407 2287 1518 2344 ιιι.

2234 1923 2408 1979 mines
2438 1925 2491 1977 in
2536 1923 2765 1978 vinculis
2793 1923 2930 1977 fame
2969 1922 3414 1978 contabescentes
3435 1961 3448 1984 ,
3479 1921 3830 1977 miseratione

2231 2025 2652 2088 prosequeretur
2685 2035 2697 2070 :
2735 2016 2837 2074 hoc
2866 2026 2989 2083 est,
3024 2031 3092 2071 ne
3141 2015 3261 2086 quis
3287 2015 3506 2070 omnino
3536 2015 3615 2069 vir
3654 2015 3832 2071 bonus

2125 2108 2523 2190 E";3xis,tere_t;
2557 2110 2875 2190 ηενρ-ξέιυί
2903 2108 2970 2165 ad
3011 2109 3374 2180 proximorum
3428 2107 3832 2164 miserationem

2226 2187 2594 2274 Ξιὶιῦιςῖοἴρδεὲ
2620 2187 2915 2270 ancilium,
2967 2203 3091 2258 boni
3137 2201 3426 2274 quidquam
3474 2210 3820 2274 praestarent.

2231 2297 2354 2353 Fuit
2375 2298 2490 2354 haec
2529 2298 2771 2370 profecto
2820 2299 3035 2369 quidem
3088 2299 3174 2354 lex
3231 2299 3408 2370 palam
3460 2298 3744 2370 impudens
3775 2307 3832 2354 et

2045 2389 3042 2477 «7.7::imgprasggg-ggopiaqmtgie
3085 2407 3296 2446 morum
3348 2390 3615 2448 feritatem
3672 2391 3834 2448 facile

770 2423 1179 2481 Christianorum
1207 2426 1362 2481 exilia
1391 2434 1436 2480 et
1469 2393 1886 2522 ρτοεξγξῇᾂοῇἓξ.
2127 2413 2130 2424 1

2232 2393 3042 2477 ἱωιῃςῐῡξεζιῇριεξὸριξῇςιῃιψθ
3085 2407 3296 2446 morum
3348 2393 3615 2448 feritatem
3672 2393 3832 2448 facile

2230 2481 2540 2552 superavit;
2557 2473 2875 2550 Q'ulifetidm'
2900 2482 3015 2554 legi
3058 2481 3268 2553 adjecta
3309 2490 3424 2538 erat
3470 2483 3586 2538 haec
3629 2497 3788 2554 paena
3815 2525 3832 2551 ,

603 2562 669 2618 Et
697 2563 952 2634 quoniam
985 2563 1097 2619 Deo
1136 2579 1299 2619 carus
1335 2563 1720 2620 Constantinus
1760 2562 1993 2618 famulos
2035 2563 2130 2620 Dei

529 2656 582 2712 in
617 2655 872 2727 palatium
912 2657 1142 2714 libenter
1170 2657 1521 2725 admittebat,
1564 2657 1736 2712 hostis
1767 2657 1861 2712 Dei
1891 2658 2128 2712 Licinius

527 2750 799 2804 contraria
841 2751 1021 2804 omnia
1064 2751 1303 2806 sentiens
1327 2793 1341 2816 ,
1381 2759 1604 2805 cunctos
1638 2750 1732 2805 Dei
1771 2750 2008 2808 cultores
2037 2751 2129 2822 qui

531 2841 633 2896 sub
670 2841 895 2911 imperio
934 2856 1034 2896 suo
1074 2841 1377 2912 degebant,
1409 2843 1609 2912 palatio
1639 2843 1878 2912 expulit;
1911 2852 1964 2898 et
1992 2856 2129 2913 quos

529 2932 583 2988 in
613 2934 870 2988 comitatu
911 2948 1010 2988 suo
1040 2932 1271 2989 habebat
1313 2934 1600 2989 fidissimos
1625 2949 1688 2990 ac
1715 2934 2090 2990 devotissimos
2111 2976 2126 3002 ,

532 3037 627 3080 eos
656 3024 922 3095 praecipue
947 3025 999 3079 in
1028 3025 1254 3081 exilium
1283 3025 1560 3097 relegavit.
1590 3026 1798 3097 Quique
1823 3027 1891 3081 ob
1917 3027 2127 3098 egregia

528 3117 769 3174 facinora
803 3119 884 3174 vel
916 3119 1123 3175 honore
1150 3121 1328 3190 aliquo
1347 3161 1363 3186 ,
1397 3119 1480 3175 vel
1510 3119 1768 3190 dignitate
1793 3120 1860 3176 ab
1890 3121 2006 3191 ipso
2033 3135 2128 3174 an-

530 3209 688 3265 tehac
727 3209 941 3265 fuerant
979 3212 1190 3278 ornati,
1235 3211 1332 3266 hos
1369 3212 1488 3266 aliis
1527 3213 1769 3278 servire,
1799 3221 1854 3267 et
1893 3211 2124 3268 famulo-
2151 3206 2197 3270 C

528 3317 648 3358 rum
705 3303 999 3358 ministeria
1057 3303 1206 3358 obire
1255 3304 1543 3358 mandavit.
1600 3305 1840 3374 Cumque
1889 3304 2126 3359 omnium

525 3392 668 3448 bona
702 3404 952 3463 tanquam
983 3394 1190 3449 lucrum
1229 3394 1448 3466 aliquod
1491 3395 1590 3448 sibi
1631 3395 1869 3449 oblatum
1914 3396 2127 3466 rapuis-

526 3496 644 3554 set,
677 3487 741 3540 ad
773 3495 1074 3542 extremum
1107 3498 1336 3542 mortem
1392 3501 1605 3557 quoque
1649 3487 1882 3540 minatus
1911 3497 1992 3542 est
2025 3486 2088 3540 iis
2109 3529 2123 3552 ,

525 3578 618 3650 qui
667 3579 900 3635 salutare
939 3580 1041 3634 sibi
1085 3595 1279 3634 nomen
1320 3577 1628 3634 christiame
1668 3578 1942 3649 religionis
1971 3593 2125 3633 assu-

528 3678 756 3726 merent.
790 3671 956 3725 Porro
986 3686 1107 3725 cum
1140 3672 1192 3726 in
1213 3687 1429 3727 omnem
1453 3670 1729 3727 libidinem
1760 3687 1822 3726 ac
1853 3671 2126 3727 lasciviam

531 3764 734 3819 effusus
763 3774 908 3819 esset
925 3807 940 3829 ,
972 3765 1245 3834 multaque
1270 3765 1530 3821 adulteria
1554 3765 1768 3836 aliaque
1795 3765 2127 3822 detestandae

526 3855 899 3912 obscaenitatis
928 3855 1126 3928 flagitia
1157 3856 1548 3922 committeret,
1597 3858 1864 3926 pudicitiae
1902 3869 1959 3914 et
1994 3874 2127 3914 con-

530 3947 768 4002 tinentiae
814 3947 1148 4004 honestatem
1196 3950 1263 4004 ab
1310 3948 1617 4005 hominibus
1665 3953 1906 4020 praestari
1954 3952 2127 4008 neuti-

530 4055 690 4107 quam
724 4054 880 4109 posse
911 4042 1157 4108 censuit;
1203 4041 1271 4098 de
1309 4043 1580 4098 communi
1621 4043 1897 4099 hominum
1938 4055 2125 4101 natura

525 4148 593 4189 ex
621 4144 831 4190 suomet
862 4135 1028 4205 ipsius
1057 4137 1248 4191 morbo
1276 4136 1510 4208 pessime
1534 4136 1804 4208 judicans.

1103 4289 1333 4348 CAPUT
1363 4291 1494 4347 Lill.

529 4427 772 4484 Edictum
816 4429 1032 4499 Licinii,
1067 4451 1129 4488 ne
1179 4434 1414 4488 mulieres
1445 4451 1550 4488 una
1577 4451 1693 4489 cum
1716 4434 1839 4490 viris
1886 4435 1940 4490 in
1969 4436 2127 4491 eccle-

1071 4524 1200 4578 siam
1221 4526 1566 4580 convenirent.

604 4681 808 4738 idcirco
838 4682 1063 4739 alteram
1094 4685 1266 4756 legem
1323 4685 1477 4753 tulit,
1510 4701 1613 4756 qua
1642 4685 1867 4755 jubebat
1887 4727 1902 4753 ,
1931 4701 2000 4742 ne
2027 4686 2128 4742 viri

533 4775 720 4830 orandi
746 4791 904 4831 causa
944 4779 995 4831 in
1038 4778 1323 4835 ecclesiam
1354 4779 1447 4834 Dei
1473 4778 1632 4834 simul
1659 4794 1780 4834 cum
1811 4779 2128 4836 mulieribus

531 4869 918 4934 convenirent;
953 4885 1089 4927 neve
1123 4870 1376 4927 mulieres
1422 4871 1488 4926 ad
1535 4872 1868 4928 venerandas
1913 4871 2126 4928 virtutis

529 4959 741 5014 scholas
801 4960 1039 5017 discendi
1100 4977 1262 5018 causa
1332 4971 1650 5030 ventarent,
1712 4973 1986 5033 postremo
2059 4979 2128 5020 ne

529 5053 769 5124 episc0pi
795 5055 989 5110 divinae
1015 5055 1285 5128 religionis
1312 5066 1574 5128 praecepta
1607 5057 1921 5113 mulieribus
1953 5057 2130 5112 trade-

529 5159 691 5212 rent,
724 5147 819 5202 sed
852 5158 908 5202 ut
929 5149 1183 5206 mulieres
1203 5149 1269 5205 ad
1294 5150 1344 5206 id
1376 5150 1562 5206 electae
1583 5191 1598 5217 ,
1626 5150 1884 5206 docendis
1936 5149 2128 5205 mulie-

530 5242 677 5297 ribus
709 5241 1134 5312 pranlicerentur.
1163 5242 1294 5309 Quae
1343 5259 1464 5298 cum
1505 5243 1574 5296 ab
1598 5243 1845 5298 omnibus
1891 5242 2132 5297 rideren-

530 5345 635 5399 tur,
668 5335 810 5390 aliud
841 5335 1112 5406 quidpiam
1167 5348 1506 5392 commentus
1545 5343 1628 5392 est
1655 5335 1722 5390 ad
1775 5335 2124 5390 ecclesiarum

528 5431 888 5486 eversionem.
939 5429 1106 5485 Jussit
1160 5432 1304 5486 enim
1359 5441 1415 5485 ut
1485 5429 1758 5486 solemnes
1811 5427 2125 5498 populorum

537 5530 836 5577 conventus
883 5531 1033 5577 extra
1094 5531 1274 5591 portas
1323 5522 1374 5576 in
1419 5530 1602 5592 aperta
1636 5521 1862 5590 planicie
1887 5519 2128 5576 celebra-

530 5627 748 5682 rentur;
780 5631 1032 5672 assereos
1061 5615 1285 5672 liberum
1333 5625 1482 5672 extra
1534 5625 1716 5686 portas
1745 5630 1925 5671 aerem
1956 5613 2127 5670 turbis

531 5707 690 5778 longe
715 5708 1142 5765 comnrdiorem
1191 5722 1312 5765 esse
1333 5749 1350 5776 ,
1401 5723 1560 5779 quam
1611 5708 1844 5766 oratoria
1874 5708 2013 5763 intra
2041 5723 2130 5763 ur-

531 5803 652 5857 hem
684 5803 805 5859 sita.

2230 2575 2402 2644 utqui
2458 2573 2681 2630 inclusis
2739 2575 2934 2645 stipem
2984 2574 3298 2640 dedissent,
3357 2575 3470 2646 pari
3519 2590 3642 2631 cum
3696 2575 3830 2646 ipsis

2232 2666 2494 2736 supplicio
2527 2667 2918 2736 plecterentur;
2955 2676 3120 2738 utque
3146 2667 3198 2722 in
3227 2682 3500 2724 carcerem
3529 2677 3584 2723 et
3619 2668 3834 2724 vincula

2231 2759 2464 2829 coniecti
2495 2761 2740 2817 eamdem
2781 2777 2902 2817 cum
2946 2763 3124 2818 noxiis
3174 2777 3390 2834 poenam
3419 2763 3698 2834 subirent,
3741 2765 3834 2838 qui

2234 2853 2580 2908 humanitatis
2611 2852 2784 2909 officia
2813 2855 2893 2910 eis
2919 2855 3312 2926 praestitissent.

2836 3011 3065 3070 CAPUT
3097 3013 3203 3071 LV.

2550 3148 2631 3204 De
2649 3149 2917 3221 iniquitate
2943 3160 2989 3208 et
3009 3153 3227 3207 avaritia
3253 3151 3460 3208 Licinii.

2305 3275 2620 3346 llujusmodi
2652 3276 2802 3332 fuere
2827 3277 3242 3334 constitutiones
3286 3278 3494 3334 Licinii.
3527 3278 3665 3349 Quid
3703 3295 3836 3337 vero

2231 3383 2368 3439 opus
2395 3380 2478 3425 est
2506 3385 2792 3426 recensere
2842 3387 2963 3442 quae
2988 3373 3041 3427 in
3073 3373 3272 3442 nuptiis
3297 3383 3387 3428 aut
3426 3374 3565 3431 circa
3595 3376 3833 3432 morien-

2232 3469 2312 3516 tes
2341 3462 2649 3526 innovavit;
2683 3472 2922 3518 vetustas
2971 3463 3336 3519 Romanorum
3393 3465 3538 3536 leges
3585 3479 3736 3523 recte
3783 3478 3839 3524 et

2230 3554 2502 3623 sapienter
2557 3555 2876 3609 constitutas
2927 3570 3090 3610 ausus
3157 3555 3418 3623 abolere,
3473 3568 3528 3612 et
3577 3558 3840 3617 barbaras

2229 3647 2486 3718 quasdam
2517 3656 2678 3718 atque
2710 3647 2970 3702 immanes
3001 3647 3266 3719 planeque
3294 3649 3598 3719 illegitimas
3629 3660 3683 3704 et
3719 3652 3839 3707 ini-

2229 3755 2363 3810 quas
2390 3740 2538 3811 leges
2577 3741 2787 3795 illarum
2820 3741 2942 3796 loco
2967 3741 3341 3798 substituere?
3373 3743 3517 3798 Mille
3570 3755 3839 3815 praetcrea

2229 3831 2568 3887 exactionum
2620 3848 2816 3904 genera
2875 3833 3132 3888 adversus
3189 3835 3434 3892 subditos
3482 3839 3837 3908 excogitavit.

2227 3924 2486 3990 Quocirca
2529 3938 2694 3979 novas
2759 3939 3012 3996 agrorum
3062 3927 3367 3982 mensiones
3405 3927 3720 3996 adiuvenit,
3783 3940 3842 3988 ut

2228 4015 2406 4086 exigui
2435 4016 2548 4086 agri
2581 4016 2844 4087 majorem
2873 4015 3162 4088 imputaret
3192 4019 3412 4074 modum
3433 4060 3450 4085 ,
3484 4020 3555 4075 ob
3583 4020 3834 4093 inexple-

2227 4109 2388 4166 bilem
2420 4110 2768 4180 cupiditatem
2791 4111 3077 4166 nimiarum
3111 4114 3474 4170 exactionurn.
3512 4113 3640 4169 Ideo
3667 4118 3838 4173 rusti-

2231 4217 2420 4257 corum
2449 4203 2540 4272 qui
2587 4201 2912 4273 superstites
2938 4202 3168 4272 amplius
3198 4219 3306 4258 non
3350 4213 3539 4270 erant,
3571 4205 3668 4260 sed
3692 4207 3838 4276 jam-

2229 4293 2436 4364 pridem
2467 4294 2746 4362 obierant,
2790 4294 3006 4349 nomina
3054 4293 3107 4348 in
3138 4294 3482 4350 censualibus
3521 4295 3720 4352 tabulis
3752 4298 3840 4354 in-

2227 4385 2529 4452 scribebat,
2581 4387 2750 4456 turpis
2783 4385 2916 4442 lucri
2973 4386 3098 4442 hinc
3145 4386 3526 4457 compendium
3580 4397 3836 4460 captans.

2229 4479 2413 4552 Neque
2436 4481 2579 4536 enim
2635 4480 2852 4536 sordida
2883 4481 3116 4536 hominis
3155 4483 3486 4553 parcimonia
3521 4484 3688 4540 ullum
3742 4485 3842 4542 ha-

2151 4573 2390 4657 Dbebat
2439 4573 2688 4639 modum,
2749 4589 2849 4630 nec
2909 4575 3140 4632 habendi
3205 4577 3552 4648 cupiditatem
3611 4581 3838 4636 satietas

2233 4667 2470 4724 finiebat.
2504 4667 2691 4740 itaque
2745 4683 2868 4724 cum
2925 4685 3060 4726 auro
3089 4681 3146 4727 et
3187 4682 3412 4744 argento
3462 4685 3518 4729 et
3567 4675 3837 4734 immensa

2231 4779 2393 4834 opum
2424 4763 2578 4834 c0pia
2629 4763 2914 4820 thesauros
2970 4780 3101 4821 suos
3151 4767 3462 4838 implesset,
3512 4784 3738 4839 gemens
3767 4769 3838 4827 de

2235 4869 2551 4930 paupertate
2570 4874 2668 4913 sua
2693 4861 3040 4930 querebatur,
3073 4859 3351 4918 Tantalico
3371 4862 3606 4933 quodam
3642 4865 3837 4922 morbo

2233 4961 2477 5008 vexatus.
2507 4951 2644 5018 Quid
2673 4951 2903 5008 referam
2949 4953 3114 5008 exilia
3141 4955 3338 5025 quibus
3377 4954 3524 5010 viros
3567 4955 3834 5012 innocen-

2233 5055 2315 5101 tes
2367 5044 2677 5100 damnavit?
2718 5045 2856 5112 Quid
2927 5046 3192 5102 bonorum
3242 5048 3668 5118 publicatioues?
3696 5049 3837 5117 Quid

2234 5140 2444 5196 nobiles
2465 5154 2531 5195 ac
2555 5140 2839 5209 praecipuae
2879 5139 3156 5211 dignitatis
3198 5141 3445 5198 homines
3477 5143 3530 5198 in
3557 5157 3837 5200 carcerem

2233 5238 2527 5304 abductos,
2561 5253 2788 5308 quorum
2816 5253 3014 5294 uxores
3033 5238 3313 5294 sceleratis
3338 5239 3661 5310 quibusdam
3690 5255 3839 5296 man-

2233 5332 2389 5403 cipiis
2414 5330 2845 5401 constuprandas
2890 5330 3098 5385 dabat?
3125 5331 3264 5398 Quid
3294 5332 3553 5388 mulieres
3599 5343 3800 5404 nuptas
3819 5373 3835 5399 ,

2235 5424 2366 5496 quid
2392 5423 2630 5492 virgines
2659 5437 3010 5488 recenseam,
3057 5423 3254 5493 quibus
3309 5425 3424 5494 ipse
3472 5425 3596 5482 licet
3640 5425 3834 5483 aﬂ‘ecta

2232 5519 2343 5590 jam
2372 5529 2562 5585 aetate,
2613 5517 2718 5571 vim
2763 5515 2965 5571 inferre
3010 5516 3278 5572 tentavit?
3305 5517 3447 5574 Nihil
3491 5533 3628 5590 opus
3669 5529 3754 5574 est
3781 5521 3834 5577 in

2235 5611 2321 5666 his
2346 5608 2840 5666 commemorandis
2861 5608 3062 5663 diutius
3111 5609 3386 5666 immorari
3414 5651 3429 5677 ,
3473 5625 3594 5667 cum
3624 5620 3838 5680 postre-

2235 5717 2449 5760 morum
2471 5701 2588 5774 ejus
2619 5701 2918 5759 facinorum
2941 5701 3178 5772 gravitas
3202 5741 3218 5768 ,
3245 5709 3308 5756 ut
3346 5703 3526 5774 priora
3554 5701 3672 5759 haec
3698 5703 3836 5762 levia

2240 5813 2304 5854 ac
2320 5814 2488 5868 prope
2515 5797 2662 5855 nulla
2677 5796 3009 5861 viderentur,
3049 5793 3311 5852 effecerit.
