4142 6178
321 222 397 284 ὅτι
1401 213 1490 268 DE
1531 208 1693 268 VITA
1731 207 2185 266 CONSTANTINI
2225 207 2428 266 LIBER
2473 208 2536 264 Il.
3555 213 3631 272 54

922 326 1151 386 CAPUT
1198 326 1332 383 LVI.

323 427 597 495 Quomodo
627 423 1024 498 persecutionem
1067 423 1310 477 adversus
1353 418 1673 476 Christianos
1721 417 1924 472 tandem

970 519 1282 572 excitaverit.

398 639 643 710 Denique
669 653 734 694 eo
760 635 958 692 furoris
1001 634 1303 707 processit,
1328 642 1389 689 ut
1415 631 1675 688 Ecclesiis
1719 630 1923 687 bellum

321 735 587 801 inferret,
621 735 878 805 ipsosque
900 731 1184 802 episcOpos
1233 728 1560 793 adoriretur,
1589 740 1724 796 quos
1753 724 1926 780 maxi-

319 846 414 888 me
439 831 542 886 sibi
586 829 856 886 adversos
885 842 1003 882 esse
1051 823 1418 896 intelligebat;
1445 838 1546 893 pro
1578 821 1812 877 inimicis
1834 819 1928 874 ha-

319 924 458 981 bens
486 938 582 978 eos
623 923 713 994 qui
747 922 963 978 maximi
1016 919 1234 989 Deoque
1280 916 1546 972 carissimi
1580 913 1926 985 imperatoris

319 1016 482 1072 amici
513 1025 717 1072 essent.
773 1013 853 1070 Ob
905 1028 1064 1084 quam
1114 1010 1387 1081 praecipue
1433 1022 1649 1063 causam
1683 1005 1924 1060 furorem

316 1125 478 1166 suum
504 1110 557 1164 in
607 1124 706 1165 nos
749 1108 997 1174 exacuit,
1053 1121 1082 1159 a
1136 1114 1282 1160 recta
1339 1103 1550 1159 ratione
1588 1101 1919 1156 deseiscens.

316 1201 431 1259 Nec
467 1201 777 1271 exemplum
831 1214 1016 1257 eorum
1048 1198 1138 1269 qui
1189 1204 1318 1252 ante
1364 1195 1536 1265 ipsum
1588 1191 1925 1248 Christianos

317 1294 540 1350 fixerant
561 1292 825 1364 persecuti
852 1333 868 1356 ,
901 1292 952 1346 in
986 1289 1301 1346 memoriam
1346 1287 1450 1342 sibi
1483 1286 1790 1352 revocavit;
1823 1299 1924 1339 nec

315 1387 543 1443 illorum
569 1402 794 1458 quorum
838 1385 909 1440 ob
942 1383 1104 1455 impia
1160 1382 1398 1437 facinora
1437 1379 1583 1434 ultor
1627 1379 1740 1449 ipse
1763 1385 1924 1447 atque

314 1480 591 1535 extinctor
616 1478 788 1534 fuerat
811 1476 1156 1531 constitutus.
1187 1473 1298 1528 Nec
1311 1473 1494 1526 animo
1515 1480 1569 1525 et
1595 1469 1923 1540 cogitatione

312 1571 642 1628 recoluitea
699 1583 926 1642 quorum
976 1569 1091 1639 ipse
1139 1573 1415 1636 spectator
1453 1564 1761 1627 exstiterat;
1797 1572 1923 1616 tunc

314 1681 445 1721 cum
476 1666 623 1720 illum
674 1665 916 1719 omnium
963 1661 1228 1716 malorum
1281 1659 1694 1730 antesignanum
1721 1699 1736 1722 ,
1767 1659 1916 1726 quis-

312 1758 440 1828 quis
470 1757 561 1812 ille

312 1863 438 1903 sum
461 1849 576 1903 suis
607 1848 723 1919 ipse
751 1846 924 1902 oculis
953 1844 1255 1910 conspexit.

889 1961 1122 2018 CAPUT
1161 1959 1324 2016 LVII.

356 2055 595 2125 Qualiter
624 2054 982 2111 Maximianus
1012 2054 1250 2120 ﬁstuloso
1285 2069 1344 2107 ac
1381 2052 1690 2106 verminante
1715 2050 1882 2104 ulcere

464 2149 806 2219 perdomitus,
857 2163 950 2217 pro
973 2145 1277 2200 Christianis
1309 2144 1472 2215 legem
1491 2143 1770 2214 scripserit.

393 2261 532 2317 Nam
556 2277 672 2317 cum
699 2260 792 2316 hic
818 2259 1087 2316 Ecclesias
1111 2272 1421 2329 oppugnare
1448 2269 1674 2311 exorsus
1704 2253 1910 2322 fuisset,

307 2355 628 2426 primusque
653 2357 920 2425 iustorum
964 2369 1026 2408 ac
1068 2352 1161 2408 Dei
1216 2351 1482 2407 cultorum
1539 2348 1777 2405 caedibus
1801 2348 1916 2402 ani-

309 2464 466 2504 mum
500 2464 655 2504 suum
683 2447 1134 2511 contaminasset;
1176 2446 1370 2501 merito
1399 2459 1520 2499 eum
1567 2443 1748 2498 divina
1779 2442 1913 2500 ultio

307 2543 613 2612 corripuit,
643 2541 712 2596 ab
742 2542 873 2612 ipsis
901 2556 1090 2597 exorsa
1143 2539 1427 2605 carnibus,
1474 2546 1530 2592 et
1583 2537 1648 2591 ad
1676 2537 1911 2592 animam

306 2648 488 2704 usque
516 2648 816 2704 progressa.
876 2633 1120 2704 Repente
1177 2631 1319 2688 enim
1359 2628 1411 2684 iu
1443 2628 1622 2685 medio
1649 2627 1914 2685 occultiu-

305 2741 431 2781 rum
456 2725 703 2796 corporis
733 2725 961 2796 partium
1005 2725 1291 2780 abscessus
1338 2723 1388 2778 ei
1441 2721 1722 2777 nascitur:
1755 2722 1911 2778 ulcus

305 2819 512 2875 deinde
539 2819 596 2874 in
626 2819 732 2873 imo
757 2818 1079 2874 ﬁstulosum.
1117 2817 1407 2888 Utriusque
1435 2814 1751 2870 insanabilis
1777 2829 1912 2868 mor-

305 2926 406 2968 sus
447 2911 638 2967 intima
663 2911 868 2968 viscera
895 2909 1306 2981 depascebatur.
1340 2909 1420 2964 Ex
1454 2908 1538 2963 his
1580 2907 1910 2963 incredibilis

304 3007 581 3062 vermium
635 3005 920 3060 multitudo
968 3005 1306 3069 scaturieus,
1365 3001 1578 3057 letalem
1623 3001 1911 3057 exhalabat

1952 329 2005 386 Α
2035 323 2076 377 ri
2109 323 2230 378 huic
2259 323 2548 394 irrogatam
2577 320 2755 377 auiuto
2785 322 3045 392 reputavit
3075 365 3088 389 ,
3135 337 3237 379 nec
3282 338 3416 393 quas
3442 325 3623 384 divina

2023 413 2227 484 justitia
2259 415 2326 469 de
2356 414 2654 484 posteriore
2700 415 2869 470 altera
2922 426 3227 486 sumpserat
3281 432 3487 488 pinnas.
3521 418 3623 485 Qui

2025 508 2239 578 quidem
2263 525 2384 564 cum
2409 510 2642 579 priorem
2689 508 2839 564 illum
2885 518 3134 581 tanquam
3160 510 3212 565 in
3245 511 3476 582 quodam
3504 526 3616 566 sce-

2028 599 2199 655 lerum
2236 600 2529 656 certamine
2589 616 2848 671 superare
2897 600 3182 657 ambitiose
3226 601 3617 669 contenderet,

2027 707 2288 748 novorum
2310 692 2569 750 adversus
2615 702 2829 749 nostros
2883 694 3268 765 suppliciorum
3299 694 3612 752 inventione

2027 785 2375 854 gloriabatur.
2405 785 2589 856 Neque
2616 787 2759 842 enim
2815 787 2954 858 ignis
2983 796 3076 841 aut
3103 786 3309 843 ferrum
3337 805 3352 854 ;
3382 801 3489 843 non
3518 787 3628 843 ela-

2025 892 2219 933 verum
2271 878 2626 947 suflixiones;
2678 896 2782 934 non
2849 879 3140 936 bestiarum
3199 881 3462 945 laniatus,
3516 895 3618 936 nec

2030 971 2195 1026 maris
2238 972 2484 1028 altissimi
2527 973 2766 1043 gurgites
2793 972 2844 1028 ei
2893 973 3242 1030 suli'ecerunt.
3275 973 3383 1030 Sed
3427 984 3622 1044 praeter

2031 1062 2145 1118 hac
2195 1064 2374 1119 omnia
2427 1079 2624 1120 novum
2671 1065 2939 1136 quoddam
2993 1066 3239 1137 supplicii
3290 1082 3458 1138 genus
3507 1067 3622 1137 ipse

2025 1166 2361 1211 commentus
2393 1198 2408 1224 ,
2437 1158 2677 1214 membra
2732 1157 2926 1228 quibus
2980 1157 3112 1213 lucis
3142 1173 3359 1213 usuram
3391 1158 3617 1228 percipi-

2026 1263 2182 1313 mus,
2214 1247 2445 1304 mutilari
2476 1251 2593 1320 lege
2621 1250 2725 1304 lata
2758 1250 3030 1320 praecepit.
3084 1252 3278 1308 Statim
3309 1251 3470 1322 igitur
3491 1265 3623 1308 COD-.-

2026 1341 2158 1396 l'erta
2188 1343 2398 1412 agmina
2429 1359 2533 1398 non
2562 1344 2800 1399 virorum
2852 1346 3013 1400 modo
3034 1386 3049 1412 ,
3079 1361 3262 1402 verum
3293 1347 3452 1402 etiam
3485 1363 3618 1417 pue-

2025 1447 2207 1487 rorum
2233 1448 2296 1488 ae
2316 1433 2598 1489 mulierum
2624 1477 2639 1501 ,
2688 1435 2894 1491 dextris
2941 1437 3113 1492 oculis
3143 1447 3197 1493 et
3229 1437 3496 1508 juncturis
3517 1453 3618 1508 pe-

2025 1522 2194 1590 dum,
2251 1525 2442 1594 partim
2491 1525 2668 1592 ferro,
2726 1529 2917 1596 partim
2993 1529 3234 1586 cauterio
3287 1530 3620 1596 debilitatis,

2028 1622 2172 1668 trusa
2206 1624 2331 1670 sunt
2373 1617 2440 1672 ad
2480 1618 2732 1686 metalla,
2780 1632 2841 1674 ut
2891 1619 3147 1677 diuturno
3197 1623 3378 1678 labore
3422 1623 3622 1678 ibidem

593 1710 938 1811 ;ξ.η;ι·έ;,;·ῑ;ιῑι
963 1710 1918 1822 finis;dia;.;;;.:a..;'.;.;...-
1948 1729 1996 1788 Β
2024 1721 2371 1822 fagi-errr
2401 1710 2483 1822 9b
2509 1728 2671 1822 ιιιξθτξι
2698 1729 2934 1820 satisan:
3080 1717 3220 1773 ιιυηο
3270 1734 3482 1822 eum

2023 1801 2193 1856 multo
2224 1814 2344 1874 post
2368 1805 2472 1860 ulta
2493 1816 2578 1862 est
2604 1806 3007 1878 divinajuSIitia
3038 1827 3050 1864 :
3088 1819 3214 1865 tunc
3243 1827 3365 1866 cum
3409 1812 3614 1868 daemo-

2023 1911 2149 1950 num
2180 1898 2339 1968 (quos
2375 1899 2592 1970 quidem
2631 1901 2720 1958 ille
2745 1902 2875 1958 deos
2925 1905 3168 1976 putabat)
3201 1907 3426 1975 ﬁducia,
3459 1917 3513 1964 et
3542 1909 3624 1964 in-

2023 1989 2342 2045 numerabili
2374 2002 2704 2048 armatorum
2758 1995 3098 2052 multitudine
3129 1997 3298 2054 fretus
3319 2040 3333 2064 ,
3374 1999 3620 2070 prmlium

2019 2083 2310 2138 commisit.
2335 2085 2542 2157 Quippe
2567 2097 2691 2142 tunc
2713 2090 2858 2144 omni
2889 2106 2984 2160 spe
3012 2092 3178 2149 divini
3211 2094 3442 2150 nudatus
3463 2096 3618 2151 auxi-

2019 2173 2116 2241 lii,
2162 2174 2495 2246 imperialem
2545 2179 2746 2235 cultum
2793 2182 3012 2237 minime
3057 2182 3158 2254 ipsi
3197 2187 3614 2245 convenientem

2019 2269 2216 2340 abjecit
2246 2289 2258 2323 :
2284 2269 2479 2328 deinde
2518 2275 2818 2345 vulgarium
2873 2278 3042 2334 turbae
3088 2279 3362 2336 immixtus
3387 2323 3402 2349 ,
3437 2282 3622 2341 timide

2021 2376 2240 2431 prorsus
2262 2373 2422 2433 atque
2451 2365 2640 2436 ignave
2661 2368 2779 2439 fuga
2825 2370 3053 2426 salutem
3095 2373 3196 2428 sibi
3245 2375 3492 2446 qutcsivit
3521 2398 3534 2433 :
3561 2386 3614 2434 et

2020 2471 2116 2526 per
2145 2472 2303 2526 agros
2330 2474 2395 2516 ac
2443 2461 2589 2517 vicos
2635 2478 2756 2519 sese
2782 2466 3057 2521 occultans
3081 2507 3096 2533 ,
3139 2468 3242 2523 sub
3271 2469 3456 2524 habitu
3504 2485 3617 2526 ser-

2018 2549 2108 2602 vili
2141 2549 2308 2606 latere
2365 2567 2424 2608 se
2457 2569 2614 2623 posse
2642 2557 2988 2612 existimavit.
3043 2559 3241 2616 Verum
3274 2577 3525 2633 magnum
3553 2562 3618 2618 il-

2017 2643 2127 2697 lum
2157 2652 2210 2698 et
2235 2643 2484 2701 universa
2510 2658 2843 2718 spectantem
2869 2651 3220 2722 providentia:
3241 2653 3454 2709 oculum
3486 2655 3618 2711 sub-

2019 2737 2287 2809 terfugere
2319 2754 2423 2796 non
2475 2741 2659 2798 valuit.
2718 2743 2849 2799 Cum
2891 2747 3035 2801 enim
3092 2747 3319 2804 salutem
3366 2763 3514 2803 suam
3561 2749 3617 2806 in

2017 2836 2132 2885 tuto
2148 2829 2258 2900 jam
2287 2831 2515 2888 locatam
2546 2850 2668 2891 esse
2706 2847 2992 2903 censeret;
3021 2838 3244 2895 ardente
3275 2841 3365 2896 Dei
3392 2857 3613 2911 percus-

2014 2935 2106 2976 sus
2129 2923 2264 2990 telo,
2326 2940 2524 2994 pronus
2570 2927 2622 2982 in
2666 2936 2862 2984 terram
2893 2931 3124 2986 cecidit:
3169 2941 3451 3006 totumque
3486 2934 3608 3006 ejus

2014 3027 2210 3082 corpus
2238 3014 2438 3071 inllieta
2464 3019 2677 3074 caelitus
2719 3020 2872 3092 plaga
2918 3023 3054 3078 adeo
3091 3039 3468 3097 consumptum
3497 3037 3600 3094 est,

305 3097 586 3154 Ῐίεῑθΐεῐη·
617 3097 826 3168 ΩυίΡΡθ
880 3095 958 3153 illi
1013 3105 1132 3192 ιοωῇ
1175 3093 1418 3164 corporis
1479 3093 1684 3192 ωοιθε)
1716 3095 1785 3149 οι)
1827 3093 1908 3147 ηί-
1935 3115 1979 3178 C
2014 3110 2075 3156 ut
2100 3105 2338 3174 pristina:
2362 3107 2548 3165 formae
2575 3115 2787 3181 species
2809 3118 2984 3171 omnis
3009 3093 3349 3175 aboleretur:
3383 3121 3606 3192 solaque

306 3190 475 3246 miam
503 3189 740 3244 alimenti
769 3188 976 3258 capiam
1025 3188 1077 3242 in
1117 3185 1436 3241 immensam
1463 3183 1748 3255 quamdam
1785 3191 1904 3254 pln-

303 3281 597 3353 guedinem
641 3294 904 3335 conversa
949 3288 1067 3333 erat
1101 3296 1113 3330 :
1142 3291 1263 3348 quae
1307 3287 1432 3331 tunc
1461 3276 1718 3345 temporis
1741 3277 1796 3330 in
1829 3286 1910 3330 ta-

302 3373 437 3430 bem
464 3372 631 3426 soluta
652 3412 669 3439 ,
703 3371 1032 3426 horrendum
1071 3379 1126 3425 et
1173 3368 1510 3424 intolerabile
1539 3367 1906 3437 spectaculum

299 3464 604 3519 astantibus
655 3463 950 3534 prazhuisse
998 3460 1206 3531 fortun;-
1247 3459 1350 3516 Tot
1401 3461 1561 3531 igitur
1626 3471 1908 3532 quassatus

303 3555 468 3612 malis
495 3596 511 3620 ,
545 3555 758 3611 tandem
811 3556 1109 3625 intelligere
1147 3553 1314 3624 coepit
1341 3567 1462 3623 quae
1506 3563 1692 3607 contra
1721 3552 1908 3609 Eccle-

302 3647 443 3703 siam
468 3648 672 3703 scelera
699 3647 1027 3702 admisisset.
1047 3645 1296 3700 Posthazc
1324 3660 1565 3700 errorem
1610 3659 1767 3699 suum
1797 3645 1908 3701 Deo

301 3736 590 3794 confessus
618 3779 634 3805 ,
677 3739 1110 3809 persecutionem
1133 3736 1552 3792 Christianorum
1605 3735 1861 3792 cohibere
1888 3776 1903 3801 ,

300 3842 361 3890 et
379 3832 653 3904 regalibus
677 3831 869 3888 edictis
897 3847 960 3888 ac
1006 3831 1212 3904 legibus
1252 3830 1496 3896 emissis,
1531 3828 1791 3885 ecclesias
1812 3844 1906 3885 eo-

297 3941 428 3982 rum
448 3927 770 3996 quantocius
796 3923 1082 3990 aedificari,
1120 3925 1374 3995 ipsosque
1401 3920 1726 3977 christianos
1749 3935 1903 3977 sacra

297 4034 403 4075 sua
432 4020 596 4074 solito
620 4034 770 4075 more
790 4032 1048 4090 peragere
1067 4061 1081 4086 ,
1113 4026 1169 4073 et
1209 4032 1307 4088 pro
1359 4017 1685 4086 imperatore
1710 4029 1903 4086 preces

295 4111 375 4168 ad
410 4111 579 4168 Deum
601 4110 824 4168 fundere
837 4110 1016 4182 jubet.

876 4224 1101 4284 CAPUT
1140 4221 1320 4280 LVIII.

299 4321 546 4392 Qualiter
577 4319 898 4375 Maximinus
926 4317 1323 4372 christianorum
1351 4320 1663 4384 persecutor,
1697 4311 1896 4384 fugiens

661 4411 830 4468 servili
857 4413 1035 4466 habitu
1060 4425 1166 4465 sese
1190 4407 1539 4463 occultaverit.

2011 3209 2132 3251 ossa
2156 3196 2389 3254 arefacta
2430 3199 2600 3256 instar
2627 3204 2898 3262 simulacri
2930 3209 3210 3279 cujusdam
3239 3224 3607 3283 superessent.

2601 3314 2828 3375 CAPUT
2867 3321 3004 3376 LIX.

2016 3401 2284 3468 Quomodo
2322 3404 2371 3459 vi
2412 3406 2572 3461 morbi
2625 3421 2905 3466 excrccatus
2934 3411 3255 3470 Maximinus
3279 3458 3293 3483 ,
3326 3418 3485 3490 legem
3513 3436 3608 3490 pro

2565 3499 2870 3556 Christianis
2897 3503 3057 3559 dedit.

2079 3585 2249 3642 Porro
2271 3591 2525 3648 saeviente
2545 3595 2722 3651 acrius
2764 3596 2854 3651 Dei
2902 3599 3056 3668 plaga
3083 3641 3098 3666 ,
3146 3602 3287 3657 oculi
3311 3604 3526 3662 tandem
3552 3607 3604 3664 ei

2008 3680 2328 3751 exilierunt,
2360 3695 2415 3741 et
2434 3701 2500 3742 ex
2555 3688 2768 3757 propria
2815 3690 2944 3744 sedc
2996 3692 3206 3761 avulsi,
3245 3711 3446 3752 caecum
3481 3714 3605 3757 eum

2006 3773 2324 3834 dimiserunt
2356 3796 2369 3832 :
2423 3779 2610 3836 eadem
2639 3781 2937 3852 justissime
2963 3801 3274 3858 perpessum
3298 3792 3556 3862 supplicia
3588 3834 3606 3863 ,

2006 3885 2127 3941 quae
2147 3872 2408 3928 adversus
2434 3885 2698 3947 martyres
2721 3877 2812 3932 Dei
2836 3878 3041 3948 primus
3063 3885 3411 3954 excogitaret.
3448 3887 3606 3943 Post-

2005 3965 2124 4020 htee
2155 3965 2507 4022 nihilominus
2529 3967 2703 4024 adhuc
2731 3970 2942 4039 spirans
2962 4014 2978 4040 ,
3010 3972 3125 4043 ipse
3145 3990 3359 4047 quoque
3383 3994 3410 4031 a
3438 3978 3612 4034 chris-

2004 4055 2272 4114 tianorum
2304 4059 2414 4115 Deo
2445 4061 2654 4116 veniam
2703 4065 2980 4132 p0poscit,
3008 4065 3211 4124 bellum
3257 4083 3318 4126 se
3357 4071 3608 4128 divinita-

2004 4150 2044 4205 ti
2073 4150 2317 4207 intulisse
2345 4152 2517 4223 palam
2548 4151 2851 4211 conlessus.
2881 4154 2990 4212 Nec
3034 4157 3192 4214 aliter
3235 4176 3298 4216 ac
3345 4161 3493 4230 prior
3515 4164 3607 4220 ille

2002 4245 2323 4314 palinodiam
2354 4246 2553 4300 cecinit
2583 4263 2597 4299 :
2648 4245 2854 4317 legibus
2889 4257 2943 4303 et
2971 4250 3443 4309 constitutionibus
3491 4255 3605 4311 edi-

2003 4335 2100 4401 tis,
2133 4334 2328 4405 quibus
2353 4351 2590 4392 errorem
2617 4353 2772 4391 suum
2818 4337 2871 4393 in
2901 4339 3143 4397 colendis
3173 4343 3279 4399 illis
3299 4361 3434 4416 quos
3462 4346 3607 4402 exis-

2003 4427 2247 4484 timasset
2290 4427 2455 4497 deos,
2527 4431 2756 4502 ingenue
2824 4432 3102 4502 professus
3155 4447 3274 4505 est,
3329 4454 3603 4510 unumque

371 4530 576 4586 Verum
609 4528 698 4584 hie
716 4525 932 4599 quidem
959 4524 1048 4596 qui
1079 4522 1467 4594 persecutionis
1487 4527 1676 4574 auctor
1705 4517 1896 4585 luerat,
1924 4500 1978 4560 D
2004 4519 2423 4575 Christianorum
2461 4500 2630 4576 Deum
2679 4500 2959 4593 expertum
3008 4541 3068 4582 se
3138 4500 3299 4583 nosse
3345 4500 3594 4587 testatus.

292 4622 612 4694 hujusmodi
644 4634 833 4692 pteuas
858 4619 976 4674 luit.
1008 4618 1058 4673 Is
1081 4631 1211 4672 vero
1239 4616 1308 4672 de
1330 4628 1440 4685 quo
1465 4627 1608 4668 nunc
1628 4612 1898 4682 loquimur

291 4716 580 4783 Licinius,
609 4715 697 4785 qui
726 4714 916 4768 horum
948 4710 1100 4767 testis
1121 4725 1184 4765 ae
1226 4716 1499 4780 spectator
1525 4707 1816 4771 extiterat,
1838 4714 1895 4760 et

291 4813 389 4886 qui
417 4818 612 4867 cuncta
635 4818 884 4864 accurate
927 4804 1263 4876 experientia
1295 4803 1409 4872 ipsa
1437 4800 1664 4856 docente
1694 4811 1896 4869 cogno-

292 4915 486 4970 verat;
517 4911 736 4974 repente
756 4901 997 4957 omnium
1017 4897 1217 4953 oblitus
1240 4935 1258 4965 ,
1281 4909 1381 4950 nec
1405 4892 1724 4965 supplicium
1745 4890 1894 4962 prio-

301 5031 1041 5056 ~—-——

2009 4611 2134 4669 lltec
2164 4629 2285 4668 cum
2314 4613 2557 4670 Licinius
2606 4632 2714 4671 non
2739 4617 2969 4674 aliorum
3001 4635 3248 4676 sermone
3278 4622 3599 4691 didicisset,

2003 4705 2096 4760 sed
2121 4704 2277 4761 factis
2318 4706 2448 4776 ipsis
2474 4709 2839 4778 percepisset,
2871 4720 3048 4767 tamen
3087 4713 3231 4769 velut
3259 4714 3424 4771 densa
3470 4733 3603 4788 qua-

2003 4796 2125 4852 dam
2155 4797 2382 4870 caligine
2408 4799 2587 4854 animo
2608 4799 2725 4871 ejus
2747 4800 2916 4858 oll'usa
2935 4843 2950 4870 ,
2978 4803 3167 4862 eadem
3201 4823 3324 4879 quae
3344 4807 3419 4864 illi
3442 4825 3604 4881 agere

2003 4890 2249 4946 instituit.

1061 5022 3591 5058 ———-—-————-———————-—————————_.—_.—_—____

1547 5150 2074 5274 LIBER
2193 5150 2356 5273 ΙΙ.

363 5379 725 5450 unum.
745 5368 863 5450 ττι
889 5355 3123 5450 οεειέίίίὲ.ρεὶδέείέίίβέεἱηῗέξ..ῗέ,⁰ιίξ³ιε¹.εξἒξῖδῇῗηέἴὶίιῗ,ξ²ἕ¹ξέἕὲΨῗὲἔᾙῖἒ.¹¹ζέἒῑτῖἐῗῖη¹ί·ἽῙΞ·
3143 5366 3376 5450 Eme
3394 5367 3590 5443 τιενμιιε.

293 5451 342 5494 α
594 5418 1312 5500 trucidati—lilii:
1337 5418 1668 5497 Consternatus
1693 5418 2077 5492 Christianorum
2097 5433 2246 5471 causa
2247 5433 2383 5531 dquos
2408 5418 2621 5473 Licinius
2649 5425 2875 5490 persequi

293 5504 362 5531 nr
411 5500 552 5531 num:
579 5498 908 5531 νηηηηηρὶηη.
932 5509 1039 5531 mm
1063 5491 1310 5531 annilius-
1344 5491 1554 5531 Licinius
1575 5498 1690 5531 vero
1714 5499 1825 5531 cum
1847 5491 2107 5531 tumemus.
2135 5495 2187 5531 se
2215 5497 2244 5531 a
2307 5480 2484 5531 bellum
2507 5488 2728 5531 narabat.
2755 5487 2875 5531 —V-

291 5491 552 5564 iii’ouoﬂ
579 5498 910 5564 cantantium.
931 5509 1042 5564 cum
1063 5491 1312 5564 ιᾱνρεέθυεθ
1341 5491 1690 5564 “etiam”
1714 5499 1825 5564 cur
1847 5491 2244 5564 reteramus

2896 5427 3128 5490 parabat,
3157 5439 3418 5490 conmotus
3439 5427 3593 5485 δία-Σ

2307 5480 2484 5533 bellum
2507 5480 2728 5550 paratiat.
2755 5480 2877 5550 ἐν,
2897 5480 3034 5550 Ὀιιίά
3059 5480 3127 5540 de
3143 5480 3419 5546 simulacris
3442 5480 3592 5550 ’ἑξ-ἀρ

290 5543 1092 5623 chasmatiae-arta»:
1112 5557 1164 5607 δη
1185 5543 1631 5623 ιιεςρζδαςῇίίεανει-
1665 5575 1728 5619 —.-
1747 5547 1834 5598 νι-
1860 5543 2360 5623 sustinuere???
2373 5543 2703 5623 macero
2726 5543 2962 5622 verebar;
2985 5551 3112 5623 υίεει,
3142 5543 3438 5623 cmm-
3455 5543 3593 5613 ausis:

283 5607 1116 5700 Iﬂciiwwiénem.
1137 5607 1658 5700 .-:_Y!£-_.‘£"E:£z'2££e
1681 5609 1736 5662 ίη
1754 5607 3174 5700 ’ἔξωίὲἑῇιὲηέ,ΕῖέᾖέείέδέζυὲτεΒξὶεαζῐιεεὲειξ’ίξιε’ῐὲίέηι.ο
3204 5643 3268 5654 -—
3291 5607 3431 5700 γιιιέ
3449 5607 3591 5694 per

548 5672 761 5740 int-(itii)?
777 5672 1042 5752 cletf'liistmt
1065 5679 1148 5752 qui
1173 5689 1367 5752 crucem
1390 5672 1666 5752 portarent:

337 5702 645 5763 ωιςιιαςιηειι
660 5702 752 5738 ῑἸΙί
777 5702 920 5755 ιἰρίτιι.
934 5702 1040 5734 sum
1065 5702 1145 5752 qu}
1173 5702 1367 5745 cruel-7m
1390 5702 1465 5740 μυι
1479 5702 1544 5726 un
1558 5702 1666 5746 σιω..
1686 5702 1748 5712 -—-
1770 5702 1846 5722 ιιι.
1874 5702 1911 5734 υ

279 5707 506 5821 κλέωα
528 5755 878 5815 permanserat,
904 5747 1157 5798 incolumis
1181 5745 1346 5793 evasit.
1368 5767 1427 5775 ——
1453 5737 1511 5788 X.
1545 5741 1711 5790 Varia:
1735 5745 1911 5800 pugnce

2344 5702 2665 5787 ἅοῖοὲέὲῗῖῗ

2034 5682 2098 5722 ea:
2130 5666 2388 5744 cruciferis
2408 5666 2450 5720 is
2473 5666 2783 5788 quidem
2803 5672 2926 5738 fugit
2947 5675 3223 5748 interfectus
3247 5685 3318 5731 est
3336 5666 3592 5751 {inite};

2034 5734 2322 5786 Consumitur
2344 5738 2574 5787 viclarus.
2600 5761 2665 5773 -—
2719 5735 2757 5788 Ι.
2785 5737 2927 5788 Fuaa
2946 5745 2992 5788 et
3015 5752 3219 5788 maerere
3243 5749 3379 5788 artes
3396 5743 3590 5788 Licinii-

2785 5737 2927 5802 Fuga
2946 5745 2992 5790 et
3015 5737 3219 5804 magiae
3243 5737 3590 5800 artes'Liciaii.
