4142 6178
552 211 623 272 59
1920 211 2185 270 EUSEBII
2225 213 2308 270 PA
2319 213 2550 270 MPHILI
3779 211 3853 268 40

557 327 741 384 inferri
762 326 1002 396 jubebat.
1025 326 1144 395 Quo
1172 325 1334 394 facto,
1360 325 1539 382 statim
1562 327 1785 382 victoria
1803 331 2150 400 sequebatur,
2181 342 2234 403 Α
2263 348 2376 386 rum
2397 333 2598 386 auxilio
2625 330 2937 386 destitutum
2965 345 3106 397 esse,
3130 340 3184 387 et
3205 345 3338 403 quas
3358 329 3647 402 collegerat
3667 329 3851 399 copias

557 421 737 476 divina
793 422 977 492 utique
1024 421 1221 475 virtute
1265 420 1476 475 animos
1507 421 1754 491 viresque
1801 424 2146 493 pugnantium

551 513 926 569 confirmante.

1146 583 1375 641 CAPUT
1417 583 1552 639 VIII.

555 678 706 746 Quod
720 679 1089 750 quinquaginta
1115 677 1210 732 viri
1231 677 1376 732 electi
1392 686 1510 730 sunt
1534 677 1620 747 qui
1647 693 1847 731 crucent
1867 685 2144 748 portarent.

621 795 807 866 Itaque
858 793 1013 850 lectis
1063 809 1130 850 ex
1181 803 1549 864 protectorum
1611 809 1839 848 numero
1885 802 2151 863 quotquot

550 889 795 958 corporis
827 888 1029 943 viribus
1057 888 1294 943 etanimi
1328 887 1642 943 fortitudine
1671 903 1733 942 ac
1756 902 1898 943 vera:
1929 888 2148 958 religio-

551 978 637 1034 nis
665 979 925 1034 institutis
955 988 1217 1048 prazstare
1239 977 1577 1046 videbantur,
1613 994 1777 1033 unum
1815 978 1917 1034 hoc
1952 992 2149 1033 munus

549 1073 917 1145 imposuit,ut
963 1074 1098 1144 signi
1148 1073 1306 1143 hujus
1361 1072 1577 1128 assidue
1627 1088 1810 1128 curam
1872 1081 2144 1143 gererent.

546 1165 717 1220 Erant
741 1180 932 1220 omnes
959 1165 1341 1236 quinquaginta
1367 1165 1500 1230 viri;
1530 1179 1756 1234 quorum
1780 1163 1984 1218 nullum
2002 1162 2146 1219 aliud

545 1266 662 1312 erat
717 1257 952 1311 officium
999 1272 1160 1326 quam
1215 1257 1566 1312 circumstare
1615 1264 1670 1310 et
1727 1254 1982 1309 satellitio
2047 1269 2147 1308 suo

545 1349 818 1404 custodire
844 1348 1086 1418 signum;
1117 1348 1258 1418 quod
1286 1347 1480 1417 singuli
1508 1346 1748 1401 humeris
1771 1345 1885 1399 suis
1911 1346 2148 1400 alterna-

545 1441 640 1496 tim
669 1442 971 1512 gestabant.
1004 1441 1131 1496 Haec
1164 1441 1457 1511 imperator
1491 1440 1606 1509 ipse
1661 1437 1813 1492 nobis
1861 1438 1952 1508 qui
2005 1437 2146 1492 hanc

545 1531 827 1588 historiam
879 1534 1188 1600 scribimus,
1237 1533 1361 1588 dum
1389 1533 1442 1588 in
1473 1534 1583 1586 otio
1631 1541 1833 1601 ageret,
1882 1531 2140 1596 narravit,

544 1625 706 1697 longo
737 1635 857 1695 post
888 1636 1128 1695 tempore
1145 1641 1302 1695 quam
1341 1627 1455 1680 tunc
1484 1625 1850 1694 contigerant:
1875 1625 2144 1696 simulque

542 1735 655 1776 rem
678 1721 964 1792 quamdam
989 1720 1186 1790 adjecit
1209 1731 1508 1775 memoratu
1529 1719 1924 1790 dignissimam.

1165 1831 1392 1888 CAPUT
1438 1831 1530 1886 ΙΧ.

543 1925 695 1993 Quod
723 1941 785 1981 ea:
811 1926 1077 1997 cruciferis
1105 1926 1149 1978 is
1174 1926 1377 1995 quidem
1408 1926 1494 1994 qui
1533 1924 1664 1994 fugit
1708 1924 2004 1994 interfectus
2025 1931 2096 1977 est
2120 1937 2138 1976 :

649 2020 736 2086 qui
759 2035 873 2073 vero
901 2019 1122 2088 ﬁdeliter
1156 2027 1524 2087 permanserat,
1547 2017 1820 2070 incolumis
1851 2015 2029 2069 evasit.

609 2135 741 2192 Nam
765 2152 887 2192 cum
921 2138 1078 2202 forte,
1132 2135 1324 2207 inquit,
1368 2135 1505 2190 inter
1555 2133 1898 2205 pugnandum
1951 2133 2138 2203 ingens

537 2231 795 2302 strepitus
815 2231 1109 2286 exercitum
1156 2229 1554 2293 conturbasset,
1589 2227 1634 2281 is
1666 2226 1757 2297 qui
1793 2226 1894 2280 hoc
1926 2226 2136 2296 signum

535 2324 776 2380 humeris
826 2323 1032 2378 ferebat
1079 2330 1225 2377 metu
1263 2321 1562 2391 perculsus,
1613 2318 1766 2373 alteri
1815 2317 2134 2388 gestandum

537 2416 774 2484 tradidit,
810 2425 867 2470 ut
917 2416 1033 2485 ipse
1075 2416 1364 2470 discrimen
1411 2413 1684 2469 evaderet.
1717 2412 1820 2466 Vix
1866 2412 2002 2466 alter
2047 2412 2136 2468 ille

533 2512 744 2582 signum
771 2510 1090 2582 gestandum
1120 2517 1452 2578 susceperat,
1493 2522 1615 2561 cum
1649 2520 1776 2560 ecce
1835 2505 1878 2558 is
1933 2505 2021 2574 qui
2075 2519 2135 2560 se

532 2603 837 2673 subripiens
859 2601 1156 2657 custodiam
1184 2601 1319 2668 signi
1346 2600 1683 2666 deseruerat,
1714 2598 1819 2653 telo
1871 2598 1922 2651 in
1947 2606 2135 2652 ventre

531 2710 822 2766 percussus
842 2693 1112 2749 occubuit.
1150 2694 1214 2747 Et
1236 2693 1322 2747 hic
1344 2692 1557 2762 quidem
1584 2692 1810 2761 ignaviae
1831 2698 1990 2760 atque
2013 2690 2132 2744 infi-

531 2788 765 2844 delitatis
787 2803 897 2843 sua:
928 2802 1116 2858 punias
1149 2785 1484 2855 persolvens,
1519 2783 1716 2838 ibidem
1738 2783 1907 2851 jacuit
1933 2783 2127 2837 exani-

531 2881 653 2935 mis.
729 2882 798 2934 At
852 2880 1089 2934 salutare
1137 2878 1313 2932 crucis
1369 2889 1651 2942 tropaeum,
1706 2874 1756 2928 ei
1813 2875 1900 2944 qui
1955 2874 2130 2944 ipsum

530 2973 762 3028 sublime
784 2971 1031 3043 gestabat
1076 2971 1497 3026 incolumitatem
1535 2968 1801 3038 pnestitit.
1858 2967 1914 3021 In
1968 2982 2126 3036 quem

529 3081 654 3122 cum
681 3066 785 3121 tela
844 3065 1080 3135 undique
1115 3064 1448 3134 jacerentur,
1477 3061 1698 3132 signifer
1751 3060 1966 3131 quidem
2012 3060 2126 3130 ipse

2257 435 2363 479 tam
2411 426 2638 478 militum
2692 441 2850 495 quam
2902 425 3264 492 auxiliarium,
3323 439 3511 479 omnes
3566 424 3850 478 evanuisse

2253 529 2536 585 cerneret;
2563 533 2821 588 spemque
2849 518 2900 572 in
2923 518 3026 573 diis
3055 533 3192 589 quos
3242 518 3456 574 colebat
3484 532 3706 586 prorsus
3735 517 3852 570 ina-

2251 626 2375 664 nem
2403 626 2524 666 esse
2554 627 2640 666 res
2665 611 2778 680 ipsa
2829 613 3198 678 convinceret,
3245 610 3426 682 fugam
3484 611 3847 681 turpissimam

2252 702 2390 760 iniit.
2421 689 2597 774 Atque
2619 702 2720 758 hoc
2751 703 2914 759 modo
2937 703 3174 774 elapsus,
3216 713 3391 758 semet
3417 701 3726 758 discrimine
3754 717 3849 757 ex-

2250 795 2413 849 emit:
2445 809 2566 849 cum
2596 797 2888 864 imperator
2915 795 3006 849 Dei
3037 795 3460 858 amantissimus,
3485 809 3611 848 suos
3637 793 3848 849 confes-

2251 888 2342 942 tim
2370 887 2521 958 sequi
2552 897 2604 942 ct
2635 887 2885 958 fugientis
2918 898 3061 958 terga
3095 902 3339 956 premere
3381 887 3640 942 noluisset
3666 926 3682 950 ,
3735 899 3842 954 quo

2248 980 2458 1036 scilicet
2485 980 2692 1051 fugiens
2731 991 2912 1051 posset
2957 982 3207 1036 evadere.
3245 979 3509 1050 Sperabat
3555 979 3695 1034 enim
3729 976 3846 1032 fore

2250 1083 2306 1126 ut
2329 1072 2567 1128 Licinius
2593 1075 2808 1144 cognito
2841 1073 3055 1128 tandem
3084 1088 3264 1129 rerum
3315 1086 3533 1128 suarum
3589 1069 3846 1125 infelicis-

2247 1169 2386 1222 simo
2415 1177 2577 1236 statu,
2615 1184 2644 1222 a
2669 1168 2892 1238 pristina
2937 1168 3158 1222 audacia
3209 1177 3370 1238 atque
3417 1165 3623 1221 insania
3663 1163 3844 1219 disce-

2248 1261 2424 1328 deret,
2455 1270 2509 1317 et
2533 1261 2601 1316 ad
2653 1261 2922 1316 saniorem
2951 1272 3190 1315 mentem
3218 1261 3434 1314 rediret.
3472 1257 3674 1312 Verum
3702 1255 3844 1311 Con-

2246 1355 2512 1408 stantinus
2588 1353 2807 1423 quidem
2865 1368 2962 1422 pro
3009 1351 3203 1406 eximia
3255 1367 3358 1422 qua
3413 1349 3669 1420 praeditus
3726 1355 3843 1403 erat

2248 1445 2598 1509 humanitate,
2619 1443 2733 1499 haec
2757 1445 2828 1498 ita
2855 1444 3228 1498 existimabat:
3251 1451 3306 1498 et
3333 1443 3556 1511 injurias
3578 1441 3842 1511 patienter

2245 1535 2402 1600 ferre,
2434 1551 2496 1591 ac
2525 1537 2646 1590 licet
2667 1551 2772 1591 non
2803 1537 3026 1591 merenti
3055 1535 3262 1590 veniam
3315 1535 3464 1600 dare,
3513 1534 3567 1588 in
3597 1535 3833 1587 animum

2247 1628 2545 1683 induxerat.
2581 1629 2650 1683 At
2705 1629 2942 1682 Licinius
2989 1638 3196 1682 tantum
3225 1631 3376 1682 abest
3427 1636 3484 1681 ut
3530 1642 3558 1679 a
3619 1625 3841 1696 pristina

2170 1733 2217 1793 B
2245 1723 2583 1792 improbitate
2610 1722 2894 1791 destiterit,
2945 1722 3070 1794 qttin
3100 1724 3273 1791 potius
3300 1722 3438 1776 mala
3471 1720 3623 1774 malis
3674 1735 3840 1789 exag-

2245 1831 2459 1884 gerans,
2483 1815 2662 1885 pejora
2691 1815 2746 1869 in
2779 1816 2896 1871 dies
2939 1815 3371 1886 aggrediebatur.
3407 1814 3544 1882 Quin
3580 1813 3741 1867 etiam
3770 1810 3838 1866 ad

2245 1923 2520 1978 magorum
2546 1907 2888 1962 detestandas
2911 1919 3055 1962 artes
3081 1909 3256 1963 denuo
3285 1907 3619 1976 confugiens,
3655 1903 3834 1960 efferri

2246 1999 2561 2054 insolentius
2586 1999 2769 2069 coepit.
2797 2001 2874 2053 Ac
2895 1999 2961 2054 de
2990 1999 3082 2053 illo
3112 1999 3248 2054 idem
3274 1997 3465 2052 merito
3495 1996 3598 2050 dici
3629 2005 3837 2066 peierat

2242 2092 2384 2165 quod
2415 2092 2482 2146 de
2508 2104 2688 2146 vetere
2718 2092 2812 2163 illo
2840 2104 3102 2164 tyranno;
3128 2108 3222 2147 cor
3249 2092 3454 2148 scilicet
3477 2092 3643 2161 ipsius
3670 2107 3696 2142 a
3727 2089 3836 2144 Deo

2243 2185 2543 2240 itnluratum
2572 2185 2759 2240 fuisse.

2843 2299 3069 2358 CAPUT
3111 2301 3226 2357 XII.

2243 2393 2509 2461 Quomodo
2534 2394 2894 2450 Constantinus
2925 2413 3077 2450 orans
3107 2397 3158 2449 in
3191 2394 3538 2460 tabernaculo,
3571 2394 3830 2448 victoriam

2866 2488 3079 2556 adeptus
3109 2498 3200 2541 est.

2309 2600 2542 2655 Licinius
2562 2601 2721 2672 igitur
2739 2601 3041 2671 hujusmodi
3057 2601 3322 2656 scelerum
3342 2600 3565 2657 vinculis
3581 2616 3700 2656 sese
3713 2602 3828 2671 ipse

2235 2696 2628 2765 constringens,
2659 2697 2710 2748 in
2749 2695 2897 2750 exitii
2943 2696 3252 2750 barathrum
3288 2697 3619 2767 prmcipitem
3657 2695 3822 2749 dedit.

2234 2788 2617 2844 Constantinus
2648 2806 2778 2846 vero
2804 2807 2925 2846 cum
2953 2792 3127 2846 altero
3159 2791 3341 2861 pra-lio
3393 2791 3491 2844 sibi
3534 2805 3669 2860 opus
3705 2802 3827 2844 esse

2233 2892 2497 2947 cerneret,
2524 2885 2832 2939 Servaturis
2858 2886 2938 2940 sui
2979 2885 3146 2939 cultui
3175 2884 3459 2954 diligenter
3491 2882 3716 2936 vacavit.
3756 2881 3824 2935 Et

2231 2977 2406 3031 erucis
2433 2978 2647 3048 quidem
2705 2979 3106 3034 tabernaculum
3138 2980 3251 3032 fixit
3286 2987 3434 3033 extra
3474 2986 3646 3031 castra
3683 2995 3696 3030 :
3733 2977 3820 3031 ubi

2235 3085 2365 3140 pure
2405 3080 2458 3124 et
2503 3081 2650 3126 caste
2695 3071 2918 3143 degens,
2975 3087 3159 3142 preces
3214 3071 3278 3125 ad
3335 3073 3497 3125 Ileum
3530 3069 3818 3134 fundebat;

529 3161 713 3215 salvus
743 3160 947 3214 evasit:
988 3158 1138 3212 hasta
1183 3173 1312 3212 vero
1363 3157 1614 3212 salutaris
1661 3155 1870 3224 tropazi,
1902 3154 2125 3208 missilia
2152 3137 2197 3200 (ἶ
2229 3163 2475 3233 exemplo
2504 3165 2701 3218 ιυριειιίε
2733 3165 2870 3219 illius
2897 3166 3195 3235 ρι-οριωιω,
3247 3178 3405 3234 quem
3450 3171 3602 3217 εχιτ-ει
3645 3171 3821 3216 castra

529 3251 761 3322 excepit.
792 3251 924 3307 Erat
951 3251 1001 3305 id
1034 3251 1397 3321 spectaculum
1429 3249 1574 3304 omni
1626 3246 1886 3301 miraculo
1931 3246 2122 3315 majus,

527 3363 648 3403 cum
672 3358 862 3402 cuncta
888 3345 1122 3400 hostium
1153 3344 1253 3400 tela
1288 3345 1339 3398 in
1373 3342 1750 3398 brevissimum
1780 3340 1931 3394 illum
1958 3339 2126 3393 hasta:

529 3443 787 3499 ambitum
841 3441 1119 3496 caderent.
1169 3441 1300 3507 Qua:
1355 3454 1475 3493 cum
1532 3437 1583 3490 in
1635 3435 1841 3490 hastam
1897 3435 2126 3504 impacta

527 3537 912 3608 defigerentur,
963 3533 1186 3605 signifer
1233 3531 1549 3587 servabatur
1599 3527 1930 3584 incolumis:
1990 3526 2125 3580 adeo

530 3643 588 3689 ut
617 3633 764 3688 nullo
797 3648 1032 3702 unquam
1081 3629 1260 3701 jaculo
1289 3628 1599 3692 ferirentur,
1650 3625 1971 3695 quicumque
2023 3621 2126 3677 hoc

527 3726 892 3782 ministerium
921 3723 1158 3778 obibant.
1210 3722 1394 3793 Neque
1428 3735 1590 3790 porro
1637 3720 1752 3774 hazc
1807 3728 1988 3772 nostra
2043 3724 2127 3772 est

527 3820 718 3886 oratio,
747 3817 840 3874 sed
870 3817 1037 3889 ipsius
1078 3815 1440 3884 imperatoris,
1471 3813 1560 3883 qui
1618 3811 1760 3868 inter
1809 3811 2017 3881 reliqua
2071 3808 2125 3863 id

527 3912 686 3969 etiam
716 3911 869 3966 nobis
894 3907 1357 3965 commemoravit.
1390 3905 1490 3971 Qui
1525 3920 1646 3960 cum
1695 3905 1903 3976 priores
1951 3905 2121 3960 victo-

527 4003 635 4059 rias
659 4003 754 4059 Dei
772 4001 1159 4073 omnipotentis
1188 3999 1386 4055 auxilio
1417 3997 1712 4062 retulisset,
1745 4000 1984 4067 posthaec
2009 3999 2126 4054 acie

528 4093 786 4151 instructa
818 4093 1112 4150 exercitum
1138 4105 1386 4155 movens,
1415 4089 1642 4144 ulterius
1670 4089 1950 4159 processit.

1150 4204 1375 4262 CAPUT
1411 4203 1479 4258 Χ.

784 4301 953 4357 ναι-ἕω
982 4316 1169 4372 pugnrv
1194 4308 1240 4353 et
1262 4297 1584 4354 Constantini
1610 4297 1852 4352 victoriae.

598 4419 767 4475 Porro
803 4417 1145 4473 adversarum
1190 4417 1418 4488 partium
1480 4417 1816 4487 antesignani
1847 4431 1967 4472 cum
2009 4415 2122 4486 pri-

527 4527 674 4566 mum
703 4509 818 4580 ejus
842 4511 1096 4580 impetum
1127 4509 1396 4564 sustinere
1422 4525 1526 4563 non
1560 4509 1877 4578 potuissent,
1901 4508 2121 4577 abjectis

527 4605 692 4659 armis
711 4619 832 4660 sese
849 4604 916 4660 ad
945 4604 1285 4676 imperatoris
1311 4603 1475 4675 pedes
1499 4613 1918 4675 prostraverunt.
1941 4604 2004 4657 At
2029 4601 2122 4657 ille

524 4711 747 4754 cunctos
775 4698 1072 4754 incolumes
1099 4698 1357 4766 servavit,
1391 4713 1636 4767 magnam
1666 4712 1730 4752 ex
1754 4697 1924 4751 salute
1949 4697 2122 4750 homi-

525 4808 654 4847 num
687 4792 991 4862 percipiens
1020 4793 1374 4862 voluptatem.
1406 4789 1510 4846 Alii
1536 4806 1666 4844 vero
1693 4791 1780 4862 qui
1821 4791 1920 4845 sub
1951 4789 2117 4844 armis

522 4893 910 4946 remanserant,
943 4899 1062 4940 sese
1083 4883 1149 4938 ad
1174 4899 1402 4954 pugnam
1431 4883 1712 4954 parabant.
1737 4881 1884 4950 Quos
1939 4881 2112 4950 impe-

521 4984 669 5032 rator
687 4975 754 5030 ad
777 4975 1103 5032 deditionem
1151 4974 1408 5040 invitaus,
1437 4989 1558 5030 cum
1601 4974 1791 5028 amicis
1816 4972 2116 5042 compella-

522 5071 752 5128 tionibus
785 5071 1086 5127 nullatenus
1113 5068 1311 5124 inllecti
1343 5067 1566 5130 videret,
1595 5067 1893 5123 exercitum
1928 5066 1980 5120 in
2017 5081 2114 5122 eos

520 5165 762 5220 immisit.
791 5162 868 5218 Illi
894 5163 1148 5218 continuo
1172 5173 1317 5232 terga
1349 5161 1558 5226 dantes,
1591 5160 1643 5214 in
1693 5163 1868 5230 fugam
1900 5168 2118 5214 vertun-

520 5264 624 5311 tur.
657 5255 895 5324 Quorum
918 5255 1008 5308 alii
1032 5253 1410 5324 comprehensi
1435 5255 1573 5308 inter
1616 5250 1950 5320 fugiendum,
1995 5251 2117 5320 jure

519 5346 652 5402 belli
681 5347 826 5402 caesi.
875 5346 979 5401 Alii
1029 5346 1082 5400 in
1137 5361 1195 5400 se
1247 5358 1433 5400 mutuo
1488 5344 1865 5416 impingentes,
1892 5343 2117 5399 suismet

517 5437 709 5510 gladiis
735 5438 1039 5494 obtruncati
1061 5447 1206 5493 sunt.

1135 5527 1362 5584 CAPUT
1403 5527 1495 5584 XI.

880 5621 1031 5696 Fuga
1060 5632 1108 5679 et
1137 5623 1348 5694 magica:
1376 5632 1512 5678 artes
1544 5621 1748 5679 Licinii.

591 5710 806 5771 Illorum
831 5729 960 5771 vero
999 5716 1270 5787 princeps,
1314 5730 1435 5772 cum
1457 5731 1518 5772 se
1563 5717 1933 5775 ministrorum
1981 5732 2108 5775 suo-

2233 3257 2634 3312 tabernaculmn
2677 3258 3216 3314 constituissedivina
3267 3266 3532 3313 testantur
3581 3257 3818 3310 oracula.

2230 3349 2469 3405 Aderant
2491 3361 2670 3408 autem
2700 3353 2899 3408 assidui
2939 3369 3044 3408 una
3069 3368 3190 3408 cum
3223 3353 3339 3423 ipso
3382 3351 3533 3422 pauci
3577 3351 3814 3421 quidam,

2230 3442 2372 3508 fidei,
2393 3445 2604 3513 pictatis
2621 3460 2682 3499 ac
2712 3446 3097 3500 benevolentia:
3122 3445 3290 3515 probe
3313 3451 3619 3513 comperta).
3648 3446 3822 3510 Atque

2231 3535 2282 3591 id
2313 3551 2525 3607 semper
2554 3537 2731 3593 facere
2751 3546 3140 3603 consueverat,
3169 3536 3610 3607 quotiescumque
3639 3540 3820 3588 certa-

2228 3644 2350 3682 men
2367 3641 2512 3685 esset
2533 3629 2783 3685 initurus.
2807 3630 2991 3701 Neque
3021 3630 3161 3684 enim
3183 3643 3423 3700 prmceps
3449 3636 3565 3683 erat
3581 3666 3596 3692 ,
3623 3626 3822 3696 quippe

2228 3723 2318 3793 qui
2381 3723 2574 3779 tutiora
2635 3738 2849 3794 semper
2904 3723 3148 3794 eligeret.
3183 3721 3263 3778 Ad
3312 3721 3427 3776 hazc
3457 3721 3550 3775 Dei
3595 3717 3821 3782 consilio

2228 3824 2419 3870 cuncta
2441 3831 2625 3885 gerere
2655 3815 2845 3870 solitus
2869 3826 3007 3871 erat.
3037 3815 3203 3870 Porro
3255 3829 3378 3868 cum
3424 3810 3613 3868 sedulo
3659 3819 3821 3881 atque

2230 3909 2471 3978 impense
2505 3911 2612 3966 Deo
2639 3925 2735 3965 suo
2765 3908 3110 3979 supplicaret,
3141 3922 3356 3978 semper
3403 3907 3545 3960 Deus
3595 3905 3643 3958 ei
3677 3918 3820 3973 pra:-

2228 4004 2456 4058 sentiam
2505 4019 2656 4059 suam
2709 4004 2964 4060 exhibere
3003 4003 3253 4074 dignatus
3297 4011 3400 4057 est.
3441 3999 3647 4055 Exinde
3676 3997 3820 4053 velut

2227 4093 2489 4151 diviniore
2528 4106 2680 4153 actus
2730 4097 2984 4166 impulsu,
3037 4094 3288 4165 prosilire
3346 4109 3412 4149 ex
3475 4091 3820 4148 tabernacqu

2229 4186 2438 4242 solebat
2479 4197 2576 4242 :et
2623 4189 2777 4259 signo
2821 4186 2893 4242 ad
2945 4185 3390 4256 proficiscendum
3443 4183 3591 4250 dato,
3638 4184 3817 4238 statim

2230 4279 2486 4333 militibus
2527 4280 2826 4350 imperabat
2859 4288 2918 4333 ut
2946 4279 3148 4349 absque
3178 4293 3325 4332 mora
3357 4276 3561 4348 gladios
3591 4276 3822 4346 stringe-

2229 4380 2367 4424 rent.
2401 4371 2498 4438 Qui
2527 4372 2808 4426 confestim
2844 4373 3044 4442 impetu
3096 4372 3149 4425 in
3199 4370 3408 4426 hostem
3442 4369 3603 4436 facto,
3631 4369 3820 4424 obvios

2229 4479 2418 4519 omnes
2465 4464 2581 4520 sine
2603 4465 2712 4520 ullo
2757 4466 2931 4520 anatis
3003 4465 3314 4519 discrimine
3385 4461 3816 4526 obtruncabant;

2147 4542 2202 4603 D
2227 4556 2398 4612 donec
2427 4557 2619 4628 exiguo
2643 4559 2899 4628 temporis
2920 4566 3192 4614 momento
3232 4567 3383 4628 parta
3411 4557 3660 4624 victoria,
3705 4565 3816 4611 tro-

2226 4664 2338 4719 paea
2361 4648 2428 4704 de
2459 4650 2612 4704 victis
2641 4649 2885 4705 hostibus
2908 4651 3224 4706 ercxissent.

2835 4763 3060 4821 CAPUT
3093 4765 3234 4820 XIII.

2437 4859 2756 4915 Constantini
2787 4861 3076 4916 humanitas
3108 4863 3163 4916 in
3190 4862 3375 4917 milites
3403 4870 3598 4931 captos.

2294 4973 2406 5028 Iloc
2433 4973 2593 5028 modo
2644 4973 2934 5044 imperator
2977 4985 3100 5030 ante
3132 4991 3322 5047 pugna:
3377 4975 3717 5038 conﬂictum,
3757 4980 3816 5028 et

2219 5065 2453 5136 seipsum
2473 5081 2693 5138 gerere,
2717 5077 2771 5122 et
2796 5071 3093 5124 exercitum
3125 5085 3279 5124 suum
3313 5069 3620 5132 instituere,
3649 5067 3812 5120 etiam

2218 5167 2373 5212 antea
2401 5159 2588 5213 solitus
2613 5170 2760 5214 erat:
2784 5163 2980 5232 quippe
3005 5162 3094 5232 qui
3119 5163 3283 5217 Deum
3311 5162 3430 5215 vita:
3457 5175 3568 5213 sure
3599 5173 3816 5228 semper

2219 5261 2605 5320 anteponeret,
2635 5263 2933 5325 cunctaque
2954 5257 3073 5326 ejus
3103 5265 3230 5310 nutu
3272 5265 3326 5310 et
3373 5254 3601 5310 consilio
3653 5268 3814 5324 agere

2221 5346 2489 5412 studeret,
2523 5357 2576 5401 et
2601 5347 2890 5404 multorum
2930 5350 3205 5403 hominum
3243 5348 3444 5404 caedem
3475 5347 3652 5402 facere
3691 5345 3816 5400 reli-

2219 5438 2361 5507 gioni
2386 5438 2625 5494 duceret.
2669 5440 2930 5507 Quocirca
2983 5458 3090 5496 non
3135 5443 3311 5497 minus
3364 5441 3598 5496 hostium
3651 5453 3814 5509 quam

2217 5530 2445 5586 militum
2476 5547 2694 5588 suorum
2725 5534 3037 5590 consulebat
3063 5534 3243 5590 saluti.
3285 5535 3470 5607 Itaque
3498 5535 3608 5590 suis
3637 5532 3813 5586 victo-

2216 5623 2350 5678 riam
2374 5623 2585 5696 adeptis
2613 5627 2978 5698 praacipiebat,
3002 5637 3059 5683 ut
3087 5629 3239 5684 victis
3282 5635 3599 5700 parcerent,
3647 5632 3812 5696 utque

2215 5715 2458 5776 homines
2507 5720 2616 5776 nati
2645 5722 2945 5778 communis
2990 5720 3264 5780 hominum
3296 5730 3498 5778 natura:
3526 5718 3777 5776 meminis
