4142 6178
329 276 398 342 41
1406 267 1493 325 DE
1535 266 1695 326 VITA
1732 264 1961 324 CONST.

2067 262 2191 323 I'INI
2230 263 2437 322 LIBER
2475 263 2539 319 II.
3565 270 3640 330 η

327 397 472 449 sent.
506 385 662 455 Quod
707 385 751 442 si
783 385 921 443 forte
968 386 1194 443 militum
1245 386 1451 442 animos
1505 387 1810 443 obstinatos
1865 386 1932 441 ad
1963 386 2014 447 Α
2041 385 2185 441 velut
2228 385 2725 442 terriculamentum
2770 386 3038 457 quoddam
3095 395 3150 444 et
3195 389 3632 459 potentissimum

327 481 539 538 caedem
566 481 794 547 videret,
820 480 1234 550 aurilargitione
1251 495 1345 536 eos
1365 481 1715 550 reprimebat,
1737 479 1934 550 jubens
2035 478 2102 534 ad
2133 478 2448 549 depellenda
2480 483 2617 533 mala
2670 480 3080 546 munimentum,
3107 484 3350 540 hostium
3394 486 3634 542 multitu-

327 585 392 631 ut
423 577 515 648 qui
557 574 763 629 hostem
793 574 973 627 vivum
1021 573 1276 643 cepisset,
1331 583 1482 628 certo
1528 572 1643 627 auri
1695 571 1936 642 pondere

331 669 644 725 donaretur.
669 667 845 739 Atque
874 666 1016 722 hanc
1043 665 1355 722 illecebram
1384 666 1449 721 ad
1481 666 1710 722 salutem
1759 666 1938 722 homi-

331 777 464 816 num
494 760 920 816 conservandam
953 760 1296 832 imperatoris
1343 760 1668 829 excogitavit
1691 759 1930 815 solertia.

331 852 484 910 Adeo
507 863 566 907 ut
595 852 815 922 plurimi
851 867 917 907 ex
947 851 1076 922 ipsis
1107 851 1267 907 etiam
1299 850 1544 906 barbaris
1573 849 1774 907 servati
1803 850 1933 918 sint,

329 961 456 1003 cum
499 944 845 1017 imperatoris
872 960 1062 999 aurum
1109 944 1272 999 vitam
1321 944 1558 1014 ipsorum
1591 942 1933 999 redemisset.

923 1058 1151 1116 CAPUT
1189 1057 1331 1114 XIV.

643 1154 842 1210 lterum
880 1154 941 1208 de
963 1154 1195 1208 oratione
1222 1154 1274 1206 in
1302 1153 1652 1207 tabernaculo.

403 1271 535 1328 Haec
585 1279 636 1325 et
688 1270 794 1325 alia
858 1270 1090 1340 plurima
1151 1267 1342 1324 borum
1401 1267 1594 1323 similia
1649 1268 1940 1337 imperator

330 1364 498 1422 etiam
530 1363 660 1418 alias
682 1361 925 1417 factitare
943 1371 1318 1417 consueverat.
1348 1360 1499 1416 Tunc
1525 1362 1784 1430 temporis
1810 1373 1939 1414 vero

332 1470 624 1529 antequam
652 1456 896 1528 praelium
922 1465 1262 1523 consereret,
1308 1469 1554 1511 seorsum
1596 1455 1646 1509 in
1693 1455 1942 1510 taberna—

333 1553 460 1608 culo
511 1553 737 1623 positus,
793 1549 1146 1615 orationibus,
1195 1557 1253 1602 ut
1304 1547 1531 1613 solebat,
1565 1546 1803 1614 vacavit,
1874 1545 1941 1601 ab

338 1645 487 1700 omni
511 1643 721 1713 quidem
751 1642 878 1713 joco
903 1651 958 1698 et
986 1640 1287 1697 delicatiori
1315 1641 1438 1696 vita:
1465 1639 1613 1695 cultu
1638 1639 1938 1703 abstinens,

329 1736 558 1809 jejuniis
613 1752 743 1791 vero
807 1735 1036 1806 aliisque
1100 1734 1406 1804 bujusmodi
1465 1733 2019 1833 exercitationibusB

337 1844 536 1899 corpus
568 1828 824 1899 fatigans,
852 1837 908 1883 et
934 1826 1415 1896 supplicationibus
1467 1842 1530 1882 ac
1573 1826 1820 1896 precibus
1869 1826 1940 1880 ita

339 1921 514 1977 Deum
572 1921 811 1990 placans,
862 1930 919 1974 ut
971 1919 1260 1991 benignum
1312 1919 1463 1974 illum
1530 1934 1594 1975 ac
1655 1921 1942 1991 propitium

342 2029 564 2070 suarum
590 2015 817 2085 partium
841 2013 1142 2084 adjutoretn
1172 2012 1412 2076 haberet.
1437 2029 1605 2084 caque
1625 2023 1807 2085 ageret
1828 2029 1945 2082 qua:

344 2107 437 2163 ille
467 2107 633 2162 menti
661 2122 772 2162 suae
797 2107 1174 2176 suggessisset.
1229 2107 1294 2160 Et
1328 2105 1712 2162 Constantinus
1733 2107 1943 2178 quidem

345 2199 676 2271 Reipublicae.
729 2197 1039 2269 pervigilem
1092 2213 1274 2254 curam
1317 2200 1575 2270 gerebat,
1632 2216 1736 2254 non
1781 2200 1948 2271 magis

351 2309 453 2365 pro
482 2311 696 2351 suorum
727 2310 889 2367 quam
947 2312 1045 2368 pro
1094 2296 1329 2352 hostium
1383 2297 1556 2352 salute
1581 2305 1704 2352 vota
1726 2297 1948 2352 faciens.

963 2409 1190 2466 CAPUT
1228 2410 1347 2466 XV.

498 2509 684 2566 Licinii
711 2511 951 2566 simulata
979 2511 1204 2565 amicitia
1244 2519 1289 2565 et
1314 2509 1568 2564 idolorum
1588 2509 1778 2564 cultus.

424 2605 696 2674 Quoniam
729 2621 860 2661 vero
881 2605 1123 2660 Licinius
1151 2604 1241 2675 qui
1272 2603 1431 2674 paulo
1458 2614 1583 2660 ante
1615 2604 1790 2673 fugam
1820 2602 1956 2658 inie-

351 2704 460 2764 rat,
497 2697 844 2752 simulatione
873 2707 1052 2763 utens,
1085 2696 1278 2751 iterum
1321 2696 1636 2761 amicitiam,
1661 2710 1723 2750 ac
1752 2693 1956 2750 foedera

352 2789 608 2845 renovari
641 2788 929 2858 poscebat;
983 2789 1278 2857 imperator
1320 2786 1374 2842 id
1419 2802 1451 2842 e
1495 2786 1786 2856 Republica
1811 2800 1955 2852 esse,

353 2893 411 2939 et
436 2883 625 2954 generi
678 2882 913 2937 humano
956 2880 1264 2936 conducere
1293 2890 1475 2945 ratus,
1522 2894 1709 2950 pacem
1743 2878 1816 2933 illi
1857 2877 1958 2933 sub

353 2977 522 3031 certis
548 2975 947 3031 conditionibus
976 2973 1255 3043 indulgere
1303 2989 1410 3027 non
1441 2972 1727 3028 recusavit.
1760 2973 1829 3026 At
1867 2971 1958 3026 Li-

354 3068 556 3138 cinius,
585 3069 766 3139 specie
789 3067 1003 3140 quidem
1032 3067 1145 3137 ipsa
1188 3067 1423 3137 ﬁngebat
1468 3067 1614 3137 leges
1641 3081 1701 3121 se
1729 3065 1961 3121 libenter

359 3159 639 3230 amplecti,
673 3169 726 3214 et
769 3159 928 3214 fidem
951 3157 1306 3229 jurejurando
1333 3157 1542 3214 Iirmaba

359 3254 506 3310 culte
535 3253 826 3308 militarem
853 3261 1167 3323 apparatum
1203 3253 1535 3319 instruebat,
1566 3261 1728 3322 atque
1757 3251 1954 3306 iterum

356 3346 561 3403 bellum
592 3344 816 3409 inferre,
844 3345 1040 3400 iterum
1074 3358 1305 3413 pugnant
1337 3345 1640 3398 instaurare
1669 3341 1963 3398 meditaba-

361 3447 470 3498 tur.
497 3438 602 3495 Sed
627 3447 681 3493 et
710 3437 1068 3492 Barbarorum
1095 3437 1296 3490 auxilia
1319 3436 1555 3505 undique
1577 3435 1958 3506 conquirebat,

364 3542 419 3589 et
449 3545 621 3586 novos
664 3530 1085 3598 circumquaque
1132 3528 1490 3597 investigabat
1517 3527 1648 3582 deos
1677 3545 1689 3579 :
1725 3534 1906 3596 utpote
1932 3539 1962 3579 a

360 3623 634 3696 prioribus
661 3623 717 3678 in
745 3620 986 3676 fraudem
1018 3619 1286 3676 inductus.
1317 3618 1426 3675 Nec
1454 3620 1716 3674 memoria
1745 3628 1960 3688 repete-

360 3715 478 3780 bat,
519 3731 639 3786 qure
679 3712 841 3785 paqu
889 3728 1014 3768 ante
1043 3712 1112 3768 de
1154 3712 1260 3769 diis
1306 3712 1359 3767 in
1404 3713 1666 3768 concione
1714 3710 1961 3766 dixisset.

364 3811 480 3870 Nec
506 3813 672 3868 Deum
704 3813 793 3881 qui
821 3825 920 3882 pro
945 3811 1296 3867 Constantino
1319 3819 1743 3882 pr0pugnasset,
1776 3824 1970 3881 agnos-

367 3923 497 3964 cere
522 3909 729 3964 volebat
759 3925 772 3960 :
801 3907 894 3963 sed
923 3905 1093 3961 multo
1119 3906 1302 3977 plures
1343 3921 1407 3960 ac
1464 3905 1795 3961 recentiores
1833 3904 1968 3960 deos

369 4015 478 4056 non
509 4001 627 4057 sine
646 4002 760 4058 risu
790 4015 854 4056 ac
873 4000 1109 4056 ludibrio
1138 4000 1308 4070 ccepit
1333 4000 1675 4070 conquirere.

939 4151 941 4154 ι
964 4112 1195 4172 CAPUT
1235 4114 1376 4170 XVI.

377 4206 643 4275 Quomodo
673 4207 907 4264 Licinius
957 4208 1204 4263 militibus
1254 4210 1572 4280 praeceperit,
1622 4225 1684 4264 ne
1730 4209 1973 4263 adversus

695 4302 864 4355 crucis
893 4301 1097 4371 signant
1125 4301 1369 4372 impetum
1402 4301 1646 4370 facerent.

448 4395 718 4464 Posthac,
741 4412 865 4452 cum
888 4398 1065 4465 reipsa
1093 4394 1372 4450 didicisset
1403 4409 1654 4450 arcanam
1686 4394 1971 4466 quamdam

376 4504 441 4546 ac
468 4489 702 4544 divinam
734 4489 1028 4558 potentiam
1059 4488 1111 4540 in
1143 4486 1365 4542 salutari
1395 4497 1599 4556 tropaeo
1630 4487 1814 4540 inesse
1833 4527 1848 4552 ,
1876 4502 1973 4540 cu-

2036 570 2146 627 dini
2173 572 2392 640 obiecit.
2424 573 2501 627 Ac
2529 571 2790 642 principio
2811 575 3024 644 quidem
3049 577 3377 646 sustinebat,
3407 595 3634 650 parcens

2038 665 2251 719 interim
2287 664 2455 732 ferro,
2503 681 2571 720 ne
2619 666 2893 722 videretur
2937 668 3082 738 prior
3136 685 3368 740 pugnam
3421 671 3628 741 iniisse,

2037 756 2201 828 idque
2224 757 2294 814 ob
2319 756 2586 815 fmderum
2617 774 2737 828 qua:
2766 761 3040 829 pepigerat
3069 761 3407 833 religionem.

2616 873 2846 933 CAPUT
2886 876 3049 932 XVII.

2542 967 2862 1026 Constantini
2889 972 3118 1027 victoria.

2111 1081 2216 1139 Sed
2247 1092 2596 1155 posteaquam
2628 1084 2811 1141 hostes
2852 1087 3124 1143 obstinato
3153 1087 3336 1144 animo
3371 1099 3633 1160 perstare,

2036 1173 2256 1245 jamque
2300 1175 2510 1245 gladios
2555 1175 2880 1246 distringere
2931 1178 3334 1247 animadvertit,
3387 1181 3634 1253 indigna-

2044 1266 2190 1323 tione
2215 1277 2536 1337 comniotus,
2582 1269 2702 1325 solo
2731 1271 2969 1326 clamore
3013 1288 3078 1328 ac
3127 1274 3352 1330 minimo
3383 1277 3641 1345 temporis

2043 1369 2320 1414 momento
2347 1371 2570 1416 cunctas
2603 1362 2838 1418 hostium
2871 1364 3055 1432 copias
3083 1365 3134 1420 in
3168 1364 3346 1436 fugam
3377 1368 3559 1432 vertit,
3589 1377 3646 1424 et

2043 1450 2111 1506 de
2138 1451 2474 1508 daemonibus
2515 1454 2717 1524 pariter
2741 1462 2906 1524 atque
2953 1455 3198 1513 hostibus
3241 1458 3526 1514 victoriam
3555 1473 3644 1514 re-

2044 1544 2301 1614 portavit.

2612 1637 2842 1696 CAPUT
2881 1641 3064 1698 XVIII.

2296 1729 2483 1786 Licinii
2511 1731 2674 1788 mdes
2704 1744 2749 1788 et
2779 1737 3029 1806 triumphi
3058 1737 3122 1792 de
3146 1737 3240 1792 illo
3268 1741 3391 1795 acti.

2119 1841 2368 1898 PoSthaec
2423 1844 2596 1914 ipsum
2659 1847 2752 1901 Dei
2803 1845 3012 1903 hostem
3066 1849 3290 1921 ejusque
3352 1852 3644 1910 familiares

2047 1935 2170 1993 belli
2199 1938 2323 2006 jure
2351 1937 2672 2008 dijudicatos
2691 1983 2706 2003 ,
2733 1956 2973 2012 congruo
3004 1945 3268 2014 supplicio
3296 1945 3496 2003 affecit.
3529 1948 3644 2005 Ab-

2047 2027 2384 2085 ducebantur
2414 2031 2594 2099 itaque
2632 2048 2735 2088 una
2773 2048 2893 2088 cum
2927 2044 3154 2106 tyranno
3175 2079 3190 2104 ,
3235 2047 3289 2092 et
3317 2039 3525 2094 debitas
3553 2055 3647 2095 ea-

2049 2123 2176 2193 pitis
2230 2140 2418 2194 poenas
2485 2126 2686 2182 dabant
2746 2130 3071 2200 quicumque
3125 2131 3322 2187 bellum
3377 2132 3645 2190 adversus

2053 2217 2218 2274 Deum
2245 2233 2435 2287 gerere
2475 2219 2525 2274 ei
2573 2221 2888 2278 suasissent.
2931 2221 2997 2276 Et
3026 2222 3117 2293 qui
3161 2223 3325 2294 paulo
3353 2234 3481 2280 ante
3513 2241 3649 2281 vana

2051 2323 2145 2382 Spe
2174 2310 2297 2364 elati
2344 2322 2520 2379 erant,
2564 2315 2739 2383 reipsa
2769 2314 3106 2371 Constantini
3142 2317 3312 2372 Deum
3355 2319 3653 2389 amplecte-

2051 2402 2270 2471 bantur,
2299 2419 2532 2475 eumque
2553 2419 2719 2459 unum
2756 2421 2818 2462 ac
2844 2423 3036 2463 verum
3065 2407 3232 2464 Deum
3264 2423 3564 2480 agnoscere
3589 2425 3650 2466 se

2054 2505 2184 2556 tunc
2202 2499 2420 2555 demum
2449 2499 2859 2570 profitebantur.

2650 2615 2878 2672 CAPUT
2915 2615 3056 2672 XIX.

2445 2709 2664 2765 Publica
2693 2709 2870 2765 lwtitia
2899 2727 2958 2765 ac
2987 2711 3257 2781 festivitas.

2132 2820 2317 2892 Impiis
2348 2821 2511 2894 igitur
2536 2839 2566 2879 e
2596 2823 2773 2878 medio
2801 2824 3049 2888 sublatis,
3074 2825 3194 2895 puri
3216 2824 3472 2897 deinceps
3499 2839 3564 2880 ac
3591 2824 3660 2880 li-

2063 2913 2210 2984 quidi
2257 2915 2386 2970 solis
2425 2915 2579 2978 radii,
2625 2915 3018 2979 cernebantur,
3053 2917 3204 2987 quasi
3256 2916 3437 2972 nubilo
3469 2926 3656 2989 tyran—

2063 3011 2199 3064 nicae
2239 3009 2620 3065 dominationis
2647 3010 2890 3080 depulso.
2915 3011 3244 3080 Cunctmque
3288 3011 3496 3080 imperii
3543 3010 3657 3066 Ro-

2065 3102 2208 3155 mani
2240 3110 2419 3171 partes
2451 3102 2503 3156 in
2548 3118 2712 3157 unum
2753 3119 2949 3171 corpus
2996 3104 3353 3159 coaluerunt:
3384 3102 3662 3159 orientali-

1540 3156 1954 3269 veniri???
1985 3165 2032 3228 Ο
2062 3193 2163 3248 bus
2209 3156 2495 3262 provinciis
2539 3211 2658 3250 cum
2698 3156 2992 3252 Occidente
3035 3196 3340 3266 conjunctis
3367 3238 3381 3265 ,
3444 3213 3661 3269 unoque

2065 3287 2302 3343 omnium
2337 3289 2574 3358 principe
2595 3297 2847 3358 tanquam
2873 3292 3047 3360 capite
3074 3289 3328 3361 quodam,
3362 3300 3530 3346 totum
3560 3291 3662 3345 im-

2066 3379 2200 3450 perii
2226 3395 2423 3450 corpus
2463 3380 2780 3451 refulgebat,
2840 3381 2998 3436 unius
3027 3381 3393 3436 dominatione
3438 3391 3660 3436 cunctos

2067 3472 2312 3529 homines
2340 3473 2748 3541 complectente.
2784 3473 2849 3528 Et
2868 3473 2957 3543 qui
2990 3474 3137 3543 prius
3166 3475 3216 3527 in
3248 3474 3573 3529 tenebriset
3601 3474 3654 3528 in

2067 3567 2257 3621 umbra
2277 3566 2470 3621 mortis
2491 3566 2770 3633 sedebant,
2788 3566 2851 3621 iis
2867 3577 2994 3622 tunc
3009 3567 3429 3636 splendidissimi
3449 3567 3662 3636 pietatis

2067 3659 2202 3715 radii
2232 3659 2383 3714 laetos
2411 3659 2526 3714 dics
2555 3659 2900 3728 przcstabant.
2930 3658 3040 3714 Nec
3072 3659 3467 3728 praeteritorum
3497 3659 3668 3713 malo-

2070 3768 2190 3808 rum
2213 3752 2321 3807 ulla
2348 3751 2457 3820 jant
2487 3759 2768 3821 supererat
2795 3751 3126 3815 recordatio,
3173 3767 3296 3808 cum
3327 3767 3514 3808 omnes
3541 3753 3665 3809 ubi-

2068 3861 2172 3917 que
2201 3846 2456 3900 victorem
2484 3843 2736 3898 laudibus
2759 3842 3123 3904 celebrarent.
3157 3843 3382 3915 ejusque
3410 3853 3658 3900 servato-

2069 3953 2183 3994 rem
2215 3937 2382 3991 Deum
2412 3934 2586 3990 solum
2615 3949 2676 3990 se
2703 3949 2999 4005 agnoscere
3030 3934 3438 4004 profiterentur.
3471 3935 3667 3990 Noster

2073 4046 2203 4087 vero
2248 4030 2393 4085 omni
2444 4043 2644 4100 genere
2687 4028 2901 4098 pietatis
2949 4029 3229 4084 excellens
3280 4028 3668 4084 Constantinus

2071 4124 2243 4180 victor
2266 4123 2393 4195 (hoc
2419 4123 2563 4178 enim
2609 4121 3178 4178 convenientissimum
3220 4121 3319 4177 sibi
3365 4137 3670 4193 cognomen

2073 4217 2404 4286 comparavit
2433 4215 2503 4269 ob
2526 4215 2780 4270 victorias
2819 4215 2887 4268 de
2925 4213 3171 4269 hostibus
3219 4223 3275 4268 et
3307 4215 3538 4269 inimicis
3567 4213 3672 4284 ipsi

2073 4325 2102 4365 a
2133 4311 2242 4365 Deo
2268 4309 2465 4378 ubique
2484 4304 2796 4377 concessas)
2826 4306 3098 4362 Orientem
3129 4307 3358 4377 recepit,
3409 4316 3464 4363 et
3494 4307 3672 4377 impe-
3712 4347 3724 4358 .

2077 4402 2215 4456 rium
2243 4401 2542 4454 Romanum
2571 4397 2802 4454 solidum
2830 4397 2966 4452 sicut
2995 4397 3122 4451 olim
3154 4396 3361 4464 fuerat,
3394 4407 3448 4453 et
3475 4398 3676 4454 coadu-

2079 4502 2284 4559 natum,
2318 4491 2419 4546 sub
2466 4504 2617 4544 suam
2652 4489 2812 4544 unius
2846 4495 3164 4556 potestatem
3215 4487 3442 4557 redegit.
3470 4487 3551 4543 Ac
3581 4488 3678 4545 Dei

377 4583 466 4653 jus
493 4598 595 4653 0pc
623 4581 964 4637 Constantini
991 4580 1264 4636 exercitus
1293 4581 1570 4635 victoriam
1602 4578 1812 4635 referre
1841 4593 1971 4634 cou-
1998 4554 2053 4613 Ῑ)
2081 4586 2297 4657 quidem
2321 4583 2479 4639 unius
2508 4581 2931 4638 dominationem
2960 4581 3164 4650 primus
3193 4580 3441 4634 omnibus
3476 4581 3678 4651 praedi-

385 4675 681 4739 suevisset,
709 4675 905 4729 milites
935 4687 1064 4729 suos
1107 4672 1405 4738 admonuit,
1455 4688 1523 4728 ne
1553 4687 1620 4727 ex
1647 4671 1874 4728 adverso
1895 4671 1975 4726 illi

379 4768 858 4839 congrederentur,
885 4781 1019 4823 neve
1043 4766 1098 4820 in
1121 4765 1252 4821 illud
1281 4773 1488 4822 temere
1513 4781 1575 4821 ac
1599 4764 1819 4821 fortuito
1848 4780 1974 4820 ocu-

382 4859 465 4914 los
509 4860 858 4931 conjicerent.
888 4859 1096 4929 Quippe
1149 4858 1282 4913 illud
1327 4861 1539 4929 signum
1586 4858 1889 4914 incredibili
1922 4857 1975 4913 vi

385 4951 632 5022 pollere,
689 4967 753 5007 ac
802 4951 905 5008 sibi
972 4951 1222 5021 privatim
1269 4948 1523 5005 infestum
1581 4950 1978 5021 adversumque

382 5058 506 5100 esse
584 5044 795 5109 aiebat,
864 5053 1026 5114 atque
1093 5043 1294 5097 idcirco
1361 5042 1659 5098 cavendum
1719 5057 1841 5098 esse
1908 5058 1978 5099 ne

384 5137 642 5194 adversus
671 5140 842 5209 ipsum
885 5152 1062 5208 pugna
1111 5135 1358 5190 iniretur.
1391 5134 1487 5190 His
1539 5136 1609 5191 ita
1640 5135 1978 5206 compositis,

386 5230 832 5297 adversusillum,
854 5230 943 5302 qui
966 5243 1062 5299 pro
1082 5229 1266 5283 innata
1291 5227 1580 5283 clementia
1609 5231 1977 5296 cunctabatur,

391 5335 448 5383 et
475 5329 562 5397 qui
617 5325 909 5382 imminens
953 5324 1056 5395 ipsi
1106 5321 1325 5378 exitium
1368 5321 1691 5388 differebat,
1753 5323 1981 5392 praeliari

385 5419 682 5475 constituit.
724 5418 794 5472 Et
828 5415 1090 5471 Liciniani
1121 5413 1337 5485 quidem
1366 5412 1590 5468 deorum
1641 5414 1985 5471 multitudine

383 5512 600 5580 confisi,
620 5527 742 5568 cum
773 5509 1080 5582 iungentibus
1105 5507 1275 5576 copiis
1320 5508 1828 5578 progrediebantur;
1859 5524 1987 5565 nes-

386 5608 472 5662 cio
500 5622 622 5678 quae
668 5616 998 5661 mortuorum
1047 5602 1333 5658 simulacra
1378 5611 1433 5656 et
1479 5611 1683 5657 statuas
1725 5604 1992 5659 inanimes

385 5698 622 5771 prmsidii
652 5713 809 5754 causa
827 5696 1194 5768 praeferentes.
1219 5691 1608 5750 Constantinus
1627 5710 1756 5751 vero
1779 5693 1995 5775 pietatis

385 5791 554 5852 lorica
585 5801 885 5860 contectus,
903 5792 1134 5847 salutare
1160 5802 1216 5850 et
1253 5791 1524 5849 viviﬁcum
1545 5790 1723 5848 crucis
1742 5790 1951 5863 signum
1977 5779 1994 5859 ς

838 5890 1112 5952 Panos.
1160 5890 1329 5954 VIII.

2082 4678 2266 4732 cavit:
2302 4676 2418 4746 ipse
2447 4689 2577 4730 vero
2617 4673 2892 4743 singulare
2934 4686 3149 4742 quoque
3196 4671 3480 4740 imperium
3528 4672 3679 4730 orbis

2084 4768 2311 4824 Romani
2352 4777 2562 4832 tenens,
2591 4767 2900 4821 universum
2944 4778 3112 4832 genus
3145 4764 3435 4820 humanum
3479 4765 3680 4836 guber-

2085 4863 2251 4916 navit.
2275 4859 2462 4914 Omnis
2486 4859 2596 4927 jam
2630 4868 2807 4912 metus
2836 4853 3101 4910 malorum
3124 4853 3319 4924 quibus
3362 4859 3541 4913 cuncti
3581 4857 3682 4912 ho-

2084 4953 2259 5008 mines
2302 4949 2549 5020 Oppressi
2587 4948 2827 5016 fuerant,
2876 4947 3093 5019 penitus
3135 4947 3431 5004 exciderat.
3488 4950 3554 5004 Et
3592 4949 3685 5021 qui

2085 5045 2235 5115 prius
2265 5043 2440 5098 mtein
2461 5039 2707 5106 fuissent,
2742 5051 2865 5095 tunc
2885 5039 3042 5095 hilari
3070 5039 3217 5094 vultu
3241 5040 3484 5112 laetisque
3509 5041 3685 5099 oculis

2085 5150 2209 5192 sese
2237 5143 2423 5190 mutuo
2448 5133 2812 5190 intuebantur.
2846 5129 3040 5187 Clioris
3070 5139 3328 5200 prmterea
3364 5142 3419 5186 et
3444 5131 3682 5203 hymnis,

2089 5229 2318 5297 primum
2346 5224 2565 5297 quidem
2605 5225 2768 5279 Deum
2797 5223 3038 5277 omnium
3069 5221 3296 5292 Regem,
3331 5233 3492 5294 prout
3529 5224 3685 5280 insti-

2089 5323 2186 5377 tuti
2215 5321 2459 5385 fuerant;
2493 5317 2690 5374 deiude
2736 5319 2994 5373 victorem
3023 5317 3320 5390 Augustum
3339 5360 3353 5383 ,
3380 5328 3434 5373 et
3475 5319 3693 5377 modes-

2091 5415 2332 5471 tissimos
2357 5414 2574 5482 Deoque
2596 5411 2908 5466 carissimos
2930 5411 3044 5480 ejus
3066 5411 3268 5466 liberos
3287 5410 3555 5475 Caesares,
3575 5411 3694 5469 sine

2093 5509 2202 5565 ulla
2243 5506 2644 5562 intermissione
2673 5503 3042 5560 celebrabant.
3077 5502 3230 5557 Nulla
3260 5502 3370 5572 jam
3395 5507 3698 5573 praeterita-

2093 5617 2217 5659 rum
2238 5599 2624 5664 calamitatum,
2667 5597 2813 5652 nulla
2845 5597 3137 5668 impietatis
3161 5598 3422 5651 memoria
3444 5607 3698 5669 suppete-

2097 5696 2189 5752 bat
2219 5713 2232 5750 :
2267 5693 2363 5751 sed
2392 5692 2734 5765 praesentium
2783 5692 3046 5749 bonorum
3096 5690 3304 5746 fructus
3333 5707 3455 5749 cum
3487 5693 3696 5749 futuro-

2101 5805 2220 5846 rum
2248 5788 2363 5862 ZSpe
2395 5796 2554 5857 atque
2582 5785 2985 5857 exspectatione
3013 5783 3426 5856 percipiebatur.

3164 5881 3206 5942 2
