4142 6178
430 277 503 334 l3
1786 260 2059 319 EUSEBII
2095 258 2421 317 PAMPIIILI
3657 257 3730 314 44

1034 382 1264 442 CAPUT
1302 382 1423 440 XX.

542 479 810 552 Quomodo
838 495 934 552 pro
963 477 1352 551 Confessoribus
1383 476 1751 534 Constantinus
1783 479 1919 550 leges

1116 572 1358 628 sanxerit.

508 688 659 745 Tunc
684 687 846 744 etiam
873 685 1017 759 apud
1066 701 1189 752 nos,
1218 687 1358 742 sicut
1387 696 1541 742 antea
1600 687 1742 757 apud
1789 687 1908 743 illos
1939 686 2030 756 qui

434 780 660 836 alteram
687 778 837 834 orbis
863 786 1068 849 partem
1091 777 1352 842 incolunt,
1379 777 1651 848 proposita
1699 788 1824 833 sunt
1865 778 2034 849 impe-

436 872 632 928 ratoris
653 871 830 927 edicta
854 872 1009 941 plena
1038 869 1390 929 humanitatis
1415 887 1427 923 :
1461 879 1515 925 et
1540 871 1686 942 leges
1707 886 1828 942 quae
1852 871 2032 926 since-

437 979 555 1019 ram
581 978 647 1020 ac
676 963 983 1034 religiosam
1012 963 1107 1019 Dei
1138 964 1539 1019 observantiam
1568 964 1857 1032 Spirarent,
1890 962 2034 1017 varia

438 1056 698 1128 cujusque
723 1055 938 1126 generis
970 1055 1111 1110 bona
1135 1054 1275 1110 haud
1304 1053 1463 1110 dubia
1493 1070 1590 1125 spe
1607 1054 2031 1126 pollicebantur;

438 1166 561 1207 cum
587 1161 641 1207 et
685 1149 1104 1220 provincialibus
1149 1147 1472 1218 largirenlur
1511 1164 1631 1220 qua:
1683 1148 1752 1204 ad
1794 1149 2036 1220 ipsorum

440 1244 727 1300 utilitatem
765 1242 1116 1314 spectabant;
1170 1251 1224 1299 et
1255 1240 1513 1298 Ecclesiis
1553 1241 1649 1297 Dei
1702 1256 1938 1312 congrua
1985 1249 2040 1297 et

445 1336 822 1393 convenientia
863 1344 1188 1391 statuerent.
1219 1337 1297 1390 Ac
1329 1335 1559 1405 primum
1586 1334 1802 1406 quidem
1832 1350 1928 1390 eos
1949 1335 2040 1405 qui

443 1438 729 1500 propterea
760 1426 903 1499 quod
935 1426 1095 1483 idolis
1124 1428 1431 1484 sacrificare
1456 1428 1781 1495 noluissent,
1804 1443 1835 1483 a
1863 1436 2040 1484 recto-

441 1521 592 1575 ribus
625 1521 1028 1591 provinciarum
1083 1520 1329 1592 relegati,
1382 1531 1437 1575 et
1481 1537 1546 1577 ex
1593 1521 1765 1591 patria
1809 1522 2042 1591 migrare

440 1616 706 1684 compulsi
730 1625 907 1680 erant,
933 1614 1155 1671 domum
1201 1625 1543 1670 revocarunt.
1578 1614 1686 1670 Eos
1726 1614 1922 1670 deinde
1950 1615 2042 1686 qui

443 1708 688 1763 eamdem
725 1709 793 1763 ob
847 1722 1063 1763 causam
1117 1707 1283 1767 curiis
1326 1707 1524 1763 addicti
1553 1708 1783 1776 fuerant,
1813 1706 2041 1777 publicis

442 1801 810 1857 funetionibus
836 1801 1130 1856 liberarunt
1161 1819 1174 1854 :
1205 1811 1260 1857 et
1305 1802 1395 1872 qui
1436 1799 1777 1857 facultatibus
1826 1800 2041 1871 spoliati

443 1893 688 1960 fuissent,
723 1895 789 1948 iis
818 1894 957 1947 bona
988 1909 1083 1948 sua
1109 1894 1320 1948 restitui
1349 1901 1736 1964 prtecepernot.
1770 1892 2041 1947 Praeterea

444 1985 537 2054 qui
585 1984 974 2053 persecutionis
1020 1993 1265 2055 tempore
1303 1983 1482 2039 divina
1538 1985 1736 2040 virtute
1779 1984 2038 2052 roborati,

444 2075 769 2131 fortitudinis
790 2085 844 2132 et
863 2078 1180 2132 constantiae
1198 2076 1405 2132 illustre
1428 2062 1701 2146 specimen
1726 2076 2037 2143 ediderant,

444 2176 537 2222 aut
565 2168 632 2223 ad
679 2170 891 2223 metalla
923 2168 1184 2236 damnati,
1232 2178 1291 2224 ut
1319 2171 1577 2225 continuo
1605 2170 1793 2225 labore
1836 2170 1906 2225 ibi
1957 2170 2041 2225 di-

444 2264 805 2329 Vexaretttur,
837 2268 930 2317 aut
974 2263 1026 2317 in
1070 2263 1301 2318 insulam
1331 2263 1635 2333 deportati,
1671 2276 1761 2319 aut
1813 2266 2043 2336 publicis

441 2352 699 2422 operibus
747 2354 1036 2424 mancipati
1069 2354 1282 2410 fuerant
1306 2397 1321 2422 ,
1352 2355 1436 2410 his
1464 2357 1714 2411 omnibus
1742 2356 1924 2412 subito
1951 2371 2042 2412 so-

443 2444 540 2500 luti
562 2446 823 2503 molestiis
855 2447 1161 2503 libertatem
1193 2448 1375 2520 adepti
1406 2460 1548 2505 sunt.
1584 2450 1689 2505 Sed
1717 2460 1773 2506 et
1794 2451 2041 2522 quicum-

443 2552 548 2609 que
571 2539 640 2594 ob
669 2539 942 2610 egregiam
971 2541 1023 2595 in
1053 2541 1336 2597 retinenda
1377 2542 1643 2614 religione
1679 2544 2040 2598 constantiam

443 2628 651 2685 honore
679 2631 885 2685 militiae
914 2632 1125 2701 spoliati
1154 2643 1331 2699 erant,
1361 2648 1455 2688 eos
1487 2635 1826 2705 imperatoris
1866 2635 2042 2689 muni-

447 2720 663 2777 licentia
693 2722 762 2777 ab
793 2722 894 2777 hac
915 2723 1205 2793 ignominia
1222 2725 1522 2791 revocavit;
1555 2728 1799 2797 ipsorum
1817 2726 2042 2784 arbitrio

444 2827 508 2869 ac
536 2813 797 2871 voluntati
829 2816 1165 2887 permittens,
1195 2828 1253 2873 ut
1282 2818 1366 2873 vel
1414 2819 1629 2889 propria
1656 2828 2043 2890 recuperarent

443 2904 644 2973 ofﬁcia,
675 2916 730 2962 et
773 2908 998 2977 pristino
1030 2908 1251 2965 honoris
1288 2909 1457 2980 gradu
1486 2910 1811 2979 fruerentur,
1852 2912 1963 2978 vel,
1994 2911 2041 2968 si

442 2998 680 3069 quietam
714 2999 876 3054 vitam
905 2999 1103 3071 degere
1132 3001 1374 3071 mallent,
1417 3002 1486 3058 ab
1506 3005 1755 3060 omnibus
1785 3004 2042 3075 deinceps

442 3090 809 3147 functionibus
851 3092 1118 3149 immunes
1154 3104 1550 3164 permanerent.
1603 3096 1844 3167 Denique
1884 3104 2041 3167 quot-

447 3191 578 3253 quot
619 3183 926 3254 ignominia:
972 3199 1135 3240 causa
1180 3188 1441 3258 gynteciis
1481 3188 1773 3259 mancipati
1803 3188 2037 3257 fuerant,
2066 3170 2111 3234 (ἶ
2146 3167 2194 3203 Ἥ

447 3286 543 3328 eos
569 3272 866 3344 imperator
896 3276 1120 3346 perinde
1144 3293 1209 3335 ac
1229 3287 1456 3337 caeteros
1477 3278 1728 3339 libertate
1755 3279 1999 3337 donavit.

1036 3386 1263 3447 CAPUT
1303 3391 1444 3448 XXI.

449 3479 715 3546 Quomodo
758 3481 910 3536 etiam
948 3497 1043 3553 pro
1091 3485 1400 3555 martyribus
1444 3494 1492 3540 et
1543 3502 1636 3557 pro
1684 3485 2040 3543 Ecclesiarum

972 3575 1179 3643 praediis
1209 3576 1345 3647 leges
1372 3577 1506 3631 tulit.

517 3689 589 3744 Et
640 3688 758 3745 inec
807 3689 1023 3760 quidem
1071 3691 1140 3748 de
1175 3692 1244 3748 iis
1273 3695 1362 3765 qui
1404 3693 1503 3748 ista
1547 3696 1792 3766 perpessi
1834 3704 2036 3762 essent,

442 3781 735 3851 imperator
788 3781 1002 3851 scriptis
1072 3782 1280 3853 legibus
1369 3787 1670 3842 constituit.
1734 3788 1810 3844 De
1884 3789 2042 3844 bonis

443 3883 625 3931 autem
671 3888 898 3940 eorum,
968 3875 1086 3944 lege
1144 3873 1486 3944 imperatoris
1535 3880 1848 3949 plenissime
1910 3896 2041 3936 cau-

444 3974 559 4022 tum
605 3973 708 4021 est.
738 3964 872 4019 Nam
921 3974 1228 4021 sanctorum
1275 3968 1366 4023 Dei
1414 3980 1713 4041 martyrum
1758 3972 1899 4028 bona
1949 3974 2042 4046 qui

445 4058 502 4115 in
530 4059 650 4130 ipsa
699 4058 1041 4114 confessione
1066 4068 1295 4115 mortem
1322 4062 1586 4118 obiissent
1610 4105 1625 4130 ,
1656 4063 1725 4118 ad
1766 4067 2043 4134 proximos

448 4158 637 4209 eorum
683 4151 896 4207 devolvi
937 4152 1119 4222 jussit.
1151 4148 1306 4223 Quod
1351 4155 1397 4210 si
1448 4157 1626 4211 nullus
1669 4172 1869 4228 genere
1908 4159 2041 4229 ipsis

448 4248 771 4316 conjunctus
796 4246 1143 4316 reperiretur,
1174 4246 1544 4304 hmreditatem
1573 4264 1760 4305 eorum
1784 4250 2043 4306 Ecclesiis

399 4364 413 4377 -
451 4343 679 4408 deferri;
705 4343 847 4398 bona
875 4342 1000 4397 item
1031 4357 1149 4412 qua:
1167 4357 1235 4397 ex
1259 4342 1389 4397 ﬁsco
1418 4343 1501 4399 vel
1531 4360 1625 4415 per
1644 4344 2003 4400 venditionem
2024 4387 2040 4412 ,

449 4435 533 4491 vel
559 4443 655 4506 per
684 4434 1030 4490 donationem
1067 4435 1133 4489 ad
1160 4436 1295 4490 alios
1338 4436 1596 4492 translata
1645 4437 1896 4506 fuerant,
1954 4448 2044 4494 aut

449 4541 569 4595 qua:
597 4542 761 4596 penes
787 4524 971 4580 ﬁscum
996 4536 1369 4582 remanserant
1395 4526 1629 4582 dominis
1646 4530 1853 4584 restitui
1874 4528 2042 4586 debe-

452 4632 531 4684 re,
557 4617 902 4689 indulgentiae
922 4617 1213 4686 imperialis
1235 4617 1459 4688 epistola
1486 4620 1923 4691 prtecipiebatJEt
1943 4621 2045 4678 ltu-

443 4709 683 4780 j‘usmodi
703 4710 916 4778 quidem
942 4709 1198 4765 beneﬁcia
1216 4712 1267 4764 in
1284 4710 1581 4766 Ecclesiatn
1598 4711 1691 4767 Dei
1711 4714 1937 4769 contulit
1951 4715 2043 4772 be-

451 4802 684 4874 nignitas
699 4802 971 4873 principis,
991 4801 1199 4874 legibus
1214 4817 1308 4871 per
1318 4818 1505 4859 omnes
1519 4804 1826 4875 provincias
1841 4806 2041 4864 missis.

1038 4918 1264 4977 CAPUT
1303 4918 1470 4974 XXII.

732 5009 998 5076 Quomodo
1025 5010 1179 5064 etiam
1205 5012 1424 5083 populos
1444 5015 1761 5069 recreaverit.

528 5103 743 5176 Populis
771 5119 898 5160 vero
924 5120 954 5159 a
986 5103 1088 5159 fide
1118 5113 1302 5165 nostra
1330 5104 1519 5161 alienis
1547 5116 1602 5161 et
1627 5108 1891 5164 universis
1915 5124 2043 5180 pro-

454 5201 665 5266 vinciis,
700 5200 867 5255 multo
895 5200 1047 5268 plura
1076 5213 1139 5255 ac
1167 5198 1372 5270 majora
1396 5198 1615 5255 donavit
1645 5202 1901 5271 principis
1928 5220 2044 5258 mu-

452 5282 743 5349 niﬁcentia.
767 5290 1000 5347 Proinde
1032 5305 1221 5347 euntes
1247 5300 1551 5347 nostrarum
1582 5294 1810 5363 partium
1830 5296 2039 5364 incolas,

452 5386 540 5456 qui
569 5386 717 5456 prius
760 5383 1041 5441 audientes
1082 5399 1145 5439 ea
1193 5400 1315 5454 qua:
1367 5384 1421 5439 in
1453 5385 1619 5440 altera
1648 5398 1799 5456 parte
1827 5388 2042 5459 imperii

454 5474 682 5532 Ilomani
734 5486 1086 5548 gererentur,
1141 5476 1326 5532 beatos
1377 5477 1739 5548 praedicabant
1788 5481 1907 5537 illos
1950 5487 2040 5553 qui

455 5568 616 5623 tantis
642 5568 987 5625 afﬁcerentur
1017 5568 1323 5636 beneﬁciis,
1355 5578 1410 5625 et
1437 5571 1526 5643 qui
1562 5571 1876 5630 ardentibus
1901 5577 2041 5634 votis

452 5660 728 5732 optabant,
783 5672 838 5713 nt
886 5659 1076 5717 iisdem
1118 5660 1273 5717 bonis
1335 5661 1437 5732 ipsi
1496 5679 1709 5735 quoque
1753 5665 2044 5739 aliquando

454 5752 775 5819 fruerentur,
838 5750 952 5808 huic
980 5752 1149 5809 oculis
1181 5752 1293 5808 suis
1323 5764 1629 5824 spectantes
1648 5800 1663 5827 ,
1694 5757 1903 5829 seipsos
1928 5762 2040 5832 jam

2058 384 2106 442 Α
2135 378 2320 436 felices
2363 376 2656 449 praedicare
2701 389 2809 431 non
2851 373 3200 443 dubitabant;
3231 387 3430 431 novum
3458 373 3728 446 quoddam

2132 473 2449 528 miraculum
2480 480 2535 527 et
2553 470 2714 542 quale
2739 469 2886 526 nulla
2923 484 3155 541 unquam
3186 469 3288 526 sub
3329 468 3472 526 cmlo
3511 468 3735 525 vidisset

2132 572 2287 631 artas,
2315 571 2525 621 tantum
2577 563 2785 620 scilicet
2837 565 3220 633 imperatorem
3268 561 3507 618 humano
3547 561 3734 632 generi

2135 658 2404 716 affulsisse
2433 667 2715 716 testantes.
2746 657 2922 729 Atque
2950 656 3004 712 hi
3030 657 3246 728 quidem
3295 657 3367 713 ita
3401 656 3728 714 sentiebant.

2706 771 2936 828 CAPUT
2972 760 3160 827 XXIII.

2208 866 2362 935 Quod
2394 865 2560 921 Deum
2588 866 2836 921 bonorum
2863 877 3123 920 auctorem
3154 864 3471 936 praedicavit,
3527 875 3574 921 et
3603 867 3666 921 de

2706 958 2899 1029 legibus
2924 959 3175 1031 ejusdem.

2209 1050 2509 1120 Imperator
2552 1059 2733 1106 autem
2784 1051 2920 1122 ipse.
2945 1051 3036 1105 ubi
3064 1061 3257 1106 cuncta
3303 1052 3396 1108 Dei
3448 1054 3740 1109 servatoris

2140 1142 2337 1197 virtute
2362 1143 2463 1198 sub
2491 1142 2749 1199 ditionem
2773 1157 2925 1198 suam
2955 1143 3193 1215 redegit,
3221 1158 3344 1201 eum
3372 1147 3465 1216 qui
3495 1144 3611 1203 IIIBC
3640 1147 3741 1217 ipsi

2138 1234 2281 1291 bona
2333 1234 2673 1306 praestitisset
2723 1235 2976 1291 omnibus
3024 1236 3202 1306 palam
3252 1236 3418 1302 fecit,
3485 1237 3742 1309 illumque

2138 1330 2489 1386 victoriarum
2538 1340 2815 1387 auctorem
2872 1330 3062 1402 fuisse,
3084 1346 3193 1388 non
3243 1341 3423 1389 autem
3478 1333 3739 1405 seipsum,

2142 1423 2419 1495 professus
2444 1435 2548 1482 est.
2580 1424 2745 1497 quue
2781 1425 2978 1483 litteris
3022 1436 3134 1483 tum
3177 1427 3346 1483 latino
3395 1437 3509 1484 tum
3563 1443 3744 1500 graeco

2142 1531 2397 1575 sermone
2445 1518 2660 1589 scriptis
2709 1526 2767 1575 et
2807 1517 2877 1575 ad
2930 1535 3119 1577 omnes
3170 1520 3479 1590 provincias
3526 1521 3742 1589 missis,

2144 1610 2477 1681 praedicavit.
2523 1610 2693 1667 Porro
2744 1612 3004 1669 orationis
3032 1614 3140 1668 vim
3186 1628 3250 1668 ac
3295 1613 3550 1669 virtutem
3591 1614 3746 1671 facile

2147 1714 2438 1774 cognoscet
2483 1704 2724 1775 quisquis
2767 1706 3025 1775 epistolas
3067 1705 3212 1777 ipsas
3254 1707 3561 1778 perlegerit.
3610 1707 3747 1765 Sunt

2147 1804 2328 1852 autem
2358 1796 2478 1852 duae
2513 1814 2527 1851 :
2559 1797 2730 1854 altera
2759 1797 2827 1854 ad
2861 1798 3135 1855 Ecclesias
3164 1800 3258 1856 Dei
3286 1800 3491 1857 directa
3514 1840 3534 1866 ,
3575 1803 3746 1859 altera

2146 1886 2214 1942 ad
2257 1888 2589 1958 singularum
2647 1889 2859 1946 urbium
2907 1891 3132 1961 populos
3169 1906 3200 1946 a
3248 1901 3433 1948 nostra
3486 1893 3747 1966 religione

2146 1980 2372 2035 alienos.
2417 1980 2587 2049 Quam
2635 1982 2854 2051 quidem
2904 1992 3089 2052 utpote
3134 1986 3385 2054 praesenti
3428 1995 3748 2058 argumento

2146 2075 2714 2131 convenientissimam
2760 2076 2850 2132 hic
2880 2077 3226 2135 inserendam
3278 2095 3401 2137 esse
3431 2080 3559 2137 duxi
3582 2125 3599 2150 ,
3633 2091 3745 2138 tum

2146 2175 2207 2221 ut
2258 2166 2607 2227 historiarum
2631 2171 2999 2227 monumentis
3026 2173 3237 2242 prodita
3268 2174 3386 2243 ejus
3417 2175 3746 2245 exemplaria

2146 2256 2289 2328 apud
2319 2269 2565 2329 posteros
2597 2270 2858 2331 perpetuo
2884 2274 3310 2332 conserventur,
3345 2274 3458 2320 tum
3510 2274 3571 2321 ut
3620 2282 3749 2321 nar-

2145 2349 2372 2404 rationis
2416 2362 2615 2406 nostrae
2673 2351 2808 2408 ﬁdes
2834 2368 2899 2409 ac
2955 2355 3153 2411 veritas
3195 2355 3564 2411 conﬁrmetur.
3612 2357 3746 2413 Des-

2146 2441 2320 2511 cripta
2355 2453 2535 2498 autem
2566 2452 2652 2499 est
2690 2459 2757 2500 ex
2789 2447 3105 2501 authentico
3143 2446 3437 2519 exemplari
3465 2448 3597 2519 legis
3642 2449 3746 2502 im-

2146 2535 2388 2605 perialis,
2423 2536 2565 2606 quod
2592 2536 2733 2608 apud
2763 2553 2864 2593 nos
2884 2548 3150 2594 servatur.
3176 2537 3274 2594 Cui
3306 2540 3564 2611 principis
3586 2555 3748 2596 manu

2146 2628 2393 2697 apposita
2423 2629 2753 2698 subscriptio
2779 2631 3041 2685 orationis
3071 2642 3271 2687 nostrae
3316 2632 3600 2693 veritatem
3626 2640 3747 2689 tan-

2147 2733 2305 2789 quam
2335 2718 2508 2793 sigillo
2538 2720 2770 2791 quodam
2796 2722 3012 2777 astruit.

2705 2811 2934 2869 CAPUT
2974 2812 3168 2870 XXIV.

2146 2903 2257 2960 Lex
2301 2905 2621 2965 Constantini
2646 2906 2707 2961 de
2753 2908 2941 2978 pietate
2985 2909 3039 2963 in
3071 2906 3258 2979 Deum,
3285 2919 3331 2965 et
3373 2908 3437 2965 de
3464 2909 3747 2965 christiana

2826 3003 3090 3073 religione.

2232 3091 2369 3161 Hanc
2394 3090 2593 3161 legem,
2604 3108 2716 3161 quas
2732 3095 2793 3146 ab
2815 3096 2907 3145 hoc
2923 3097 3080 3161 capite
3094 3109 3210 3147 xxxv
3224 3098 3285 3149 ad
3302 3111 3415 3161 xum
3439 3096 3744 3161 extenditur,

2230 3155 2329 3204 esis
2345 3153 2487 3221 infra,
2512 3157 2597 3207 ubi
2620 3153 2782 3208 series
2800 3153 3009 3221 Operam
3032 3157 3380 3224 Constantini.)

2715 3262 2941 3318 CAPUT
2981 3261 3165 3318 XLIII.

2153 3352 2419 3419 Quomodo
2447 3353 2810 3410 Constantinus
2846 3374 2903 3411 ea
2930 3373 3044 3428 qua:
3079 3357 3276 3429 legibus
3312 3367 3554 3415 sanxerat
3590 3358 3743 3435 [actis

2698 3450 2824 3520 ipsis
2850 3451 3189 3516 conﬁrmavit.

2221 3539 2291 3595 Et
2314 3538 2432 3595 hinc
2454 3539 2668 3609 quidem
2707 3542 2875 3611 prima
2904 3542 3245 3613 imperatoris
3269 3543 3498 3615 epistola
3554 3542 3623 3598 ad
3649 3556 3748 3599 nos

2150 3634 2313 3689 missa
2340 3634 2641 3689 constituit.
2671 3635 2938 3691 Castorum
2979 3652 3042 3692 ea
3072 3653 3192 3705 quae
3232 3638 3349 3709 lege
3393 3639 3600 3694 sancita
3629 3638 3747 3696 fue-

2148 3734 2272 3780 rant
2311 3724 2566 3781 continuo
2609 3726 2915 3783 executioni
2948 3728 3198 3785 mandata
3226 3739 3352 3785 sunt
3390 3748 3403 3783 :
3448 3739 3504 3787 et
3550 3740 3746 3787 cuncta

2148 3817 2216 3872 iis
2246 3832 2366 3887 quas
2397 3817 2688 3874 crudelitas
2720 3820 2992 3890 tyrannica
3019 3829 3441 3892 prtesumpserat
3476 3822 3747 3877 contraria

2149 3912 2497 3982 gerebantur.
2531 3910 2873 3968 Fruebantur
2912 3912 3257 3984 imperatoris
3294 3912 3651 3971 beneﬁcentia
3692 3912 3748 3969 lii

2151 4006 2347 4075 quibus
2375 4004 2427 4059 id
2459 4004 2576 4076 lege
2602 4019 2918 4061 concessum
2944 4016 3081 4060 erat.

2719 4094 2947 4153 CAPUT
2983 4096 3170 4153 XLIV.

2152 4188 2425 4256 Quomodo
2469 4188 2789 4245 Christianos
2824 4191 2894 4245 ad
2921 4191 3167 4263 regendas
3213 4192 3504 4261 provincias
3533 4207 3747 4264 promo-

2360 4283 2513 4351 verit,
2546 4291 2593 4336 et
2619 4299 2848 4355 paganos
2877 4283 3171 4352 sacriﬁcare
3197 4283 3537 4354 prohibuerit.

2225 4373 2473 4429 Postume
2520 4375 2817 4444 imperator
2857 4376 3003 4432 serio
3033 4390 3251 4432 manum
3295 4377 3445 4446 Operi
3489 4376 3745 4435 admovit.

2151 4465 2232 4521 Ac
2258 4465 2488 4534 primum
2518 4466 2733 4536 quidem
2764 4469 2816 4523 in
2848 4469 3083 4540 singulas
3115 4470 3417 4540 provincias
3445 4484 3540 4526 eos
3571 4474 3751 4541 praesi-

2070 4565 2125 4627 1)
2151 4554 2250 4612 des
2280 4566 2335 4611 lIl
2362 4556 2649 4626 plurimum
2678 4560 2857 4625 misit,
2902 4562 2992 4631 qui
3040 4561 3259 4617 salutari
3290 4560 3417 4617 ﬁdei
3459 4561 3620 4618 dicati
3662 4577 3749 4619 es-

2153 4658 2294 4704 sent.
2326 4648 2482 4716 Quod
2510 4649 2557 4705 si
2581 4650 2671 4720 qui
2700 4666 2888 4707 eorum
2914 4651 3123 4724 "gramm
3165 4654 3529 4724 superstitioni
3579 4654 3750 4710 dediti

2155 4755 2279 4797 esse
2326 4741 2639 4797 viderentur
2666 4742 2730 4798 iis
2772 4745 2995 4801 vetitum
3026 4756 3144 4800 erat
3191 4745 3517 4801 sacriﬁcare.
3549 4745 3749 4801 Eadem

2157 4831 2247 4888 lex
2292 4830 2402 4889 illis
2431 4831 2595 4889 etiam
2640 4833 2890 4904 imposita
2921 4846 3005 4891 est
3055 4837 3144 4907 qui
3185 4837 3446 4908 dignitate
3490 4836 3749 4907 praesides

2150 4917 2461 4990 anteibant,
2493 4924 2665 4995 iisque
2690 4926 2828 4983 adeo
2856 4928 2948 4998 qui
2996 4945 3265 4984 summum
3309 4929 3573 4984 bonorum
3600 4928 3752 4985 fasti-

2151 5017 2298 5087 gium
2329 5026 2384 5074 et
2412 5018 2747 5090 praefectura:
2775 5022 3115 5089 praetorianae
3161 5031 3481 5092 potesmtem
3534 5021 3749 5077 obtine-

2150 5107 2281 5165 bant
2329 5111 2436 5167 Aut
2464 5112 2607 5166 enim
2639 5112 2902 5182 siquidem
2932 5112 3227 5170 Christiani
3251 5124 3471 5181 essent,
3522 5114 3585 5168 iis
3612 5126 3748 5168 con-

2150 5200 2377 5256 cedebat
2401 5209 2457 5258 ut
2484 5203 2717 5258 nominis
2746 5204 2829 5258 sui
2855 5205 3203 5275 appellationi
3242 5204 3617 5263 convenientia
3655 5219 3751 5276 ge-

2150 5302 2354 5349 rerent.
2403 5294 2510 5352 Aut
2551 5297 2596 5351 si
2645 5296 2800 5353 aliter
2842 5297 3018 5354 aB‘erti
3065 5308 3287 5368 essent,
3330 5314 3401 5357 ne
3447 5298 3750 5355 simulacris

2148 5388 2519 5445 sacriﬁcarent
2558 5390 2923 5462 praecipiebat.

2731 5483 2957 5540 CAPUT
2998 5484 3162 5541 XLV.

2155 5572 2232 5631 De
2253 5575 2444 5648 legibus
2472 5576 2656 5648 quibus
2675 5577 2933 5648 sacriﬁcia
2957 5578 3161 5647 quidem
3188 5577 3606 5650 prohibebantur,
3637 5574 3745 5630 Ec-

2497 5674 2665 5731 clesia:
2685 5689 2802 5730 vero
2823 5674 3047 5728 construi
3063 5672 3398 5744 jubebantur.

2226 5765 2438 5825 Exinde
2476 5766 2598 5823 duae
2646 5766 2789 5837 leges
2839 5778 2946 5823 suo
2989 5765 3288 5834 eodemque
3336 5774 3578 5836 tempore
3625 5771 3753 5819 sunt
