4142 6178
396 245 480 303 ’85
1476 249 1563 304 DE
1602 248 1763 311 VITA
1801 249 2001 309 CONS'I

2103 250 2259 311 lI‘lNl
2296 252 2499 311 uena
2540 255 2605 311 u.
3168 234 3180 240 ’
3637 275 3711 330 ιθ

671 358 851 416 Altera
879 374 999 430 qum
1027 361 1341 419 detestanla
1385 363 1653 420 idolorum
1706 368 1881 425 cultus
1916 383 2002 423 sa-
2033 370 2078 429 A
2113 366 2221 424 bat.
2251 368 2439 426 Nullus
2484 380 2601 426 erat
2651 372 2805 429 fortis
2862 385 3058 441 metus,
3111 380 3200 450 qui
3252 384 3711 451 perturbationem

402 455 649 524 criticia,
698 471 790 523 per
839 455 1000 510 urbes
1028 455 1155 511 olim
1189 467 1243 512 et
1288 473 1383 527 per
1428 475 1587 529 agros
1640 463 1839 532 passim
1888 464 2002 520 ﬁeri

404 549 568 605 solita
589 593 603 613 ,
630 550 979 620 prohibebat;
1009 552 1079 606 ita
1107 560 1165 607 ut
1186 554 1364 608 nullus
1391 554 1646 627 deinceps
1678 573 1779 615 nec
1798 566 2007 615 statuas

408 642 632 698 deorum
659 645 898 715 erigere,
945 661 1045 702 nec
1091 647 1451 706 divinationes
1493 660 1548 707 et
1579 652 1884 723 hujnsmodi
1915 669 2006 709 va-

408 750 507 789 nas
542 744 688 791 artes
730 745 1000 793 attentare
1064 754 1164 794 nec
1212 738 1462 795 victimas
1507 744 1718 800 crdere
1759 746 2003 803 auderet.

408 828 591 885 Altera
641 830 728 887 lex
785 847 907 901 qum
953 832 1313 889 oratoriorum
1362 834 1619 891 fabricam
1675 837 1727 892 in
1776 838 2007 896 sublime

403 922 539 994 erigi
578 936 635 979 et
685 925 944 981 ecclesias
990 926 1087 982 Dei
1118 936 1229 982 tam
1261 928 1545 989 latitudine
1573 946 1733 1003 quam
1764 932 2006 1004 longitu-

403 1015 530 1071 dine
555 1017 847 1088 ampliores
893 1018 1033 1073 efﬁci
1062 1020 1441 1090 praecipiebat;
1470 1022 1696 1092 perinde
1724 1040 1787 1080 ac
1815 1029 1861 1080 si
1887 1026 2007 1081 uni-

402 1111 571 1176 versi,
600 1121 655 1165 ut
684 1112 754 1165 ita
780 1111 1030 1180 dixerim,
1056 1112 1303 1169 homines
1327 1115 1514 1170 insana
1544 1116 1832 1172 multorum
1870 1117 2005 1175 deo-

404 1221 524 1258 rmn
559 1206 903 1260 observantia
932 1222 963 1261 e
994 1208 1173 1262 medio
1221 1208 1463 1275 sublata,
1512 1209 1564 1264 in
1597 1218 1869 1280 posterum
1917 1226 2007 1267 ac-

400 1298 614 1353 eessuri
641 1312 821 1353 essent
853 1299 920 1353 ad
970 1299 1160 1353 Deum.
1194 1299 1321 1355 Ilaec
1351 1300 1733 1371 imperatorem
1764 1303 2001 1369 sentire;

402 1388 525 1445 hare
546 1390 610 1444 ad
640 1390 901 1462 cujusque
947 1392 1236 1461 provincia:
1268 1394 1527 1464 prmsides
1568 1395 1812 1451 scribere
1832 1439 1847 1463 ,
1875 1396 2004 1452 reli-

399 1488 551 1561 giosa
596 1488 758 1553 divini
809 1489 1054 1546 Numinis
1102 1492 1439 1559 observantia
1490 1494 1818 1564 impellebat.
1871 1494 2004 1550 Illud

398 1591 666 1653 preteren
696 1581 783 1639 lex
813 1583 1123 1641 continebat
1147 1627 1161 1651 ,
1196 1602 1263 1640 ne
1280 1585 1531 1659 pecuniis
1562 1585 1854 1657 largiendis
1883 1602 2007 1657 par-

397 1685 621 1739 cerent;
653 1674 748 1733 sed
772 1685 834 1730 ut
860 1692 925 1731 ex
946 1676 1322 1747 imperialibus
1353 1678 1614 1737 thesauris
1644 1688 1890 1742 sumptus
1934 1678 2001 1735 ad

2109 458 2322 514 alferret
2353 477 2367 516 :
2398 462 2595 532 quippe
2622 479 2742 518 cum
2774 465 2865 520 Dei
2914 468 3100 537 optimi
3154 472 3369 527 maximi
3429 475 3710 547 beneﬁcio,

2110 565 2320 607 alumna
2348 562 2402 608 et
2431 554 2844 622 profundissima
2871 573 2970 627 pax
2993 559 3285 617 Ecclcsiam
3311 565 3542 637 undique
3566 546 3715 625 cont-

2110 648 2362 701 muniret.
2413 647 2518 704 Sed
2545 650 2689 705 enim
2745 652 2944 707 invidia
2999 656 3198 711 nostris
3275 657 3429 715 bonis
3488 662 3709 720 insidias

2109 749 2324 797 struens
2353 742 2693 799 subsederat.
2723 746 2854 812 Qua:
2879 747 3104 817 primum
3140 751 3352 820 quidem
3384 754 3525 810 intro
3571 756 3707 813 irre-

2108 844 2266 900 pons,
2297 842 2481 902 postea
2515 832 2566 887 iu
2600 834 2779 891 medio
2829 837 3150 895 Sanctorum
3195 853 3338 899 cqu
3379 846 3708 919 tripudiavit.

2110 920 2349 979 Tandem
2378 940 2507 981 vero
2534 927 2819 999 episcopos
2847 930 2986 987 inter
3013 950 3072 987 se
3099 937 3396 1002 conmisit;
3427 944 3716 999 tumultum

2108 1023 2163 1070 et
2182 1015 2585 1074 altercationem
2625 1020 2764 1077 inter
2789 1037 2885 1077 eos
2924 1025 3191 1093 excitans,
3236 1029 3536 1087 divinorum
3582 1033 3716 1106 dog-

2109 1114 2309 1161 matum
2337 1108 2579 1163 obtentu.
2615 1110 2841 1179 Exinde,
2901 1124 3167 1187 tamquam
3207 1133 3272 1175 ex
3329 1120 3428 1175 levi
3483 1124 3715 1194 quadam

2108 1201 2359 1268 scintilla,
2390 1203 2767 1271 gravissimum
2821 1208 3024 1262 exarsit
3062 1210 3387 1266 incendium.
3417 1211 3568 1281 Quod
3597 1217 3715 1287 qui-
3812 1202 3817 1205 ’

2110 1290 2232 1351 dent
2253 1293 2324 1349 ab
2352 1294 2578 1350 ecclesia
2608 1296 2970 1354 Alexandrina
2996 1300 3138 1356 velut
3160 1318 3189 1356 a
3219 1304 3394 1374 capite
3429 1320 3707 1379 exorsum,

2111 1384 2411 1441 universam
2436 1386 2675 1455 posthaec
2702 1388 3013 1461 Egyptum,
3043 1403 3096 1448 et
3115 1394 3360 1466 Lybiam,
3394 1408 3445 1453 et
3486 1400 3711 1459 ulterio-

2108 1489 2223 1529 rem
2252 1474 2578 1533 Thebaidem
2610 1482 2929 1553 peragravit.
2958 1484 3063 1539 Sed
3092 1495 3146 1542 et
3185 1488 3420 1559 reliquas
3452 1492 3611 1548 urbes
3647 1510 3715 1552 ac

2108 1566 2411 1637 provincias
2456 1568 2735 1640 depastum
2779 1580 2884 1641 est,
2937 1574 3071 1629 adeo
3103 1586 3161 1632 ut
3188 1594 3294 1639 non
3351 1581 3525 1636 solum
3568 1584 3716 1655 ipsos

2109 1655 2470 1714 Ecelesiarum
2501 1661 2783 1719 Autistites
2832 1666 3010 1721 verbis
3054 1667 3194 1727 inter
3236 1686 3296 1726 se
3323 1671 3704 1747 digladiantes,

399 1766 599 1823 redium
614 1781 891 1827 sacrarum
917 1769 1311 1825 extructionem
1342 1770 1819 1841 depromerentur.
1855 1770 1995 1838 Quin
2032 1756 2075 1817 Β
2106 1764 2289 1805 verum
2321 1752 2482 1807 “iam
2512 1754 2727 1824 Plebem
2778 1758 2947 1828 Ipsm“
2984 1760 3262 1817 ἀίδοίδεωη
3309 1779 3537 1823 comere
3575 1768 3708 1827 Πυθ-

398 1861 569 1914 etiam
629 1860 693 1914 ad
740 1860 1003 1932 cujusque
1064 1861 1168 1916 loci
1217 1862 1570 1918 ecclesiarum
1617 1864 1885 1919 antistites
1935 1863 2009 1918 is-

402 1952 661 2009 tiusmodi
702 1954 891 2008 littera:
920 1953 1298 2009 scribebantur
1347 1972 1361 2009 :
1406 1954 1705 2025 cuiusmodi
1735 1957 1895 2011 etiam
1937 1955 2005 2011 ad

398 2060 490 2099 me
516 2045 761 2101 scribere
784 2045 1035 2116 dignatus
1063 2056 1165 2100 est.
1198 2046 1413 2117 Easque
1456 2048 1654 2118 primas
1681 2046 1746 2103 ad
1777 2064 1862 2102 me
1911 2062 2007 2103 no-

400 2136 646 2194 minatim
679 2138 889 2194 litteras
908 2137 1076 2193 dedit.

975 2250 1203 2314 CAPUT
1242 2251 1427 2308 XLVI.

398 2342 644 2414 Epistola
664 2345 989 2400 Constantini
1024 2346 1092 2400 ad
1116 2345 1393 2401 Eusebium
1413 2357 1460 2402 et
1481 2346 1707 2421 reliquos
1738 2349 2004 2418 episcopos

475 2439 540 2493 de
562 2436 806 2495 Ecclesiis
846 2438 1122 2511 prmidum
1161 2455 1316 2509 opera
1348 2438 1665 2509 a’diﬁcandis
1689 2456 1707 2494 :
1728 2450 1883 2512 utque
1918 2456 2002 2495 ve-

471 2541 624 2585 tusae
642 2531 960 2598 reﬁciantur,
986 2542 1035 2586 ct
1054 2531 1335 2604 ampliores
1355 2542 1683 2589 extruantur.

462 2647 627 2709 [Hanc
645 2646 901 2713 epistolam
924 2648 1107 2700 sidesis
1120 2646 1283 2711 infra.)

967 2754 1193 2815 CAPUT
1234 2755 1442 2812 XLVII.

620 2848 771 2915 Quod
795 2858 975 2904 contra
997 2848 1251 2903 idolorum
1284 2849 1478 2903 cultum
1501 2850 1782 2918 scripserit.

474 2942 771 3013 Imperator
796 2958 926 2999 vero
958 2957 1111 2999 suam
1154 2957 1278 3014 erga
1326 2942 1492 2998 Deum
1539 2942 1792 3012 pietatem
1838 2951 2001 3010 atque

390 3036 806 3091 observantiam
837 3035 1078 3105 quotidie
1096 3035 1371 3104 adaugeus
1397 3075 1412 3101 ,
1457 3034 1526 3090 ad
1568 3034 1852 3090 universos
1878 3049 2003 3103 pro-

395 3129 662 3184 vinciales
694 3129 997 3185 orationem
1023 3127 1166 3185 misit
1185 3127 1253 3182 de
1273 3141 1459 3183 errore
1480 3126 1655 3182 cultus
1678 3126 1996 3181 simulacro-
2024 3155 2070 3218 Β

395 3234 542 3287 rum,
574 3236 684 3289 quo
708 3221 1063 3290 imperatores
1082 3219 1297 3276 romani
1325 3228 1450 3273 ante
1477 3217 1644 3288 ipsius
1667 3228 1878 3273 :etatem
1917 3217 1996 3272 in-

395 3317 567 3375 voluti
595 3316 840 3375 fuissent.
881 3315 953 3373 Et
972 3316 1214 3373 subditas
1262 3330 1390 3371 suos
1429 3330 1552 3371 eum
1587 3313 1889 3369 admirabili
1919 3313 1999 3369 Ia-

392 3410 592 3465 cundia
632 3409 946 3467 exhortatus
983 3421 1089 3474 est,
1135 3419 1192 3463 ut
1231 3424 1502 3464 summum
1545 3408 1785 3463 omnium
1829 3409 1997 3463 Deum

390 3514 772 3574 agnoscerent,
818 3502 1039 3574 ejusque
1062 3501 1256 3559 Filium
1297 3501 1571 3558 Christum
1612 3502 1715 3557 sibi
1749 3510 1994 3557 serrato-

390 3609 511 3657 rem
533 3593 920 3650 adsciscerent.
944 3592 1115 3648 Porro
1136 3593 1229 3647 has
1252 3593 1412 3648 etiam
1436 3592 1810 3649 litterasmanu
1828 3592 1996 3664 ipsius

391 3686 651 3759 scriptas,
675 3702 740 3745 ex
778 3684 944 3751 latino
988 3699 1239 3741 sermone
1261 3685 1313 3741 in
1336 3699 1572 3756 graecum
1596 3683 1907 3749 transferre,
1941 3693 1996 3741 et

382 3778 654 3848 praeculti
687 3778 837 3849 operi
862 3778 1102 3833 intexere
1128 3777 1497 3833 necessu-ium
1539 3776 1690 3843 duxi,
1722 3785 1780 3831 ut
1818 3777 1994 3849 ipsum

393 3869 632 3943 quodam
654 3869 815 3926 modo
848 3870 1229 3941 imperatorem
1273 3868 1427 3925 nobis
1450 3866 1638 3925 audire
1672 3867 1949 3924 videamur
1977 3909 1992 3932 ,

392 3970 715 4016 cunctorum
757 3961 1060 4017 mortalium
1099 3960 1317 4016 auribus
1356 3959 1410 4014 in
1455 3960 1569 4016 haec
1612 3959 1774 4016 verba
1827 3959 1992 4015 incla-

394 4062 657 4109 mantem.
1471 4046 1485 4060 ’

932 4145 1159 4205 CAPUT
1200 4146 1431 4205 XLVIII.

392 4241 722 4305 Comitiui
744 4242 964 4297 edictum
990 4242 1061 4297 ad
1083 4240 1432 4299 Provinciales
1461 4242 1525 4297 de
1544 4242 1678 4312 [also
1699 4242 1842 4297 cultu
1871 4244 1996 4298 ntul-

550 4345 718 4399 torum
739 4335 971 4391 deorum.
1002 4333 1288 4391 Exordium
1310 4334 1374 4390 de
1400 4334 1578 4390 virtute
1600 4344 1647 4389 et
1677 4335 1816 4389 vitio.

456 4447 586 4502 (Hoc
608 4448 843 4512 edictum,
864 4448 992 4512 quod
1024 4449 1086 4499 ab
1107 4447 1201 4501 hoc
1239 4448 1401 4512 capite
1443 4462 1583 4503 smn
1614 4448 1674 4500 ad
1696 4461 1779 4499 ut
1819 4458 1997 4500 exten-

386 4512 542 4577 ditur,
578 4513 761 4567 vitiosis
781 4510 946 4575 intra.)

996 4616 1224 4674 CAPUT
1260 4617 1396 4674 LXI.

393 4710 667 4777 Quantado
699 4709 766 4766 alt
789 4709 912 4767 urbe
938 4709 1256 4766 Alexandria
1280 4712 1587 4783 quwstiones
1611 4720 1875 4769 commotw
1893 4712 1996 4766 sint

546 4813 551 4816 '
977 4812 1181 4873 propter
1217 4803 1414 4857 Arium.

459 4913 908 4985 ﬂos-imperator
924 4914 1068 4971 velut
1106 4914 1334 4986 quidam
1378 4914 1470 4972 Dei
1531 4931 1709 4987 praeco
1760 4919 1991 4976 maxima

378 5005 655 5076 φινεωίηιε
680 5021 832 5076 voce,
848 5009 1065 5065 cunctis
1090 5008 1506 5078 provincialibus
1528 5024 1623 5080 per
1644 5024 1769 5065 suas
1784 5011 1993 5069 litteras

376 5100 724 5169 inclamauit,
751 5101 880 5157 dum
929 5101 1173 5159 subditos
1211 5118 1243 5159 a
1284 5102 1589 5160 daemonum
1615 5120 1801 5161 errore
1832 5122 1994 5162 revo-

382 5207 543 5261 catas,
572 5195 715 5249 et'ad
740 5208 927 5251 aetatm
957 5194 1272 5251 Delenitum
1304 5198 1738 5268 amplectendum
1768 5200 1996 5257 incitare

390 5296 643 5342 conatur.
662 5289 815 5356 Quas
840 5289 914 5345 ob
944 5304 1040 5345 res
1063 5305 1185 5346 eum
1216 5291 1472 5362 singulari
1520 5295 1717 5363 gaudio
1747 5295 1990 5366 gestiret,

378 5381 843 5439 “musaeum
871 5383 1108 5454 perlatus
1127 5394 1213 5440 est
1238 5383 1308 5440 de
1334 5384 1567 5456 quodam
1591 5402 1698 5443 non
1734 5388 1993 5445 mediocri

388 5474 632 5528 samnito
676 5476 765 5545 qui
810 5476 1072 5532 ecclesias
1098 5487 1472 5547 occupaverat.
1505 5478 1623 5549 Quo
1663 5480 1846 5537 audito
1870 5498 1993 5553 per-

388 5567 599 5632 culsus,
632 5569 929 5625 remedium
972 5571 1279 5641 excogitare
1316 5571 1501 5641 coepit.
1532 5572 1700 5631 Porro
1735 5576 1993 5633 tumultus

384 5660 549 5732 origo
579 5663 697 5718 hac
722 5662 865 5721 fuit:
892 5662 1146 5720 Placebat
1174 5665 1399 5734 pOpulus
1428 5665 1541 5732 Dei,
1570 5677 1625 5723 et
1649 5683 1769 5724 cum
1800 5670 1994 5726 alacri-

392 5755 761 5825 tatequadan
789 5771 855 5813 ac
884 5755 1115 5829 tripudio
1161 5756 1403 5814 honestis
1454 5758 1664 5817 actibus
1718 5762 1994 5821 incumbe-

2111 1854 2224 1915 ret;
2248 1848 2371 1904 aliis
2400 1849 2613 1920 horum,
2643 1851 2763 1909 aliis
2793 1853 3007 1911 illorum
3038 1869 3218 1928 partes
3241 1862 3709 1933 amplectentibus.

2112 1938 2282 1996 Porro
2310 1957 2490 1998 rerum
2532 1961 2651 2015 qua:
2695 1948 3022 2019 gert-bantur
3047 1957 3411 2023 spectaculum
3447 1976 3514 2014 eo
3543 1978 3714 2034 usque

2113 2037 2375 2102 processit
2420 2036 2775 2111 indignitatis,
2818 2054 2876 2097 ut
2919 2044 2973 2098 in
3005 2047 3197 2105 mediis
3226 2049 3522 2108 inﬁdelium
3555 2053 3713 2111 thea-

2112 2126 2231 2194 tris,
2270 2127 2468 2185 divinre
2492 2132 2889 2201 praedicationis
2920 2140 3250 2197 venerabilis
3295 2143 3538 2201 doctrina
3596 2155 3712 2206 tur-

2111 2218 2333 2288 pissimo
2354 2223 2471 2279 risu
2495 2238 2560 2280 ac
2585 2223 2817 2283 ludibrio
2840 2228 3239 2288 traduceretur.

2687 2383 2919 2444 CAPUT
2958 2388 3119 2447 LXII.

2576 2496 2654 2553 De
2679 2500 2804 2557 Aria
2851 2513 2897 2559 et
2937 2504 3238 2565 Melitianis.

2179 2605 2250 2661 Et
2270 2606 2325 2663 hi
2352 2609 2572 2680 quidem
2605 2613 2657 2668 in
2690 2616 2804 2686 ipsa
2832 2618 2966 2675 urbe
2981 2619 3305 2679 Alexandria
3336 2626 3402 2683 de
3431 2629 3709 2690 sublimis-

2112 2697 2263 2754 simis
2310 2701 2468 2757 rebus
2507 2705 2851 2775 pertinaciter
2893 2711 3242 2772 dimicabant.
3291 2721 3394 2776 Alii
3437 2738 3566 2781 vero
3611 2744 3708 2799 per

2106 2796 2273 2845 totum
2296 2791 2583 2866 Avlgypmm
2611 2808 2668 2854 et
2691 2809 3025 2870 superiorem
3057 2806 3407 2880 Thebaidem,
3451 2814 3522 2870 ob
3573 2791 3708 2875 cou-

2103 2886 2419 2941 troversiam
2448 2890 2736 2958 quamdam
2776 2910 2895 2964 quze
2925 2898 3072 2966 prius
3101 2912 3366 2958 commota
3399 2904 3595 2975 fuerat,
3626 2911 3711 2966 in-

2105 2974 2261 3029 terim
2303 2975 2828 3049 dissidebaut,adeo
2867 2996 2922 3041 ut
2968 2989 3167 3059 ubique
3194 2992 3479 3065 discerptae
3523 2974 3712 3056 essent

2103 3062 2379 3162 Ecclesiae.
2411 3070 2544 3126 Cum
2601 3083 2782 3132 autem
2837 3077 3097 3139 Ecclesia:
3149 3101 3346 3159 corpus
3377 3062 3704 3162 -Ιιιῇιιεωοᾶί

2104 3157 2294 3213 morbo
2315 3159 2605 3229 laboraret,
2636 3168 2885 3225 universa
2915 3171 3081 3245 Libya
3110 3157 3272 3232 simul
3318 3157 3479 3238 etiam
3532 3199 3706 3255 regre—

2100 3253 2254 3320 tavit,
2285 3262 2340 3309 et
2368 3255 2589 3327 reliqua:
2623 3269 2926 3319 exterarum
2956 3269 3350 3336 provinciarum
3402 3253 3705 3346 partes—eo-

2097 3346 2220 3405 dem
2270 3351 2459 3407 morbo
2505 3370 2768 3426 correpta:
2814 3370 2962 3416 sunt.
3017 3363 3150 3420 Nam
3211 3370 3303 3439 qui
3359 3372 3704 3432 Alexandria:

2096 3452 2271 3509 erant,
2293 3443 2496 3514 legatos
2518 3446 2585 3501 ad
2610 3448 2940 3520 singularum
2973 3456 3382 3524 provinciarum
3410 3463 3697 3535 episc0pos

2098 3529 2422 3602 dirigebaut.
2448 3536 2537 3591 Isti
2568 3553 2697 3594 vero
2742 3541 2792 3594 in
2839 3542 3152 3601 alterutram
3201 3559 3407 3619 partem
3446 3529 3694 3625 discissi,

2096 3625 2351 3683 seditioni
2383 3645 2595 3701 quoque
2622 3632 3070 3706 adjungebantur.

2659 3788 2889 3847 CAPUT
2926 3791 3110 3851 LXIII.

2171 3893 2443 3963 Quomodo
2485 3897 2730 3970 Legatum
2782 3918 2901 3958 cum
2939 3904 3119 3963 litteris
3156 3910 3292 3967 misit
3333 3914 3404 3969 ad
3449 3933 3625 3988 pacem

2683 3998 3107 4067 componendam.

2171 4100 2264 4157 llis
2288 4101 2483 4159 auditis
2514 4103 2807 4176 imperator
2830 4111 3147 4179 gravissimo
3168 4112 3356 4171 dolore
3383 4121 3688 4189 perculsus,

2098 4208 2325 4265 eamque
2350 4210 2461 4252 rem
2502 4196 2674 4253 instar
2702 4199 3012 4259 domestica:
3041 4204 3361 4265 calamitatis
3387 4210 3693 4273 habendam

2098 4295 2267 4354 ratus,
2298 4289 2579 4345 confestim
2615 4306 2681 4347 ex
2731 4292 2824 4348 Dei
2848 4296 3147 4353 cultoribus
3175 4316 3311 4371 quos
3334 4304 3479 4360 circa
3505 4323 3566 4363 se
3590 4309 3691 4365 ha-

2098 4378 2280 4444 bebat,
2296 4381 2603 4451 quemdam,
2629 4398 2786 4454 quem
2808 4386 2880 4442 ob
2894 4389 3211 4447 modestiam
3229 4393 3355 4452 ﬁdei
3371 4409 3693 4471 spectatum,

2101 4477 2159 4525 et
2181 4470 2251 4526 ob
2282 4471 2558 4543 religionis
2586 4475 2984 4535 confessionem
3020 4486 3281 4554 superiori
3322 4498 3561 4561 tempore
3586 4470 3698 4564 pra:

2022 4550 2310 4618 Dcwteris
2358 4565 2691 4621 nobilitatum
2738 4583 2859 4625 esse
2912 4550 3264 4646 cognoverat,
3307 4550 3699 4644 Alcsandriam

2101 4657 2299 4730 dirigit,
2329 4668 2388 4715 ut
2414 4661 2556 4718 inter
2579 4678 2674 4719 eos
2710 4666 2800 4734 qui
2831 4666 2940 4723 illic
2978 4670 3309 4729 dissidebant
3336 4692 3523 4746 pacem
3554 4698 3697 4739 com-

2103 4761 2359 4822 poneret;
2386 4753 2670 4825 eidemque
2723 4755 2931 4814 litteras
2974 4759 3066 4815 dat
3093 4762 3159 4817 ad
3186 4770 3547 4827 contentionis
3570 4788 3698 4831 auc-

2104 4852 2247 4900 tores
2286 4845 2448 4901 utiles
2475 4846 2740 4917 imprimis
2765 4863 2830 4904 ac
2859 4854 3211 4910 necessarias.
3243 4857 3374 4927 Quae
3391 4876 3511 4919 cum
3540 4865 3697 4922 illus-

2102 4950 2183 4996 tre
2207 4943 2477 5011 Specimett
2517 4943 2806 5000 exhibeant
2847 4961 2993 5003 cura:
3035 4965 3099 5007 ae
3147 4954 3527 5015 sollicitudinis
3549 4959 3698 5020 illius

2101 5048 2259 5102 quam
2300 5047 2398 5103 pro
2428 5034 2684 5091 Ecclesiis
2730 5037 2822 5092 Dei
2853 5041 3096 5109 gerebat,
3127 5059 3234 5100 non
3264 5047 3556 5107 absurdum
3579 5052 3698 5111 iue-

2102 5125 2191 5193 rit,
2227 5125 2348 5181 huic
2379 5126 2463 5183 de~
2488 5127 2584 5185 illo
2625 5130 2879 5188 instituta:
2911 5136 3202 5193 narrationi
3254 5141 3399 5212 ipsas
3432 5143 3693 5206 inserere.

2100 5216 2242 5274 Sunt
2262 5226 2438 5276 autem
2469 5221 2751 5294 ejusmodi.

2681 5360 2908 5421 CAPUT
2945 5365 3132 5423 LXIV.

2103 5494 2424 5553 Constantini
2478 5496 2718 5587 Emstpla
2766 5502 2835 5556 ad
2882 5503 3233 5587 Alexandrum
3277 5511 3576 5585 episcopum
3595 5557 3611 5587 ,
3651 5529 3700 5577 et

2612 5570 2791 5628 Arium
2826 5576 3189 5648 presbyterum.

2167 5706 2694 5787 tgncuep‘istclpjnquae
2734 5710 2797 5760 ab
2832 5711 2925 5763 hoc
2953 5723 3057 5776 cap.
3082 5724 3190 5764 muv
3234 5718 3296 5768 ad
3338 5702 3486 5773 Lxxm
3524 5722 3707 5787 produ-

2105 5768 2235 5823 citur
2258 5783 2274 5832 ;
2296 5768 2673 5836 videsisiul‘rit.)
