4142 6178
378 296 451 361 ιε)

378 408 640 480 inSpirata
682 408 916 465 ﬂammis
964 408 1169 467 aboleri
1206 407 1514 480 jusserunt;
1572 405 1659 459 hic
1697 414 1974 459 sacrorum
2003 400 2056 459 A

378 501 712 557 voluminum
745 502 1076 572 exemplaria
1128 499 1431 570 sumptibus
1464 495 1759 568 imperialis
1799 492 1976 548 :rrarii

379 595 691 667 propagari,
721 605 777 650 et
807 593 1093 668 magniﬁco
1113 600 1373 664 apparatu
1404 588 1652 646 decorari
1681 584 1972 642 mandavit.

379 689 646 745 Jubebant
675 688 750 743 illi
786 703 855 744 ne
875 687 1115 758 episcopi
1144 683 1382 759 synodos
1407 694 1740 753 congregare
1766 677 1975 746 uspiam

377 782 677 847 auderent;
706 779 796 835 hic
826 781 1111 850 episcopos
1136 793 1201 833 ex
1226 776 1478 831 onmibus
1503 770 1794 844 provinciis
1819 768 1886 824 ad
1917 782 1977 823 se

377 874 702 941 accersivit,
753 888 853 929 nec
882 871 1043 928 modo
1070 871 1207 925 intra
1237 868 1495 940 palatium
1543 875 1595 920 et
1632 865 1685 919 in
1728 862 1975 917 intimum

378 982 547 1040 usque
578 967 887 1023 cubiculum
909 965 1149 1030 admisit,
1183 963 1277 1019 sed
1306 963 1468 1018 etiam
1504 973 1707 1015 mensae
1746 956 1978 1025 tectique

373 1063 675 1136 participes
695 1077 818 1118 esse
846 1061 1034 1116 voluit.
1067 1058 1149 1115 Illi
1178 1058 1455 1114 daemones
1482 1051 1720 1109 donariis
1746 1051 1979 1106 honora-

372 1157 540 1223 bant;
608 1156 695 1211 hic
762 1170 951 1211 eorum
1019 1152 1238 1210 fraudes
1303 1150 1561 1224 aperuit,
1602 1158 1657 1204 et
1694 1145 1977 1202 materiam

370 1250 553 1322 ipsam
586 1248 927 1305 denariorum
956 1247 1121 1303 nullis
1165 1245 1353 1301 usibus
1380 1243 1637 1306 dicatam,
1671 1242 1735 1295 iis
1763 1238 1858 1310 qui
1899 1238 1976 1292 uti

372 1350 626 1413 poterant
651 1348 917 1413 perpetuo
944 1348 1028 1395 est
1052 1337 1357 1408 dilargitus.
1398 1335 1474 1390 llli
1514 1334 1740 1389 deorum
1780 1330 1979 1401 templa

372 1433 661 1504 magniﬁce
684 1431 867 1487 ornari
888 1430 1185 1502 jubebant;
1221 1429 1308 1483 hic
1350 1443 1413 1484 ea
1444 1442 1563 1498 quae
1584 1424 1978 1498 superstitiosis

373 1524 689 1581 hominibus
744 1524 1020 1595 prmcipuo
1090 1521 1298 1577 honore
1368 1518 1687 1576 colebantur
1735 1515 1980 1573 funditus

372 1616 661 1673 subvertit.
685 1613 766 1670 Illi
796 1613 893 1671 Dei
919 1627 1110 1670 servos
1140 1610 1516 1684 ignominiosis
1548 1609 1721 1680 poenis
1771 1606 1978 1664 afﬁcie-

371 1710 539 1774 bant;
572 1709 660 1765 hic
700 1723 796 1765 eos
821 1708 1040 1779 quidem
1072 1707 1161 1778 qui
1212 1706 1314 1761 ista
1357 1703 1691 1759 admiserant
1720 1716 1980 1773 persecu-

374 1808 489 1859 tus
518 1802 701 1859 debito
726 1801 906 1857 aﬁ'ecit
952 1800 1249 1873 supplicio;
1295 1807 1605 1854 sanctorum
1645 1803 1826 1850 autem
1882 1793 1975 1850 Dei
2007 1788 2056 1848 B

369 1905 676 1968 martyrum
723 1895 1013 1950 memorias
1062 1893 1242 1949 colere
1290 1904 1563 1961 nunquam
1613 1887 1839 1943 destitit.
1894 1885 1978 1941 Illi

368 1990 559 2046 divino
599 1990 761 2044 cultui
796 1989 1005 2044 dicatos
1046 1987 1296 2042 homines
1323 2001 1355 2041 e
1401 1983 1602 2055 palatio
1648 1981 1973 2052 ejiciebant;

372 2082 465 2138 hic
515 2081 785 2151 ejusmodi
844 2079 1156 2136 hominibus
1224 2077 1497 2150 prmeipue
1562 2074 1798 2131 conlisus
1849 2082 1974 2140 est,

371 2178 573 2248 quippe
593 2190 731 2245 quos
751 2191 863 2246 prae
892 2174 1105 2230 caeteris
1130 2173 1382 2228 omnibus
1413 2169 1706 2227 benevolos
1740 2168 1980 2239 lidosque

371 2270 481 2326 sibi
500 2285 623 2326 esse
649 2268 991 2340 intelligeret.
1008 2268 1109 2331 Illi,
1135 2266 1376 2339 pecunia:
1399 2263 1655 2335 cogendae
1676 2277 1837 2333 supra
1864 2275 1981 2316 mo-

370 2361 504 2416 dum
532 2360 675 2416 avidi
696 2402 711 2427 ,
740 2359 1018 2415 Tantalico
1044 2358 1254 2413 cuidam
1301 2355 1514 2412 atl‘ectui
1555 2356 1792 2410 animum
1824 2368 1978 2409 suum

371 2455 556 2512 manci
564 2463 823 2524 paverent
837 2470 852 2520 ;
869 2454 955 2508 hic
971 2452 1138 2524 regali
1154 2450 1545 2522 magniﬁcentia
1561 2448 1843 2504 thesauros
1860 2462 1979 2501 om-

370 2565 473 2606 nes
486 2548 790 2614 recludens,
812 2548 1015 2604 liberali
1035 2556 1360 2618 ctgenerosa
1392 2544 1676 2616 largitione
1688 2556 1781 2598 eos
1794 2539 1982 2596 distri-

370 2641 511 2697 buit.
543 2640 787 2711 Denique
815 2640 889 2695 illi
929 2639 1148 2711 quidem
1183 2635 1603 2693 innumerabiles
1644 2633 1821 2690 credes
1848 2646 1978 2702 pcr-

372 2732 690 2805 petrabant,
735 2742 791 2787 ut
836 2729 1249 2787 interfectorum
1287 2729 1424 2783 bona
1453 2727 1751 2793 diriperent
1793 2738 1855 2780 ac
1885 2738 1983 2794 pu—

371 2826 682 2890 ldicarent;
736 2823 989 2896 quamdiu
1042 2837 1173 2878 vero
1218 2819 1504 2891 imperavit
1551 2817 1979 2884 Constantinus,

373 2919 592 2974 cunctis
622 2916 897 2987 judicibus
949 2916 1160 2988 gladius
1209 2915 1418 2970 otiosus
1455 2927 1669 2981 semper
1697 2921 1861 2982 atque
1901 2909 1984 2964 in—

374 3020 642 3068 cruentus
686 3010 981 3083 pependit:
1016 3025 1137 3065 eum
1170 3010 1224 3065 in
1267 3007 1521 3064 omnibus
1551 3003 1841 3077 provinciis
1890 3018 1985 3073 po—

377 3104 494 3176 puli
542 3104 707 3160 simul
755 3118 820 3159 ac
860 3102 1181 3158 decuriones
1231 3102 1401 3171 patria
1443 3099 1673 3170 quadam
1722 3103 1984 3168 potestate

379 3196 562 3267 potius
583 3210 746 3267 quam
770 3195 825 3250 vi
848 3210 912 3250 ac
941 3169 1261 3251 necessitate
1282 3169 1618 3263 regerentur.
1644 3190 1773 3259 Quae
1794 3189 1840 3243 si
1863 3189 1982 3259 quis
2008 3169 2055 3234 C

380 3290 643 3345 attentius
687 3287 1135 3351 consideraverit,
1169 3286 1363 3341 merito
1392 3272 1634 3339 dicturus
1672 3292 1755 3337 est
1785 3295 1982 3335 novum

379 3382 660 3454 quoddam
701 3381 958 3436 saeculum
1000 3378 1217 3435 tandem
1261 3377 1574 3448 apparuisse
1612 3374 1711 3430 sibi
1767 3372 1981 3438 videri;

378 3473 602 3530 insolito
628 3472 836 3527 lumine
866 3479 988 3540 post
1010 3470 1293 3525 diuturnas
1325 3467 1577 3524 tenebras
1629 3464 1865 3520 humano
1890 3477 1986 3534 ge-

378 3568 499 3625 neri
532 3575 765 3636 repente
792 3562 1421 3635 ati‘ulgente.'I‘otumqne
1448 3560 1550 3614 hoc
1581 3559 1672 3614 Dei
1702 3572 1837 3628 opus
1865 3570 1988 3612 esse

383 3659 666 3724 fatebitur,
697 3659 791 3728 qui
816 3656 1076 3712 adversus
1098 3654 1245 3709 illam
1265 3654 1549 3724 impiorum
1568 3649 1986 3715 multitudinem,

380 3753 532 3810 hunc
569 3751 885 3824 religiosum
926 3750 1306 3822 imperatorem
1349 3747 1496 3802 velut
1535 3743 1787 3800 tumulum
1814 3756 1986 3814 oppo-

380 3845 576 3902 suerit.

1046 3996 1273 4056 CAPUT
1312 3995 1375 4052 ll.

461 4159 662 4217 Rursus
692 4161 757 4216 de
791 4158 978 4231 pietate
1013 4154 1334 4213 Constantini
1362 4153 1561 4225 signant
1583 4149 1750 4205 crucis
1779 4147 1930 4204 libere

1048 4248 1354 4322 proﬁtentis.

466 4416 605 4473 Nam
660 4429 784 4471 cum
834 4413 909 4469 illi
928 4411 1150 4484 quidem
1203 4408 1340 4466 tales
1382 4403 1762 4467 exstitissent,
1819 4398 2004 4470 quales

390 4510 531 4566 nulli
558 4524 795 4579 unquam
824 4505 925 4561 visi
953 4507 1198 4567 inerant,
1229 4516 1399 4572 eaque
1427 4497 1689 4554 adversus
1708 4492 2002 4549 Ecclesiam

387 4602 683 4658 admittere
699 4601 816 4655 ausi
846 4597 1100 4664 fuissent,
1123 4611 1244 4667 quae
1269 4608 1429 4649 nemo
1454 4604 1689 4663 unquam
1709 4588 1776 4642 ab
1807 4585 1993 4641 ultima

394 4709 569 4766 usque
598 4693 879 4749 hominum
913 4689 1175 4746 memoria
1222 4687 1360 4743 taeta
1403 4698 1526 4740 esse
1555 4681 1835 4746 audierat,
1884 4691 1999 4734 me-

394 4789 503 4845 rito
532 4789 673 4843 Deus
706 4786 1016 4841 inusitatum
1045 4782 1312 4855 quoddam
1339 4777 1659 4834 miraculum
1679 4817 1695 4843 ,
1729 4772 1999 4829 Constan-

397 4882 573 4936 tinum
601 4878 828 4945 scilicet,
872 4877 925 4933 in
971 4877 1205 4933 medium
1237 4872 1562 4945 producens,
1607 4884 1668 4925 ea
1708 4882 1802 4939 per
1846 4866 1998 4922 illum

402 4971 579 5043 gessit
607 4986 726 5040 qum
753 4984 853 5025 nec
877 4968 1060 5023 auditu
1076 4981 1308 5037 unquam
1323 4971 1562 5033 accepta,
1580 4974 1681 5015 nec
1696 4958 1865 5015 oculis
1883 4957 2000 5011 visa

398 5067 638 5120 fuerant.
665 5063 817 5133 Quod
847 5063 991 5118 enim
1023 5059 1341 5116 miraculum
1374 5058 1543 5127 magis
1571 5068 1769 5110 novum
1791 5060 1846 5108 et
1873 5052 1997 5106 inu-

402 5159 623 5212 sitatum
661 5156 758 5212 fuit
782 5198 797 5224 ,
825 5170 986 5227 quam
1018 5151 1357 5224 imperatoris
1383 5148 1553 5205 nostri
1598 5147 1798 5211 virtus,
1836 5157 1999 5215 quem

406 5251 503 5309 Dei
545 5251 805 5321 sapientia
850 5248 1086 5304 humano
1129 5244 1314 5318 generi
1360 5239 1598 5297 donavit.
1656 5238 1866 5309 Quippe
1912 5235 2004 5291 ille

403 5360 528 5401 cum
557 5346 702 5400 omni
732 5343 927 5399 ﬁducia
958 5357 1022 5397 ac
1047 5341 1296 5396 libertate
1325 5335 1600 5392 Christum
1644 5333 1746 5389 Dei
1792 5331 2005 5388 cunctis

403 5448 671 5515 perpetuo
717 5435 1056 5508 praedicavit,
1090 5447 1192 5489 nec
1228 5430 1447 5487 salutari
1495 5426 1759 5483 vocabulo
1793 5425 2005 5481 censeri

404 5537 645 5594 erubuit.
674 5522 870 5590 Verum
915 5531 987 5586 ob
1033 5543 1151 5585 eam
1200 5541 1316 5581 rem
1356 5538 1481 5580 sese
1524 5533 1853 5592 magnopere
1876 5517 2006 5573 elle-

410 5645 574 5695 rens,
602 5625 855 5683 omnibus
889 5638 948 5680 se
994 5618 1327 5678 noscendum
1377 5614 1661 5673 exhibuit:
1692 5613 1819 5669 dum
1866 5626 2010 5668 nunc

414 5720 636 5793 quidem
670 5716 894 5775 salutari
922 5716 1076 5787 signo
1096 5714 1305 5771 vultum
1333 5709 1644 5781 consignat,
1668 5721 1810 5764 nunc
1827 5706 2015 5764 trium.

418 5812 570 5885 phali
598 5810 862 5883 gloriatur
891 5816 1113 5879 tropaeo.

1430 292 1522 350 DE
1561 290 1722 349 V'ITA
1759 279 2216 344 CONSTANTINI
2256 280 2457 339 LIBER
2500 281 2588 340 III.
3607 285 3677 349 50

2719 399 2951 458 CAPUT
2971 401 3059 458 III.

2081 511 2161 568 De
2199 515 2420 587 imagine
2446 514 2787 583 Constantini,
2829 520 2913 573 cui
2943 535 3070 574 crua:
3110 519 3315 591 quidem
3359 519 3715 593 superposita

2517 620 2650 678 erat,
2681 612 2819 683 infra
2849 621 3018 666 autem
3048 611 3227 668 draco.

2153 722 2461 790 Quinetiam
2485 725 2537 780 in
2570 726 2785 781 sublimi
2809 728 3037 798 quadam
3072 729 3249 784 tabula
3287 738 3409 786 ante
3438 728 3679 786 vestibu-

2081 815 2193 870 lum
2256 817 2439 887 palatii
2489 818 2694 889 posita,
2739 821 2948 876 eunetis
2991 821 3346 891 spectandum
3395 824 3679 894 proposuit

2028 916 2049 941 ‘
2080 906 2318 965 salutare
2368 910 2587 980 quidem
2639 912 2849 980 signum
2887 913 3047 983 capiti
3094 929 3194 967 suo
3224 915 3622 985 superpositum
3657 929 3673 969 :

2082 1000 2218 1057 infra
2248 1017 2380 1058 vero
2409 1004 2619 1058 hostem
2643 1003 2792 1057 illum
2820 1014 2875 1059 et
2897 1004 3170 1059 inimicum
3198 1006 3409 1076 generis
3431 1006 3674 1074 humani,

2081 1098 2174 1165 qui
2205 1095 2488 1165 impiorum
2514 1106 2863 1167 tyrannorum
2895 1112 3058 1167 opera
3094 1097 3389 1153 Ecclesiam
3442 1099 3534 1154 Dei
3577 1113 3677 1169 op-

2080 1198 2431 1256 pugnaverat,
2460 1188 2563 1243 sub
2589 1188 2838 1244 draconis
2870 1189 3041 1244 forma
3061 1191 3113 1243 in
3133 1204 3376 1260 prmceps
3405 1201 3675 1246 ruentem.

2082 1276 2293 1348 Quippe
2321 1278 2500 1334 divina
2544 1279 2758 1334 oracula
2805 1280 2857 1333 in
2902 1279 3288 1349 prophetarum
3345 1279 3515 1349 libris,
3548 1281 3675 1336 dra-

2081 1386 2272 1427 conem
2324 1371 2475 1427 illum
2518 1381 2575 1428 et
2629 1372 2907 1428 sinuosqu
2963 1383 3270 1443 serpentem
3315 1373 3675 1444 appellarunt.

2079 1462 2288 1519 Idcirco
2319 1465 2614 1534 imperator
2642 1465 2930 1521 draconem
2968 1465 3089 1521 telis
3117 1480 3214 1535 per
3258 1466 3494 1521 medium
3546 1481 3679 1521 ren-

2083 1566 2218 1611 trem
2250 1556 2542 1622 conﬁxum,
2573 1565 2629 1612 ct
2666 1558 2717 1612 in
2764 1556 3057 1627 profundos
3094 1557 3262 1612 maris
3285 1559 3524 1628 gurgites
3554 1571 3681 1626 pro-

2075 1647 2320 1718 jectum,
2384 1649 2485 1704 sub
2512 1650 2625 1704 suis
2687 1664 3014 1720 suorumque
3089 1648 3380 1704 liberorum
3450 1647 3678 1718 pedibus

2083 1752 2207 1795 cera
2253 1740 2375 1811 igne
2412 1740 2646 1795 resoluta
2675 1738 2885 1810 depingi
2915 1739 3253 1811 proponique
3283 1738 3535 1794 omnibus
3575 1752 3677 1793 vo-

2082 1831 2218 1898 luit;
2249 1833 2351 1888 lioc
2400 1832 2650 1889 videlicet
2699 1832 2859 1888 modo
2907 1833 3202 1904 designans
3252 1832 3526 1888 occultum
3577 1831 3677 1885 ltu-

2084 1933 2227 1988 mani
2276 1932 2491 2005 generis
2542 1934 2787 1999 hostem,
2827 1948 2986 2005 quem
3030 1931 3286 1987 salutaris
3317 1931 3462 1987 illius
3492 1928 3680 2001 ιτορωί

2084 2026 2227 2095 quod
2256 2027 2414 2097 capiti
2457 2028 2625 2096 ipsius
2655 2026 3054 2096 superpositum
3086 2033 3225 2091 erat,
3257 2025 3308 2079 vi
3347 2040 3411 2080 ac
3441 2024 3681 2095 potentia

2084 2118 2137 2173 in
2170 2119 2317 2174 exitii
2345 2119 2660 2175 barathrum
2706 2118 2987 2174 detrusum
3031 2134 3152 2174 esse
3181 2116 3538 2188 signiﬁcabat.
3584 2114 3681 2170 At-

2083 2226 2189 2281 que
2242 2211 2344 2266 hoc
2372 2210 2588 2281 quidem
2621 2212 2795 2282 imago
2823 2211 2986 2266 variis
3032 2210 3304 2266 coloribus
3347 2207 3556 2278 depicta
3600 2217 3682 2263 ta-

2084 2305 2189 2359 cite
2220 2302 2510 2358 iudicabat.
2546 2303 2672 2358 Mihi
2700 2319 2829 2359 vero
2860 2302 3112 2358 eximiam
3142 2300 3486 2371 imperatoris
3521 2300 3682 2355 intel-

2085 2398 2357 2470 ligentiam
2406 2398 2590 2453 mirari
2636 2397 2799 2463 subit,
2854 2397 2945 2468 qui
2979 2395 3168 2451 divino
3214 2394 3444 2464 quodam
3499 2392 3682 2447 afﬂatu

2086 2492 2368 2563 impulsus,
2402 2506 2464 2547 ea
2496 2490 2766 2561 pingendo
2814 2489 3100 2558 expressit,
3133 2503 3253 2559 qua:
3295 2486 3679 2557 prOphetarum

2088 2584 2313 2641 vocibus
2339 2584 2407 2639 de
2437 2582 2610 2639 bestia
2639 2583 2728 2637 illa
2768 2581 2936 2636 multo
2965 2591 3091 2637 ante
3120 2578 3376 2650 praedicta
3417 2580 3629 2633 fuerant
3660 2593 3676 2632 :

2089 2679 2257 2735 Deum
2317 2678 2525 2734 scilicet
2577 2677 2897 2732 machwram
2953 2676 3225 2747 ingentem
3289 2684 3343 2728 et
3388 2672 3679 2729 terribilem

2086 2772 2406 2828 adacturum
2448 2786 2571 2828 esse
2602 2772 2654 2826 in
2687 2771 2977 2827 draconem
3026 2779 3439 2841 serpentemque
3476 2765 3685 2838 fugien-

2090 2876 2220 2931 tem,
2249 2873 2305 2921 et
2345 2864 2653 2920 occisurum
2698 2878 2820 2919 esse
2847 2862 3134 2918 draconem
3179 2860 3273 2932 qui
3319 2870 3399 2914 est
3428 2859 3481 2912 in
3522 2857 3677 2913 mari.

2089 2959 2291 3014 Horum
2342 2957 2505 3029 igitur
2557 2957 2780 3028 tlguram
2849 2956 3121 3026 expressit
3172 2954 3466 3025 imperator
3498 2994 3513 3018 ,
3569 2966 3683 3007 rem

2089 3051 2259 3122 ipsam
2290 3049 2495 3120 pietura
2525 3061 2746 3120 prorsus
2774 3048 3033 3103 imitatus.

2702 3185 2931 3242 CAPUT
2971 3184 3061 3241 IV.

2094 3301 2295 3357 Rursus
2336 3299 2399 3353 de
2438 3299 2799 3354 controversiis
2827 3298 2881 3352 in
2910 3294 3146 3369 ngypto
3185 3292 3417 3349 excitatis
3446 3290 3510 3344 ab
3536 3289 3681 3344 Aria.

2164 3414 2231 3469 Et
2271 3412 2387 3468 haec
2414 3411 2633 3483 quidem
2673 3411 2763 3466 ille
2792 3410 2977 3464 libenti
3008 3408 3189 3462 animo
3221 3404 3547 3475 perﬁciebat.
3582 3401 3689 3456 Vc-

2091 3524 2209 3564 rum
2234 3507 2371 3563 livor
2391 3504 2605 3561 invidiae
2626 3504 2716 3576 qui
2738 3503 2994 3559 ecclesias
3015 3499 3109 3555 Dei
3134 3498 3186 3552 in
3210 3496 3342 3551 urbe
3361 3492 3687 3550 Alexandria

2095 3600 2379 3657 etiamtum
2419 3597 2791 3663 couturbabat,
2820 3605 2873 3650 et
2901 3592 3255 3649 Thebazorum
3287 3600 3448 3658 atque
3478 3586 3685 3659 Egyp-

2095 3694 2290 3750 tiorum
2340 3691 2600 3763 pestilens
2633 3689 2885 3753 schisma,
2935 3701 3041 3740 non
3078 3682 3425 3739 mediocriter
3449 3680 3688 3734 animum

2096 3789 2266 3859 ipsius
2316 3785 2604 3857 angebant.
2656 3782 2867 3852 Quippe
2916 3794 3037 3835 cum
3091 3793 3186 3848 per
3242 3775 3480 3847 singulas
3526 3773 3689 3829 urbes

2097 3882 2335 3953 episcopi
2377 3880 2635 3934 adversus
2676 3876 2956 3946 episcOpos
3000 3873 3471 3935 conﬂictarentur,
3513 3878 3566 3923 et
3596 3882 3691 3937 po-

2100 3973 2210 4045 puli
2255 3971 2515 4026 adversus
2569 3966 2799 4039 populos
2837 3966 3216 4034 insurgerent,
3276 3975 3340 4015 ac
3392 3957 3594 4015 mutuis
3633 3970 3692 4012 se

2100 4068 2415 4125 vulneribus
2454 4066 2625 4121 instar
2664 4061 3080 4136 Symplegadum
3110 4057 3280 4113 collisi
3322 4055 3690 4112 conciderent.

2103 4160 2255 4217 Adeo
2285 4171 2342 4215 ut
2371 4158 2555 4215 lurore
2596 4155 2811 4211 tandem
2856 4166 2920 4207 ac
2958 4150 3331 4221 desperatione
3360 4147 3462 4202 acti
3484 4188 3498 4210 ,
3530 4145 3692 4214 impia

2103 4254 2348 4326 quaedam
2390 4251 2711 4315 admittere,
2752 4248 3004 4318 ipsasque
3047 4239 3387 4313 imperatoris
3435 4238 3696 4309 imagines

2106 4346 2313 4401 violare
2351 4344 2466 4400 ausi
2507 4342 2634 4397 sint.
2679 4339 2880 4396 Verum
2922 4338 3039 4393 haec
3081 4350 3187 4391 non
3238 4343 3345 4389 tam
3376 4332 3442 4388 ad
3480 4331 3698 4387 iracun-

2107 4438 2248 4495 diam
2296 4435 2596 4509 principem
2642 4432 2910 4498 excitare,
2953 4443 3112 4499 quam
3157 4424 3413 4482 maestitia
3460 4424 3698 4478 animum

2027 4560 2084 4620 Β
2108 4531 2227 4601 ejus
2255 4529 2474 4586 afﬁcere
2515 4536 2842 4599 potuerunt;
2870 4525 3070 4597 quippe
3094 4520 3188 4593 qui
3230 4518 3558 4592 perditorum
3598 4517 3699 4574 ho-

2110 4624 2315 4681 minum
2345 4622 2635 4680 amentiam
2676 4633 3002 4690 magnOpere
3025 4615 3352 4687 deploraret.

2743 4729 2970 4787 CAPUT
3012 4728 3074 4784 V.

2386 4850 2466 4906 De
2504 4847 2815 4904 dissensione
2855 4846 2918 4899 ob
2956 4842 3144 4914 festum
3183 4840 3421 4896 Paschte.
3473 4839 3487 4885 ?

2181 4965 2332 5022 Alius
2357 4976 2571 5035 quoque
2598 4959 2683 5016 his
2711 4957 2983 5030 antiquior
3020 4954 3239 5012 suberat
3283 4953 3503 5010 morbus
3550 4952 3711 5025 longe

2062 5069 2067 5073 '
2109 5056 2498 5131 gravissimus,
2550 5054 2640 5125 qui
2698 5050 2957 5108 ecclesias
3001 5045 3323 5119 jampridem
3383 5045 3710 5112 infestabat;

2110 5148 2379 5207 dissensio
2407 5146 2615 5203 scilicet
2655 5143 2727 5201 de
2754 5141 2976 5199 salutari
3019 5139 3178 5196 festo.
3209 5137 3417 5209 Quippe
3455 5136 3546 5192 alii
3575 5151 3713 5192 cou-

2110 5240 2454 5300 suetudinem
2495 5237 2805 5295 Iudaeorum
2852 5233 3003 5304 sequi
3050 5240 3304 5302 Oportere
3346 5229 3709 5285 asserebant:

2109 5333 2199 5390 alii
2245 5342 2460 5403 tempus
2496 5331 2671 5399 ipsum
2720 5330 2968 5383 accurate
3008 5319 3403 5379 observandum
3452 5333 3574 5375 esse
3600 5319 3712 5376 aie-

2112 5427 2242 5484 bant
2265 5467 2289 5494 γ
2328 5439 2431 5481 nec
2453 5418 2762 5480 errantibus
2807 5413 3243 5481 assentiendum,
3301 5411 3393 5483 qui
3429 5410 3499 5465 ab
3528 5410 3711 5468 Evan-

2112 5519 2284 5593 gelica
2325 5515 2495 5588 gratia
2537 5514 2638 5569 hac
2676 5509 2921 5566 etiamin
2967 5516 3117 5579 parte
3155 5503 3316 5560 alieni
3355 5511 3561 5559 essent.
3603 5504 3712 5560 Ita-

2113 5625 2220 5684 que
2249 5623 2371 5665 cum
2406 5619 2593 5662 omnes
2633 5602 2831 5673 ubique
2871 5598 3054 5670 p0puli
3091 5593 3407 5666 jamdudum
3468 5595 3612 5650 inter
3652 5608 3716 5663 se

2119 5701 2474 5767 dissiderent,
2517 5707 2573 5755 et
2608 5696 2748 5754 sacri
2775 5692 3046 5766 religionis
3083 5701 3285 5746 noetrae
3323 5689 3460 5745 ritus
3497 5696 3719 5744 contus.

2125 5795 2384 5852 barentur
2423 5790 2645 5863 (quippe
2692 5788 2744 5845 in
2784 5800 2893 5841 uno
2939 5783 3236 5851 eodemque
3283 5780 3421 5840 festo
3461 5778 3719 5847 temporis
