4142 6178
447 362 510 417 51
1775 345 2043 404 EUSEBII
2074 338 2396 402 PAMPHILI
3671 338 3741 393 EE!

447 473 737 529 diversitas
777 472 1074 526 maximum
1101 467 1383 524 discidium
1423 467 1561 521 inter
1602 463 1857 520 feriautes
1897 462 2046 517 exci—
2073 459 2272 524 Adoni
2304 459 2465 530 regiae
2497 458 2645 513 urbis
2692 457 2919 513 antistes
2959 455 3029 512 ob
3076 455 3301 511 senilem
3355 462 3609 509 nitatem:
3657 455 3751 509 sed

446 570 635 632 tabat,
691 580 814 622 cum
867 564 922 619 bi
972 563 1194 634 jejuniis
1241 572 1295 618 et
1347 558 1602 616 aerumnis
1651 557 1859 627 seipsos
1905 564 2045 609 atte-

448 668 671 725 rerent,
723 658 800 713 illi
868 657 979 712 otio
1031 670 1094 710 ac
1140 655 1339 709 iretitiat:
1389 649 1792 721 indulgerent),
1848 657 2047 702 morta-

446 756 577 811 lium
607 753 819 825 quidem
863 766 1021 807 nemo
1063 758 1211 816 erat,
1252 749 1340 819 qui
1390 747 1517 802 huic
1562 744 1706 800 malo
1752 742 2047 799 remedium

450 856 632 917 posset
696 844 992 909 adhibere;
1054 857 1176 897 cum
1234 841 1487 911 utrinque
1542 838 1682 894 inter
1731 834 2052 891 dissentien-

450 948 534 992 tes
588 936 732 992 velut
774 945 981 1006 aequata
1027 934 1180 988 lance
1211 930 1580 988 controversia
1628 929 1906 1000 penderet.
1938 924 2050 982 Soli

453 1029 813 1098 omnipotenti
883 1028 995 1081 Deo
1054 1025 1311 1094 perfacile
1357 1034 1475 1081 erat
1540 1024 1659 1078 istis
1718 1021 1873 1076 malis
1939 1035 2051 1076 me-

455 1123 592 1177 deri.
627 1121 773 1177 Unus
810 1135 971 1190 porro
1014 1120 1064 1173 in
1095 1116 1254 1173 terris
1294 1118 1509 1172 extabat
1532 1114 1924 1182 Contantinus,
1961 1112 2053 1184 qui

456 1215 524 1270 ad
566 1215 685 1269 lucc
718 1214 859 1269 bona
900 1210 1227 1284 perﬁcienda
1269 1210 1495 1265 idoneus
1528 1208 1625 1264 Dei
1658 1208 1908 1263 minister
1932 1221 2055 1263 esse

457 1306 750 1361 videretur.
781 1304 881 1373 Qui
928 1314 1276 1374 posteaquam
1309 1301 1426 1356 haec
1452 1316 1570 1371 qua:
1610 1301 1772 1356 modo
1809 1301 1918 1356 dixi
1958 1316 2055 1356 au-

456 1400 664 1455 ditione
688 1397 911 1467 accepit,
943 1406 997 1451 et
1036 1396 1227 1450 litteris
1253 1408 1385 1465 quas
1423 1394 1489 1448 ad
1522 1392 1918 1448 Alexandrinos
1950 1392 2052 1447 Ini-

459 1502 607 1548 serat
648 1492 784 1547 nihil
824 1507 883 1547 se
922 1488 1217 1559 profecisse
1252 1489 1521 1560 cognovit,
1575 1490 1772 1543 mentis
1816 1502 1930 1544 sua;
1967 1502 2055 1543 so-

458 1587 669 1641 lertiam
715 1585 832 1655 ipse
871 1583 1132 1649 excitans,
1186 1597 1383 1637 nutum
1423 1582 1525 1636 sibi
1569 1581 1767 1637 bellum
1795 1581 2055 1637 adversus

459 1681 781 1737 invisibilem
836 1678 1075 1734 hostem.
1110 1677 1370 1733 Ecclesia:
1407 1684 1605 1733 statum
1654 1675 2055 1746 perturbantem

458 1771 851 1827 conficiendum
883 1784 1005 1825 esse
1033 1768 1187 1824 dixit.

1078 1881 1307 1939 CAPUT
1351 1880 1437 1937 Vl.

694 1976 963 2043 Quomodo
999 1974 1255 2047 synodum
1294 1974 1491 2030 Nic-tea:
1530 1966 1642 2045 fieri
1678 1976 1848 2039 iussit.

534 2091 654 2146 Mox
685 2092 832 2146 velut
860 2089 1094 2144 divinam
1135 2088 1421 2160 quamdam
1452 2089 1770 2160 phalangem
1799 2089 2058 2147 adversus

464 2199 586 2238 cum
622 2183 915 2247 instruens,
942 2183 1250 2252 generalem
1277 2180 1541 2253 synodum
1572 2180 1924 2244 convocavit;
1957 2181 2058 2237 ho-

466 2277 703 2331 norilicis
724 2275 919 2330 litteris
946 2274 1229 2344 episcopos
1257 2273 1496 2343 undique
1527 2275 1782 2339 invitans,
1813 2285 1871 2328 ut
1890 2290 2061 2345 quan-

466 2370 639 2423 tocius
688 2368 958 2423 adessent.
1006 2366 1118 2423 Nec
1172 2381 1304 2422 vero
1357 2367 1586 2436 simplex
1633 2382 1698 2423 ac
1753 2368 1891 2422 nuda
1943 2377 2062 2424 erat

461 2461 670 2531 jussio:
705 2460 799 2515 sed
844 2468 1103 2530 praeterea
1148 2460 1372 2515 multum
1411 2459 1477 2514 ad
1522 2462 1623 2515 hoc
1660 2475 1796 2528 Opus
1834 2459 2064 2516 contulit

467 2553 809 2619 imperatoris
851 2551 1170 2621 benignitas.
1201 2553 1301 2619 Qui
1335 2551 1456 2606 aliis
1492 2551 1705 2615 quidem
1745 2566 1934 2607 cursus
1962 2567 2061 2622 pu—

469 2645 592 2699 blici
633 2645 841 2713 copiam
885 2643 1153 2719 praebuit:
1197 2643 1318 2697 aliis
1355 2658 1488 2699 vero
1512 2643 1880 2714 jutnentorum
1903 2659 2062 2698 usuin

468 2736 683 2793 abunde
714 2734 1160 2789 subministravit.
1190 2734 1496 2803 Quinetiam
1522 2735 1680 2789 sedes
1706 2734 1830 2789 huic
1857 2735 2063 2806 synodo

470 2827 978 2885 convenientissima
1021 2827 1287 2896 assignato
1319 2838 1422 2892 est,
1468 2828 1741 2899 nrbsqua:
1782 2843 1812 2882 a
1843 2829 2066 2885 victoria

473 2937 669 2977 nomen
712 2921 873 2975 habet
901 2920 1078 2976 Nicwa
1098 2961 1115 2989 ,
1150 2922 1200 2975 in
1226 2920 1473 2992 Bithynia
1515 2922 1636 2975 sita.
1665 2921 1879 2977 Perlato
1907 2923 2066 2991 igitur

472 3015 526 3068 in
573 3028 765 3067 omnes
814 3012 1116 3082 provincias
1151 3013 1489 3081 imperatoris
1544 3022 1832 3085 praecepto,
1884 3017 2064 3072 statim

468 3108 648 3162 cuncti
678 3107 822 3161 velut
858 3122 922 3160 ex
967 3115 1256 3159 transenna
1299 3106 1519 3172 emissi,
1558 3122 1766 3161 summa
1805 3123 1925 3162 cum
1954 3109 2066 3164 ala-

469 3203 661 3257 critate
687 3201 1032 3256 advolarunt.
1064 3198 1349 3253 Allicicbat
1386 3200 1593 3255 scilicet
1616 3215 1711 3255 eos
1739 3215 1864 3272 Spes
1905 3202 2065 3256 bono-

468 3310 627 3360 rum,
676 3302 732 3349 et
774 3293 1059 3362 praesentis
1088 3292 1232 3364 pacis
1274 3293 1688 3362 Opportunitas;
1750 3294 1874 3350 ηυνξ
1910 3294 2062 3351 deni-

466 3401 571 3456 que
614 3384 897 3449 miraculi,
940 3384 1074 3439 tanti
1109 3382 1358 3439 nimirum
1404 3385 1747 3453 imperatoris
1784 3396 2065 3456 spectacu-

464 3481 601 3533 lum.
632 3477 987 3548 Posteaquam
1022 3477 1070 3529 in
1101 3491 1266 3531 unum
1298 3490 1622 3544 convenere,
1662 3478 1754 3533 Dei
1777 3492 1912 3551 Opus
1940 3494 2065 3535 esse

464 3570 518 3627 id
549 3569 689 3640 quod
716 3570 1001 3639 gerebatur
1036 3568 1306 3637 apparuit.
1336 3568 1467 3623 Nam
1495 3570 1584 3640 qui
1615 3586 1719 3624 non
1748 3573 1908 3626 modo
1948 3574 2065 3628 ani—

465 3664 590 3728 mis,
623 3676 805 3716 verum
828 3662 988 3714 etiam
1020 3660 1340 3731 corporibus
1369 3671 1423 3715 et
1453 3662 1765 3731 regionibus
1825 3678 1889 3720 ac
1929 3665 2063 3722 locis

464 3765 521 3811 et
562 3752 850 3824 provinciis
882 3752 1194 3821 longissime
1237 3752 1379 3809 inter
1416 3769 1477 3809 se
1507 3754 1682 3811 dissiti
1711 3766 1901 3824 erant,
1935 3767 2066 3815 tunc

464 3849 520 3903 in
549 3861 714 3901 unum
744 3843 1051 3914 congregati
1088 3845 1477 3912 cernebantur;
1517 3859 1573 3904 et
1602 3848 1751 3905 velut
1772 3851 2060 3908 maximam

464 3934 750 4008 quamdam
774 3933 1114 3989 sacerdotum
1154 3948 1411 3990 coronam
1442 3952 1509 3990 ex
1557 3939 1933 4009 pulcherrimis
1963 3943 2062 4000 ilo-

464 4029 615 4086 ribus
643 4036 984 4095 contextam,
1013 4042 1121 4082 una
1148 4035 1375 4084 cunctos
1396 4028 1585 4086 civitas
1612 4033 1880 4103 capiebat.

600 4210 616 4230 λ
1067 4141 1295 4203 carus
1335 4141 1449 4199 vn.

465 4240 546 4296 De
574 4238 850 4297 universali
891 4238 1159 4306 Concilio,
1200 4236 1270 4292 ad
1306 4237 1444 4309 quod
1481 4253 1546 4293 ea:
1574 4239 1809 4299 omnibus
1848 4243 2061 4315 propin.

867 4335 960 4390 siis
998 4346 1338 4392 convenerunt
1378 4334 1648 4409 Episcopi.

534 4447 746 4503 Etenim
769 4460 835 4501 ex
856 4445 1105 4501 omnibus
1128 4446 1388 4503 Ecclesiis
1416 4463 1537 4520 quae
1565 4451 1868 4508 universam
1893 4452 2060 4508 Euro-

460 4552 627 4611 pam,
674 4536 910 4593 Africam
961 4545 1125 4608 atque
1180 4535 1365 4594 Asiam
1419 4540 1816 4612 impleverant,
1871 4545 1905 4600 ii
1964 4546 2058 4617 qui

2153 562 2351 623 praesto
2397 561 2552 607 erant
2594 550 2891 624 presbyteri
2949 550 3037 622 qui
3092 549 3236 605 vices
3266 548 3381 619 ejus
3439 548 3745 619 implerent.

2152 643 2469 716 Hojusmodi
2527 659 2781 700 coronam
2856 642 3005 714 pacis
3068 641 3285 696 vinculo
3339 649 3648 697 consertam
3697 652 3752 701 et

2151 756 2450 799 connexam
2474 783 2489 808 ,
2517 740 2664 795 solus
2710 740 2778 794 ab
2816 737 2961 793 omni
3003 752 3121 792 aevo
3167 737 3460 807 imperator
3484 735 3752 792 Constan-

2153 833 2296 889 tinus
2337 833 2485 889 velut
2521 831 2761 887 divinum
2803 831 2937 902 grati
2988 828 3150 885 animi
3202 838 3604 884 monumentum
3652 845 3752 900 pro

2152 928 2394 984 victoriis
2413 943 2545 999 quas
2566 926 2632 981 de
2651 925 2895 982 hosnbus
2912 934 2966 981 et
2982 923 3211 979 inimicis
3242 922 3517 990 retulerat,
3531 921 3752 981 Christo

2153 1020 2426 1077 Servatori
2453 1036 2552 1075 suo
2579 1020 2887 1077 dedicavit:
2919 1018 3021 1073 hoc
3059 1016 3393 1088 amplissimo
3419 1025 3591 1085 creto,
3627 1027 3750 1072 tan.

2154 1128 2312 1183 quam
2338 1112 2568 1182 imagine
2590 1110 2821 1182 quadam
2874 1109 3153 1182 apostolici
3177 1109 3347 1175 ebori,
3387 1109 3586 1164 nostris
3617 1117 3753 1165 tent-

2155 1206 2374 1278 poribus
2395 1204 2711 1262 convocato.

2758 1296 2987 1356 CAPUT
3033 1298 3165 1355 Vill.

2161 1392 2313 1459 Quod
2350 1392 2480 1449 sicut
2530 1392 2583 1447 in
2632 1392 2771 1447 Actis
2814 1391 3183 1463 Apostolorum
3229 1390 3441 1461 dicitur,
3490 1407 3552 1446 ra:
3598 1392 3754 1448 variis

2640 1484 2872 1557 gentibus
2913 1490 3272 1538 convenerunt.

2230 1579 2506 1653 Siquidem
2553 1587 2609 1634 et
2656 1578 3036 1650 Apostolorum
3091 1576 3422 1650 temporibus
3468 1578 3567 1635 viri
3626 1579 3754 1636 reli-

2158 1672 2293 1744 giosi
2319 1688 2385 1728 ex
2411 1671 2557 1727 omni
2602 1671 2820 1727 natione
2858 1686 2978 1742 qua:
3025 1672 3125 1726 sub
3164 1670 3302 1726 cmlo
3346 1681 3465 1737 est,
3510 1671 3563 1726 in
3590 1688 3757 1730 unum

2159 1765 2476 1822 convenisse
2500 1764 2771 1821 dicuntur.
2818 1763 2966 1831 Inter
2992 1780 3128 1837 quos
3173 1773 3328 1820 erant
3353 1762 3562 1833 Parthi,
3593 1766 3756 1831 Medi,

2086 1868 2133 1929 Β
2163 1858 2406 1915 Elamitte
2461 1866 2516 1914 ct
2545 1858 2637 1929 qui
2668 1857 2912 1912 habitant
2936 1856 3407 1928 MeSOpotamiam,
3437 1856 3674 1913 .ludteam
3705 1869 3761 1916 et

2162 1949 2578 2023 Cappadociam,
2608 1951 2862 2018 Pontum,
2893 1949 3074 2006 Asiam
3111 1960 3164 2006 et
3205 1950 3492 2023 Phrygiam
3521 1967 3584 2007 ac
3604 1953 3763 2009 Pant-

2162 2042 2398 2115 phyliam
2421 2084 2437 2111 ,
2478 2042 2770 2114 Egyptum
2817 2052 2870 2097 et
2912 2052 3092 2114 partes
3119 2042 3300 2115 Libya:
3331 2058 3452 2115 quze
3487 2052 3569 2100 est
3608 2044 3764 2116 juxta

2162 2133 2464 2207 Cyrenem;
2501 2135 2722 2190 advenae
2748 2149 2963 2207 quoque
2992 2176 3008 2201 ,
3039 2134 3265 2190 Romani
3293 2176 3309 2200 ,
3337 2134 3510 2192 Judaei
3551 2146 3603 2193 et
3635 2139 3765 2194 Pro-

2162 2228 2320 2299 selyti
2343 2270 2359 2297 ,
2399 2226 2690 2286 Cretenses
2728 2238 2784 2284 et
2811 2228 3039 2286 Arabes.
3069 2228 3269 2285 Verum
3314 2229 3455 2300 apud
3490 2230 3620 2287 istos
3649 2233 3766 2304 qui-

2163 2322 2285 2378 dem
2333 2322 2438 2379 hoc
2487 2324 2665 2378 minus
2713 2322 2845 2389 fuit,
2893 2322 3037 2393 quod
3083 2338 3190 2378 non
3236 2338 3424 2381 omnes
3468 2334 3625 2380 erant
3671 2326 3766 2383 Dei

2165 2415 2395 2472 ministri
2441 2417 2529 2489 qui
2576 2425 2963 2472 convenerant.
2999 2417 3051 2471 ln
3095 2417 3343 2486 prtesenti
3377 2424 3554 2473 autem
3597 2418 3766 2475 choro

2167 2507 2406 2578 episcopi
2435 2507 2650 2578 quidem
2681 2521 2840 2578 supra
2875 2506 3136 2564 ducentos
3165 2515 3220 2563 et
3262 2507 3641 2581 quinquaginta
3671 2510 3767 2567 ad-

2166 2602 2403 2656 fuerunt.
2449 2600 2895 2674 Presbyterorum
2928 2617 3056 2658 vero
3087 2601 3178 2674 qui
3203 2617 3298 2658 eos
3324 2602 3562 2658 comitati
3617 2616 3762 2668 sunt,

2165 2693 2513 2749 diaconorum
2540 2736 2556 2761 ,
2603 2692 2979 2750 acoluthornm
3019 2693 3359 2766 aliorumque
3407 2693 3766 2766 complurium

2171 2801 2427 2843 numerus
2454 2787 2577 2841 iniri
2601 2786 2688 2841 vix
2712 2794 2909 2858 potest.

2791 2898 3017 2956 CAPUT
3058 2898 3149 2956 IX.

2166 2989 2248 3046 De
2260 2992 2440 3045 uirtute
2451 3000 2497 3046 et
2512 3000 2660 3047 (etate
2672 2991 3000 3049 (tricentorum
3014 2992 3380 3064 quinquaginta
3394 2994 3762 3065 episcoporum.

2238 3083 2406 3141 Porro
2444 3099 2509 3139 ex
2542 3083 2626 3138 his
2664 3084 2756 3139 Dei
2804 3086 3099 3147 ministris,
3141 3086 3231 3147 alii
3271 3100 3521 3144 sermone
3547 3089 3762 3157 sapien—

2171 3174 2283 3241 tiae,
2316 3175 2405 3231 alii
2439 3176 2703 3246 gravitate
2731 3176 2853 3232 vitae
2893 3188 2947 3232 et
2975 3176 3215 3235 laborum
3249 3177 3529 3233 tolerantia
3554 3180 3762 3236 emine-

2089 3251 2135 3313 (Ζ
2169 3264 2295 3320 bant
2321 3283 2335 3321 :
2368 3267 2454 3321 alii
2484 3267 2749 3324 modestia
2778 3278 2832 3324 et
2855 3268 3106 3325 comitate
3136 3283 3345 3323 morum
3384 3279 3545 3326 erant
3566 3273 3759 3325 ornati.

2166 3359 2246 3412 Ac
2292 3357 2536 3417 nonnulli
2584 3360 2804 3429 quidem
2856 3375 3044 3417 eorntn
3088 3360 3158 3416 ob
3206 3371 3511 3430 provectam
3554 3372 3763 3419 anan-tn

2166 3454 2403 3511 maximo
2447 3455 2500 3509 in
2551 3454 2758 3513 honore
2808 3465 3003 3512 erant:
3055 3456 3295 3513 nonnulli
3336 3468 3390 3514 et
3428 3459 3669 3527 corporis
3710 3470 3764 3515 et

2164 3548 2331 3604 animi
2355 3548 2574 3619 juvenili
2626 3551 2806 3619 vigore
2852 3549 3151 3607 enitebant.
3198 3549 3428 3618 Quidam
3464 3567 3636 3620 nuper
3670 3557 3763 3605 ad-

2166 3638 2384 3694 modum
2414 3638 2695 3696 ministerii
2726 3641 2806 3694 sui
2834 3639 3063 3696 stadium
3080 3652 3237 3697 erant
3277 3642 3524 3714 ingressi.
3557 3643 3761 3711 Quibus

2164 3732 2414 3789 omnibus
2441 3731 2679 3801 quotidie
2704 3746 2950 3787 annonas
2974 3733 3197 3803 copiose
3220 3735 3450 3804 preberi
3471 3734 3762 3807 imperator

2164 3824 2533 3880 mandaverat.

2775 3895 3004 3953 CAPUT
3046 3895 3115 3952 Χ.

2164 3986 2408 4057 Synodus
2438 3988 2613 4044 habita
2640 3989 2695 4044 in
2725 3989 2942 4062 palatio,
2971 4005 3070 4060 quo
3096 3991 3364 4062 ingressus
3395 3994 3760 4053 Constantinus

2625 4082 2758 4137 'cum
2787 4083 3038 4152 episcopis
3067 4084 3272 4139 resedit.

2232 4168 2501 4227 Craterum
2549 4171 2638 4228 die
2683 4172 2918 4227 concilio
2947 4174 3261 4239 constituta,
3293 4191 3395 4246 qua
3436 4186 3757 4237 controver-

2164 4262 2274 4318 sias
2315 4262 2493 4319 dirimi
2538 4272 2852 4335 oporteret,
2901 4278 3022 4320 eum
3086 4266 3280 4337 singuli
3342 4278 3537 4338 pra-sto
3574 4283 3760 4329 essent

2162 4370 2234 4411 ex
2276 4356 2469 4427 quibus
2509 4357 2761 4429 Synodus
2807 4359 3124 4428 constabat,
3172 4362 3222 4415 in
3269 4361 3380 4433 ipsa
3420 4365 3596 4422 media
3642 4368 3759 4425 atde

2160 4448 2381 4521 palatii,
2428 4466 2549 4522 quae
2589 4451 2829 4522 reliquas
2871 4468 3061 4509 omnes
3103 4454 3453 4525 amplitudine
3499 4475 3758 4532 superare

2161 4542 2463 4610 videbatur,
2490 4543 2734 4615 plurimis
2763 4545 3024 4603 sedilibus
3048 4547 3114 4602 ad
3145 4558 3429 4622 utrumque
3456 4552 3587 4608 Indis
3619 4553 3756 4613 latus

459 4633 602 4687 inter
632 4632 723 4687 Dei
754 4630 1026 4686 ministros
1067 4631 1364 4702 ptincipem
1396 4633 1575 4688 locum
1614 4636 1960 4705 obtinebant,
1986 4639 2060 4693 sl-
2083 4634 2139 4696 D
2162 4640 2353 4697 ordine
2381 4639 2658 4712 dispositis
2678 4683 2693 4708 ,
2722 4657 2910 4698 omnes
2936 4643 3027 4714 qui
3059 4645 3307 4707 accersiti
3349 4647 3560 4703 fuerant
3585 4648 3756 4704 intro-

455 4726 569 4781 mul
598 4740 939 4790 convenere;
972 4738 1184 4795 unaque
1222 4723 1366 4781 aedes
1404 4740 1580 4795 sacra,
1608 4728 1753 4783 velut
1799 4730 1893 4786 Dei
1922 4742 2053 4788 nutu

455 4823 695 4888 dilatata,
741 4818 908 4891 Syros
931 4819 1092 4875 simul
1120 4828 1174 4875 et
1197 4817 1415 4887 Cilicas,
1444 4821 1733 4881 Pliteuices
1771 4833 1827 4881 et
1846 4825 2054 4883 Arabes

454 4923 511 4971 et
538 4912 875 4977 Palaestinos,
907 4909 1190 4981 Egyptios
1236 4925 1516 4983 praeterea,
1551 4914 1818 4973 Thebteos
1865 4927 1921 4974 et
1958 4919 2053 4974 Li-

452 5003 611 5077 byas,
639 5000 880 5072 aliosque
920 5016 988 5056 ex
1025 4998 1414 5071 Mesopotamia
1438 5003 1806 5075 advenientes,
1849 5009 2052 5067 ambitu

452 5112 554 5152 suo
579 5093 862 5165 complexa
900 5102 1000 5150 est.
1044 5092 1275 5161 Quidam
1303 5096 1464 5155 etiam
1496 5113 1561 5153 ex
1589 5097 1812 5158 Perside
1842 5102 2054 5175 episco—

456 5205 558 5259 pus
589 5185 797 5261 synodo
841 5184 1117 5241 interfuit:
1155 5200 1256 5241 nec
1294 5184 1382 5242 vel
1421 5186 1617 5260 Scytha
1646 5190 1813 5247 abfuit
1840 5192 1907 5248 ab
1948 5194 2052 5252 hoc

452 5279 641 5334 choro.
670 5276 876 5333 Pontus
906 5276 1058 5346 item,
1095 5275 1304 5333 Galatia
1328 5320 1343 5345 ,
1376 5276 1693 5352 Pamphylia
1746 5290 1801 5337 et
1839 5284 2050 5357 Cappa-

453 5368 631 5438 docia,
663 5366 791 5426 Asia
818 5382 1031 5439 quoque
1076 5375 1133 5424 et
1156 5368 1386 5440 Phrygla
1414 5368 1761 5427 lectissimum
1783 5389 2051 5448 quemque

453 5476 521 5516 ex
558 5461 671 5516 suis
716 5460 1017 5533 praabucre.
1061 5459 1295 5517 Taraces
1324 5461 1652 5533 quinetiam,
1707 5462 2043 5538 Macedones,

452 5548 641 5607 Achivi
670 5560 725 5606 et
753 5551 1013 5624 Epirotze,
1037 5562 1091 5608 et
1121 5553 1211 5625 qui
1238 5552 1552 5626 longissimo
1591 5556 1877 5615 intervallo
1906 5561 2046 5618 ultra

450 5641 551 5698 hos
577 5641 736 5713 positi
767 5648 923 5710 sunt,
965 5642 1315 5701 nihilominus
1360 5644 1599 5705 adfuere.
1650 5648 1735 5706 Ab
1772 5650 1885 5721 ipsa
1913 5667 2050 5724 quo-

448 5748 554 5805 que
582 5730 840 5804 Hispania
866 5736 947 5790 vir
984 5734 1075 5793 ille
1114 5736 1285 5794 multo
1325 5740 1565 5795 omnium
1612 5754 1865 5800 sermone
1904 5745 2044 5802 cele-

446 5826 657 5895 bratus,
690 5840 794 5883 una
830 5843 951 5885 cum
993 5831 1213 5902 reliquis
1237 5830 1359 5888 aliis
1394 5834 1660 5892 consedit.
1691 5835 1895 5893 Aberat
1929 5838 2047 5911 qui-

2160 4732 2365 4808 gressi,
2398 4748 2497 4791 suo
2531 4734 2759 4805 quisque
2800 4734 2920 4790 loco
2956 4738 3271 4795 consedere.
3317 4740 3602 4811 Postquam
3637 4743 3755 4799 uni-

2159 4841 2317 4883 versa
2352 4821 2589 4901 synodus
2619 4842 2738 4881 cum
2778 4825 2989 4882 decenti
3019 4830 3282 4886 modestia
3309 4831 3530 4898 resedit,
3564 4851 3752 4892 omnes

2160 4918 2392 4992 primum
2423 4918 2733 4974 conticuere
2753 4962 2766 4983 ,
2795 4919 3136 4990 imperatoris
3185 4939 3495 4994 processum
3526 4942 3751 5001 exspec-

2159 5018 2352 5066 tantes.
2385 5007 2504 5064 Mox
2547 5024 2684 5064 unus
2732 5026 2800 5065 ex
2850 5011 3104 5081 proximis
3145 5014 3515 5085 imperatoris,
3550 5018 3743 5078 deinde

2154 5100 2291 5157 alter
2314 5115 2379 5157 ac
2409 5101 2598 5158 tertius
2629 5102 2945 5174 ingreditur.
2978 5101 3361 5161 Praecedebant
3387 5123 3600 5180 quoque
3627 5112 3741 5180 alii,

2154 5209 2262 5256 non
2308 5201 2366 5249 ut
2394 5196 2563 5249 moris
2606 5202 2690 5250 est
2735 5209 2801 5251 ex
2851 5195 3079 5252 militum
3124 5213 3188 5254 ac
3233 5209 3596 5270 pretectorum
3646 5221 3748 5261 nu-

2155 5304 2329 5356 mero,
2372 5287 2470 5344 sed
2499 5302 2566 5344 ex
2607 5289 2795 5345 amicis
2840 5287 2878 5343 ii
2906 5290 3007 5345 soli
3034 5291 3128 5363 qui
3167 5291 3329 5348 iidem
3360 5291 3562 5350 Christi
3590 5297 3751 5366 proﬁ-

2154 5380 2423 5437 tebantur.
2450 5378 2691 5451 Cumque
2716 5380 2869 5455 signo
2894 5380 3021 5437 dato
3047 5398 3155 5454 quo
3195 5385 3535 5455 imperatoris
3563 5388 3751 5443 introi-

2148 5482 2235 5531 tus
2263 5471 2629 5539 nuntiabatur,
2662 5486 2852 5529 omnes
2880 5473 3310 5530 assurrexissent
3330 5516 3345 5543 ,
3388 5476 3602 5534 tandem
3631 5479 3749 5551 ipse

2148 5563 2359 5620 medius
2384 5562 2640 5619 incedens
2669 5563 2923 5633 advenit,
2968 5563 3117 5620 velut
3141 5565 3358 5638 quidam
3385 5568 3621 5625 caelestis
3653 5571 3747 5628 Dei

2147 5655 2391 5726 angelus,
2414 5669 2701 5726 purpureae
2742 5656 2959 5727 quidem
2984 5654 3150 5712 vestls
3179 5656 3384 5731 fulgore
3413 5660 3599 5716 oculos
3628 5676 3745 5717 om-

2147 5749 2296 5807 nium
2340 5752 2763 5822 praestinguens,
2805 5758 2861 5807 et
2896 5748 3164 5807 ﬂammeis
3220 5751 3541 5825 quibusdam
3582 5755 3745 5812 radiis

2157 5839 2451 5909 collucens,
2494 5840 2561 5896 ad
2586 5839 2701 5898 haec
2729 5841 2845 5897 auri
2882 5850 2937 5897 et
2976 5841 3281 5915 lapillorum
3317 5842 3516 5903 eximio
3562 5846 3741 5917 splen-
