4142 6178
357 278 422 338 55
1373 273 1458 329 DE
1498 272 1660 329 VITA
1688 270 2149 329 CONS'I‘AN'I‘INI
2185 270 2392 328 LIBER
2429 272 2518 330 III.
3588 280 3655 332 τι

352 390 480 446 dore
510 396 827 444 exornatus.
872 386 942 441 Et
972 385 1281 457 hujusmodi
1308 385 1526 455 quidem
1563 386 1807 456 corporis
1835 385 1951 441 culo
1980 383 2034 447 Α
2059 399 2161 455 pus
2191 385 2244 440 in
2273 385 2524 440 salutaris
2561 386 2683 441 festi
2721 386 3084 442 celebratione
3108 388 3177 443 ab
3205 388 3456 445 omnibus
3482 389 3659 445 ﬁrma-

350 492 437 537 tus
461 489 602 537 erat.
631 478 783 548 Quod
822 493 959 534 vero
986 479 1053 533 ad
1083 477 1318 533 animum
1347 484 1558 549 spectat
1579 519 1594 538 ,
1624 478 1758 531 satis
1786 491 1955 547 appa«

352 576 509 632 rehat
547 589 669 630 eum
701 572 894 627 timore
922 570 1019 626 Dei
1061 585 1126 626 ac
1167 570 1425 640 religione
1454 569 1770 626 decoratum
1812 584 1953 626 esse.

365 667 541 738 Atque
580 665 632 721 id
666 662 1143 720 indicabantoculi
1187 661 1440 727 demissi,
1471 661 1638 716 rubor
1683 661 1735 715 in
1783 660 1955 728 vultu,

352 770 405 817 et
447 767 627 815 motus
675 756 925 825 corporis
972 762 1136 824 atque
1183 753 1448 810 incessus.
1490 752 1598 809 Sed
1650 762 1706 808 et
1753 753 1956 823 reliqua

351 853 597 925 corporis
638 852 883 923 species,
913 849 1210 921 proceritas
1240 847 1447 904 scilicet
1478 861 1580 918 qua
1611 856 1839 902 cunctos
1867 847 1958 917 qui

348 945 489 1001 circa
514 945 698 1015 ipsum
745 949 900 998 erant
940 942 1097 1012 longe
1139 940 1455 1011 superabat.
1500 938 1609 995 Nec
1639 947 1841 994 statura
1869 953 1957 994 so-

344 1036 479 1102 lum,
514 1034 612 1090 sed
635 1035 798 1090 etiam
829 1032 1015 1087 formas
1044 1031 1274 1096 decore,
1303 1039 1360 1086 et
1389 1031 1551 1086 totius
1589 1031 1833 1101 corporis
1862 1046 1956 1086 ve-

344 1140 509 1186 nusta
573 1129 805 1200 quadam
855 1129 1180 1197 majestate.
1228 1125 1427 1180 invicto
1469 1124 1705 1195 denique
1762 1125 1955 1179 virium

346 1224 552 1279 robore
589 1229 818 1277 caeteros
857 1218 1117 1275 anteibat.
1144 1217 1276 1286 Qua:
1305 1217 1521 1287 quidem
1565 1218 1743 1273 omnia
1786 1217 1957 1273 admi-

353 1315 514 1371 rabili
562 1313 825 1369 modestia
876 1321 933 1368 et
974 1312 1320 1381 imperatoria
1364 1310 1589 1367 lenitate
1638 1321 1953 1382 temperata,

348 1407 606 1463 eximiam
639 1415 696 1461 et
722 1404 871 1461 omni
910 1404 1067 1460 laude
1109 1403 1367 1473 majorem
1414 1403 1610 1458 mentis
1645 1404 1788 1459 illius
1817 1421 1955 1473 pra:-

348 1498 604 1555 stantiam
646 1497 1016 1553 declarabant.
1059 1495 1349 1565 Pestquam
1380 1497 1672 1565 imperator
1696 1495 1762 1549 ad
1796 1504 1958 1565 caput

350 1590 737 1645 subselliorum
769 1588 935 1654 venit,
966 1587 1196 1656 primum
1225 1584 1433 1640 medius
1461 1586 1631 1641 stetit.
1669 1585 1957 1654 Positoque

347 1688 483 1735 ante
506 1695 632 1736 eum
666 1679 855 1734 humili
892 1678 1025 1734 sella
1055 1694 1117 1733 ex
1151 1692 1285 1732 auro
1312 1676 1601 1732 fabrefacta
1626 1718 1641 1744 ,
1670 1692 1775 1731 non
1809 1678 1957 1746 prius

348 1772 558 1827 assedit
617 1787 780 1844 quam
827 1770 1086 1842 EpiscOpi
1126 1768 1176 1825 ei
1196 1769 1517 1825 iuuuisseut.
1575 1767 1719 1825 [dein
1769 1785 1958 1825 omnes
1988 1782 2035 1842 Β

347 1875 475 1936 post
518 1866 903 1936 imperatorem
946 1862 1144 1920 fecere.

969 1976 1199 2034 CAPUT
1251 1977 1344 2032 XI.

355 2097 636 2153 Silentium
663 2096 902 2166 Concitii,
928 2106 1198 2166 postquam
1229 2094 1483 2151 Eusebius
1502 2095 1771 2165 episcopus
1794 2109 1959 2164 pauca

916 2189 1152 2260 quedam
1181 2188 1407 2243 dixisset.

423 2300 565 2355 Tum
604 2313 674 2356 ex
704 2299 975 2370 episcopis
1023 2299 1068 2352 is
1098 2299 1186 2369 qui
1217 2299 1272 2352 in
1301 2297 1487 2353 dextra
1531 2306 1681 2368 parte
1724 2298 1956 2367 primum

347 2394 534 2449 locum
565 2392 869 2455 obtinebat,
894 2405 1245 2462 consurgens,
1280 2391 1488 2446 modica
1516 2389 1762 2447 oratione
1789 2392 1957 2462 impe-

347 2498 596 2544 ratorem
629 2487 894 2541 allocutus
911 2494 1030 2553 est,
1065 2495 1288 2557 pr0pter
1303 2485 1452 2539 illum
1475 2486 1675 2555 gratias
1697 2496 1752 2541 et
1774 2487 1957 2543 laudes

347 2580 650 2652 perhibens
677 2579 1036 2649 omnipotenti
1067 2580 1195 2635 Deo.
1226 2579 1515 2649 Postquam
1548 2579 1637 2635 ille
1672 2580 1837 2635 etiam
1866 2595 1956 2636 as-

347 2676 511 2741 sedit,
547 2691 678 2731 mox
713 2675 894 2730 cuncti
933 2673 1128 2731 deﬁxis
1157 2677 1211 2730 in
1248 2675 1632 2746 imperatorem
1679 2678 1849 2731 oculis
1881 2678 1957 2733 si-

349 2770 580 2826 lentium
611 2768 811 2825 fecere.
845 2767 942 2823 llle
969 2769 1108 2824 laetis
1129 2769 1300 2825 oculis
1323 2778 1378 2824 et
1408 2769 1621 2839 placido
1661 2770 1810 2825 vultu
1834 2771 1954 2825 uni-

349 2875 546 2917 versos
574 2860 827 2925 intuitus,
844 2874 918 2914 ac
945 2859 1139 2915 deinde
1171 2850 1409 2915 mentem
1439 2875 1593 2915 suam
1625 2860 1679 2914 in
1708 2876 1767 2916 se
1793 2860 1950 2915 colli-

348 2969 519 3025 gens,
556 2954 662 3010 leni
688 2963 744 3010 et
764 2952 1044 3009 moderata
1074 2966 1206 3007 voce
1233 2950 1538 3022 ltujusmodi
1560 2951 1722 3007 verba
1750 2950 1897 3008 fecit.
1988 2990 1993 2995 ι

960 3067 1190 3124 CAPUT
1229 3066 1344 3122 XII.

565 3181 886 3240 Constantini
915 3184 983 3237 ad
1013 3184 1265 3256 synodum
1303 3184 1468 3238 oratio
1494 3183 1727 3259 depace.

418 3297 587 3362 (Hanc
608 3298 885 3349 orationem
910 3295 1093 3347 videsis
1116 3297 1284 3361 infra.)

350 3523 626 3593 Quomodo
669 3523 935 3593 episcOpos
1201 3422 1447 3572 civium
1499 3517 1566 3571 ad
1627 3516 1956 3571 concordiam

1017 3613 1286 3669 revocarit.

418 3732 556 3789 Haec
584 3730 676 3786 ille
724 3744 847 3785 cum
897 3727 1064 3782 latino
1090 3740 1342 3782 sermone
1383 3726 1630 3793 dixisset,
1664 3742 1784 3798 quae
1815 3726 1954 3782 alius

349 3824 620 3897 quispiam
644 3836 823 3894 graece
851 3822 1237 3890 interpretatus
1278 3828 1405 3887 est,
1448 3819 1706 3892 deinceps
1734 3819 1953 3876 concilii

346 3918 677 3989 prmsidihus
702 3929 1008 3972 sermonem
1032 3914 1321 3969 concessit.
1346 3913 1482 3969 Tum
1507 3928 1638 3969 vero
1660 3914 1746 3968 alii
1772 3913 1952 3983 proxi-

349 4026 470 4067 mos
498 4009 820 4066 insimulare
844 4018 1147 4077 cmperunt,
1176 4006 1266 4061 alii
1312 4005 1691 4060 accusantibus
1721 4020 1952 4075 respou-

353 4101 486 4157 dere
527 4108 584 4157 et
624 4098 861 4155 vicissim
885 4097 1059 4169 queri.
1095 4097 1274 4152 Multis
1305 4096 1466 4167 igitur
1487 4096 1627 4152 hunc
1652 4097 1704 4150 in
1732 4095 1952 4152 modum

353 4209 419 4248 ex
466 4200 697 4263 utraque
728 4197 879 4261 parte
909 4190 1231 4261 prapositis,
1260 4203 1559 4259 magnaque
1586 4189 1953 4244 controversia

349 4287 405 4343 in
431 4288 554 4359 ipso
580 4286 847 4358 principio
869 4285 1123 4351 excitata,
1151 4285 1445 4355 imperator
1464 4295 1655 4339 cuncta
1679 4284 1954 4354 patientis-

349 4383 490 4438 sime
517 4381 852 4446 auscultans,
878 4380 1085 4435 intento
1109 4380 1288 4433 animo
1307 4379 1607 4449 propositas
1627 4379 1953 4449 quaestiones

351 4475 595 4546 excepit;
621 4484 675 4531 et
698 4488 819 4545 qua:
839 4475 907 4530 ab
930 4483 1156 4545 utraque
1182 4481 1333 4546 parte
1355 4474 1689 4541 dicebantur,
1715 4475 1950 4531 vicissim

2059 485 2228 533 retur.
2259 478 2427 533 Porro
2454 494 2517 534 ea
2547 494 2667 550 qua:
2691 479 2742 534 in
2768 493 3057 535 commune
3082 479 3421 550 placuerant,
3448 481 3661 552 scriptis

2061 571 2334 634 mandata,
2369 581 2423 626 et
2453 572 2789 642 singulorum
2813 572 3210 642 subscriptione
3236 572 3489 629 roborata
3510 583 3657 630 sunt.

2059 662 2264 731 Quibus
2291 664 2360 717 ita
2388 666 2571 733 gestis,
2605 664 2897 735 imperator
2936 665 3162 720 alteram
3195 664 3337 721 hanc
3368 666 3656 723 victoriam

2059 754 2128 808 de
2158 753 2314 810 hoste
2340 753 2601 811 Ecclesiae
2627 771 2687 811 se
2719 756 2970 812 retulisse
2998 767 3245 825 testatus,
3275 758 3658 831 triumphalem

2059 845 2406 902 festivitatem
2437 848 2489 902 iu
2519 847 2782 904 honorem
2812 848 2907 904 Dei
2937 849 3251 905 celebravit.

2667 960 2896 1019 CAPUT
2934 961 3053 1018 XV.

2064 1050 2330 1120 Quomodo
2352 1051 2715 1109 Constantinus
2740 1055 3085 1111 vicennalibus
3110 1053 3216 1111 suis
3238 1058 3503 1129 episcopos
3533 1074 3657 1114 con-

2650 1146 2779 1201 vivio
2807 1148 3075 1218 exceperit.

2134 1258 2338 1321 Eodem
2363 1268 2606 1329 tempore
2630 1261 2917 1315 vicesimus
2939 1260 3149 1333 imperii
3168 1261 3285 1332 ejus
3306 1277 3481 1317 annus
3506 1280 3655 1319 com-

2061 1353 2330 1423 plebatur.
2361 1352 2527 1423 Cujus
2558 1354 2633 1409 rei
2666 1370 2827 1409 causa
2856 1370 2979 1409 cum
3012 1356 3062 1409 in
3092 1357 3341 1411 omnibus
3370 1358 3661 1426 provinciis

2060 1446 2290 1516 publica:
2322 1445 2645 1500 festivitates
2675 1457 2983 1516 agerentur,
3019 1446 3313 1516 imperator
3346 1449 3437 1503 Dei
3468 1449 3656 1504 minis-

2063 1548 2175 1592 tros
2205 1538 2270 1592 ad
2301 1539 2607 1592 convivium
2638 1539 2881 1605 vocavit;
2915 1548 2969 1593 et
2999 1555 3120 1593 eunt
3155 1538 3347 1594 iisdem
3374 1540 3484 1610 jam
3518 1541 3658 1594 inter

2062 1644 2124 1685 se
2152 1629 2453 1685 conciliatis
2481 1629 2765 1700 epulatus,
2802 1629 2905 1684 hoc
2936 1629 3084 1685 velut
3127 1631 3458 1687 conveniens
3488 1634 3657 1687 sacri-

2064 1720 2242 1776 ﬁcium
2275 1738 2371 1792 per
2398 1722 2517 1776 illos
2538 1722 2733 1776 obtulit
2758 1721 2887 1777 Deo.
2914 1721 3097 1793 Neque
3116 1722 3256 1777 nllus
3278 1725 3654 1795 episc0porum

2064 1815 2132 1869 ab
2161 1814 2263 1870 hoc
2295 1815 2557 1885 imperiali
2588 1816 2837 1870 convivio
2864 1814 3054 1870 abfuit.
3088 1815 3195 1870 Res
3217 1831 3380 1886 porro
3405 1817 3517 1887 ipsa
3542 1833 3657 1871 oui-

2064 1922 2186 1961 nem
2228 1906 2440 1962 dicendi
2490 1907 2701 1979 copiam
2750 1906 2907 1978 longe
2956 1906 3264 1977 superabat.
3319 1906 3659 1965 Protectores

2062 2004 2206 2059 enim
2248 2012 2301 2056 et
2349 2002 2548 2056 milites
2581 2001 2632 2054 in
2674 2000 2861 2057 orbem
2889 2000 3175 2071 dispositi,
3211 1999 3413 2056 strictis
3466 2000 3659 2072 gladiis

2062 2095 2244 2167 palatii
2279 2095 2605 2151 vestibulum
2637 2094 3031 2150 custodiebant.
3072 2094 3329 2150 llomiues
3356 2104 3538 2149 autem
3563 2096 3655 2151 Dei

2067 2202 2164 2257 per
2191 2187 2429 2242 medium
2459 2186 2673 2241 illorum
2705 2187 2907 2258 absque
2940 2185 3051 2240 ullo
3079 2200 3221 2242 metu
3254 2186 3573 2250 transibant,
3605 2199 3661 2243 et

2060 2279 2127 2334 ad
2160 2278 2346 2333 intima
2392 2294 2561 2346 usque
2610 2278 2791 2349 palatii
2838 2278 3136 2349 penetralia
3190 2277 3652 2350 ingrediebantur.

2062 2374 2140 2428 Ex
2172 2373 2254 2427 Itis
2276 2371 2472 2427 deinde
2495 2373 2584 2426 alii
2617 2388 2720 2426 una
2747 2388 2867 2427 eum
2893 2373 3219 2443 imperatore
3249 2373 3616 2429 accubuerunt
3641 2390 3654 2424 :

2059 2465 2148 2518 alii
2181 2466 2231 2519 in
2263 2463 2510 2519 stibadiis
2538 2465 2808 2535 utrimque
2835 2465 3109 2533 disnositis
3130 2464 3471 2521 discubuere.
3499 2465 3658 2521 Pror-

2060 2572 2154 2611 sus
2186 2556 2365 2626 iniago
2394 2555 2638 2625 qumdam
2680 2557 2831 2627 regni
2874 2555 3073 2617 Christi
3101 2556 3429 2622 adumbrari,
3465 2572 3659 2628 resque

2061 2648 2174 2718 ipsa
2204 2647 2417 2702 somnio
2445 2663 2604 2718 quam
2635 2649 2845 2703 veritati
2876 2650 3094 2720 prepior
3122 2648 3424 2705 videbatur.

2650 2762 2877 2818 CAPUT
2919 2762 3056 2818 XVI.

2061 2878 2279 2933 Munera
2311 2879 2584 2951 Episcopis
2609 2881 2799 2936 donata
2848 2892 2894 2935 et
2923 2883 3108 2938 litterrc
3131 2883 3200 2938 ad
3229 2898 3401 2938 omnes
3429 2884 3655 2956 scriptor.

2128 2993 2427 3050 Celebralis
2452 2995 2887 3065 splendidissimo
2927 3007 3185 3066 apparatu
3215 2998 3476 3054 conviviis
3496 3040 3511 3065 ,
3553 2999 3655 3053 im-

2058 3094 2275 3155 perator
2297 3094 2520 3141 cunctos
2546 3087 2842 3142 liberaliter
2864 3088 3160 3159 excipiens,
3186 3088 3236 3143 id
3253 3089 3414 3145 etiam
3440 3104 3540 3160 pro
3560 3105 3656 3145 sua

1977 3187 2025 3249 ο
2062 3179 2457 3249 magnificentia
2487 3180 2712 3249 adjecit,
2744 3189 2803 3235 ut
2832 3196 3274 3252 unumquemque
3312 3198 3408 3252 pro
3450 3183 3657 3239 meritis

2061 3287 2125 3325 ac
2152 3270 2413 3341 dignitate
2458 3274 2771 3328 muneribus
2813 3274 3124 3332 Itonoraret.
3159 3275 3267 3330 Eos
3313 3290 3526 3346 quoque
3564 3278 3656 3346 qui

2061 3360 2188 3417 huic
2215 3360 2423 3432 synodo
2445 3362 2665 3417 minime
2689 3362 3077 3430 interfuissent,
3103 3364 3170 3419 de
3196 3364 3358 3420 rebus
3381 3366 3433 3421 in
3457 3381 3519 3419 ea
3535 3381 3656 3436 ges-

2060 3454 2129 3507 tis
2158 3454 2419 3509 certiores
2461 3454 2587 3511 fecit
2632 3470 2726 3523 per
2766 3455 2971 3509 litteras
3003 3476 3014 3507 :
3047 3472 3181 3525 quas
3223 3457 3275 3511 in
3317 3456 3420 3512 hoc
3450 3470 3652 3527 opere,

2061 3555 2311 3616 tanquam
2355 3546 2407 3599 in
2442 3546 2615 3601 tabula
2664 3545 2894 3619 quadam
2926 3545 3124 3602 incisas
3163 3561 3481 3618 proponam.
3515 3547 3657 3604 Sunt

2057 3649 2237 3696 autem
2268 3638 2594 3710 ltujusmodi.
3625 3638 3635 3644 ’

2630 3753 2861 3809 CAPUT
2914 3753 3081 3810 XVII.

2060 3846 2297 3917 Epistola
2325 3846 2647 3901 Constantini
2687 3846 2757 3900 ad
2796 3846 3056 3902 Ecclesias
3087 3846 3150 3901 de
3177 3847 3377 3918 synodo
3410 3845 3650 3902 Nicazua.

2122 3961 2406 4025 (Epistolam
2423 3962 2549 4012 hanc
2583 3962 2675 4011 hoc
2697 3969 2747 4012 et
2771 3963 2865 4011 tria
2886 3975 2994 4025 seq.
3022 3974 3129 4025 cap.
3154 3960 3564 4024 complectentem
3587 3961 3653 4009 vi-

2051 4022 2197 4074 desis‘
2208 4022 2373 4086 infra.)

2647 4148 2876 4206 CAPUT
2918 4146 3061 4203 XXI.

2129 4264 2399 4336 Episwpis
2420 4264 2724 4319 discessuris
2763 4262 3032 4317 consilium
3056 4262 3146 4317 dat
3177 4270 3232 4316 ut
3254 4259 3580 4315 concordiam

2773 4372 2988 4419 servent.

2126 4481 2296 4536 Porro
2333 4495 2453 4536 cum
2484 4478 2734 4552 Synodus
2759 4478 2869 4549 jam
2913 4475 3255 4532 dissolvenda
3286 4480 3451 4539 esset,
3483 4472 3652 4543 impe-

350 4581 605 4625 3Sll’uen3
636 4577 795 4640 atque
839 4567 1100 4639 adiuvans
1121 4608 1135 4633 υ
1169 4568 1496 4638 ρετιίηεεὶυε
1520 4576 1789 4624 cermmes
1816 4583 1944 4638 ρπιιο
1975 4579 2027 4639 D
2053 4586 2203 4631 rator
2232 4589 2537 4631 sermonem
2561 4589 2681 4629 cum
2711 4571 2995 4643 EpiscOpis
3021 4571 3327 4638 habuitque
3350 4566 3480 4637 ipsis
3507 4565 3651 4620 vale-

352 4662 505 4718 latim
533 4662 861 4719 conciliavit.
891 4661 1135 4733 Cumque
1162 4675 1349 4717 omnes
1394 4661 1602 4732 placide
1647 4661 1953 4733 alloquere—

360 4765 471 4823 tur,
506 4766 561 4812 et
599 4771 774 4829 gratca
805 4763 1051 4811 uteretur
1076 4754 1257 4827 lingua
1281 4796 1294 4823 ,
1328 4754 1526 4826 quippe
1567 4756 1655 4826 qui
1699 4770 1767 4811 ne
1797 4755 1955 4825 hujus

356 4848 574 4919 quidem
596 4848 797 4921 linguae
826 4849 1047 4920 ignarus
1076 4855 1241 4912 esset,
1288 4847 1643 4903 suavissimus
1677 4863 1741 4904 ac
1762 4846 1956 4918 jucun-

361 4941 616 4997 dissimus
660 4941 757 4997 fuit
797 4959 811 4997 :
857 4940 984 4997 dum
1016 4939 1156 4995 alios
1185 4939 1240 4993 vi
1287 4939 1555 4994 rationum
1598 4938 1860 4994 adductos
1899 4940 1951 4995 in

359 5050 514 5090 suam
539 5037 857 5091 sententiam
888 5033 1073 5100 trahit,
1105 5033 1240 5088 alios
1283 5041 1404 5088 orat
1430 5041 1482 5089 et
1512 5032 1712 5099 ﬂectit;
1751 5048 1954 5106 eosque

362 5130 451 5199 qui
492 5138 637 5185 recte
662 5130 955 5197 dixissent,
987 5127 1234 5183 laudibus
1265 5126 1461 5191 afficit,
1493 5134 1549 5182 et
1578 5127 1857 5183 universos
1887 5130 1954 5182 ad

359 5222 700 5278 concordiam
732 5222 936 5277 incitat.
970 5221 1153 5276 Donec
1196 5219 1411 5275 tandem
1438 5234 1533 5276 eos
1575 5220 1873 5276 concordes
1901 5221 1952 5276 in

359 5314 613 5370 omnibus
638 5314 704 5371 de
725 5313 919 5387 quibus
942 5323 1099 5369 antea
1124 5311 1455 5378 certabatur,
1478 5320 1532 5367 et
1557 5312 1956 5369 consentientes

357 5405 563 5464 eﬂ'ecit.

953 5483 1182 5541 CAPUT
1220 5484 1359 5541 XIV.

494 5583 719 5638 Consors
748 5581 929 5654 synodi
957 5582 1206 5636 sententia
1234 5580 1299 5634 de
1325 5579 1428 5650 ﬁde
1452 5588 1502 5634 'et
1528 5579 1590 5634 de
1615 5581 1824 5651 pascha.

439 5698 589 5757 Adeo
635 5709 696 5756 ut
731 5714 836 5756 non
884 5697 1044 5754 modo
1087 5697 1245 5753 unius
1276 5696 1396 5753 lidei
1423 5697 1772 5752 consonantia
1817 5697 1963 5768 apud

377 5806 571 5848 Omnes
592 5788 898 5861 obtineret,
928 5804 1113 5846 verum
1157 5789 1315 5845 etiam
1347 5803 1511 5845 unum
1539 5787 1789 5860 idemque
1829 5799 1964 5847 tem-

2056 4669 2282 4725 diceret.
2326 4667 2534 4739 Quippe
2579 4681 2768 4721 omnes
2806 4674 2957 4720 certo
2986 4662 3073 4718 die
3103 4664 3155 4717 in
3184 4675 3346 4716 unum
3380 4673 3650 4715 convoca-

2056 4764 2151 4817 vit.
2181 4762 2423 4832 Cumque
2453 4760 2735 4825 adessent,
2768 4773 2861 4814 eos
2906 4756 3184 4811 admonuit
3227 4763 3285 4810 ιιι
3323 4755 3473 4825 pacis
3515 4754 3653 4807 inter

2058 4873 2117 4913 se
2157 4856 2438 4912 servanda:
2482 4854 2704 4909 studiosi
2737 4861 2952 4919 essent,
2982 4858 3037 4906 et
3076 4850 3385 4921 pervicaces
3426 4855 3653 4904 conten-

2058 4950 2233 5005 tiones
2274 4948 2553 5020 fugerent,
2605 4962 2704 5002 oec
2746 4944 3053 5001 inviderent
3092 4944 3137 4999 si
3180 4943 3300 5016 quis
3330 4944 3470 4999 inter
3506 4941 3652 5012 ipsos

2059 5042 2390 5114 Episcopus,
2439 5040 2717 5113 sapientia:
2764 5047 2817 5094 et
2868 5036 3125 5093 facundiae
3179 5035 3338 5091 laude
3390 5033 3652 5090 floreret:

2062 5134 2155 5190 sed
2182 5135 2599 5205 uniuscujusque
2615 5133 2863 5187 virtutem
2888 5142 3174 5184 commune
3190 5127 3430 5182 omnium
3454 5125 3652 5180 bonum

2062 5241 2183 5281 esse
2212 5225 2616 5291 existimarent;
2670 5239 2806 5279 neve
2836 5223 2869 5277 ii
2912 5222 2999 5293 qui
3049 5219 3449 5292 praestantiores
3493 5223 3650 5283 sunt,

2061 5333 2221 5389 supra
2268 5317 2550 5374 inferiores
2592 5332 2714 5373 sese
2760 5314 3050 5381 efferrent;
3099 5315 3188 5370 Dei
3234 5314 3377 5369 enim
3405 5324 3557 5376 esse,
3586 5308 3655 5365 de

2061 5426 2187 5468 vera
2238 5412 2497 5483 cujusque
2528 5411 2725 5465 virtute
2752 5423 2815 5465 ac
2843 5406 3145 5479 prmstantia
3170 5406 3430 5477 judicare.
3453 5404 3654 5458 Derere

2060 5506 2239 5579 potius
2283 5513 2338 5559 ut
2381 5504 2786 5576 przeslautiores
2836 5500 3222 5556 infirmioribus
3260 5510 3382 5552 sese
3436 5510 3655 5552 accom-

2061 5601 2281 5655 modent
2327 5614 2446 5654 cum
2497 5597 2827 5669 indulgentia
2871 5594 3101 5666 quadam
3133 5607 3194 5646 ac
3222 5590 3472 5655 lenitate;
3516 5604 3651 5660 pra--

2062 5693 2244 5749 sertim
2290 5708 2411 5747 cum
2461 5692 2766 5747 absolutum
2809 5687 3055 5745 omnibus
3095 5684 3334 5740 numeris
3378 5682 3648 5754 quidpiam

2063 5790 2301 5861 reperire
2348 5802 2566 5861 prorsus
2612 5785 2985 5843 difﬁcillimum
3014 5782 3103 5838 sit.
3135 5781 3318 5854 Itaque
3350 5779 3491 5850 ipsos
3520 5776 3650 5831 levis
3654 5798 3729 5847 [ί
