4142 6178
452 245 524 301 5ἱ
1758 237 2026 296 EUSEBII
2072 234 2398 296 PAMPIIILI
3685 243 3756 301 56

449 359 677 414 aliorum
707 356 886 413 delicti
919 364 1102 411 mutuo
1127 354 1336 410 veniam
1367 353 1680 424 indulgere;
1716 361 1768 408 et
1791 351 2049 423 quidquid
2077 355 2133 416 Α

450 451 765 507 humanitus
787 459 1064 520 peccatum
1089 447 1482 503 sitcondonare
1499 456 1772 517 oportere.
1798 460 2044 516 magnam

450 561 669 614 semper
718 544 978 598 rationem
1030 542 1291 597 habentes
1338 550 1538 595 mutua:
1585 539 1923 603 concordia);
1981 553 2050 593 ne

452 639 591 695 forte
635 639 762 693 dum
818 639 916 707 ipsi
968 637 1109 692 inter
1150 653 1210 692 se
1254 637 1548 692 seditiones
1598 639 1833 706 agitant,
1865 635 1930 688 iis
1961 635 2052 705 qui

453 728 690 784 divinam
727 729 896 798 legem
945 728 1241 782 maledictis
1290 729 1559 782 incessere
1590 727 1758 796 parati
1786 735 1939 792 sunt,
1975 725 2051 778 ri-

455 819 619 876 dendi
667 821 970 889 praebeatur
1009 820 1243 874 occasio.
1271 819 1509 886 Quorum
1554 827 1732 872 tamen
1763 818 2050 872 maximam

453 911 716 965 rationem
745 911 811 964 ab
839 910 971 978 ipsis
1003 910 1304 964 habendam
1333 924 1454 964 esse
1477 951 1492 976 ,
1525 909 1723 979 quippe
1745 923 1866 963 cum
1899 909 2055 964 facile

457 1002 662 1058 servari
708 1002 947 1073 possint,
983 1003 1026 1056 si
1058 1017 1119 1058 ea
1152 1018 1272 1073 qua:
1315 1002 1454 1072 apud
1501 1017 1600 1056 nos
1636 1011 1894 1070 geruntur
1949 1001 2054 1055 illis

458 1097 655 1150 eximia
705 1104 760 1150 et
805 1094 1119 1149 admiranda
1173 1093 1474 1149 videantur.
1530 1093 1712 1164 Neque
1759 1109 1888 1148 vero
1926 1093 2056 1164 ipsis

461 1190 750 1244 obscurum
804 1202 925 1242 esse
984 1202 1300 1242 sermonum
1375 1189 1585 1258 copiam
1643 1187 2055 1257 haudquaquam

459 1282 709 1336 omnibus
743 1279 1049 1334 hominibus
1075 1279 1356 1334 utilitatem
1386 1278 1601 1333 aﬁ‘erre.
1629 1278 1731 1334 Alii
1759 1280 1902 1332 enim
1934 1285 2056 1332 tan-

457 1391 616 1447 quam
653 1374 719 1428 ad
757 1375 916 1427 vitam
958 1372 1363 1427 sustentandam
1398 1371 1680 1426 commoda
1722 1371 1825 1424 sibi
1855 1385 2056 1441 suppe-

460 1467 618 1522 ditari
646 1465 910 1537 gaudent;
949 1463 1042 1518 alii
1073 1464 1139 1518 ad
1169 1462 1522 1534 patrocinium
1547 1463 1723 1518 solent
1743 1461 2054 1532 confugere.

462 1557 689 1626 Quidam
737 1572 831 1612 eos
856 1572 886 1610 a
917 1556 1110 1622 quibus
1157 1556 1385 1626 benigne
1414 1555 1755 1624 excipiuntur
1783 1553 2011 1624 diligunt
2040 1570 2054 1618 ;

463 1649 704 1704 nonnulli
762 1649 1092 1704 munusculis
1139 1649 1420 1713 honorati,
1447 1648 1510 1700 ad
1547 1647 1835 1701 amicitiam
1865 1647 2058 1701 ineun-

461 1741 585 1797 dam
617 1743 982 1811 impelluntur.
1019 1743 1182 1796 Pauci
1229 1741 1516 1795 admodum
1548 1751 1672 1794 sunt
1711 1741 1822 1795 veri
1852 1754 2058 1794 sermo-
2091 1747 2137 1806 Β

465 1850 593 1890 num
643 1844 913 1888 amatores
943 1851 958 1890 :
988 1849 1088 1889 nec
1144 1834 1302 1888 facile
1354 1835 1652 1900 invenitur,
1687 1834 1775 1903 qui
1824 1832 2063 1886 veritatis

465 1926 741 1981 studiosus
768 1928 858 1980 sit.
891 1925 1062 1994 Quam
1094 1927 1162 1980 ob
1192 1941 1408 1980 causam
1435 1927 1684 1981 omnibus
1706 1941 1826 1982 sese
1851 1940 2065 1979 accom-

468 2018 692 2072 modare
732 2029 976 2087 oportet,
1015 2027 1070 2072 et
1110 2019 1280 2071 instar
1309 2018 1504 2072 medici
1545 2019 1820 2088 cujusdam
1852 2032 1915 2071 ea
1945 2032 2064 2086 qua:

465 2110 532 2166 ad
562 2112 984 2181 uniuscujusque
1019 2111 1246 2165 salutem
1278 2111 1427 2165 utilia
1459 2120 1584 2166 sunt
1627 2111 2061 2175 subministrare,

467 2217 528 2260 ut
573 2207 822 2261 salutaris
850 2206 1089 2261 doctrina
1129 2205 1277 2259 omni
1316 2219 1382 2258 ex
1413 2214 1564 2274 parte
1593 2203 1661 2258 ab
1685 2203 1935 2257 omnibus
1963 2201 2063 2256 ho-

471 2313 712 2360 noretur.
758 2302 827 2357 Et
859 2301 972 2357 hmc
1002 2301 1218 2370 quidem
1271 2301 1444 2371 prium
1488 2299 1608 2355 loco
1656 2301 1950 2370 imperator
1985 2301 2065 2356 eis

469 2397 745 2470 praecepit.
783 2395 861 2450 Ad
889 2405 1187 2450 extremum
1225 2409 1354 2450 vero
1383 2394 1608 2464 adjecit,
1640 2405 1693 2448 ut
1725 2409 1823 2463 pro
1849 2408 1908 2448 se
1932 2409 2066 2464 quo-

469 2508 574 2564 que
613 2505 801 2562 preces
831 2490 896 2543 ad
941 2489 1106 2543 Deum
1135 2489 1324 2544 sedulo
1372 2490 1627 2542 facerent.
1657 2487 1792 2540 Cum
1842 2488 1893 2540 in
1925 2486 2067 2542 hunc

469 2585 689 2640 modum
715 2584 794 2638 eis
820 2581 1186 2644 valedixisset,
1217 2582 1426 2635 cunctis
1466 2579 1704 2650 posthzcc
1744 2582 1796 2632 in
1840 2579 2064 2647 patriam

471 2675 733 2734 redeundi
783 2685 1103 2746 potestatem
1150 2674 1292 2730 fecit.
1345 2673 1424 2727 Illi
1483 2675 1642 2744 igitur
1687 2687 1894 2727 summa
1943 2689 2065 2728 cum

473 2771 741 2825 hilaritate
792 2769 1011 2822 domum
1085 2767 1287 2822 reversi
1336 2774 1495 2832 sunt;
1545 2781 1607 2820 ac
1657 2765 1911 2835 deinceps
1959 2781 2065 2821 una

471 2861 613 2932 apud
657 2875 847 2916 omnes
900 2860 1064 2914 valuit
1110 2860 1322 2929 Opinio,
1357 2859 1457 2912 sub
1511 2858 1677 2926 ipsius
1729 2859 2068 2927 imperatoris

472 2954 799 3026 praesentia,
848 2953 1120 3007 conunttni
1194 2954 1431 3004 omnium
1483 2964 1753 3004 consensu
1804 2947 2063 3014 ﬁrmata;

471 3062 593 3102 cum
636 3047 669 3101 ii
701 3047 787 3116 qui
829 3044 1145 3116 jamdudum
1177 3059 1207 3098 a
1238 3059 1296 3098 se
1328 3052 1510 3098 mutuo
1555 3040 1752 3096 divulsi
1795 3051 1983 3110 erant,
2013 3042 2066 3096 in

472 3155 637 3195 unum
665 3139 825 3196 veluti
855 3153 1050 3207 corpus
1077 3136 1422 3190 coaluissent.
1512 3179 1515 3184 .

1046 3250 1272 3307 CAPUT
1308 3249 1474 3305 XXII.

548 3350 816 3417 Quomodo
840 3349 971 3402 alios
995 3346 1197 3418 quidem
1219 3347 1449 3399 hortatus
1469 3348 1563 3410 sit,
1590 3344 1657 3397 ad
1681 3342 1811 3397 alios
1832 3353 1999 3396 autem

689 3442 980 3513 scripserit,
1011 3451 1058 3495 et
1107 3443 1168 3493 de
1209 3439 1538 3508 pecuniarum
1585 3437 1851 3491 divisione.

546 3556 720 3610 Tanto
759 3555 918 3625 igitur
957 3567 1212 3607 successu
1259 3551 1552 3619 imperator
1599 3546 1971 3612 exhilaratus,
2007 3547 2071 3602 iis

472 3649 565 3720 qui
593 3645 799 3717 synodo
838 3643 1057 3698 mittime
1099 3642 1491 3706 interfuissent,
1519 3639 1881 3710 gratissimum
1925 3639 2068 3694 fruc-

474 3750 586 3796 tum
635 3753 730 3808 per
777 3739 980 3790 litteras
1017 3737 1261 3804 praebuit.
1293 3734 1400 3791 Sed
1425 3744 1481 3789 et
1507 3732 1772 3788 universis
1821 3731 2067 3801 populis,

477 3841 586 3886 tam
610 3830 675 3883 iis
697 3829 786 3898 qui
817 3842 912 3897 per
933 3841 1090 3895 agros
1111 3841 1266 3895 quam
1289 3825 1381 3894 qui
1405 3827 1456 3878 in
1480 3825 1700 3879 urbibus
1730 3823 2067 3888 habitabant,

474 3937 721 3993 magnam
784 3919 1024 3989 pecunize
1081 3920 1185 3972 vim
1254 3916 1502 3970 distribui
1549 3917 1742 3986 jussit,
1801 3916 2067 3986 publicam

471 4019 816 4073 festivitatem
861 4013 930 4068 ob
969 4013 1283 4067 vicesimum
1337 4009 1546 4080 imperii
1593 4009 1675 4062 sui
1723 4024 1922 4064 annum
1968 4008 2069 4063 hac

473 4113 684 4167 ratione
710 4107 1119 4165 concelebrans.

1047 4221 1276 4279 CAPUT
1324 4219 1513 4276 XXIII.

515 4318 782 4387 Quomodo
803 4317 871 4372 ad
893 4314 1175 4388 [Egyptios
1206 4315 1493 4384 scripserit,
1525 4327 1706 4384 eosque
1733 4311 1801 4365 ad
1831 4327 2005 4382 pacem

1069 4409 1300 4462 hortatus
1329 4408 1414 4460 sit.

2730 356 2961 411 CAPUT
3003 355 3193 413 XXIV.

2251 445 2518 513 Quomodo
2547 449 2795 520 episcOpis
2823 459 2868 502 et
2905 450 3129 516 plebibus
3156 450 3417 522 religiosas
3457 451 3650 506 litteras

2728 542 2919 611 saepius
2953 542 3176 608 scripsit.

2227 628 2332 686 Sed
2371 639 2425 685 et
2469 631 2569 685 alia
2602 630 2826 701 plurima
2875 633 3138 702 ejusmodi
3193 633 3437 702 scripsit,
3491 648 3555 689 ac
3619 651 3758 704 pene

2153 723 2572 780 innumerabiles
2645 727 2884 782 exaravit
2945 727 3236 796 epistolas;
3295 742 3437 782 nunc
3487 730 3760 801 episcopis

2156 817 2508 884 praescribens
2537 832 2630 882 ea,
2675 833 2795 887 qua:
2825 818 2888 872 ad
2933 821 3284 874 ecclesiarum
3338 819 3431 873 Dei
3465 819 3756 877 utilitatem

2155 908 2471 975 Spectabant
2504 927 2514 962 :
2551 925 2690 963 nunc
2737 910 2878 980 ipsas
2933 911 3116 981 plebes
3148 927 3244 982 per
3273 913 3479 968 litteras
3508 915 3762 984 compel—

2156 1000 2293 1067 lans,
2321 1001 2620 1072 fratresque
2643 1012 2696 1057 et
2721 1018 3012 1059 conservos
3039 1020 3168 1060 suos
3191 1005 3476 1060 nominans
3504 1007 3762 1063 Ecclesia:

2156 1094 2406 1164 pepulos,
2439 1095 2520 1148 vir
2568 1096 2928 1152 beatissimus.
2967 1098 3161 1152 Verum
3217 1098 3331 1152 haec
3381 1110 3634 1170 separato
3666 1116 3764 1156 vo-

2161 1187 2361 1242 lumine
2383 1189 2660 1259 colligere,
2685 1189 2819 1244 alias
2842 1188 3071 1246 fortasse
3094 1192 3264 1246 Otium
3297 1191 3491 1258 fuerit,
3517 1207 3583 1248 ne
3604 1193 3763 1264 hujus

2159 1280 2400 1335 historia:
2430 1291 2627 1336 nostra:
2659 1284 2828 1337 series
2854 1283 3299 1354 interrumpatur.

2735 1397 2960 1454 CAPUT
3012 1398 3182 1454 XXV.

2227 1488 2493 1555 Quomodo
2533 1489 2901 1561 Hierosolymis
2930 1491 2982 1544 in
3013 1501 3187 1545 sancto
3222 1490 3505 1546 Dominij
3528 1507 3703 1547 resur-

2383 1584 2622 1638 rectionis
2646 1584 2755 1638 loco
2781 1585 3023 1654 templum
3046 1584 3242 1639 exstrui
3272 1585 3535 1656 prwcepit.

2238 1696 2331 1751 I-Iis
2361 1701 2426 1751 ita
2455 1698 2622 1767 gestis
2641 1739 2653 1761 ,
2683 1698 2977 1768 imperator
3009 1699 3118 1754 Deo
3144 1713 3304 1754 carus
3331 1698 3473 1753 aliud
3509 1699 3764 1769 quiddam

2177 1792 2444 1862 imprimis
2493 1793 2844 1848 memorabile
2896 1807 3180 1863 aggressus
3209 1802 3294 1847 est
3355 1793 3403 1848 in
3455 1793 3758 1848 Pala~5tiua.

2167 1883 2431 1952 Quidnam
2455 1900 2581 1939 vero
2601 1884 2727 1938 illud
2751 1887 2870 1940 est?
2898 1885 3272 1940 Beatissimum
3299 1883 3450 1938 illum
3473 1884 3764 1940 Dominica:

2168 1977 2580 2032 resurrectionis
2610 1978 2784 2032 locum
2817 1979 2905 2047 qui
2940 1987 3021 2032 est
3049 1977 3458 2049 llicrOSolymis,
3495 1977 3761 2034 illustrem

2168 2083 2231 2122 ac
2273 2069 2637 2124 venerabilem
2685 2072 2891 2124 cunctis
2941 2069 3256 2124 mortalibus
3305 2068 3559 2134 efﬁcere,
3604 2071 3762 2124 oflicii

2168 2163 2252 2218 sui
2281 2178 2402 2217 esse
2429 2163 2776 2218 existimavit.
2821 2161 3118 2218 ConfeStitn
3153 2163 3311 2234 igitur
3343 2163 3637 2217 oratorium
3668 2164 3768 2217 ihi—

2169 2256 2292 2310 dem
2321 2256 2522 2309 exstrui
2571 2255 2843 2309 mandavit
2873 2273 2886 2308 :
2921 2270 3026 2310 non
3060 2255 3264 2325 absque
3295 2253 3388 2309 Dei
3432 2265 3562 2308 ntttu
3588 2270 3653 2308 co
3682 2255 3766 2308 in-

2169 2347 2362 2404 ductus
2385 2390 2399 2414 ,
2427 2347 2521 2404 sed
2553 2349 2670 2420 ipso
2707 2349 2998 2405 Servatore
3045 2348 3162 2418 ejus
3206 2348 3443 2402 animant
3491 2348 3762 2404 incitante.

2723 2460 2949 2517 CAPUT
3003 2460 3194 2516 XXVI.

2291 2555 2559 2623 Quomodo
2588 2557 2732 2626 impii
2761 2557 3053 2624 sepulcrum
3082 2554 3289 2609 Domini
3315 2556 3580 2610 ruderibus
3609 2565 3656 2610 et

2453 2647 2744 2702 simulacris
2783 2649 3117 2720 superpositis
3156 2647 3471 2702 oblexerant.

2241 2759 2451 2832 Quippe
2495 2761 2643 2832 impii
2694 2761 2965 2833 quondam
3019 2763 3283 2830 homines,
3318 2779 3412 2818 seu
3445 2764 3619 2834 potius
3646 2765 3767 2818 uni-

2172 2870 2386 2910 versum
2411 2855 2716 2909 daemonum
2743 2871 2934 2926 genus,
2961 2856 3245 2924 impiorum
3277 2855 3551 2910 hominum
3581 2871 3766 2926 opera,

2171 2944 2538 3000 venerandum
2567 2945 2698 2999 illud
2729 2945 3150 3001 immortalitatis
3181 2956 3586 3002 monumentum
3616 2957 3764 3003 tene-

2173 3039 2283 3092 bris
2313 3049 2473 3110 atque
2520 3039 2790 3094 oblivione
2840 3041 3051 3110 penitus
3103 3040 3377 3095 involvere
3427 3042 3765 3096 studuerant.

2096 3138 2140 3200 ρ
2173 3129 2308 3184 Illud
2330 3171 2344 3196 ,
2376 3131 2623 3201 inquam,
2657 3141 3091 3199 monumentum,
3127 3132 3190 3186 ad
3216 3131 3357 3202 quod
3389 3132 3609 3202 angelus
3638 3132 3765 3188 olitn

2175 3239 2206 3280 e
2230 3226 2370 3280 ccelo
2414 3224 2664 3295 delapsus
2702 3225 3002 3279 admirabili
3035 3225 3154 3280 luce
3182 3225 3426 3292 radians,
3459 3241 3646 3279 saxum
3680 3241 3769 3280 rc-

2173 3316 2416 3371 volverat
2460 3332 2526 3370 ex
2573 3317 2768 3371 animis
2813 3333 3000 3371 eorum
3032 3318 3121 3387 qui
3154 3333 3278 3374 vere
3324 3318 3470 3373 saxei
3501 3326 3686 3385 erant,
3715 3326 3770 3372 et

2175 3409 2267 3479 qui
2297 3410 2568 3464 viventem
2621 3412 2893 3466 Christum
2943 3412 3083 3466 inter
3114 3422 3354 3468 mortuos
3389 3412 3564 3467 adhuc
3586 3413 3768 3483 jacere

2175 3500 2572 3555 arbitrabantur
2604 3519 2616 3555 :
2648 3501 2856 3558 felicem
2895 3505 3136 3558 nuntium
3167 3505 3399 3560 aﬁ‘erens
3431 3505 3764 3574 mulieribus,

2174 3603 2230 3648 et
2277 3593 2667 3650 incredulitatis
2719 3596 2948 3666 lapidem
2981 3615 3009 3650 a
3053 3599 3322 3653 mentibus
3363 3615 3548 3654 earum
3593 3615 3766 3656 remo-

2173 3700 2336 3752 veos,
2367 3695 2426 3740 ιιι
2452 3689 2759 3755 opinionem
2791 3689 2859 3742 de
2890 3690 2994 3742 vita
3026 3689 3143 3758 ejus
3186 3691 3275 3760 qui
3322 3691 3391 3745 ab
3423 3691 3527 3746 illis
3553 3707 3764 3763 quaere-

2172 3778 2330 3833 batur
2364 3779 2687 3836 adstrueret.
2733 3781 2878 3836 llanc
2906 3783 3065 3852 igitur
3093 3783 3385 3840 salutarem
3418 3784 3762 3854 speluncam,

2174 3871 2321 3940 impii
2345 3872 2560 3942 quidam
2583 3887 2646 3927 ac
2671 3873 2872 3942 profani
2915 3874 3162 3929 homines
3204 3875 3439 3930 funditus
3465 3875 3682 3931 abolere
3713 3877 3764 3931 in

2172 3963 2410 4018 animum
2469 3965 2826 4032 induxerant,
2873 3967 3039 4022 stulte
3107 3967 3398 4023 admodum
3447 3969 3648 4038 Opinati
3707 3984 3766 4023 se

2174 4058 2277 4113 hoc
2319 4059 2479 4113 modo
2520 4061 2800 4116 veritatem
2852 4076 2974 4117 esse
3017 4062 3402 4118 occultaturos.
3435 4065 3618 4135 Itaque
3661 4079 3764 4118 non

2173 4152 2290 4208 sine
2334 4167 2544 4208 summo
2582 4153 2786 4221 labore,
2835 4155 3066 4223 plurima
3099 4155 3264 4210 humo
3289 4156 3504 4211 aliunde
3543 4157 3766 4212 advecta

2172 4254 2492 4316 aggestaque
2540 4255 2707 4300 totum
2755 4245 2928 4299 locum
2961 4245 3267 4315 opplevere.
3300 4247 3471 4312 Quem
3499 4262 3620 4301 cum
3654 4265 3770 4304 mc-

2172 4335 2340 4390 diocri
2371 4335 2654 4391 altitudine
2681 4336 2997 4392 extulissent
3023 4345 3077 4390 et
3107 4336 3280 4406 lapide
3309 4340 3762 4404 constravissent,

2173 4429 2272 4483 sub
2295 4429 2394 4483 hac
2414 4436 2559 4482 tanta
2582 4431 2834 4498 congerie
2854 4443 3062 4484 Sacram
3085 4429 3396 4499 speluncam
3422 4431 3762 4488 obtererent.

544 4531 745 4588 Verum
791 4527 999 4586 cunctis
1043 4526 1183 4580 inter
1223 4539 1280 4579 se
1321 4538 1504 4594 pacem
1550 4522 1882 4591 colentibus,
1926 4522 2066 4594 apud
2097 4527 2145 4588 Β
2175 4521 2380 4576 Dehinc
2406 4520 2631 4590 perinde
2660 4535 2724 4576 ac
2745 4522 2790 4575 si
2819 4520 2949 4576 nihil
2995 4521 3227 4593 amplius
3271 4524 3398 4594 ipsis
3425 4537 3763 4596 superesset,

470 4626 620 4683 solos
659 4623 944 4695 Egyptios
992 4616 1344 4692 implacabilis
1387 4616 1750 4673 contentionis
1799 4615 1946 4672 furor
1978 4633 2066 4671 ar—

469 4721 651 4785 debat,
707 4717 842 4773 adeo
889 4727 946 4770 ut
969 4713 1268 4770 molestiam
1301 4711 1515 4784 quidem
1547 4711 1864 4766 exhiberem
1895 4711 2064 4781 impe-

467 4812 672 4876 ratori;
700 4825 806 4865 non
838 4808 961 4864 ideo
1005 4818 1180 4862 tamen
1223 4821 1346 4862 eum
1391 4804 1457 4860 ad
1499 4803 1828 4859 iracundiam
1858 4805 2066 4859 excita-

468 4911 610 4960 rent.
649 4901 772 4956 lllos
816 4899 962 4955 enim
1013 4907 1070 4952 ut
1110 4907 1310 4968 patres,
1351 4906 1443 4950 attt
1473 4896 1649 4964 potius
1676 4904 1732 4950 ιιι
1772 4893 2063 4965 prophetas

470 4995 606 5059 Dei,
631 4991 778 5047 omni
824 4989 1028 5044 honore
1059 4989 1349 5058 imperator
1373 4985 1649 5051 afﬁciens,
1678 4984 1873 5041 iterum
1905 4985 1970 5040 ad
2003 5001 2062 5042 se

467 5084 714 5150 vocavit;
747 5083 934 5136 iterant
967 5081 1172 5133 arbiter
1217 5077 1530 5132 eorutndem
1581 5077 1709 5144 fuit;
1747 5079 1938 5132 iterum
1969 5093 2064 5133 eos

467 5174 783 5232 muneribus
827 5186 891 5226 ac
925 5170 1082 5225 donis
1133 5167 1436 5224 honoravit.
1483 5166 1818 5222 Sententiam
1848 5185 2064 5239 quoque

465 5283 625 5340 quam
683 5263 886 5319 arbiter
943 5261 1186 5326 dixerat,
1238 5276 1335 5331 per
1390 5259 1672 5329 epistolam
1703 5261 2058 5330 signiﬁcavit,

465 5359 792 5418 conﬁrmans
837 5365 892 5411 et
935 5353 1184 5408 sanciens
1228 5367 1290 5408 ea
1343 5367 1462 5422 qua:
1512 5366 1540 5404 a
1589 5351 1809 5423 Synodo
1842 5353 2060 5410 decreta

465 5451 716 5517 fuerant,
749 5461 948 5518 eosque
994 5444 1287 5500 adhortans
1331 5453 1388 5498 ut
1415 5443 1720 5498 concordiae
1749 5443 2058 5513 studerent,

464 5559 568 5602 nec
597 5544 852 5598 Ecclesia:
879 5555 1075 5612 corpus
1096 5538 1398 5594 distrahere
1418 5553 1480 5593 ac
1501 5539 1808 5610 discerpere
1837 5540 2058 5609 vellent,

462 5637 558 5694 sed
589 5635 822 5692 futurum
850 5634 944 5689 Dei
981 5632 1239 5704 judicium
1273 5631 1454 5686 animo
1485 5639 1812 5702 reputarent.
1845 5632 1912 5689 Et
1940 5634 2057 5692 hinc

463 5729 679 5801 quidem
711 5729 1002 5798 imperator
1029 5723 1247 5798 speciali
1273 5722 1500 5796 epistola
1529 5724 1609 5782 eis
1633 5724 1918 5798 suggessit.

2172 4627 2334 4682 supra
2377 4612 2506 4667 illud
2535 4613 2742 4679 solum,
2777 4613 3064 4668 infaustum
3099 4629 3321 4684 prorsus
3350 4617 3650 4672 animarum
3680 4634 3766 4675 se-

2169 4705 2416 4776 pulcrum
2443 4715 2860 4769 exstruxerunt,
2893 4707 3176 4762 obscuram
3215 4718 3549 4764 mortuorum
3601 4711 3767 4767 simu-

2169 4797 2437 4853 lacrorum
2457 4812 2739 4852 cavernam
2767 4797 2818 4851 in
2839 4797 3095 4853 honorem
3122 4800 3305 4855 lascivi
3327 4800 3586 4856 daamonis
3606 4818 3766 4872 quem

2167 4889 2437 4946 Venerem
2477 4899 2672 4945 vocant
2714 4891 3044 4947 :edilicantes
3073 4909 3086 4945 :
3118 4894 3207 4948 ubi
3263 4895 3563 4950 execranda
3602 4897 3767 4951 sacri-

2170 4980 2289 5036 ﬁcia
2331 4996 2495 5052 super
2527 4981 2763 5051 profanis
2793 4991 2848 5037 et
2879 4983 3101 5051 impuris
3151 4985 3412 5041 altaribus
3442 4985 3760 5042 offerebant.

2169 5073 2225 5129 Id
2251 5075 2392 5129 enim
2423 5072 2565 5145 quod
2593 5074 2956 5140 instituerant,
2984 5075 3056 5130 ita
3093 5075 3310 5131 demum
3343 5093 3402 5133 se
3433 5078 3764 5148 perfecturos

2165 5180 2288 5221 esse
2317 5165 2695 5236 opinabantur,
2728 5169 2771 5221 si
2805 5167 3028 5236 impuris
3069 5167 3376 5237 hujusmodi
3406 5170 3652 5227 sordibus
3679 5187 3766 5228 sa-

2166 5258 2393 5312 lutarem
2423 5259 2733 5328 speluncam
2761 5259 3086 5314 obruissent.
3126 5261 3303 5316 Miseri
3342 5263 3487 5318 enim
3513 5264 3642 5320 illud
3683 5266 3764 5321 in-

2165 5350 2404 5421 telligere
2431 5366 2534 5404 non
2567 5350 2964 5420 poterant,ﬁeri
2995 5353 3212 5408 omnino
3238 5369 3344 5409 non
3377 5371 3558 5426 posse,
3591 5369 3648 5414 ut
3673 5363 3762 5429 qui

2163 5445 2231 5500 de
2262 5454 2434 5500 morte
2466 5446 2743 5500 victoriam
2792 5447 3094 5513 retulisset,
3131 5449 3234 5503 hoc
3275 5449 3513 5518 ipsorum
3557 5451 3763 5510 facinus

2161 5539 2428 5596 occultum
2456 5538 2790 5611 relinqueret
2819 5557 2832 5595 :
2865 5541 3318 5610 quemadmodum
3359 5557 3461 5599 nec
3504 5543 3620 5599 ﬁeri
3666 5562 3762 5617 po-

2162 5643 2298 5702 test,
2342 5643 2399 5688 ιιι
2427 5633 2508 5689 sol
2552 5648 2714 5705 supra
2761 5643 2931 5690 terras
2976 5635 3222 5701 radians,
3263 5644 3319 5692 et
3359 5651 3676 5695 consuetum
3707 5643 3759 5698 in

2159 5727 2297 5785 coelo
2334 5740 2552 5784 cursum
2592 5740 2885 5800 peragens,
2926 5727 3093 5786 totius
3120 5727 3586 5805 generishumani
3615 5734 3758 5788 noti-
