  <div class='ocr_page' id='page_1' title='image "/cluster/home/n/w/nwhite01/storage/ocr_20150623/8/hvd.32044096580360/040.png"; bbox 0 0 4142 6178; ppageno 0'>
   <div class='ocr_carea' id='block_1_1' title="bbox 318 289 3625 356">
    <p class='ocr_par' dir='ltr' id='par_1_1' title="bbox 318 289 3625 356">
     <span class='ocr_line' id='line_1_1' title="bbox 318 289 3625 356; baseline 0.003 -11"><span class='ocrx_word' id='word_1_1' title='bbox 318 289 399 345; x_wconf 76' lang='lat'><strong>57</strong></span> <span class='ocrx_word' id='word_1_2' title='bbox 1366 289 1452 347; x_wconf 62' lang='lat' dir='ltr'><strong>Illa</strong></span> <span class='ocrx_word' id='word_1_3' title='bbox 1486 291 1650 348; x_wconf 73' lang='lat' dir='ltr'><strong>V&#39;ITA</strong></span> <span class='ocrx_word' id='word_1_4' title='bbox 1686 289 2140 348; x_wconf 73' lang='lat' dir='ltr'><strong>CONSTANTINI</strong></span> <span class='ocrx_word' id='word_1_5' title='bbox 2181 292 2383 349; x_wconf 81' lang='lat' dir='ltr'><strong>LIBER</strong></span> <span class='ocrx_word' id='word_1_6' title='bbox 2425 293 2516 353; x_wconf 90' lang='lat' dir='ltr'><strong>III.</strong></span> <span class='ocrx_word' id='word_1_7' title='bbox 3555 299 3625 356; x_wconf 82' lang='lat'><strong>58</strong></span> 
     </span>
    </p>
   </div>
   <div class='ocr_carea' id='block_1_2' title="bbox 319 399 3629 480">
    <p class='ocr_par' dir='ltr' id='par_1_2' title="bbox 319 399 3629 480">
     <span class='ocr_line' id='line_1_2' title="bbox 319 399 3629 480; baseline 0.004 -26"><span class='ocrx_word' id='word_1_8' title='bbox 319 401 454 458; x_wconf 87' lang='lat' dir='ltr'><strong>tiam</strong></span> <span class='ocrx_word' id='word_1_9' title='bbox 481 399 854 473; x_wconf 74' lang='lat' dir='ltr'><strong>subterfugiat.</strong></span> <span class='ocrx_word' id='word_1_10' title='bbox 899 400 1109 474; x_wconf 84' lang='lat' dir='ltr'><strong>Quippe</strong></span> <span class='ocrx_word' id='word_1_11' title='bbox 1135 402 1439 460; x_wconf 88' lang='lat' dir='ltr'><strong>Servatoris</strong></span> <span class='ocrx_word' id='word_1_12' title='bbox 1483 405 1648 460; x_wconf 78' lang='lat' dir='ltr'><strong>nostri</strong></span> <span class='ocrx_word' id='word_1_13' title='bbox 1692 405 1929 475; x_wconf 86' lang='lat' dir='ltr'><strong>potentia</strong></span> <span class='ocrx_word' id='word_1_14' title='bbox 1958 405 2004 466; x_wconf 82' lang='lat' dir='ltr'><strong>A</strong></span> <span class='ocrx_word' id='word_1_15' title='bbox 2036 414 2248 474; x_wconf 90' lang='lat' dir='ltr'><strong>turum,</strong></span> <span class='ocrx_word' id='word_1_16' title='bbox 2307 406 2483 461; x_wconf 76' lang='lat' dir='ltr'><strong>divina</strong></span> <span class='ocrx_word' id='word_1_17' title='bbox 2541 407 2767 477; x_wconf 83' lang='lat' dir='ltr'><strong>quadam</strong></span> <span class='ocrx_word' id='word_1_18' title='bbox 2820 407 3096 464; x_wconf 88' lang='lat' dir='ltr'><strong>alacritate</strong></span> <span class='ocrx_word' id='word_1_19' title='bbox 3153 408 3491 480; x_wconf 75' lang='lat' dir='ltr'><strong>prmviderat.</strong></span> <span class='ocrx_word' id='word_1_20' title='bbox 3553 414 3629 468; x_wconf 79' lang='lat' dir='ltr'><strong>Ac</strong></span> 
     </span>
    </p>
   </div>
   <div class='ocr_carea' id='block_1_3' title="bbox 326 493 1933 566">
    <p class='ocr_par' dir='ltr' id='par_1_3' title="bbox 326 493 1933 566">
     <span class='ocr_line' id='line_1_3' title="bbox 326 493 1933 566; baseline 0.001 -17"><span class='ocrx_word' id='word_1_21' title='bbox 326 493 493 564; x_wconf 86' lang='lat' dir='ltr'><strong>longe</strong></span> <span class='ocrx_word' id='word_1_22' title='bbox 511 494 872 566; x_wconf 69' lang='lat' dir='ltr'><strong>prm5tantiori</strong></span> <span class='ocrx_word' id='word_1_23' title='bbox 916 495 1034 551; x_wconf 91' lang='lat' dir='ltr'><strong>luce</strong></span> <span class='ocrx_word' id='word_1_24' title='bbox 1065 496 1415 566; x_wconf 87' lang='lat' dir='ltr'><strong>resplendens</strong></span> <span class='ocrx_word' id='word_1_25' title='bbox 1437 538 1452 563; x_wconf 88' lang='lat'><strong>,</strong></span> <span class='ocrx_word' id='word_1_26' title='bbox 1485 513 1584 553; x_wconf 90' lang='lat' dir='ltr'><strong>nec</strong></span> <span class='ocrx_word' id='word_1_27' title='bbox 1618 509 1671 552; x_wconf 86' lang='grc' dir='ltr'><strong>ιιι</strong></span> <span class='ocrx_word' id='word_1_28' title='bbox 1706 499 1782 553; x_wconf 87' lang='lat' dir='ltr'><strong>sol</strong></span> <span class='ocrx_word' id='word_1_29' title='bbox 1813 512 1933 554; x_wconf 85' lang='lat' dir='ltr'><strong>eor-</strong></span> 
     </span>
    </p>
   </div>
   <div class='ocr_carea' id='block_1_4' title="bbox 322 585 1929 659">
    <p class='ocr_par' dir='ltr' id='par_1_4' title="bbox 322 585 1929 659">
     <span class='ocr_line' id='line_1_4' title="bbox 322 585 1929 659; baseline 0.004 -21"><span class='ocrx_word' id='word_1_30' title='bbox 322 600 502 656; x_wconf 85' lang='lat' dir='ltr'><strong>pora,</strong></span> <span class='ocrx_word' id='word_1_31' title='bbox 532 585 624 639; x_wconf 88' lang='lat' dir='ltr'><strong>sed</strong></span> <span class='ocrx_word' id='word_1_32' title='bbox 667 585 874 640; x_wconf 87' lang='lat' dir='ltr'><strong>animus</strong></span> <span class='ocrx_word' id='word_1_33' title='bbox 924 587 1198 642; x_wconf 85' lang='lat' dir='ltr'><strong>hominum</strong></span> <span class='ocrx_word' id='word_1_34' title='bbox 1250 588 1550 655; x_wconf 88' lang='lat' dir='ltr'><strong>illustrans,</strong></span> <span class='ocrx_word' id='word_1_35' title='bbox 1604 597 1771 643; x_wconf 90' lang='lat' dir='ltr'><strong>totum</strong></span> <span class='ocrx_word' id='word_1_36' title='bbox 1819 590 1929 659; x_wconf 88' lang='lat' dir='ltr'><strong>jam</strong></span> 
     </span>
    </p>
   </div>
   <div class='ocr_carea' id='block_1_5' title="bbox 322 676 1931 748">
    <p class='ocr_par' dir='ltr' id='par_1_5' title="bbox 322 676 1931 748">
     <span class='ocr_line' id='line_1_5' title="bbox 322 676 1931 748; baseline 0.005 -19"><span class='ocrx_word' id='word_1_37' title='bbox 322 684 594 731; x_wconf 86' lang='lat' dir='ltr'><strong>terrarum</strong></span> <span class='ocrx_word' id='word_1_38' title='bbox 643 676 827 731; x_wconf 84' lang='lat' dir='ltr'><strong>orbem</strong></span> <span class='ocrx_word' id='word_1_39' title='bbox 858 677 1023 732; x_wconf 82' lang='lat' dir='ltr'><strong>radiis</strong></span> <span class='ocrx_word' id='word_1_40' title='bbox 1058 678 1332 748; x_wconf 79' lang='lat' dir='ltr'><strong>implebat.</strong></span> <span class='ocrx_word' id='word_1_41' title='bbox 1360 679 1465 735; x_wconf 90' lang='lat' dir='ltr'><strong>Sed</strong></span> <span class='ocrx_word' id='word_1_42' title='bbox 1496 680 1846 736; x_wconf 86' lang='lat' dir='ltr'><strong>nihilominus</strong></span> <span class='ocrx_word' id='word_1_43' title='bbox 1868 696 1931 737; x_wconf 89' lang='lat' dir='ltr'><strong>ea</strong></span> 
     </span>
    </p>
   </div>
   <div class='ocr_carea' id='block_1_6' title="bbox 318 769 1930 840">
    <p class='ocr_par' dir='ltr' id='par_1_6' title="bbox 318 769 1930 840">
     <span class='ocr_line' id='line_1_6' title="bbox 318 769 1930 840; baseline 0.004 -18"><span class='ocrx_word' id='word_1_44' title='bbox 318 784 453 839; x_wconf 64' lang='lat' dir='ltr'><strong>quae</strong></span> <span class='ocrx_word' id='word_1_45' title='bbox 495 769 637 839; x_wconf 86' lang='lat' dir='ltr'><strong>impii</strong></span> <span class='ocrx_word' id='word_1_46' title='bbox 683 784 747 824; x_wconf 91' lang='lat' dir='ltr'><strong>ac</strong></span> <span class='ocrx_word' id='word_1_47' title='bbox 796 772 1004 840; x_wconf 78' lang='lat' dir='ltr'><strong>profani</strong></span> <span class='ocrx_word' id='word_1_48' title='bbox 1056 771 1302 828; x_wconf 88' lang='lat' dir='ltr'><strong>homines</strong></span> <span class='ocrx_word' id='word_1_49' title='bbox 1350 772 1612 829; x_wconf 86' lang='lat' dir='ltr'><strong>adversus</strong></span> <span class='ocrx_word' id='word_1_50' title='bbox 1652 775 1930 829; x_wconf 87' lang='lat' dir='ltr'><strong>veritatem</strong></span> 
     </span>
    </p>
   </div>
   <div class='ocr_carea' id='block_1_7' title="bbox 324 858 1935 935">
    <p class='ocr_par' dir='ltr' id='par_1_7' title="bbox 324 858 1935 935">
     <span class='ocr_line' id='line_1_7' title="bbox 324 858 1935 935; baseline 0.005 -21"><span class='ocrx_word' id='word_1_51' title='bbox 324 858 622 914; x_wconf 80' lang='lat' dir='ltr'><strong>machinati</strong></span> <span class='ocrx_word' id='word_1_52' title='bbox 654 858 900 926; x_wconf 85' lang='lat' dir='ltr'><strong>Inerant,</strong></span> <span class='ocrx_word' id='word_1_53' title='bbox 932 861 1089 932; x_wconf 83' lang='lat' dir='ltr'><strong>longo</strong></span> <span class='ocrx_word' id='word_1_54' title='bbox 1130 865 1385 934; x_wconf 91' lang='lat' dir='ltr'><strong>temporis</strong></span> <span class='ocrx_word' id='word_1_55' title='bbox 1420 865 1593 935; x_wconf 89' lang='lat' dir='ltr'><strong>spatio</strong></span> <span class='ocrx_word' id='word_1_56' title='bbox 1626 881 1935 935; x_wconf 85' lang='lat' dir='ltr'><strong>permanse-</strong></span> 
     </span>
    </p>
   </div>
   <div class='ocr_carea' id='block_1_8' title="bbox 319 953 1934 1025">
    <p class='ocr_par' dir='ltr' id='par_1_8' title="bbox 319 953 1934 1025">
     <span class='ocr_line' id='line_1_8' title="bbox 319 953 1934 1025; baseline 0.006 -19"><span class='ocrx_word' id='word_1_57' title='bbox 319 963 474 1008; x_wconf 82' lang='lat' dir='ltr'><strong>runt.</strong></span> <span class='ocrx_word' id='word_1_58' title='bbox 506 953 617 1008; x_wconf 86' lang='lat' dir='ltr'><strong>Nec</strong></span> <span class='ocrx_word' id='word_1_59' title='bbox 668 954 810 1010; x_wconf 89' lang='lat' dir='ltr'><strong>ullus</strong></span> <span class='ocrx_word' id='word_1_60' title='bbox 839 970 903 1010; x_wconf 82' lang='lat' dir='ltr'><strong>ex</strong></span> <span class='ocrx_word' id='word_1_61' title='bbox 936 955 1287 1025; x_wconf 72' lang='lat' dir='ltr'><strong>praesidibus,</strong></span> <span class='ocrx_word' id='word_1_62' title='bbox 1328 968 1421 1013; x_wconf 90' lang='lat' dir='ltr'><strong>aut</strong></span> <span class='ocrx_word' id='word_1_63' title='bbox 1447 975 1511 1013; x_wconf 85' lang='lat' dir='ltr'><strong>ex</strong></span> <span class='ocrx_word' id='word_1_64' title='bbox 1539 957 1798 1024; x_wconf 89' lang='lat' dir='ltr'><strong>ducibus,</strong></span> <span class='ocrx_word' id='word_1_65' title='bbox 1842 969 1934 1015; x_wconf 89' lang='lat' dir='ltr'><strong>aut</strong></span> 
     </span>
    </p>
   </div>
   <div class='ocr_carea' id='block_1_9' title="bbox 322 1045 1934 1121">
    <p class='ocr_par' dir='ltr' id='par_1_9' title="bbox 322 1045 1934 1121">
     <span class='ocr_line' id='line_1_9' title="bbox 322 1045 1934 1121; baseline 0.006 -21"><span class='ocrx_word' id='word_1_66' title='bbox 322 1059 397 1100; x_wconf 85' lang='lat' dir='ltr'><strong>ex</strong></span> <span class='ocrx_word' id='word_1_67' title='bbox 438 1045 572 1113; x_wconf 85' lang='lat' dir='ltr'><strong>ipsis</strong></span> <span class='ocrx_word' id='word_1_68' title='bbox 596 1046 758 1102; x_wconf 89' lang='lat' dir='ltr'><strong>etiam</strong></span> <span class='ocrx_word' id='word_1_69' title='bbox 803 1047 1247 1118; x_wconf 87' lang='lat' dir='ltr'><strong>imperatoribus,</strong></span> <span class='ocrx_word' id='word_1_70' title='bbox 1276 1051 1366 1121; x_wconf 87' lang='lat' dir='ltr'><strong>qui</strong></span> <span class='ocrx_word' id='word_1_71' title='bbox 1410 1050 1477 1106; x_wconf 91' lang='lat' dir='ltr'><strong>ad</strong></span> <span class='ocrx_word' id='word_1_72' title='bbox 1505 1059 1712 1107; x_wconf 89' lang='lat' dir='ltr'><strong>tantum</strong></span> <span class='ocrx_word' id='word_1_73' title='bbox 1758 1054 1934 1109; x_wconf 90' lang='lat' dir='ltr'><strong>scelus</strong></span> 
     </span>
    </p>
   </div>
   <div class='ocr_carea' id='block_1_10' title="bbox 327 1138 1931 1215">
    <p class='ocr_par' dir='ltr' id='par_1_10' title="bbox 327 1138 1931 1215">
     <span class='ocr_line' id='line_1_10' title="bbox 327 1138 1931 1215; baseline 0.006 -21"><span class='ocrx_word' id='word_1_74' title='bbox 327 1138 687 1195; x_wconf 77' lang='lat' dir='ltr'><strong>evertendam</strong></span> <span class='ocrx_word' id='word_1_75' title='bbox 718 1140 944 1196; x_wconf 89' lang='lat' dir='ltr'><strong>idoneus</strong></span> <span class='ocrx_word' id='word_1_76' title='bbox 972 1141 1127 1209; x_wconf 88' lang='lat' dir='ltr'><strong>foret,</strong></span> <span class='ocrx_word' id='word_1_77' title='bbox 1170 1144 1418 1200; x_wconf 90' lang='lat' dir='ltr'><strong>inventus</strong></span> <span class='ocrx_word' id='word_1_78' title='bbox 1442 1154 1525 1201; x_wconf 90' lang='lat' dir='ltr'><strong>est</strong></span> <span class='ocrx_word' id='word_1_79' title='bbox 1550 1155 1744 1215; x_wconf 85' lang='lat' dir='ltr'><strong>praeter</strong></span> <span class='ocrx_word' id='word_1_80' title='bbox 1768 1163 1931 1203; x_wconf 90' lang='lat' dir='ltr'><strong>unum</strong></span> 
     </span>
    </p>
   </div>
   <div class='ocr_carea' id='block_1_11' title="bbox 327 1232 1936 1310">
    <p class='ocr_par' dir='ltr' id='par_1_11' title="bbox 327 1232 1936 1310">
     <span class='ocr_line' id='line_1_11' title="bbox 327 1232 1936 1310; baseline 0.006 -23"><span class='ocrx_word' id='word_1_81' title='bbox 327 1232 446 1288; x_wconf 88' lang='lat' dir='ltr'><strong>Deo</strong></span> <span class='ocrx_word' id='word_1_82' title='bbox 477 1235 715 1288; x_wconf 89' lang='lat' dir='ltr'><strong>omnium</strong></span> <span class='ocrx_word' id='word_1_83' title='bbox 756 1236 867 1305; x_wconf 85' lang='lat' dir='ltr'><strong>regi</strong></span> <span class='ocrx_word' id='word_1_84' title='bbox 912 1237 1340 1306; x_wconf 78' lang='lat' dir='ltr'><strong>acceptissimum</strong></span> <span class='ocrx_word' id='word_1_85' title='bbox 1384 1239 1700 1310; x_wconf 87' lang='lat' dir='ltr'><strong>principem.</strong></span> <span class='ocrx_word' id='word_1_86' title='bbox 1731 1240 1830 1308; x_wconf 86' lang='lat' dir='ltr'><strong>Qui</strong></span> <span class='ocrx_word' id='word_1_87' title='bbox 1854 1241 1936 1297; x_wconf 88' lang='lat' dir='ltr'><strong>di-</strong></span> 
     </span>
    </p>
   </div>
   <div class='ocr_carea' id='block_1_12' title="bbox 327 1325 1933 1400">
    <p class='ocr_par' dir='ltr' id='par_1_12' title="bbox 327 1325 1933 1400">
     <span class='ocr_line' id='line_1_12' title="bbox 327 1325 1933 1400; baseline 0.006 -22"><span class='ocrx_word' id='word_1_88' title='bbox 327 1325 466 1380; x_wconf 78' lang='lat' dir='ltr'><strong>vino</strong></span> <span class='ocrx_word' id='word_1_89' title='bbox 512 1326 780 1380; x_wconf 83' lang='lat' dir='ltr'><strong>animatus</strong></span> <span class='ocrx_word' id='word_1_90' title='bbox 830 1328 1064 1397; x_wconf 85' lang='lat' dir='ltr'><strong>Spiritu,</strong></span> <span class='ocrx_word' id='word_1_91' title='bbox 1092 1343 1213 1383; x_wconf 90' lang='lat' dir='ltr'><strong>cum</strong></span> <span class='ocrx_word' id='word_1_92' title='bbox 1259 1345 1421 1400; x_wconf 87' lang='lat' dir='ltr'><strong>supra</strong></span> <span class='ocrx_word' id='word_1_93' title='bbox 1464 1343 1822 1387; x_wconf 86' lang='lat' dir='ltr'><strong>memoratum</strong></span> <span class='ocrx_word' id='word_1_94' title='bbox 1855 1332 1933 1387; x_wconf 96' lang='lat' dir='ltr'><strong>lo-</strong></span> 
     </span>
    </p>
   </div>
   <div class='ocr_carea' id='block_1_13' title="bbox 324 1413 1936 1485">
    <p class='ocr_par' dir='ltr' id='par_1_13' title="bbox 324 1413 1936 1485">
     <span class='ocr_line' id='line_1_13' title="bbox 324 1413 1936 1485; baseline 0.005 -18"><span class='ocrx_word' id='word_1_95' title='bbox 324 1426 482 1478; x_wconf 86' lang='lat' dir='ltr'><strong>cum,</strong></span> <span class='ocrx_word' id='word_1_96' title='bbox 507 1413 754 1467; x_wconf 91' lang='lat' dir='ltr'><strong>omnibns</strong></span> <span class='ocrx_word' id='word_1_97' title='bbox 777 1416 1143 1485; x_wconf 79' lang='lat' dir='ltr'><strong>purgamentis</strong></span> <span class='ocrx_word' id='word_1_98' title='bbox 1162 1430 1224 1471; x_wconf 90' lang='lat' dir='ltr'><strong>ac</strong></span> <span class='ocrx_word' id='word_1_99' title='bbox 1244 1417 1498 1472; x_wconf 85' lang='lat' dir='ltr'><strong>sordibus</strong></span> <span class='ocrx_word' id='word_1_100' title='bbox 1521 1419 1588 1473; x_wconf 90' lang='lat' dir='ltr'><strong>ab</strong></span> <span class='ocrx_word' id='word_1_101' title='bbox 1613 1417 1936 1475; x_wconf 89' lang='lat' dir='ltr'><strong>adversariis</strong></span> 
     </span>
    </p>
   </div>
   <div class='ocr_carea' id='block_1_14' title="bbox 323 1502 1932 1583">
    <p class='ocr_par' dir='ltr' id='par_1_14' title="bbox 323 1502 1932 1583">
     <span class='ocr_line' id='line_1_14' title="bbox 323 1502 1932 1583; baseline 0.005 -24"><span class='ocrx_word' id='word_1_102' title='bbox 323 1502 700 1560; x_wconf 84' lang='lat' dir='ltr'><strong>fraudulenter</strong></span> <span class='ocrx_word' id='word_1_103' title='bbox 730 1505 1103 1576; x_wconf 84' lang='lat' dir='ltr'><strong>obstructum,</strong></span> <span class='ocrx_word' id='word_1_104' title='bbox 1131 1519 1185 1564; x_wconf 94' lang='lat' dir='ltr'><strong>et</strong></span> <span class='ocrx_word' id='word_1_105' title='bbox 1212 1510 1467 1565; x_wconf 80' lang='lat' dir='ltr'><strong>oblivioni</strong></span> <span class='ocrx_word' id='word_1_106' title='bbox 1513 1514 1726 1583; x_wconf 85' lang='lat' dir='ltr'><strong>penitus</strong></span> <span class='ocrx_word' id='word_1_107' title='bbox 1770 1512 1932 1567; x_wconf 85' lang='lat' dir='ltr'><strong>tradi-</strong></span> 
     </span>
    </p>
   </div>
   <div class='ocr_carea' id='block_1_15' title="bbox 332 1596 1934 1677">
    <p class='ocr_par' dir='ltr' id='par_1_15' title="bbox 332 1596 1934 1677">
     <span class='ocr_line' id='line_1_15' title="bbox 332 1596 1934 1677; baseline 0.007 -26"><span class='ocrx_word' id='word_1_108' title='bbox 332 1606 453 1652; x_wconf 84' lang='lat' dir='ltr'><strong>tum</strong></span> <span class='ocrx_word' id='word_1_109' title='bbox 483 1612 604 1652; x_wconf 89' lang='lat' dir='ltr'><strong>esse</strong></span> <span class='ocrx_word' id='word_1_110' title='bbox 649 1596 866 1669; x_wconf 78' lang='lat' dir='ltr'><strong>indigne</strong></span> <span class='ocrx_word' id='word_1_111' title='bbox 905 1598 1101 1664; x_wconf 86' lang='lat' dir='ltr'><strong>ferret,</strong></span> <span class='ocrx_word' id='word_1_112' title='bbox 1133 1617 1233 1657; x_wconf 91' lang='lat' dir='ltr'><strong>nec</strong></span> <span class='ocrx_word' id='word_1_113' title='bbox 1264 1603 1586 1671; x_wconf 85' lang='lat' dir='ltr'><strong>improbitati</strong></span> <span class='ocrx_word' id='word_1_114' title='bbox 1630 1621 1816 1661; x_wconf 90' lang='lat' dir='ltr'><strong>eorum</strong></span> <span class='ocrx_word' id='word_1_115' title='bbox 1846 1607 1934 1677; x_wconf 91' lang='lat' dir='ltr'><strong>qui</strong></span> 
     </span>
    </p>
   </div>
   <div class='ocr_carea' id='block_1_16' title="bbox 336 1688 1933 1765">
    <p class='ocr_par' dir='ltr' id='par_1_16' title="bbox 336 1688 1933 1765">
     <span class='ocr_line' id='line_1_16' title="bbox 336 1688 1933 1765; baseline 0.006 -21"><span class='ocrx_word' id='word_1_116' title='bbox 336 1688 395 1744; x_wconf 90' lang='lat' dir='ltr'><strong>id</strong></span> <span class='ocrx_word' id='word_1_117' title='bbox 427 1688 602 1744; x_wconf 89' lang='lat' dir='ltr'><strong>moliti</strong></span> <span class='ocrx_word' id='word_1_118' title='bbox 648 1688 861 1745; x_wconf 81' lang='lat' dir='ltr'><strong>fuerant</strong></span> <span class='ocrx_word' id='word_1_119' title='bbox 907 1691 1205 1748; x_wconf 87' lang='lat' dir='ltr'><strong>cedendum</strong></span> <span class='ocrx_word' id='word_1_120' title='bbox 1255 1709 1376 1752; x_wconf 86' lang='lat' dir='ltr'><strong>esse</strong></span> <span class='ocrx_word' id='word_1_121' title='bbox 1422 1697 1807 1765; x_wconf 85' lang='lat' dir='ltr'><strong>arbitraretur,</strong></span> <span class='ocrx_word' id='word_1_122' title='bbox 1841 1698 1933 1753; x_wconf 92' lang='lat' dir='ltr'><strong>Dei</strong></span> 
     </span>
    </p>
   </div>
   <div class='ocr_carea' id='block_1_17' title="bbox 337 1780 2013 1863">
    <p class='ocr_par' dir='ltr' id='par_1_17' title="bbox 337 1780 2013 1863">
     <span class='ocr_line' id='line_1_17' title="bbox 337 1780 2013 1863; baseline 0.005 -27"><span class='ocrx_word' id='word_1_123' title='bbox 337 1780 604 1851; x_wconf 84' lang='lat' dir='ltr'><strong>adjutoris</strong></span> <span class='ocrx_word' id='word_1_124' title='bbox 646 1781 730 1836; x_wconf 89' lang='lat' dir='ltr'><strong>sui</strong></span> <span class='ocrx_word' id='word_1_125' title='bbox 781 1783 1002 1840; x_wconf 90' lang='lat' dir='ltr'><strong>numine</strong></span> <span class='ocrx_word' id='word_1_126' title='bbox 1053 1786 1330 1855; x_wconf 84' lang='lat' dir='ltr'><strong>invocato,</strong></span> <span class='ocrx_word' id='word_1_127' title='bbox 1379 1790 1592 1859; x_wconf 85' lang='lat' dir='ltr'><strong>purgari</strong></span> <span class='ocrx_word' id='word_1_128' title='bbox 1633 1791 1888 1860; x_wconf 70' lang='lat' dir='ltr'><strong>prmcepit</strong></span> <span class='ocrx_word' id='word_1_129' title='bbox 1920 1809 1933 1846; x_wconf 91' lang='lat'><strong>:</strong></span> <span class='ocrx_word' id='word_1_130' title='bbox 1966 1803 2013 1863; x_wconf 80' lang='grc' dir='ltr'><strong>Β</strong></span> 
     </span>
    </p>
   </div>
   <div class='ocr_carea' id='block_1_18' title="bbox 327 1877 1934 1953">
    <p class='ocr_par' dir='ltr' id='par_1_18' title="bbox 327 1877 1934 1953">
     <span class='ocr_line' id='line_1_18' title="bbox 327 1877 1934 1953; baseline 0.006 -24"><span class='ocrx_word' id='word_1_131' title='bbox 327 1886 488 1930; x_wconf 85' lang='lat' dir='ltr'><strong>ratus</strong></span> <span class='ocrx_word' id='word_1_132' title='bbox 532 1891 650 1931; x_wconf 89' lang='lat' dir='ltr'><strong>eam</strong></span> <span class='ocrx_word' id='word_1_133' title='bbox 701 1877 935 1933; x_wconf 81' lang='lat' dir='ltr'><strong>maxime</strong></span> <span class='ocrx_word' id='word_1_134' title='bbox 987 1879 1087 1935; x_wconf 73' lang='grc' dir='ltr'><strong>ευὶὶ</strong></span> <span class='ocrx_word' id='word_1_135' title='bbox 1139 1890 1377 1951; x_wconf 90' lang='lat' dir='ltr'><strong>partem,</strong></span> <span class='ocrx_word' id='word_1_136' title='bbox 1428 1898 1587 1953; x_wconf 90' lang='lat' dir='ltr'><strong>qnam</strong></span> <span class='ocrx_word' id='word_1_137' title='bbox 1641 1883 1934 1939; x_wconf 78' lang='lat' dir='ltr'><strong>adversarii</strong></span> 
     </span>
    </p>
   </div>
   <div class='ocr_carea' id='block_1_19' title="bbox 328 1969 1935 2042">
    <p class='ocr_par' dir='ltr' id='par_1_19' title="bbox 328 1969 1935 2042">
     <span class='ocr_line' id='line_1_19' title="bbox 328 1969 1935 2042; baseline 0.005 -19"><span class='ocrx_word' id='word_1_138' title='bbox 328 1969 824 2036; x_wconf 86' lang='lat' dir='ltr'><strong>contaminassent,</strong></span> <span class='ocrx_word' id='word_1_139' title='bbox 848 1987 944 2028; x_wconf 90' lang='lat' dir='ltr'><strong>sua</strong></span> <span class='ocrx_word' id='word_1_140' title='bbox 990 1989 1154 2042; x_wconf 85' lang='lat' dir='ltr'><strong>opera</strong></span> <span class='ocrx_word' id='word_1_141' title='bbox 1180 1990 1243 2029; x_wconf 89' lang='lat' dir='ltr'><strong>ac</strong></span> <span class='ocrx_word' id='word_1_142' title='bbox 1273 1975 1570 2031; x_wconf 91' lang='lat' dir='ltr'><strong>ministerio</strong></span> <span class='ocrx_word' id='word_1_143' title='bbox 1614 1977 1791 2031; x_wconf 85' lang='lat' dir='ltr'><strong>divina</strong></span> <span class='ocrx_word' id='word_1_144' title='bbox 1834 1978 1935 2031; x_wconf 92' lang='lat' dir='ltr'><strong>frui</strong></span> 
     </span>
    </p>
   </div>
   <div class='ocr_carea' id='block_1_20' title="bbox 330 2059 1938 2138">
    <p class='ocr_par' dir='ltr' id='par_1_20' title="bbox 330 2059 1938 2138">
     <span class='ocr_line' id='line_1_20' title="bbox 330 2059 1938 2138; baseline 0.005 -24"><span class='ocrx_word' id='word_1_145' title='bbox 330 2059 736 2130; x_wconf 81' lang='lat' dir='ltr'><strong>magniﬁcentia</strong></span> <span class='ocrx_word' id='word_1_146' title='bbox 768 2073 1038 2133; x_wconf 87' lang='lat' dir='ltr'><strong>oportere.</strong></span> <span class='ocrx_word' id='word_1_147' title='bbox 1089 2066 1257 2120; x_wconf 87' lang='lat' dir='ltr'><strong>Simul</strong></span> <span class='ocrx_word' id='word_1_148' title='bbox 1288 2079 1448 2137; x_wconf 88' lang='lat' dir='ltr'><strong>atque</strong></span> <span class='ocrx_word' id='word_1_149' title='bbox 1479 2067 1579 2121; x_wconf 85' lang='lat' dir='ltr'><strong>hoc</strong></span> <span class='ocrx_word' id='word_1_150' title='bbox 1609 2067 1675 2122; x_wconf 89' lang='lat' dir='ltr'><strong>ab</strong></span> <span class='ocrx_word' id='word_1_151' title='bbox 1707 2069 1938 2138; x_wconf 86' lang='lat' dir='ltr'><strong>impera-</strong></span> 
     </span>
    </p>
   </div>
   <div class='ocr_carea' id='block_1_21' title="bbox 334 2157 1935 2225">
    <p class='ocr_par' dir='ltr' id='par_1_21' title="bbox 334 2157 1935 2225">
     <span class='ocr_line' id='line_1_21' title="bbox 334 2157 1935 2225; baseline 0.005 -18"><span class='ocrx_word' id='word_1_152' title='bbox 334 2161 457 2208; x_wconf 83' lang='lat' dir='ltr'><strong>tore</strong></span> <span class='ocrx_word' id='word_1_153' title='bbox 497 2163 827 2223; x_wconf 63' lang='lat' dir='ltr'><strong>pra&#39;ceptum</strong></span> <span class='ocrx_word' id='word_1_154' title='bbox 850 2165 966 2220; x_wconf 90' lang='lat' dir='ltr'><strong>est,</strong></span> <span class='ocrx_word' id='word_1_155' title='bbox 992 2157 1256 2213; x_wconf 89' lang='lat' dir='ltr'><strong>continuo</strong></span> <span class='ocrx_word' id='word_1_156' title='bbox 1281 2173 1443 2225; x_wconf 82' lang='lat' dir='ltr'><strong>Opera</strong></span> <span class='ocrx_word' id='word_1_157' title='bbox 1473 2157 1561 2212; x_wconf 89' lang='lat' dir='ltr'><strong>illa</strong></span> <span class='ocrx_word' id='word_1_158' title='bbox 1598 2158 1663 2213; x_wconf 93' lang='lat' dir='ltr'><strong>ad</strong></span> <span class='ocrx_word' id='word_1_159' title='bbox 1694 2159 1935 2215; x_wconf 86' lang='lat' dir='ltr'><strong>fraudem</strong></span> 
     </span>
    </p>
   </div>
   <div class='ocr_carea' id='block_1_22' title="bbox 335 2248 1935 2322">
    <p class='ocr_par' dir='ltr' id='par_1_22' title="bbox 335 2248 1935 2322">
     <span class='ocr_line' id='line_1_22' title="bbox 335 2248 1935 2322; baseline 0.005 -22"><span class='ocrx_word' id='word_1_160' title='bbox 335 2256 670 2316; x_wconf 88' lang='lat' dir='ltr'><strong>comparata,</strong></span> <span class='ocrx_word' id='word_1_161' title='bbox 697 2261 729 2303; x_wconf 91' lang='lat' dir='ltr'><strong>e</strong></span> <span class='ocrx_word' id='word_1_162' title='bbox 751 2248 963 2303; x_wconf 88' lang='lat' dir='ltr'><strong>sublimi</strong></span> <span class='ocrx_word' id='word_1_163' title='bbox 1000 2249 1069 2304; x_wconf 90' lang='lat' dir='ltr'><strong>ad</strong></span> <span class='ocrx_word' id='word_1_164' title='bbox 1100 2250 1272 2305; x_wconf 90' lang='lat' dir='ltr'><strong>solum</strong></span> <span class='ocrx_word' id='word_1_165' title='bbox 1297 2251 1506 2322; x_wconf 87' lang='lat' dir='ltr'><strong>dejecta</strong></span> <span class='ocrx_word' id='word_1_166' title='bbox 1538 2262 1664 2308; x_wconf 89' lang='lat' dir='ltr'><strong>sunt</strong></span> <span class='ocrx_word' id='word_1_167' title='bbox 1683 2295 1699 2320; x_wconf 93' lang='lat'><strong>,</strong></span> <span class='ocrx_word' id='word_1_168' title='bbox 1727 2262 1781 2309; x_wconf 89' lang='lat' dir='ltr'><strong>et</strong></span> <span class='ocrx_word' id='word_1_169' title='bbox 1801 2254 1935 2308; x_wconf 61' lang='lat' dir='ltr'><strong>aedi-</strong></span> 
     </span>
    </p>
   </div>
   <div class='ocr_carea' id='block_1_23' title="bbox 337 2336 1937 2417">
    <p class='ocr_par' dir='ltr' id='par_1_23' title="bbox 337 2336 1937 2417">
     <span class='ocr_line' id='line_1_23' title="bbox 337 2336 1937 2417; baseline 0.006 -26"><span class='ocrx_word' id='word_1_170' title='bbox 337 2336 461 2392; x_wconf 84' lang='lat' dir='ltr'><strong>ﬁcia</strong></span> <span class='ocrx_word' id='word_1_171' title='bbox 490 2338 556 2391; x_wconf 89' lang='lat' dir='ltr'><strong>ad</strong></span> <span class='ocrx_word' id='word_1_172' title='bbox 581 2338 942 2407; x_wconf 82' lang='lat' dir='ltr'><strong>decipiendus</strong></span> <span class='ocrx_word' id='word_1_173' title='bbox 988 2340 1233 2397; x_wconf 87' lang='lat' dir='ltr'><strong>homines</strong></span> <span class='ocrx_word' id='word_1_174' title='bbox 1279 2354 1619 2410; x_wconf 88' lang='lat' dir='ltr'><strong>constructa,</strong></span> <span class='ocrx_word' id='word_1_175' title='bbox 1652 2361 1773 2401; x_wconf 91' lang='lat' dir='ltr'><strong>cum</strong></span> <span class='ocrx_word' id='word_1_176' title='bbox 1809 2347 1937 2417; x_wconf 87' lang='lat' dir='ltr'><strong>ipsis</strong></span> 
     </span>
    </p>
   </div>
   <div class='ocr_carea' id='block_1_24' title="bbox 334 2427 1735 2507">
    <p class='ocr_par' dir='ltr' id='par_1_24' title="bbox 334 2427 1735 2507">
     <span class='ocr_line' id='line_1_24' title="bbox 334 2427 1735 2507; baseline 0.006 -23"><span class='ocrx_word' id='word_1_177' title='bbox 334 2429 533 2484; x_wconf 82' lang='lat' dir='ltr'><strong>statuis</strong></span> <span class='ocrx_word' id='word_1_178' title='bbox 560 2443 623 2484; x_wconf 87' lang='lat' dir='ltr'><strong>ac</strong></span> <span class='ocrx_word' id='word_1_179' title='bbox 649 2427 987 2487; x_wconf 50' lang='lat' dir='ltr'><strong>daemonibus</strong></span> <span class='ocrx_word' id='word_1_180' title='bbox 1012 2433 1186 2488; x_wconf 83' lang='lat' dir='ltr'><strong>diruta</strong></span> <span class='ocrx_word' id='word_1_181' title='bbox 1216 2447 1340 2490; x_wconf 89' lang='lat' dir='ltr'><strong>sunt</strong></span> <span class='ocrx_word' id='word_1_182' title='bbox 1367 2451 1431 2491; x_wconf 91' lang='lat' dir='ltr'><strong>ac</strong></span> <span class='ocrx_word' id='word_1_183' title='bbox 1458 2436 1735 2507; x_wconf 70' lang='lat' dir='ltr'><strong>dissipata.</strong></span> 
     </span>
    </p>
   </div>
   <div class='ocr_carea' id='block_1_25' title="bbox 898 2542 1384 2605">
    <p class='ocr_par' dir='ltr' id='par_1_25' title="bbox 898 2542 1384 2605">
     <span class='ocr_line' id='line_1_25' title="bbox 898 2542 1384 2605; baseline 0.01 -5"><span class='ocrx_word' id='word_1_184' title='bbox 898 2542 1127 2603; x_wconf 87' lang='lat' dir='ltr'><strong>CAPUT</strong></span> <span class='ocrx_word' id='word_1_185' title='bbox 1172 2547 1384 2605; x_wconf 80' lang='lat' dir='ltr'><strong>XXVII.</strong></span> 
     </span>
    </p>
   </div>
   <div class='ocr_carea' id='block_1_26' title="bbox 411 2632 1866 2711">
    <p class='ocr_par' dir='ltr' id='par_1_26' title="bbox 411 2632 1866 2711">
     <span class='ocr_line' id='line_1_26' title="bbox 411 2632 1866 2711; baseline 0.01 -25"><span class='ocrx_word' id='word_1_186' title='bbox 411 2632 687 2701; x_wconf 80' lang='lat' dir='ltr'><strong>Quomodo</strong></span> <span class='ocrx_word' id='word_1_187' title='bbox 713 2633 1075 2694; x_wconf 75' lang='lat' dir='ltr'><strong>Constantinus</strong></span> <span class='ocrx_word' id='word_1_188' title='bbox 1103 2641 1277 2711; x_wconf 84' lang='lat' dir='ltr'><strong>templi</strong></span> <span class='ocrx_word' id='word_1_189' title='bbox 1304 2644 1565 2698; x_wconf 88' lang='lat' dir='ltr'><strong>materiam</strong></span> <span class='ocrx_word' id='word_1_190' title='bbox 1596 2661 1657 2698; x_wconf 89' lang='lat' dir='ltr'><strong>ac</strong></span> <span class='ocrx_word' id='word_1_191' title='bbox 1680 2644 1866 2700; x_wconf 83' lang='lat' dir='ltr'><strong>rudera</strong></span> 
     </span>
    </p>
   </div>
   <div class='ocr_carea' id='block_1_27' title="bbox 734 2728 1542 2804">
    <p class='ocr_par' dir='ltr' id='par_1_27' title="bbox 734 2728 1542 2804">
     <span class='ocr_line' id='line_1_27' title="bbox 734 2728 1542 2804; baseline 0.012 -23"><span class='ocrx_word' id='word_1_192' title='bbox 734 2728 1029 2801; x_wconf 80' lang='lat' dir='ltr'><strong>longissime</strong></span> <span class='ocrx_word' id='word_1_193' title='bbox 1050 2734 1236 2804; x_wconf 85' lang='lat' dir='ltr'><strong>projici</strong></span> <span class='ocrx_word' id='word_1_194' title='bbox 1261 2735 1542 2791; x_wconf 80' lang='lat' dir='ltr'><strong>mandavit.</strong></span> 
     </span>
    </p>
   </div>
   <div class='ocr_carea' id='block_1_28' title="bbox 407 2845 1934 2923">
    <p class='ocr_par' dir='ltr' id='par_1_28' title="bbox 407 2845 1934 2923">
     <span class='ocr_line' id='line_1_28' title="bbox 407 2845 1934 2923; baseline 0.004 -22"><span class='ocrx_word' id='word_1_195' title='bbox 407 2845 597 2918; x_wconf 82' lang='lat' dir='ltr'><strong>Neque</strong></span> <span class='ocrx_word' id='word_1_196' title='bbox 629 2855 810 2904; x_wconf 90' lang='lat' dir='ltr'><strong>tamen</strong></span> <span class='ocrx_word' id='word_1_197' title='bbox 845 2848 933 2905; x_wconf 91' lang='lat' dir='ltr'><strong>hic</strong></span> <span class='ocrx_word' id='word_1_198' title='bbox 958 2852 1266 2923; x_wconf 90' lang='lat' dir='ltr'><strong>conquievit</strong></span> <span class='ocrx_word' id='word_1_199' title='bbox 1296 2853 1638 2922; x_wconf 87' lang='lat' dir='ltr'><strong>imperatoris</strong></span> <span class='ocrx_word' id='word_1_200' title='bbox 1664 2852 1934 2908; x_wconf 87' lang='lat' dir='ltr'><strong>alacritas.</strong></span> 
     </span>
    </p>
   </div>
   <div class='ocr_carea' id='block_1_29' title="bbox 334 2938 1939 3018">
    <p class='ocr_par' dir='ltr' id='par_1_29' title="bbox 334 2938 1939 3018">
     <span class='ocr_line' id='line_1_29' title="bbox 334 2938 1939 3018; baseline 0.006 -23"><span class='ocrx_word' id='word_1_201' title='bbox 334 2938 444 2995; x_wconf 88' lang='lat' dir='ltr'><strong>Sed</strong></span> <span class='ocrx_word' id='word_1_202' title='bbox 493 2950 758 3010; x_wconf 68' lang='lat' dir='ltr'><strong>prteterea</strong></span> <span class='ocrx_word' id='word_1_203' title='bbox 808 2943 918 2997; x_wconf 94' lang='lat' dir='ltr'><strong>tolli</strong></span> <span class='ocrx_word' id='word_1_204' title='bbox 964 2954 1079 2999; x_wconf 89' lang='lat' dir='ltr'><strong>ruta</strong></span> <span class='ocrx_word' id='word_1_205' title='bbox 1109 2960 1299 3013; x_wconf 68' lang='lat' dir='ltr'><strong>caesa,</strong></span> <span class='ocrx_word' id='word_1_206' title='bbox 1340 2955 1391 3001; x_wconf 90' lang='lat' dir='ltr'><strong>et</strong></span> <span class='ocrx_word' id='word_1_207' title='bbox 1422 2962 1581 3017; x_wconf 91' lang='lat' dir='ltr'><strong>quam</strong></span> <span class='ocrx_word' id='word_1_208' title='bbox 1630 2947 1939 3018; x_wconf 80' lang='lat' dir='ltr'><strong>longissime</strong></span> 
     </span>
    </p>
   </div>
   <div class='ocr_carea' id='block_1_30' title="bbox 333 3034 1936 3108">
    <p class='ocr_par' dir='ltr' id='par_1_30' title="bbox 333 3034 1936 3108">
     <span class='ocr_line' id='line_1_30' title="bbox 333 3034 1936 3108; baseline 0.003 -20"><span class='ocrx_word' id='word_1_209' title='bbox 333 3041 489 3088; x_wconf 86' lang='lat' dir='ltr'><strong>extra</strong></span> <span class='ocrx_word' id='word_1_210' title='bbox 540 3034 678 3089; x_wconf 89' lang='lat' dir='ltr'><strong>lines</strong></span> <span class='ocrx_word' id='word_1_211' title='bbox 724 3036 960 3105; x_wconf 80' lang='lat' dir='ltr'><strong>regionis</strong></span> <span class='ocrx_word' id='word_1_212' title='bbox 990 3038 1177 3108; x_wconf 89' lang='lat' dir='ltr'><strong>projiei</strong></span> <span class='ocrx_word' id='word_1_213' title='bbox 1229 3038 1523 3093; x_wconf 82' lang='lat' dir='ltr'><strong>mandavit.</strong></span> <span class='ocrx_word' id='word_1_214' title='bbox 1569 3039 1724 3106; x_wconf 81' lang='lat' dir='ltr'><strong>Quod</strong></span> <span class='ocrx_word' id='word_1_215' title='bbox 1753 3040 1936 3094; x_wconf 86' lang='lat' dir='ltr'><strong>itidem</strong></span> 
     </span>
    </p>
   </div>
   <div class='ocr_carea' id='block_1_31' title="bbox 259 3130 1939 3199">
    <p class='ocr_par' dir='ltr' id='par_1_31' title="bbox 259 3130 1939 3199">
     <span class='ocr_line' id='line_1_31' title="bbox 259 3130 1939 3199; baseline 0.005 -20"><span class='ocrx_word' id='word_1_216' title='bbox 259 3188 269 3196; x_wconf 84' lang='lat'><strong>_</strong></span> <span class='ocrx_word' id='word_1_217' title='bbox 335 3135 669 3196; x_wconf 60' lang='lat' dir='ltr'><strong>praeceptum</strong></span> <span class='ocrx_word' id='word_1_218' title='bbox 727 3130 974 3199; x_wconf 86' lang='lat' dir='ltr'><strong>protinus</strong></span> <span class='ocrx_word' id='word_1_219' title='bbox 1002 3131 1303 3186; x_wconf 82' lang='lat' dir='ltr'><strong>executioni</strong></span> <span class='ocrx_word' id='word_1_220' title='bbox 1332 3133 1638 3187; x_wconf 85' lang='lat' dir='ltr'><strong>mandatum</strong></span> <span class='ocrx_word' id='word_1_221' title='bbox 1666 3143 1767 3189; x_wconf 91' lang='lat' dir='ltr'><strong>est.</strong></span> <span class='ocrx_word' id='word_1_222' title='bbox 1800 3132 1939 3187; x_wconf 85' lang='lat' dir='ltr'><strong>Huc-</strong></span> 
     </span>
    </p>
   </div>
   <div class='ocr_carea' id='block_1_32' title="bbox 335 3224 1935 3296">
    <p class='ocr_par' dir='ltr' id='par_1_32' title="bbox 335 3224 1935 3296">
     <span class='ocr_line' id='line_1_32' title="bbox 335 3224 1935 3296; baseline 0.006 -24"><span class='ocrx_word' id='word_1_223' title='bbox 335 3232 509 3288; x_wconf 88' lang='lat' dir='ltr'><strong>usque</strong></span> <span class='ocrx_word' id='word_1_224' title='bbox 554 3235 685 3275; x_wconf 88' lang='lat' dir='ltr'><strong>vero</strong></span> <span class='ocrx_word' id='word_1_225' title='bbox 729 3236 1048 3292; x_wconf 86' lang='lat' dir='ltr'><strong>progressus</strong></span> <span class='ocrx_word' id='word_1_226' title='bbox 1092 3224 1412 3295; x_wconf 87' lang='lat' dir='ltr'><strong>imperator,</strong></span> <span class='ocrx_word' id='word_1_227' title='bbox 1450 3242 1783 3296; x_wconf 84' lang='lat' dir='ltr'><strong>nequaquam</strong></span> <span class='ocrx_word' id='word_1_228' title='bbox 1835 3228 1935 3284; x_wconf 88' lang='lat' dir='ltr'><strong>sibi</strong></span> 
     </span>
    </p>
   </div>
   <div class='ocr_carea' id='block_1_33' title="bbox 335 3308 1938 3389">
    <p class='ocr_par' dir='ltr' id='par_1_33' title="bbox 335 3308 1938 3389">
     <span class='ocr_line' id='line_1_33' title="bbox 335 3308 1938 3389; baseline 0.007 -26"><span class='ocrx_word' id='word_1_229' title='bbox 335 3308 617 3365; x_wconf 78' lang='lat' dir='ltr'><strong>satisfecit.</strong></span> <span class='ocrx_word' id='word_1_230' title='bbox 650 3313 780 3380; x_wconf 88' lang='lat' dir='ltr'><strong>Sed,</strong></span> <span class='ocrx_word' id='word_1_231' title='bbox 814 3313 995 3370; x_wconf 88' lang='lat' dir='ltr'><strong>divino</strong></span> <span class='ocrx_word' id='word_1_232' title='bbox 1035 3316 1265 3384; x_wconf 89' lang='lat' dir='ltr'><strong>quodam</strong></span> <span class='ocrx_word' id='word_1_233' title='bbox 1311 3328 1444 3372; x_wconf 71' lang='lat' dir='ltr'><strong>azstu</strong></span> <span class='ocrx_word' id='word_1_234' title='bbox 1477 3320 1748 3385; x_wconf 87' lang='lat' dir='ltr'><strong>incitatus,</strong></span> <span class='ocrx_word' id='word_1_235' title='bbox 1776 3321 1938 3389; x_wconf 88' lang='lat' dir='ltr'><strong>jussit</strong></span> 
     </span>
    </p>
   </div>
   <div class='ocr_carea' id='block_1_34' title="bbox 336 3405 1936 3483">
    <p class='ocr_par' dir='ltr' id='par_1_34' title="bbox 336 3405 1936 3483">
     <span class='ocr_line' id='line_1_34' title="bbox 336 3405 1936 3483; baseline 0.007 -25"><span class='ocrx_word' id='word_1_236' title='bbox 336 3413 394 3459; x_wconf 86' lang='lat' dir='ltr'><strong>ut</strong></span> <span class='ocrx_word' id='word_1_237' title='bbox 417 3405 538 3460; x_wconf 87' lang='lat' dir='ltr'><strong>loco</strong></span> <span class='ocrx_word' id='word_1_238' title='bbox 566 3407 829 3463; x_wconf 84' lang='lat' dir='ltr'><strong>altissime</strong></span> <span class='ocrx_word' id='word_1_239' title='bbox 856 3408 1084 3476; x_wconf 67' lang='lat' dir='ltr'><strong>ell‘nsso,</strong></span> <span class='ocrx_word' id='word_1_240' title='bbox 1113 3411 1286 3466; x_wconf 87' lang='lat' dir='ltr'><strong>solum</strong></span> <span class='ocrx_word' id='word_1_241' title='bbox 1316 3412 1488 3482; x_wconf 87' lang='lat' dir='ltr'><strong>ipsum</strong></span> <span class='ocrx_word' id='word_1_242' title='bbox 1520 3423 1705 3483; x_wconf 88' lang='lat' dir='ltr'><strong>utpote</strong></span> <span class='ocrx_word' id='word_1_243' title='bbox 1734 3414 1936 3469; x_wconf 65' lang='lat' dir='ltr'><strong>dmino-</strong></span> 
     </span>
    </p>
   </div>
   <div class='ocr_carea' id='block_1_35' title="bbox 336 3502 1936 3580">
    <p class='ocr_par' dir='ltr' id='par_1_35' title="bbox 336 3502 1936 3580">
     <span class='ocr_line' id='line_1_35' title="bbox 336 3502 1936 3580; baseline 0.006 -26"><span class='ocrx_word' id='word_1_244' title='bbox 336 3515 468 3555; x_wconf 88' lang='lat' dir='ltr'><strong>num</strong></span> <span class='ocrx_word' id='word_1_245' title='bbox 500 3502 732 3571; x_wconf 87' lang='lat' dir='ltr'><strong>piaculis</strong></span> <span class='ocrx_word' id='word_1_246' title='bbox 751 3507 1171 3560; x_wconf 84' lang='lat' dir='ltr'><strong>contaminatum</strong></span> <span class='ocrx_word' id='word_1_247' title='bbox 1193 3548 1209 3573; x_wconf 92' lang='lat'><strong>,</strong></span> <span class='ocrx_word' id='word_1_248' title='bbox 1242 3506 1399 3562; x_wconf 86' lang='lat' dir='ltr'><strong>simul</strong></span> <span class='ocrx_word' id='word_1_249' title='bbox 1420 3522 1541 3563; x_wconf 88' lang='lat' dir='ltr'><strong>cum</strong></span> <span class='ocrx_word' id='word_1_250' title='bbox 1561 3517 1740 3580; x_wconf 86' lang='lat' dir='ltr'><strong>egesta</strong></span> <span class='ocrx_word' id='word_1_251' title='bbox 1773 3508 1936 3564; x_wconf 92' lang='lat' dir='ltr'><strong>humo</strong></span> 
     </span>
    </p>
   </div>
   <div class='ocr_carea' id='block_1_36' title="bbox 332 3593 1262 3666">
    <p class='ocr_par' dir='ltr' id='par_1_36' title="bbox 332 3593 1262 3666">
     <span class='ocr_line' id='line_1_36' title="bbox 332 3593 1262 3666; baseline 0.008 -20"><span class='ocrx_word' id='word_1_252' title='bbox 332 3606 499 3663; x_wconf 80' lang='lat' dir='ltr'><strong>quam</strong></span> <span class='ocrx_word' id='word_1_253' title='bbox 526 3593 840 3666; x_wconf 80' lang='lat' dir='ltr'><strong>longissime</strong></span> <span class='ocrx_word' id='word_1_254' title='bbox 865 3608 1262 3665; x_wconf 81' lang='lat' dir='ltr'><strong>exportaretur.</strong></span> 
     </span>
    </p>
   </div>
   <div class='ocr_carea' id='block_1_37' title="bbox 872 3707 1363 3767">
    <p class='ocr_par' dir='ltr' id='par_1_37' title="bbox 872 3707 1363 3767">
     <span class='ocr_line' id='line_1_37' title="bbox 872 3707 1363 3767; baseline 0.002 -2"><span class='ocrx_word' id='word_1_255' title='bbox 872 3707 1098 3766; x_wconf 79' lang='lat' dir='ltr'><strong>CAPUT</strong></span> <span class='ocrx_word' id='word_1_256' title='bbox 1128 3710 1363 3767; x_wconf 80' lang='lat' dir='ltr'><strong>XXVIII.</strong></span> 
     </span>
    </p>
   </div>
   <div class='ocr_carea' id='block_1_38' title="bbox 636 3800 1605 3877">
    <p class='ocr_par' dir='ltr' id='par_1_38' title="bbox 636 3800 1605 3877">
     <span class='ocr_line' id='line_1_38' title="bbox 636 3800 1605 3877; baseline 0.005 -21"><span class='ocrx_word' id='word_1_257' title='bbox 636 3800 990 3874; x_wconf 75' lang='lat' dir='ltr'><strong>Manifestatio</strong></span> <span class='ocrx_word' id='word_1_258' title='bbox 1030 3804 1336 3858; x_wconf 71' lang='lat' dir='ltr'><strong>sanctissimi</strong></span> <span class='ocrx_word' id='word_1_259' title='bbox 1365 3805 1605 3877; x_wconf 76' lang='lat' dir='ltr'><strong>sepulcri.</strong></span> 
     </span>
    </p>
   </div>
   <div class='ocr_carea' id='block_1_39' title="bbox 405 3914 1926 3988">
    <p class='ocr_par' dir='ltr' id='par_1_39' title="bbox 405 3914 1926 3988">
     <span class='ocr_line' id='line_1_39' title="bbox 405 3914 1926 3988; baseline 0.003 -18"><span class='ocrx_word' id='word_1_260' title='bbox 405 3914 518 3970; x_wconf 75' lang='lat' dir='ltr'><strong>Nec</strong></span> <span class='ocrx_word' id='word_1_261' title='bbox 544 3929 730 3978; x_wconf 88' lang='lat' dir='ltr'><strong>mora;</strong></span> <span class='ocrx_word' id='word_1_262' title='bbox 755 3914 894 3968; x_wconf 80' lang='lat' dir='ltr'><strong>istud</strong></span> <span class='ocrx_word' id='word_1_263' title='bbox 922 3931 1157 3986; x_wconf 79' lang='lat' dir='ltr'><strong>quoque,</strong></span> <span class='ocrx_word' id='word_1_264' title='bbox 1178 3916 1458 3986; x_wconf 90' lang='lat' dir='ltr'><strong>ntjussum</strong></span> <span class='ocrx_word' id='word_1_265' title='bbox 1490 3928 1629 3986; x_wconf 89' lang='lat' dir='ltr'><strong>erat,</strong></span> <span class='ocrx_word' id='word_1_266' title='bbox 1648 3918 1926 3988; x_wconf 89' lang='lat' dir='ltr'><strong>impletum</strong></span> 
     </span>
    </p>
   </div>
   <div class='ocr_carea' id='block_1_40' title="bbox 331 4006 1937 4083">
    <p class='ocr_par' dir='ltr' id='par_1_40' title="bbox 331 4006 1937 4083">
     <span class='ocr_line' id='line_1_40' title="bbox 331 4006 1937 4083; baseline 0.004 -20"><span class='ocrx_word' id='word_1_267' title='bbox 331 4018 444 4063; x_wconf 85' lang='lat' dir='ltr'><strong>est.</strong></span> <span class='ocrx_word' id='word_1_268' title='bbox 486 4007 779 4075; x_wconf 86' lang='lat' dir='ltr'><strong>Postquam</strong></span> <span class='ocrx_word' id='word_1_269' title='bbox 806 4006 952 4061; x_wconf 91' lang='lat' dir='ltr'><strong>aliud</strong></span> <span class='ocrx_word' id='word_1_270' title='bbox 980 4008 1180 4074; x_wconf 88' lang='lat' dir='ltr'><strong>solum,</strong></span> <span class='ocrx_word' id='word_1_271' title='bbox 1216 4010 1364 4064; x_wconf 88' lang='lat' dir='ltr'><strong>locus</strong></span> <span class='ocrx_word' id='word_1_272' title='bbox 1394 4011 1603 4065; x_wconf 78' lang='lat' dir='ltr'><strong>scilicet</strong></span> <span class='ocrx_word' id='word_1_273' title='bbox 1631 4012 1723 4083; x_wconf 91' lang='lat' dir='ltr'><strong>qui</strong></span> <span class='ocrx_word' id='word_1_274' title='bbox 1752 4012 1804 4066; x_wconf 93' lang='lat' dir='ltr'><strong>in</strong></span> <span class='ocrx_word' id='word_1_275' title='bbox 1828 4015 1937 4069; x_wconf 90' lang='lat' dir='ltr'><strong>imo</strong></span> 
     </span>
    </p>
   </div>
   <div class='ocr_carea' id='block_1_41' title="bbox 334 4100 1936 4175">
    <p class='ocr_par' dir='ltr' id='par_1_41' title="bbox 334 4100 1936 4175">
     <span class='ocr_line' id='line_1_41' title="bbox 334 4100 1936 4175; baseline 0.002 -18"><span class='ocrx_word' id='word_1_276' title='bbox 334 4109 480 4166; x_wconf 87' lang='lat' dir='ltr'><strong>erat,</strong></span> <span class='ocrx_word' id='word_1_277' title='bbox 512 4100 789 4170; x_wconf 66' lang='lat' dir='ltr'><strong>apparuit;</strong></span> <span class='ocrx_word' id='word_1_278' title='bbox 835 4109 959 4156; x_wconf 91' lang='lat' dir='ltr'><strong>tunc</strong></span> <span class='ocrx_word' id='word_1_279' title='bbox 983 4117 1114 4157; x_wconf 89' lang='lat' dir='ltr'><strong>vero</strong></span> <span class='ocrx_word' id='word_1_280' title='bbox 1138 4103 1310 4172; x_wconf 89' lang='lat' dir='ltr'><strong>ipsum</strong></span> <span class='ocrx_word' id='word_1_281' title='bbox 1341 4113 1625 4175; x_wconf 86' lang='lat' dir='ltr'><strong>augustum</strong></span> <span class='ocrx_word' id='word_1_282' title='bbox 1656 4107 1936 4160; x_wconf 85' lang='lat' dir='ltr'><strong>sanctissi-</strong></span> 
     </span>
    </p>
   </div>
   <div class='ocr_carea' id='block_1_42' title="bbox 330 4192 1927 4265">
    <p class='ocr_par' dir='ltr' id='par_1_42' title="bbox 330 4192 1927 4265">
     <span class='ocr_line' id='line_1_42' title="bbox 330 4192 1927 4265; baseline 0.003 -17"><span class='ocrx_word' id='word_1_283' title='bbox 330 4208 593 4265; x_wconf 85' lang='lat' dir='ltr'><strong>mumque</strong></span> <span class='ocrx_word' id='word_1_284' title='bbox 664 4192 949 4248; x_wconf 80' lang='lat' dir='ltr'><strong>dominicae</strong></span> <span class='ocrx_word' id='word_1_285' title='bbox 1019 4195 1432 4251; x_wconf 83' lang='lat' dir='ltr'><strong>resurrectionis</strong></span> <span class='ocrx_word' id='word_1_286' title='bbox 1521 4207 1927 4252; x_wconf 88' lang='lat' dir='ltr'><strong>monumentum</strong></span> 
     </span>
    </p>
   </div>
   <div class='ocr_carea' id='block_1_43' title="bbox 330 4288 1937 4361">
    <p class='ocr_par' dir='ltr' id='par_1_43' title="bbox 330 4288 1937 4361">
     <span class='ocr_line' id='line_1_43' title="bbox 330 4288 1937 4361; baseline 0.002 -20"><span class='ocrx_word' id='word_1_287' title='bbox 330 4295 534 4358; x_wconf 62' lang='lat' dir='ltr'><strong>praeter</strong></span> <span class='ocrx_word' id='word_1_288' title='bbox 562 4288 807 4342; x_wconf 91' lang='lat' dir='ltr'><strong>omnium</strong></span> <span class='ocrx_word' id='word_1_289' title='bbox 827 4302 978 4358; x_wconf 89' lang='lat' dir='ltr'><strong>spem</strong></span> <span class='ocrx_word' id='word_1_290' title='bbox 1010 4288 1251 4354; x_wconf 78' lang='lat' dir='ltr'><strong>refulsit;</strong></span> <span class='ocrx_word' id='word_1_291' title='bbox 1310 4300 1363 4345; x_wconf 90' lang='lat' dir='ltr'><strong>et</strong></span> <span class='ocrx_word' id='word_1_292' title='bbox 1399 4291 1653 4361; x_wconf 89' lang='lat' dir='ltr'><strong>spelunca</strong></span> <span class='ocrx_word' id='word_1_293' title='bbox 1682 4291 1769 4344; x_wconf 88' lang='lat' dir='ltr'><strong>illa</strong></span> <span class='ocrx_word' id='word_1_294' title='bbox 1817 4306 1937 4361; x_wconf 71' lang='lat' dir='ltr'><strong>qua)</strong></span> 
     </span>
    </p>
   </div>
   <div class='ocr_carea' id='block_1_44' title="bbox 328 4382 1936 4455">
    <p class='ocr_par' dir='ltr' id='par_1_44' title="bbox 328 4382 1936 4455">
     <span class='ocr_line' id='line_1_44' title="bbox 328 4382 1936 4455; baseline 0.003 -19"><span class='ocrx_word' id='word_1_295' title='bbox 328 4391 523 4436; x_wconf 83' lang='lat' dir='ltr'><strong>sancta</strong></span> <span class='ocrx_word' id='word_1_296' title='bbox 585 4391 895 4436; x_wconf 88' lang='lat' dir='ltr'><strong>sanctorum</strong></span> <span class='ocrx_word' id='word_1_297' title='bbox 950 4397 1076 4437; x_wconf 87' lang='lat' dir='ltr'><strong>vere</strong></span> <span class='ocrx_word' id='word_1_298' title='bbox 1121 4382 1225 4438; x_wconf 92' lang='lat' dir='ltr'><strong>dici</strong></span> <span class='ocrx_word' id='word_1_299' title='bbox 1275 4393 1474 4455; x_wconf 77' lang='lat' dir='ltr'><strong>potest,</strong></span> <span class='ocrx_word' id='word_1_300' title='bbox 1527 4386 1936 4442; x_wconf 80' lang='lat' dir='ltr'><strong>resurrectionis</strong></span> 
     </span>
    </p>
   </div>
   <div class='ocr_carea' id='block_1_45' title="bbox 330 4476 1932 4549">
    <p class='ocr_par' dir='ltr' id='par_1_45' title="bbox 330 4476 1932 4549">
     <span class='ocr_line' id='line_1_45' title="bbox 330 4476 1932 4549; baseline -0.001 -15"><span class='ocrx_word' id='word_1_301' title='bbox 330 4476 654 4534; x_wconf 85' lang='lat' dir='ltr'><strong>Servat0ris</strong></span> <span class='ocrx_word' id='word_1_302' title='bbox 687 4477 853 4531; x_wconf 86' lang='lat' dir='ltr'><strong>nostri</strong></span> <span class='ocrx_word' id='word_1_303' title='bbox 898 4477 1186 4547; x_wconf 88' lang='lat' dir='ltr'><strong>quamdam</strong></span> <span class='ocrx_word' id='word_1_304' title='bbox 1217 4478 1481 4549; x_wconf 83' lang='lat' dir='ltr'><strong>expressit</strong></span> <span class='ocrx_word' id='word_1_305' title='bbox 1504 4478 1932 4547; x_wconf 87' lang='lat' dir='ltr'><strong>similitudinem,</strong></span> 
     </span>
    </p>
   </div>
   <div class='ocr_carea' id='block_1_46' title="bbox 328 4571 2020 4644">
    <p class='ocr_par' dir='ltr' id='par_1_46' title="bbox 328 4571 2020 4644">
     <span class='ocr_line' id='line_1_46' title="bbox 328 4571 2020 4644; baseline 0.001 -16"><span class='ocrx_word' id='word_1_306' title='bbox 328 4587 457 4628; x_wconf 89' lang='lat' dir='ltr'><strong>cum</strong></span> <span class='ocrx_word' id='word_1_307' title='bbox 490 4580 613 4641; x_wconf 90' lang='lat' dir='ltr'><strong>post</strong></span> <span class='ocrx_word' id='word_1_308' title='bbox 640 4571 804 4625; x_wconf 90' lang='lat' dir='ltr'><strong>situm</strong></span> <span class='ocrx_word' id='word_1_309' title='bbox 842 4586 906 4625; x_wconf 84' lang='lat' dir='ltr'><strong>ac</strong></span> <span class='ocrx_word' id='word_1_310' title='bbox 945 4572 1195 4627; x_wconf 88' lang='lat' dir='ltr'><strong>tenebras</strong></span> <span class='ocrx_word' id='word_1_311' title='bbox 1248 4572 1443 4643; x_wconf 83' lang='lat' dir='ltr'><strong>quibus</strong></span> <span class='ocrx_word' id='word_1_312' title='bbox 1486 4572 1695 4628; x_wconf 88' lang='lat' dir='ltr'><strong>obtecta</strong></span> <span class='ocrx_word' id='word_1_313' title='bbox 1746 4574 1939 4644; x_wconf 83' lang='lat' dir='ltr'><strong>fuerat,</strong></span> <span class='ocrx_word' id='word_1_314' title='bbox 1965 4579 2020 4640; x_wconf 88' lang='lat' dir='ltr'><strong>D</strong></span> 
     </span>
    </p>
   </div>
   <div class='ocr_carea' id='block_1_47' title="bbox 330 4663 1939 4735">
    <p class='ocr_par' dir='ltr' id='par_1_47' title="bbox 330 4663 1939 4735">
     <span class='ocr_line' id='line_1_47' title="bbox 330 4663 1939 4735; baseline 0.001 -16"><span class='ocrx_word' id='word_1_315' title='bbox 330 4679 523 4719; x_wconf 88' lang='lat' dir='ltr'><strong>rursus</strong></span> <span class='ocrx_word' id='word_1_316' title='bbox 551 4664 604 4717; x_wconf 92' lang='lat' dir='ltr'><strong>in</strong></span> <span class='ocrx_word' id='word_1_317' title='bbox 648 4663 825 4718; x_wconf 86' lang='lat' dir='ltr'><strong>lucem</strong></span> <span class='ocrx_word' id='word_1_318' title='bbox 874 4663 1093 4732; x_wconf 90' lang='lat' dir='ltr'><strong>prodiit,</strong></span> <span class='ocrx_word' id='word_1_319' title='bbox 1155 4673 1210 4719; x_wconf 93' lang='lat' dir='ltr'><strong>et</strong></span> <span class='ocrx_word' id='word_1_320' title='bbox 1261 4665 1643 4720; x_wconf 89' lang='lat' dir='ltr'><strong>miraculorum</strong></span> <span class='ocrx_word' id='word_1_321' title='bbox 1696 4681 1816 4735; x_wconf 84' lang='lat' dir='ltr'><strong>quae</strong></span> <span class='ocrx_word' id='word_1_322' title='bbox 1866 4666 1939 4722; x_wconf 89' lang='lat' dir='ltr'><strong>ibi</strong></span> 
     </span>
    </p>
   </div>
   <div class='ocr_carea' id='block_1_48' title="bbox 330 4757 1937 4829">
    <p class='ocr_par' dir='ltr' id='par_1_48' title="bbox 330 4757 1937 4829">
     <span class='ocr_line' id='line_1_48' title="bbox 330 4757 1937 4829; baseline 0.001 -17"><span class='ocrx_word' id='word_1_323' title='bbox 330 4758 605 4829; x_wconf 87' lang='lat' dir='ltr'><strong>quondam</strong></span> <span class='ocrx_word' id='word_1_324' title='bbox 630 4766 781 4829; x_wconf 85' lang='lat' dir='ltr'><strong>gesta</strong></span> <span class='ocrx_word' id='word_1_325' title='bbox 808 4757 1045 4825; x_wconf 85' lang='lat' dir='ltr'><strong>fuerant,</strong></span> <span class='ocrx_word' id='word_1_326' title='bbox 1074 4757 1352 4813; x_wconf 88' lang='lat' dir='ltr'><strong>historiam</strong></span> <span class='ocrx_word' id='word_1_327' title='bbox 1384 4758 1449 4812; x_wconf 88' lang='lat' dir='ltr'><strong>iis</strong></span> <span class='ocrx_word' id='word_1_328' title='bbox 1475 4762 1565 4829; x_wconf 90' lang='lat' dir='ltr'><strong>qui</strong></span> <span class='ocrx_word' id='word_1_329' title='bbox 1593 4758 1658 4813; x_wconf 89' lang='lat' dir='ltr'><strong>ad</strong></span> <span class='ocrx_word' id='word_1_330' title='bbox 1683 4771 1937 4829; x_wconf 85' lang='lat' dir='ltr'><strong>speetan-</strong></span> 
     </span>
    </p>
   </div>
   <div class='ocr_carea' id='block_1_49' title="bbox 331 4846 1939 4916">
    <p class='ocr_par' dir='ltr' id='par_1_49' title="bbox 331 4846 1939 4916">
     <span class='ocr_line' id='line_1_49' title="bbox 331 4846 1939 4916; baseline 0.001 -13"><span class='ocrx_word' id='word_1_331' title='bbox 331 4848 464 4903; x_wconf 89' lang='lat' dir='ltr'><strong>dum</strong></span> <span class='ocrx_word' id='word_1_332' title='bbox 492 4849 870 4904; x_wconf 79' lang='lat' dir='ltr'><strong>confluxerant</strong></span> <span class='ocrx_word' id='word_1_333' title='bbox 896 4846 1331 4904; x_wconf 84' lang='lat' dir='ltr'><strong>manifestissime</strong></span> <span class='ocrx_word' id='word_1_334' title='bbox 1353 4848 1636 4903; x_wconf 76' lang='lat' dir='ltr'><strong>videndam</strong></span> <span class='ocrx_word' id='word_1_335' title='bbox 1659 4849 1939 4916; x_wconf 81' lang='lat' dir='ltr'><strong>exhibuit;</strong></span> 
     </span>
    </p>
   </div>
   <div class='ocr_carea' id='block_1_50' title="bbox 332 4941 1938 5010">
    <p class='ocr_par' dir='ltr' id='par_1_50' title="bbox 332 4941 1938 5010">
     <span class='ocr_line' id='line_1_50' title="bbox 332 4941 1938 5010; baseline 0.001 -14"><span class='ocrx_word' id='word_1_336' title='bbox 332 4942 501 4996; x_wconf 89' lang='lat' dir='ltr'><strong>rebus</strong></span> <span class='ocrx_word' id='word_1_337' title='bbox 526 4941 659 5010; x_wconf 88' lang='lat' dir='ltr'><strong>ipsis</strong></span> <span class='ocrx_word' id='word_1_338' title='bbox 690 4956 811 5010; x_wconf 73' lang='lat' dir='ltr'><strong>quze</strong></span> <span class='ocrx_word' id='word_1_339' title='bbox 832 4942 980 4996; x_wconf 91' lang='lat' dir='ltr'><strong>omni</strong></span> <span class='ocrx_word' id='word_1_340' title='bbox 1003 4956 1135 4997; x_wconf 89' lang='lat' dir='ltr'><strong>voce</strong></span> <span class='ocrx_word' id='word_1_341' title='bbox 1163 4941 1360 4996; x_wconf 90' lang='lat' dir='ltr'><strong>clarius</strong></span> <span class='ocrx_word' id='word_1_342' title='bbox 1384 4952 1600 5010; x_wconf 88' lang='lat' dir='ltr'><strong>sonant,</strong></span> <span class='ocrx_word' id='word_1_343' title='bbox 1633 4942 1938 4999; x_wconf 86' lang='lat' dir='ltr'><strong>Servatoris</strong></span> 
     </span>
    </p>
   </div>
   <div class='ocr_carea' id='block_1_51' title="bbox 333 5033 1224 5090">
    <p class='ocr_par' dir='ltr' id='par_1_51' title="bbox 333 5033 1224 5090">
     <span class='ocr_line' id='line_1_51' title="bbox 333 5033 1224 5090; baseline 0 -2"><span class='ocrx_word' id='word_1_344' title='bbox 333 5035 507 5089; x_wconf 87' lang='lat' dir='ltr'><strong>nostri</strong></span> <span class='ocrx_word' id='word_1_345' title='bbox 533 5033 981 5090; x_wconf 88' lang='lat' dir='ltr'><strong>resurrectionem</strong></span> <span class='ocrx_word' id='word_1_346' title='bbox 1012 5043 1224 5089; x_wconf 89' lang='lat' dir='ltr'><strong>testata.</strong></span> 
     </span>
    </p>
   </div>
   <div class='ocr_carea' id='block_1_52' title="bbox 944 5148 1399 5207">
    <p class='ocr_par' dir='ltr' id='par_1_52' title="bbox 944 5148 1399 5207">
     <span class='ocr_line' id='line_1_52' title="bbox 944 5148 1399 5207; baseline -0.002 -1"><span class='ocrx_word' id='word_1_347' title='bbox 944 5148 1180 5207; x_wconf 86' lang='lat' dir='ltr'><strong>CAPUT</strong></span> <span class='ocrx_word' id='word_1_348' title='bbox 1205 5150 1399 5207; x_wconf 81' lang='lat' dir='ltr'><strong>XXIX.</strong></span> 
     </span>
    </p>
   </div>
   <div class='ocr_carea' id='block_1_53' title="bbox 342 5242 1942 5311">
    <p class='ocr_par' dir='ltr' id='par_1_53' title="bbox 342 5242 1942 5311">
     <span class='ocr_line' id='line_1_53' title="bbox 342 5242 1942 5311; baseline 0.001 -15"><span class='ocrx_word' id='word_1_349' title='bbox 342 5242 617 5311; x_wconf 75' lang='lat' dir='ltr'><strong>Quomodo</strong></span> <span class='ocrx_word' id='word_1_350' title='bbox 654 5242 718 5297; x_wconf 87' lang='lat' dir='ltr'><strong>de</strong></span> <span class='ocrx_word' id='word_1_351' title='bbox 761 5242 1099 5297; x_wconf 84' lang='lat' dir='ltr'><strong>construenda</strong></span> <span class='ocrx_word' id='word_1_352' title='bbox 1142 5243 1356 5298; x_wconf 78' lang='lat' dir='ltr'><strong>ecclesia</strong></span> <span class='ocrx_word' id='word_1_353' title='bbox 1404 5244 1471 5298; x_wconf 84' lang='lat' dir='ltr'><strong>ad</strong></span> <span class='ocrx_word' id='word_1_354' title='bbox 1522 5244 1768 5311; x_wconf 78' lang='lat' dir='ltr'><strong>prtesides</strong></span> <span class='ocrx_word' id='word_1_355' title='bbox 1799 5254 1844 5299; x_wconf 88' lang='lat' dir='ltr'><strong>et</strong></span> <span class='ocrx_word' id='word_1_356' title='bbox 1875 5245 1942 5299; x_wconf 82' lang='lat' dir='ltr'><strong>ad</strong></span> 
     </span>
    </p>
   </div>
   <div class='ocr_carea' id='block_1_54' title="bbox 645 5333 1647 5404">
    <p class='ocr_par' dir='ltr' id='par_1_54' title="bbox 645 5333 1647 5404">
     <span class='ocr_line' id='line_1_54' title="bbox 645 5333 1647 5404; baseline 0.003 -17"><span class='ocrx_word' id='word_1_357' title='bbox 645 5333 935 5388; x_wconf 74' lang='lat' dir='ltr'><strong>Macarium</strong></span> <span class='ocrx_word' id='word_1_358' title='bbox 960 5335 1253 5404; x_wconf 88' lang='lat' dir='ltr'><strong>episcopum</strong></span> <span class='ocrx_word' id='word_1_359' title='bbox 1275 5335 1467 5391; x_wconf 83' lang='lat' dir='ltr'><strong>litteras</strong></span> <span class='ocrx_word' id='word_1_360' title='bbox 1490 5336 1647 5390; x_wconf 81' lang='lat' dir='ltr'><strong>dedit.</strong></span> 
     </span>
    </p>
   </div>
   <div class='ocr_carea' id='block_1_55' title="bbox 417 5424 1944 5500">
    <p class='ocr_par' dir='ltr' id='par_1_55' title="bbox 417 5424 1944 5500">
     <span class='ocr_line' id='line_1_55' title="bbox 417 5424 1944 5500; baseline 0.001 -19"><span class='ocrx_word' id='word_1_361' title='bbox 417 5426 515 5481; x_wconf 87' lang='lat' dir='ltr'><strong>llis</strong></span> <span class='ocrx_word' id='word_1_362' title='bbox 541 5424 608 5480; x_wconf 83' lang='lat' dir='ltr'><strong>ad</strong></span> <span class='ocrx_word' id='word_1_363' title='bbox 638 5424 781 5481; x_wconf 90' lang='lat' dir='ltr'><strong>hunc</strong></span> <span class='ocrx_word' id='word_1_364' title='bbox 826 5425 1041 5480; x_wconf 89' lang='lat' dir='ltr'><strong>modum</strong></span> <span class='ocrx_word' id='word_1_365' title='bbox 1085 5427 1283 5495; x_wconf 89' lang='lat' dir='ltr'><strong>gestis,</strong></span> <span class='ocrx_word' id='word_1_366' title='bbox 1329 5427 1608 5483; x_wconf 86' lang='lat' dir='ltr'><strong>confestim</strong></span> <span class='ocrx_word' id='word_1_367' title='bbox 1654 5428 1944 5500; x_wconf 87' lang='lat' dir='ltr'><strong>imperator</strong></span> 
     </span>
    </p>
   </div>
   <div class='ocr_carea' id='block_1_56' title="bbox 337 5518 1940 5589">
    <p class='ocr_par' dir='ltr' id='par_1_56' title="bbox 337 5518 1940 5589">
     <span class='ocr_line' id='line_1_56' title="bbox 337 5518 1940 5589; baseline -0.001 -15"><span class='ocrx_word' id='word_1_368' title='bbox 337 5518 558 5574; x_wconf 85' lang='lat' dir='ltr'><strong>emissis</strong></span> <span class='ocrx_word' id='word_1_369' title='bbox 606 5518 1081 5573; x_wconf 88' lang='lat' dir='ltr'><strong>constitutionibus</strong></span> <span class='ocrx_word' id='word_1_370' title='bbox 1130 5527 1187 5573; x_wconf 89' lang='lat' dir='ltr'><strong>et</strong></span> <span class='ocrx_word' id='word_1_371' title='bbox 1214 5518 1421 5573; x_wconf 88' lang='lat' dir='ltr'><strong>liberali</strong></span> <span class='ocrx_word' id='word_1_372' title='bbox 1449 5529 1666 5589; x_wconf 91' lang='lat' dir='ltr'><strong>sumptu</strong></span> <span class='ocrx_word' id='word_1_373' title='bbox 1687 5519 1940 5589; x_wconf 84' lang='lat' dir='ltr'><strong>suppedi-</strong></span> 
     </span>
    </p>
   </div>
   <div class='ocr_carea' id='block_1_57' title="bbox 334 5608 1933 5680">
    <p class='ocr_par' dir='ltr' id='par_1_57' title="bbox 334 5608 1933 5680">
     <span class='ocr_line' id='line_1_57' title="bbox 334 5608 1933 5680; baseline 0 -15"><span class='ocrx_word' id='word_1_374' title='bbox 334 5618 471 5676; x_wconf 86' lang='lat' dir='ltr'><strong>tato,</strong></span> <span class='ocrx_word' id='word_1_375' title='bbox 501 5609 647 5664; x_wconf 84' lang='lat' dir='ltr'><strong>circa</strong></span> <span class='ocrx_word' id='word_1_376' title='bbox 692 5609 980 5665; x_wconf 88' lang='lat' dir='ltr'><strong>salutarem</strong></span> <span class='ocrx_word' id='word_1_377' title='bbox 1030 5608 1340 5680; x_wconf 89' lang='lat' dir='ltr'><strong>speluncam</strong></span> <span class='ocrx_word' id='word_1_378' title='bbox 1389 5610 1500 5664; x_wconf 87' lang='lat' dir='ltr'><strong>Deo</strong></span> <span class='ocrx_word' id='word_1_379' title='bbox 1539 5609 1755 5680; x_wconf 89' lang='lat' dir='ltr'><strong>dignum</strong></span> <span class='ocrx_word' id='word_1_380' title='bbox 1796 5619 1933 5665; x_wconf 87' lang='lat' dir='ltr'><strong>tem-</strong></span> 
     </span>
    </p>
   </div>
   <div class='ocr_carea' id='block_1_58' title="bbox 327 5700 1933 5775">
    <p class='ocr_par' dir='ltr' id='par_1_58' title="bbox 327 5700 1933 5775">
     <span class='ocr_line' id='line_1_58' title="bbox 327 5700 1933 5775; baseline 0 -19"><span class='ocrx_word' id='word_1_381' title='bbox 327 5701 487 5775; x_wconf 86' lang='lat' dir='ltr'><strong>plum</strong></span> <span class='ocrx_word' id='word_1_382' title='bbox 511 5701 681 5773; x_wconf 78' lang='lat' dir='ltr'><strong>regali</strong></span> <span class='ocrx_word' id='word_1_383' title='bbox 708 5700 1099 5772; x_wconf 79' lang='lat' dir='ltr'><strong>magnilicentia</strong></span> <span class='ocrx_word' id='word_1_384' title='bbox 1135 5703 1339 5757; x_wconf 85' lang='lat' dir='ltr'><strong>exstrui</strong></span> <span class='ocrx_word' id='word_1_385' title='bbox 1365 5701 1534 5771; x_wconf 83' lang='lat' dir='ltr'><strong>jubet.</strong></span> <span class='ocrx_word' id='word_1_386' title='bbox 1576 5700 1783 5772; x_wconf 87' lang='lat' dir='ltr'><strong>Quippe</strong></span> <span class='ocrx_word' id='word_1_387' title='bbox 1822 5700 1933 5772; x_wconf 89' lang='lat' dir='ltr'><strong>jam</strong></span> 
     </span>
    </p>
   </div>
   <div class='ocr_carea' id='block_1_59' title="bbox 326 5789 1935 5864">
    <p class='ocr_par' dir='ltr' id='par_1_59' title="bbox 326 5789 1935 5864">
     <span class='ocr_line' id='line_1_59' title="bbox 326 5789 1935 5864; baseline -0.001 -15"><span class='ocrx_word' id='word_1_388' title='bbox 326 5792 547 5864; x_wconf 85' lang='lat' dir='ltr'><strong>pridem</strong></span> <span class='ocrx_word' id='word_1_389' title='bbox 575 5790 682 5850; x_wconf 86' lang='lat' dir='ltr'><strong>hoc</strong></span> <span class='ocrx_word' id='word_1_390' title='bbox 702 5789 845 5863; x_wconf 89' lang='lat' dir='ltr'><strong>apud</strong></span> <span class='ocrx_word' id='word_1_391' title='bbox 871 5806 932 5849; x_wconf 87' lang='lat' dir='ltr'><strong>se</strong></span> <span class='ocrx_word' id='word_1_392' title='bbox 957 5792 1328 5861; x_wconf 87' lang='lat' dir='ltr'><strong>constituerat,</strong></span> <span class='ocrx_word' id='word_1_393' title='bbox 1360 5791 1521 5861; x_wconf 90' lang='lat' dir='ltr'><strong>idque</strong></span> <span class='ocrx_word' id='word_1_394' title='bbox 1540 5792 1683 5864; x_wconf 86' lang='lat' dir='ltr'><strong>quod</strong></span> <span class='ocrx_word' id='word_1_395' title='bbox 1710 5801 1826 5848; x_wconf 83' lang='lat' dir='ltr'><strong>erat</strong></span> <span class='ocrx_word' id='word_1_396' title='bbox 1855 5791 1935 5848; x_wconf 80' lang='lat' dir='ltr'><strong>fu-</strong></span> 
     </span>
    </p>
   </div>
   <div class='ocr_carea' id='block_1_60' title="bbox 2036 503 3631 576">
    <p class='ocr_par' dir='ltr' id='par_1_60' title="bbox 2036 503 3631 576">
     <span class='ocr_line' id='line_1_60' title="bbox 2036 503 3631 576; baseline 0.002 -19"><span class='ocrx_word' id='word_1_397' title='bbox 2036 504 2339 559; x_wconf 89' lang='lat' dir='ltr'><strong>rectoribus</strong></span> <span class='ocrx_word' id='word_1_398' title='bbox 2383 503 2597 575; x_wconf 85' lang='lat' dir='ltr'><strong>quidem</strong></span> <span class='ocrx_word' id='word_1_399' title='bbox 2650 505 3042 574; x_wconf 90' lang='lat' dir='ltr'><strong>provinciarmn</strong></span> <span class='ocrx_word' id='word_1_400' title='bbox 3069 520 3162 575; x_wconf 88' lang='lat' dir='ltr'><strong>per</strong></span> <span class='ocrx_word' id='word_1_401' title='bbox 3190 505 3462 561; x_wconf 87' lang='lat' dir='ltr'><strong>Orientem</strong></span> <span class='ocrx_word' id='word_1_402' title='bbox 3493 519 3631 576; x_wconf 73' lang='lat' dir='ltr'><strong>prm-</strong></span> 
     </span>
    </p>
   </div>
   <div class='ocr_carea' id='block_1_61' title="bbox 2036 596 3628 670">
    <p class='ocr_par' dir='ltr' id='par_1_61' title="bbox 2036 596 3628 670">
     <span class='ocr_line' id='line_1_61' title="bbox 2036 596 3628 670; baseline 0.004 -20"><span class='ocrx_word' id='word_1_403' title='bbox 2036 596 2177 666; x_wconf 91' lang='lat' dir='ltr'><strong>cepit</strong></span> <span class='ocrx_word' id='word_1_404' title='bbox 2226 606 2305 664; x_wconf 90' lang='lat' dir='ltr'><strong>ut,</strong></span> <span class='ocrx_word' id='word_1_405' title='bbox 2360 597 2619 667; x_wconf 89' lang='lat' dir='ltr'><strong>impensis</strong></span> <span class='ocrx_word' id='word_1_406' title='bbox 2676 600 2894 668; x_wconf 89' lang='lat' dir='ltr'><strong>copiose</strong></span> <span class='ocrx_word' id='word_1_407' title='bbox 2946 597 3384 666; x_wconf 79' lang='lat' dir='ltr'><strong>subministratis,</strong></span> <span class='ocrx_word' id='word_1_408' title='bbox 3443 600 3628 670; x_wconf 78' lang='lat' dir='ltr'><strong>ingens</strong></span> 
     </span>
    </p>
   </div>
   <div class='ocr_carea' id='block_1_62' title="bbox 2037 689 3626 761">
    <p class='ocr_par' dir='ltr' id='par_1_62' title="bbox 2037 689 3626 761">
     <span class='ocr_line' id='line_1_62' title="bbox 2037 689 3626 761; baseline 0.002 -19"><span class='ocrx_word' id='word_1_409' title='bbox 2037 690 2381 761; x_wconf 89' lang='lat' dir='ltr'><strong>amplnmque</strong></span> <span class='ocrx_word' id='word_1_410' title='bbox 2446 698 2500 746; x_wconf 93' lang='lat' dir='ltr'><strong>et</strong></span> <span class='ocrx_word' id='word_1_411' title='bbox 2544 692 2886 761; x_wconf 79' lang='lat' dir='ltr'><strong>magniﬁcum</strong></span> <span class='ocrx_word' id='word_1_412' title='bbox 2966 705 3101 761; x_wconf 87' lang='lat' dir='ltr'><strong>opus</strong></span> <span class='ocrx_word' id='word_1_413' title='bbox 3146 690 3274 745; x_wconf 88' lang='lat' dir='ltr'><strong>illud</strong></span> <span class='ocrx_word' id='word_1_414' title='bbox 3324 689 3626 746; x_wconf 78' lang='lat' dir='ltr'><strong>efficerent.</strong></span> 
     </span>
    </p>
   </div>
   <div class='ocr_carea' id='block_1_63' title="bbox 2038 780 3631 857">
    <p class='ocr_par' dir='ltr' id='par_1_63' title="bbox 2038 780 3631 857">
     <span class='ocr_line' id='line_1_63' title="bbox 2038 780 3631 857; baseline 0.003 -22"><span class='ocrx_word' id='word_1_415' title='bbox 2038 780 2116 835; x_wconf 81' lang='lat' dir='ltr'><strong>Ad</strong></span> <span class='ocrx_word' id='word_1_416' title='bbox 2147 783 2462 851; x_wconf 82' lang='lat' dir='ltr'><strong>episcopum</strong></span> <span class='ocrx_word' id='word_1_417' title='bbox 2497 799 2626 839; x_wconf 82' lang='lat' dir='ltr'><strong>vero</strong></span> <span class='ocrx_word' id='word_1_418' title='bbox 2654 783 2745 854; x_wconf 89' lang='lat' dir='ltr'><strong>qui</strong></span> <span class='ocrx_word' id='word_1_419' title='bbox 2774 793 2897 837; x_wconf 90' lang='lat' dir='ltr'><strong>tunc</strong></span> <span class='ocrx_word' id='word_1_420' title='bbox 2926 784 3183 854; x_wconf 87' lang='lat' dir='ltr'><strong>temporis</strong></span> <span class='ocrx_word' id='word_1_421' title='bbox 3231 784 3631 857; x_wconf 79' lang='lat' dir='ltr'><strong>Hierosolymo-</strong></span> 
     </span>
    </p>
   </div>
   <div class='ocr_carea' id='block_1_64' title="bbox 2036 874 3631 947">
    <p class='ocr_par' dir='ltr' id='par_1_64' title="bbox 2036 874 3631 947">
     <span class='ocr_line' id='line_1_64' title="bbox 2036 874 3631 947; baseline 0.001 -17"><span class='ocrx_word' id='word_1_422' title='bbox 2036 888 2155 930; x_wconf 86' lang='lat' dir='ltr'><strong>rum</strong></span> <span class='ocrx_word' id='word_1_423' title='bbox 2188 874 2408 944; x_wconf 88' lang='lat' dir='ltr'><strong>regehat</strong></span> <span class='ocrx_word' id='word_1_424' title='bbox 2437 876 2719 929; x_wconf 77' lang='lat' dir='ltr'><strong>ecclesiam</strong></span> <span class='ocrx_word' id='word_1_425' title='bbox 2768 874 3029 944; x_wconf 82' lang='lat' dir='ltr'><strong>ejusmodi</strong></span> <span class='ocrx_word' id='word_1_426' title='bbox 3064 876 3270 930; x_wconf 90' lang='lat' dir='ltr'><strong>litteras</strong></span> <span class='ocrx_word' id='word_1_427' title='bbox 3298 875 3484 943; x_wconf 89' lang='lat' dir='ltr'><strong>dedit,</strong></span> <span class='ocrx_word' id='word_1_428' title='bbox 3512 878 3631 947; x_wconf 90' lang='lat' dir='ltr'><strong>qui-</strong></span> 
     </span>
    </p>
   </div>
   <div class='ocr_carea' id='block_1_65' title="bbox 2037 964 3631 1037">
    <p class='ocr_par' dir='ltr' id='par_1_65' title="bbox 2037 964 3631 1037">
     <span class='ocr_line' id='line_1_65' title="bbox 2037 964 3631 1037; baseline 0.003 -18"><span class='ocrx_word' id='word_1_429' title='bbox 2037 964 2139 1020; x_wconf 88' lang='lat' dir='ltr'><strong>bus</strong></span> <span class='ocrx_word' id='word_1_430' title='bbox 2181 965 2431 1022; x_wconf 89' lang='lat' dir='ltr'><strong>salutaris</strong></span> <span class='ocrx_word' id='word_1_431' title='bbox 2476 966 2600 1021; x_wconf 79' lang='lat' dir='ltr'><strong>ﬁdei</strong></span> <span class='ocrx_word' id='word_1_432' title='bbox 2630 965 2928 1021; x_wconf 84' lang='lat' dir='ltr'><strong>doctrinam</strong></span> <span class='ocrx_word' id='word_1_433' title='bbox 2954 967 3307 1037; x_wconf 88' lang='lat' dir='ltr'><strong>apertissimis</strong></span> <span class='ocrx_word' id='word_1_434' title='bbox 3336 967 3512 1024; x_wconf 86' lang='lat' dir='ltr'><strong>verbis</strong></span> <span class='ocrx_word' id='word_1_435' title='bbox 3537 968 3631 1024; x_wconf 82' lang='lat' dir='ltr'><strong>ad-</strong></span> 
     </span>
    </p>
   </div>
   <div class='ocr_carea' id='block_1_66' title="bbox 2037 1058 2707 1125">
    <p class='ocr_par' dir='ltr' id='par_1_66' title="bbox 2037 1058 2707 1125">
     <span class='ocr_line' id='line_1_66' title="bbox 2037 1058 2707 1125; baseline -0.004 -11"><span class='ocrx_word' id='word_1_436' title='bbox 2037 1058 2298 1125; x_wconf 89' lang='lat' dir='ltr'><strong>struebat,</strong></span> <span class='ocrx_word' id='word_1_437' title='bbox 2330 1060 2401 1115; x_wconf 91' lang='lat' dir='ltr'><strong>ita</strong></span> <span class='ocrx_word' id='word_1_438' title='bbox 2431 1060 2707 1116; x_wconf 88' lang='lat' dir='ltr'><strong>scribens:</strong></span> 
     </span>
    </p>
   </div>
   <div class='ocr_carea' id='block_1_67' title="bbox 2610 1174 3041 1231">
    <p class='ocr_par' dir='ltr' id='par_1_67' title="bbox 2610 1174 3041 1231">
     <span class='ocr_line' id='line_1_67' title="bbox 2610 1174 3041 1231; baseline -0.002 -1"><span class='ocrx_word' id='word_1_439' title='bbox 2610 1174 2838 1231; x_wconf 85' lang='lat' dir='ltr'><strong>CAPUT</strong></span> <span class='ocrx_word' id='word_1_440' title='bbox 2872 1174 3041 1231; x_wconf 87' lang='lat' dir='ltr'><strong>XXX.</strong></span> 
     </span>
    </p>
   </div>
   <div class='ocr_carea' id='block_1_68' title="bbox 2112 1268 3556 1339">
    <p class='ocr_par' dir='ltr' id='par_1_68' title="bbox 2112 1268 3556 1339">
     <span class='ocr_line' id='line_1_68' title="bbox 2112 1268 3556 1339; baseline 0.003 -17"><span class='ocrx_word' id='word_1_441' title='bbox 2112 1268 2434 1325; x_wconf 80' lang='lat' dir='ltr'><strong>Constantini</strong></span> <span class='ocrx_word' id='word_1_442' title='bbox 2474 1269 2542 1323; x_wconf 88' lang='lat' dir='ltr'><strong>ad</strong></span> <span class='ocrx_word' id='word_1_443' title='bbox 2577 1269 2864 1325; x_wconf 80' lang='lat' dir='ltr'><strong>Macarium</strong></span> <span class='ocrx_word' id='word_1_444' title='bbox 2887 1270 3102 1339; x_wconf 86' lang='lat' dir='ltr'><strong>epistola</strong></span> <span class='ocrx_word' id='word_1_445' title='bbox 3128 1269 3191 1324; x_wconf 84' lang='lat' dir='ltr'><strong>de</strong></span> <span class='ocrx_word' id='word_1_446' title='bbox 3213 1270 3556 1339; x_wconf 72' lang='lat' dir='ltr'><strong>azdi/icatione</strong></span> 
     </span>
    </p>
   </div>
   <div class='ocr_carea' id='block_1_69' title="bbox 2454 1363 3208 1435">
    <p class='ocr_par' dir='ltr' id='par_1_69' title="bbox 2454 1363 3208 1435">
     <span class='ocr_line' id='line_1_69' title="bbox 2454 1363 3208 1435; baseline 0.004 -19"><span class='ocrx_word' id='word_1_447' title='bbox 2454 1363 2696 1435; x_wconf 78' lang='lat' dir='ltr'><strong>Martyrii</strong></span> <span class='ocrx_word' id='word_1_448' title='bbox 2728 1364 3010 1420; x_wconf 79' lang='lat' dir='ltr'><strong>Servatoris</strong></span> <span class='ocrx_word' id='word_1_449' title='bbox 3028 1365 3208 1419; x_wconf 82' lang='lat' dir='ltr'><strong>nostri.</strong></span> 
     </span>
    </p>
   </div>
   <div class='ocr_carea' id='block_1_70' title="bbox 2101 1473 3631 1547">
    <p class='ocr_par' dir='ltr' id='par_1_70' title="bbox 2101 1473 3631 1547">
     <span class='ocr_line' id='line_1_70' title="bbox 2101 1473 3631 1547; baseline 0.006 -25"><span class='ocrx_word' id='word_1_450' title='bbox 2101 1473 2262 1547; x_wconf 63' lang='lat' dir='ltr'><strong>(Hanc</strong></span> <span class='ocrx_word' id='word_1_451' title='bbox 2299 1477 2554 1547; x_wconf 69' lang='lat' dir='ltr'><strong>epistolam</strong></span> <span class='ocrx_word' id='word_1_452' title='bbox 2601 1478 2694 1530; x_wconf 91' lang='lat' dir='ltr'><strong>hoc</strong></span> <span class='ocrx_word' id='word_1_453' title='bbox 2733 1490 2785 1530; x_wconf 90' lang='lat' dir='ltr'><strong>et</strong></span> <span class='ocrx_word' id='word_1_454' title='bbox 2817 1480 2912 1529; x_wconf 89' lang='lat' dir='ltr'><strong>duo</strong></span> <span class='ocrx_word' id='word_1_455' title='bbox 2937 1492 3047 1543; x_wconf 91' lang='lat' dir='ltr'><strong>seq.</strong></span> <span class='ocrx_word' id='word_1_456' title='bbox 3086 1492 3192 1544; x_wconf 89' lang='lat' dir='ltr'><strong>cap.</strong></span> <span class='ocrx_word' id='word_1_457' title='bbox 3218 1478 3631 1544; x_wconf 89' lang='lat' dir='ltr'><strong>complectentem</strong></span> 
     </span>
    </p>
   </div>
   <div class='ocr_carea' id='block_1_71' title="bbox 2038 1536 2408 1603">
    <p class='ocr_par' dir='ltr' id='par_1_71' title="bbox 2038 1536 2408 1603">
     <span class='ocr_line' id='line_1_71' title="bbox 2038 1536 2408 1603; baseline 0 -14"><span class='ocrx_word' id='word_1_458' title='bbox 2038 1538 2222 1589; x_wconf 88' lang='lat' dir='ltr'><strong>videsis</strong></span> <span class='ocrx_word' id='word_1_459' title='bbox 2243 1536 2408 1603; x_wconf 83' lang='lat' dir='ltr'><strong>infra).</strong></span> 
     </span>
    </p>
   </div>
   <div class='ocr_carea' id='block_1_72' title="bbox 2584 1645 3086 1702">
    <p class='ocr_par' dir='ltr' id='par_1_72' title="bbox 2584 1645 3086 1702">
     <span class='ocr_line' id='line_1_72' title="bbox 2584 1645 3086 1702; baseline -0.004 -1"><span class='ocrx_word' id='word_1_460' title='bbox 2584 1645 2667 1701; x_wconf 64' lang='lat' dir='ltr'><strong>CA</strong></span> <span class='ocrx_word' id='word_1_461' title='bbox 2679 1646 2811 1702; x_wconf 83' lang='lat' dir='ltr'><strong>PUT</strong></span> <span class='ocrx_word' id='word_1_462' title='bbox 2841 1646 3086 1701; x_wconf 76' lang='lat' dir='ltr'><strong>XXXIII.</strong></span> 
     </span>
    </p>
   </div>
   <div class='ocr_carea' id='block_1_73' title="bbox 2112 1739 3535 1810">
    <p class='ocr_par' dir='ltr' id='par_1_73' title="bbox 2112 1739 3535 1810">
     <span class='ocr_line' id='line_1_73' title="bbox 2112 1739 3535 1810; baseline 0.001 -17"><span class='ocrx_word' id='word_1_463' title='bbox 2112 1739 2378 1808; x_wconf 86' lang='lat' dir='ltr'><strong>Quomodo</strong></span> <span class='ocrx_word' id='word_1_464' title='bbox 2400 1740 2607 1794; x_wconf 83' lang='lat' dir='ltr'><strong>ecclesia</strong></span> <span class='ocrx_word' id='word_1_465' title='bbox 2631 1739 2917 1795; x_wconf 73' lang='lat' dir='ltr'><strong>Servatoris</strong></span> <span class='ocrx_word' id='word_1_466' title='bbox 2937 1749 3167 1795; x_wconf 73' lang='lat' dir='ltr'><strong>extructa</strong></span> <span class='ocrx_word' id='word_1_467' title='bbox 3189 1740 3361 1810; x_wconf 79' lang='lat' dir='ltr'><strong>fuerit,</strong></span> <span class='ocrx_word' id='word_1_468' title='bbox 3383 1756 3535 1810; x_wconf 82' lang='lat' dir='ltr'><strong>quant</strong></span> 
     </span>
    </p>
   </div>
   <div class='ocr_carea' id='block_1_74' title="bbox 2200 1833 3444 1906">
    <p class='ocr_par' dir='ltr' id='par_1_74' title="bbox 2200 1833 3444 1906">
     <span class='ocr_line' id='line_1_74' title="bbox 2200 1833 3444 1906; baseline 0 -18"><span class='ocrx_word' id='word_1_469' title='bbox 2200 1833 2464 1905; x_wconf 75' lang='lat' dir='ltr'><strong>prapheta:</strong></span> <span class='ocrx_word' id='word_1_470' title='bbox 2485 1850 2663 1889; x_wconf 81' lang='lat' dir='ltr'><strong>novam</strong></span> <span class='ocrx_word' id='word_1_471' title='bbox 2695 1833 3014 1891; x_wconf 74' lang='lat' dir='ltr'><strong>Hierusalem</strong></span> <span class='ocrx_word' id='word_1_472' title='bbox 3043 1835 3444 1906; x_wconf 84' lang='lat' dir='ltr'><strong>appellaverant.</strong></span> 
     </span>
    </p>
   </div>
   <div class='ocr_carea' id='block_1_75' title="bbox 2115 1947 3627 2020">
    <p class='ocr_par' dir='ltr' id='par_1_75' title="bbox 2115 1947 3627 2020">
     <span class='ocr_line' id='line_1_75' title="bbox 2115 1947 3627 2020; baseline 0.001 -17"><span class='ocrx_word' id='word_1_473' title='bbox 2115 1947 2182 2003; x_wconf 81' lang='lat' dir='ltr'><strong>Et</strong></span> <span class='ocrx_word' id='word_1_474' title='bbox 2210 1948 2326 2005; x_wconf 71' lang='lat' dir='ltr'><strong>lucc</strong></span> <span class='ocrx_word' id='word_1_475' title='bbox 2347 1949 2560 2020; x_wconf 89' lang='lat' dir='ltr'><strong>quidem</strong></span> <span class='ocrx_word' id='word_1_476' title='bbox 2589 1949 2658 2005; x_wconf 88' lang='lat' dir='ltr'><strong>ab</strong></span> <span class='ocrx_word' id='word_1_477' title='bbox 2684 1951 3005 2020; x_wconf 83' lang='lat' dir='ltr'><strong>imperatore</strong></span> <span class='ocrx_word' id='word_1_478' title='bbox 3035 1949 3231 2019; x_wconf 90' lang='lat' dir='ltr'><strong>scripta</strong></span> <span class='ocrx_word' id='word_1_479' title='bbox 3260 1957 3404 2004; x_wconf 89' lang='lat' dir='ltr'><strong>sunt.</strong></span> <span class='ocrx_word' id='word_1_480' title='bbox 3456 1948 3627 2004; x_wconf 65' lang='lat' dir='ltr'><strong>Caeteo</strong></span> 
     </span>
    </p>
   </div>
   <div class='ocr_carea' id='block_1_76' title="bbox 2040 2040 3630 2107">
    <p class='ocr_par' dir='ltr' id='par_1_76' title="bbox 2040 2040 3630 2107">
     <span class='ocr_line' id='line_1_76' title="bbox 2040 2040 3630 2107; baseline -0.003 -8"><span class='ocrx_word' id='word_1_481' title='bbox 2040 2060 2158 2099; x_wconf 91' lang='lat' dir='ltr'><strong>rum</strong></span> <span class='ocrx_word' id='word_1_482' title='bbox 2188 2042 2410 2099; x_wconf 77' lang='lat' dir='ltr'><strong>ell&#39;ectus</strong></span> <span class='ocrx_word' id='word_1_483' title='bbox 2438 2042 2599 2097; x_wconf 87' lang='lat' dir='ltr'><strong>verba</strong></span> <span class='ocrx_word' id='word_1_484' title='bbox 2630 2043 2742 2107; x_wconf 86' lang='lat' dir='ltr'><strong>ipsa</strong></span> <span class='ocrx_word' id='word_1_485' title='bbox 2774 2044 2953 2096; x_wconf 85' lang='lat' dir='ltr'><strong>statim</strong></span> <span class='ocrx_word' id='word_1_486' title='bbox 2993 2043 3313 2097; x_wconf 89' lang='lat' dir='ltr'><strong>subsecutus</strong></span> <span class='ocrx_word' id='word_1_487' title='bbox 3342 2049 3463 2095; x_wconf 87' lang='lat' dir='ltr'><strong>est:</strong></span> <span class='ocrx_word' id='word_1_488' title='bbox 3499 2051 3555 2096; x_wconf 89' lang='lat' dir='ltr'><strong>et</strong></span> <span class='ocrx_word' id='word_1_489' title='bbox 3578 2040 3630 2095; x_wconf 91' lang='lat' dir='ltr'><strong>iu</strong></span> 
     </span>
    </p>
   </div>
   <div class='ocr_carea' id='block_1_77' title="bbox 2041 2133 3635 2206">
    <p class='ocr_par' dir='ltr' id='par_1_77' title="bbox 2041 2133 3635 2206">
     <span class='ocr_line' id='line_1_77' title="bbox 2041 2133 3635 2206; baseline -0.002 -15"><span class='ocrx_word' id='word_1_490' title='bbox 2041 2136 2159 2206; x_wconf 90' lang='lat' dir='ltr'><strong>ipso</strong></span> <span class='ocrx_word' id='word_1_491' title='bbox 2182 2135 2484 2192; x_wconf 73' lang='lat' dir='ltr'><strong>Servatoris</strong></span> <span class='ocrx_word' id='word_1_492' title='bbox 2526 2136 2693 2190; x_wconf 91' lang='lat' dir='ltr'><strong>nostri</strong></span> <span class='ocrx_word' id='word_1_493' title='bbox 2748 2135 3006 2206; x_wconf 86' lang='lat' dir='ltr'><strong>martyrio</strong></span> <span class='ocrx_word' id='word_1_494' title='bbox 3056 2148 3195 2189; x_wconf 87' lang='lat' dir='ltr'><strong>nova</strong></span> <span class='ocrx_word' id='word_1_495' title='bbox 3244 2133 3498 2188; x_wconf 78' lang='lat' dir='ltr'><strong>fabricata</strong></span> <span class='ocrx_word' id='word_1_496' title='bbox 3550 2143 3635 2188; x_wconf 88' lang='lat' dir='ltr'><strong>est</strong></span> 
     </span>
    </p>
   </div>
   <div class='ocr_carea' id='block_1_78' title="bbox 2039 2224 3629 2294">
    <p class='ocr_par' dir='ltr' id='par_1_78' title="bbox 2039 2224 3629 2294">
     <span class='ocr_line' id='line_1_78' title="bbox 2039 2224 3629 2294; baseline -0.004 -10"><span class='ocrx_word' id='word_1_497' title='bbox 2039 2228 2400 2294; x_wconf 81' lang='lat' dir='ltr'><strong>Hierusalem,</strong></span> <span class='ocrx_word' id='word_1_498' title='bbox 2452 2243 2517 2283; x_wconf 78' lang='lat' dir='ltr'><strong>ex</strong></span> <span class='ocrx_word' id='word_1_499' title='bbox 2575 2227 2806 2283; x_wconf 81' lang='lat' dir='ltr'><strong>adverso</strong></span> <span class='ocrx_word' id='word_1_500' title='bbox 2845 2226 3045 2282; x_wconf 91' lang='lat' dir='ltr'><strong>veteris</strong></span> <span class='ocrx_word' id='word_1_501' title='bbox 3074 2226 3214 2280; x_wconf 90' lang='lat' dir='ltr'><strong>illius</strong></span> <span class='ocrx_word' id='word_1_502' title='bbox 3242 2224 3629 2293; x_wconf 77' lang='lat' dir='ltr'><strong>celeberrimm,</strong></span> 
     </span>
    </p>
   </div>
   <div class='ocr_carea' id='block_1_79' title="bbox 2039 2317 3631 2392">
    <p class='ocr_par' dir='ltr' id='par_1_79' title="bbox 2039 2317 3631 2392">
     <span class='ocr_line' id='line_1_79' title="bbox 2039 2317 3631 2392; baseline -0.003 -16"><span class='ocrx_word' id='word_1_503' title='bbox 2039 2336 2158 2392; x_wconf 66' lang='lat' dir='ltr'><strong>qua:</strong></span> <span class='ocrx_word' id='word_1_504' title='bbox 2181 2330 2300 2392; x_wconf 87' lang='lat' dir='ltr'><strong>post</strong></span> <span class='ocrx_word' id='word_1_505' title='bbox 2322 2320 2576 2376; x_wconf 87' lang='lat' dir='ltr'><strong>nefariam</strong></span> <span class='ocrx_word' id='word_1_506' title='bbox 2604 2320 2811 2375; x_wconf 90' lang='lat' dir='ltr'><strong>Domini</strong></span> <span class='ocrx_word' id='word_1_507' title='bbox 2833 2318 3035 2374; x_wconf 56' lang='lat' dir='ltr'><strong>easdem</strong></span> <span class='ocrx_word' id='word_1_508' title='bbox 3067 2318 3307 2373; x_wconf 89' lang='lat' dir='ltr'><strong>ultimam</strong></span> <span class='ocrx_word' id='word_1_509' title='bbox 3332 2317 3631 2373; x_wconf 89' lang='lat' dir='ltr'><strong>vastitatem</strong></span> 
     </span>
    </p>
   </div>
   <div class='ocr_carea' id='block_1_80' title="bbox 2039 2408 3627 2485">
    <p class='ocr_par' dir='ltr' id='par_1_80' title="bbox 2039 2408 3627 2485">
     <span class='ocr_line' id='line_1_80' title="bbox 2039 2408 3627 2485; baseline -0.004 -16"><span class='ocrx_word' id='word_1_510' title='bbox 2039 2424 2285 2485; x_wconf 85' lang='lat' dir='ltr'><strong>experta,</strong></span> <span class='ocrx_word' id='word_1_511' title='bbox 2310 2429 2408 2483; x_wconf 90' lang='lat' dir='ltr'><strong>pro</strong></span> <span class='ocrx_word' id='word_1_512' title='bbox 2437 2414 2731 2468; x_wconf 78' lang='lat' dir='ltr'><strong>IIICUIaI&#39;UIII</strong></span> <span class='ocrx_word' id='word_1_513' title='bbox 2767 2413 3040 2482; x_wconf 88' lang='lat' dir='ltr'><strong>impietate</strong></span> <span class='ocrx_word' id='word_1_514' title='bbox 3069 2424 3253 2481; x_wconf 67' lang='lat' dir='ltr'><strong>prunas</strong></span> <span class='ocrx_word' id='word_1_515' title='bbox 3276 2408 3627 2481; x_wconf 86' lang='lat' dir='ltr'><strong>persolvcrat.</strong></span> 
     </span>
    </p>
   </div>
   <div class='ocr_carea' id='block_1_81' title="bbox 2039 2499 3632 2577">
    <p class='ocr_par' dir='ltr' id='par_1_81' title="bbox 2039 2499 3632 2577">
     <span class='ocr_line' id='line_1_81' title="bbox 2039 2499 3632 2577; baseline -0.007 -14"><span class='ocrx_word' id='word_1_516' title='bbox 2039 2507 2241 2563; x_wconf 88' lang='lat' dir='ltr'><strong>Contra</strong></span> <span class='ocrx_word' id='word_1_517' title='bbox 2296 2506 2434 2561; x_wconf 89' lang='lat' dir='ltr'><strong>hanc</strong></span> <span class='ocrx_word' id='word_1_518' title='bbox 2491 2508 2651 2577; x_wconf 79' lang='lat' dir='ltr'><strong>igitur</strong></span> <span class='ocrx_word' id='word_1_519' title='bbox 2705 2506 2999 2575; x_wconf 91' lang='lat' dir='ltr'><strong>imperator</strong></span> <span class='ocrx_word' id='word_1_520' title='bbox 3058 2512 3314 2574; x_wconf 65' lang='lat' dir='ltr'><strong>tropaeum</strong></span> <span class='ocrx_word' id='word_1_521' title='bbox 3370 2499 3632 2567; x_wconf 73' lang='lat' dir='ltr'><strong>victorizc,</strong></span> 
     </span>
    </p>
   </div>
   <div class='ocr_carea' id='block_1_82' title="bbox 2039 2594 3636 2674">
    <p class='ocr_par' dir='ltr' id='par_1_82' title="bbox 2039 2594 3636 2674">
     <span class='ocr_line' id='line_1_82' title="bbox 2039 2594 3636 2674; baseline -0.007 -16"><span class='ocrx_word' id='word_1_522' title='bbox 2039 2618 2198 2674; x_wconf 79' lang='lat' dir='ltr'><strong>qunn</strong></span> <span class='ocrx_word' id='word_1_523' title='bbox 2239 2602 2493 2658; x_wconf 90' lang='lat' dir='ltr'><strong>Servator</strong></span> <span class='ocrx_word' id='word_1_524' title='bbox 2516 2610 2698 2655; x_wconf 90' lang='lat' dir='ltr'><strong>noster</strong></span> <span class='ocrx_word' id='word_1_525' title='bbox 2718 2599 2785 2655; x_wconf 92' lang='lat' dir='ltr'><strong>de</strong></span> <span class='ocrx_word' id='word_1_526' title='bbox 2818 2608 2993 2653; x_wconf 84' lang='lat' dir='ltr'><strong>morte</strong></span> <span class='ocrx_word' id='word_1_527' title='bbox 3024 2598 3301 2659; x_wconf 84' lang='lat' dir='ltr'><strong>retulerat,</strong></span> <span class='ocrx_word' id='word_1_528' title='bbox 3348 2594 3636 2650; x_wconf 90' lang='lat' dir='ltr'><strong>ambitioso</strong></span> 
     </span>
    </p>
   </div>
   <div class='ocr_carea' id='block_1_83' title="bbox 2041 2686 3633 2764">
    <p class='ocr_par' dir='ltr' id='par_1_83' title="bbox 2041 2686 3633 2764">
     <span class='ocr_line' id='line_1_83' title="bbox 2041 2686 3633 2764; baseline -0.007 -13"><span class='ocrx_word' id='word_1_529' title='bbox 2041 2696 2186 2751; x_wconf 90' lang='lat' dir='ltr'><strong>cultu</strong></span> <span class='ocrx_word' id='word_1_530' title='bbox 2238 2695 2427 2751; x_wconf 81' lang='lat' dir='ltr'><strong>erexit.</strong></span> <span class='ocrx_word' id='word_1_531' title='bbox 2485 2697 2663 2764; x_wconf 80' lang='lat' dir='ltr'><strong>Atque</strong></span> <span class='ocrx_word' id='word_1_532' title='bbox 2716 2691 2830 2746; x_wconf 69' lang='lat' dir='ltr'><strong>hanc</strong></span> <span class='ocrx_word' id='word_1_533' title='bbox 2889 2690 3112 2746; x_wconf 79' lang='lat' dir='ltr'><strong>forsitan</strong></span> <span class='ocrx_word' id='word_1_534' title='bbox 3144 2688 3300 2744; x_wconf 82' lang='lat' dir='ltr'><strong>fuerit</strong></span> <span class='ocrx_word' id='word_1_535' title='bbox 3326 2702 3516 2743; x_wconf 82' lang='lat' dir='ltr'><strong>recens</strong></span> <span class='ocrx_word' id='word_1_536' title='bbox 3544 2686 3633 2740; x_wconf 91' lang='lat' dir='ltr'><strong>illa</strong></span> 
     </span>
    </p>
   </div>
   <div class='ocr_carea' id='block_1_84' title="bbox 2040 2779 3636 2858">
    <p class='ocr_par' dir='ltr' id='par_1_84' title="bbox 2040 2779 3636 2858">
     <span class='ocr_line' id='line_1_84' title="bbox 2040 2779 3636 2858; baseline -0.007 -13"><span class='ocrx_word' id='word_1_537' title='bbox 2040 2805 2105 2845; x_wconf 90' lang='lat' dir='ltr'><strong>ac</strong></span> <span class='ocrx_word' id='word_1_538' title='bbox 2134 2805 2270 2844; x_wconf 87' lang='lat' dir='ltr'><strong>nova</strong></span> <span class='ocrx_word' id='word_1_539' title='bbox 2329 2788 2688 2855; x_wconf 82' lang='lat' dir='ltr'><strong>Hierusalem,</strong></span> <span class='ocrx_word' id='word_1_540' title='bbox 2747 2785 3126 2858; x_wconf 82' lang='lat' dir='ltr'><strong>prophetarum</strong></span> <span class='ocrx_word' id='word_1_541' title='bbox 3152 2783 3413 2837; x_wconf 86' lang='lat' dir='ltr'><strong>vaticiniis</strong></span> <span class='ocrx_word' id='word_1_542' title='bbox 3443 2779 3636 2851; x_wconf 58' lang='grc' dir='ltr'><strong>ραι-αὶ-</strong></span> 
     </span>
    </p>
   </div>
   <div class='ocr_carea' id='block_1_85' title="bbox 2039 2872 3632 2951">
    <p class='ocr_par' dir='ltr' id='par_1_85' title="bbox 2039 2872 3632 2951">
     <span class='ocr_line' id='line_1_85' title="bbox 2039 2872 3632 2951; baseline -0.008 -14"><span class='ocrx_word' id='word_1_543' title='bbox 2039 2891 2180 2948; x_wconf 90' lang='lat' dir='ltr'><strong>cata,</strong></span> <span class='ocrx_word' id='word_1_544' title='bbox 2213 2880 2280 2935; x_wconf 90' lang='lat' dir='ltr'><strong>de</strong></span> <span class='ocrx_word' id='word_1_545' title='bbox 2307 2895 2411 2951; x_wconf 90' lang='lat' dir='ltr'><strong>qua</strong></span> <span class='ocrx_word' id='word_1_546' title='bbox 2460 2879 2513 2934; x_wconf 90' lang='lat' dir='ltr'><strong>in</strong></span> <span class='ocrx_word' id='word_1_547' title='bbox 2541 2880 2711 2935; x_wconf 91' lang='lat' dir='ltr'><strong>sacris</strong></span> <span class='ocrx_word' id='word_1_548' title='bbox 2738 2876 3107 2931; x_wconf 84' lang='lat' dir='ltr'><strong>voluminibus</strong></span> <span class='ocrx_word' id='word_1_549' title='bbox 3152 2884 3229 2929; x_wconf 80' lang='lat' dir='ltr'><strong>tut</strong></span> <span class='ocrx_word' id='word_1_550' title='bbox 3258 2873 3523 2945; x_wconf 69' lang='lat' dir='ltr'><strong>prteconia</strong></span> <span class='ocrx_word' id='word_1_551' title='bbox 3563 2872 3632 2925; x_wconf 90' lang='lat' dir='ltr'><strong>ah</strong></span> 
     </span>
    </p>
   </div>
   <div class='ocr_carea' id='block_1_86' title="bbox 2040 2967 3632 3044">
    <p class='ocr_par' dir='ltr' id='par_1_86' title="bbox 2040 2967 3632 3044">
     <span class='ocr_line' id='line_1_86' title="bbox 2040 2967 3632 3044; baseline -0.006 -16"><span class='ocrx_word' id='word_1_552' title='bbox 2040 2974 2158 3044; x_wconf 89' lang='lat' dir='ltr'><strong>ipso</strong></span> <span class='ocrx_word' id='word_1_553' title='bbox 2189 2973 2374 3028; x_wconf 90' lang='lat' dir='ltr'><strong>divino</strong></span> <span class='ocrx_word' id='word_1_554' title='bbox 2419 2972 2623 3042; x_wconf 89' lang='lat' dir='ltr'><strong>Spiritu</strong></span> <span class='ocrx_word' id='word_1_555' title='bbox 2683 2971 3021 3041; x_wconf 84' lang='lat' dir='ltr'><strong>pronuntiata</strong></span> <span class='ocrx_word' id='word_1_556' title='bbox 3070 2969 3339 3038; x_wconf 80' lang='lat' dir='ltr'><strong>leguntur.</strong></span> <span class='ocrx_word' id='word_1_557' title='bbox 3392 2967 3632 3021; x_wconf 88' lang='lat' dir='ltr'><strong>Primum</strong></span> 
     </span>
    </p>
   </div>
   <div class='ocr_carea' id='block_1_87' title="bbox 2042 3059 3634 3137">
    <p class='ocr_par' dir='ltr' id='par_1_87' title="bbox 2042 3059 3634 3137">
     <span class='ocr_line' id='line_1_87' title="bbox 2042 3059 3634 3137; baseline -0.004 -16"><span class='ocrx_word' id='word_1_558' title='bbox 2042 3066 2202 3137; x_wconf 80' lang='lat' dir='ltr'><strong>igitur</strong></span> <span class='ocrx_word' id='word_1_559' title='bbox 2227 3080 2435 3120; x_wconf 90' lang='lat' dir='ltr'><strong>sacram</strong></span> <span class='ocrx_word' id='word_1_560' title='bbox 2470 3064 2611 3119; x_wconf 91' lang='lat' dir='ltr'><strong>illam</strong></span> <span class='ocrx_word' id='word_1_561' title='bbox 2642 3063 2975 3134; x_wconf 84' lang='lat' dir='ltr'><strong>speluncam,</strong></span> <span class='ocrx_word' id='word_1_562' title='bbox 3032 3072 3216 3132; x_wconf 90' lang='lat' dir='ltr'><strong>utpote</strong></span> <span class='ocrx_word' id='word_1_563' title='bbox 3267 3060 3428 3115; x_wconf 84' lang='lat' dir='ltr'><strong>t0tius</strong></span> <span class='ocrx_word' id='word_1_564' title='bbox 3454 3059 3634 3129; x_wconf 84' lang='lat' dir='ltr'><strong>Operis</strong></span> 
     </span>
    </p>
   </div>
   <div class='ocr_carea' id='block_1_88' title="bbox 1964 3154 3634 3259">
    <p class='ocr_par' dir='ltr' id='par_1_88' title="bbox 1964 3154 3634 3259">
     <span class='ocr_line' id='line_1_88' title="bbox 1964 3154 3634 3259; baseline -0.005 -47"><span class='ocrx_word' id='word_1_565' title='bbox 1964 3196 2007 3259; x_wconf 64' lang='grc' dir='ltr'><strong>Ο</strong></span> <span class='ocrx_word' id='word_1_566' title='bbox 2043 3167 2226 3226; x_wconf 90' lang='lat' dir='ltr'><strong>caput,</strong></span> <span class='ocrx_word' id='word_1_567' title='bbox 2277 3157 2608 3212; x_wconf 84' lang='lat' dir='ltr'><strong>exornavit:</strong></span> <span class='ocrx_word' id='word_1_568' title='bbox 2660 3155 2896 3210; x_wconf 88' lang='lat' dir='ltr'><strong>divinmn</strong></span> <span class='ocrx_word' id='word_1_569' title='bbox 2950 3154 3155 3209; x_wconf 89' lang='lat' dir='ltr'><strong>scilicet</strong></span> <span class='ocrx_word' id='word_1_570' title='bbox 3207 3160 3634 3217; x_wconf 88' lang='lat' dir='ltr'><strong>monumentum,</strong></span> 
     </span>
    </p>
   </div>
   <div class='ocr_carea' id='block_1_89' title="bbox 2037 3245 3633 3320">
    <p class='ocr_par' dir='ltr' id='par_1_89' title="bbox 2037 3245 3633 3320">
     <span class='ocr_line' id='line_1_89' title="bbox 2037 3245 3633 3320; baseline -0.004 -17"><span class='ocrx_word' id='word_1_571' title='bbox 2037 3248 2190 3320; x_wconf 87' lang='lat' dir='ltr'><strong>juxta</strong></span> <span class='ocrx_word' id='word_1_572' title='bbox 2221 3248 2362 3318; x_wconf 90' lang='lat' dir='ltr'><strong>quod</strong></span> <span class='ocrx_word' id='word_1_573' title='bbox 2394 3248 2522 3303; x_wconf 92' lang='lat' dir='ltr'><strong>olim</strong></span> <span class='ocrx_word' id='word_1_574' title='bbox 2554 3248 2760 3304; x_wconf 68' lang='lat' dir='ltr'><strong>caalesti</strong></span> <span class='ocrx_word' id='word_1_575' title='bbox 2800 3248 2917 3301; x_wconf 89' lang='lat' dir='ltr'><strong>luce</strong></span> <span class='ocrx_word' id='word_1_576' title='bbox 2943 3246 3156 3300; x_wconf 79' lang='lat' dir='ltr'><strong>radians</strong></span> <span class='ocrx_word' id='word_1_577' title='bbox 3179 3245 3436 3315; x_wconf 76' lang='lat' dir='ltr'><strong>Angelus,</strong></span> <span class='ocrx_word' id='word_1_578' title='bbox 3478 3257 3633 3314; x_wconf 85' lang='lat' dir='ltr'><strong>rege-</strong></span> 
     </span>
    </p>
   </div>
   <div class='ocr_carea' id='block_1_90' title="bbox 2039 3338 3635 3411">
    <p class='ocr_par' dir='ltr' id='par_1_90' title="bbox 2039 3338 3635 3411">
     <span class='ocr_line' id='line_1_90' title="bbox 2039 3338 3635 3411; baseline -0.003 -15"><span class='ocrx_word' id='word_1_579' title='bbox 2039 3342 2375 3397; x_wconf 83' lang='lat' dir='ltr'><strong>nerationem</strong></span> <span class='ocrx_word' id='word_1_580' title='bbox 2404 3357 2523 3411; x_wconf 72' lang='lat' dir='ltr'><strong>qua:</strong></span> <span class='ocrx_word' id='word_1_581' title='bbox 2556 3356 2651 3411; x_wconf 90' lang='lat' dir='ltr'><strong>per</strong></span> <span class='ocrx_word' id='word_1_582' title='bbox 2675 3340 3018 3397; x_wconf 87' lang='lat' dir='ltr'><strong>Servatorem</strong></span> <span class='ocrx_word' id='word_1_583' title='bbox 3064 3338 3467 3407; x_wconf 90' lang='lat' dir='ltr'><strong>ostendebatur,</strong></span> <span class='ocrx_word' id='word_1_584' title='bbox 3518 3352 3635 3392; x_wconf 87' lang='lat' dir='ltr'><strong>om-</strong></span> 
     </span>
    </p>
   </div>
   <div class='ocr_carea' id='block_1_91' title="bbox 1972 3438 2581 3507">
    <p class='ocr_par' dir='ltr' id='par_1_91' title="bbox 1972 3438 2581 3507">
     <span class='ocr_line' id='line_1_91' title="bbox 1972 3438 2581 3507; baseline -0.008 -12"><span class='ocrx_word' id='word_1_585' title='bbox 1972 3502 1978 3507; x_wconf 29' lang='lat'><em>.</em></span> <span class='ocrx_word' id='word_1_586' title='bbox 2039 3439 2197 3496; x_wconf 89' lang='lat' dir='ltr'><strong>nibus</strong></span> <span class='ocrx_word' id='word_1_587' title='bbox 2226 3438 2581 3493; x_wconf 89' lang='lat' dir='ltr'><strong>nuntiaverat.</strong></span> 
     </span>
    </p>
   </div>
   <div class='ocr_carea' id='block_1_92' title="bbox 2586 3551 3089 3610">
    <p class='ocr_par' dir='ltr' id='par_1_92' title="bbox 2586 3551 3089 3610">
     <span class='ocr_line' id='line_1_92' title="bbox 2586 3551 3089 3610; baseline -0.006 -2"><span class='ocrx_word' id='word_1_588' title='bbox 2586 3552 2815 3610; x_wconf 86' lang='lat' dir='ltr'><strong>CAPUT</strong></span> <span class='ocrx_word' id='word_1_589' title='bbox 2845 3551 3089 3608; x_wconf 81' lang='lat' dir='ltr'><strong>XXXIV.</strong></span> 
     </span>
    </p>
   </div>
   <div class='ocr_carea' id='block_1_93' title="bbox 2369 3644 3324 3721">
    <p class='ocr_par' dir='ltr' id='par_1_93' title="bbox 2369 3644 3324 3721">
     <span class='ocr_line' id='line_1_93' title="bbox 2369 3644 3324 3721; baseline -0.002 -20"><span class='ocrx_word' id='word_1_590' title='bbox 2369 3646 2657 3721; x_wconf 84' lang='lat' dir='ltr'><strong>Descriptio</strong></span> <span class='ocrx_word' id='word_1_591' title='bbox 2678 3647 2887 3718; x_wconf 74' lang='lat' dir='ltr'><strong>fabrica:</strong></span> <span class='ocrx_word' id='word_1_592' title='bbox 2906 3647 3067 3700; x_wconf 82' lang='lat' dir='ltr'><strong>sancti</strong></span> <span class='ocrx_word' id='word_1_593' title='bbox 3086 3644 3324 3715; x_wconf 75' lang='lat' dir='ltr'><strong>sepulcri.</strong></span> 
     </span>
    </p>
   </div>
   <div class='ocr_carea' id='block_1_94' title="bbox 2110 3760 3637 3832">
    <p class='ocr_par' dir='ltr' id='par_1_94' title="bbox 2110 3760 3637 3832">
     <span class='ocr_line' id='line_1_94' title="bbox 2110 3760 3637 3832; baseline -0.006 -12"><span class='ocrx_word' id='word_1_594' title='bbox 2110 3764 2247 3832; x_wconf 82' lang='lat' dir='ltr'><strong>Hoc,</strong></span> <span class='ocrx_word' id='word_1_595' title='bbox 2279 3763 2519 3832; x_wconf 89' lang='lat' dir='ltr'><strong>inquam,</strong></span> <span class='ocrx_word' id='word_1_596' title='bbox 2550 3772 2952 3818; x_wconf 88' lang='lat' dir='ltr'><strong>monumentum</strong></span> <span class='ocrx_word' id='word_1_597' title='bbox 2973 3771 3239 3831; x_wconf 87' lang='lat' dir='ltr'><strong>tamquam</strong></span> <span class='ocrx_word' id='word_1_598' title='bbox 3270 3760 3430 3815; x_wconf 91' lang='lat' dir='ltr'><strong>totius</strong></span> <span class='ocrx_word' id='word_1_599' title='bbox 3458 3760 3637 3829; x_wconf 79' lang='lat' dir='ltr'><strong>operis</strong></span> 
     </span>
    </p>
   </div>
   <div class='ocr_carea' id='block_1_95' title="bbox 2038 3851 3635 3929">
    <p class='ocr_par' dir='ltr' id='par_1_95' title="bbox 2038 3851 3635 3929">
     <span class='ocr_line' id='line_1_95' title="bbox 2038 3851 3635 3929; baseline -0.006 -15"><span class='ocrx_word' id='word_1_600' title='bbox 2038 3868 2220 3929; x_wconf 89' lang='lat' dir='ltr'><strong>caput,</strong></span> <span class='ocrx_word' id='word_1_601' title='bbox 2253 3858 2597 3927; x_wconf 89' lang='lat' dir='ltr'><strong>imperatoris</strong></span> <span class='ocrx_word' id='word_1_602' title='bbox 2624 3855 3018 3926; x_wconf 85' lang='lat' dir='ltr'><strong>magniﬁcentia</strong></span> <span class='ocrx_word' id='word_1_603' title='bbox 3050 3853 3261 3909; x_wconf 78' lang='lat' dir='ltr'><strong>eximiis</strong></span> <span class='ocrx_word' id='word_1_604' title='bbox 3288 3851 3553 3907; x_wconf 76' lang='lat' dir='ltr'><strong>columnis</strong></span> <span class='ocrx_word' id='word_1_605' title='bbox 3579 3859 3635 3904; x_wconf 92' lang='lat' dir='ltr'><strong>et</strong></span> 
     </span>
    </p>
   </div>
   <div class='ocr_carea' id='block_1_96' title="bbox 2040 3945 3633 4019">
    <p class='ocr_par' dir='ltr' id='par_1_96' title="bbox 2040 3945 3633 4019">
     <span class='ocr_line' id='line_1_96' title="bbox 2040 3945 3633 4019; baseline -0.004 -15"><span class='ocrx_word' id='word_1_606' title='bbox 2040 3951 2280 4005; x_wconf 88' lang='lat' dir='ltr'><strong>maximo</strong></span> <span class='ocrx_word' id='word_1_607' title='bbox 2306 3950 2450 4004; x_wconf 91' lang='lat' dir='ltr'><strong>cultu</strong></span> <span class='ocrx_word' id='word_1_608' title='bbox 2483 3950 2712 4019; x_wconf 90' lang='lat' dir='ltr'><strong>primum</strong></span> <span class='ocrx_word' id='word_1_609' title='bbox 2744 3948 2982 4003; x_wconf 89' lang='lat' dir='ltr'><strong>omnium</strong></span> <span class='ocrx_word' id='word_1_610' title='bbox 3012 3946 3324 4013; x_wconf 86' lang='lat' dir='ltr'><strong>decoravit,</strong></span> <span class='ocrx_word' id='word_1_611' title='bbox 3372 3956 3426 4001; x_wconf 90' lang='lat' dir='ltr'><strong>et</strong></span> <span class='ocrx_word' id='word_1_612' title='bbox 3452 3945 3633 4014; x_wconf 84' lang='lat' dir='ltr'><strong>cujus-</strong></span> 
     </span>
    </p>
   </div>
   <div class='ocr_carea' id='block_1_97' title="bbox 2038 4040 2980 4114">
    <p class='ocr_par' dir='ltr' id='par_1_97' title="bbox 2038 4040 2980 4114">
     <span class='ocr_line' id='line_1_97' title="bbox 2038 4040 2980 4114; baseline -0.002 -19"><span class='ocrx_word' id='word_1_613' title='bbox 2038 4041 2290 4114; x_wconf 88' lang='lat' dir='ltr'><strong>quemodi</strong></span> <span class='ocrx_word' id='word_1_614' title='bbox 2315 4041 2646 4097; x_wconf 90' lang='lat' dir='ltr'><strong>ornamentis</strong></span> <span class='ocrx_word' id='word_1_615' title='bbox 2674 4040 2980 4096; x_wconf 85' lang='lat' dir='ltr'><strong>illustravit.</strong></span> 
     </span>
    </p>
   </div>
   <div class='ocr_carea' id='block_1_98' title="bbox 2592 4155 3065 4213">
    <p class='ocr_par' dir='ltr' id='par_1_98' title="bbox 2592 4155 3065 4213">
     <span class='ocr_line' id='line_1_98' title="bbox 2592 4155 3065 4213; baseline -0.006 -1"><span class='ocrx_word' id='word_1_616' title='bbox 2592 4155 2818 4213; x_wconf 81' lang='lat' dir='ltr'><strong>CAPUT</strong></span> <span class='ocrx_word' id='word_1_617' title='bbox 2848 4155 3065 4211; x_wconf 82' lang='lat' dir='ltr'><strong>XXXV.</strong></span> 
     </span>
    </p>
   </div>
   <div class='ocr_carea' id='block_1_99' title="bbox 2415 4248 3267 4322">
    <p class='ocr_par' dir='ltr' id='par_1_99' title="bbox 2415 4248 3267 4322">
     <span class='ocr_line' id='line_1_99' title="bbox 2415 4248 3267 4322; baseline -0.004 -18"><span class='ocrx_word' id='word_1_618' title='bbox 2415 4249 2708 4322; x_wconf 84' lang='lat' dir='ltr'><strong>Descriptio</strong></span> <span class='ocrx_word' id='word_1_619' title='bbox 2737 4250 2855 4304; x_wconf 89' lang='lat' dir='ltr'><strong>atrii</strong></span> <span class='ocrx_word' id='word_1_620' title='bbox 2884 4259 2931 4303; x_wconf 87' lang='lat' dir='ltr'><strong>et</strong></span> <span class='ocrx_word' id='word_1_621' title='bbox 2960 4248 3267 4321; x_wconf 84' lang='lat' dir='ltr'><strong>porticuum.</strong></span> 
     </span>
    </p>
   </div>
   <div class='ocr_carea' id='block_1_100' title="bbox 2111 4358 3636 4434">
    <p class='ocr_par' dir='ltr' id='par_1_100' title="bbox 2111 4358 3636 4434">
     <span class='ocr_line' id='line_1_100' title="bbox 2111 4358 3636 4434; baseline -0.005 -15"><span class='ocrx_word' id='word_1_622' title='bbox 2111 4363 2508 4434; x_wconf 85' lang='lat' dir='ltr'><strong>Transgressus</strong></span> <span class='ocrx_word' id='word_1_623' title='bbox 2538 4362 2662 4417; x_wconf 90' lang='lat' dir='ltr'><strong>inde</strong></span> <span class='ocrx_word' id='word_1_624' title='bbox 2684 4361 2856 4417; x_wconf 78' lang='lat' dir='ltr'><strong>estad</strong></span> <span class='ocrx_word' id='word_1_625' title='bbox 2880 4360 3240 4415; x_wconf 83' lang='lat' dir='ltr'><strong>vastissimum</strong></span> <span class='ocrx_word' id='word_1_626' title='bbox 3266 4359 3439 4414; x_wconf 90' lang='lat' dir='ltr'><strong>locum</strong></span> <span class='ocrx_word' id='word_1_627' title='bbox 3465 4358 3636 4413; x_wconf 91' lang='lat' dir='ltr'><strong>libero</strong></span> 
     </span>
    </p>
   </div>
   <div class='ocr_carea' id='block_1_101' title="bbox 2042 4452 3635 4527">
    <p class='ocr_par' dir='ltr' id='par_1_101' title="bbox 2042 4452 3635 4527">
     <span class='ocr_line' id='line_1_101' title="bbox 2042 4452 3635 4527; baseline -0.003 -16"><span class='ocrx_word' id='word_1_628' title='bbox 2042 4456 2497 4527; x_wconf 71' lang='lat' dir='ltr'><strong>patentcmcoslo.</strong></span> <span class='ocrx_word' id='word_1_629' title='bbox 2546 4455 2711 4525; x_wconf 80' lang='lat' dir='ltr'><strong>Cujus</strong></span> <span class='ocrx_word' id='word_1_630' title='bbox 2740 4456 2912 4510; x_wconf 91' lang='lat' dir='ltr'><strong>solum</strong></span> <span class='ocrx_word' id='word_1_631' title='bbox 2956 4452 3238 4526; x_wconf 86' lang='lat' dir='ltr'><strong>splendido</strong></span> <span class='ocrx_word' id='word_1_632' title='bbox 3285 4452 3458 4523; x_wconf 91' lang='lat' dir='ltr'><strong>lapide</strong></span> <span class='ocrx_word' id='word_1_633' title='bbox 3501 4466 3635 4507; x_wconf 73' lang='grc' dir='ltr'><strong>ροη-</strong></span> 
     </span>
    </p>
   </div>
   <div class='ocr_carea' id='block_1_102' title="bbox 2045 4544 3637 4620">
    <p class='ocr_par' dir='ltr' id='par_1_102' title="bbox 2045 4544 3637 4620">
     <span class='ocr_line' id='line_1_102' title="bbox 2045 4544 3637 4620; baseline -0.003 -17"><span class='ocrx_word' id='word_1_634' title='bbox 2045 4551 2253 4617; x_wconf 78' lang='lat' dir='ltr'><strong>Stravit,</strong></span> <span class='ocrx_word' id='word_1_635' title='bbox 2288 4548 2613 4620; x_wconf 89' lang='lat' dir='ltr'><strong>longissimis</strong></span> <span class='ocrx_word' id='word_1_636' title='bbox 2638 4548 2877 4620; x_wconf 83' lang='lat' dir='ltr'><strong>undique</strong></span> <span class='ocrx_word' id='word_1_637' title='bbox 2906 4547 3201 4618; x_wconf 89' lang='lat' dir='ltr'><strong>porticibus</strong></span> <span class='ocrx_word' id='word_1_638' title='bbox 3245 4545 3310 4601; x_wconf 91' lang='lat' dir='ltr'><strong>ad</strong></span> <span class='ocrx_word' id='word_1_639' title='bbox 3345 4544 3443 4600; x_wconf 87' lang='lat' dir='ltr'><strong>tria</strong></span> <span class='ocrx_word' id='word_1_640' title='bbox 3473 4544 3637 4599; x_wconf 87' lang='lat' dir='ltr'><strong>latera</strong></span> 
     </span>
    </p>
   </div>
   <div class='ocr_carea' id='block_1_103' title="bbox 2046 4642 2262 4698">
    <p class='ocr_par' dir='ltr' id='par_1_103' title="bbox 2046 4642 2262 4698">
     <span class='ocr_line' id='line_1_103' title="bbox 2046 4642 2262 4698; baseline 0.005 -1"><span class='ocrx_word' id='word_1_641' title='bbox 2046 4642 2262 4698; x_wconf 91' lang='lat' dir='ltr'><strong>additis.</strong></span> 
     </span>
    </p>
   </div>
   <div class='ocr_carea' id='block_1_104' title="bbox 2587 4732 3103 4790">
    <p class='ocr_par' dir='ltr' id='par_1_104' title="bbox 2587 4732 3103 4790">
     <span class='ocr_line' id='line_1_104' title="bbox 2587 4732 3103 4790; baseline -0.008 0"><span class='ocrx_word' id='word_1_642' title='bbox 2587 4735 2673 4790; x_wconf 73' lang='lat' dir='ltr'><strong>CA</strong></span> <span class='ocrx_word' id='word_1_643' title='bbox 2689 4732 2825 4789; x_wconf 84' lang='lat' dir='ltr'><strong>PUT</strong></span> <span class='ocrx_word' id='word_1_644' title='bbox 2864 4732 3103 4788; x_wconf 82' lang='lat' dir='ltr'><strong>XXXVI.</strong></span> 
     </span>
    </p>
   </div>
   <div class='ocr_carea' id='block_1_105' title="bbox 2045 4838 3644 4912">
    <p class='ocr_par' dir='ltr' id='par_1_105' title="bbox 2045 4838 3644 4912">
     <span class='ocr_line' id='line_1_105' title="bbox 2045 4838 3644 4912; baseline -0.001 -20"><span class='ocrx_word' id='word_1_645' title='bbox 2045 4838 2335 4912; x_wconf 84' lang='lat' dir='ltr'><strong>Descriptio</strong></span> <span class='ocrx_word' id='word_1_646' title='bbox 2365 4840 2617 4911; x_wconf 88' lang='lat' dir='ltr'><strong>parietum</strong></span> <span class='ocrx_word' id='word_1_647' title='bbox 2670 4839 2883 4907; x_wconf 74' lang='lat' dir='ltr'><strong>tectique</strong></span> <span class='ocrx_word' id='word_1_648' title='bbox 2938 4847 2983 4890; x_wconf 92' lang='lat' dir='ltr'><strong>et</strong></span> <span class='ocrx_word' id='word_1_649' title='bbox 3025 4844 3233 4891; x_wconf 83' lang='lat' dir='ltr'><strong>ornatus</strong></span> <span class='ocrx_word' id='word_1_650' title='bbox 3260 4845 3413 4909; x_wconf 86' lang='lat' dir='ltr'><strong>atque</strong></span> <span class='ocrx_word' id='word_1_651' title='bbox 3434 4838 3644 4891; x_wconf 82' lang='lat' dir='ltr'><strong>inaura-</strong></span> 
     </span>
    </p>
   </div>
   <div class='ocr_carea' id='block_1_106' title="bbox 2538 4927 3171 5000">
    <p class='ocr_par' dir='ltr' id='par_1_106' title="bbox 2538 4927 3171 5000">
     <span class='ocr_line' id='line_1_106' title="bbox 2538 4927 3171 5000; baseline 0 -17"><span class='ocrx_word' id='word_1_652' title='bbox 2538 4929 2691 4983; x_wconf 86' lang='lat' dir='ltr'><strong>tionis</strong></span> <span class='ocrx_word' id='word_1_653' title='bbox 2720 4929 2884 5000; x_wconf 87' lang='lat' dir='ltr'><strong>ipsius</strong></span> <span class='ocrx_word' id='word_1_654' title='bbox 2912 4927 3171 4983; x_wconf 73' lang='lat' dir='ltr'><strong>Basilicte.</strong></span> 
     </span>
    </p>
   </div>
   <div class='ocr_carea' id='block_1_107' title="bbox 2117 5038 3641 5114">
    <p class='ocr_par' dir='ltr' id='par_1_107' title="bbox 2117 5038 3641 5114">
     <span class='ocr_line' id='line_1_107' title="bbox 2117 5038 3641 5114; baseline -0.006 -13"><span class='ocrx_word' id='word_1_655' title='bbox 2117 5045 2326 5114; x_wconf 86' lang='lat' dir='ltr'><strong>Quippe</strong></span> <span class='ocrx_word' id='word_1_656' title='bbox 2353 5043 2505 5098; x_wconf 90' lang='lat' dir='ltr'><strong>lateri</strong></span> <span class='ocrx_word' id='word_1_657' title='bbox 2530 5042 2602 5097; x_wconf 91' lang='lat' dir='ltr'><strong>illi</strong></span> <span class='ocrx_word' id='word_1_658' title='bbox 2633 5042 2774 5114; x_wconf 82' lang='lat' dir='ltr'><strong>quod</strong></span> <span class='ocrx_word' id='word_1_659' title='bbox 2804 5057 2834 5096; x_wconf 92' lang='lat' dir='ltr'><strong>e</strong></span> <span class='ocrx_word' id='word_1_660' title='bbox 2857 5042 3075 5112; x_wconf 85' lang='lat' dir='ltr'><strong>regione</strong></span> <span class='ocrx_word' id='word_1_661' title='bbox 3096 5040 3368 5112; x_wconf 69' lang='lat' dir='ltr'><strong>spelunca:</strong></span> <span class='ocrx_word' id='word_1_662' title='bbox 3408 5038 3641 5108; x_wconf 91' lang='lat' dir='ltr'><strong>positum</strong></span> 
     </span>
    </p>
   </div>
   <div class='ocr_carea' id='block_1_108' title="bbox 2046 5135 3643 5207">
    <p class='ocr_par' dir='ltr' id='par_1_108' title="bbox 2046 5135 3643 5207">
     <span class='ocr_line' id='line_1_108' title="bbox 2046 5135 3643 5207; baseline -0.006 -11"><span class='ocrx_word' id='word_1_663' title='bbox 2046 5140 2177 5196; x_wconf 89' lang='lat' dir='ltr'><strong>solis</strong></span> <span class='ocrx_word' id='word_1_664' title='bbox 2202 5147 2380 5193; x_wconf 87' lang='lat' dir='ltr'><strong>ortum</strong></span> <span class='ocrx_word' id='word_1_665' title='bbox 2411 5138 2707 5202; x_wconf 89' lang='lat' dir='ltr'><strong>spectabat,</strong></span> <span class='ocrx_word' id='word_1_666' title='bbox 2756 5138 3042 5207; x_wconf 88' lang='lat' dir='ltr'><strong>conjuncta</strong></span> <span class='ocrx_word' id='word_1_667' title='bbox 3072 5144 3190 5192; x_wconf 88' lang='lat' dir='ltr'><strong>erat</strong></span> <span class='ocrx_word' id='word_1_668' title='bbox 3219 5135 3435 5189; x_wconf 84' lang='lat' dir='ltr'><strong>basilica</strong></span> <span class='ocrx_word' id='word_1_669' title='bbox 3460 5151 3475 5199; x_wconf 89' lang='lat'><strong>;</strong></span> <span class='ocrx_word' id='word_1_670' title='bbox 3507 5148 3643 5204; x_wconf 86' lang='lat' dir='ltr'><strong>opus</strong></span> 
     </span>
    </p>
   </div>
   <div class='ocr_carea' id='block_1_109' title="bbox 2048 5226 3636 5301">
    <p class='ocr_par' dir='ltr' id='par_1_109' title="bbox 2048 5226 3636 5301">
     <span class='ocr_line' id='line_1_109' title="bbox 2048 5226 3636 5301; baseline -0.004 -14"><span class='ocrx_word' id='word_1_671' title='bbox 2048 5233 2206 5301; x_wconf 89' lang='lat' dir='ltr'><strong>plane</strong></span> <span class='ocrx_word' id='word_1_672' title='bbox 2226 5230 2563 5295; x_wconf 86' lang='lat' dir='ltr'><strong>admirabile,</strong></span> <span class='ocrx_word' id='word_1_673' title='bbox 2617 5231 2669 5285; x_wconf 91' lang='lat' dir='ltr'><strong>in</strong></span> <span class='ocrx_word' id='word_1_674' title='bbox 2699 5231 3013 5284; x_wconf 90' lang='lat' dir='ltr'><strong>immensam</strong></span> <span class='ocrx_word' id='word_1_675' title='bbox 3041 5226 3383 5284; x_wconf 89' lang='lat' dir='ltr'><strong>altitudinem</strong></span> <span class='ocrx_word' id='word_1_676' title='bbox 3415 5227 3636 5293; x_wconf 89' lang='lat' dir='ltr'><strong>elatum,</strong></span> 
     </span>
    </p>
   </div>
   <div class='ocr_carea' id='block_1_110' title="bbox 2047 5320 3633 5393">
    <p class='ocr_par' dir='ltr' id='par_1_110' title="bbox 2047 5320 3633 5393">
     <span class='ocr_line' id='line_1_110' title="bbox 2047 5320 3633 5393; baseline -0.005 -15"><span class='ocrx_word' id='word_1_677' title='bbox 2047 5330 2103 5378; x_wconf 84' lang='lat' dir='ltr'><strong>et</strong></span> <span class='ocrx_word' id='word_1_678' title='bbox 2172 5321 2500 5393; x_wconf 90' lang='lat' dir='ltr'><strong>longitudine</strong></span> <span class='ocrx_word' id='word_1_679' title='bbox 2549 5337 2612 5377; x_wconf 88' lang='lat' dir='ltr'><strong>ac</strong></span> <span class='ocrx_word' id='word_1_680' title='bbox 2665 5320 2943 5376; x_wconf 89' lang='lat' dir='ltr'><strong>latitudine</strong></span> <span class='ocrx_word' id='word_1_681' title='bbox 3001 5322 3232 5375; x_wconf 87' lang='lat' dir='ltr'><strong>maxima</strong></span> <span class='ocrx_word' id='word_1_682' title='bbox 3312 5333 3633 5387; x_wconf 86' lang='lat' dir='ltr'><strong>expansum.</strong></span> 
     </span>
    </p>
   </div>
   <div class='ocr_carea' id='block_1_111' title="bbox 2047 5410 3640 5486">
    <p class='ocr_par' dir='ltr' id='par_1_111' title="bbox 2047 5410 3640 5486">
     <span class='ocr_line' id='line_1_111' title="bbox 2047 5410 3640 5486; baseline -0.003 -16"><span class='ocrx_word' id='word_1_683' title='bbox 2047 5413 2213 5486; x_wconf 87' lang='lat' dir='ltr'><strong>Cujus</strong></span> <span class='ocrx_word' id='word_1_684' title='bbox 2280 5415 2536 5471; x_wconf 85' lang='lat' dir='ltr'><strong>interiora</strong></span> <span class='ocrx_word' id='word_1_685' title='bbox 2602 5413 2819 5484; x_wconf 91' lang='lat' dir='ltr'><strong>quidem</strong></span> <span class='ocrx_word' id='word_1_686' title='bbox 2876 5413 3295 5469; x_wconf 82' lang='lat' dir='ltr'><strong>versicoloribus</strong></span> <span class='ocrx_word' id='word_1_687' title='bbox 3353 5410 3640 5465; x_wconf 84' lang='lat' dir='ltr'><strong>marmoris</strong></span> 
     </span>
    </p>
   </div>
   <div class='ocr_carea' id='block_1_112' title="bbox 2048 5505 3641 5575">
    <p class='ocr_par' dir='ltr' id='par_1_112' title="bbox 2048 5505 3641 5575">
     <span class='ocr_line' id='line_1_112' title="bbox 2048 5505 3641 5575; baseline -0.005 -9"><span class='ocrx_word' id='word_1_688' title='bbox 2048 5510 2244 5566; x_wconf 91' lang='lat' dir='ltr'><strong>crustis</strong></span> <span class='ocrx_word' id='word_1_689' title='bbox 2271 5511 2481 5565; x_wconf 86' lang='lat' dir='ltr'><strong>obtecta</strong></span> <span class='ocrx_word' id='word_1_690' title='bbox 2512 5517 2674 5563; x_wconf 91' lang='lat' dir='ltr'><strong>sunt:</strong></span> <span class='ocrx_word' id='word_1_691' title='bbox 2702 5508 2938 5563; x_wconf 81' lang='lat' dir='ltr'><strong>exterior</strong></span> <span class='ocrx_word' id='word_1_692' title='bbox 2968 5523 3095 5562; x_wconf 86' lang='lat' dir='ltr'><strong>vero</strong></span> <span class='ocrx_word' id='word_1_693' title='bbox 3142 5505 3403 5575; x_wconf 85' lang='lat' dir='ltr'><strong>parietum</strong></span> <span class='ocrx_word' id='word_1_694' title='bbox 3451 5517 3641 5572; x_wconf 85' lang='lat' dir='ltr'><strong>super-</strong></span> 
     </span>
    </p>
   </div>
   <div class='ocr_carea' id='block_1_113' title="bbox 2045 5595 3635 5673">
    <p class='ocr_par' dir='ltr' id='par_1_113' title="bbox 2045 5595 3635 5673">
     <span class='ocr_line' id='line_1_113' title="bbox 2045 5595 3635 5673; baseline -0.005 -16"><span class='ocrx_word' id='word_1_695' title='bbox 2045 5604 2226 5671; x_wconf 80' lang='lat' dir='ltr'><strong>ﬁcies,</strong></span> <span class='ocrx_word' id='word_1_696' title='bbox 2278 5602 2457 5673; x_wconf 91' lang='lat' dir='ltr'><strong>politis</strong></span> <span class='ocrx_word' id='word_1_697' title='bbox 2502 5600 2765 5670; x_wconf 89' lang='lat' dir='ltr'><strong>lapidibus</strong></span> <span class='ocrx_word' id='word_1_698' title='bbox 2811 5599 2977 5669; x_wconf 89' lang='lat' dir='ltr'><strong>probe</strong></span> <span class='ocrx_word' id='word_1_699' title='bbox 2998 5599 3136 5652; x_wconf 89' lang='lat' dir='ltr'><strong>inter</strong></span> <span class='ocrx_word' id='word_1_700' title='bbox 3160 5611 3219 5651; x_wconf 85' lang='lat' dir='ltr'><strong>se</strong></span> <span class='ocrx_word' id='word_1_701' title='bbox 3245 5595 3440 5651; x_wconf 86' lang='lat' dir='ltr'><strong>vinetis</strong></span> <span class='ocrx_word' id='word_1_702' title='bbox 3477 5595 3635 5650; x_wconf 65' lang='lat' dir='ltr'><strong>deco~</strong></span> 
     </span>
    </p>
   </div>
   <div class='ocr_carea' id='block_1_114' title="bbox 2043 5688 3635 5767">
    <p class='ocr_par' dir='ltr' id='par_1_114' title="bbox 2043 5688 3635 5767">
     <span class='ocr_line' id='line_1_114' title="bbox 2043 5688 3635 5767; baseline -0.007 -13"><span class='ocrx_word' id='word_1_703' title='bbox 2043 5708 2178 5765; x_wconf 88' lang='lat' dir='ltr'><strong>rata,</strong></span> <span class='ocrx_word' id='word_1_704' title='bbox 2212 5697 2460 5753; x_wconf 89' lang='lat' dir='ltr'><strong>eximiam</strong></span> <span class='ocrx_word' id='word_1_705' title='bbox 2491 5694 2775 5767; x_wconf 87' lang='lat' dir='ltr'><strong>quamdam</strong></span> <span class='ocrx_word' id='word_1_706' title='bbox 2809 5689 3280 5765; x_wconf 88' lang='lat' dir='ltr'><strong>pulchritudinem,</strong></span> <span class='ocrx_word' id='word_1_707' title='bbox 3306 5689 3473 5746; x_wconf 89' lang='lat' dir='ltr'><strong>nihilo</strong></span> <span class='ocrx_word' id='word_1_708' title='bbox 3499 5688 3635 5743; x_wconf 83' lang='lat' dir='ltr'><strong>inle-</strong></span> 
     </span>
    </p>
   </div>
   <div class='ocr_carea' id='block_1_115' title="bbox 2042 5782 3630 5857">
    <p class='ocr_par' dir='ltr' id='par_1_115' title="bbox 2042 5782 3630 5857">
     <span class='ocr_line' id='line_1_115' title="bbox 2042 5782 3630 5857; baseline -0.009 -10"><span class='ocrx_word' id='word_1_709' title='bbox 2042 5790 2241 5848; x_wconf 89' lang='lat' dir='ltr'><strong>riorem</strong></span> <span class='ocrx_word' id='word_1_710' title='bbox 2285 5787 2572 5845; x_wconf 88' lang='lat' dir='ltr'><strong>marmoris</strong></span> <span class='ocrx_word' id='word_1_711' title='bbox 2620 5786 2824 5857; x_wconf 85' lang='lat' dir='ltr'><strong>specie,</strong></span> <span class='ocrx_word' id='word_1_712' title='bbox 2880 5782 3216 5857; x_wconf 69' lang='lat' dir='ltr'><strong>praeferebat.</strong></span> <span class='ocrx_word' id='word_1_713' title='bbox 3282 5782 3364 5838; x_wconf 81' lang='lat' dir='ltr'><strong>Ad</strong></span> <span class='ocrx_word' id='word_1_714' title='bbox 3417 5782 3630 5836; x_wconf 84' lang='lat' dir='ltr'><strong>culmen</strong></span> 
     </span>
    </p>
   </div>
  </div>
