4142 6178
501 289 569 347 59
1744 292 2016 350 EUSEBII
2063 292 2386 350 PAMPIllLl
3733 294 3801 345 (.ti

497 419 624 461 vero
650 412 705 460 et
728 419 970 461 cameras
992 403 1132 475 quod
1157 406 1344 461 attinet
1364 449 1377 473 ,
1405 406 1672 461 exteriora
1703 406 1918 477 quidem
1958 414 2096 462 tecta
2125 411 2173 470 Î‘
2203 407 2464 475 exhibuit,
2496 414 2551 461 et
2583 407 2633 460 in
2662 421 2825 461 carne
2853 407 2999 463 nasci
3031 406 3314 475 sustinuit,
3348 408 3642 479 imperator
3672 424 3802 462 cnn-

499 496 715 568 plumbo
770 507 1038 567 tamquam
1067 496 1377 553 firmissimo
1403 496 1634 569 qundam
1666 498 2001 555 munimento
2028 499 2094 554 ad

498 590 756 646 hibernos
784 590 984 647 imbres
1013 592 1279 647 arcendos
1307 591 1615 647 obvallavit.
1660 592 1886 649 Interius
1916 601 2094 648 autem

497 693 700 741 tectum
752 685 978 757 sculptis
1018 686 1363 741 lacunaribus
1408 694 1755 755 consertum,
1824 696 1873 742 et
1927 686 2097 741 instar

496 780 633 834 vasti
662 778 943 849 cujusdam
984 778 1148 834 maris
1199 779 1493 848 compactis
1523 779 1664 834 inter
1688 793 1746 833 se
1778 778 1971 834 tabulis
2004 793 2097 847 per

505 878 671 925 totam
702 870 975 927 basilicam
1004 869 1309 937 dilatatum,
1343 880 1623 942 totumque
1647 885 1780 926 auro
1807 871 2097 942 purissimo

497 974 834 1035 coopertum,
883 964 1198 1022 universam
1254 964 1532 1020 basilicam
1580 965 1728 1022 velut
1777 963 2094 1037 quibusdam

498 1057 663 1114 radiis
692 1057 979 1130 splendere
1007 1056 1256 1113 faciebat.

1030 1171 1261 1230 CAPUT
1290 1168 1562 1228 XXXVII.

538 1264 821 1338 Descriptio
855 1266 1172 1337 geminorum
1211 1266 1447 1335 utrinque
1502 1266 1791 1335 porticuum
1831 1276 1877 1321 et
1910 1266 2061 1321 trium

968 1368 1235 1430 portarum
1271 1359 1614 1413 orientalium.

574 1474 744 1530 Porro
791 1474 857 1528 ad
915 1481 1204 1544 utrumque
1245 1475 1384 1528 latus
1426 1474 1653 1544 gemina:
1698 1472 1956 1541 porticus,
1986 1479 2093 1525 tam

499 1568 867 1623 subterranea:
893 1583 1052 1637 quam
1098 1582 1256 1637 supra
1310 1578 1506 1621 terram
1556 1566 1877 1629 eminentes,
1935 1564 2097 1617 totius

501 1660 737 1716 basilicae
766 1659 1154 1730 longitudinem
1184 1660 1467 1728 aequabant
1487 1699 1501 1721 ,
1558 1672 1785 1728 quarum
1813 1670 2098 1711 concame-

500 1752 739 1808 rationes
766 1766 898 1806 auro
926 1751 1149 1822 perinde
1181 1753 1398 1806 variata:
1424 1760 1567 1804 sunt.
1625 1750 1701 1804 Ex
1733 1748 1818 1804 his
1864 1764 1983 1820 qua:
2039 1749 2090 1803 in

500 1848 680 1904 fronte
702 1850 941 1905 basilica:
967 1859 1140 1918 erant,
1163 1849 1471 1922 ingentibus
1498 1849 1764 1905 columnis
1794 1848 2091 1905 fulcieban-

501 1951 619 1996 tur:
649 1958 768 2012 qua:
795 1956 926 1996 vero
954 1942 1260 2009 interiores,
1288 1942 1458 2012 pessis
1484 1956 1676 2012 magno
1705 1941 1850 1995 cultu
1890 1941 2094 1995 extrin-

500 2048 657 2089 secus
683 2035 888 2089 ornatis
918 2033 1343 2089 sustinebantur.
1396 2033 1568 2088 Porta:
1599 2041 1707 2087 tres
1735 2031 1801 2087 ad
1828 2031 2091 2087 orientem

497 2126 668 2180 solem
713 2134 836 2196 apte
863 2126 1139 2197 dispositae
1174 2125 1558 2180 introeuntium
1610 2124 1817 2179 turbam
1870 2138 2095 2194 excepe-

503 2226 645 2273 runt.

1009 2310 1241 2368 CAPUT
1279 2310 1568 2368 XXXVIII.

496 2400 788 2474 Descriptio
842 2403 1190 2473 hemisphaerii
1220 2413 1266 2458 et
1304 2404 1573 2458 duodecim
1601 2404 1951 2458 columnarum
1981 2418 2096 2456 cum

1144 2495 1448 2550 crateribus.

564 2610 606 2665 E
647 2612 868 2681 regione
912 2611 1099 2667 harum
1142 2619 1418 2680 portarum
1466 2618 1583 2665 erat
1626 2609 2090 2680 hemisphazrium,

489 2700 632 2772 quod
665 2702 827 2755 totius
851 2702 1030 2771 operis
1052 2710 1214 2771 caput
1244 2709 1350 2767 est,
1406 2714 1576 2772 USqtte
1604 2701 1670 2756 ad
1693 2702 1904 2757 culmen
1928 2702 2097 2770 ipsius

493 2795 729 2851 basilica:
758 2802 1090 2864 protentam.
1133 2791 1461 2864 Cingebatur
1487 2793 1537 2848 id
1566 2793 1852 2848 duodecim
1885 2792 2093 2848 colum-

494 2886 600 2954 nis,
630 2901 727 2957 pro
756 2901 984 2942 numero
1010 2894 1319 2942 sanctorum
1348 2884 1655 2941 Servatoris
1683 2886 1852 2941 nostri
1879 2895 2098 2956 aposto-

493 2979 690 3035 lorum.
727 2980 964 3047 Quarum
995 2981 1168 3050 capita
1201 2981 1448 3037 maximis
1487 2981 1785 3038 crateribus
1826 2981 2096 3052 argenteis

494 3081 648 3128 erant
671 3081 884 3137 ornata,
909 3088 1044 3143 quos
1065 3076 1357 3143 imperator
1379 3082 1648 3147 tamquam
1674 3073 2093 3145 pulcherrimum

494 3164 778 3221 donarium
808 3166 919 3223 Deo
950 3182 1049 3222 suo
1076 3166 1369 3224 dicaverat.

1030 3279 1261 3337 CAPUT
1308 3280 1555 3337 XXXIX.

637 3370 926 3442 Descriptio
950 3373 1089 3440 atrii,
1122 3373 1464 3428 exhedrarum
1491 3381 1541 3428 et
1564 3372 1947 3429 vestibulorum.

567 3486 705 3542 Hinc
731 3486 798 3542 ad
824 3502 919 3542 eos
940 3487 1116 3542 aditus
1143 3489 1231 3559 qui
1263 3498 1390 3543 ante
1431 3488 1688 3559 templum
1727 3500 1849 3543 sunt
1875 3503 2096 3559 progre-

492 3577 786 3647 dientibus,
814 3596 996 3637 aream
1027 3582 1369 3653 interposuit.
1397 3582 1564 3636 Erant
1593 3590 1771 3637 autem
1798 3582 1851 3635 in
1878 3597 1945 3636 eo
1972 3582 2095 3636 loco

497 3672 731 3742 primum
757 3674 977 3741 atrium,
1012 3676 1207 3732 deinde
1239 3678 1475 3747 porticus
1509 3676 1574 3731 ad
1608 3687 1891 3749 utrumque
1932 3678 2091 3743 latus,

495 3778 559 3818 ac
590 3771 865 3833 postremo
895 3775 1062 3835 porta:
1082 3769 1226 3821 atrii.
1256 3770 1381 3823 Post
1410 3768 1506 3824 has
1536 3768 1697 3823 totius
1724 3770 1906 3840 Operis
1931 3770 2093 3824 vesti-

498 3855 620 3911 bula
664 3858 718 3910 in
764 3855 877 3926 ipsa
925 3858 1101 3913 media
1147 3860 1318 3929 platea
1351 3862 1403 3915 in
1444 3878 1546 3932 qua
1590 3862 1760 3917 forum
1799 3873 1881 3918 est
1912 3878 2092 3918 rerum

499 3951 790 4019 venalium,
825 3950 1113 4006 ambitioso
1156 3953 1303 4007 cultu
1344 3965 1624 4017 exornata,
1657 3956 1758 4011 iter
1793 3955 2094 4012 forinsecus

496 4045 799 4116 agentibus,
842 4055 1117 4115 aspectum
1146 4062 1330 4101 carum
1358 4063 1534 4102 rerum
1576 4063 1695 4117 qua:
1727 4049 1869 4103 intus
1907 4065 2094 4106 cerne-

497 4140 693 4196 bantur
722 4155 828 4196 non
853 4140 970 4197 sine
1000 4140 1230 4213 quodam
1259 4150 1483 4211 stupore
1514 4142 1863 4199 exhibebant.

1113 4257 1340 4316 CAPUT
1382 4260 1493 4316 XL.

943 4350 1025 4408 De
1044 4370 1257 4409 numero
1284 4354 1640 4409 denariorum.

569 4465 682 4522 Hoc
701 4465 862 4537 igitur
879 4464 1135 4536 templum
1156 4476 1425 4539 tamquam
1442 4466 1735 4524 salutiferae
1749 4469 2095 4525 resurrectio-

2198 499 2431 554 venicnti
2465 498 2672 555 honore
2711 498 2909 554 affecit.
2939 498 2998 553 In
3031 499 3198 554 altera
3226 515 3355 555 vero
3394 502 3676 570 Spelunca,
3714 516 3802 555 as-

2196 589 2472 646 censionis
2500 590 2786 646 dominica:
2816 606 2934 661 qum
2966 592 3017 645 in
3050 593 3249 647 montis
3281 595 3484 650 vertice
3509 594 3640 649 olim
3664 610 3799 649 con-

2198 682 2411 754 tigerat,
2447 683 2761 738 memoriam
2807 683 3110 739 honoravit.
3144 684 3319 755 Atque
3368 685 3483 740 haec
3524 686 3639 741 loca
3687 700 3802 739 ma-

2196 773 2394 844 gniï¬co
2443 775 2591 829 cultu
2646 789 2938 839 exornans,
2987 775 3145 830 simul
3192 791 3385 831 nomen
3432 776 3621 832 matris
3664 793 3798 841 suae,

2196 868 2350 938 cujus
2395 882 2557 940 opera
2608 882 2671 923 ac
2712 869 3014 925 ministerio
3063 878 3267 923 tantum
3314 870 3512 923 bonum
3561 869 3802 925 humano

2196 961 2384 1032 generi
2434 960 2841 1031 procurabatur,
2873 960 2940 1016 ad
2991 969 3249 1017 mternam
3294 970 3635 1032 posterorum
3679 976 3797 1015 me-

2200 1051 2426 1108 moriam
2454 1054 2811 1108 consecravit.

2781 1167 3011 1230 CAPUT
3050 1169 3210 1227 XLII.

2203 1259 2472 1329 Quomodo
2489 1260 2687 1317 Helena
2703 1263 2930 1334 Augusta
2952 1263 3269 1319 Constantini
3301 1273 3481 1330 mater,
3508 1263 3800 1321 Det/tlcltcm

2299 1355 2485 1411 orandi
2515 1373 2674 1411 causa
2703 1361 2955 1429 profecta,
2988 1358 3082 1412 llas
3112 1356 3375 1412 Ecclesias
3403 1358 3698 1427 ardi/icavit.

2271 1468 2435 1537 Nam,
2467 1485 2590 1525 cum
2621 1471 2709 1525 illa
2732 1470 2975 1527 debitum
3009 1472 3109 1540 pia:
3135 1469 3441 1526 affectionis
3466 1487 3661 1526 munus
3693 1473 3801 1527 [leo

2196 1560 2436 1615 omnium
2465 1560 2596 1631 Regi
2630 1562 2938 1631 persolvere
2966 1561 3320 1626 decrevisset,
3343 1570 3399 1616 et
3430 1577 3527 1631 pro
3556 1560 3665 1617 filio
3695 1579 3796 1618 suo

2200 1659 2349 1706 tanto
2374 1653 2580 1708 scilicet
2606 1653 2954 1723 imperatore,
2982 1669 3046 1709 ac
3072 1670 3167 1724 pro
3200 1653 3322 1708 ï¬liis
3348 1653 3465 1722 ejus
3491 1653 3798 1711 Cmsaribus

2203 1745 2312 1801 Deo
2352 1747 2668 1815 carissimis,
2697 1747 2983 1816 nepotibus
3023 1748 3156 1809 suis.
3186 1748 3386 1817 gratias
3430 1763 3555 1802 cum
3594 1748 3794 1818 suppliv

2196 1838 2504 1894 cationibus
2552 1838 2791 1910 agendas
2845 1840 2946 1895 sibi
3010 1854 3132 1895 esse
3188 1839 3496 1905 statuisset,
3553 1842 3802 1911 quamvis

2195 1932 2386 1987 allâ€˜ecta
2412 1933 2523 2003 jam
2564 1944 2747 1999 :etate,
2779 1943 2955 1989 tamen
2982 1933 3210 2004 juvenili
3249 1934 3432 1988 animo
3457 1935 3800 2004 properavit.

2197 2025 2393 2080 mulier
2434 2025 2691 2095 singulari
2740 2025 3057 2097 prudentia,
3103 2035 3162 2080 ut
3208 2037 3408 2081 terram
3453 2027 3802 2082 veneratione

2196 2117 2410 2188 dignam
2444 2118 2818 2188 perlustraret,
2839 2130 2892 2174 et
2912 2118 3151 2175 Orientis
3177 2119 3505 2189 provincias,
3533 2119 3802 2188 urbeSque

2197 2226 2261 2266 ac
2290 2212 2515 2283 populos
2545 2227 2670 2268 cum
2709 2215 2874 2284 regali
2905 2213 3134 2285 quadam
3175 2213 3543 2268 sollicitudine
3577 2228 3641 2267 ac
3671 2228 3799 2283 pro-

2199 2303 2435 2359 videntia
2466 2304 2744 2361 inviseret.
2779 2305 3076 2375 Postquam
3111 2319 3242 2360 vero
3280 2305 3599 2359 Servatoris
3628 2304 3799 2359 nostri

2200 2395 2420 2466 vestigia
2466 2397 2649 2452 debito
2683 2398 2828 2453 cultu
2865 2409 3121 2453 venerata
3165 2406 3269 2461 est,
3310 2403 3471 2466 prout
3508 2396 3636 2450 olim
3670 2411 3795 2465 pro-

2199 2487 2446 2557 pheticus
2490 2504 2672 2545 sermo
2724 2490 3091 2559 praedixerat:
3128 2490 3449 2553 Adoremns,
3502 2489 3693 2559 inquit,
3745 2489 3797 2542 in

2199 2580 2321 2636 loco
2348 2580 2435 2639 ubi
2478 2591 2743 2637 steterntâ€˜it
2773 2583 2939 2653 pedes
2969 2582 3106 2653 ejus,
3158 2582 3416 2637 continuo
3447 2580 3656 2653 pietatis
3686 2594 3797 2634 sua:

2199 2670 2431 2729 fructum
2466 2675 2696 2744 posteris
2722 2676 2885 2731 etiam
2909 2674 3221 2746 dereliquit.

2771 2789 3001 2847 CAPUT
3039 2791 3224 2847 XLIII.

2487 2901 2687 2957 Rursus
2716 2902 2779 2957 de
2812 2902 3044 2959 Ecclesia
3071 2902 3512 2960 Betltleltemitica.

2271 3014 2484 3069 Etenim
2518 3015 2627 3071 Deo
2656 3031 2814 3086 quem
2858 3016 3180 3073 adoraverat
3224 3017 3333 3072 duo
3375 3018 3556 3073 statim
3602 3021 3797 3091 templa

2199 3107 2510 3164 dedicavit:
2550 3110 2779 3164 alterum
2822 3109 2888 3165 ad
2931 3111 3241 3180 speluncam
3284 3111 3337 3165 in
3379 3126 3480 3182 qua
3524 3122 3679 3166 natus
3717 3123 3801 3168 est

2119 3195 2164 3258 C
2199 3200 2495 3269 Dominus;
2546 3203 2773 3258 alterum
2820 3204 2873 3258 iu
2911 3219 2978 3259 eo
3015 3214 3194 3259 monte
3235 3221 3301 3260 ex
3342 3220 3450 3276 quo
3510 3205 3563 3260 in
3594 3206 3793 3261 ccelum

2196 3296 2534 3351 ascenderat.
2568 3297 2699 3352 Nam
2726 3306 2780 3353 et
2804 3299 3142 3360 Emmanuel.
3191 3299 3335 3371 quod
3381 3307 3464 3354 cst
3510 3300 3796 3355 nobiscum

2197 3387 2361 3456 Deus,
2408 3390 2508 3443 sub
2544 3398 2683 3444 terra
2717 3406 2817 3461 pro
2861 3391 3017 3445 nobis
3056 3391 3201 3445 nasci
3235 3391 3521 3457 sustinuit,
3563 3400 3615 3447 et
3649 3392 3798 3447 locus

2199 3480 2491 3537 nativitatis
2520 3479 2693 3552 ipsius
2732 3481 3049 3537 Bethlchem
3080 3484 3149 3538 ab
3177 3482 3418 3538 Hebrazis
3448 3492 3532 3539 cst
3559 3485 3797 3555 appella-

2197 3582 2303 3627 tus.
2332 3573 2565 3643 Ideoque
2592 3574 2682 3628 Dei
2710 3576 3078 3628 amantissima
3109 3576 3368 3646 Augusta,
3398 3574 3635 3645 deiparte
3674 3576 3795 3630 Vir-

2195 3666 2335 3733 ginis
2381 3674 2591 3736 partum
2637 3665 2852 3722 eximiis
2898 3668 3266 3722 monumentis
3316 3668 3559 3731 ornavit,
3589 3682 3797 3722 sacram

2198 3757 2341 3811 illam
2374 3756 2685 3826 speluncam
2714 3758 2861 3812 omni
2905 3758 3081 3815 cultus
3117 3773 3316 3829 genere
3360 3757 3655 3813 illustrans.
3687 3758 3794 3813 Nec

2196 3852 2365 3906 multo
2406 3859 2528 3922 post
2574 3853 2868 3920 imperator
2906 3851 3150 3907 eamdem
3197 3851 3408 3907 Domini
3458 3852 3793 3907 nativitatem

2195 3942 2465 4015 regalibus
2510 3942 2750 3998 donariis
2792 3942 3110 4009 honoravit,
3150 3944 3311 3999 variis
3354 3959 3419 3998 ex
3461 3959 3592 3998 auro
3620 3952 3672 3998 et
3712 3959 3800 3999 ar~

2194 4044 2359 4111 genta
2392 4035 2775 4101 monumentis,
2815 4035 3055 4105 velisque
3094 4050 3195 4091 acu
3238 4035 3412 4107 pictis,
3459 4035 3646 4091 matris
3687 4051 3798 4090 sua:

2195 4128 2477 4184 cumulatis
2510 4126 2982 4198 magnificentiam.
3020 4128 3290 4181 Praeterea
3324 4127 3668 4196 imperatoris
3690 4127 3800 4197 qui-

2196 4220 2318 4276 dem
2344 4229 2514 4276 mater
2539 4221 2592 4276 in
2621 4219 2935 4275 memoriam
2962 4218 3298 4274 ascensionis
3319 4218 3521 4273 Christi
3550 4220 3796 4275 omnium

2197 4313 2523 4380 Servatoris,
2573 4314 2625 4368 in
2672 4321 2855 4368 monte
2902 4313 3175 4367 Olivarum
3222 4311 3473 4367 sublimia
3528 4314 3801 4368 exstruxit

2197 4407 2423 4463 aedilicia
2440 4448 2456 4475 ,
2484 4408 2536 4462 in
2563 4407 2680 4477 ipso
2704 4407 2899 4462 montis
2924 4407 3131 4463 vertice
3153 4420 3362 4460 sacram
3392 4405 3607 4476 erigens
3627 4406 3798 4461 aedem

2197 4517 2317 4559 cum
2368 4501 2593 4572 templo.
2626 4500 2723 4556 Hic
2753 4516 2919 4573 porro
2963 4501 3304 4557 Servatorem
3337 4500 3579 4556 omnium
3613 4499 3798 4555 Chris-

498 4558 587 4665 Î·Î´Îµ
639 4557 1003 4664 á½·Î¸Î´á½·á½·Ï‰Î¸Î·Î¾Ï…Ï‰
1054 4558 1346 4665 á¼°Ï‰Î²Î¸Ï„á½·Î·á¿¨Î“
1384 4563 1671 4665 exstruxi}:
1714 4561 2095 4665 eâ€˜_m33"mcÂ°
2120 4584 2173 4645 D
2201 4557 2312 4650 tum
2336 4638 2351 4663 ,
2384 4557 2599 4648 arcanis
2628 4557 2901 4665 mysleriis
2943 4593 3236 4664 discipulos
3273 4607 3401 4648 suos
3443 4593 3495 4647 in
3528 4593 3638 4662 ipsa
3673 4606 3797 4662 spe-

497 4654 762 4724 planeque
798 4654 948 4722 regio
986 4660 1244 4723 apparatu
1272 4652 1565 4709 decoravit.
1624 4653 1735 4709 Nec
1765 4654 1869 4709 dici
1916 4664 2090 4724 potest

494 4755 627 4817 quot
653 4744 972 4817 quantisque
1006 4746 1339 4801 ornamentis
1376 4761 1438 4803 ac
1477 4746 1716 4801 donariis
1739 4789 1752 4812 ,
1790 4748 1980 4817 partim
2022 4766 2088 4804 ex

493 4852 628 4891 auro
654 4848 710 4892 et
750 4847 996 4908 argento,
1042 4840 1234 4908 partim
1280 4855 1345 4895 ex
1386 4841 1636 4911 gemmis,
1680 4837 1809 4894 illud
1858 4838 2088 4897 diversi-

496 4930 656 4986 mode
684 4930 1009 4985 venustavit.
1040 4933 1282 4999 Quorum
1315 4943 1631 5002 apparatum
1674 4948 1886 4988 summo
1924 4934 2091 4989 artifi-

491 5023 578 5079 cio
598 5023 951 5087 elaboratum,
971 5034 1022 5079 et
1045 5024 1427 5096 magnitudine,
1442 5035 1495 5080 et
1510 5041 1754 5096 numero,
1770 5028 2095 5084 etvarietate

497 5117 785 5189 insignem,
819 5118 905 5173 hic
930 5118 1240 5191 singillatim
1265 5134 1541 5190 exponere
1566 5121 1705 5176 haud
1735 5131 1906 5178 vacat.

1096 5234 1326 5291 CAPUT
1363 5233 1502 5289 XLI.

500 5326 580 5383 De
618 5326 960 5397 wdiï¬catione
982 5324 1227 5381 Ecclesiw
1254 5328 1398 5398 apud
1438 5325 1733 5383 Bethlehem
1768 5338 1813 5383 et
1840 5329 1894 5384 in
1922 5341 2093 5386 monte

1156 5417 1442 5475 Oliuarum.

568 5523 691 5579 Alia
731 5538 944 5596 quoque
975 5521 1218 5593 ejusdem
1251 5523 1488 5592 regionis
1518 5525 1635 5580 loca
1677 5523 1885 5580 duabus
1926 5526 2094 5581 sacris

498 5615 772 5687 speluncis
820 5614 1097 5671 nobilitata
1143 5616 1431 5671 ambitioso
1480 5617 1626 5672 enltu
1691 5632 1961 5673 exornare
2006 5633 2096 5689 ag-

507 5721 725 5782 gressus
751 5715 855 5762 est.
888 5705 958 5761 Et
985 5706 1295 5777 speluncam
1327 5708 1543 5779 quidem
1572 5710 1717 5764 illam
1742 5710 1794 5764 in
1832 5724 1934 5780 qua
1965 5708 2096 5765 Ser-

511 5811 667 5857 vator
719 5807 903 5855 noster
958 5798 1190 5855 divinam
1256 5803 1599 5872 prmsentiam
1656 5818 1807 5858 suam
1866 5804 2097 5873 primum

2199 4689 2355 4742 lnnca
2414 4687 2659 4742 initiasse
2709 4702 2870 4742 verax
2928 4694 3155 4741 testatur
3222 4685 3463 4740 historia.
3507 4684 3799 4756 Imperator

2201 4796 2327 4834 vero
2364 4778 2466 4834 hoc
2495 4780 2657 4834 etiam
2687 4779 2739 4834 in
2773 4779 2914 4845 loco,
2946 4778 3110 4834 variis
3153 4778 3483 4834 ornamentis
3526 4792 3590 4833 ac
3629 4777 3796 4833 dona-

2200 4872 2296 4927 riis
2336 4887 2606 4927 summum
2652 4871 2891 4926 omnium
2926 4871 3127 4943 Regem
3157 4881 3445 4928 veneratus
3487 4880 3590 4926 est.
3622 4871 3797 4943 Atque

2202 4964 2317 5021 haec
2363 4965 2471 5020 duo
2515 4975 2736 5035 angusta
2783 4980 2846 5019 ac
2873 4965 3235 5035 pulcherrima
3281 4972 3647 5030 monumenta,
3698 4964 3795 5020 itu-

2201 5058 2414 5113 mortali
2454 5060 2717 5112 memoria
2746 5058 2904 5130 digna
2951 5058 3004 5112 in
3048 5056 3259 5113 duabus
3298 5059 3468 5111 sacris
3503 5055 3797 5128 speluncis,

2202 5147 2402 5204 Helena
2435 5147 2697 5218 Augusta,
2731 5147 2967 5218 religiosi
3012 5147 3354 5219 imperatoris
3380 5156 3552 5203 mater
3588 5145 3798 5217 religio-

2199 5241 2438 5308 sissima,
2464 5241 2565 5311 piae
2587 5240 2891 5296 devotionis
2919 5249 3234 5311 argumenta
3259 5240 3370 5296 Deo
3398 5239 3675 5296 Servatori
3700 5252 3800 5291 suo

2201 5334 2494 5398 dedicavit,
2523 5348 2645 5388 cum
2689 5332 2829 5388 filius
2869 5331 3166 5403 imperialis
3208 5333 3463 5402 potentite
3502 5330 3796 5387 subsidium

2200 5429 2249 5485 ei
2273 5426 2565 5483 conferret.
2593 5426 2703 5482 Nec
2724 5426 2897 5482 multo
2915 5437 3036 5498 post
3056 5425 3344 5497 graudzeva
3367 5425 3563 5481 mulier
3581 5424 3797 5496 dignum

2201 5519 2604 5575 laboribussuis
2629 5520 2908 5591 praemium
2933 5518 3135 5574 retulit.
3162 5518 3319 5587 Nam,
3342 5533 3462 5574 cum
3481 5528 3647 5573 totum
3674 5518 3799 5573 vita:

2202 5631 2314 5672 suae
2371 5624 2584 5688 tempus
2647 5629 2818 5687 usque
2865 5613 2930 5669 ad
2967 5613 3139 5686 prima
3182 5614 3475 5670 senectutis
3517 5612 3699 5668 limina
3747 5612 3798 5666 in

2207 5724 2415 5765 summa
2446 5709 2701 5764 felicitate
2723 5708 3074 5774 traduxisset,
3105 5717 3161 5764 et
3188 5708 3491 5764 divinorum
3526 5705 3802 5764 mandato-

2213 5817 2333 5859 rum
2365 5800 2559 5858 uberes
2599 5801 2802 5856 fructus
2832 5807 2943 5854 tum
2976 5799 3156 5857 verbis
3186 5808 3298 5855 tum
3336 5798 3587 5871 operibus
3618 5806 3803 5870 protu-
