4142 6178
325 354 394 411 61
1064 412 1067 413 ν
1394 339 1485 395 DE
1524 336 1690 393 VITA
1730 326 2183 390 CONSTANTINI
2227 325 2429 383 LIBER
2470 328 2555 383 Ill.
3565 313 3633 368 (r3

323 472 519 539 Iisset,
578 484 644 525 ac
693 473 973 538 propterea
1026 461 1187 514 vitam
1234 455 1452 512 doloris
1480 459 1758 523 expertem
1807 462 1931 503 cum
1958 447 2007 508 Α
2035 443 2239 500 tumob
2264 441 2763 514 prtestantissimum
2795 438 2941 495 illum
2970 447 3020 492 et
3048 431 3415 491 admirabilem
3445 428 3634 485 furum

322 578 549 619 summa
578 561 768 616 mentis
801 567 858 613 et
888 554 1135 625 corporis
1176 550 1405 606 sanitate
1449 544 1763 616 peregisset,
1806 548 1926 595 tan-

323 657 462 713 dem
495 656 690 711 exitum
718 649 907 723 pietati
938 663 1050 703 sua:
1077 641 1489 701 convenientem
1537 646 1593 694 et
1621 634 1925 692 mercedem

320 748 595 805 bonorum
622 757 849 816 operum
876 742 930 796 in
962 739 1062 794 hac
1086 738 1251 794 etiam
1283 736 1387 790 vita
1424 749 1456 789 a
1495 732 1606 788 Deo
1636 735 1929 801 consecuta

319 852 433 901 est.
1197 900 1204 909 _

899 923 1127 983 CAPUT
1165 919 1356 977 XLIV.

464 1027 544 1084 De
570 1022 925 1096 magnitudine
944 1018 1105 1073 animi
1130 1025 1176 1072 et
1204 1011 1532 1085 beneﬁcentia
1563 1009 1792 1067 Helena'.

399 1144 615 1216 Quippe
643 1142 769 1197 dum
800 1147 972 1194 totum
1001 1133 1280 1192 Orientem
1322 1145 1441 1186 cum
1483 1127 1650 1201 regali
1683 1123 1930 1195 magniﬁ-

324 1240 515 1299 centia
565 1243 834 1309 peragrat,
880 1242 991 1287 tum
1046 1228 1373 1293 civitatibus,
1422 1235 1531 1280 tum
1576 1221 1794 1294 privatis
1840 1219 1932 1291 qui

323 1334 508 1404 ipsam
542 1331 782 1397 adibant,
817 1328 1097 1383 innumera
1141 1321 1398 1378 beneﬁcia
1427 1318 1714 1376 acervatim
1742 1326 1932 1372 contu-

325 1427 431 1494 Iit,
477 1426 759 1482 innumera
799 1434 1016 1491 quoque
1083 1417 1402 1472 militaribus
1442 1414 1682 1470 numeris
1721 1410 1931 1469 liberali

324 1533 498 1576 manu
523 1516 816 1573 distribuit.
850 1509 1186 1581 Pauperibus
1218 1518 1395 1564 autem
1426 1522 1489 1562 ac
1521 1506 1676 1561 nudis
1705 1512 1759 1561 et
1784 1503 1932 1561 omni

324 1629 436 1684 Ope
474 1628 539 1669 ac
576 1612 774 1667 solatio
803 1608 1074 1665 destitutis
1101 1604 1494 1677 quamplurima
1530 1603 1779 1668 donavit,
1825 1600 1930 1654 illis

324 1703 639 1777 pecuniam,
668 1702 751 1756 his
780 1709 1011 1765 vestem,
1036 1701 1103 1753 ad
1136 1697 1419 1768 tegendam
1443 1695 1686 1766 corporis
1713 1691 1926 1748 nudita-

322 1805 437 1855 tem
492 1794 702 1865 prolixe
756 1792 1123 1862 suppeditans.
1174 1789 1327 1843 Alios
1373 1789 1499 1844 item
1546 1784 1792 1852 vinculis,
1838 1791 1929 1837 aut

316 1887 669 1947 metallorum
701 1885 956 1942 arumnis
980 1881 1212 1937 afﬂictos
1233 1879 1498 1945 exsolvit;
1530 1877 1788 1948 quosdam
1815 1876 1929 1930 vio-

317 1982 492 2039 lentia
542 1980 906 2050 potentiorum
977 1988 1265 2046 oppressos
1315 1972 1593 2036 liberavit;
1644 1968 1928 2025 nonnullos

317 2076 490 2133 etiam
520 2075 592 2130 ab
616 2071 778 2129 exilio
807 2071 1100 2126 revocavit.

918 2184 1149 2249 CAPUT
1186 2182 1347 2239 XLV.

403 2284 674 2354 Quomodo
710 2281 912 2337 Helena
935 2280 993 2334 iu
1017 2278 1243 2337 ecclesiis
1274 2275 1507 2347 religiose
1535 2284 1733 2331 versato
1760 2275 1845 2329 sit.

395 2394 718 2466 Huiusmodi
772 2391 1029 2464 operibus
1081 2403 1203 2445 cum
1254 2401 1501 2459 magnam
1548 2386 1649 2442 sibi
1702 2385 1925 2455 gloriam

316 2497 719 2561 comparasset,-
749 2487 1006 2557 pietatem
1035 2498 1161 2554 erga
1190 2481 1361 2536 Deum
1388 2479 1610 2534 minime
1639 2477 1877 2549 neglexit
1910 2495 1924 2530 :

319 2600 455 2642 nam
504 2593 561 2640 et
611 2581 849 2647 assidue,
911 2577 1119 2635 cunctis
1167 2574 1494 2641 videntibus,
1544 2575 1596 2628 in
1642 2572 1927 2628 ecclesiam

315 2680 646 2744 ventitabat,
676 2686 731 2732 et
762 2689 946 2731 sacras
972 2672 1119 2729 aedes
1146 2671 1358 2727 eximiis
1397 2667 1732 2724 ornamentis
1761 2667 1928 2724 deco-

318 2772 505 2839 rabat,
537 2784 607 2825 ne
633 2768 979 2824 minimarum
1019 2762 1237 2836 quidem
1266 2760 1480 2817 urbium
1508 2760 1704 2815 sacella
1746 2758 1928 2830 despi-

319 2866 497 2922 ciens.
525 2862 710 2934 Itaque
745 2860 931 2915 videre
963 2867 1080 2914 erat
1111 2855 1394 2911 mulierem
1440 2868 1662 2924 prorsus
1689 2852 1925 2907 admira-

322 2956 512 3021 bilem,
559 2948 807 3009 modesto
840 2966 905 3006 ac
942 2948 1154 3006 decenti
1192 2946 1375 3002 habitu
1422 2960 1524 3001 una
1560 2960 1683 3001 cum
1721 2944 1927 3014 reliqua

324 3049 678 3108 multitudine
709 3056 1041 3111 versantem,
1073 3058 1335 3114 suamque
1360 3057 1486 3113 erga
1519 3042 1686 3097 Deum
1715 3039 1930 3110 religio-

321 3160 451 3202 nem
483 3143 629 3199 omni
661 3142 869 3213 piorum
899 3152 1124 3211 sperum
1148 3152 1354 3210 genere
1378 3135 1769 3192 declarantem.

907 3253 1133 3312 CAPUT
1171 3251 1356 3309 XLVI.

327 3353 598 3423 Quomodo
622 3349 970 3423 octogenario,
1001 3354 1296 3402 testamento
1324 3348 1481 3416 facta,
1504 3359 1531 3398 e
1555 3342 1658 3397 vita
1688 3340 1920 3396 decessit.

393 3469 511 3525 Jam
542 3483 674 3523 vero
702 3481 824 3522 cum
855 3463 986 3521 satis
1026 3463 1189 3533 longo
1218 3459 1339 3517 vita:
1378 3458 1553 3529 Spatio
1590 3459 1819 3514 decurso
1859 3457 1927 3517 ad

319 3563 623 3619 feliciorem
678 3571 883 3616 sortem
928 3568 1237 3622 vocaretur,
1286 3568 1485 3609 annum
1544 3550 1716 3607 artatis
1763 3565 1927 3621 agens

319 3661 541 3723 circiter
568 3656 984 3730 octogesimum,
1017 3655 1071 3708 in
1104 3655 1224 3722 ipso
1249 3650 1437 3707 mortis
1465 3648 1703 3705 conﬁnio
1730 3648 1925 3718 posita,

320 3763 653 3811 testamento
709 3750 890 3816 facto,
929 3750 1172 3811 ultimam
1218 3745 1552 3803 voluntatem
1601 3743 1924 3811 declaravit,

317 3846 598 3904 hatredem
630 3844 941 3914 relinquens
971 3841 1186 3901 unicum
1234 3839 1436 3907 ﬁlium,
1479 3838 1650 3893 solum
1694 3837 1927 3908 impera-

321 3950 502 3997 torem
536 3953 604 3995 ac
628 3937 911 3995 dominum
953 3932 1104 3990 orbis
1135 3941 1425 3996 terrarum,
1456 3944 1579 3985 cum
1622 3929 1743 3986 ﬁliis
1774 3928 1929 3984 nobi—

318 4032 545 4088 lissimis
567 4027 881 4086 Caesaribus
915 4023 1205 4097 nepotibus
1238 4023 1374 4079 suis.
1401 4024 1638 4090 Quorum
1678 4020 1925 4092 singulis,

320 4123 471 4179 bona
506 4138 623 4194 qua:
650 4135 751 4193 per
776 4119 1088 4177 universum
1120 4116 1310 4171 orbem
1357 4113 1691 4186 possidebat,
1723 4113 1923 4168 divisit.

320 4217 384 4272 In
435 4215 576 4271 hunc
627 4212 870 4280 modum,
904 4218 1223 4266 testamento
1278 4209 1437 4274 facto,
1488 4206 1631 4263 diem
1682 4205 1928 4262 ultimum

320 4308 538 4370 clausit,
568 4312 839 4375 praesente
866 4310 919 4357 et
957 4300 1204 4355 adstante
1236 4298 1341 4370 ipsi
1378 4296 1470 4352 tali
1500 4305 1754 4367 tantoque
1793 4295 1925 4363 lilio,

321 4411 377 4457 et
410 4400 562 4455 omni
601 4397 986 4468 obsequiorum
1031 4408 1229 4465 genere
1272 4402 1498 4447 matrem
1543 4390 1774 4458 fovente,
1809 4405 1925 4445 ma-

320 4507 533 4563 nusque
570 4491 691 4561 ejus
727 4489 1112 4560 amplectente.
1144 4485 1295 4541 Adeo
1324 4494 1384 4545 ut
1420 4497 1757 4554 nequaquam
1789 4485 1927 4543 mori

319 4588 519 4643 mulier
563 4584 896 4648 beatissima,
941 4582 1037 4639 sed
1078 4582 1256 4652 potius
1297 4581 1554 4637 caducam
1586 4580 1724 4636 hanc
1764 4580 1925 4635 vitam

320 4694 447 4739 eum
497 4679 791 4735 immortali
827 4677 935 4734 vita
974 4682 1331 4739 commutare,
1381 4682 1526 4731 recte
1570 4673 1924 4735 sentientibus

320 4772 616 4829 videretur.
659 4771 852 4826 Anima
894 4770 1057 4841 igitur
1099 4768 1242 4823 illius
1284 4767 1337 4822 in
1377 4765 1833 4840 ineorruptibilem
1870 4777 1921 4827 et

322 4866 619 4936 angelicam
647 4862 1001 4921 substantiam
1026 4859 1341 4928 reformata,
1364 4859 1433 4915 ad
1462 4859 1630 4915 Deum
1670 4860 1924 4916 Servato-

323 4973 445 5016 rem
470 4973 622 5017 suum
650 4967 928 5030 assumpta
959 4964 1062 5013 est.

887 5069 1118 5127 CAPUT
1156 5067 1367 5127 XLVII.

328 5175 599 5244 Quomodo
635 5172 1002 5231 Constantinus
1048 5180 1261 5226 matrem
1302 5170 1537 5237 deposuit
1616 5177 1665 5225 et
1705 5169 1926 5241 qualiter

770 5269 915 5323 illam
943 5266 1101 5321 coluit
1130 5264 1254 5320 dum
1279 5266 1482 5320 uiueret.

392 5383 640 5441 Cadaver
681 5391 862 5437 autem
906 5378 1075 5453 ipsius
1110 5378 1316 5435 honore
1354 5376 1764 5451 haudquaquam
1803 5377 1924 5434 vul-

322 5476 439 5549 gari
463 5474 718 5532 allectum
759 5473 876 5528 fuit.
904 5471 1039 5528 Nam
1083 5487 1204 5527 cum
1247 5472 1451 5543 ingenti
1488 5471 1777 5527 satellitum
1821 5487 1923 5527 nn-

322 5584 474 5624 mero
503 5569 559 5624 in
584 5568 792 5638 regiam
833 5565 1021 5621 urbem
1064 5571 1395 5635 pervectum,
1435 5561 1635 5619 ibidem
1674 5562 1729 5618 in
1758 5563 1925 5634 regali

324 5667 682 5717 monumento
724 5656 1028 5727 depositum
1071 5662 1172 5711 est.
1222 5652 1338 5710 Hoc
1379 5652 1541 5709 modo
1585 5653 1926 5724 imperatoris

324 5763 500 5811 mater
529 5749 747 5808 vivendi
775 5748 936 5806 ﬁnem
962 5747 1122 5815 fecit;
1148 5747 1342 5804 mulier
1365 5748 1691 5820 sempiterna
1720 5763 1925 5807 memo-

320 5851 400 5910 ria
420 5845 769 5922 dignissima,
793 5844 903 5903 tum
930 5844 1000 5902 ob
1024 5846 1299 5919 religiosos
1321 5859 1473 5907 actus
1493 5846 1686 5921 quibus
1707 5848 1921 5918 enituit,

2032 539 2120 610 qui
2148 553 2211 594 ex
2244 537 2331 591 illa
2373 544 2523 590 ortus
2564 543 2664 590 est.
2697 535 2867 599 Quem
2906 528 3121 601 quidem
3154 528 3222 580 ob
3259 533 3485 579 caeteras
3523 534 3631 585 res,

2034 629 2268 684 maxime
2287 643 2419 683 vero
2449 626 2521 682 ob
2549 626 2801 697 pietatem
2830 624 2883 677 in
2914 628 3162 680 matrem,
3193 618 3405 673 beatum
3436 628 3632 673 conive-

2034 720 2112 775 nit
2151 718 2464 789 priedicare.
2512 718 2722 785 Quippe
2758 714 2924 777 illam,
2957 727 3077 768 cum
3109 719 3265 764 antea
3312 707 3404 762 Dei
3440 705 3629 763 cultrix

2034 827 2143 866 non
2188 818 2354 875 esset,
2401 818 2508 865 tam
2553 809 2697 879 piam
2739 821 2802 861 ac
2844 804 3149 874 religiosam
3195 799 3465 871 praestitit,
3506 806 3563 852 ut
3599 811 3632 853 α

2032 906 2304 962 communi
2347 905 2589 959 omnium
2623 903 2912 960 Servatore
2938 900 3177 955 instituta
3224 896 3394 951 luisse‘
3423 893 3633 949 videre-

2035 1008 2139 1055 tur.
2170 999 2457 1070 Regalibus
2483 1006 2660 1054 autem
2692 993 2986 1051 honoribus
3013 993 3081 1048 ita
3120 989 3366 1047 eamdem
3395 986 3627 1053 ornavit,

2034 1103 2093 1148 ut
2119 1092 2172 1147 in
2203 1091 2453 1147 omnibus
2478 1087 2790 1161 provinciis.
2822 1096 2932 1143 tum
2958 1101 2989 1140 a
3018 1083 3259 1155 paganis,
3295 1090 3405 1137 tum
3433 1095 3464 1135 a
3490 1079 3632 1134 mili-

2037 1184 2177 1240 tibus
2210 1187 2445 1255 Angusta
2472 1192 2527 1238 et
2572 1178 2883 1252 imperatrix
2927 1184 3352 1245 nuncuparetur,
3389 1179 3444 1227 et
3482 1173 3628 1225 aurei

2034 1277 2241 1335 nummi
2268 1279 2385 1346 ejus
2419 1276 2652 1346 imagine
2689 1274 3049 1345 signarentur.
3077 1266 3380 1336 Quinetiam
3409 1262 3627 1319 thesau-

2035 1386 2216 1427 rerum
2242 1369 2501 1441 regalium
2543 1375 2863 1439 potestatem
2902 1365 2949 1420 ei
2978 1360 3366 1418 Constantinus
3404 1370 3629 1411 conces-

2035 1472 2200 1529 serat,
2231 1461 2424 1533 quibus
2454 1476 2551 1533 pro
2579 1458 2801 1515 arbitrio
2844 1465 2899 1512 et
2927 1471 2993 1513 ex
3034 1453 3197 1509 animi
3226 1452 3307 1508 sui
3336 1448 3624 1513 sententia,

2034 1565 2191 1626 prout
2219 1554 2428 1609 libitum
2452 1561 2594 1608 esset
2616 1560 2878 1609 uteretur.
2905 1547 3038 1604 Nam
3065 1555 3120 1601 et
3139 1546 3192 1601 in
3219 1544 3318 1599 hac
3338 1551 3489 1613 parte
3515 1555 3628 1595 ma-

2034 1656 2171 1703 trem
2216 1660 2368 1701 suam
2411 1645 2755 1715 conspicuam
2796 1651 2850 1697 et
2895 1641 3104 1695 beatam
3151 1636 3389 1691 omnium
3426 1631 3629 1704 judicio

2033 1738 2285 1795 reddidit.
2333 1737 2594 1806 Quocirca
2633 1750 2699 1791 ex
2743 1734 2807 1789 iis
2851 1747 2970 1803 quae
3006 1730 3071 1785 ad
3118 1724 3430 1783 memoriam
3482 1724 3627 1783 illius

1957 1851 2005 1912 Β
2031 1830 2402 1887 illustrandum
2440 1830 2731 1898 pertinent,
2761 1840 2867 1881 non
2898 1821 3170 1879 immerito
3199 1821 3313 1873 haec
3341 1816 3502 1872 etiam
3534 1830 3625 1869 as-

2030 1926 2376 1996 sumpsimus,
2410 1939 2529 1994 qua:
2557 1924 2848 1993 imperator
2878 1934 2976 1988 pro
3016 1914 3272 1987 singulari
3301 1928 3397 1968 sua
3427 1912 3627 1982 pietate

2029 2019 2085 2075 in
2113 2018 2376 2074 honorem
2420 2017 2608 2071 matris
2649 2029 2762 2069 suae
2803 2012 2993 2084 gessit,
3025 2008 3153 2065 dum
3182 2006 3377 2062 divinis
3416 2005 3626 2060 obtem-

2030 2122 2181 2183 perat
2208 2112 2434 2183 lcgibus,
2464 2126 2585 2181 qum
2615 2108 2737 2164 ﬁliis
2768 2105 2944 2162 debita
2978 2107 3029 2159 in
3058 2111 3313 2175 parentes
3335 2099 3510 2155 ofﬁcia
3542 2098 3622 2153 in-

2024 2205 2278 2276 jungunt.
2309 2201 2625 2272 Hujusmodi
2658 2198 3014 2271 pulcherrima
3055 2209 3218 2266 opera
3256 2194 3307 2248 in
3340 2190 3622 2247 Palaestina

2031 2298 2345 2368 imperator,
2377 2296 2454 2351 uti
2484 2294 2744 2358 diximus,
2776 2291 3059 2351 exstruxit.
3090 2289 3197 2345 Sed
3227 2298 3279 2344 et
3318 2288 3371 2341 in
3404 2284 3624 2356 reliquis

2030 2386 2318 2457 provinciis
2358 2400 2524 2442 novas
2557 2401 2586 2441 a
2626 2385 2988 2442 fundamentis
3043 2382 3312 2437 acditicans
3343 2378 3620 2440 ecclesias,

2030 2480 2200 2537 multo
2227 2479 2563 2551 angustiores
2593 2493 2750 2549 quam
2783 2492 2901 2548 qua:
2929 2484 3085 2531 antea
3112 2481 3267 2531 erant
3293 2470 3488 2527 eil'ecit.

2575 2591 2802 2657 CAPUT
2841 2589 3073 2651 XLVIII.

2034 2708 2301 2777 Quomodo
2322 2706 2763 2775 Constantinopoli
2796 2704 3042 2775 martyrio
3066 2698 3372 2766 construxit,
3399 2713 3627 2754 omnem-

2389 2820 2487 2876 que
2514 2801 2772 2859 idolorum
2797 2800 2995 2855 cultum
3024 2796 3260 2853 abolevit.

2101 2919 2234 2975 Cum
2264 2931 2393 2974 vero
2417 2918 2688 2973 civitatem
2715 2916 2948 2972 nominis
2986 2914 3066 2968 sui
3104 2912 3173 2968 ad
3201 2926 3465 2969 summam
3504 2910 3623 2981 glo-

2030 3014 2166 3069 riam
2206 3011 2474 3069 extollere
2520 3011 2879 3076 instituisset,
2925 3007 3176 3080 plurimis
3214 3020 3333 3062 eam
3376 3005 3627 3060 oratoriis

2030 3109 2341 3173 exornavit,
2367 3103 2822 3175 amplissimisque
2854 3100 3128 3172 martyriis
3158 3106 3213 3154 et
3250 3096 3624 3168 splendidissi-

2033 3199 2136 3253 mis
2158 3196 2363 3252 azdibus
2382 3239 2396 3263 ,
2431 3197 2618 3263 iartim
2650 3199 2701 3249 in
2730 3193 3021 3258 suburbiis,
3058 3191 3248 3263 partim
3277 3192 3329 3246 in
3362 3190 3476 3260 ipsa
3497 3188 3629 3243 civi-

2033 3300 2141 3346 tate
2185 3290 2526 3344 constructis.
2579 3287 2756 3358 Atque
2793 3289 2894 3342 hoc
2929 3285 3091 3341 modo
3128 3284 3287 3339 simul
3332 3292 3626 3354 martyrum

2035 3383 2321 3438 honoravit
2375 3381 2726 3445 memoriam,
2777 3377 2937 3433 simul
2995 3377 3265 3432 civitatem
3328 3390 3477 3430 suam
3527 3375 3625 3442 ipsi

2032 3488 2327 3550 martyrum
2365 3477 2474 3532 Deo
2512 3476 2864 3532 consecravit.
2894 3474 3061 3529 Tutus
3099 3472 3332 3543 denique
3365 3470 3626 3540 sapientia

2032 3576 2126 3632 Dei
2154 3582 2480 3637 extcstuans,
2500 3574 2688 3630 urbem
2720 3573 2863 3627 illam
2888 3587 3047 3643 quam
3081 3570 3440 3640 appellatione
3462 3569 3627 3623 nomi~

2032 3671 2116 3726 nis
2138 3670 2218 3724 sui
2256 3668 2515 3740 insignire
2561 3667 2906 3730 decreverat,
2959 3664 3104 3717 omni
3157 3662 3423 3716 idolorum
3480 3661 3624 3716 cultu

2034 3776 2203 3833 usque
2228 3761 2365 3816 adeo
2402 3774 2623 3815 vacuam
2667 3772 2789 3813 esse
2824 3756 3024 3822 voluit,
3050 3762 3104 3809 ut
3151 3769 3411 3824 nusquam
3450 3754 3501 3808 in
3538 3753 3625 3809 illa

2032 3856 2295 3910 falsorum
2326 3852 2601 3908 nttminum
2633 3849 2917 3905 simulacra
2944 3849 2996 3903 in
3038 3846 3253 3917 templis
3282 3847 3623 3910 colerentur;

2032 3961 2095 4002 ac
2118 3961 2185 4001 ne
2221 3960 2327 3999 ara:
2367 3944 2581 4016 quidem
2615 3944 2955 4001 victimarum
2995 3955 3189 3997 cruore
3225 3939 3620 4003 contaminatae,

2032 4054 2133 4095 nec
2157 4038 2348 4095 hostiae
2379 4040 2503 4108 igne
2529 4043 2868 4108 consumptae
2893 4045 3263 4100 cernerentur,
3304 4047 3403 4088 nec
3424 4032 3625 4087 daemo-

2032 4151 2162 4191 num
2186 4133 2503 4195 festivitates
2523 4175 2538 4203 ,
2572 4148 2672 4189 nec
2697 4133 2986 4205 quidquam
3013 4147 3201 4187 eorum
3224 4146 3343 4203 qua:
3376 4128 3516 4200 apud
3538 4142 3626 4184 su-

2030 4226 2367 4299 perstitiosos
2392 4225 2606 4297 vulgata
2636 4233 2763 4280 sunt
2790 4224 2989 4280 ibidem
3020 4232 3291 4294 ageretur.

2602 4335 2828 4395 CAPUT
2867 4334 3056 4393 XLIX.

2034 4453 2254 4526 Signum
2276 4455 2444 4508 crucis
2470 4452 2523 4507 in
2549 4451 2761 4523 palatio,
2792 4461 2839 4507 et
2862 4451 3032 4522 imago
3058 4448 3292 4505 Danielis
3310 4450 3361 4503 in
3379 4450 3622 4521 fontibus.

2109 4567 2349 4627 Vidisses
2377 4568 2537 4639 igitur
2559 4567 2612 4623 in
2653 4565 2892 4621 fontibus
2924 4566 3014 4637 qui
3040 4575 3166 4621 sunt
3194 4565 3246 4619 itt
3274 4563 3455 4619 medio
3484 4562 3624 4639 foro,

1954 4639 2009 4700 Β
2034 4664 2158 4721 boni
2183 4664 2411 4735 pastoris
2435 4664 2713 4734 imagines,
2734 4663 3038 4717 divinorum
3079 4659 3420 4734 oraculorum
3443 4660 3627 4730 peritis

2034 4756 2375 4824 notissimas,
2426 4756 2655 4817 Danielis
2692 4756 2817 4810 item
2843 4752 3074 4823 efﬁgiem
3099 4768 3202 4807 una
3229 4767 3350 4807 cum
3381 4751 3627 4807 leonibus

2032 4864 2140 4905 aere
2166 4864 2499 4920 expressam,
2532 4857 2585 4901 ct
2614 4846 2731 4902 auri
2761 4846 2993 4902 bracteis
3027 4845 3396 4916 refulgentem.
3422 4846 3626 4901 'l‘antus

2032 4955 2195 5012 porro
2218 4940 2381 4996 divini
2425 4940 2657 4994 numinis
2686 4953 2837 4994 amor
2874 4937 3218 5009 imperatoris
3262 4940 3499 4993 animum
3528 4953 3623 4992 oc-

2032 5041 2349 5104 cnpaverat,
2372 5039 2430 5086 ut
2479 5030 2532 5085 in
2583 5031 2745 5087 totius
2784 5030 2968 5102 palatii
3014 5030 3443 5086 eminentissimo
3477 5029 3626 5084 cubi-

2032 5126 2190 5193 culo,
2238 5127 2291 5179 in
2338 5124 2568 5180 maxima
2611 5125 2829 5191 tabula,
2875 5139 2994 5195 quae
3044 5123 3095 5176 in
3133 5122 3310 5178 medio
3355 5123 3625 5179 lacunaris

2032 5218 2262 5274 inaurati
2287 5232 2523 5288 expansa
2546 5227 2629 5272 est
2649 5259 2663 5284 ,
2707 5217 2917 5290 signum
2948 5214 3233 5270 dominicae
3269 5215 3531 5284 passionis
3559 5230 3622 5269 cx

2032 5328 2164 5368 auro
2186 5313 2545 5384 pretiosisque
2566 5311 2831 5382 lapidibus
2860 5308 3197 5366 elaboratum
3239 5307 3494 5363 inﬁxerit.
3531 5306 3626 5360 At-

2028 5420 2135 5478 que
2157 5406 2259 5461 hoc
2287 5413 2539 5476 tanquam
2561 5404 2869 5481 praesidium
2897 5418 2961 5459 ac
2983 5402 3203 5458 tutelam
3227 5399 3438 5473 imperii
3493 5398 3624 5470 piis-

2029 5499 2196 5557 simus
2218 5500 2469 5574 princeps
2491 5498 2744 5557 statuisse
2766 5498 2893 5555 mihi
2921 5498 3150 5554 videtur.

2657 5614 2887 5671 CAPUT
2925 5613 2988 5669 L.

2151 5740 2226 5798 De
2252 5743 2476 5800 ecclesiis
2503 5759 2629 5815 quas
2658 5742 2975 5799 Nicomedia:
3001 5750 3048 5797 et
3077 5740 3201 5796 alibi
3225 5742 3486 5798 exstruxit.

2116 5857 2212 5916 His
2240 5858 2400 5931 igitur
2429 5858 2759 5915 ornamentis
2785 5857 3055 5915 civitatem
3093 5855 3325 5914 nominis
3360 5853 3441 5911 sui
3466 5850 3624 5908 deco-
