4142 6178
226 5900 329 5967 Ἦ

504 320 573 376 63
1812 312 2076 381 I‘EUSEBII
2120 323 2446 381 PAMPIIILI
3547 388 3561 398 β
3727 320 3795 379 ϐί

502 438 657 494 ravit.
684 438 884 496 Urbem
907 453 1038 497 vero
1059 441 1365 512 primariam
1398 439 1684 514 Bithynim,
1713 440 2090 513 pulcherrimae
2117 442 2172 503 Α
2194 441 2461 511 gnominis
2481 483 2496 511 ,
2531 450 2639 496 tota
2669 440 2869 512 passim
2902 439 3102 511 repleta
3126 448 3210 496 est
3250 438 3419 510 signis
3455 438 3653 507 aeneis,
3678 455 3800 513 qua:

502 543 558 590 et
578 535 1126 606 magniﬁcentissima:
1153 537 1399 593 ecclesiae
1422 543 1770 591 monumento
1789 535 2092 600 exornavit,

502 627 698 683 erectis
720 628 937 699 proprio
985 640 1200 698 sumptu
1244 629 1296 683 in
1338 629 1599 684 honorem
1641 628 1947 684 Servatoris
1984 628 2088 693 sui,

512 732 578 773 eo
599 719 762 773 etiam
789 717 843 773 in
872 719 990 775 loco
1016 720 1233 791 tropaeis
1261 719 1502 777 victoria:
1539 736 1701 791 quam
1742 719 1812 775 de
1851 719 2095 775 hostibus

502 818 557 865 et
583 809 649 864 de
677 808 1002 866 adversariis
1031 813 1129 867 Dei
1150 815 1428 869 retulerat.
1454 813 1509 868 In
1536 813 1758 883 reliquis
1779 813 1941 869 etiam
1972 827 2096 883 pro—

503 901 731 970 vinciis,
782 905 1085 973 praecipuas
1128 919 1192 960 ac
1241 905 1604 961 nobilissimas
1650 920 1890 976 quasque
1935 904 2095 961 urbes

499 997 861 1050 oratoriorum
908 995 1308 1067 magniﬁcentia
1346 998 1637 1053 illustravit
1667 1015 1680 1051 :
1711 996 1948 1065 exempli
1973 1010 2096 1066 gra-

502 1087 573 1143 tia
603 1088 791 1143 urbem
821 1090 982 1145 totius
1005 1088 1238 1146 Orientis
1262 1091 1625 1162 metropolim,
1654 1106 1773 1161 qua:
1807 1090 1877 1144 ab
1900 1088 2095 1144 Antio-

498 1184 604 1237 cho
630 1196 827 1238 nomen
853 1183 1225 1255 traxit.lnqna
1252 1194 1522 1256 tamquam
1549 1185 1602 1239 in
1624 1184 1826 1240 vertice
1852 1183 2094 1239 omnium

498 1274 615 1344 ejus
647 1276 885 1346 regionis
908 1275 1326 1346 provinciarum,
1352 1277 1622 1349 singulare
1641 1275 1910 1348 quoddam
1935 1288 2093 1345 opus,

502 1381 599 1422 seu
620 1368 1051 1437 amplitudinem,
1085 1383 1181 1424 seu
1205 1369 1458 1425 decorem
1487 1379 1722 1439 spectes,
1760 1367 1872 1422 Deo
1902 1380 2099 1422 conse-

498 1462 690 1518 cravit.
734 1463 943 1532 Quippe
987 1463 1295 1519 universum
1343 1462 1599 1533 templum
1647 1460 1962 1531 longissimo
2001 1474 2098 1514 ex-

500 1556 769 1612 trinsecus
797 1557 1001 1613 ambitu
1033 1556 1478 1627 circumscripsit.
1504 1555 1737 1611 Interius
1759 1568 1890 1609 vero
1910 1553 2097 1609 basili-

497 1646 616 1701 Cam
652 1647 822 1717 ipsam
867 1647 932 1702 ad
980 1663 1246 1702 summam
1289 1648 1463 1703 erexit
1502 1645 1879 1713 altitudinem;
1930 1643 2093 1715 ﬁgura

499 1739 715 1809 quidem
748 1738 988 1794 octaedri
1017 1746 1381 1794 constructam
1402 1780 1419 1806 ,
1450 1738 1694 1809 plurimis
1722 1751 1853 1792 vero
1872 1736 2096 1791 circum-

2200 532 2433 605 eleganti
2480 546 2645 603 opere
2690 532 3004 595 elaborata,
3061 546 3155 602 per
3207 532 3443 602 singulas
3497 532 3798 602 provincias

2199 623 2326 678 olim
2364 622 2607 678 dedicata
2649 622 2880 678 fuerant.
2926 622 3132 691 Quibus
3171 637 3292 677 cum
3335 622 3581 678 homines
3611 624 3798 681 morbo
3833 669 3837 672 ρ

2199 716 2400 771 erroris
2428 716 2694 787 oppressi,
2723 717 2883 783 longo
2910 715 3167 784 temporis
3197 716 3368 786 Spatio
3399 726 3655 772 centenas
3684 719 3798 773 vic-

2199 810 2358 864 timas
2386 819 2439 865 et
2471 809 2781 865 holocausta
2814 814 3082 864 incassum
3113 809 3339 881 perinde
3377 825 3443 865 ac
3471 810 3576 866 diis
3605 813 3800 868 immo-

2200 902 2457 957 lavissent
2477 944 2491 968 ,
2520 917 2643 958 sero
2674 901 2888 958 tandem
2919 918 3109 973 sapere
3150 902 3487 967 didicerunt,
3513 914 3798 974 postquam

2199 995 2492 1065 imperator
2537 995 2725 1051 iisdem
2754 996 2828 1051 ad
2852 996 3018 1051 risum
3062 1004 3118 1052 et
3156 997 3609 1053 oblectamentum
3635 1012 3799 1069 spec-

2200 1090 2422 1144 tantium
2445 1089 2524 1143 uti
2547 1092 2730 1160 coepit.
2762 1090 3061 1146 Simulacra
3085 1104 3214 1145 vero
3234 1106 3302 1146 ex
3326 1107 3457 1145 auro
3478 1090 3796 1160 fabrefacta,

2199 1179 2307 1235 alio
2357 1181 2590 1251 quodam
2614 1183 2761 1237 ultus
2786 1192 2869 1237 est
2895 1181 3074 1237 modo.
3106 1182 3263 1249 Nam,
3296 1184 3550 1254 quoniam
3581 1184 3797 1255 imperi-

2201 1287 2306 1329 tam
2330 1273 2611 1331 hominum
2636 1277 3055 1344 multitudinem,
3086 1277 3364 1332 iul‘antium
3399 1280 3586 1347 instar,
3616 1280 3800 1350 hujus-

2199 1365 2345 1420 modi
2373 1366 2575 1420 erroris
2617 1366 2795 1424 larvas
2836 1383 2899 1424 ex
2936 1383 3069 1423 auro
3107 1381 3436 1441 argentoque
3474 1370 3799 1427 fabrefactas

2198 1456 2396 1512 frustra
2441 1459 2860 1515 contremiscere
2906 1456 3248 1531 cognoverat,
3284 1476 3375 1517 eas
3418 1478 3449 1518 e
3489 1463 3667 1519 medio
3698 1465 3801 1520 tol-

2201 1548 2390 1604 lendas
2431 1564 2554 1605 esse
2591 1552 2835 1617 censuit;
2892 1553 3090 1622 quippe
3133 1568 3252 1622 qua:
3300 1552 3448 1609 velut
3500 1552 3798 1625 fragmenta

2203 1641 2448 1712 quaedam
2499 1642 2737 1712 lapidum
2790 1654 3002 1711 essent,
3042 1654 3169 1701 ante
3214 1646 3378 1715 pedes
3423 1647 3699 1703 hominum
3745 1648 3798 1705 in

2201 1733 2393 1790 mediis
2440 1735 2675 1791 tenebris
2723 1735 3111 1793 amhulantium
3165 1740 3436 1809 projecta,
3472 1741 3800 1815 planumque

497 1846 709 1901 quaque
749 1830 1014 1886 cubiculis
1069 1840 1124 1886 et
1163 1831 1419 1887 exhedris
1439 1874 1453 1897 ,
1489 1838 1545 1886 et
1588 1840 1695 1884 tam
1734 1828 2099 1884 subterraneis
2132 1835 2179 1895 B
2205 1824 2463 1898 deinceps
2486 1836 2540 1883 et
2565 1827 2833 1899 aequabile
2862 1832 2961 1886 iter
2990 1831 3089 1887 via:
3121 1835 3283 1901 regiae
3304 1835 3514 1890 cunctis
3533 1851 3655 1891 esse
3675 1852 3802 1908 ape-

499 1920 632 1977 locis
679 1936 839 1993 quam
911 1922 1127 1977 solariis
1170 1923 1407 1993 undique
1458 1920 1869 1979 circumdatam.
1921 1918 2095 1987 Quam

497 2012 714 2085 quidem
737 2013 1012 2069 basilicam
1042 2030 1175 2069 auro
1200 2014 1430 2085 plurimo
1452 2024 1506 2069 et
1527 2029 1668 2082 tere,
1700 2012 1928 2084 aliisque
1970 2027 2096 2083 pre-

499 2094 649 2162 tioSis
671 2105 957 2176 speciebus
981 2106 1354 2177 copiosissime
1377 2106 1681 2162 exornavit.

1106 2217 1334 2276 CAPUT
1374 2219 1460 2275 LI.

513 2316 517 2321 ’
572 2314 728 2381 Quod
756 2316 807 2371 in
839 2316 949 2371 loco
985 2316 1121 2372 dicto
1160 2315 1390 2371 Humbre
1411 2317 1676 2371 ecclesiam
1705 2316 2000 2387 azdiﬁcavit.

571 2427 638 2482 Et
668 2427 783 2482 haec
818 2428 1034 2499 quidem
1070 2437 1196 2483 sunt
1233 2429 1674 2499 pratstantissima
1723 2415 2091 2494 m0numenta,

508 2533 629 2590 quae
653 2519 949 2589 imperator
984 2519 1094 2575 Deo
1119 2520 1480 2576 consecravit.
1504 2520 1634 2576 Cum
1658 2528 1840 2575 autem
1879 2518 2099 2575 didicis-

497 2622 583 2668 set
611 2612 759 2665 illum
787 2613 960 2683 ipsum
986 2612 1355 2681 Servatorem,
1382 2615 1473 2684 qui
1504 2628 1678 2685 nuper
1704 2615 1756 2669 in
1790 2614 1949 2670 terris
1975 2629 2097 2670 ver-

501 2714 652 2760 satus
691 2705 908 2773 luisset,
926 2706 1246 2778 jampridem
1276 2709 1406 2763 viris
1431 2708 1750 2777 quibusdam
1784 2709 1877 2764 Dei
1901 2723 2091 2762 aman-

501 2799 725 2854 tissimis
780 2788 1119 2869 praesentiam
1184 2802 1482 2857 Diviuitatis
1529 2819 1641 2857 sua:
1696 2803 1747 2857 in
1806 2802 2089 2858 Palarstina

496 2892 807 2949 exhibuisse
830 2896 978 2963 juxta
1005 2894 1273 2962 Quercum
1300 2912 1422 2967 quae
1450 2896 1645 2952 dicitur
1668 2896 1902 2952 Mamhre
1924 2939 1939 2963 ,
1985 2896 2096 2951 illic

499 2988 662 3043 etiam
684 2987 961 3043 basilicam
986 2989 1240 3044 aediﬁcari
1266 2990 1540 3060 prazcepit.
1574 2988 1810 3045 Proinde
1830 2990 1896 3046 ad
1921 2998 2095 3045 recto-

505 3092 594 3133 res
616 3078 833 3149 quidem
858 3083 1256 3151 provinciarum
1306 3084 1466 3139 missa
1489 3093 1573 3138 est
1600 3083 1940 3153 imperatoris
1968 3097 2092 3137 auc-

498 3173 686 3229 toritas
703 3216 718 3240 ,
742 3175 879 3231 datis
911 3175 979 3230 ad
1005 3176 1244 3247 singulos
1281 3176 1473 3233 litteris
1497 3177 1692 3248 quibus
1715 3178 2004 3248 jubebatur
2032 3186 2092 3232 ut

498 3271 797 3342 injunctum
842 3272 944 3328 sibi
976 3288 1111 3344 opus
1153 3275 1221 3328 ad
1277 3275 1479 3331 exitum
1522 3274 1817 3346 perducere
1856 3283 2091 3330 matura-

459 3369 636 3424 'rent.
662 3367 829 3424 Nobis
862 3383 991 3423 vero
1026 3371 1111 3438 qui
1145 3368 1283 3425 hanc
1307 3370 1590 3425 historiam
1627 3370 1916 3425 scribimus
1937 3411 1953 3439 ,
1982 3370 2095 3440 ple-

496 3476 620 3518 nam
662 3462 942 3532 sapientize
981 3461 1181 3517 direxit
1213 3462 1672 3532 pradicatiouetu.
1696 3461 1862 3532 Cujus
1909 3477 2095 3517 exem—
2140 3512 2149 3517 -

495 3556 662 3626 plum,
692 3554 793 3610 hoc
812 3556 932 3611 loco
949 3553 1082 3608 mihi
1099 3553 1444 3609 inserendum
1462 3553 1692 3619 videtur,
1710 3567 1819 3623 quo
1837 3552 2096 3622 principis

497 3647 592 3702 Dei
632 3647 983 3701 amantissimi
1028 3661 1155 3703 cura
1208 3661 1272 3703 ac
1328 3647 1609 3719 diligentia
1662 3648 1865 3702 certius
1927 3649 2096 3717 possit

495 3739 732 3809 agnosci.
758 3738 1102 3809 Exprobrans
1123 3740 1285 3810 igitur
1305 3740 1456 3797 nobis
1478 3756 1540 3796 ea
1563 3757 1681 3812 qua:
1705 3740 1758 3795 in
1788 3750 2092 3796 memorato

498 3829 616 3886 loco
636 3831 747 3902 geri
774 3837 1078 3899 acceperat,
1107 3829 1224 3885 haec
1243 3830 1310 3885 ad
1348 3833 1570 3888 verbum
1597 3833 1836 3906 scripsit.

1099 3945 1329 4002 CAPUT
1369 3947 1477 4004 LII.

618 4042 937 4098 Constantini
963 4042 1182 4111 epistola
1211 4041 1279 4096 ad
1304 4041 1591 4096 Mercurium
1617 4042 1681 4097 de
1709 4042 1959 4098 Mambre.

493 4221 524 4271 ὁ
555 4157 1013 4287 (Hancfepistolam,
1036 4157 1130 4207 hoc
1154 4165 1207 4209 et
1232 4158 1470 4221 sequenti
1508 4156 1673 4220 capite
1696 4160 1996 4216 contentam,
2024 4157 2094 4207 vi-

529 4234 627 4273 etus
651 4234 699 4271 tn
722 4233 773 4271 ra
803 4260 817 4275 .

529 4234 627 4273 8818
651 4233 817 4275 intra).

1086 4325 1314 4384 CAPUT
1351 4326 1484 4382 LIV.

821 4417 973 4474 Faua
995 4427 1040 4472 et
1059 4419 1335 4473 simulacra
1360 4418 1544 4486 ubique
1574 4417 1767 4472 diruta.

567 4512 695 4568 llaec
718 4511 898 4568 omnia
926 4511 1220 4581 imperator
1239 4510 1304 4565 ad
1324 4510 1551 4581 gloriam
1573 4509 1862 4566 salutifera!
1893 4508 2094 4566 Christi

493 4605 707 4661 virtutis
745 4603 894 4658 omni
945 4602 1126 4657 studio
1171 4602 1495 4672 peragebat,
1546 4615 1610 4657 ac
1650 4601 1819 4657 Deum
1872 4602 2089 4672 quidem
2118 4614 2172 4674 1)

494 4702 836 4756 Servatorem
867 4713 1023 4753 suum
1065 4696 1167 4752 hac
1199 4698 1411 4753 ratione
1451 4695 1636 4751 colere
1670 4711 1778 4751 non
1818 4696 2087 4751 cessabat.

495 4790 785 4846 Gentilium
838 4805 967 4844 vero
1040 4790 1472 4859 snperstitiosum
1528 4803 1769 4844 errorem
1841 4787 2092 4844 omnibus

496 4880 671 4936 modis
697 4880 947 4936 studebat
966 4883 1309 4937 convincere.
1329 4880 1514 4953 Itaque
1540 4880 1895 4952 quorumdam
1926 4884 1979 4936 in
2003 4898 2093 4936 ur-

496 4973 652 5030 bibus
699 4972 945 5028 fauorum
987 4972 1254 5027 vestibula
1301 4973 1676 5041 nudabantur,
1724 4974 1897 5029 valvis
1938 4975 2089 5043 jussu

496 5067 836 5138 imperatoris
868 5067 1089 5130 orbata;
1119 5067 1346 5120 aliorum
1385 5076 1585 5122 tectum
1622 5069 2088 5139 corrumpebatur,

499 5160 689 5231 tegulis
716 5162 927 5214 ametis.
959 5160 1345 5215 Nonuullorum
1372 5161 1674 5216 veneranda
1697 5178 1763 5217 ex
1790 5178 1895 5217 mre
1917 5163 2089 5218 simu-

498 5255 660 5324 lacra,
694 5269 813 5325 quae
843 5269 995 5308 error
1027 5254 1293 5324 majorum
1333 5254 1517 5310 multis
1549 5254 1661 5325 jam
1698 5258 1852 5311 annis
1882 5258 2091 5328 magni-

499 5350 598 5405 fice
620 5349 879 5420 jactabat,
915 5363 1010 5419 per
1042 5347 1152 5403 fora
1183 5348 1333 5402 urbis
1363 5349 1431 5403 ab
1460 5349 1786 5419 imperatore
1819 5352 2093 5420 cognomi-

501 5448 640 5498 natae
708 5442 949 5496 omnium
1003 5440 1173 5495 oculis
1222 5440 1464 5510 subjecta
1508 5450 1653 5496 sunt.
1717 5440 1868 5497 Adeo
1910 5452 1971 5497 ut
2026 5443 2094 5498 ad

501 5533 791 5589 ludibrium
822 5544 877 5590 et
904 5533 1284 5589 contumeliam
1316 5536 1674 5605 spectantium
1722 5545 1967 5605 paterent
2006 5551 2101 5592 ex-

500 5627 682 5699 pasiti,
711 5626 799 5682 hic
820 5627 1046 5697 Pythius
1072 5627 1286 5700 Apollo,
1315 5629 1422 5684 illic
1450 5627 1772 5698 Sminthius,
1813 5636 1870 5685 et
1908 5629 1959 5685 in
1985 5629 2102 5700 ipso

503 5718 718 5789 quidem
749 5719 897 5775 circo
926 5720 1164 5791 tripodes
1192 5720 1469 5791 Delphici;
1495 5720 1660 5777 Musa:
1680 5729 1860 5777 autem
1893 5720 2106 5779 Helico-

506 5811 658 5869 nides
686 5812 739 5868 in
769 5812 986 5882 palatio.
1030 5813 1269 5884 Denique
1298 5814 1488 5869 civitas
1533 5813 1622 5870 illa
1662 5814 1973 5887 imperatori
2014 5831 2106 5872 co-

2202 1922 2472 1979 rieudum.
2497 1923 2627 1993 Quae
2654 1940 2775 1980 cum
2807 1925 2947 1996 apud
2972 1940 3034 1982 se
3062 1938 3399 1998 reputasset,
3431 1945 3539 1985 non
3582 1932 3801 1987 militari

2202 2030 2399 2081 manu,
2427 2031 2526 2071 nec
2570 2019 2811 2073 exercitu
2852 2018 2918 2072 ad
2970 2018 3086 2074 haec
3129 2020 3471 2091 reprimenda
3515 2022 3615 2077 sibi
3662 2036 3799 2093 opus

2201 2123 2324 2164 esse
2349 2109 2712 2175 existimavit;
2756 2110 2853 2166 sed
2879 2127 3021 2167 unus
3042 2123 3135 2167 aut
3159 2113 3297 2168 alter
3323 2129 3389 2169 ex
3420 2113 3797 2184 familiaribus,

2200 2201 2267 2255 ad
2301 2201 2403 2256 hoc
2431 2217 2627 2257 munus
2673 2203 2722 2258 ei
2754 2203 3116 2272 suffecerunt,
3148 2219 3285 2276 quos
3328 2205 3419 2261 ille
3459 2206 3577 2261 solo
3605 2222 3799 2278 prope-

2202 2290 2418 2347 modum
2460 2303 2590 2347 nutu
2635 2293 2687 2348 in
2727 2309 2919 2350 omnes
2959 2295 3264 2365 provincias
3289 2295 3503 2352 direxit.
3536 2297 3603 2352 At
3642 2297 3720 2352 illi
3745 2307 3800 2354 et

2200 2384 2542 2456 imperatoris
2572 2387 2792 2457 pietate,
2824 2398 2876 2441 et
2904 2403 2998 2441 sua
3033 2387 3271 2458 ipsorum
3306 2402 3434 2459 erga
3473 2388 3639 2444 Deum
3671 2391 3798 2445 reli-

2198 2479 2360 2552 gione
2381 2480 2594 2548 conﬁsi,
2629 2497 2724 2552 per
2747 2480 3202 2537 confertissimam
3236 2480 3446 2538 turbam
3472 2493 3527 2539 et
3555 2498 3652 2555 per
3692 2500 3797 2541 nu-

2199 2590 2467 2631 merosam
2524 2576 2737 2646 plebem
2778 2577 2880 2632 iter
2934 2575 3231 2643 facientes,
3268 2577 3471 2647 passim
3513 2593 3608 2649 per
3633 2579 3797 2635 urbes

2199 2677 2254 2724 et
2281 2684 2439 2740 agros
2468 2680 2739 2726 vetustum
2773 2684 3017 2726 errorem
3044 2670 3418 2727 aboleverunt.
3451 2673 3532 2728 Ac
3558 2673 3795 2744 primum

2199 2764 2415 2834 quidem
2446 2766 2759 2819 sacerdotes
2785 2764 2953 2836 ipsos,
2987 2780 3092 2819 non
3130 2765 3247 2820 sine
3282 2766 3395 2821 risu
3431 2780 3495 2822 ac
3529 2766 3796 2824 dedecore

2198 2870 2264 2912 ex
2302 2856 2550 2912 obscuris
2595 2857 2913 2927 quibusdam
2960 2858 3265 2913 recessibus
3319 2860 3454 2915 deos
3494 2874 3621 2915 suos
3666 2875 3794 2930 pro-

2198 2947 2341 3006 ferre
2363 2950 2642 3019 jubebant.
2670 2951 2872 3007 Dehine
2894 2952 3111 3007 eosdem
3140 2950 3273 3008 deos
3293 2953 3560 3009 exteriore
3590 2953 3797 3010 nudan-

2198 3050 2279 3098 tes
2333 3042 2502 3108 cultu,
2547 3044 2855 3099 interiorem
2897 3043 3296 3101 deformitatem
3346 3061 3467 3116 qua:
3514 3047 3614 3102 sub
3653 3048 3795 3119 picta

2195 3133 2396 3190 latebat
2416 3134 2615 3206 effigie,
2647 3136 2885 3191 omnium
2918 3142 3231 3208 conspectui
3260 3138 3635 3208 subjiciebaut.
3665 3140 3797 3195 Pos-

2117 3221 2161 3283 C
2197 3232 2369 3281 tremo
2390 3227 2581 3282 abrasa
2618 3228 2834 3283 utiliore
2877 3229 3102 3284 materia
3129 3241 3182 3285 ct
3224 3231 3279 3286 in
3327 3231 3500 3301 ignem
3541 3232 3793 3301 conjecta
3824 3216 3831 3223 ’

2195 3326 2357 3388 atque
2394 3318 2623 3374 conflata
2646 3362 2662 3385 ,
2693 3319 2794 3391 ipsi
2840 3321 3058 3390 quidem
3090 3320 3141 3376 id
3181 3323 3323 3393 quod
3360 3323 3702 3378 commodum
3732 3338 3796 3381 ac

2198 3412 2561 3467 necessarium
2587 3426 2709 3467 esse
2738 3412 3042 3479 videbatur,
3082 3415 3375 3485 sepositum
3416 3416 3790 3472 reservabant.

2196 3501 2465 3575 Quidquid
2494 3520 2620 3560 vero
2636 3505 2961 3575 superﬂuum
2994 3521 3059 3562 ac
3089 3521 3309 3577 prorsus
3338 3508 3525 3563 inutile
3550 3519 3692 3575 erat,
3727 3508 3794 3564 ad

2197 3604 2510 3665 perpetuam
2554 3597 2828 3668 opprobrii
2874 3598 3192 3653 memoriam
3235 3600 3623 3670 superStitiosis
3669 3600 3795 3656 reli-

2197 3697 2447 3757 querunt.
2481 3688 2637 3743 Aliud
2681 3690 2840 3744 etiam
2872 3691 3119 3759 praestitit
3157 3692 3406 3762 princeps
3445 3694 3593 3748 omni
3619 3693 3795 3748 admi-

2197 3779 2407 3835 ratione
2426 3779 2638 3852 dignus.
2667 3781 2866 3837 Eodem
2895 3782 3040 3837 enim
3063 3791 3304 3853 tempore
3330 3800 3437 3855 quo
3461 3795 3796 3841 mortuorum

2196 3872 2483 3928 simulacra
2533 3888 2598 3928 ex
2641 3874 2871 3944 pretiosa
2918 3874 3140 3929 materia
3193 3874 3479 3944 coiifecta,
3531 3892 3598 3932 eo
3636 3892 3796 3946 quem

2196 3966 2430 4024 diximus
2450 3966 2609 4022 modo
2630 3967 3026 4036 Spoliabantur,
3075 3976 3379 4039 cmleraquc
3400 3984 3466 4024 ex
3488 3985 3598 4025 tere
3624 3970 3800 4025 fabre-

2198 4059 2334 4116 facta
2363 4071 2536 4125 erant,
2567 4061 2919 4118 convehenda
2956 4061 3186 4119 curavit.
3232 4062 3418 4135 Itaque
3446 4062 3519 4118 dii
3545 4062 3621 4119 illi
3666 4063 3801 4119 deli-

2196 4153 2439 4209 rantibus
2459 4151 2770 4208 Graecorum
2792 4153 2986 4210 fabulis
3008 4155 3287 4224 celebrati,
3304 4156 3664 4226 circumjectis
3688 4170 3797 4212 τρες

2198 4245 2339 4302 tibus
2363 4245 2527 4302 vincti
2553 4245 2921 4302 trahebantur.

2803 4382 3032 4444 CAPUT
3072 4386 3180 4443 LV.

2197 4498 2410 4555 Eversio
2438 4499 2549 4571 {ani
2582 4497 2727 4570 apud
2750 4498 2963 4570 Aphaca
3006 4502 3060 4557 in
3087 4500 3350 4569 Phoenice,
3390 4513 3437 4558 et
3467 4502 3805 4574 impudicitiae

2883 4594 3112 4651 abolitio.

2270 4706 2519 4763 Posthmc
2565 4706 2861 4779 imperator
2903 4709 3051 4765 velut
3095 4709 3476 4766 lucidissimam
3508 4709 3681 4766 facem
3734 4726 3803 4767 ex

2199 4801 2414 4872 specula
2461 4800 2689 4871 quadam
2740 4802 3012 4870 attollens,
3052 4803 3288 4867 undique
3326 4803 3596 4876 regalibus
3633 4803 3804 4859 oculis

2197 4893 2691 4963 circumspiciebat,
2718 4893 2888 4948 sicubi
2918 4893 3056 4950 forte
3085 4895 3280 4965 aliquae
3302 4895 3474 4950 adhuc
3493 4896 3695 4951 erroris
3720 4911 3805 4951 re-

2197 4986 2378 5058 liquiae
2404 4987 2602 5042 abdita:
2630 4997 2999 5059 superessent.
3024 4989 3104 5044 Ae
3131 4991 3293 5044 veluti
3318 4990 3509 5061 Aquila
3533 4992 3723 5063 pennis
3749 4991 3801 5045 in

2198 5080 2394 5136 coelum
2451 5094 2622 5151 usque
2656 5080 2933 5147 subvecta,
2958 5097 3079 5136 cum
3101 5082 3414 5137 acutissimo
3439 5083 3556 5137 visu
3584 5082 3803 5151 praedita

2193 5174 2285 5239 sit,
2313 5188 2374 5228 ea
2414 5188 2533 5244 qua:
2588 5173 2641 5228 in
2690 5174 2849 5230 terris
2881 5175 3194 5245 longissime
3221 5175 3445 5243 distant,
3487 5191 3553 5231 ex
3585 5174 3803 5233 sublimi

2194 5263 2353 5319 facile
2372 5264 2626 5334 despicit;
2658 5265 2735 5321 sic
2757 5266 2866 5331 ille,
2885 5265 3010 5321 dum
3043 5267 3094 5320 in
3126 5265 3498 5336 pulcherrima:
3522 5266 3673 5322 urhis
3693 5281 3804 5321 sua:

2196 5357 2396 5428 palatio
2419 5359 3061 5429 versatur,peruiciosam
3086 5360 3373 5428 quamdam
3394 5361 3692 5417 animarum
3710 5362 3816 5418 deo

2202 5448 2432 5518 cipulam
2458 5449 2513 5503 in
2536 5447 2790 5505 thnice
2835 5450 3021 5516 latere.
3055 5461 3326 5523 tamquam
3366 5469 3398 5509 e
3439 5455 3653 5525 Specula
3679 5469 3805 5526 pro-

2204 5542 2399 5611 spexit.
2415 5540 2618 5597 Lucum
2647 5543 2855 5599 scilicet
2876 5557 2940 5599 ac
2959 5527 3395 5615 templum,quod
3424 5560 3528 5601 non
3552 5547 3603 5601 in
3629 5546 3805 5602 media

2206 5632 2358 5699 urbe,
2388 5648 2487 5689 nec
2515 5634 2568 5688 in
2592 5632 2711 5690 foro
2739 5645 2831 5690 aut
2856 5634 3046 5706 plateis
3076 5636 3306 5707 positum
3335 5648 3471 5705 crat,
3503 5638 3806 5710 cujusmodi

2209 5726 2376 5782 multa
2410 5728 2657 5784 visuntur
2678 5729 2733 5785 in
2760 5729 3068 5786 civitatibus
3083 5732 3386 5788 ornamenti
3424 5746 3585 5789 causa
3640 5733 3809 5789 ambi-

2210 5819 2347 5876 tiose
2396 5819 2690 5889 aeditlcata;
2741 5820 2835 5878 sed
2863 5819 3099 5892 devium,
3132 5824 3320 5893 procul
3348 5838 3380 5878 a
3407 5825 3580 5880 triviis
3617 5832 3671 5881 et
3711 5839 3805 5895 pu-
