4142 6178
525 248 594 307 67
1854 236 2127 301 EUSEBII
2165 224 2494 299 PAMPHILI
3751 228 3824 287 68

523 366 856 438 prospiciens
885 372 943 422 ut
967 362 1344 438 quamplurimi
1374 361 1443 418 ad
1475 359 1634 417 tidem
1665 358 1865 415 Christi
1896 356 2121 414 accedc-
2152 356 2199 419 Î‘
2231 353 2408 410 medio
2436 350 2895 416 dissensionibus,
2925 348 3223 406 Ecclesiam
3251 347 3345 404 Dei
3379 346 3448 403 ad
3471 347 3823 404 concordiam

522 470 661 525 rent,
691 459 918 529 plurima
940 456 1135 515 ibidem
1162 455 1228 511 ad
1259 452 1621 512 sublevandos
1670 464 1937 525 pauperes
1955 449 2117 519 largi-

521 560 606 604 tus
634 548 873 616 est;hac
899 548 1061 604 etiam
1112 549 1320 605 ratione
1375 545 1439 601 ad
1485 545 1773 600 salutarem
1817 540 2115 597 doctrinam

519 641 765 697 homines
811 641 1058 698 alliciens
1102 650 1261 711 atque
1312 639 1567 704 invitans,
1626 651 1690 691 ac
1745 644 1950 690 tantum
2009 647 2117 687 non

518 734 677 789 verba
707 735 817 806 ipsa
869 733 1146 804 proferens
1193 730 1340 787 Pauli
1378 729 1629 797 dicentis,
1690 729 1802 784 sive
1830 741 1924 799 per
1961 739 2117 780 occa-

515 825 744 896 sionem,
774 826 887 882 sive
916 842 1010 898 per
1040 825 1319 881 veritatem
1349 822 1596 878 Christus
1633 821 2004 878 annuntietur.

1124 940 1350 998 CAPUT
1386 938 1523 995 LIX.

551 1032 629 1090 De
652 1033 876 1091 tumultu
916 1034 1203 1091 Antiochia:
1242 1041 1448 1105 pr0ptcr
1473 1029 1806 1087 Eustathium
1835 1029 2076 1083 excitato.

588 1146 783 1202 Verum
813 1149 1090 1202 enimvero
1110 1162 1235 1200 cum
1267 1145 1337 1200 ob
1359 1144 1475 1199 haec
1504 1141 1764 1201 omnesin
1787 1155 1999 1199 summa
2028 1139 2116 1195 hi-

513 1239 723 1296 laritate
751 1241 915 1297 vitam
958 1250 1200 1311 agerent,
1238 1249 1295 1295 et.
1335 1238 1571 1295 Ecclesia
1604 1236 1697 1293 Dei
1725 1234 1867 1305 apud
1892 1243 2115 1290 cunctas

514 1334 711 1403 ubique
740 1344 929 1405 gentes
975 1334 1225 1389 omnibus
1277 1334 1454 1388 modis
1491 1330 1875 1393 extolleretur,
1929 1341 2116 1385 rursus

510 1425 773 1481 dicuionis
797 1426 933 1480 livor
952 1428 1041 1496 qui
1066 1426 1220 1480 bonis
1242 1440 1454 1492 semper
1473 1422 1698 1477 insidias
1722 1421 1901 1481 struit.
1919 1418 2113 1475 adver-

510 1535 604 1574 sus
633 1528 830 1574 tantam
865 1534 1043 1574 rerum
1070 1528 1373 1572 nostrarum
1398 1515 1707 1570 felicitatem
1736 1512 1905 1583 caepit
1930 1512 2114 1569 insur-

510 1626 638 1678 gere
659 1652 672 1674 ,
702 1621 850 1664 ratus
880 1610 1261 1680 imperatorem
1304 1607 1624 1661 tumultibus
1668 1603 1866 1660 nostris
1890 1611 1945 1659 et
1969 1604 2116 1658 inso-

511 1706 668 1758 lentia
697 1714 1093 1773 exasperatum,
1121 1704 1356 1758 alienato
1402 1701 1620 1756 tandem
1644 1714 1771 1768 erga
1798 1712 1896 1753 nos
1931 1697 2114 1750 animo

510 1798 749 1851 fortassis
780 1798 1033 1851 futurum.
1075 1796 1305 1849 Maximo
1344 1794 1505 1865 igitur
1555 1792 1801 1848 incendio
1848 1788 2102 1855 conflato,

510 1890 965 1944 Antiochcnorum
997 1889 1291 1943 Ecclesium
1333 1887 1551 1957 tragicis
1603 1883 1925 1955 quibusdam
1956 1883 2103 1938 cala-

508 1985 780 2039 mitatibus
801 1982 1076 2053 implevit,
1111 1982 1245 2037 adeo
1280 1990 1341 2035 ut
1370 1995 1557 2050 parum
1583 1978 1810 2035 abfuerit
1834 1978 1963 2049 quin
1993 1984 2104 2031 tota

507 2077 744 2129 funditus
790 2079 980 2130 civitas
1031 2076 1468 2139 subverteretur;
1496 2071 1693 2141 quippe
1731 2085 1853 2126 cum
1876 2072 2105 2140 populus

503 2172 717 2239 quidem
748 2170 1004 2225 Ecclesia:
1023 2168 1159 2224 duas
1189 2170 1240 2222 in
1266 2176 1443 2238 partes
1472 2166 1675 2221 divisus
1706 2175 1871 2230 esset,
1900 2164 2101 2232 reliqua

502 2274 680 2317 autent
701 2263 892 2318 civitas
921 2261 1077 2315 simul
1113 2276 1236 2315 cum
1279 2258 1679 2329 magistratibus
1705 2271 1770 2310 ac
1820 2255 2101 2319 militibus,

504 2356 681 2411 hostili
709 2356 867 2411 modo
888 2355 1030 2410 inter
1056 2368 1118 2408 se
1160 2350 1470 2408 dissideret.
1506 2350 1841 2419 Ventumque
1866 2355 2013 2404 esset
2034 2346 2104 2402 ad

498 2450 730 2519 gladios,
756 2450 853 2504 nisi
880 2449 1061 2504 divina
1087 2444 1418 2517 providentia
1464 2456 1517 2500 et
1542 2444 1885 2513 imperatoris
1927 2450 2103 2499 metus

501 2540 671 2610 plebis
701 2541 959 2609 impetum
987 2538 1396 2608 repressissent.
1418 2537 1592 2606 Atque
1621 2534 1708 2590 hic
1738 2548 1924 2590 rursus
1950 2533 2099 2603 prin-

499 2634 633 2704 cipis
658 2632 977 2699 clementia,
1009 2633 1178 2687 instar
1204 2629 1509 2687 Servatoris
1558 2638 1616 2684 et
1642 2628 1942 2685 animorum
1991 2642 2103 2682 tne-

499 2727 626 2794 dici,
653 2727 809 2799 mgris
837 2725 1144 2782 hominibus
1174 2724 1494 2779 medicinam
1544 2722 1806 2779 orationis
1834 2720 2097 2776 adhibuit.

498 2820 708 2889 Quippe
737 2834 900 2874 unum
918 2833 984 2874 ex
1019 2817 1083 2871 iis
1107 2832 1242 2887 quos
1271 2817 1504 2875 circase
1533 2823 1804 2884 spectatos
1844 2811 2099 2877 habebat,

496 2911 712 2968 cornitis
738 2913 943 2966 honore
983 2910 1319 2976 decoratum,
1376 2907 1650 2962 hominem
1700 2904 2095 2969 fidelissimum,

496 3019 563 3060 eo
590 3004 756 3069 misit,
789 3003 997 3073 plebem
1021 3004 1175 3072 quasi
1204 2999 1472 3071 legatione
1507 2998 1700 3053 blanda
1739 2997 2093 3068 compellans.

495 3095 738 3165 Aliisque
762 3109 926 3163 super
955 3095 1087 3148 alias
1113 3093 1330 3162 scriptis
1384 3090 1575 3146 litteris
1604 3089 1849 3146 hortatus
1878 3098 1962 3145 est
2003 3104 2098 3145 eos

2221 455 2277 502 et
2318 446 2625 503 unanimem
2670 444 2934 501 doctrina:
2976 456 3297 499 concentum
3333 442 3651 507 revocavit,
3701 440 3827 496 inde

2220 548 2616 612 transgressus,
2645 536 2789 593 aliud
2813 536 3096 607 impiorum
3122 550 3310 606 genus,
3340 543 3532 605 utpote
3560 533 3819 604 pestilens

2221 630 2442 687 humani
2471 630 2686 701 generis
2713 645 2981 685 venenum
3009 668 3025 694 ,
3067 626 3394 684 abolendum
3441 642 3564 683 csse
3589 626 3819 682 censuit.

2222 724 2392 781 Erant
2424 722 2480 779 hi
2519 722 2813 794 perniciosi
2857 720 3075 793 quidam
3129 721 3378 777 homines
3412 721 3504 792 qui
3546 719 3651 775 sub
3695 720 3825 776 falsa

2221 814 2500 871 modestiae
2532 823 2586 869 et
2613 812 2895 884 gravitatis
2936 813 3117 884 specie
3148 812 3309 869 urbes
3348 811 3657 873 vastabant.
3681 811 3828 882 Quos

2222 904 2720 977 pseudoprophetas
2765 913 2819 958 et
2886 918 3110 977 rapaces
3151 903 3310 975 lupos
3345 903 3536 959 alicubi
3568 901 3828 959 Servatur

2219 997 2453 1068 appellat
2491 997 2573 1051 his
2616 996 2794 1051 verbis
2852 1014 2867 1051 :
2914 996 3112 1051 Cavete
3150 1011 3180 1050 a
3226 993 3374 1050 falsis
3405 993 3682 1066 pr0phetis
3734 994 3825 1066 qui

2222 1092 2438 1147 venient
2459 1090 2525 1145 ad
2550 1105 2645 1146 vos
2674 1090 2725 1144 in
2743 1089 3080 1145 vestimentis
3099 1090 3299 1156 ovium,
3329 1089 3476 1143 intus
3495 1097 3675 1142 autem
3703 1098 3829 1143 sunt

2218 1183 2332 1254 lupi
2362 1195 2605 1254 rapaces.
2637 1181 2714 1236 Ex
2734 1181 2994 1237 fructibus
3018 1196 3203 1237 eorum
3226 1182 3568 1252 cognoscetis
3587 1195 3700 1235 eos.
3724 1180 3829 1252 lgi-

2223 1285 2329 1340 tur,
2367 1275 2534 1330 misso
2555 1272 2622 1328 ad
2646 1272 3040 1345 provinciarum
3059 1272 3317 1343 prmsides
3331 1270 3826 1344 praecepto,bujus-

2220 1366 2367 1421 modi
2396 1366 2673 1420 hominum
2697 1380 2868 1436 genus
2895 1364 3072 1435 abegit
3092 1378 3156 1419 ac
3185 1363 3401 1434 fugavit.
3427 1362 3631 1419 Î¡Î½á½·Ï…Î¹ÏÎ¹Î‡
3658 1364 3824 1433 ipsam

2220 1468 2398 1512 autem
2430 1458 2625 1528 legem,
2657 1457 2951 1527 imperator
2974 1457 3263 1510 salutarem
3288 1471 3502 1526 quoque
3535 1456 3827 1510 institutio-

2220 1565 2342 1604 nem
2377 1549 2442 1603 ad
2471 1565 2565 1605 eos
2595 1548 2911 1601 nominatim
2959 1546 3196 1611 direxit,
3230 1546 3525 1601 exhortans
3573 1547 3820 1603 homines

2220 1653 2279 1698 ut
2324 1642 2647 1714 quantocius
2673 1642 3043 1713 paenitentiam
3076 1651 3319 1712 agerent,
3350 1640 3651 1696 Ecclesiam
3681 1641 3825 1697 enim

2145 1752 2191 1813 Î’
2221 1736 2316 1791 Dei
2347 1736 2476 1807 ipsis
2508 1745 2720 1805 portum
2754 1734 2944 1789 salutis
2981 1733 3116 1788 fore.
3148 1732 3284 1789 Audi
3316 1748 3445 1806 ergo
3470 1732 3741 1806 quomodo
3770 1735 3827 1791 in

2207 1828 2319 1886 suis
2348 1827 2415 1882 ad
2438 1842 2532 1883 eos
2566 1826 2759 1882 litteris
2786 1826 3153 1881 concinnatur.

2806 1962 3029 2020 CAPUT
3069 1961 3252 2021 LXIV.

2401 2074 2723 2131 Constantini
2749 2077 3043 2131 constitutio
3072 2076 3320 2131 adversus
3346 2077 3638 2131 haereticos.

2205 2251 2247 2301 si
2270 2172 2872 2313 (illitagc'fonstitutionem,
2895 2189 2990 2239 hoc
3012 2194 3066 2240 et
3085 2202 3194 2253 seq.
3219 2200 3327 2253 cap.
3348 2197 3647 2254 contentam,
3672 2191 3809 2242 vide-

2249 2265 2274 2301 s
2421 2288 2432 2301 .

2249 2265 2274 2301 5
2296 2265 2432 2301 lllII'a.

2778 2377 3007 2435 CAPUT
3060 2377 3244 2435 LXVI.

2208 2496 2472 2564 Quomodo
2494 2497 2709 2568 nefariis
2737 2496 2880 2553 libris
2900 2497 3040 2568 apud
3068 2498 3330 2553 hwreticos
3342 2500 3575 2570 repertis,
3605 2499 3818 2571 plurimi

2384 2606 2558 2645 eorum
2598 2590 2666 2643 ad
2695 2589 3013 2645 Catholicam
3049 2590 3290 2645 redierint
3320 2589 3626 2647 Ecclesium.

2278 2700 2392 2756 Hoc
2443 2702 2608 2772 igitur
2663 2702 2825 2758 modo
2876 2703 3253 2760 haereticorum
3291 2705 3488 2762 cubilia
3544 2706 3814 2778 imperiali

2203 2802 2477 2865 praecepto
2499 2794 2757 2865 dissipata
2804 2805 2929 2850 sunt
2952 2838 2966 2863 ,
2993 2807 3045 2851 et
3072 2795 3202 2854 ferte
3232 2797 3363 2867 ipsa:
3382 2840 3397 2863 ,
3430 2799 3484 2855 id
3511 2809 3595 2857 est
3624 2801 3815 2871 impieÂ»

2207 2889 2330 2941 tatis
2372 2888 2585 2942 illorum
2608 2899 2859 2943 auctores
2887 2890 2938 2944 in
2972 2889 3151 2961 fugam
3177 2890 3304 2946 acti.
3336 2891 3535 2947 Eorum
3564 2909 3695 2950 vero
3720 2893 3813 2965 qui

2202 2978 2271 3032 ab
2299 2979 2418 3034 istis
2447 2980 2665 3051 decepti
2694 2982 2928 3049 fuerant,
2958 2982 3045 3037 alii
3077 2982 3293 3053 quidem
3326 2983 3667 3053 imperatoris
3704 2988 3810 3041 mi-

2204 3072 2287 3126 nis
2320 3074 2627 3142 perterriti,
2672 3074 2858 3144 spurio
2887 3074 3118 3146 quodam
3151 3085 3206 3130 et
3230 3075 3535 3131 adulterino
3561 3092 3724 3133 sensu
3754 3079 3808 3134 in

496 3195 552 3243 ut
580 3142 694 3256 paci
724 3187 1022 3245 studerent.
1078 3185 1277 3239 docens
1325 3199 1430 3254 qua
1487 3182 1697 3240 ratione
1752 3182 1948 3239 divina:
1975 3183 2096 3240 reli-

2205 3164 2501 3221 Eeclesiam
2532 3167 2902 3238 irrepserunt,
2934 3183 3032 3239 pro
3065 3179 3306 3239 tempore
3326 3168 3518 3226 callide
3544 3169 3807 3226 dissimu-

492 3279 635 3348 gioni
667 3278 1018 3346 tongruentia
1045 3284 1315 3348 gererent.
1348 3281 1424 3331 Ac
1465 3275 1679 3331 tandem
1711 3275 1776 3329 iis
1800 3278 2097 3345 persuasit,

492 3372 872 3443 excusavitque
899 3385 995 3425 eos
1027 3372 1077 3423 in
1106 3373 1217 3422 suis
1261 3368 1477 3436 litteris,
1512 3383 1765 3424 asserens
1808 3383 1867 3423 se
1914 3382 2098 3424 coram

489 3462 725 3518 audiisse
756 3463 927 3532 ipsum
951 3462 1037 3533 qui
1069 3462 1232 3516 totius
1263 3460 1544 3516 seditionis
1561 3470 1748 3516 auctor
1770 3459 1980 3517 fuisset.
2001 3461 2098 3517 At-

489 3569 593 3624 que
625 3554 723 3608 has
754 3555 869 3624 ejus
896 3556 1153 3623 epistolas
1204 3568 1309 3607 non
1344 3553 1546 3624 vulgari
1578 3553 1823 3607 doctrina
1855 3562 1910 3608 et
1944 3554 2094 3609 utili-

491 3658 599 3702 tate
627 3645 875 3713 refertas,
904 3648 1004 3703 hoc
1031 3649 1151 3703 loco
1192 3646 1591 3719 apposuissem,
1644 3646 1746 3702 nisi
1794 3648 1900 3703 reis
1948 3648 2097 3717 igno-

487 3738 668 3794 miniae
698 3748 876 3793 notam
926 3740 1232 3795 inurerent.
1285 3739 1547 3808 Quocirca
1595 3737 1694 3794 has
1739 3739 1955 3810 quidem
2007 3742 2093 3796 in-

486 3830 775 3901 praesentia
802 3831 1068 3896 omittam,
1097 3830 1293 3901 quippe
1318 3833 1411 3901 qui
1454 3832 1718 3887 malorum
1775 3833 2089 3889 memoriam

486 3922 898 3994 haudquaquam
926 3938 1187 3979 renovare
1216 3907 1549 3980 decreverim
1583 3942 1598 3990 ;
1657 3940 1750 3981 eas
1791 3942 1921 3982 vero
1948 3929 2091 3983 solas

484 4013 571 4071 hic
603 4016 833 4071 inseram
860 4029 995 4087 quas
1047 4016 1137 4071 ille
1186 4016 1257 4071 de
1309 4015 1535 4071 aliorum
1567 4031 1696 4086 pace
1722 4029 1772 4074 et
1801 4021 2086 4076 concordia

482 4112 722 4183 gaudens
752 4119 807 4166 et
835 4108 1113 4183 gratulans
1138 4108 1483 4179 conscripsit.
1512 4107 1717 4177 Quibus
1756 4114 1970 4181 quidem
2004 4114 2089 4167 lit-

482 4207 611 4263 teris
642 4207 886 4263 hortatur
907 4220 1023 4271 eos,
1055 4214 1112 4260 ut
1148 4202 1376 4260 alterius
1417 4203 1520 4259 loci
1573 4203 1889 4272 antistitem,
1933 4206 2086 4276 cujus

480 4302 785 4357 interventu
813 4315 1001 4370 pacem
1031 4300 1171 4356 inter
1208 4313 1269 4355 se
1306 4297 1588 4364 fecissent,
1617 4312 1951 4369 nequaquam
1983 4293 2086 4356 sibi

478 4395 752 4450 vindicare
774 4394 974 4458 velint;
1024 4392 1116 4449 sed
1170 4393 1348 4463 potius
1397 4391 1547 4463 juxta
1591 4391 1848 4447 Ecclesiae
1888 4393 2077 4460 ritum,

476 4506 600 4546 eum
623 4489 937 4561 episcopum
951 4485 1175 4557 eligant,
1202 4501 1360 4557 quem
1384 4487 1499 4556 ipse
1520 4486 1822 4542 communis
1838 4487 2080 4542 omnium

474 4581 729 4639 Servatur
757 4579 1141 4652 designaverit.
1175 4578 1373 4635 Scribit
1408 4587 1588 4635 autem
1636 4588 1747 4635 tum
1793 4582 1860 4636 ad
1904 4595 2078 4652 popu-

474 4678 607 4743 lum,
633 4687 743 4733 tum
766 4674 832 4732 ad
858 4675 1143 4747 episcopos
1170 4672 1287 4729 haec
1309 4688 1431 4744 qua:
1459 4683 1773 4745 sequuntur.

1096 4785 1304 4839 CAPUT
1352 4785 1454 4836 LX.

469 4900 497 4949 Î¹Îµ
530 4899 661 4965 _1_'res
684 4894 898 4965 epistola:
922 4892 1215 4965 Constantini
1237 4907 1254 4944 :
1277 4892 1440 4965 prima
1461 4893 1529 4945 ad
1551 4890 1871 4965 4nt1'oc.hen_os
1891 4894 2076 4965 uelu-

470 4961 652 5013 sebium
700 4955 925 5009 Cwsarea
976 4955 1355 5017 abstraherent;
1401 4959 1618 5007 secunda
1663 4958 1729 5007 ad
1795 4955 2075 5007 Eusebium.

471 5025 610 5085 Quod
655 5017 969 5085 Antiochiam
998 5016 1330 5085 recusaycrit;
1368 5018 1511 5085 tertia
1546 5019 1610 5085 ad
1633 5018 1890 5083 Syuodum
1909 5018 2080 5072 Antioâ€”

468 5080 692 5152 caenam,
715 5097 775 5136 ne
801 5082 1056 5137 Eusebium
1096 5095 1128 5132 Î±
1151 5081 1382 5134 Cwsarea
1405 5080 1735 5135 abstrahatur.

493 5257 503 5267 _
530 5192 657 5304 (ligo
680 5186 931 5319 fpistolas,
957 5187 1053 5238 hoc
1076 5192 1131 5237 et
1151 5184 1297 5236 duab.
1322 5197 1433 5250 seq.
1458 5185 1607 5249 capit.
1645 5191 1923 5251 contentas,
1943 5184 2080 5239 vide-

493 5268 536 5305 lS
557 5270 605 5307 Î¹Î¹Î¹
628 5268 676 5304 ra
709 5289 723 5304 Î¿

464 5268 536 5313 Î´Î¹Îµ
557 5268 696 5313 Illita]
709 5289 723 5304 .

1030 5350 1259 5410 CAPUT
1318 5350 1502 5407 LXIII.

685 5468 952 5539 Quomodo
984 5469 1203 5524 haereses
1234 5464 1531 5521 exscindere
1565 5464 1839 5523 studuerit.

533 5586 660 5642 Hac
682 5586 974 5655 imperator
993 5577 1311 5652 praesulibus
1332 5577 1697 5636 Ecclesiarom
1719 5577 2062 5649 praecipiens,

459 5682 774 5737 hortabatur
807 5693 903 5733 eos
941 5683 1001 5731 ut
1024 5673 1090 5730 ad
1115 5670 1329 5729 laudem
1351 5670 1551 5730 divina:
1575 5670 1850 5743 religionis
1873 5687 2061 5744 propa-

456 5772 687 5846 gandam
734 5777 928 5827 cuncta
974 5774 1217 5839 agerent.
1250 5763 1545 5836 Postquam
1575 5778 1725 5832 vero,
1769 5763 1996 5823 sublatis
2027 5780 2058 5821 e

2207 3258 2405 3315 lantes.
2430 3259 2565 3315 Nam
2589 3262 2842 3332 quoniam
2875 3262 3040 3317 libros
3069 3278 3254 3318 eorum
3284 3264 3516 3335 perquiri
3541 3264 3627 3319 lex
3652 3264 3812 3335 jube-

2201 3354 2329 3420 bat,
2380 3353 2706 3426 quicumque
2737 3355 2918 3411 vetitis
2944 3356 3147 3412 artibus
3190 3372 3409 3427 operam
3440 3356 3675 3424 dabant,
3716 3357 3811 3414 de-

2214 3444 2713 3515 prehendebantur.
2768 3447 2938 3515 Quam
2980 3447 3050 3503 ob
3078 3462 3292 3503 causam
3324 3448 3667 3504 simulatione
3692 3457 3811 3505 ute-

2197 3539 2424 3606 bantur,
2455 3549 2649 3594 cuncta
2677 3553 2898 3610 agentes
2923 3549 2983 3594 ut
3017 3541 3244 3595 salutem
3272 3540 3373 3594 sibi
3398 3549 3802 3612 compararent.

2197 3614 2303 3687 A'lii
2330 3646 2460 3687 vero
2490 3632 2706 3688 sincere
2731 3641 2894 3702 atque
2923 3647 2990 3687 ex
3015 3633 3199 3703 animo
3233 3632 3301 3688 ad
3337 3649 3487 3703 Spem
3521 3632 3806 3689 meliorum

2197 3723 2621 3795 transfugerunt.
2652 3724 2826 3779 Porro
2852 3724 3216 3781 Ecclesiarum
3248 3725 3520 3782 antistites
3546 3726 3599 3781 in
3628 3734 3807 3782 utros-

2194 3832 2298 3888 que
2318 3816 2549 3872 sollicita
2573 3816 2919 3886 inquisitione
2954 3817 3115 3885 facta,
3144 3832 3238 3874 eos
3265 3816 3482 3889 quidem
3505 3818 3596 3890 qui
3620 3819 3803 3874 ovium

2193 3911 2424 3984 pellibus
2445 3909 2647 3967 obtecti
2666 3911 2982 3967 simulanter
3011 3910 3269 3967 accedere
3291 3922 3579 3979 tentarent,
3613 3910 3801 3983 procul

2191 4005 2501 4077 abigebant.
2528 4004 2635 4060 Eos
2658 4019 2786 4061 vero
2813 4004 2904 4077 qui
2927 4005 3139 4061 sincere
3167 4004 3219 4059 id
3241 4014 3481 4081 agerent,
3515 4004 3796 4076 aliquanto

2193 4107 2439 4169 tempore
2485 4099 2796 4171 esploratos
2825 4142 2842 4167 ,
2887 4112 3005 4170 pOSl
3051 4099 3300 4155 idoneam
3343 4100 3711 4170 probatiOnem
3745 4099 3800 4155 in

2190 4207 2473 4247 numerum
2520 4206 2707 4249 eorum
2757 4191 2850 4260 qui
2877 4190 2942 4244 ad
2986 4206 3171 4245 sacros
3219 4201 3519 4246 conventus
3546 4192 3800 4247 admitte-

2188 4284 2383 4339 bantur
2409 4283 2727 4340 retulerunt.
2762 4281 2827 4337 Et
2848 4280 2950 4337 hoc
2978 4280 3197 4353 quidem
3229 4280 3388 4336 modo
3411 4296 3534 4336 cum
3585 4282 3802 4338 abomi-

2188 4374 2378 4431 nandis
2428 4375 2702 4432 haereticis
2731 4374 3007 4448 agebatur.
3034 4373 3298 4431 Caeterum
3341 4374 3376 4429 ii
3403 4375 3493 4446 qui
3518 4375 3719 4432 nullam
3744 4376 3799 4432 itt

2186 4466 2527 4539 dogmatibus
2540 4467 2652 4527 suis
2673 4466 3004 4539 impietatem
3037 4465 3377 4537 praeferrent,
3409 4466 3505 4523 sed
3533 4483 3793 4539 quorum-

2108 4525 2159 4588 Î’
2184 4558 2308 4615 dant
2340 4557 2807 4616 Schismaticorum
2849 4561 3003 4633 Culpa
3035 4574 3063 4614 a
3106 4560 3376 4616 communi
3407 4559 3663 4615 societate
3710 4575 3795 4616 sc-

2180 4651 2355 4724 juncti
2386 4659 2600 4717 essent,
2631 4651 2749 4707 sine
2776 4665 2928 4707 mora
2960 4653 3012 4708 in
3057 4650 3358 4708 Ecclesiam
3382 4662 3507 4706 sunt
3550 4651 3791 4706 admissi.

2184 4744 2248 4800 Hi
2271 4758 2401 4815 ergo
2424 4743 2684 4814 gregatim
2729 4752 3003 4815 tamquam
3039 4758 3106 4798 ex
3149 4744 3426 4816 peregrina
3452 4743 3672 4815 regione
3702 4759 3793 4799 rc-

2182 4835 2451 4901 deuntes,
2501 4836 2728 4906 patriam
2774 4851 2925 4891 suam
2982 4835 3316 4907 postliminio
3367 4843 3793 4907 recuperarunt,

2183 4934 2522 4995 matremque
2543 4924 2845 4982 Ecclesiam
2870 4936 3227 4999 agnoverunt.
3260 4930 3299 4981 Î‘
3330 4942 3433 4999 qua
3458 4942 3583 4983 cum
3600 4925 3797 4981 diutis-

2185 5020 2323 5077 sime
2372 5018 2739 5091 aherrassent,
2818 5019 3032 5077 tandem
3085 5021 3193 5076 lani
3231 5028 3393 5092 atque
3430 5019 3629 5077 hilares
3674 5029 3795 5092 post

2187 5115 2406 5188 longum
2435 5114 2693 5185 temporis
2721 5115 2952 5185 spatium
2981 5115 3048 5171 ad
3080 5130 3198 5170 eam
3229 5113 3568 5171 remeabant.
3598 5112 3788 5169 Totius

2188 5222 2317 5280 ergo
2338 5208 2583 5279 corporis
2607 5207 2854 5264 membra
2879 5207 3154 5264 communi
3182 5206 3325 5262 inter
3353 5222 3412 5263 se
3436 5205 3792 5278 vinculojun-

2187 5301 2483 5374 gebantur,
2508 5309 2564 5357 et
2594 5316 2699 5355 una
2727 5315 3015 5372 compages
3043 5300 3399 5357 coalescebat.
3428 5300 3662 5372 Solaque
3700 5315 3794 5356 ca-

2169 5391 2368 5448 tholica
2398 5391 2496 5448 Dei
2520 5390 2761 5447 Ecclesia
2784 5432 2797 5457 ,
2827 5403 2952 5462 apte
2975 5392 3078 5448 sibi
3120 5392 3402 5448 cohaerens
3443 5392 3783 5465 refulgebat,

2168 5486 2317 5543 nullo
2367 5493 2462 5541 aut
2491 5485 2872 5543 haereticorum
2912 5495 3006 5542 aut
3048 5487 3517 5545 schismaticorum
3553 5487 3786 5560 collegio

2172 5593 2396 5651 usquam
2414 5580 2658 5652 gentium
2684 5580 2895 5638 relicto.
2924 5582 3098 5653 Atque
3121 5580 3279 5653 hujus
3307 5581 3552 5654 praeclari
3584 5580 3786 5639 facino-

2168 5673 2275 5742 ris,
2304 5673 2449 5729 solus
2475 5660 2714 5730 omnium
2757 5676 2848 5747 qui
2883 5691 3119 5747 unquam
3149 5677 3445 5733 extiterunt
3494 5675 3788 5748 imperator

2166 5773 2349 5825 noster
2378 5767 2487 5825 Deo
2511 5767 2943 5840 acceptissimus,
2969 5779 3159 5827 auctor
3182 5767 3301 5826 fuit.
