4142 6178
473 217 537 285 'tt
1700 209 1968 270 unseen
2008 201 2326 264 PAMPHILI
3709 198 3780 263 τε

1094 332 1321 390 CAPUT
1360 331 1448 388 Ill.

783 425 1105 499 Pera’qttatio
1138 443 1198 480 ac
1229 425 1466 480 relevatio
1494 437 1750 477 censuum.

541 542 658 599 iam
701 557 829 598 vero
867 557 989 597 cum
1030 541 1272 598 nonnulli
1305 549 1462 596 terra:
1489 536 1874 606 descriptiones
1902 544 1954 590 et
1981 535 2068 604 ju—

472 636 714 706 gatioues
753 651 780 688 a
823 635 1187 706 superioribus
1214 633 1548 705 principibus
1579 631 1743 686 factas
1775 629 2068 700 reprehen-

470 728 662 785 derent
684 770 699 794 ,
728 744 991 801 agrosque
1034 743 1162 784 suos
1214 727 1438 783 nimium
1466 739 1754 796 oppressos
1779 738 1901 779 esse
1930 737 2066 792 que-

472 831 745 889 rerentur,
779 820 864 876 hic
889 822 1049 876 etiam
1078 818 1588 892 priueeps,justiti.c
1617 816 1824 887 legibus
1861 816 2072 870 obtem-

471 927 686 982 perans,
719 925 1116 985 peraequatores
1165 912 1410 969 mittebat
1454 911 1602 983 quia
1649 907 2072 980 supplicantibus

473 1004 728 1061 damnum
757 1005 1115 1078 depellerent.

1099 1117 1325 1175 CAPUT
1367 1115 1454 1172 lV.

622 1215 890 1282 Quomodo
918 1215 972 1268 in
1002 1213 1305 1285 pecuniariis
1334 1210 1502 1264 causis
1523 1251 1538 1276 ,
1573 1210 1634 1262 iis
1661 1210 1748 1279 qui
1777 1223 1934 1262 causa

758 1313 1078 1376 ceciderant,
1108 1313 1217 1381 ipse
1243 1309 1305 1363 de
1333 1323 1428 1362 suo
1459 1305 1788 1376 largiebatur.

548 1428 852 1496 Quinetiam
882 1428 1092 1497 quoties
1124 1427 1263 1482 inter
1294 1425 1429 1480 duos
1458 1424 1724 1494 litigantes
1753 1421 2077 1477 sententiam

475 1525 950 1594 pronuntiaverat,
987 1537 1052 1577 ne
1077 1519 1213 1576 forte
1240 1520 1284 1573 is
1308 1518 1396 1588 qui
1425 1532 1584 1572 causa
1636 1515 1911 1570 ceciderat
1953 1512 2080 1567 tris-

479 1618 583 1673 tior
611 1632 677 1672 eo
709 1617 1004 1673 secundum
1043 1629 1202 1685 quem
1230 1613 1296 1666 lis
1321 1613 1462 1667 dicta
1493 1620 1608 1665 erat
1632 1607 1984 1672 abscederet,
2013 1621 2077 1659 ex

2093 314 2414 382 Alitaribus
2468 312 2636 384 copiis
2691 309 3018 382 adscripsit,
3076 309 3299 383 reliquis
3350 308 3417 366 ad
3472 311 3776 367 necessaria

2169 407 2293 460 vita:
2352 403 2587 459 subsidia
2646 419 2802 474 agros
2857 403 3109 459 colendos
3152 402 3463 474 assignavit.
3526 401 3674 457 Adeo
3723 410 3782 456 ut

2169 498 2395 554 feliciter
2424 499 2522 552 sibi
2557 498 2787 553 cessisse
2814 496 3170 552 calamitatem
3214 511 3364 550 suam
3408 494 3508 565 ipsi
3549 494 3781 549 fateren-

2173 598 2281 657 tur,
2329 589 2524 660 quippe
2553 588 2645 659 qui
2673 587 3008 643 barbaricam
3049 585 3314 642 feritatem
3346 585 3588 640 Romana
3620 584 3783 639 liber-

2175 689 2282 737 tate
2312 691 2628 737 mutassent.
2667 679 2782 735 Hac
2817 679 3028 735 ratione
3071 679 3212 734 Deus
3240 677 3494 748 plurimas
3526 677 3783 732 barbaro-

2173 789 2357 830 rorum
2383 783 2571 846 gentes
2601 776 2719 845 ejus
2749 773 2996 842 adiunxit
3022 772 3272 843 imperio.

2791 863 3018 921 CAPUT
3061 865 3170 920 VII.

2285 960 2555 1016 Variorum
2583 960 2930 1015 Barbarorum
2960 961 3236 1032 legationes
3279 969 3326 1013 et
3355 975 3560 1014 munera
3589 959 3661 1015 eis

2659 1056 2721 1110 ab
2753 1055 3072 1126 Imperatore
3100 1055 3312 1110 donata.

2250 1148 2458 1220 Quippe
2497 1165 2564 1204 ex
2603 1149 2855 1204 omnibus
2895 1147 3030 1203 locis
3070 1147 3229 1218 legati
3269 1147 3523 1201 continue
3559 1145 3624 1200 ad
3654 1160 3778 1201 cum

2181 1242 2544 1308 accedebant,
2602 1256 2953 1312 qumcumque
3003 1240 3142 1312 apud
3191 1241 3342 1311 ipsos
3402 1239 3789 1310 pretiosissima

2183 1335 2447 1391 habentur
2499 1335 2640 1390 dona
2680 1333 2730 1390 ci
2770 1334 3079 1390 oil'erentcs.
3123 1333 3274 1389 Adeo
3318 1344 3374 1388 ut
3416 1349 3514 1388 nos
3554 1331 3654 1402 ipsi
3692 1347 3792 1402 pro

2184 1427 2387 1485 foribus
2420 1428 2638 1498 palatii,
2682 1430 2859 1484 varias
2901 1428 3103 1483 formas
3141 1437 3302 1498 atque
3341 1426 3555 1481 habitus
3595 1425 3796 1481 Barba-

2186 1538 2368 1578 rorum
2424 1522 2613 1578 ordine
2663 1523 2918 1578 stantium
2968 1520 3258 1591 aliquando
3302 1519 3746 1590 conspexerimus
3776 1559 3792 1587 ,

2187 1633 2412 1688 quormn
2464 1627 2520 1672 et
2568 1618 2792 1672 vestitus
2838 1625 2891 1672 et
2939 1625 3160 1670 ornatus
3206 1613 3390 1684 dispar
3438 1623 3590 1676 erat,
3642 1625 3794 1666 coma

483 1708 711 1779 propriis
738 1708 892 1763 bonis
918 1706 1151 1762 donabat
1176 1705 1329 1758 vietis
1347 1745 1360 1768 ,
1388 1701 1652 1758 interdum
1684 1699 1878 1770 przedia
1899 1740 1913 1765 ,
1945 1712 2077 1751 non~

2192 1716 2311 1768 item
2351 1721 2404 1765 et
2443 1710 2605 1764 barba
2648 1709 2805 1778 longe
2841 1708 3139 1763 dissimilis.
3188 1706 3394 1762 Torvus
3437 1714 3686 1776 aspectus
3733 1713 3790 1761 et

480 1817 770 1872 numquam
814 1799 1104 1870 pecunias;
1159 1797 1257 1852 hac
1286 1796 1495 1851 ratione
1521 1794 1762 1850 efﬁciens
1806 1801 1862 1846 ut
1904 1791 2076 1845 victus

481 1909 587 1948 non
637 1893 814 1948 minus
859 1908 1015 1962 quam
1060 1891 1106 1946 is
1165 1889 1253 1960 qui
1300 1903 1515 1944 causam
1563 1887 1870 1941 obtinuerat
1929 1882 2081 1936 lmlus

481 1985 699 2042 domum
732 1985 968 2049 rediret,
1000 1993 1184 2053 utpote
1215 1983 1306 2053 qui
1341 1983 1392 2034 in
1434 1988 1779 2048 conspectum
1825 1973 2081 2046 principis

479 2079 665 2135 venire
691 2076 1194 2147 meruisset.Neque
1223 2077 1363 2130 cnim
1397 2075 1476 2129 ias
1507 2087 1624 2128 esse
1653 2068 1996 2127 existimabat
2025 2074 2087 2119 ut

483 2172 573 2243 qui
628 2185 806 2226 coram
852 2179 998 2224 tanto
1030 2167 1268 2238 principe
1299 2166 1807 2232 stetisset,mmstus
1849 2173 2082 2230 unquam

484 2280 548 2321 ac
576 2265 742 2321 tristis
771 2263 1066 2319 recederet.
1099 2261 1333 2317 Proinde
1360 2272 1584 2328 uterque
1612 2255 1933 2327 litigantium
1959 2252 2086 2306 lzeto

484 2373 549 2413 ac
577 2357 844 2414 renidenti
873 2356 1024 2410 vultu
1055 2371 1119 2410 ex
1147 2353 1352 2424 judicio
1383 2350 1630 2407 redibat:
1661 2357 1716 2402 et
1745 2342 2086 2416 imperatoris

487 2448 652 2505 animi
680 2448 992 2521 magnitudo
1014 2445 1224 2502 cunctis
1249 2440 1594 2498 admirationi
1623 2447 1762 2496 erat.

1121 2578 1348 2635 CAPUT
1388 2576 1454 2632 V.

560 2691 871 2763 Scytharum
897 2702 987 2758 per
1011 2686 1214 2758 signum
1238 2682 1404 2737 crucis
1429 2679 1741 2734 devictorum
1767 2673 2013 2730 subactio.

562 2805 698 2874 Quid
747 2803 833 2858 hic
877 2814 1100 2856 necesse
1138 2808 1220 2854 est
1248 2794 1399 2867 quasi
1429 2793 1604 2850 obiter
1629 2801 2085 2852 commemorare,

491 2897 764 2971 quomodo
792 2896 887 2951 ille
917 2893 1172 2949 barbaras
1199 2899 1389 2962 gentes
1419 2888 1519 2942 sub
1549 2884 1764 2956 imperii
1807 2882 1962 2936 Rom.
2007 2879 2092 2934 di—

491 2993 691 3048 tionem
731 2987 971 3058 redegit,
1013 2983 1238 3054 qualiter
1283 2979 1639 3035 indominatas
1689 2972 1948 3037 antehac,
1993 2984 2094 3025 nec

494 3086 586 3142 nlli
635 3097 868 3155 unquam
912 3093 1100 3151 parere
1123 3085 1304 3132 suetas
1338 3072 1661 3145 Scytharum
1699 3069 2092 3125 Sarmatarum-

493 3195 599 3252 que
646 3178 893 3234 nationes
942 3174 1144 3244 primus
1176 3169 1275 3226 sub
1299 3170 1485 3238 jugum
1529 3165 1706 3231 misit,
1751 3177 1814 3218 ac
1853 3177 1947 3232 per
1988 3160 2092 3213 vim

493 3287 560 3328 eo
603 3270 816 3340 adegit,
849 3275 907 3321 ut
941 3265 1025 3319 vel
1054 3263 1207 3318 inviti
1238 3261 1489 3316 dominos
1519 3263 1877 3327 agnoscerent
1902 3252 2100 3306 Roma-

508 3379 607 3420 nos
631 3363 655 3416 ?
683 3361 900 3433 Scythis
930 3358 1143 3430 quidem
1175 3355 1484 3426 superiores
1533 3351 1695 3407 etiam
1749 3349 2101 3418 imperatores

497 3458 691 3514 tributa
736 3454 1072 3526 pendebant,
1120 3459 1174 3506 et
1217 3447 1460 3504 barbaris
1499 3444 1731 3526 Romani
1764 3442 1940 3511 reipsa
1980 3455 2099 3496 ser-

496 3551 745 3615 viebant,
777 3563 1008 3602 annuam
1081 3544 1353 3600 solventes
1402 3539 1704 3610 pecuniam.
1752 3535 1950 3591 Verum
1999 3535 2099 3588 im-

501 3650 716 3714 perator
772 3639 910 3694 hanc
962 3636 1330 3708 indignitatem
1385 3631 1528 3686 ferre
1584 3644 1690 3684 non
1742 3628 1952 3698 potuit,
2001 3639 2104 3680 nec

502 3733 691 3790 victori
764 3731 991 3803 principi
1045 3730 1300 3784 decorum
1350 3739 1474 3782 esse
1539 3720 1865 3779 existimavit
1913 3717 2102 3773 eadem

501 3827 737 3901 pendere
757 3841 876 3896 quae
900 3822 1106 3892 priores
1135 3819 1405 3890 principes
1442 3815 1845 3886 pependissent.
1883 3811 2068 3882 Itaque
2086 3850 2103 3878 ,

501 3919 801 3978 Servatoris
829 3916 911 3972 sui
940 3915 1141 3971 auxilio
1171 3913 1336 3968 fretus
1358 3955 1371 3979 ,
1407 3909 1716 3979 triumphali
1738 3910 1892 3980 signo
1913 3922 1975 3962 ac
1997 3915 2107 3961 tro-

504 4028 622 4085 paeo
653 4013 704 4066 in
737 4025 833 4066 eos
872 4008 1034 4065 etiam
1076 4005 1260 4071 illato,
1304 4003 1451 4058 brevi
1491 4010 1714 4056 cunctos
1753 3999 1984 4071 subegit.
2030 3999 2108 4053 Ac

503 4106 817 4165 resistentes
845 4102 1059 4175 quidem
1089 4109 1142 4156 et
1173 4107 1518 4153 contumaces
1546 4094 1711 4149 armis
1741 4093 1984 4160 domuit,
2017 4108 2105 4148 re-

509 4202 685 4274 liquos
727 4196 1081 4272 prudentibus
1135 4189 1491 4263 legationibus
1539 4187 1822 4258 mitigans,
1854 4202 1883 4241 a
1941 4187 2106 4240 ferina

507 4297 793 4367 legumque
821 4300 1042 4362 experte
1077 4286 1180 4342 vita
1227 4285 1293 4340 ad
1339 4284 1624 4338 humanam
1653 4280 1973 4350 civilemque
2004 4287 2110 4333 tra-

505 4387 676 4444 duxit.
706 4385 820 4441 Hoc
845 4383 1005 4440 modo
1034 4379 1246 4453 Scythae
1278 4376 1534 4433 Romanis
1568 4373 1780 4431 tandem
1812 4388 2002 4444 parere
2030 4371 2111 4428 di-

508 4479 776 4536 dicerunt.

1139 4587 1366 4646 CAPUT
1410 4585 1497 4642 Vl.

656 4691 909 4747 Sarmata:
933 4685 1150 4754 subacti,
1177 4701 1292 4738 cum
1318 4683 1448 4738 servi
1477 4680 1720 4736 adversus
1745 4678 1975 4735 dominos

1140 4777 1489 4833 rebellassent.

584 4900 654 4957 At
693 4898 965 4957 Sarmatas
1001 4895 1145 4950 Deus
1185 4893 1300 4962 ipse
1339 4888 1675 4947 Constantini
1718 4887 1943 4959 pedibus
1983 4885 2114 4942 sub-

513 4993 736 5057 stravit,
781 5000 835 5046 et
882 4986 1129 5041 homines
1178 4983 1458 5039 barbarico
1509 4982 1646 5036 fastu
1696 4981 2116 5036 intumescentes

514 5085 619 5142 hoc
648 5083 858 5153 subegit
886 5081 1065 5135 modo.
1101 5076 1233 5131 Nam
1265 5091 1386 5132 cum
1428 5073 1642 5144 Scythae
1682 5073 1882 5128 bellum
1923 5073 2002 5129 eis
2038 5071 2120 5127 in-

517 5178 791 5238 tulissent,
826 5173 1088 5229 Sarmatae
1117 5183 1302 5224 servos
1343 5182 1468 5222 suos
1513 5175 1569 5220 ut
1615 5165 1859 5222 hostibus
1903 5165 2122 5222 resiste-

515 5274 1032 5340 rent,armaverant.
1067 5262 1244 5325 Servi,
1290 5271 1439 5332 parta
1480 5258 1548 5315 de
1588 5258 1832 5314 hostibus
1862 5261 2081 5315 victoria
2104 5301 2118 5326 ,

516 5380 663 5421 arma
695 5366 746 5419 in
777 5361 1024 5418 dominos
1069 5364 1278 5411 vertere
1321 5360 1638 5424 coeperunt,
1672 5361 2000 5424 cunctosque
2032 5368 2124 5423 pa-

520 5457 638 5512 triis
659 5455 879 5511 sedibus
899 5449 1238 5522 expulerunt.
1265 5445 1327 5500 Hi
1353 5459 1481 5500 vero
1502 5443 1706 5499 nullum
1737 5443 1900 5498 alium
1930 5444 2118 5500 salutis

517 5560 730 5620 portum
775 5561 935 5620 quam
975 5541 1386 5601 Constantinum
1433 5553 1706 5609 reperere.
1755 5537 1858 5607 Qui
1901 5553 2122 5595 servare

519 5641 764 5698 homines
814 5635 1384 5702 assuetus,universos
1423 5631 1564 5686 intra
1607 5631 1742 5687 lines
1770 5632 1978 5702 imperii
2010 5630 2119 5690 Ro-

519 5735 663 5795 mani
695 5733 915 5806 recepit.
949 5731 1017 5788 Et
1044 5743 1138 5787 eos
1167 5726 1384 5798 quidem
1443 5722 1532 5796 qui
1573 5723 1754 5782 idonei
1794 5734 1977 5782 essent
2019 5725 2122 5784 mi-

2187 1803 2443 1856 barbarus
2485 1816 2547 1855 ac
2589 1811 2850 1856 terrorem
2895 1801 3194 1867 incutiens;
3239 1813 3531 1869 corporum
3561 1796 3800 1853 enormis

2186 1895 2502 1964 proceritas.
2533 1892 2599 1948 Et
2624 1893 2850 1947 aliorum
2876 1893 3091 1964 quidem
3126 1891 3402 1947 rubicundi
3431 1891 3605 1945 vultus
3626 1934 3639 1957 ,
3667 1890 3801 1945 alio-

2190 2003 2309 2041 rum
2361 2002 2490 2041 vero
2539 1987 2660 2041 nive
2710 1986 2824 2055 ipsa
2874 1985 3235 2041 candidiores.
3287 1983 3570 2040 Nonnullis
3621 1983 3799 2038 media

2187 2081 2432 2152 quaedam
2475 2080 2672 2136 coloris
2718 2080 2890 2135 inerat
2935 2088 3318 2150 temperatura.
3367 2080 3575 2148 Quippe
3621 2078 3798 2134 Blem-

2191 2189 2342 2246 myes
2381 2182 2436 2228 et
2474 2171 2588 2227 ludi
2631 2181 2792 2242 atque
2831 2171 3142 2242 Ethiopes,
3174 2172 3286 2242 qui,
3323 2181 3379 2226 ut
3407 2173 3482 2225 ait
3513 2171 3797 2237 Homerus,

2191 2265 2436 2323 bifariam
2468 2265 2624 2321 divisi
2656 2267 2706 2320 in
2737 2265 2938 2320 extimo
2969 2275 3233 2320 terrarum
3256 2265 3489 2335 degunt,
3516 2264 3655 2318 inter
3680 2265 3797 2319 illos

2191 2376 2325 2432 quos
2364 2359 2473 2415 dixi
2515 2359 2772 2415 barbaros
2815 2358 3300 2428 conspiciebantur.
3349 2357 3549 2412 [lorum
3599 2356 3796 2427 singuli

2191 2447 2642 2525 quemadmOdum
2717 2453 2772 2508 in
2846 2451 3042 2507 tabulis
3101 2450 3258 2521 vulgo
3311 2450 3454 2520 pingi
3513 2449 3796 2515 videmus,

2193 2563 2436 2605 seorsum
2493 2548 2722 2618 quisque
2784 2561 2849 2601 ea
2923 2545 2989 2600 ad
3061 2545 3439 2616 imperatorem
3482 2543 3798 2611 all‘erebant,

2195 2657 2314 2712 quae
2356 2640 2496 2711 apud
2539 2641 2684 2710 ipsos
2715 2639 2767 2694 in
2802 2638 2972 2709 pretio
3001 2649 3142 2694 sunt.
3177 2639 3282 2693 Alii
3313 2653 3543 2694 coronas
3569 2653 3760 2694 aureas
3783 2678 3798 2703 ,

2196 2734 2284 2788 alii
2331 2734 2636 2789 diademata
2685 2733 2912 2803 gemmis
2961 2740 3246 2798 conserta,
3294 2730 3384 2785 alii
3427 2745 3620 2801 pueros
3667 2729 3802 2784 [lava

2199 2830 2421 2884 caesarie
2452 2827 2776 2898 conspicuos
2797 2869 2811 2892 ,
2844 2825 3058 2896 quidam
3092 2825 3401 2880 barbaricas
3441 2835 3620 2882 vestes
3662 2839 3796 2880 auro

2199 2931 2253 2977 et
2283 2921 2506 2976 ﬂoribus
2537 2920 2805 2983 intextas;
2840 2918 2891 2972 hi
2925 2933 3113 2988 equos,
3136 2918 3210 2972 illi
3249 2919 3492 2990 clypeos,
3525 2927 3579 2974 et
3620 2917 3804 2973 hastas

2200 3015 2408 3085 longas,
2428 3024 2483 3069 et
2514 3015 2754 3084 sagittas,
2783 3022 2835 3067 et
2867 3027 3046 3069 arcus.
3080 3013 3254 3083 Atque
3285 3011 3368 3068 his
3396 3011 3553 3068 donis
3585 3010 3792 3082 signiﬁo

2119 3117 2167 3180 ρ
2198 3107 2392 3162 cabant
2446 3107 2761 3177 obsequium
2807 3121 2869 3160 ac
2924 3107 3236 3161 societatem
3296 3121 3568 3160 armorum
3609 3104 3804 3161 oil'erre

2203 3213 2264 3254 se
2308 3199 2617 3268 imperatori
2663 3199 2707 3252 si
2752 3197 2936 3253 vellet.
2983 3197 3076 3252 Ille
3119 3213 3246 3252 vero
3290 3213 3318 3250 a
3362 3197 3588 3266 singulis
3627 3195 3807 3252 oblata

2204 3289 2473 3358 accipiens
2514 3303 2577 3344 ac
2603 3304 2902 3358 seponens,
2935 3296 3012 3343 tot
3045 3299 3295 3358 tantaque
3326 3289 3402 3343 eis
3435 3288 3674 3342 vicissim
3707 3288 3803 3343 do-

2204 3383 2402 3447 nabat,
2438 3393 2495 3436 ut
2527 3391 2800 3438 momento
2831 3382 3089 3451 temporis
3118 3380 3412 3436 ditissimos
3436 3381 3686 3436 redderet
3714 3395 3809 3436 eos

2209 3475 2299 3545 qui
2331 3474 2468 3530 dona
2501 3475 2826 3530 attulissent.
2875 3474 2982 3531 Sed
3011 3484 3065 3530 et
3089 3491 3154 3530 ex
3186 3490 3372 3530 eorum
3403 3490 3628 3530 numero
3656 3474 3809 3530 nobi-

2205 3567 2441 3623 lissimos
2466 3583 2708 3637 quosque
2730 3567 2989 3623 Romanis
3016 3567 3367 3638 dignitatibus
3396 3567 3651 3630 ornabat;
3677 3566 3812 3622 adeo

2207 3668 2265 3714 ιιι
2302 3659 2544 3730 plerique
2585 3659 2832 3726 illorum,
2873 3659 3022 3714 obliti
3066 3659 3270 3716 reditus
3317 3659 3369 3715 in
3415 3659 3676 3730 patriam,
3725 3659 3814 3716 hic

2207 3753 2346 3823 apud
2377 3767 2476 3808 nos
2509 3767 2728 3806 manere
2758 3751 3068 3808 maluerint.

2811 3865 3039 3922 CAPUT
3079 3865 3215 3922 Vill.

2275 3961 2424 4030 Quod
2455 3960 2735 4016 Persarum
2767 3959 2896 4033 Regi
2925 3961 3014 4030 qui
3045 3961 3236 4031 legatos
3265 3959 3333 4014 ad
3363 3961 3529 4034 ipsum
3561 3960 3767 4016 miserat

2301 4055 2502 4126 scripsit
2534 4056 2586 4109 in
2615 4057 2834 4126 gratiam
2866 4053 3277 4109 Christianorum
3305 4054 3412 4108 illic
3441 4057 3720 4126 agentium.

2283 4145 2398 4202 Jam
2427 4161 2555 4201 vero
2583 4160 2704 4201 cum
2736 4161 2831 4200 rex
2859 4146 3019 4200 etiam
3054 4145 3336 4200 Persarum
3369 4161 3463 4217 per
3490 4147 3695 4217 legatos
3723 4161 3818 4202 no-

2214 4238 2383 4294 titiam
2417 4238 2644 4294 ambiret
2673 4235 3047 4300 Constantini,
3080 4237 3328 4307 donaque
3369 4238 3435 4294 ad
3478 4255 3600 4294 eum
3643 4241 3821 4296 misis-

2213 4338 2329 4394 set,
2364 4331 2512 4400 pacis
2541 4339 2595 4385 et
2621 4329 2870 4385 amicitiae
2896 4331 3080 4401 signa;
3112 4330 3164 4385 id
3189 4346 3353 4401 agens
3379 4331 3589 4387 scilicet
3615 4341 3673 4387 ut
3695 4347 3819 4389 cum

2213 4425 2306 4480 illo
2335 4425 2508 4480 {tedas
2556 4425 2752 4489 iniret;
2806 4424 2894 4480 hic
2945 4426 3106 4480 etiam
3156 4426 3473 4496 imperator,
3533 4427 3819 4482 excellenti

2138 4517 2192 4576 D
2217 4517 2446 4588 quadam
2476 4517 2641 4571 animi
2671 4525 2828 4572 utens
2855 4516 3254 4588 magnitudine,
3289 4533 3410 4573 eum
3439 4520 3528 4590 qui
3561 4520 3708 4589 prior
3734 4518 3824 4575 ho-

2219 4626 2351 4666 nore
2394 4612 2566 4681 ipsum
2608 4608 2894 4678 ail‘ecerat,
2943 4626 3222 4666 munerum
3247 4611 3641 4681 magniﬁcentia
3667 4611 3825 4684 longe

2221 4703 2514 4773 superavit.
2548 4703 2786 4774 Cumque
2816 4702 2956 4773 apud
2989 4703 3182 4758 Persas
3211 4703 3432 4758 crebras
3472 4718 3591 4758 esse
3634 4703 3824 4760 Eccle-

2223 4797 2330 4852 sias
2361 4796 2456 4851 Dei
2487 4795 2816 4864 accepisset,
2851 4805 2904 4850 et
2943 4811 3286 4850 numerosam
3329 4794 3648 4866 populorum
3690 4793 3828 4850 mul-

2224 4889 2503 4945 titudinem
2534 4889 2672 4944 intra
2703 4888 2898 4944 Christi
2932 4890 3090 4945 ovilia
3121 4889 3473 4960 congregari;
3503 4889 3606 4944 hoc
3639 4889 3828 4946 nuntio

2223 5000 2550 5056 magnopere
2575 4983 2896 5052 delectatus,
2923 4993 3108 5052 utpote
3134 4985 3436 5039 communis
3466 4982 3680 5053 quidam
3708 4997 3828 5038 om-

2224 5079 2371 5132 nium
2402 5077 2598 5148 ubique
2627 5077 2900 5147 agentium
2934 5077 3210 5134 hominum
3243 5088 3386 5132 tutor
3411 5087 3464 5133 et
3493 5088 3729 5142 curator,
3761 5075 3831 5133 ad

2227 5171 2317 5226 illa
2362 5170 2523 5226 etiam
2575 5169 2690 5225 loca
2733 5169 3119 5239 providentiam
3168 5184 3319 5225 suam
3370 5185 3470 5240 pro
3515 5177 3832 5226 cunctorum

2227 5261 2528 5319 commodis
2558 5261 2894 5319 laborantem
2925 5261 3185 5318 extendit.

2852 5373 3081 5430 CAPUT
3124 5373 3212 5429 IX.

2268 5467 2504 5539 Epistola
2534 5465 2855 5524 Constantini
2883 5468 2949 5521 ad
2981 5466 3234 5539 Saporem
3262 5465 3546 5523 Persarum
3574 5467 3801 5541 Regem,

2311 5575 2509 5615 summa
2535 5577 2649 5614 cum
2677 5560 2863 5630 pietate
2895 5558 3056 5614 Deum
3083 5569 3132 5614 et
3163 5557 3420 5616 Christum
3446 5561 3760 5630 conﬁtentis.

2293 5671 2753 5738 (Hancepistolgm,
2791 5683 2939 5733 quam
2967 5671 3057 5724 hoc
3097 5679 3149 5724 et
3167 5681 3376 5737 quatuor
3395 5686 3502 5737 seq.
3546 5687 3651 5738 cap.
3678 5672 3840 5727 couti-

2233 5741 2354 5787 ueut
2370 5773 2384 5796 ,
2404 5733 2587 5788 videSis
2607 5733 2771 5799 inira).
