  <div class='ocr_page' id='page_1' title='image "/cluster/home/n/w/nwhite01/storage/ocr_20150623/8/hvd.32044096580360/048.png"; bbox 0 0 4142 6178; ppageno 0'>
   <div class='ocr_carea' id='block_1_1' title="bbox 382 321 1992 396">
    <p class='ocr_par' dir='ltr' id='par_1_1' title="bbox 382 321 1992 387">
     <span class='ocr_line' id='line_1_1' title="bbox 382 321 1992 387; baseline 0.01 -20"><span class='ocrx_word' id='word_1_1' title='bbox 382 321 453 383; x_wconf 74' lang='lat'><strong>73</strong></span> <span class='ocrx_word' id='word_1_2' title='bbox 1470 324 1561 380; x_wconf 80' lang='lat' dir='ltr'><strong>ne</strong></span> <span class='ocrx_word' id='word_1_3' title='bbox 1602 324 1762 387; x_wconf 78' lang='lat' dir='ltr'><strong>Vl&#39;I‘A</strong></span> <span class='ocrx_word' id='word_1_4' title='bbox 1802 325 1992 384; x_wconf 70' lang='lat' dir='ltr'><strong>cons:</strong></span> 
     </span>
    </p>
   </div>
   <div class='ocr_carea' id='block_1_2' title="bbox 2091 321 3696 396">
    <p class='ocr_par' dir='ltr' id='par_1_2' title="bbox 2091 327 3696 396">
     <span class='ocr_line' id='line_1_2' title="bbox 2091 327 3696 396; baseline 0.008 -15"><span class='ocrx_word' id='word_1_5' title='bbox 2091 327 2252 385; x_wconf 64' lang='lat' dir='ltr'><strong>tlTINI</strong></span> <span class='ocrx_word' id='word_1_6' title='bbox 2295 329 2494 388; x_wconf 75' lang='lat' dir='ltr'><strong>LIBER</strong></span> <span class='ocrx_word' id='word_1_7' title='bbox 2535 332 2621 388; x_wconf 89' lang='lat' dir='ltr'><strong>IV.</strong></span> <span class='ocrx_word' id='word_1_8' title='bbox 3624 340 3696 396; x_wconf 71' lang='grc' dir='ltr'><strong>τι</strong></span> 
     </span>
    </p>
   </div>
   <div class='ocr_carea' id='block_1_3' title="bbox 979 436 1389 494">
    <p class='ocr_par' dir='ltr' id='par_1_3' title="bbox 979 436 1389 494">
     <span class='ocr_line' id='line_1_3' title="bbox 979 436 1389 494; baseline 0.002 -2"><span class='ocrx_word' id='word_1_9' title='bbox 979 436 1206 494; x_wconf 84' lang='lat' dir='ltr'><strong>CAPUT</strong></span> <span class='ocrx_word' id='word_1_10' title='bbox 1250 437 1389 494; x_wconf 87' lang='lat' dir='ltr'><strong>XIV.</strong></span> 
     </span>
    </p>
   </div>
   <div class='ocr_carea' id='block_1_4' title="bbox 382 527 1986 605">
    <p class='ocr_par' dir='ltr' id='par_1_4' title="bbox 382 527 1986 605">
     <span class='ocr_line' id='line_1_4' title="bbox 382 527 1986 605; baseline 0.004 -23"><span class='ocrx_word' id='word_1_11' title='bbox 382 528 658 597; x_wconf 83' lang='lat' dir='ltr'><strong>Quomodo</strong></span> <span class='ocrx_word' id='word_1_12' title='bbox 701 527 926 584; x_wconf 78' lang='lat' dir='ltr'><strong>assiduis</strong></span> <span class='ocrx_word' id='word_1_13' title='bbox 972 527 1294 586; x_wconf 88' lang='lat' dir='ltr'><strong><em>Constantini</em></strong></span> <span class='ocrx_word' id='word_1_14' title='bbox 1342 532 1570 604; x_wconf 78' lang='lat' dir='ltr'><strong>precibus</strong></span> <span class='ocrx_word' id='word_1_15' title='bbox 1607 550 1712 605; x_wconf 64' lang='grc' dir='ltr'><em>ρας»</em></span> <span class='ocrx_word' id='word_1_16' title='bbox 1753 534 1876 589; x_wconf 86' lang='lat' dir='ltr'><strong>data</strong></span> <span class='ocrx_word' id='word_1_17' title='bbox 1912 542 1986 589; x_wconf 88' lang='lat' dir='ltr'><strong>est</strong></span> 
     </span>
    </p>
   </div>
   <div class='ocr_carea' id='block_1_5' title="bbox 1026 621 1351 680">
    <p class='ocr_par' dir='ltr' id='par_1_5' title="bbox 1026 621 1351 680">
     <span class='ocr_line' id='line_1_5' title="bbox 1026 621 1351 680; baseline 0.003 -1"><span class='ocrx_word' id='word_1_18' title='bbox 1026 621 1351 680; x_wconf 70' lang='lat' dir='ltr'><strong>Christianis.</strong></span> 
     </span>
    </p>
   </div>
   <div class='ocr_carea' id='block_1_6' title="bbox 453 736 1987 811">
    <p class='ocr_par' dir='ltr' id='par_1_6' title="bbox 453 736 1987 811">
     <span class='ocr_line' id='line_1_6' title="bbox 453 736 1987 811; baseline 0.002 -19"><span class='ocrx_word' id='word_1_19' title='bbox 453 736 511 792; x_wconf 88' lang='lat' dir='ltr'><strong>In</strong></span> <span class='ocrx_word' id='word_1_20' title='bbox 538 736 685 793; x_wconf 88' lang='lat' dir='ltr'><strong>hunc</strong></span> <span class='ocrx_word' id='word_1_21' title='bbox 713 736 938 794; x_wconf 91' lang='lat' dir='ltr'><strong>modum</strong></span> <span class='ocrx_word' id='word_1_22' title='bbox 962 752 1087 794; x_wconf 91' lang='lat' dir='ltr'><strong>eum</strong></span> <span class='ocrx_word' id='word_1_23' title='bbox 1118 752 1309 795; x_wconf 87' lang='lat' dir='ltr'><strong>omnes</strong></span> <span class='ocrx_word' id='word_1_24' title='bbox 1338 737 1538 811; x_wconf 87' lang='lat' dir='ltr'><strong>ubique</strong></span> <span class='ocrx_word' id='word_1_25' title='bbox 1582 747 1771 811; x_wconf 89' lang='lat' dir='ltr'><strong>gentes</strong></span> <span class='ocrx_word' id='word_1_26' title='bbox 1815 741 1987 796; x_wconf 88' lang='lat' dir='ltr'><strong>instar</strong></span> 
     </span>
    </p>
   </div>
   <div class='ocr_carea' id='block_1_7' title="bbox 378 830 1987 904">
    <p class='ocr_par' dir='ltr' id='par_1_7' title="bbox 378 830 1987 904">
     <span class='ocr_line' id='line_1_7' title="bbox 378 830 1987 904; baseline 0.002 -19"><span class='ocrx_word' id='word_1_27' title='bbox 378 830 533 886; x_wconf 77' lang='lat' dir='ltr'><strong>navis</strong></span> <span class='ocrx_word' id='word_1_28' title='bbox 575 830 898 902; x_wconf 79' lang='lat' dir='ltr'><strong>cujusdam,</strong></span> <span class='ocrx_word' id='word_1_29' title='bbox 947 832 1106 888; x_wconf 90' lang='lat' dir='ltr'><strong>unius</strong></span> <span class='ocrx_word' id='word_1_30' title='bbox 1155 832 1532 904; x_wconf 77' lang='lat' dir='ltr'><strong>gubernatoris</strong></span> <span class='ocrx_word' id='word_1_31' title='bbox 1563 843 1879 903; x_wconf 86' lang='lat' dir='ltr'><strong>regerentur</strong></span> <span class='ocrx_word' id='word_1_32' title='bbox 1905 834 1987 889; x_wconf 91' lang='lat' dir='ltr'><strong>in-</strong></span> 
     </span>
    </p>
   </div>
   <div class='ocr_carea' id='block_1_8' title="bbox 378 924 1988 997">
    <p class='ocr_par' dir='ltr' id='par_1_8' title="bbox 378 924 1988 997">
     <span class='ocr_line' id='line_1_8' title="bbox 378 924 1988 997; baseline 0 -17"><span class='ocrx_word' id='word_1_33' title='bbox 378 924 601 991; x_wconf 86' lang='lat' dir='ltr'><strong>dustria,</strong></span> <span class='ocrx_word' id='word_1_34' title='bbox 633 933 696 981; x_wconf 89' lang='lat' dir='ltr'><strong>et</strong></span> <span class='ocrx_word' id='word_1_35' title='bbox 723 925 1005 997; x_wconf 89' lang='lat' dir='ltr'><strong>imperium</strong></span> <span class='ocrx_word' id='word_1_36' title='bbox 1035 941 1101 983; x_wconf 89' lang='lat' dir='ltr'><strong>ac</strong></span> <span class='ocrx_word' id='word_1_37' title='bbox 1126 926 1444 997; x_wconf 84' lang='lat' dir='ltr'><strong>religionem</strong></span> <span class='ocrx_word' id='word_1_38' title='bbox 1478 924 1663 982; x_wconf 81' lang='lat' dir='ltr'><strong>famuli</strong></span> <span class='ocrx_word' id='word_1_39' title='bbox 1691 926 1784 981; x_wconf 90' lang='lat' dir='ltr'><strong>Dei</strong></span> <span class='ocrx_word' id='word_1_40' title='bbox 1814 926 1988 982; x_wconf 87' lang='lat' dir='ltr'><strong>liben-</strong></span> 
     </span>
    </p>
   </div>
   <div class='ocr_carea' id='block_1_9' title="bbox 378 1006 1985 1090">
    <p class='ocr_par' dir='ltr' id='par_1_9' title="bbox 378 1006 1985 1090">
     <span class='ocr_line' id='line_1_9' title="bbox 378 1006 1985 1090; baseline 0.001 -18"><span class='ocrx_word' id='word_1_41' title='bbox 378 1017 590 1075; x_wconf 51' lang='lat' dir='ltr'><strong>timime</strong></span> <span class='ocrx_word' id='word_1_42' title='bbox 617 1018 1107 1089; x_wconf 75' lang='lat' dir='ltr'><strong>amplecterentur;</strong></span> <span class='ocrx_word' id='word_1_43' title='bbox 1138 1006 1241 1075; x_wconf 78' lang='lat' dir='ltr'><strong>nec</strong></span> <span class='ocrx_word' id='word_1_44' title='bbox 1265 1018 1407 1075; x_wconf 92' lang='lat' dir='ltr'><strong>ullus</strong></span> <span class='ocrx_word' id='word_1_45' title='bbox 1431 1018 1665 1090; x_wconf 83' lang='lat' dir='ltr'><strong>amplius</strong></span> <span class='ocrx_word' id='word_1_46' title='bbox 1684 1018 1985 1074; x_wconf 83' lang='lat' dir='ltr'><strong>Romanum</strong></span> 
     </span>
    </p>
   </div>
   <div class='ocr_carea' id='block_1_10' title="bbox 377 1108 1989 1182">
    <p class='ocr_par' dir='ltr' id='par_1_10' title="bbox 377 1108 1989 1182">
     <span class='ocr_line' id='line_1_10' title="bbox 377 1108 1989 1182; baseline -0.001 -16"><span class='ocrx_word' id='word_1_47' title='bbox 377 1110 675 1182; x_wconf 89' lang='lat' dir='ltr'><strong>imperium</strong></span> <span class='ocrx_word' id='word_1_48' title='bbox 700 1112 1060 1182; x_wconf 90' lang='lat' dir='ltr'><strong>perturbaret,</strong></span> <span class='ocrx_word' id='word_1_49' title='bbox 1091 1110 1273 1168; x_wconf 90' lang='lat' dir='ltr'><strong>cuncti</strong></span> <span class='ocrx_word' id='word_1_50' title='bbox 1317 1109 1543 1182; x_wconf 91' lang='lat' dir='ltr'><strong>posthac</strong></span> <span class='ocrx_word' id='word_1_51' title='bbox 1566 1108 1906 1181; x_wconf 75' lang='lat' dir='ltr'><strong>tranquillam</strong></span> <span class='ocrx_word' id='word_1_52' title='bbox 1933 1118 1989 1167; x_wconf 88' lang='lat' dir='ltr'><strong>et</strong></span> 
     </span>
    </p>
   </div>
   <div class='ocr_carea' id='block_1_11' title="bbox 376 1204 1985 1276">
    <p class='ocr_par' dir='ltr' id='par_1_11' title="bbox 376 1204 1985 1276">
     <span class='ocr_line' id='line_1_11' title="bbox 376 1204 1985 1276; baseline -0.001 -17"><span class='ocrx_word' id='word_1_53' title='bbox 376 1206 624 1275; x_wconf 85' lang='lat' dir='ltr'><strong>quietam</strong></span> <span class='ocrx_word' id='word_1_54' title='bbox 649 1207 812 1260; x_wconf 91' lang='lat' dir='ltr'><strong>vitam</strong></span> <span class='ocrx_word' id='word_1_55' title='bbox 841 1205 1093 1276; x_wconf 76' lang='lat' dir='ltr'><strong>agebant.</strong></span> <span class='ocrx_word' id='word_1_56' title='bbox 1124 1204 1425 1275; x_wconf 83' lang='lat' dir='ltr'><strong>Imperator</strong></span> <span class='ocrx_word' id='word_1_57' title='bbox 1451 1219 1581 1259; x_wconf 85' lang='lat' dir='ltr'><strong>vero</strong></span> <span class='ocrx_word' id='word_1_58' title='bbox 1611 1220 1733 1259; x_wconf 90' lang='lat' dir='ltr'><strong>cum</strong></span> <span class='ocrx_word' id='word_1_59' title='bbox 1778 1205 1985 1274; x_wconf 88' lang='lat' dir='ltr'><strong>piormn</strong></span> 
     </span>
    </p>
   </div>
   <div class='ocr_carea' id='block_1_12' title="bbox 378 1296 1986 1368">
    <p class='ocr_par' dir='ltr' id='par_1_12' title="bbox 378 1296 1986 1368">
     <span class='ocr_line' id='line_1_12' title="bbox 378 1296 1986 1368; baseline -0.002 -14"><span class='ocrx_word' id='word_1_60' title='bbox 378 1298 666 1355; x_wconf 84' lang='lat' dir='ltr'><strong>hominum</strong></span> <span class='ocrx_word' id='word_1_61' title='bbox 715 1313 905 1367; x_wconf 86' lang='lat' dir='ltr'><strong>preces</strong></span> <span class='ocrx_word' id='word_1_62' title='bbox 949 1297 1017 1354; x_wconf 90' lang='lat' dir='ltr'><strong>ad</strong></span> <span class='ocrx_word' id='word_1_63' title='bbox 1062 1296 1294 1353; x_wconf 76' lang='lat' dir='ltr'><strong>Salutem</strong></span> <span class='ocrx_word' id='word_1_64' title='bbox 1343 1296 1653 1368; x_wconf 70' lang='lat' dir='ltr'><strong>reipubliete</strong></span> <span class='ocrx_word' id='word_1_65' title='bbox 1699 1296 1986 1365; x_wconf 89' lang='lat' dir='ltr'><strong>plurimutn</strong></span> 
     </span>
    </p>
   </div>
   <div class='ocr_carea' id='block_1_13' title="bbox 377 1388 1992 1461">
    <p class='ocr_par' dir='ltr' id='par_1_13' title="bbox 377 1388 1992 1461">
     <span class='ocr_line' id='line_1_13' title="bbox 377 1388 1992 1461; baseline -0.003 -13"><span class='ocrx_word' id='word_1_66' title='bbox 377 1394 634 1448; x_wconf 81' lang='lat' dir='ltr'><strong>conferre</strong></span> <span class='ocrx_word' id='word_1_67' title='bbox 685 1390 1046 1457; x_wconf 85' lang='lat' dir='ltr'><strong>existimaret,</strong></span> <span class='ocrx_word' id='word_1_68' title='bbox 1077 1404 1409 1461; x_wconf 87' lang='lat' dir='ltr'><strong>easquoque</strong></span> <span class='ocrx_word' id='word_1_69' title='bbox 1456 1389 1767 1445; x_wconf 88' lang='lat' dir='ltr'><strong>necessario</strong></span> <span class='ocrx_word' id='word_1_70' title='bbox 1806 1388 1992 1447; x_wconf 87' lang='lat' dir='ltr'><strong>conci-</strong></span> 
     </span>
    </p>
   </div>
   <div class='ocr_carea' id='block_1_14' title="bbox 379 1480 1987 1556">
    <p class='ocr_par' dir='ltr' id='par_1_14' title="bbox 379 1480 1987 1556">
     <span class='ocr_line' id='line_1_14' title="bbox 379 1480 1987 1556; baseline -0.004 -15"><span class='ocrx_word' id='word_1_71' title='bbox 379 1485 591 1541; x_wconf 88' lang='lat' dir='ltr'><strong>liandas</strong></span> <span class='ocrx_word' id='word_1_72' title='bbox 618 1485 721 1541; x_wconf 86' lang='lat' dir='ltr'><strong><em>sibi</em></strong></span> <span class='ocrx_word' id='word_1_73' title='bbox 748 1485 975 1556; x_wconf 90' lang='lat' dir='ltr'><strong>putavit.</strong></span> <span class='ocrx_word' id='word_1_74' title='bbox 1003 1484 1190 1553; x_wconf 87' lang='lat' dir='ltr'><strong>Itaque</strong></span> <span class='ocrx_word' id='word_1_75' title='bbox 1220 1492 1277 1540; x_wconf 95' lang='lat' dir='ltr'><strong>et</strong></span> <span class='ocrx_word' id='word_1_76' title='bbox 1300 1484 1417 1553; x_wconf 92' lang='lat' dir='ltr'><strong>ipse</strong></span> <span class='ocrx_word' id='word_1_77' title='bbox 1444 1482 1669 1552; x_wconf 78' lang='lat' dir='ltr'><strong>supplex</strong></span> <span class='ocrx_word' id='word_1_78' title='bbox 1705 1480 1798 1537; x_wconf 87' lang='lat' dir='ltr'><strong>Dei</strong></span> <span class='ocrx_word' id='word_1_79' title='bbox 1828 1496 1987 1551; x_wconf 79' lang='lat' dir='ltr'><strong>Opem</strong></span> 
     </span>
    </p>
   </div>
   <div class='ocr_carea' id='block_1_15' title="bbox 381 1574 1991 1648">
    <p class='ocr_par' dir='ltr' id='par_1_15' title="bbox 381 1574 1991 1648">
     <span class='ocr_line' id='line_1_15' title="bbox 381 1574 1991 1648; baseline -0.002 -16"><span class='ocrx_word' id='word_1_80' title='bbox 381 1577 729 1647; x_wconf 77' lang='lat' dir='ltr'><strong>imploravit,</strong></span> <span class='ocrx_word' id='word_1_81' title='bbox 759 1585 814 1632; x_wconf 91' lang='lat' dir='ltr'><strong>et</strong></span> <span class='ocrx_word' id='word_1_82' title='bbox 860 1574 1184 1648; x_wconf 70' lang='lat' dir='ltr'><strong>praasidibus</strong></span> <span class='ocrx_word' id='word_1_83' title='bbox 1227 1575 1592 1632; x_wconf 87' lang='lat' dir='ltr'><strong>Eeclesiarum</strong></span> <span class='ocrx_word' id='word_1_84' title='bbox 1638 1574 1896 1646; x_wconf 72' lang='lat' dir='ltr'><strong>praecepit</strong></span> <span class='ocrx_word' id='word_1_85' title='bbox 1933 1582 1991 1629; x_wconf 94' lang='lat' dir='ltr'><strong>ut</strong></span> 
     </span>
    </p>
   </div>
   <div class='ocr_carea' id='block_1_16' title="bbox 380 1666 1420 1740">
    <p class='ocr_par' dir='ltr' id='par_1_16' title="bbox 380 1666 1420 1740">
     <span class='ocr_line' id='line_1_16' title="bbox 380 1666 1420 1740; baseline -0.002 -16"><span class='ocrx_word' id='word_1_86' title='bbox 380 1683 485 1740; x_wconf 89' lang='lat' dir='ltr'><strong>pro</strong></span> <span class='ocrx_word' id='word_1_87' title='bbox 508 1683 570 1725; x_wconf 89' lang='lat' dir='ltr'><strong>se</strong></span> <span class='ocrx_word' id='word_1_88' title='bbox 600 1682 791 1739; x_wconf 79' lang='lat' dir='ltr'><strong>preces</strong></span> <span class='ocrx_word' id='word_1_89' title='bbox 819 1668 890 1724; x_wconf 87' lang='lat' dir='ltr'><strong>ad</strong></span> <span class='ocrx_word' id='word_1_90' title='bbox 919 1669 1088 1725; x_wconf 90' lang='lat' dir='ltr'><strong>Deum</strong></span> <span class='ocrx_word' id='word_1_91' title='bbox 1111 1666 1420 1724; x_wconf 89' lang='lat' dir='ltr'><strong>funderent.</strong></span> 
     </span>
    </p>
   </div>
   <div class='ocr_carea' id='block_1_17' title="bbox 999 1780 1382 1839">
    <p class='ocr_par' dir='ltr' id='par_1_17' title="bbox 999 1780 1382 1839">
     <span class='ocr_line' id='line_1_17' title="bbox 999 1780 1382 1839; baseline 0.003 -2"><span class='ocrx_word' id='word_1_92' title='bbox 999 1780 1225 1839; x_wconf 81' lang='lat' dir='ltr'><strong>CAPUT</strong></span> <span class='ocrx_word' id='word_1_93' title='bbox 1264 1782 1382 1839; x_wconf 77' lang='lat' dir='ltr'><strong>XV.</strong></span> 
     </span>
    </p>
   </div>
   <div class='ocr_carea' id='block_1_18' title="bbox 384 1873 1989 1948">
    <p class='ocr_par' dir='ltr' id='par_1_18' title="bbox 384 1873 1989 1948">
     <span class='ocr_line' id='line_1_18' title="bbox 384 1873 1989 1948; baseline 0 -19"><span class='ocrx_word' id='word_1_94' title='bbox 384 1873 541 1942; x_wconf 80' lang='lat' dir='ltr'><strong>Quod</strong></span> <span class='ocrx_word' id='word_1_95' title='bbox 568 1875 624 1930; x_wconf 90' lang='lat' dir='ltr'><strong>in</strong></span> <span class='ocrx_word' id='word_1_96' title='bbox 644 1876 869 1931; x_wconf 84' lang='lat' dir='ltr'><strong>nummis</strong></span> <span class='ocrx_word' id='word_1_97' title='bbox 895 1884 941 1931; x_wconf 86' lang='lat' dir='ltr'><strong>et</strong></span> <span class='ocrx_word' id='word_1_98' title='bbox 963 1875 1274 1948; x_wconf 78' lang='lat' dir='ltr'><strong><em>imaginibus</em></strong></span> <span class='ocrx_word' id='word_1_99' title='bbox 1298 1876 1563 1948; x_wconf 83' lang='lat' dir='ltr'><strong>precantis</strong></span> <span class='ocrx_word' id='word_1_100' title='bbox 1605 1876 1783 1930; x_wconf 87' lang='lat' dir='ltr'><strong>habitu</strong></span> <span class='ocrx_word' id='word_1_101' title='bbox 1823 1874 1989 1947; x_wconf 65' lang='lat' dir='ltr'><strong>efﬁngi</strong></span> 
     </span>
    </p>
   </div>
   <div class='ocr_carea' id='block_1_19' title="bbox 1070 1967 1313 2035">
    <p class='ocr_par' dir='ltr' id='par_1_19' title="bbox 1070 1967 1313 2035">
     <span class='ocr_line' id='line_1_19' title="bbox 1070 1967 1313 2035; baseline -0.008 -13"><span class='ocrx_word' id='word_1_102' title='bbox 1070 1983 1123 2022; x_wconf 81' lang='lat' dir='ltr'><strong><em>se</em></strong></span> <span class='ocrx_word' id='word_1_103' title='bbox 1140 1967 1313 2035; x_wconf 82' lang='lat' dir='ltr'><strong>iussit.</strong></span> 
     </span>
    </p>
   </div>
   <div class='ocr_carea' id='block_1_20' title="bbox 459 2080 1992 2152">
    <p class='ocr_par' dir='ltr' id='par_1_20' title="bbox 459 2080 1992 2152">
     <span class='ocr_line' id='line_1_20' title="bbox 459 2080 1992 2152; baseline 0 -15"><span class='ocrx_word' id='word_1_104' title='bbox 459 2080 672 2150; x_wconf 85' lang='lat' dir='ltr'><strong>Quanta</strong></span> <span class='ocrx_word' id='word_1_105' title='bbox 699 2096 860 2150; x_wconf 90' lang='lat' dir='ltr'><strong>porro</strong></span> <span class='ocrx_word' id='word_1_106' title='bbox 903 2080 1098 2136; x_wconf 70' lang='lat' dir='ltr'><strong>divinte</strong></span> <span class='ocrx_word' id='word_1_107' title='bbox 1151 2080 1274 2136; x_wconf 83' lang='lat' dir='ltr'><strong>fidei</strong></span> <span class='ocrx_word' id='word_1_108' title='bbox 1321 2081 1405 2137; x_wconf 89' lang='lat' dir='ltr'><strong>vis</strong></span> <span class='ocrx_word' id='word_1_109' title='bbox 1452 2096 1516 2138; x_wconf 92' lang='lat' dir='ltr'><strong>ac</strong></span> <span class='ocrx_word' id='word_1_110' title='bbox 1560 2081 1729 2137; x_wconf 85' lang='lat' dir='ltr'><strong>virtus</strong></span> <span class='ocrx_word' id='word_1_111' title='bbox 1778 2082 1829 2136; x_wconf 91' lang='lat' dir='ltr'><strong>in</strong></span> <span class='ocrx_word' id='word_1_112' title='bbox 1875 2081 1992 2152; x_wconf 89' lang='lat' dir='ltr'><strong>ejus</strong></span> 
     </span>
    </p>
   </div>
   <div class='ocr_carea' id='block_1_21' title="bbox 387 2173 1990 2245">
    <p class='ocr_par' dir='ltr' id='par_1_21' title="bbox 387 2173 1990 2245">
     <span class='ocr_line' id='line_1_21' title="bbox 387 2173 1990 2245; baseline -0.001 -17"><span class='ocrx_word' id='word_1_113' title='bbox 387 2174 573 2230; x_wconf 89' lang='lat' dir='ltr'><strong>animo</strong></span> <span class='ocrx_word' id='word_1_114' title='bbox 603 2174 890 2241; x_wconf 78' lang='lat' dir='ltr'><strong>insederit,</strong></span> <span class='ocrx_word' id='word_1_115' title='bbox 921 2174 1004 2229; x_wconf 88' lang='lat' dir='ltr'><strong>vel</strong></span> <span class='ocrx_word' id='word_1_116' title='bbox 1030 2188 1096 2230; x_wconf 91' lang='lat' dir='ltr'><strong>ex</strong></span> <span class='ocrx_word' id='word_1_117' title='bbox 1120 2173 1225 2229; x_wconf 88' lang='lat' dir='ltr'><strong>hoc</strong></span> <span class='ocrx_word' id='word_1_118' title='bbox 1253 2188 1362 2231; x_wconf 89' lang='lat' dir='ltr'><strong>uno</strong></span> <span class='ocrx_word' id='word_1_119' title='bbox 1389 2175 1583 2244; x_wconf 88' lang='lat' dir='ltr'><strong>conjici</strong></span> <span class='ocrx_word' id='word_1_120' title='bbox 1614 2173 1770 2231; x_wconf 76' lang='lat' dir='ltr'><strong>facile</strong></span> <span class='ocrx_word' id='word_1_121' title='bbox 1794 2181 1990 2245; x_wconf 83' lang='lat' dir='ltr'><strong>potest,</strong></span> 
     </span>
    </p>
   </div>
   <div class='ocr_carea' id='block_1_22' title="bbox 387 2266 1994 2339">
    <p class='ocr_par' dir='ltr' id='par_1_22' title="bbox 387 2266 1994 2339">
     <span class='ocr_line' id='line_1_22' title="bbox 387 2266 1994 2339; baseline 0 -18"><span class='ocrx_word' id='word_1_122' title='bbox 387 2266 535 2337; x_wconf 87' lang='lat' dir='ltr'><strong>quod</strong></span> <span class='ocrx_word' id='word_1_123' title='bbox 558 2267 615 2322; x_wconf 91' lang='lat' dir='ltr'><strong>in</strong></span> <span class='ocrx_word' id='word_1_124' title='bbox 642 2268 824 2323; x_wconf 87' lang='lat' dir='ltr'><strong>aureis</strong></span> <span class='ocrx_word' id='word_1_125' title='bbox 845 2266 1080 2322; x_wconf 90' lang='lat' dir='ltr'><strong>nummis</strong></span> <span class='ocrx_word' id='word_1_126' title='bbox 1104 2266 1331 2339; x_wconf 83' lang='lat' dir='ltr'><strong>exprimi</strong></span> <span class='ocrx_word' id='word_1_127' title='bbox 1359 2281 1418 2323; x_wconf 90' lang='lat' dir='ltr'><strong>se</strong></span> <span class='ocrx_word' id='word_1_128' title='bbox 1442 2266 1601 2337; x_wconf 88' lang='lat' dir='ltr'><strong>jussit</strong></span> <span class='ocrx_word' id='word_1_129' title='bbox 1630 2267 1777 2321; x_wconf 89' lang='lat' dir='ltr'><strong>vultu</strong></span> <span class='ocrx_word' id='word_1_130' title='bbox 1805 2267 1858 2321; x_wconf 92' lang='lat' dir='ltr'><strong>in</strong></span> <span class='ocrx_word' id='word_1_131' title='bbox 1884 2280 1994 2322; x_wconf 68' lang='lat' dir='ltr'><strong>eoe—</strong></span> 
     </span>
    </p>
   </div>
   <div class='ocr_carea' id='block_1_23' title="bbox 388 2359 1995 2434">
    <p class='ocr_par' dir='ltr' id='par_1_23' title="bbox 388 2359 1995 2434">
     <span class='ocr_line' id='line_1_23' title="bbox 388 2359 1995 2434; baseline -0.001 -17"><span class='ocrx_word' id='word_1_132' title='bbox 388 2363 503 2417; x_wconf 89' lang='lat' dir='ltr'><strong>lum</strong></span> <span class='ocrx_word' id='word_1_133' title='bbox 526 2362 761 2430; x_wconf 89' lang='lat' dir='ltr'><strong>sublato,</strong></span> <span class='ocrx_word' id='word_1_134' title='bbox 787 2371 842 2419; x_wconf 93' lang='lat' dir='ltr'><strong>et</strong></span> <span class='ocrx_word' id='word_1_135' title='bbox 861 2362 1109 2417; x_wconf 88' lang='lat' dir='ltr'><strong>manibus</strong></span> <span class='ocrx_word' id='word_1_136' title='bbox 1131 2362 1383 2434; x_wconf 82' lang='lat' dir='ltr'><strong>expansis</strong></span> <span class='ocrx_word' id='word_1_137' title='bbox 1410 2362 1584 2417; x_wconf 89' lang='lat' dir='ltr'><strong>instar</strong></span> <span class='ocrx_word' id='word_1_138' title='bbox 1612 2361 1902 2432; x_wconf 83' lang='lat' dir='ltr'><strong>precantis.</strong></span> <span class='ocrx_word' id='word_1_139' title='bbox 1924 2359 1995 2416; x_wconf 84' lang='lat' dir='ltr'><strong>Et</strong></span> 
     </span>
    </p>
   </div>
   <div class='ocr_carea' id='block_1_24' title="bbox 388 2454 1995 2527">
    <p class='ocr_par' dir='ltr' id='par_1_24' title="bbox 388 2454 1995 2527">
     <span class='ocr_line' id='line_1_24' title="bbox 388 2454 1995 2527; baseline -0.001 -18"><span class='ocrx_word' id='word_1_140' title='bbox 388 2454 555 2526; x_wconf 84' lang='lat' dir='ltr'><strong>hujus</strong></span> <span class='ocrx_word' id='word_1_141' title='bbox 581 2455 798 2527; x_wconf 87' lang='lat' dir='ltr'><strong>quidem</strong></span> <span class='ocrx_word' id='word_1_142' title='bbox 824 2457 1011 2512; x_wconf 79' lang='lat' dir='ltr'><strong>forma:</strong></span> <span class='ocrx_word' id='word_1_143' title='bbox 1050 2455 1253 2510; x_wconf 89' lang='lat' dir='ltr'><strong>nummi</strong></span> <span class='ocrx_word' id='word_1_144' title='bbox 1298 2470 1396 2525; x_wconf 90' lang='lat' dir='ltr'><strong>per</strong></span> <span class='ocrx_word' id='word_1_145' title='bbox 1444 2455 1755 2511; x_wconf 89' lang='lat' dir='ltr'><strong>universum</strong></span> <span class='ocrx_word' id='word_1_146' title='bbox 1806 2454 1995 2511; x_wconf 91' lang='lat' dir='ltr'><strong>orbem</strong></span> 
     </span>
    </p>
   </div>
   <div class='ocr_carea' id='block_1_25' title="bbox 386 2549 1997 2620">
    <p class='ocr_par' dir='ltr' id='par_1_25' title="bbox 386 2549 1997 2620">
     <span class='ocr_line' id='line_1_25' title="bbox 386 2549 1997 2620; baseline -0.002 -14"><span class='ocrx_word' id='word_1_147' title='bbox 386 2565 676 2606; x_wconf 83' lang='lat' dir='ltr'><strong>romanum</strong></span> <span class='ocrx_word' id='word_1_148' title='bbox 717 2557 1093 2607; x_wconf 89' lang='lat' dir='ltr'><strong>cucurrerunt.</strong></span> <span class='ocrx_word' id='word_1_149' title='bbox 1109 2549 1168 2605; x_wconf 88' lang='lat' dir='ltr'><strong>In</strong></span> <span class='ocrx_word' id='word_1_150' title='bbox 1191 2550 1305 2619; x_wconf 88' lang='lat' dir='ltr'><strong>ipsa</strong></span> <span class='ocrx_word' id='word_1_151' title='bbox 1326 2564 1458 2604; x_wconf 90' lang='lat' dir='ltr'><strong>vero</strong></span> <span class='ocrx_word' id='word_1_152' title='bbox 1485 2550 1631 2620; x_wconf 89' lang='lat' dir='ltr'><strong>regia</strong></span> <span class='ocrx_word' id='word_1_153' title='bbox 1659 2550 1808 2619; x_wconf 85' lang='lat' dir='ltr'><strong>juxta</strong></span> <span class='ocrx_word' id='word_1_154' title='bbox 1837 2562 1997 2619; x_wconf 87' lang='lat' dir='ltr'><strong>quas-</strong></span> 
     </span>
    </p>
   </div>
   <div class='ocr_carea' id='block_1_26' title="bbox 384 2638 1999 2713">
    <p class='ocr_par' dir='ltr' id='par_1_26' title="bbox 384 2638 1999 2713">
     <span class='ocr_line' id='line_1_26' title="bbox 384 2638 1999 2713; baseline -0.002 -16"><span class='ocrx_word' id='word_1_155' title='bbox 384 2641 515 2697; x_wconf 86' lang='lat' dir='ltr'><strong>dam</strong></span> <span class='ocrx_word' id='word_1_156' title='bbox 542 2641 738 2710; x_wconf 87' lang='lat' dir='ltr'><strong>januas</strong></span> <span class='ocrx_word' id='word_1_157' title='bbox 780 2642 834 2696; x_wconf 90' lang='lat' dir='ltr'><strong>in</strong></span> <span class='ocrx_word' id='word_1_158' title='bbox 856 2641 1179 2713; x_wconf 86' lang='lat' dir='ltr'><strong>imaginibus</strong></span> <span class='ocrx_word' id='word_1_159' title='bbox 1227 2640 1296 2696; x_wconf 88' lang='lat' dir='ltr'><strong>ad</strong></span> <span class='ocrx_word' id='word_1_160' title='bbox 1341 2642 1515 2712; x_wconf 90' lang='lat' dir='ltr'><strong>ipsum</strong></span> <span class='ocrx_word' id='word_1_161' title='bbox 1546 2640 1800 2698; x_wconf 83' lang='lat' dir='ltr'><strong>vestibuli</strong></span> <span class='ocrx_word' id='word_1_162' title='bbox 1846 2638 1999 2694; x_wconf 89' lang='lat' dir='ltr'><strong>fasti-</strong></span> 
     </span>
    </p>
   </div>
   <div class='ocr_carea' id='block_1_27' title="bbox 383 2731 1998 2805">
    <p class='ocr_par' dir='ltr' id='par_1_27' title="bbox 383 2731 1998 2805">
     <span class='ocr_line' id='line_1_27' title="bbox 383 2731 1998 2805; baseline -0.001 -16"><span class='ocrx_word' id='word_1_163' title='bbox 383 2736 535 2805; x_wconf 86' lang='lat' dir='ltr'><strong>gium</strong></span> <span class='ocrx_word' id='word_1_164' title='bbox 560 2733 748 2805; x_wconf 88' lang='lat' dir='ltr'><strong>positis</strong></span> <span class='ocrx_word' id='word_1_165' title='bbox 774 2733 1017 2804; x_wconf 88' lang='lat' dir='ltr'><strong>depictus</strong></span> <span class='ocrx_word' id='word_1_166' title='bbox 1033 2741 1119 2789; x_wconf 87' lang='lat' dir='ltr'><strong>est</strong></span> <span class='ocrx_word' id='word_1_167' title='bbox 1139 2741 1290 2788; x_wconf 90' lang='lat' dir='ltr'><strong>stans</strong></span> <span class='ocrx_word' id='word_1_168' title='bbox 1309 2775 1326 2802; x_wconf 91' lang='lat'><strong>,</strong></span> <span class='ocrx_word' id='word_1_169' title='bbox 1356 2732 1550 2789; x_wconf 76' lang='lat' dir='ltr'><strong>deﬁxis</strong></span> <span class='ocrx_word' id='word_1_170' title='bbox 1573 2733 1789 2804; x_wconf 82' lang='lat' dir='ltr'><strong>quidem</strong></span> <span class='ocrx_word' id='word_1_171' title='bbox 1819 2731 1871 2787; x_wconf 94' lang='lat' dir='ltr'><strong>in</strong></span> <span class='ocrx_word' id='word_1_172' title='bbox 1894 2745 1998 2788; x_wconf 48' lang='lat' dir='ltr'><strong>cm.</strong></span> 
     </span>
    </p>
   </div>
   <div class='ocr_carea' id='block_1_28' title="bbox 383 2825 1995 2898">
    <p class='ocr_par' dir='ltr' id='par_1_28' title="bbox 383 2825 1995 2898">
     <span class='ocr_line' id='line_1_28' title="bbox 383 2825 1995 2898; baseline -0.001 -16"><span class='ocrx_word' id='word_1_173' title='bbox 383 2826 501 2882; x_wconf 87' lang='lat' dir='ltr'><strong>lum</strong></span> <span class='ocrx_word' id='word_1_174' title='bbox 551 2826 763 2898; x_wconf 88' lang='lat' dir='ltr'><strong>oculis,</strong></span> <span class='ocrx_word' id='word_1_175' title='bbox 814 2825 1065 2883; x_wconf 89' lang='lat' dir='ltr'><strong>manibus</strong></span> <span class='ocrx_word' id='word_1_176' title='bbox 1112 2836 1294 2882; x_wconf 90' lang='lat' dir='ltr'><strong>autem</strong></span> <span class='ocrx_word' id='word_1_177' title='bbox 1342 2826 1598 2897; x_wconf 80' lang='lat' dir='ltr'><strong>expansis</strong></span> <span class='ocrx_word' id='word_1_178' title='bbox 1637 2825 1910 2898; x_wconf 84' lang='lat' dir='ltr'><strong>precantis</strong></span> <span class='ocrx_word' id='word_1_179' title='bbox 1942 2825 1995 2881; x_wconf 93' lang='lat' dir='ltr'><strong>in</strong></span> 
     </span>
    </p>
   </div>
   <div class='ocr_carea' id='block_1_29' title="bbox 383 2920 636 2976">
    <p class='ocr_par' dir='ltr' id='par_1_29' title="bbox 383 2920 636 2976">
     <span class='ocr_line' id='line_1_29' title="bbox 383 2920 636 2976; baseline -0.004 0"><span class='ocrx_word' id='word_1_180' title='bbox 383 2920 636 2976; x_wconf 87' lang='lat' dir='ltr'><strong>modum.</strong></span> 
     </span>
    </p>
   </div>
   <div class='ocr_carea' id='block_1_30' title="bbox 987 3010 1400 3069">
    <p class='ocr_par' dir='ltr' id='par_1_30' title="bbox 987 3010 1400 3069">
     <span class='ocr_line' id='line_1_30' title="bbox 987 3010 1400 3069; baseline -0.002 -2"><span class='ocrx_word' id='word_1_181' title='bbox 987 3010 1217 3069; x_wconf 82' lang='lat' dir='ltr'><strong>CAPUT</strong></span> <span class='ocrx_word' id='word_1_182' title='bbox 1259 3010 1400 3069; x_wconf 74' lang='lat' dir='ltr'><strong>XVI.</strong></span> 
     </span>
    </p>
   </div>
   <div class='ocr_carea' id='block_1_31' title="bbox 387 3123 2001 3198">
    <p class='ocr_par' dir='ltr' id='par_1_31' title="bbox 387 3123 2001 3198">
     <span class='ocr_line' id='line_1_31' title="bbox 387 3123 2001 3198; baseline 0.001 -19"><span class='ocrx_word' id='word_1_183' title='bbox 387 3125 548 3195; x_wconf 82' lang='lat' dir='ltr'><strong>Quod</strong></span> <span class='ocrx_word' id='word_1_184' title='bbox 569 3124 820 3197; x_wconf 80' lang='lat' dir='ltr'><strong>imagines</strong></span> <span class='ocrx_word' id='word_1_185' title='bbox 866 3140 989 3180; x_wconf 81' lang='lat' dir='ltr'><strong>suas</strong></span> <span class='ocrx_word' id='word_1_186' title='bbox 1012 3124 1065 3179; x_wconf 91' lang='lat' dir='ltr'><strong>in</strong></span> <span class='ocrx_word' id='word_1_187' title='bbox 1096 3125 1295 3197; x_wconf 84' lang='lat' dir='ltr'><strong>templis</strong></span> <span class='ocrx_word' id='word_1_188' title='bbox 1324 3124 1587 3180; x_wconf 81' lang='lat' dir='ltr'><strong>idolorum</strong></span> <span class='ocrx_word' id='word_1_189' title='bbox 1606 3123 1731 3198; x_wconf 89' lang='lat' dir='ltr'><strong>poni</strong></span> <span class='ocrx_word' id='word_1_190' title='bbox 1759 3125 1867 3198; x_wconf 86' lang='lat' dir='ltr'><strong>lege</strong></span> <span class='ocrx_word' id='word_1_191' title='bbox 1891 3126 2001 3182; x_wconf 89' lang='lat' dir='ltr'><strong>lata</strong></span> 
     </span>
    </p>
   </div>
   <div class='ocr_carea' id='block_1_32' title="bbox 1050 3216 1332 3288">
    <p class='ocr_par' dir='ltr' id='par_1_32' title="bbox 1050 3216 1332 3288">
     <span class='ocr_line' id='line_1_32' title="bbox 1050 3216 1332 3288; baseline 0.004 -18"><span class='ocrx_word' id='word_1_192' title='bbox 1050 3216 1332 3288; x_wconf 79' lang='lat' dir='ltr'><strong>prohibuit.</strong></span> 
     </span>
    </p>
   </div>
   <div class='ocr_carea' id='block_1_33' title="bbox 459 3330 1996 3402">
    <p class='ocr_par' dir='ltr' id='par_1_33' title="bbox 459 3330 1996 3402">
     <span class='ocr_line' id='line_1_33' title="bbox 459 3330 1996 3402; baseline 0.002 -14"><span class='ocrx_word' id='word_1_193' title='bbox 459 3331 550 3388; x_wconf 90' lang='lat' dir='ltr'><strong>Sic</strong></span> <span class='ocrx_word' id='word_1_194' title='bbox 570 3331 735 3402; x_wconf 79' lang='lat' dir='ltr'><strong>igitur</strong></span> <span class='ocrx_word' id='word_1_195' title='bbox 765 3330 858 3387; x_wconf 90' lang='lat' dir='ltr'><strong>ille</strong></span> <span class='ocrx_word' id='word_1_196' title='bbox 885 3345 946 3388; x_wconf 90' lang='lat' dir='ltr'><strong>se</strong></span> <span class='ocrx_word' id='word_1_197' title='bbox 972 3330 1083 3387; x_wconf 95' lang='lat' dir='ltr'><strong>Deo</strong></span> <span class='ocrx_word' id='word_1_198' title='bbox 1110 3332 1502 3402; x_wconf 88' lang='lat' dir='ltr'><strong>supplicantem</strong></span> <span class='ocrx_word' id='word_1_199' title='bbox 1524 3330 1687 3388; x_wconf 87' lang='lat' dir='ltr'><strong>etiam</strong></span> <span class='ocrx_word' id='word_1_200' title='bbox 1716 3332 1767 3387; x_wconf 90' lang='lat' dir='ltr'><strong>in</strong></span> <span class='ocrx_word' id='word_1_201' title='bbox 1801 3334 1996 3391; x_wconf 87' lang='lat' dir='ltr'><strong>tabulis</strong></span> 
     </span>
    </p>
   </div>
   <div class='ocr_carea' id='block_1_34' title="bbox 384 3421 1995 3497">
    <p class='ocr_par' dir='ltr' id='par_1_34' title="bbox 384 3421 1995 3497">
     <span class='ocr_line' id='line_1_34' title="bbox 384 3421 1995 3497; baseline 0.002 -19"><span class='ocrx_word' id='word_1_202' title='bbox 384 3422 550 3494; x_wconf 90' lang='lat' dir='ltr'><strong>pictis</strong></span> <span class='ocrx_word' id='word_1_203' title='bbox 574 3422 847 3479; x_wconf 78' lang='lat' dir='ltr'><strong>exhibuit.</strong></span> <span class='ocrx_word' id='word_1_204' title='bbox 898 3421 1037 3491; x_wconf 89' lang='lat' dir='ltr'><strong>Quin</strong></span> <span class='ocrx_word' id='word_1_205' title='bbox 1066 3423 1229 3483; x_wconf 89' lang='lat' dir='ltr'><strong>etiam</strong></span> <span class='ocrx_word' id='word_1_206' title='bbox 1258 3423 1376 3494; x_wconf 87' lang='lat' dir='ltr'><strong>lege</strong></span> <span class='ocrx_word' id='word_1_207' title='bbox 1403 3423 1508 3479; x_wconf 85' lang='lat' dir='ltr'><strong>lata</strong></span> <span class='ocrx_word' id='word_1_208' title='bbox 1538 3424 1709 3479; x_wconf 82' lang='lat' dir='ltr'><strong>vetuit</strong></span> <span class='ocrx_word' id='word_1_209' title='bbox 1734 3425 1995 3497; x_wconf 84' lang='lat' dir='ltr'><strong>imagines</strong></span> 
     </span>
    </p>
   </div>
   <div class='ocr_carea' id='block_1_35' title="bbox 379 3514 1995 3586">
    <p class='ocr_par' dir='ltr' id='par_1_35' title="bbox 379 3514 1995 3586">
     <span class='ocr_line' id='line_1_35' title="bbox 379 3514 1995 3586; baseline 0.002 -15"><span class='ocrx_word' id='word_1_210' title='bbox 379 3530 515 3571; x_wconf 83' lang='lat' dir='ltr'><strong>snas</strong></span> <span class='ocrx_word' id='word_1_211' title='bbox 541 3516 597 3571; x_wconf 91' lang='lat' dir='ltr'><strong>in</strong></span> <span class='ocrx_word' id='word_1_212' title='bbox 628 3515 898 3572; x_wconf 90' lang='lat' dir='ltr'><strong>idolorum</strong></span> <span class='ocrx_word' id='word_1_213' title='bbox 950 3515 1166 3586; x_wconf 86' lang='lat' dir='ltr'><strong>templis</strong></span> <span class='ocrx_word' id='word_1_214' title='bbox 1213 3514 1490 3582; x_wconf 87' lang='lat' dir='ltr'><strong>dedicari,</strong></span> <span class='ocrx_word' id='word_1_215' title='bbox 1534 3532 1601 3572; x_wconf 91' lang='lat' dir='ltr'><strong>ne</strong></span> <span class='ocrx_word' id='word_1_216' title='bbox 1646 3516 1782 3573; x_wconf 78' lang='lat' dir='ltr'><strong>forte</strong></span> <span class='ocrx_word' id='word_1_217' title='bbox 1807 3532 1995 3575; x_wconf 89' lang='lat' dir='ltr'><strong>errore</strong></span> 
     </span>
    </p>
   </div>
   <div class='ocr_carea' id='block_1_36' title="bbox 378 3607 1989 3685">
    <p class='ocr_par' dir='ltr' id='par_1_36' title="bbox 378 3607 1989 3685">
     <span class='ocr_line' id='line_1_36' title="bbox 378 3607 1989 3685; baseline 0.004 -22"><span class='ocrx_word' id='word_1_218' title='bbox 378 3609 569 3664; x_wconf 63' lang='lat' dir='ltr'><strong>vetitae</strong></span> <span class='ocrx_word' id='word_1_219' title='bbox 593 3607 997 3680; x_wconf 85' lang='lat' dir='ltr'><strong>superstitionis</strong></span> <span class='ocrx_word' id='word_1_220' title='bbox 1026 3610 1112 3665; x_wconf 91' lang='lat' dir='ltr'><strong>vel</strong></span> <span class='ocrx_word' id='word_1_221' title='bbox 1152 3610 1299 3666; x_wconf 82' lang='lat' dir='ltr'><strong>inani</strong></span> <span class='ocrx_word' id='word_1_222' title='bbox 1329 3612 1515 3682; x_wconf 89' lang='lat' dir='ltr'><strong>specie</strong></span> <span class='ocrx_word' id='word_1_223' title='bbox 1563 3620 1717 3668; x_wconf 91' lang='lat' dir='ltr'><strong>tenus</strong></span> <span class='ocrx_word' id='word_1_224' title='bbox 1746 3613 1989 3685; x_wconf 88' lang='lat' dir='ltr'><strong>inquina-</strong></span> 
     </span>
    </p>
   </div>
   <div class='ocr_carea' id='block_1_37' title="bbox 377 3710 560 3758">
    <p class='ocr_par' dir='ltr' id='par_1_37' title="bbox 377 3710 560 3758">
     <span class='ocr_line' id='line_1_37' title="bbox 377 3710 560 3758; baseline -0.016 0"><span class='ocrx_word' id='word_1_225' title='bbox 377 3710 560 3758; x_wconf 85' lang='lat' dir='ltr'><strong>retur.</strong></span> 
     </span>
    </p>
   </div>
   <div class='ocr_carea' id='block_1_38' title="bbox 983 3793 1415 3851">
    <p class='ocr_par' dir='ltr' id='par_1_38' title="bbox 983 3793 1415 3851">
     <span class='ocr_line' id='line_1_38' title="bbox 983 3793 1415 3851; baseline 0.002 -1"><span class='ocrx_word' id='word_1_226' title='bbox 983 3793 1212 3851; x_wconf 85' lang='lat' dir='ltr'><strong>CAPUT</strong></span> <span class='ocrx_word' id='word_1_227' title='bbox 1250 3794 1415 3851; x_wconf 77' lang='lat' dir='ltr'><strong>XVII.</strong></span> 
     </span>
    </p>
   </div>
   <div class='ocr_carea' id='block_1_39' title="bbox 557 3907 1828 3981">
    <p class='ocr_par' dir='ltr' id='par_1_39' title="bbox 557 3907 1828 3981">
     <span class='ocr_line' id='line_1_39' title="bbox 557 3907 1828 3981; baseline 0.004 -17"><span class='ocrx_word' id='word_1_228' title='bbox 557 3907 887 3966; x_wconf 78' lang='lat' dir='ltr'><strong>Precationes</strong></span> <span class='ocrx_word' id='word_1_229' title='bbox 906 3909 961 3965; x_wconf 90' lang='lat' dir='ltr'><strong>in</strong></span> <span class='ocrx_word' id='word_1_230' title='bbox 989 3909 1206 3981; x_wconf 85' lang='lat' dir='ltr'><strong>palatio,</strong></span> <span class='ocrx_word' id='word_1_231' title='bbox 1230 3920 1278 3965; x_wconf 88' lang='lat' dir='ltr'><strong>et</strong></span> <span class='ocrx_word' id='word_1_232' title='bbox 1305 3912 1535 3967; x_wconf 87' lang='lat' dir='ltr'><strong>recitatio</strong></span> <span class='ocrx_word' id='word_1_233' title='bbox 1563 3929 1828 3970; x_wconf 84' lang='lat' dir='ltr'><strong>sacrarum</strong></span> 
     </span>
    </p>
   </div>
   <div class='ocr_carea' id='block_1_40' title="bbox 984 4002 1394 4075">
    <p class='ocr_par' dir='ltr' id='par_1_40' title="bbox 984 4002 1394 4075">
     <span class='ocr_line' id='line_1_40' title="bbox 984 4002 1394 4075; baseline -0.002 -16"><span class='ocrx_word' id='word_1_234' title='bbox 984 4002 1394 4075; x_wconf 81' lang='lat' dir='ltr'><strong>Scripturarttm.</strong></span> 
     </span>
    </p>
   </div>
   <div class='ocr_carea' id='block_1_41' title="bbox 465 4117 1992 4191">
    <p class='ocr_par' dir='ltr' id='par_1_41' title="bbox 465 4117 1992 4191">
     <span class='ocr_line' id='line_1_41' title="bbox 465 4117 1992 4191; baseline 0.001 -17"><span class='ocrx_word' id='word_1_235' title='bbox 465 4117 664 4174; x_wconf 75' lang='lat' dir='ltr'><strong>Verum</strong></span> <span class='ocrx_word' id='word_1_236' title='bbox 693 4117 779 4175; x_wconf 91' lang='lat' dir='ltr'><strong>his</strong></span> <span class='ocrx_word' id='word_1_237' title='bbox 802 4117 963 4191; x_wconf 87' lang='lat' dir='ltr'><strong>longe</strong></span> <span class='ocrx_word' id='word_1_238' title='bbox 1002 4118 1308 4190; x_wconf 88' lang='lat' dir='ltr'><strong>augustiora</strong></span> <span class='ocrx_word' id='word_1_239' title='bbox 1352 4118 1639 4191; x_wconf 90' lang='lat' dir='ltr'><strong>perspiciet</strong></span> <span class='ocrx_word' id='word_1_240' title='bbox 1668 4119 1992 4191; x_wconf 86' lang='lat' dir='ltr'><strong>quicumque</strong></span> 
     </span>
    </p>
   </div>
   <div class='ocr_carea' id='block_1_42' title="bbox 384 4210 1991 4283">
    <p class='ocr_par' dir='ltr' id='par_1_42' title="bbox 384 4210 1991 4283">
     <span class='ocr_line' id='line_1_42' title="bbox 384 4210 1991 4283; baseline 0 -16"><span class='ocrx_word' id='word_1_241' title='bbox 384 4210 672 4269; x_wconf 83' lang='lat' dir='ltr'><strong>attendere</strong></span> <span class='ocrx_word' id='word_1_242' title='bbox 706 4212 940 4268; x_wconf 89' lang='lat' dir='ltr'><strong>voluerit</strong></span> <span class='ocrx_word' id='word_1_243' title='bbox 998 4210 1231 4282; x_wconf 90' lang='lat' dir='ltr'><strong>qualiter</strong></span> <span class='ocrx_word' id='word_1_244' title='bbox 1253 4210 1346 4267; x_wconf 90' lang='lat' dir='ltr'><strong>ille</strong></span> <span class='ocrx_word' id='word_1_245' title='bbox 1371 4212 1425 4267; x_wconf 93' lang='lat' dir='ltr'><strong>in</strong></span> <span class='ocrx_word' id='word_1_246' title='bbox 1474 4212 1676 4281; x_wconf 89' lang='lat' dir='ltr'><strong>palatio</strong></span> <span class='ocrx_word' id='word_1_247' title='bbox 1703 4212 1991 4283; x_wconf 89' lang='lat' dir='ltr'><strong>quamdam</strong></span> 
     </span>
    </p>
   </div>
   <div class='ocr_carea' id='block_1_43' title="bbox 378 4303 1991 4376">
    <p class='ocr_par' dir='ltr' id='par_1_43' title="bbox 378 4303 1991 4376">
     <span class='ocr_line' id='line_1_43' title="bbox 378 4303 1991 4376; baseline -0.001 -15"><span class='ocrx_word' id='word_1_248' title='bbox 378 4306 538 4361; x_wconf 87' lang='lat' dir='ltr'><strong>velut</strong></span> <span class='ocrx_word' id='word_1_249' title='bbox 562 4305 847 4362; x_wconf 89' lang='lat' dir='ltr'><strong>ecclesiam</strong></span> <span class='ocrx_word' id='word_1_250' title='bbox 874 4304 969 4361; x_wconf 88' lang='lat' dir='ltr'><strong>Dei</strong></span> <span class='ocrx_word' id='word_1_251' title='bbox 989 4304 1286 4361; x_wconf 87' lang='lat' dir='ltr'><strong>constituit.</strong></span> <span class='ocrx_word' id='word_1_252' title='bbox 1341 4303 1421 4360; x_wconf 88' lang='lat' dir='ltr'><strong>Ae</strong></span> <span class='ocrx_word' id='word_1_253' title='bbox 1448 4304 1724 4375; x_wconf 80' lang='lat' dir='ltr'><strong>diligentia</strong></span> <span class='ocrx_word' id='word_1_254' title='bbox 1775 4304 1991 4376; x_wconf 90' lang='lat' dir='ltr'><strong>quidem</strong></span> 
     </span>
    </p>
   </div>
   <div class='ocr_carea' id='block_1_44' title="bbox 380 4397 1991 4469">
    <p class='ocr_par' dir='ltr' id='par_1_44' title="bbox 380 4397 1991 4469">
     <span class='ocr_line' id='line_1_44' title="bbox 380 4397 1991 4469; baseline 0 -15"><span class='ocrx_word' id='word_1_255' title='bbox 380 4409 440 4455; x_wconf 83' lang='lat' dir='ltr'><strong>et</strong></span> <span class='ocrx_word' id='word_1_256' title='bbox 466 4398 750 4454; x_wconf 84' lang='lat' dir='ltr'><strong>alacritate</strong></span> <span class='ocrx_word' id='word_1_257' title='bbox 799 4397 1030 4469; x_wconf 66' lang='lat' dir='ltr'><strong>praeibat</strong></span> <span class='ocrx_word' id='word_1_258' title='bbox 1068 4399 1274 4453; x_wconf 89' lang='lat' dir='ltr'><strong>cunctis</strong></span> <span class='ocrx_word' id='word_1_259' title='bbox 1325 4397 1418 4468; x_wconf 89' lang='lat' dir='ltr'><strong>qui</strong></span> <span class='ocrx_word' id='word_1_260' title='bbox 1444 4397 1496 4453; x_wconf 92' lang='lat' dir='ltr'><strong>in</strong></span> <span class='ocrx_word' id='word_1_261' title='bbox 1529 4398 1813 4455; x_wconf 87' lang='lat' dir='ltr'><strong>ecclesiam</strong></span> <span class='ocrx_word' id='word_1_262' title='bbox 1844 4399 1991 4454; x_wconf 89' lang='lat' dir='ltr'><strong>illam</strong></span> 
     </span>
    </p>
   </div>
   <div class='ocr_carea' id='block_1_45' title="bbox 382 4490 1993 4560">
    <p class='ocr_par' dir='ltr' id='par_1_45' title="bbox 382 4490 1993 4560">
     <span class='ocr_line' id='line_1_45' title="bbox 382 4490 1993 4560; baseline 0.001 -13"><span class='ocrx_word' id='word_1_263' title='bbox 382 4499 549 4548; x_wconf 88' lang='lat' dir='ltr'><strong>erant</strong></span> <span class='ocrx_word' id='word_1_264' title='bbox 597 4490 854 4560; x_wconf 88' lang='lat' dir='ltr'><strong>adscripti</strong></span> <span class='ocrx_word' id='word_1_265' title='bbox 885 4509 899 4544; x_wconf 89' lang='lat'><strong>:</strong></span> <span class='ocrx_word' id='word_1_266' title='bbox 928 4498 984 4546; x_wconf 90' lang='lat' dir='ltr'><strong>et</strong></span> <span class='ocrx_word' id='word_1_267' title='bbox 1022 4503 1209 4546; x_wconf 88' lang='lat' dir='ltr'><strong>saeros</strong></span> <span class='ocrx_word' id='word_1_268' title='bbox 1244 4490 1461 4548; x_wconf 89' lang='lat' dir='ltr'><strong>codices</strong></span> <span class='ocrx_word' id='word_1_269' title='bbox 1483 4491 1534 4546; x_wconf 91' lang='lat' dir='ltr'><strong>in</strong></span> <span class='ocrx_word' id='word_1_270' title='bbox 1560 4506 1752 4547; x_wconf 89' lang='lat' dir='ltr'><strong>manus</strong></span> <span class='ocrx_word' id='word_1_271' title='bbox 1772 4506 1993 4549; x_wconf 89' lang='lat' dir='ltr'><strong>sumens</strong></span> 
     </span>
    </p>
   </div>
   <div class='ocr_carea' id='block_1_46' title="bbox 383 4583 1994 4657">
    <p class='ocr_par' dir='ltr' id='par_1_46' title="bbox 383 4583 1994 4657">
     <span class='ocr_line' id='line_1_46' title="bbox 383 4583 1994 4657; baseline 0.002 -17"><span class='ocrx_word' id='word_1_272' title='bbox 383 4585 608 4642; x_wconf 83' lang='lat' dir='ltr'><strong>oracula</strong></span> <span class='ocrx_word' id='word_1_273' title='bbox 630 4600 659 4637; x_wconf 92' lang='lat' dir='ltr'><strong>a</strong></span> <span class='ocrx_word' id='word_1_274' title='bbox 691 4585 803 4641; x_wconf 90' lang='lat' dir='ltr'><strong>Deo</strong></span> <span class='ocrx_word' id='word_1_275' title='bbox 817 4583 962 4640; x_wconf 88' lang='lat' dir='ltr'><strong>edita</strong></span> <span class='ocrx_word' id='word_1_276' title='bbox 989 4593 1198 4641; x_wconf 90' lang='lat' dir='ltr'><strong>attento</strong></span> <span class='ocrx_word' id='word_1_277' title='bbox 1224 4585 1408 4641; x_wconf 87' lang='lat' dir='ltr'><strong>animo</strong></span> <span class='ocrx_word' id='word_1_278' title='bbox 1434 4585 1994 4657; x_wconf 77' lang='lat' dir='ltr'><strong>meditabatur._l’ost-</strong></span> 
     </span>
    </p>
   </div>
   <div class='ocr_carea' id='block_1_47' title="bbox 385 4676 1994 4749">
    <p class='ocr_par' dir='ltr' id='par_1_47' title="bbox 385 4676 1994 4749">
     <span class='ocr_line' id='line_1_47' title="bbox 385 4676 1994 4749; baseline 0.003 -18"><span class='ocrx_word' id='word_1_279' title='bbox 385 4676 494 4731; x_wconf 84' lang='lat' dir='ltr'><strong>hac</strong></span> <span class='ocrx_word' id='word_1_280' title='bbox 523 4676 796 4733; x_wconf 90' lang='lat' dir='ltr'><strong>solemnes</strong></span> <span class='ocrx_word' id='word_1_281' title='bbox 838 4692 1028 4749; x_wconf 87' lang='lat' dir='ltr'><strong>preces</strong></span> <span class='ocrx_word' id='word_1_282' title='bbox 1057 4691 1181 4734; x_wconf 91' lang='lat' dir='ltr'><strong>eum</strong></span> <span class='ocrx_word' id='word_1_283' title='bbox 1233 4679 1488 4736; x_wconf 88' lang='lat' dir='ltr'><strong>universo</strong></span> <span class='ocrx_word' id='word_1_284' title='bbox 1516 4681 1817 4736; x_wconf 89' lang='lat' dir='ltr'><strong>aulicorum</strong></span> <span class='ocrx_word' id='word_1_285' title='bbox 1848 4690 1994 4737; x_wconf 90' lang='lat' dir='ltr'><strong>coetu</strong></span> 
     </span>
    </p>
   </div>
   <div class='ocr_carea' id='block_1_48' title="bbox 384 4770 672 4828">
    <p class='ocr_par' dir='ltr' id='par_1_48' title="bbox 384 4770 672 4828">
     <span class='ocr_line' id='line_1_48' title="bbox 384 4770 672 4828; baseline 0.007 -3"><span class='ocrx_word' id='word_1_286' title='bbox 384 4770 672 4828; x_wconf 82' lang='lat' dir='ltr'><strong>recitabat.</strong></span> 
     </span>
    </p>
   </div>
   <div class='ocr_carea' id='block_1_49' title="bbox 961 4863 1415 4922">
    <p class='ocr_par' dir='ltr' id='par_1_49' title="bbox 961 4863 1415 4922">
     <span class='ocr_line' id='line_1_49' title="bbox 961 4863 1415 4922; baseline 0.002 -2"><span class='ocrx_word' id='word_1_287' title='bbox 961 4863 1190 4922; x_wconf 81' lang='lat' dir='ltr'><strong>CAPUT</strong></span> <span class='ocrx_word' id='word_1_288' title='bbox 1227 4863 1415 4921; x_wconf 77' lang='lat' dir='ltr'><strong>XVIII.</strong></span> 
     </span>
    </p>
   </div>
   <div class='ocr_carea' id='block_1_50' title="bbox 394 4972 1995 5051">
    <p class='ocr_par' dir='ltr' id='par_1_50' title="bbox 394 4972 1995 5051">
     <span class='ocr_line' id='line_1_50' title="bbox 394 4972 1995 5051; baseline 0.005 -24"><span class='ocrx_word' id='word_1_289' title='bbox 394 4972 545 5029; x_wconf 85' lang='lat' dir='ltr'><strong>Diem</strong></span> <span class='ocrx_word' id='word_1_290' title='bbox 565 4973 894 5030; x_wconf 89' lang='lat' dir='ltr'><strong>Dominicum</strong></span> <span class='ocrx_word' id='word_1_291' title='bbox 928 4986 976 5032; x_wconf 92' lang='lat' dir='ltr'><strong>et</strong></span> <span class='ocrx_word' id='word_1_292' title='bbox 1019 4987 1211 5032; x_wconf 74' lang='lat' dir='ltr'><strong>sextam</strong></span> <span class='ocrx_word' id='word_1_293' title='bbox 1234 4979 1421 5050; x_wconf 83' lang='lat' dir='ltr'><strong>feriant</strong></span> <span class='ocrx_word' id='word_1_294' title='bbox 1449 4977 1696 5034; x_wconf 83' lang='lat' dir='ltr'><strong>honorari</strong></span> <span class='ocrx_word' id='word_1_295' title='bbox 1736 4979 1995 5051; x_wconf 61' lang='lat' dir='ltr'><strong>praecipit.</strong></span> 
     </span>
    </p>
   </div>
   <div class='ocr_carea' id='block_1_51' title="bbox 465 5089 1997 5164">
    <p class='ocr_par' dir='ltr' id='par_1_51' title="bbox 465 5089 1997 5164">
     <span class='ocr_line' id='line_1_51' title="bbox 465 5089 1997 5164; baseline 0.004 -20"><span class='ocrx_word' id='word_1_296' title='bbox 465 5089 617 5145; x_wconf 91' lang='lat' dir='ltr'><strong>Diem</strong></span> <span class='ocrx_word' id='word_1_297' title='bbox 646 5106 774 5147; x_wconf 88' lang='lat' dir='ltr'><strong>vero</strong></span> <span class='ocrx_word' id='word_1_298' title='bbox 807 5092 1207 5161; x_wconf 90' lang='lat' dir='ltr'><strong>precationibus</strong></span> <span class='ocrx_word' id='word_1_299' title='bbox 1251 5108 1549 5164; x_wconf 89' lang='lat' dir='ltr'><strong>congruum</strong></span> <span class='ocrx_word' id='word_1_300' title='bbox 1579 5093 1764 5149; x_wconf 90' lang='lat' dir='ltr'><strong>haberi</strong></span> <span class='ocrx_word' id='word_1_301' title='bbox 1796 5094 1997 5151; x_wconf 91' lang='lat' dir='ltr'><strong>consti-</strong></span> 
     </span>
    </p>
   </div>
   <div class='ocr_carea' id='block_1_52' title="bbox 396 5183 1996 5258">
    <p class='ocr_par' dir='ltr' id='par_1_52' title="bbox 396 5183 1996 5258">
     <span class='ocr_line' id='line_1_52' title="bbox 396 5183 1996 5258; baseline 0.005 -24"><span class='ocrx_word' id='word_1_302' title='bbox 396 5183 498 5236; x_wconf 90' lang='lat' dir='ltr'><strong>tuit</strong></span> <span class='ocrx_word' id='word_1_303' title='bbox 544 5197 666 5237; x_wconf 91' lang='lat' dir='ltr'><strong>eum</strong></span> <span class='ocrx_word' id='word_1_304' title='bbox 713 5183 803 5253; x_wconf 90' lang='lat' dir='ltr'><strong>qui</strong></span> <span class='ocrx_word' id='word_1_305' title='bbox 836 5185 1044 5253; x_wconf 90' lang='lat' dir='ltr'><strong>primus</strong></span> <span class='ocrx_word' id='word_1_306' title='bbox 1070 5194 1155 5240; x_wconf 70' lang='lat' dir='ltr'><strong>est</strong></span> <span class='ocrx_word' id='word_1_307' title='bbox 1180 5193 1235 5241; x_wconf 91' lang='lat' dir='ltr'><strong>et</strong></span> <span class='ocrx_word' id='word_1_308' title='bbox 1262 5194 1423 5256; x_wconf 90' lang='lat' dir='ltr'><strong>caput</strong></span> <span class='ocrx_word' id='word_1_309' title='bbox 1445 5197 1765 5243; x_wconf 61' lang='lat' dir='ltr'><strong>cancrorum</strong></span> <span class='ocrx_word' id='word_1_310' title='bbox 1788 5227 1802 5253; x_wconf 87' lang='lat'><strong>,</strong></span> <span class='ocrx_word' id='word_1_311' title='bbox 1825 5197 1879 5242; x_wconf 89' lang='lat' dir='ltr'><strong>et</strong></span> <span class='ocrx_word' id='word_1_312' title='bbox 1903 5186 1996 5258; x_wconf 92' lang='lat' dir='ltr'><strong>qui</strong></span> 
     </span>
    </p>
   </div>
   <div class='ocr_carea' id='block_1_53' title="bbox 387 5274 1995 5336">
    <p class='ocr_par' dir='ltr' id='par_1_53' title="bbox 387 5274 1995 5336">
     <span class='ocr_line' id='line_1_53' title="bbox 387 5274 1995 5336; baseline 0.003 -7"><span class='ocrx_word' id='word_1_313' title='bbox 387 5289 576 5330; x_wconf 86' lang='lat' dir='ltr'><strong>revera</strong></span> <span class='ocrx_word' id='word_1_314' title='bbox 604 5274 911 5332; x_wconf 89' lang='lat' dir='ltr'><strong>dominicus</strong></span> <span class='ocrx_word' id='word_1_315' title='bbox 931 5286 1017 5333; x_wconf 86' lang='lat' dir='ltr'><strong>est</strong></span> <span class='ocrx_word' id='word_1_316' title='bbox 1040 5292 1104 5333; x_wconf 93' lang='lat' dir='ltr'><strong>ac</strong></span> <span class='ocrx_word' id='word_1_317' title='bbox 1132 5278 1406 5333; x_wconf 77' lang='lat' dir='ltr'><strong>salutaris.</strong></span> <span class='ocrx_word' id='word_1_318' title='bbox 1441 5278 1710 5336; x_wconf 57' lang='lat' dir='ltr'><strong>Praeterea</strong></span> <span class='ocrx_word' id='word_1_319' title='bbox 1739 5280 1995 5335; x_wconf 87' lang='lat' dir='ltr'><strong>diaconos</strong></span> 
     </span>
    </p>
   </div>
   <div class='ocr_carea' id='block_1_54' title="bbox 384 5368 1991 5444">
    <p class='ocr_par' dir='ltr' id='par_1_54' title="bbox 384 5368 1991 5444">
     <span class='ocr_line' id='line_1_54' title="bbox 384 5368 1991 5444; baseline 0.004 -21"><span class='ocrx_word' id='word_1_320' title='bbox 384 5377 442 5423; x_wconf 90' lang='lat' dir='ltr'><strong>et</strong></span> <span class='ocrx_word' id='word_1_321' title='bbox 479 5368 592 5425; x_wconf 88' lang='lat' dir='ltr'><strong>Deo</strong></span> <span class='ocrx_word' id='word_1_322' title='bbox 644 5381 993 5426; x_wconf 87' lang='lat' dir='ltr'><strong>consecratos</strong></span> <span class='ocrx_word' id='word_1_323' title='bbox 1038 5371 1347 5437; x_wconf 87' lang='lat' dir='ltr'><strong>ministros,</strong></span> <span class='ocrx_word' id='word_1_324' title='bbox 1379 5372 1469 5443; x_wconf 91' lang='lat' dir='ltr'><strong>qui</strong></span> <span class='ocrx_word' id='word_1_325' title='bbox 1500 5374 1625 5429; x_wconf 65' lang='lat' dir='ltr'><strong>vitae</strong></span> <span class='ocrx_word' id='word_1_326' title='bbox 1654 5375 1915 5444; x_wconf 84' lang='lat' dir='ltr'><strong>gravitate</strong></span> <span class='ocrx_word' id='word_1_327' title='bbox 1934 5381 1991 5429; x_wconf 86' lang='lat' dir='ltr'><strong>et</strong></span> 
     </span>
    </p>
   </div>
   <div class='ocr_carea' id='block_1_55' title="bbox 383 5461 1991 5534">
    <p class='ocr_par' dir='ltr' id='par_1_55' title="bbox 383 5461 1991 5534">
     <span class='ocr_line' id='line_1_55' title="bbox 383 5461 1991 5534; baseline 0.002 -16"><span class='ocrx_word' id='word_1_328' title='bbox 383 5461 613 5534; x_wconf 87' lang='lat' dir='ltr'><strong>reliquis</strong></span> <span class='ocrx_word' id='word_1_329' title='bbox 643 5464 931 5522; x_wconf 86' lang='lat' dir='ltr'><strong>virtutibus</strong></span> <span class='ocrx_word' id='word_1_330' title='bbox 954 5467 1130 5521; x_wconf 90' lang='lat' dir='ltr'><strong>ornati</strong></span> <span class='ocrx_word' id='word_1_331' title='bbox 1159 5474 1364 5533; x_wconf 86' lang='lat' dir='ltr'><strong>essent,</strong></span> <span class='ocrx_word' id='word_1_332' title='bbox 1397 5465 1564 5521; x_wconf 89' lang='lat' dir='ltr'><strong>totius</strong></span> <span class='ocrx_word' id='word_1_333' title='bbox 1587 5466 1779 5522; x_wconf 89' lang='lat' dir='ltr'><strong>domus</strong></span> <span class='ocrx_word' id='word_1_334' title='bbox 1807 5474 1991 5521; x_wconf 90' lang='lat' dir='ltr'><strong>custo-</strong></span> 
     </span>
    </p>
   </div>
   <div class='ocr_carea' id='block_1_56' title="bbox 386 5557 1989 5632">
    <p class='ocr_par' dir='ltr' id='par_1_56' title="bbox 386 5557 1989 5632">
     <span class='ocr_line' id='line_1_56' title="bbox 386 5557 1989 5632; baseline 0.001 -19"><span class='ocrx_word' id='word_1_335' title='bbox 386 5557 484 5614; x_wconf 89' lang='lat' dir='ltr'><strong>des</strong></span> <span class='ocrx_word' id='word_1_336' title='bbox 509 5558 804 5617; x_wconf 83' lang='lat' dir='ltr'><strong>ordinavit.</strong></span> <span class='ocrx_word' id='word_1_337' title='bbox 833 5560 1075 5630; x_wconf 90' lang='lat' dir='ltr'><strong>Denique</strong></span> <span class='ocrx_word' id='word_1_338' title='bbox 1106 5568 1443 5631; x_wconf 87' lang='lat' dir='ltr'><strong>protectores</strong></span> <span class='ocrx_word' id='word_1_339' title='bbox 1470 5570 1526 5614; x_wconf 88' lang='lat' dir='ltr'><strong>ct</strong></span> <span class='ocrx_word' id='word_1_340' title='bbox 1550 5560 1837 5632; x_wconf 86' lang='lat' dir='ltr'><strong>stipatores</strong></span> <span class='ocrx_word' id='word_1_341' title='bbox 1873 5559 1989 5625; x_wconf 90' lang='lat' dir='ltr'><strong>lidi,</strong></span> 
     </span>
    </p>
   </div>
   <div class='ocr_carea' id='block_1_57' title="bbox 382 5648 1988 5722">
    <p class='ocr_par' dir='ltr' id='par_1_57' title="bbox 382 5648 1988 5722">
     <span class='ocr_line' id='line_1_57' title="bbox 382 5648 1988 5722; baseline 0.001 -17"><span class='ocrx_word' id='word_1_342' title='bbox 382 5648 781 5706; x_wconf 69' lang='lat' dir='ltr'><strong>benevolentia:</strong></span> <span class='ocrx_word' id='word_1_343' title='bbox 806 5664 860 5706; x_wconf 92' lang='lat' dir='ltr'><strong>et</strong></span> <span class='ocrx_word' id='word_1_344' title='bbox 890 5651 1015 5708; x_wconf 80' lang='lat' dir='ltr'><strong>fidei</strong></span> <span class='ocrx_word' id='word_1_345' title='bbox 1058 5652 1225 5706; x_wconf 91' lang='lat' dir='ltr'><strong>armis</strong></span> <span class='ocrx_word' id='word_1_346' title='bbox 1265 5651 1550 5718; x_wconf 90' lang='lat' dir='ltr'><strong>instructi,</strong></span> <span class='ocrx_word' id='word_1_347' title='bbox 1608 5653 1988 5722; x_wconf 89' lang='lat' dir='ltr'><strong>imperatorem</strong></span> 
     </span>
    </p>
   </div>
   <div class='ocr_carea' id='block_1_58' title="bbox 383 5741 1994 5818">
    <p class='ocr_par' dir='ltr' id='par_1_58' title="bbox 383 5741 1994 5818">
     <span class='ocr_line' id='line_1_58' title="bbox 383 5741 1994 5818; baseline 0.002 -21"><span class='ocrx_word' id='word_1_348' title='bbox 383 5741 564 5814; x_wconf 88' lang='lat' dir='ltr'><strong>ipsum</strong></span> <span class='ocrx_word' id='word_1_349' title='bbox 598 5744 811 5813; x_wconf 87' lang='lat' dir='ltr'><strong>pietatis</strong></span> <span class='ocrx_word' id='word_1_350' title='bbox 840 5745 1153 5818; x_wconf 83' lang='lat' dir='ltr'><strong>magistrum</strong></span> <span class='ocrx_word' id='word_1_351' title='bbox 1188 5744 1491 5810; x_wconf 87' lang='lat' dir='ltr'><strong>habebant;</strong></span> <span class='ocrx_word' id='word_1_352' title='bbox 1520 5753 1576 5801; x_wconf 89' lang='lat' dir='ltr'><strong>et</strong></span> <span class='ocrx_word' id='word_1_353' title='bbox 1610 5745 1902 5803; x_wconf 84' lang='lat' dir='ltr'><strong>salutarem</strong></span> <span class='ocrx_word' id='word_1_354' title='bbox 1927 5759 1994 5801; x_wconf 87' lang='lat' dir='ltr'><strong>ac</strong></span> 
     </span>
    </p>
   </div>
   <div class='ocr_carea' id='block_1_59' title="bbox 381 5835 1996 5911">
    <p class='ocr_par' dir='ltr' id='par_1_59' title="bbox 381 5835 1996 5911">
     <span class='ocr_line' id='line_1_59' title="bbox 381 5835 1996 5911; baseline 0.002 -18"><span class='ocrx_word' id='word_1_355' title='bbox 381 5835 731 5893; x_wconf 90' lang='lat' dir='ltr'><strong>dominicum</strong></span> <span class='ocrx_word' id='word_1_356' title='bbox 785 5835 928 5893; x_wconf 89' lang='lat' dir='ltr'><strong>diem</strong></span> <span class='ocrx_word' id='word_1_357' title='bbox 987 5836 1214 5908; x_wconf 88' lang='lat' dir='ltr'><strong>perinde</strong></span> <span class='ocrx_word' id='word_1_358' title='bbox 1263 5837 1630 5910; x_wconf 82' lang='lat' dir='ltr'><strong>honorabant;</strong></span> <span class='ocrx_word' id='word_1_359' title='bbox 1678 5853 1852 5911; x_wconf 89' lang='lat' dir='ltr'><strong>eoque</strong></span> <span class='ocrx_word' id='word_1_360' title='bbox 1904 5837 1996 5896; x_wconf 89' lang='lat' dir='ltr'><strong>die</strong></span> 
     </span>
    </p>
   </div>
   <div class='ocr_carea' id='block_1_60' title="bbox 685 5931 1168 5995">
    <p class='ocr_par' dir='ltr' id='par_1_60' title="bbox 685 5931 1168 5995">
     <span class='ocr_line' id='line_1_60' title="bbox 685 5931 1168 5995; baseline -0.006 0"><span class='ocrx_word' id='word_1_361' title='bbox 685 5934 963 5995; x_wconf 77' lang='lat' dir='ltr'><strong>PATROL.</strong></span> <span class='ocrx_word' id='word_1_362' title='bbox 996 5931 1168 5994; x_wconf 86' lang='lat' dir='ltr'><strong>VIII.</strong></span> 
     </span>
    </p>
   </div>
   <div class='ocr_carea' id='block_1_61' title="bbox 2008 445 3737 517">
    <p class='ocr_par' dir='ltr' id='par_1_61' title="bbox 2008 445 3737 517">
     <span class='ocr_line' id='line_1_61' title="bbox 2008 445 3737 517; baseline 0.008 -19"><span class='ocrx_word' id='word_1_363' title='bbox 2008 446 2057 506; x_wconf 81' lang='grc' dir='ltr'><strong>Α</strong></span> <span class='ocrx_word' id='word_1_364' title='bbox 2090 445 2426 515; x_wconf 87' lang='lat' dir='ltr'><strong>precationes</strong></span> <span class='ocrx_word' id='word_1_365' title='bbox 2473 446 2783 517; x_wconf 85' lang='lat' dir='ltr'><strong>imperatori</strong></span> <span class='ocrx_word' id='word_1_366' title='bbox 2822 453 3004 517; x_wconf 83' lang='lat' dir='ltr'><strong>gratas</strong></span> <span class='ocrx_word' id='word_1_367' title='bbox 3044 447 3110 504; x_wconf 90' lang='lat' dir='ltr'><strong>ad</strong></span> <span class='ocrx_word' id='word_1_368' title='bbox 3143 448 3310 505; x_wconf 90' lang='lat' dir='ltr'><strong>Deum</strong></span> <span class='ocrx_word' id='word_1_369' title='bbox 3368 450 3686 512; x_wconf 88' lang='lat' dir='ltr'><strong>fundebant.</strong></span> <span class='ocrx_word' id='word_1_370' title='bbox 3734 446 3737 449; x_wconf 60' lang='grc'><em>’</em></span> 
     </span>
    </p>
   </div>
   <div class='ocr_carea' id='block_1_62' title="bbox 2093 539 3692 613">
    <p class='ocr_par' dir='ltr' id='par_1_62' title="bbox 2093 539 3692 613">
     <span class='ocr_line' id='line_1_62' title="bbox 2093 539 3692 613; baseline 0.006 -20"><span class='ocrx_word' id='word_1_371' title='bbox 2093 539 2349 613; x_wconf 78' lang='lat' dir='ltr'><strong>Reliquos</strong></span> <span class='ocrx_word' id='word_1_372' title='bbox 2376 542 2536 597; x_wconf 89' lang='lat' dir='ltr'><strong>etiam</strong></span> <span class='ocrx_word' id='word_1_373' title='bbox 2563 541 2819 596; x_wconf 86' lang='lat' dir='ltr'><strong>mortales</strong></span> <span class='ocrx_word' id='word_1_374' title='bbox 2848 541 2915 595; x_wconf 88' lang='lat' dir='ltr'><strong>ad</strong></span> <span class='ocrx_word' id='word_1_375' title='bbox 2946 542 3083 597; x_wconf 90' lang='lat' dir='ltr'><strong>idem</strong></span> <span class='ocrx_word' id='word_1_376' title='bbox 3116 543 3416 601; x_wconf 88' lang='lat' dir='ltr'><strong>faciendum</strong></span> <span class='ocrx_word' id='word_1_377' title='bbox 3448 546 3692 604; x_wconf 83' lang='lat' dir='ltr'><strong>incitavit</strong></span> 
     </span>
    </p>
   </div>
   <div class='ocr_carea' id='block_1_63' title="bbox 2089 632 3696 706">
    <p class='ocr_par' dir='ltr' id='par_1_63' title="bbox 2089 632 3696 706">
     <span class='ocr_line' id='line_1_63' title="bbox 2089 632 3696 706; baseline 0.006 -19"><span class='ocrx_word' id='word_1_378' title='bbox 2089 633 2340 703; x_wconf 88' lang='lat' dir='ltr'><strong>princeps</strong></span> <span class='ocrx_word' id='word_1_379' title='bbox 2376 632 2748 698; x_wconf 89' lang='lat' dir='ltr'><strong>beatissimus;</strong></span> <span class='ocrx_word' id='word_1_380' title='bbox 2805 641 2992 703; x_wconf 90' lang='lat' dir='ltr'><strong>utpote</strong></span> <span class='ocrx_word' id='word_1_381' title='bbox 3011 635 3099 706; x_wconf 91' lang='lat' dir='ltr'><strong>qui</strong></span> <span class='ocrx_word' id='word_1_382' title='bbox 3127 635 3179 690; x_wconf 92' lang='lat' dir='ltr'><strong>id</strong></span> <span class='ocrx_word' id='word_1_383' title='bbox 3209 638 3440 693; x_wconf 78' lang='lat' dir='ltr'><strong>maxime</strong></span> <span class='ocrx_word' id='word_1_384' title='bbox 3475 640 3527 695; x_wconf 93' lang='lat' dir='ltr'><strong>in</strong></span> <span class='ocrx_word' id='word_1_385' title='bbox 3556 642 3696 697; x_wconf 86' lang='lat' dir='ltr'><strong>votis</strong></span> 
     </span>
    </p>
   </div>
   <div class='ocr_carea' id='block_1_64' title="bbox 2089 726 3695 800">
    <p class='ocr_par' dir='ltr' id='par_1_64' title="bbox 2089 726 3695 800">
     <span class='ocr_line' id='line_1_64' title="bbox 2089 726 3695 800; baseline 0.007 -20"><span class='ocrx_word' id='word_1_386' title='bbox 2089 726 2335 793; x_wconf 83' lang='lat' dir='ltr'><strong>haberet,</strong></span> <span class='ocrx_word' id='word_1_387' title='bbox 2364 735 2424 781; x_wconf 91' lang='lat' dir='ltr'><strong>ut</strong></span> <span class='ocrx_word' id='word_1_388' title='bbox 2452 727 2740 783; x_wconf 85' lang='lat' dir='ltr'><strong>universos</strong></span> <span class='ocrx_word' id='word_1_389' title='bbox 2769 727 3017 784; x_wconf 88' lang='lat' dir='ltr'><strong>homines</strong></span> <span class='ocrx_word' id='word_1_390' title='bbox 3045 729 3299 800; x_wconf 89' lang='lat' dir='ltr'><strong>paulatim</strong></span> <span class='ocrx_word' id='word_1_391' title='bbox 3333 733 3425 788; x_wconf 91' lang='lat' dir='ltr'><strong>Dei</strong></span> <span class='ocrx_word' id='word_1_392' title='bbox 3454 735 3695 792; x_wconf 83' lang='lat' dir='ltr'><strong>cultores</strong></span> 
     </span>
    </p>
   </div>
   <div class='ocr_carea' id='block_1_65' title="bbox 2089 817 3697 895">
    <p class='ocr_par' dir='ltr' id='par_1_65' title="bbox 2089 817 3697 895">
     <span class='ocr_line' id='line_1_65' title="bbox 2089 817 3697 895; baseline 0.006 -23"><span class='ocrx_word' id='word_1_393' title='bbox 2089 817 2349 875; x_wconf 90' lang='lat' dir='ltr'><strong>eflieeret.</strong></span> <span class='ocrx_word' id='word_1_394' title='bbox 2401 819 2576 889; x_wconf 84' lang='lat' dir='ltr'><strong>Atque</strong></span> <span class='ocrx_word' id='word_1_395' title='bbox 2601 817 2672 874; x_wconf 93' lang='lat' dir='ltr'><strong>ob</strong></span> <span class='ocrx_word' id='word_1_396' title='bbox 2696 817 2835 873; x_wconf 89' lang='lat' dir='ltr'><strong>hanc</strong></span> <span class='ocrx_word' id='word_1_397' title='bbox 2856 833 3073 875; x_wconf 91' lang='lat' dir='ltr'><strong>causam</strong></span> <span class='ocrx_word' id='word_1_398' title='bbox 3104 824 3313 877; x_wconf 91' lang='lat' dir='ltr'><strong>cunctis</strong></span> <span class='ocrx_word' id='word_1_399' title='bbox 3340 825 3442 879; x_wconf 89' lang='lat' dir='ltr'><strong>sub</strong></span> <span class='ocrx_word' id='word_1_400' title='bbox 3467 825 3697 895; x_wconf 90' lang='lat' dir='ltr'><strong>imperio</strong></span> 
     </span>
    </p>
   </div>
   <div class='ocr_carea' id='block_1_66' title="bbox 2088 910 3698 982">
    <p class='ocr_par' dir='ltr' id='par_1_66' title="bbox 2088 910 3698 982">
     <span class='ocr_line' id='line_1_66' title="bbox 2088 910 3698 982; baseline 0.006 -17"><span class='ocrx_word' id='word_1_401' title='bbox 2088 924 2314 967; x_wconf 90' lang='lat' dir='ltr'><strong>romano</strong></span> <span class='ocrx_word' id='word_1_402' title='bbox 2358 910 2679 981; x_wconf 86' lang='lat' dir='ltr'><strong>degentibus</strong></span> <span class='ocrx_word' id='word_1_403' title='bbox 2710 911 2966 982; x_wconf 75' lang='lat' dir='ltr'><strong>prmcepit</strong></span> <span class='ocrx_word' id='word_1_404' title='bbox 2988 955 3003 979; x_wconf 93' lang='lat'><strong>,</strong></span> <span class='ocrx_word' id='word_1_405' title='bbox 3033 920 3093 967; x_wconf 92' lang='lat' dir='ltr'><strong>ut</strong></span> <span class='ocrx_word' id='word_1_406' title='bbox 3121 913 3395 973; x_wconf 88' lang='lat' dir='ltr'><strong>dominico</strong></span> <span class='ocrx_word' id='word_1_407' title='bbox 3425 919 3512 974; x_wconf 91' lang='lat' dir='ltr'><strong>die</strong></span> <span class='ocrx_word' id='word_1_408' title='bbox 3534 918 3698 976; x_wconf 90' lang='lat' dir='ltr'><strong>feria-</strong></span> 
     </span>
    </p>
   </div>
   <div class='ocr_carea' id='block_1_67' title="bbox 2090 1004 3700 1077">
    <p class='ocr_par' dir='ltr' id='par_1_67' title="bbox 2090 1004 3700 1077">
     <span class='ocr_line' id='line_1_67' title="bbox 2090 1004 3700 1077; baseline 0.007 -18"><span class='ocrx_word' id='word_1_409' title='bbox 2090 1013 2276 1060; x_wconf 90' lang='lat' dir='ltr'><strong>rentur</strong></span> <span class='ocrx_word' id='word_1_410' title='bbox 2301 1048 2315 1070; x_wconf 93' lang='lat'><strong>,</strong></span> <span class='ocrx_word' id='word_1_411' title='bbox 2367 1015 2533 1077; x_wconf 89' lang='lat' dir='ltr'><strong>utque</strong></span> <span class='ocrx_word' id='word_1_412' title='bbox 2562 1004 2705 1061; x_wconf 90' lang='lat' dir='ltr'><strong>diem</strong></span> <span class='ocrx_word' id='word_1_413' title='bbox 2737 1006 2826 1077; x_wconf 88' lang='lat' dir='ltr'><strong>qui</strong></span> <span class='ocrx_word' id='word_1_414' title='bbox 2858 1015 2940 1061; x_wconf 88' lang='lat' dir='ltr'><strong>est</strong></span> <span class='ocrx_word' id='word_1_415' title='bbox 2990 1008 3160 1077; x_wconf 78' lang='lat' dir='ltr'><strong>pridie</strong></span> <span class='ocrx_word' id='word_1_416' title='bbox 3205 1012 3412 1067; x_wconf 87' lang='lat' dir='ltr'><strong>sabbati</strong></span> <span class='ocrx_word' id='word_1_417' title='bbox 3451 1016 3700 1072; x_wconf 87' lang='lat' dir='ltr'><strong>similiter</strong></span> 
     </span>
    </p>
   </div>
   <div class='ocr_carea' id='block_1_68' title="bbox 2090 1095 3696 1171">
    <p class='ocr_par' dir='ltr' id='par_1_68' title="bbox 2090 1095 3696 1171">
     <span class='ocr_line' id='line_1_68' title="bbox 2090 1095 3696 1171; baseline 0.009 -21"><span class='ocrx_word' id='word_1_418' title='bbox 2090 1095 2422 1153; x_wconf 83' lang='lat' dir='ltr'><strong>Itonorareut</strong></span> <span class='ocrx_word' id='word_1_419' title='bbox 2446 1139 2461 1165; x_wconf 93' lang='lat'><strong>,</strong></span> <span class='ocrx_word' id='word_1_420' title='bbox 2495 1099 2546 1153; x_wconf 94' lang='lat' dir='ltr'><strong>in</strong></span> <span class='ocrx_word' id='word_1_421' title='bbox 2573 1099 3242 1171; x_wconf 85' lang='lat' dir='ltr'><strong>memoriam,utvidetnr,</strong></span> <span class='ocrx_word' id='word_1_422' title='bbox 3275 1120 3460 1162; x_wconf 90' lang='lat' dir='ltr'><strong>earum</strong></span> <span class='ocrx_word' id='word_1_423' title='bbox 3514 1124 3696 1165; x_wconf 89' lang='lat' dir='ltr'><strong>rerum</strong></span> 
     </span>
    </p>
   </div>
   <div class='ocr_carea' id='block_1_69' title="bbox 2091 1187 3699 1270">
    <p class='ocr_par' dir='ltr' id='par_1_69' title="bbox 2091 1187 3699 1270">
     <span class='ocr_line' id='line_1_69' title="bbox 2091 1187 3699 1270; baseline 0.009 -27"><span class='ocrx_word' id='word_1_424' title='bbox 2091 1204 2210 1259; x_wconf 66' lang='lat' dir='ltr'><strong>quae</strong></span> <span class='ocrx_word' id='word_1_425' title='bbox 2235 1205 2264 1243; x_wconf 88' lang='lat' dir='ltr'><strong>a</strong></span> <span class='ocrx_word' id='word_1_426' title='bbox 2292 1191 2566 1246; x_wconf 90' lang='lat' dir='ltr'><strong>commqu</strong></span> <span class='ocrx_word' id='word_1_427' title='bbox 2596 1187 2835 1245; x_wconf 85' lang='lat' dir='ltr'><strong>omnium</strong></span> <span class='ocrx_word' id='word_1_428' title='bbox 2864 1189 3153 1249; x_wconf 86' lang='lat' dir='ltr'><strong>Servatore</strong></span> <span class='ocrx_word' id='word_1_429' title='bbox 3185 1195 3293 1252; x_wconf 84' lang='lat' dir='ltr'><strong>illis</strong></span> <span class='ocrx_word' id='word_1_430' title='bbox 3319 1197 3507 1255; x_wconf 88' lang='lat' dir='ltr'><strong>diebus</strong></span> <span class='ocrx_word' id='word_1_431' title='bbox 3531 1211 3699 1270; x_wconf 75' lang='lat' dir='ltr'><strong>gesta:</strong></span> 
     </span>
    </p>
   </div>
   <div class='ocr_carea' id='block_1_70' title="bbox 2091 1282 3699 1352">
    <p class='ocr_par' dir='ltr' id='par_1_70' title="bbox 2091 1282 3699 1352">
     <span class='ocr_line' id='line_1_70' title="bbox 2091 1282 3699 1352; baseline 0.009 -17"><span class='ocrx_word' id='word_1_432' title='bbox 2091 1295 2212 1336; x_wconf 89' lang='lat' dir='ltr'><strong>esse</strong></span> <span class='ocrx_word' id='word_1_433' title='bbox 2241 1282 2613 1352; x_wconf 88' lang='lat' dir='ltr'><strong>perhibentur.</strong></span> <span class='ocrx_word' id='word_1_434' title='bbox 2664 1283 2832 1338; x_wconf 85' lang='lat' dir='ltr'><strong>Porro</strong></span> <span class='ocrx_word' id='word_1_435' title='bbox 2887 1297 3008 1338; x_wconf 91' lang='lat' dir='ltr'><strong>cum</strong></span> <span class='ocrx_word' id='word_1_436' title='bbox 3058 1288 3351 1343; x_wconf 89' lang='lat' dir='ltr'><strong>exercitum</strong></span> <span class='ocrx_word' id='word_1_437' title='bbox 3382 1306 3597 1348; x_wconf 88' lang='lat' dir='ltr'><strong>omnem</strong></span> <span class='ocrx_word' id='word_1_438' title='bbox 3629 1294 3699 1350; x_wconf 88' lang='lat' dir='ltr'><strong>ad</strong></span> 
     </span>
    </p>
   </div>
   <div class='ocr_carea' id='block_1_71' title="bbox 2092 1375 3699 1452">
    <p class='ocr_par' dir='ltr' id='par_1_71' title="bbox 2092 1375 3699 1452">
     <span class='ocr_line' id='line_1_71' title="bbox 2092 1375 3699 1452; baseline 0.007 -23"><span class='ocrx_word' id='word_1_439' title='bbox 2092 1375 2342 1430; x_wconf 89' lang='lat' dir='ltr'><strong>salutaris</strong></span> <span class='ocrx_word' id='word_1_440' title='bbox 2368 1375 2497 1443; x_wconf 89' lang='lat' dir='ltr'><strong>diei,</strong></span> <span class='ocrx_word' id='word_1_441' title='bbox 2521 1376 2833 1447; x_wconf 89' lang='lat' dir='ltr'><strong>quilucisac</strong></span> <span class='ocrx_word' id='word_1_442' title='bbox 2853 1383 2985 1439; x_wconf 89' lang='lat' dir='ltr'><strong>solis</strong></span> <span class='ocrx_word' id='word_1_443' title='bbox 3001 1381 3303 1452; x_wconf 80' lang='lat' dir='ltr'><strong>appellatur</strong></span> <span class='ocrx_word' id='word_1_444' title='bbox 3316 1384 3553 1451; x_wconf 90' lang='lat' dir='ltr'><strong>nomine,</strong></span> <span class='ocrx_word' id='word_1_445' title='bbox 3570 1386 3699 1441; x_wconf 90' lang='lat' dir='ltr'><strong>reli-</strong></span> 
     </span>
    </p>
   </div>
   <div class='ocr_carea' id='block_1_72' title="bbox 2090 1468 3699 1548">
    <p class='ocr_par' dir='ltr' id='par_1_72' title="bbox 2090 1468 3699 1548">
     <span class='ocr_line' id='line_1_72' title="bbox 2090 1468 3699 1548; baseline 0.008 -27"><span class='ocrx_word' id='word_1_446' title='bbox 2090 1468 2299 1538; x_wconf 91' lang='lat' dir='ltr'><strong>giosum</strong></span> <span class='ocrx_word' id='word_1_447' title='bbox 2329 1470 2532 1524; x_wconf 86' lang='lat' dir='ltr'><strong>cultum</strong></span> <span class='ocrx_word' id='word_1_448' title='bbox 2564 1470 2901 1542; x_wconf 82' lang='lat' dir='ltr'><strong>institueret,</strong></span> <span class='ocrx_word' id='word_1_449' title='bbox 2952 1475 3016 1530; x_wconf 91' lang='lat' dir='ltr'><strong>iis</strong></span> <span class='ocrx_word' id='word_1_450' title='bbox 3053 1475 3272 1548; x_wconf 89' lang='lat' dir='ltr'><strong>quidem</strong></span> <span class='ocrx_word' id='word_1_451' title='bbox 3299 1476 3391 1546; x_wconf 90' lang='lat' dir='ltr'><strong>qui</strong></span> <span class='ocrx_word' id='word_1_452' title='bbox 3425 1478 3588 1534; x_wconf 86' lang='lat' dir='ltr'><strong>fidem</strong></span> <span class='ocrx_word' id='word_1_453' title='bbox 3617 1478 3699 1534; x_wconf 90' lang='lat' dir='ltr'><strong>di-</strong></span> 
     </span>
    </p>
   </div>
   <div class='ocr_carea' id='block_1_73' title="bbox 2090 1560 3702 1636">
    <p class='ocr_par' dir='ltr' id='par_1_73' title="bbox 2090 1560 3702 1636">
     <span class='ocr_line' id='line_1_73' title="bbox 2090 1560 3702 1636; baseline 0.009 -22"><span class='ocrx_word' id='word_1_454' title='bbox 2090 1560 2290 1617; x_wconf 89' lang='lat' dir='ltr'><strong>vinitus</strong></span> <span class='ocrx_word' id='word_1_455' title='bbox 2320 1561 2630 1631; x_wconf 76' lang='lat' dir='ltr'><strong>inSpiratam</strong></span> <span class='ocrx_word' id='word_1_456' title='bbox 2661 1566 2898 1636; x_wconf 84' lang='lat' dir='ltr'><strong>amplexi</strong></span> <span class='ocrx_word' id='word_1_457' title='bbox 2937 1579 3092 1625; x_wconf 89' lang='lat' dir='ltr'><strong>erant</strong></span> <span class='ocrx_word' id='word_1_458' title='bbox 3122 1610 3138 1636; x_wconf 94' lang='lat'><strong>,</strong></span> <span class='ocrx_word' id='word_1_459' title='bbox 3192 1571 3482 1626; x_wconf 80' lang='lat' dir='ltr'><strong>exercendi</strong></span> <span class='ocrx_word' id='word_1_460' title='bbox 3523 1587 3584 1628; x_wconf 92' lang='lat' dir='ltr'><strong>se</strong></span> <span class='ocrx_word' id='word_1_461' title='bbox 3631 1588 3702 1629; x_wconf 86' lang='lat' dir='ltr'><strong>ex</strong></span> 
     </span>
    </p>
   </div>
   <div class='ocr_carea' id='block_1_74' title="bbox 2092 1655 3702 1735">
    <p class='ocr_par' dir='ltr' id='par_1_74' title="bbox 2092 1655 3702 1735">
     <span class='ocr_line' id='line_1_74' title="bbox 2092 1655 3702 1735; baseline 0.008 -27"><span class='ocrx_word' id='word_1_462' title='bbox 2092 1670 2244 1711; x_wconf 91' lang='lat' dir='ltr'><strong>more</strong></span> <span class='ocrx_word' id='word_1_463' title='bbox 2295 1655 2647 1728; x_wconf 85' lang='lat' dir='ltr'><strong>institutoque</strong></span> <span class='ocrx_word' id='word_1_464' title='bbox 2689 1659 2949 1717; x_wconf 81' lang='lat' dir='ltr'><strong>Ecclesiae</strong></span> <span class='ocrx_word' id='word_1_465' title='bbox 2979 1663 3072 1718; x_wconf 90' lang='lat' dir='ltr'><strong>Dei</strong></span> <span class='ocrx_word' id='word_1_466' title='bbox 3104 1672 3315 1734; x_wconf 90' lang='lat' dir='ltr'><strong>tempus</strong></span> <span class='ocrx_word' id='word_1_467' title='bbox 3341 1673 3502 1735; x_wconf 90' lang='lat' dir='ltr'><strong>atque</strong></span> <span class='ocrx_word' id='word_1_468' title='bbox 3531 1667 3702 1721; x_wconf 91' lang='lat' dir='ltr'><strong>otium</strong></span> 
     </span>
    </p>
   </div>
   <div class='ocr_carea' id='block_1_75' title="bbox 2093 1747 3703 1828">
    <p class='ocr_par' dir='ltr' id='par_1_75' title="bbox 2093 1747 3703 1828">
     <span class='ocr_line' id='line_1_75' title="bbox 2093 1747 3703 1828; baseline 0.009 -26"><span class='ocrx_word' id='word_1_469' title='bbox 2093 1747 2349 1817; x_wconf 89' lang='lat' dir='ltr'><strong>indulsit,</strong></span> <span class='ocrx_word' id='word_1_470' title='bbox 2387 1766 2493 1823; x_wconf 88' lang='lat' dir='ltr'><strong>quo</strong></span> <span class='ocrx_word' id='word_1_471' title='bbox 2532 1751 2737 1824; x_wconf 88' lang='lat' dir='ltr'><strong>absque</strong></span> <span class='ocrx_word' id='word_1_472' title='bbox 2773 1754 2883 1810; x_wconf 89' lang='lat' dir='ltr'><strong>ullo</strong></span> <span class='ocrx_word' id='word_1_473' title='bbox 2925 1756 3310 1828; x_wconf 88' lang='lat' dir='ltr'><strong>impedimento</strong></span> <span class='ocrx_word' id='word_1_474' title='bbox 3366 1759 3703 1816; x_wconf 86' lang='lat' dir='ltr'><strong>orationibus</strong></span> 
     </span>
    </p>
   </div>
   <div class='ocr_carea' id='block_1_76' title="bbox 2023 1837 2369 1900">
    <p class='ocr_par' dir='ltr' id='par_1_76' title="bbox 2023 1837 2369 1900">
     <span class='ocr_line' id='line_1_76' title="bbox 2023 1837 2369 1900; baseline -0.003 -2"><span class='ocrx_word' id='word_1_475' title='bbox 2023 1837 2068 1898; x_wconf 87' lang='grc' dir='ltr'><strong>Β</strong></span> <span class='ocrx_word' id='word_1_476' title='bbox 2096 1850 2369 1900; x_wconf 88' lang='lat' dir='ltr'><strong>vacarent.</strong></span> 
     </span>
    </p>
   </div>
   <div class='ocr_carea' id='block_1_77' title="bbox 2685 1931 3105 2025">
    <p class='ocr_par' dir='ltr' id='par_1_77' title="bbox 2685 1931 3105 2025">
     <span class='ocr_line' id='line_1_77' title="bbox 2685 1931 3105 2025; baseline 0.014 -7"><span class='ocrx_word' id='word_1_477' title='bbox 2685 1931 2932 2023; x_wconf 48' lang='lat' dir='ltr'><strong>&#39;CAPUT</strong></span> <span class='ocrx_word' id='word_1_478' title='bbox 2958 1967 3105 2025; x_wconf 81' lang='lat' dir='ltr'><strong>XIX.</strong></span> 
     </span>
    </p>
   </div>
   <div class='ocr_carea' id='block_1_78' title="bbox 2171 2073 3633 2153">
    <p class='ocr_par' dir='ltr' id='par_1_78' title="bbox 2171 2073 3633 2153">
     <span class='ocr_line' id='line_1_78' title="bbox 2171 2073 3633 2153; baseline 0.012 -24"><span class='ocrx_word' id='word_1_479' title='bbox 2171 2073 2439 2142; x_wconf 81' lang='lat' dir='ltr'><strong>Quomodo</strong></span> <span class='ocrx_word' id='word_1_480' title='bbox 2488 2079 2640 2134; x_wconf 87' lang='lat' dir='ltr'><strong>etiam</strong></span> <span class='ocrx_word' id='word_1_481' title='bbox 2676 2082 2889 2153; x_wconf 86' lang='lat' dir='ltr'><strong>gentiles</strong></span> <span class='ocrx_word' id='word_1_482' title='bbox 2934 2084 3120 2139; x_wconf 82' lang='lat' dir='ltr'><strong>milites</strong></span> <span class='ocrx_word' id='word_1_483' title='bbox 3158 2086 3334 2143; x_wconf 82' lang='lat' dir='ltr'><strong>diebus</strong></span> <span class='ocrx_word' id='word_1_484' title='bbox 3364 2088 3633 2147; x_wconf 82' lang='lat' dir='ltr'><strong>dominicis</strong></span> 
     </span>
    </p>
   </div>
   <div class='ocr_carea' id='block_1_79' title="bbox 2676 2174 3112 2233">
    <p class='ocr_par' dir='ltr' id='par_1_79' title="bbox 2676 2174 3112 2233">
     <span class='ocr_line' id='line_1_79' title="bbox 2676 2174 3112 2233; baseline 0.014 -7"><span class='ocrx_word' id='word_1_485' title='bbox 2676 2188 2824 2227; x_wconf 86' lang='lat' dir='ltr'><strong>orare</strong></span> <span class='ocrx_word' id='word_1_486' title='bbox 2861 2174 3112 2233; x_wconf 87' lang='lat' dir='ltr'><strong>docuerit.</strong></span> 
     </span>
    </p>
   </div>
   <div class='ocr_carea' id='block_1_80' title="bbox 2168 2281 3697 2359">
    <p class='ocr_par' dir='ltr' id='par_1_80' title="bbox 2168 2281 3697 2359">
     <span class='ocr_line' id='line_1_80' title="bbox 2168 2281 3697 2359; baseline 0.012 -22"><span class='ocrx_word' id='word_1_487' title='bbox 2168 2281 2411 2354; x_wconf 82' lang='lat' dir='ltr'><strong>Reliquis</strong></span> <span class='ocrx_word' id='word_1_488' title='bbox 2441 2301 2571 2342; x_wconf 89' lang='lat' dir='ltr'><strong>vero</strong></span> <span class='ocrx_word' id='word_1_489' title='bbox 2596 2288 2687 2359; x_wconf 90' lang='lat' dir='ltr'><strong>qui</strong></span> <span class='ocrx_word' id='word_1_490' title='bbox 2719 2288 2916 2345; x_wconf 72' lang='lat' dir='ltr'><strong>divina:</strong></span> <span class='ocrx_word' id='word_1_491' title='bbox 2956 2291 3079 2348; x_wconf 83' lang='lat' dir='ltr'><strong>ﬁdei</strong></span> <span class='ocrx_word' id='word_1_492' title='bbox 3112 2293 3410 2352; x_wconf 90' lang='lat' dir='ltr'><strong>doctrinam</strong></span> <span class='ocrx_word' id='word_1_493' title='bbox 3460 2299 3697 2355; x_wconf 82' lang='lat' dir='ltr'><strong>nondum</strong></span> 
     </span>
    </p>
   </div>
   <div class='ocr_carea' id='block_1_81' title="bbox 2099 2380 3702 2456">
    <p class='ocr_par' dir='ltr' id='par_1_81' title="bbox 2099 2380 3702 2456">
     <span class='ocr_line' id='line_1_81' title="bbox 2099 2380 3702 2456; baseline 0.015 -27"><span class='ocrx_word' id='word_1_494' title='bbox 2099 2387 2470 2448; x_wconf 90' lang='lat' dir='ltr'><strong>susceperant,</strong></span> <span class='ocrx_word' id='word_1_495' title='bbox 2501 2380 2668 2436; x_wconf 88' lang='lat' dir='ltr'><strong>altera</strong></span> <span class='ocrx_word' id='word_1_496' title='bbox 2724 2382 2838 2455; x_wconf 86' lang='lat' dir='ltr'><strong>lege</strong></span> <span class='ocrx_word' id='word_1_497' title='bbox 2885 2389 3145 2456; x_wconf 65' lang='lat' dir='ltr'><strong>praecepit</strong></span> <span class='ocrx_word' id='word_1_498' title='bbox 3173 2399 3229 2444; x_wconf 90' lang='lat' dir='ltr'><strong>ut</strong></span> <span class='ocrx_word' id='word_1_499' title='bbox 3271 2391 3557 2451; x_wconf 89' lang='lat' dir='ltr'><strong>dominicis</strong></span> <span class='ocrx_word' id='word_1_500' title='bbox 3586 2396 3702 2452; x_wconf 89' lang='lat' dir='ltr'><strong>die-</strong></span> 
     </span>
    </p>
   </div>
   <div class='ocr_carea' id='block_1_82' title="bbox 2097 2467 3703 2555">
    <p class='ocr_par' dir='ltr' id='par_1_82' title="bbox 2097 2467 3703 2555">
     <span class='ocr_line' id='line_1_82' title="bbox 2097 2467 3703 2555; baseline 0.013 -32"><span class='ocrx_word' id='word_1_501' title='bbox 2097 2467 2198 2525; x_wconf 88' lang='lat' dir='ltr'><strong>bus</strong></span> <span class='ocrx_word' id='word_1_502' title='bbox 2224 2469 2277 2524; x_wconf 90' lang='lat' dir='ltr'><strong>in</strong></span> <span class='ocrx_word' id='word_1_503' title='bbox 2300 2486 2549 2543; x_wconf 84' lang='lat' dir='ltr'><strong>campum</strong></span> <span class='ocrx_word' id='word_1_504' title='bbox 2583 2489 2774 2544; x_wconf 91' lang='lat' dir='ltr'><strong>purum</strong></span> <span class='ocrx_word' id='word_1_505' title='bbox 2826 2479 3204 2549; x_wconf 86' lang='lat' dir='ltr'><strong>procederent,</strong></span> <span class='ocrx_word' id='word_1_506' title='bbox 3237 2491 3292 2539; x_wconf 92' lang='lat' dir='ltr'><strong>et</strong></span> <span class='ocrx_word' id='word_1_507' title='bbox 3335 2488 3703 2555; x_wconf 88' lang='lat' dir='ltr'><strong>precationem</strong></span> 
     </span>
    </p>
   </div>
   <div class='ocr_carea' id='block_1_83' title="bbox 2098 2565 3704 2647">
    <p class='ocr_par' dir='ltr' id='par_1_83' title="bbox 2098 2565 3704 2647">
     <span class='ocr_line' id='line_1_83' title="bbox 2098 2565 3704 2647; baseline 0.013 -31"><span class='ocrx_word' id='word_1_508' title='bbox 2098 2577 2260 2632; x_wconf 91' lang='lat' dir='ltr'><strong>quam</strong></span> <span class='ocrx_word' id='word_1_509' title='bbox 2305 2575 2463 2620; x_wconf 87' lang='lat' dir='ltr'><strong>antea</strong></span> <span class='ocrx_word' id='word_1_510' title='bbox 2491 2565 2828 2640; x_wconf 90' lang='lat' dir='ltr'><strong>didicissent,</strong></span> <span class='ocrx_word' id='word_1_511' title='bbox 2861 2571 3023 2627; x_wconf 90' lang='lat' dir='ltr'><strong>simul</strong></span> <span class='ocrx_word' id='word_1_512' title='bbox 3052 2587 3243 2630; x_wconf 91' lang='lat' dir='ltr'><strong>omnes</strong></span> <span class='ocrx_word' id='word_1_513' title='bbox 3279 2576 3433 2647; x_wconf 83' lang='lat' dir='ltr'><strong>signo</strong></span> <span class='ocrx_word' id='word_1_514' title='bbox 3478 2579 3603 2635; x_wconf 90' lang='lat' dir='ltr'><strong>dato</strong></span> <span class='ocrx_word' id='word_1_515' title='bbox 3632 2580 3704 2637; x_wconf 87' lang='lat' dir='ltr'><strong>ad</strong></span> 
     </span>
    </p>
   </div>
   <div class='ocr_carea' id='block_1_84' title="bbox 2103 2653 3704 2738">
    <p class='ocr_par' dir='ltr' id='par_1_84' title="bbox 2103 2653 3704 2738">
     <span class='ocr_line' id='line_1_84' title="bbox 2103 2653 3704 2738; baseline 0.012 -30"><span class='ocrx_word' id='word_1_516' title='bbox 2103 2653 2269 2710; x_wconf 91' lang='lat' dir='ltr'><strong>Deum</strong></span> <span class='ocrx_word' id='word_1_517' title='bbox 2302 2655 2609 2714; x_wconf 90' lang='lat' dir='ltr'><strong>funderent.</strong></span> <span class='ocrx_word' id='word_1_518' title='bbox 2653 2659 2838 2733; x_wconf 88' lang='lat' dir='ltr'><strong>Neque</strong></span> <span class='ocrx_word' id='word_1_519' title='bbox 2886 2664 3030 2718; x_wconf 90' lang='lat' dir='ltr'><strong>enim</strong></span> <span class='ocrx_word' id='word_1_520' title='bbox 3079 2663 3249 2721; x_wconf 86' lang='lat' dir='ltr'><strong>hastis</strong></span> <span class='ocrx_word' id='word_1_521' title='bbox 3304 2677 3358 2723; x_wconf 90' lang='lat' dir='ltr'><strong>et</strong></span> <span class='ocrx_word' id='word_1_522' title='bbox 3403 2682 3704 2738; x_wconf 86' lang='lat' dir='ltr'><strong>armatura,</strong></span> 
     </span>
    </p>
   </div>
   <div class='ocr_carea' id='block_1_85' title="bbox 2101 2750 3708 2831">
    <p class='ocr_par' dir='ltr' id='par_1_85' title="bbox 2101 2750 3708 2831">
     <span class='ocr_line' id='line_1_85' title="bbox 2101 2750 3708 2831; baseline 0.012 -28"><span class='ocrx_word' id='word_1_523' title='bbox 2101 2761 2203 2804; x_wconf 90' lang='lat' dir='ltr'><strong>nec</strong></span> <span class='ocrx_word' id='word_1_524' title='bbox 2249 2750 2493 2819; x_wconf 90' lang='lat' dir='ltr'><strong>corporis</strong></span> <span class='ocrx_word' id='word_1_525' title='bbox 2532 2751 2737 2807; x_wconf 90' lang='lat' dir='ltr'><strong>viribus</strong></span> <span class='ocrx_word' id='word_1_526' title='bbox 2795 2755 3071 2813; x_wconf 87' lang='lat' dir='ltr'><strong>conlidere</strong></span> <span class='ocrx_word' id='word_1_527' title='bbox 3122 2774 3216 2814; x_wconf 91' lang='lat' dir='ltr'><strong>eos</strong></span> <span class='ocrx_word' id='word_1_528' title='bbox 3264 2771 3552 2831; x_wconf 85' lang='lat' dir='ltr'><strong>oportere.</strong></span> <span class='ocrx_word' id='word_1_529' title='bbox 3608 2764 3708 2821; x_wconf 86' lang='lat' dir='ltr'><strong>sed</strong></span> 
     </span>
    </p>
   </div>
   <div class='ocr_carea' id='block_1_86' title="bbox 2101 2842 3705 2913">
    <p class='ocr_par' dir='ltr' id='par_1_86' title="bbox 2101 2842 3705 2913">
     <span class='ocr_line' id='line_1_86' title="bbox 2101 2842 3705 2913; baseline 0.012 -18"><span class='ocrx_word' id='word_1_530' title='bbox 2101 2853 2368 2896; x_wconf 91' lang='lat' dir='ltr'><strong>summum</strong></span> <span class='ocrx_word' id='word_1_531' title='bbox 2393 2842 2633 2897; x_wconf 79' lang='lat' dir='ltr'><strong>OIIIIIIIIIII</strong></span> <span class='ocrx_word' id='word_1_532' title='bbox 2661 2843 2851 2911; x_wconf 91' lang='lat' dir='ltr'><strong>Deum,</strong></span> <span class='ocrx_word' id='word_1_533' title='bbox 2876 2858 3152 2905; x_wconf 66' lang='grc' dir='ltr'><strong>θυειοτθῐη</strong></span> <span class='ocrx_word' id='word_1_534' title='bbox 3180 2851 3444 2909; x_wconf 82' lang='lat' dir='ltr'><strong>bonorum</strong></span> <span class='ocrx_word' id='word_1_535' title='bbox 3463 2859 3705 2913; x_wconf 88' lang='lat' dir='ltr'><strong>omnium</strong></span> 
     </span>
    </p>
   </div>
   <div class='ocr_carea' id='block_1_87' title="bbox 2100 2931 3704 3021">
    <p class='ocr_par' dir='ltr' id='par_1_87' title="bbox 2100 2931 3704 3021">
     <span class='ocr_line' id='line_1_87' title="bbox 2100 2931 3704 3021; baseline 0.011 -33"><span class='ocrx_word' id='word_1_536' title='bbox 2100 2931 2377 3004; x_wconf 86' lang='lat' dir='ltr'><strong>ipsiusque</strong></span> <span class='ocrx_word' id='word_1_537' title='bbox 2421 2933 2557 2990; x_wconf 87' lang='lat' dir='ltr'><strong>adeo</strong></span> <span class='ocrx_word' id='word_1_538' title='bbox 2604 2935 2843 2993; x_wconf 71' lang='lat' dir='ltr'><strong>victoria:</strong></span> <span class='ocrx_word' id='word_1_539' title='bbox 2890 2943 3291 3011; x_wconf 88' lang='lat' dir='ltr'><strong>agnoscendum</strong></span> <span class='ocrx_word' id='word_1_540' title='bbox 3344 2960 3499 3014; x_wconf 89' lang='lat' dir='ltr'><strong>esse,</strong></span> <span class='ocrx_word' id='word_1_541' title='bbox 3544 2949 3704 3021; x_wconf 89' lang='lat' dir='ltr'><strong>eique</strong></span> 
     </span>
    </p>
   </div>
   <div class='ocr_carea' id='block_1_88' title="bbox 2102 3024 3705 3111">
    <p class='ocr_par' dir='ltr' id='par_1_88' title="bbox 2102 3024 3705 3111">
     <span class='ocr_line' id='line_1_88' title="bbox 2102 3024 3705 3111; baseline 0.013 -33"><span class='ocrx_word' id='word_1_542' title='bbox 2102 3024 2375 3082; x_wconf 88' lang='lat' dir='ltr'><strong>solemnes</strong></span> <span class='ocrx_word' id='word_1_543' title='bbox 2404 3042 2589 3098; x_wconf 90' lang='lat' dir='ltr'><strong>preces</strong></span> <span class='ocrx_word' id='word_1_544' title='bbox 2614 3031 2848 3100; x_wconf 90' lang='lat' dir='ltr'><strong>persolvi</strong></span> <span class='ocrx_word' id='word_1_545' title='bbox 2871 3031 3094 3103; x_wconf 88' lang='lat' dir='ltr'><strong>debere,</strong></span> <span class='ocrx_word' id='word_1_546' title='bbox 3123 3037 3371 3094; x_wconf 90' lang='lat' dir='ltr'><strong>manibus</strong></span> <span class='ocrx_word' id='word_1_547' title='bbox 3396 3040 3614 3111; x_wconf 89' lang='lat' dir='ltr'><strong>quidem</strong></span> <span class='ocrx_word' id='word_1_548' title='bbox 3649 3043 3705 3099; x_wconf 89' lang='lat' dir='ltr'><strong>in</strong></span> 
     </span>
    </p>
   </div>
   <div class='ocr_carea' id='block_1_89' title="bbox 2103 3115 3703 3204">
    <p class='ocr_par' dir='ltr' id='par_1_89' title="bbox 2103 3115 3703 3204">
     <span class='ocr_line' id='line_1_89' title="bbox 2103 3115 3703 3204; baseline 0.013 -35"><span class='ocrx_word' id='word_1_549' title='bbox 2103 3115 2297 3171; x_wconf 63' lang='lat' dir='ltr'><strong>caelum</strong></span> <span class='ocrx_word' id='word_1_550' title='bbox 2332 3119 2593 3185; x_wconf 88' lang='lat' dir='ltr'><strong>sublatis,</strong></span> <span class='ocrx_word' id='word_1_551' title='bbox 2627 3122 2821 3177; x_wconf 90' lang='lat' dir='ltr'><strong>mentis</strong></span> <span class='ocrx_word' id='word_1_552' title='bbox 2838 3134 3017 3180; x_wconf 90' lang='lat' dir='ltr'><strong>autem</strong></span> <span class='ocrx_word' id='word_1_553' title='bbox 3039 3126 3210 3182; x_wconf 90' lang='lat' dir='ltr'><strong>oculis</strong></span> <span class='ocrx_word' id='word_1_554' title='bbox 3234 3129 3392 3185; x_wconf 89' lang='lat' dir='ltr'><strong>altius</strong></span> <span class='ocrx_word' id='word_1_555' title='bbox 3422 3131 3488 3187; x_wconf 92' lang='lat' dir='ltr'><strong>ad</strong></span> <span class='ocrx_word' id='word_1_556' title='bbox 3526 3134 3703 3204; x_wconf 89' lang='lat' dir='ltr'><strong>ipsum</strong></span> 
     </span>
    </p>
   </div>
   <div class='ocr_carea' id='block_1_90' title="bbox 2021 3210 3701 3294">
    <p class='ocr_par' dir='ltr' id='par_1_90' title="bbox 2021 3210 3701 3294">
     <span class='ocr_line' id='line_1_90' title="bbox 2021 3210 3701 3294; baseline 0.014 -34"><span class='ocrx_word' id='word_1_557' title='bbox 2021 3228 2068 3292; x_wconf 65' lang='grc' dir='ltr'><strong>ρ</strong></span> <span class='ocrx_word' id='word_1_558' title='bbox 2105 3222 2274 3278; x_wconf 91' lang='lat' dir='ltr'><strong>usque</strong></span> <span class='ocrx_word' id='word_1_559' title='bbox 2298 3210 2422 3266; x_wconf 75' lang='lat' dir='ltr'><strong>cteli</strong></span> <span class='ocrx_word' id='word_1_560' title='bbox 2468 3227 2648 3284; x_wconf 90' lang='lat' dir='ltr'><strong>regem</strong></span> <span class='ocrx_word' id='word_1_561' title='bbox 2694 3216 2931 3283; x_wconf 88' lang='lat' dir='ltr'><strong>erectis;</strong></span> <span class='ocrx_word' id='word_1_562' title='bbox 2965 3218 3109 3275; x_wconf 85' lang='lat' dir='ltr'><strong>hunc</strong></span> <span class='ocrx_word' id='word_1_563' title='bbox 3138 3221 3376 3280; x_wconf 79' lang='lat' dir='ltr'><strong>victoria:</strong></span> <span class='ocrx_word' id='word_1_564' title='bbox 3402 3236 3701 3294; x_wconf 89' lang='lat' dir='ltr'><strong>auctorem,</strong></span> 
     </span>
    </p>
   </div>
   <div class='ocr_carea' id='block_1_91' title="bbox 2100 3298 3706 3385">
    <p class='ocr_par' dir='ltr' id='par_1_91' title="bbox 2100 3298 3706 3385">
     <span class='ocr_line' id='line_1_91' title="bbox 2100 3298 3706 3385; baseline 0.015 -32"><span class='ocrx_word' id='word_1_565' title='bbox 2100 3298 2245 3354; x_wconf 91' lang='lat' dir='ltr'><strong>hunc</strong></span> <span class='ocrx_word' id='word_1_566' title='bbox 2264 3313 2591 3360; x_wconf 88' lang='lat' dir='ltr'><strong>servatorem</strong></span> <span class='ocrx_word' id='word_1_567' title='bbox 2614 3307 3001 3382; x_wconf 88' lang='lat' dir='ltr'><strong>custodemque</strong></span> <span class='ocrx_word' id='word_1_568' title='bbox 3021 3323 3076 3368; x_wconf 92' lang='lat' dir='ltr'><strong>et</strong></span> <span class='ocrx_word' id='word_1_569' title='bbox 3103 3314 3405 3385; x_wconf 86' lang='lat' dir='ltr'><strong>adjutorem</strong></span> <span class='ocrx_word' id='word_1_570' title='bbox 3449 3318 3706 3377; x_wconf 86' lang='lat' dir='ltr'><strong>invocare</strong></span> 
     </span>
    </p>
   </div>
   <div class='ocr_carea' id='block_1_92' title="bbox 2101 3391 3703 3479">
    <p class='ocr_par' dir='ltr' id='par_1_92' title="bbox 2101 3391 3703 3479">
     <span class='ocr_line' id='line_1_92' title="bbox 2101 3391 3703 3479; baseline 0.014 -34"><span class='ocrx_word' id='word_1_571' title='bbox 2101 3391 2154 3446; x_wconf 89' lang='lat' dir='ltr'><strong>in</strong></span> <span class='ocrx_word' id='word_1_572' title='bbox 2184 3394 2582 3462; x_wconf 90' lang='lat' dir='ltr'><strong>precationibus</strong></span> <span class='ocrx_word' id='word_1_573' title='bbox 2614 3412 2708 3453; x_wconf 90' lang='lat' dir='ltr'><strong>eos</strong></span> <span class='ocrx_word' id='word_1_574' title='bbox 2735 3398 2956 3456; x_wconf 89' lang='lat' dir='ltr'><strong>debere.</strong></span> <span class='ocrx_word' id='word_1_575' title='bbox 3011 3402 3131 3473; x_wconf 86' lang='lat' dir='ltr'><strong>Ipse</strong></span> <span class='ocrx_word' id='word_1_576' title='bbox 3180 3420 3343 3476; x_wconf 91' lang='lat' dir='ltr'><strong>porro</strong></span> <span class='ocrx_word' id='word_1_577' title='bbox 3374 3413 3703 3479; x_wconf 89' lang='lat' dir='ltr'><strong>precationis</strong></span> 
     </span>
    </p>
   </div>
   <div class='ocr_carea' id='block_1_93' title="bbox 2099 3482 3696 3566">
    <p class='ocr_par' dir='ltr' id='par_1_93' title="bbox 2099 3482 3696 3566">
     <span class='ocr_line' id='line_1_93' title="bbox 2099 3482 3696 3566; baseline 0.014 -28"><span class='ocrx_word' id='word_1_578' title='bbox 2099 3482 2333 3540; x_wconf 89' lang='lat' dir='ltr'><strong>formam</strong></span> <span class='ocrx_word' id='word_1_579' title='bbox 2374 3488 2583 3543; x_wconf 90' lang='lat' dir='ltr'><strong>cunctis</strong></span> <span class='ocrx_word' id='word_1_580' title='bbox 2628 3490 2891 3547; x_wconf 89' lang='lat' dir='ltr'><strong>militibus</strong></span> <span class='ocrx_word' id='word_1_581' title='bbox 2919 3493 3160 3562; x_wconf 86' lang='lat' dir='ltr'><strong>tradidit,</strong></span> <span class='ocrx_word' id='word_1_582' title='bbox 3185 3496 3382 3566; x_wconf 87' lang='lat' dir='ltr'><strong>jubens</strong></span> <span class='ocrx_word' id='word_1_583' title='bbox 3424 3509 3484 3556; x_wconf 90' lang='lat' dir='ltr'><strong>ut</strong></span> <span class='ocrx_word' id='word_1_584' title='bbox 3527 3501 3696 3560; x_wconf 85' lang='lat' dir='ltr'><strong>latino</strong></span> 
     </span>
    </p>
   </div>
   <div class='ocr_carea' id='block_1_94' title="bbox 2100 3584 3544 3652">
    <p class='ocr_par' dir='ltr' id='par_1_94' title="bbox 2100 3584 3544 3652">
     <span class='ocr_line' id='line_1_94' title="bbox 2100 3584 3544 3652; baseline 0.012 -20"><span class='ocrx_word' id='word_1_585' title='bbox 2100 3589 2353 3634; x_wconf 88' lang='lat' dir='ltr'><strong>sermone</strong></span> <span class='ocrx_word' id='word_1_586' title='bbox 2383 3593 2571 3637; x_wconf 89' lang='lat' dir='ltr'><strong>omnes</strong></span> <span class='ocrx_word' id='word_1_587' title='bbox 2597 3584 3010 3652; x_wconf 89' lang='lat' dir='ltr'><strong>pronuntiarent</strong></span> <span class='ocrx_word' id='word_1_588' title='bbox 3032 3586 3101 3643; x_wconf 90' lang='lat' dir='ltr'><strong>ad</strong></span> <span class='ocrx_word' id='word_1_589' title='bbox 3131 3586 3275 3647; x_wconf 93' lang='lat' dir='ltr'><strong>hunc</strong></span> <span class='ocrx_word' id='word_1_590' title='bbox 3302 3592 3544 3651; x_wconf 92' lang='lat' dir='ltr'><strong>modum.</strong></span> 
     </span>
    </p>
   </div>
   <div class='ocr_carea' id='block_1_95' title="bbox 2712 3720 3097 3779">
    <p class='ocr_par' dir='ltr' id='par_1_95' title="bbox 2712 3720 3097 3779">
     <span class='ocr_line' id='line_1_95' title="bbox 2712 3720 3097 3779; baseline 0.008 -3"><span class='ocrx_word' id='word_1_591' title='bbox 2712 3720 2938 3779; x_wconf 85' lang='lat' dir='ltr'><strong>CAPUT</strong></span> <span class='ocrx_word' id='word_1_592' title='bbox 2974 3722 3097 3779; x_wconf 85' lang='lat' dir='ltr'><strong>XX.</strong></span> 
     </span>
    </p>
   </div>
   <div class='ocr_carea' id='block_1_96' title="bbox 2174 3806 3705 3881">
    <p class='ocr_par' dir='ltr' id='par_1_96' title="bbox 2174 3806 3705 3881">
     <span class='ocr_line' id='line_1_96' title="bbox 2174 3806 3705 3881; baseline 0.014 -20"><span class='ocrx_word' id='word_1_593' title='bbox 2174 3806 2368 3864; x_wconf 85' lang='lat' dir='ltr'><strong>Forma</strong></span> <span class='ocrx_word' id='word_1_594' title='bbox 2389 3810 2695 3879; x_wconf 85' lang='lat' dir='ltr'><strong>precationis</strong></span> <span class='ocrx_word' id='word_1_595' title='bbox 2715 3830 2748 3867; x_wconf 90' lang='lat' dir='ltr'><strong>a</strong></span> <span class='ocrx_word' id='word_1_596' title='bbox 2770 3812 3106 3873; x_wconf 86' lang='lat' dir='ltr'><strong>Constantino</strong></span> <span class='ocrx_word' id='word_1_597' title='bbox 3133 3819 3382 3879; x_wconf 82' lang='lat' dir='ltr'><strong>militibus</strong></span> <span class='ocrx_word' id='word_1_598' title='bbox 3399 3826 3608 3881; x_wconf 88' lang='lat' dir='ltr'><strong>tradita.</strong></span> <span class='ocrx_word' id='word_1_599' title='bbox 3632 3836 3633 3841; x_wconf 83' lang='lat'>‘</span> <span class='ocrx_word' id='word_1_600' title='bbox 3664 3829 3672 3835; x_wconf 86' lang='grc'><em>’</em></span> <span class='ocrx_word' id='word_1_601' title='bbox 3695 3830 3705 3837; x_wconf 84' lang='grc'><em>”</em></span> 
     </span>
    </p>
   </div>
   <div class='ocr_carea' id='block_1_97' title="bbox 2171 3917 3693 4007">
    <p class='ocr_par' dir='ltr' id='par_1_97' title="bbox 2171 3917 3693 4007">
     <span class='ocr_line' id='line_1_97' title="bbox 2171 3917 3693 4007; baseline 0.013 -33"><span class='ocrx_word' id='word_1_602' title='bbox 2171 3917 2249 3975; x_wconf 90' lang='lat' dir='ltr'><strong>Te</strong></span> <span class='ocrx_word' id='word_1_603' title='bbox 2293 3920 2468 3976; x_wconf 92' lang='lat' dir='ltr'><strong>solum</strong></span> <span class='ocrx_word' id='word_1_604' title='bbox 2512 3923 2856 3995; x_wconf 89' lang='lat' dir='ltr'><strong>agnoscimus</strong></span> <span class='ocrx_word' id='word_1_605' title='bbox 2887 3926 3092 3997; x_wconf 90' lang='lat' dir='ltr'><strong>Deum;</strong></span> <span class='ocrx_word' id='word_1_606' title='bbox 3144 3940 3196 3988; x_wconf 92' lang='lat' dir='ltr'><strong>te</strong></span> <span class='ocrx_word' id='word_1_607' title='bbox 3238 3932 3440 4005; x_wconf 79' lang='lat' dir='ltr'><strong>Regem</strong></span> <span class='ocrx_word' id='word_1_608' title='bbox 3471 3936 3693 4007; x_wconf 79' lang='lat' dir='ltr'><strong>proﬁte-</strong></span> 
     </span>
    </p>
   </div>
   <div class='ocr_carea' id='block_1_98' title="bbox 2100 4013 3699 4100">
    <p class='ocr_par' dir='ltr' id='par_1_98' title="bbox 2100 4013 3699 4100">
     <span class='ocr_line' id='line_1_98' title="bbox 2100 4013 3699 4100; baseline 0.013 -35"><span class='ocrx_word' id='word_1_609' title='bbox 2100 4026 2253 4077; x_wconf 89' lang='lat' dir='ltr'><strong>mur;</strong></span> <span class='ocrx_word' id='word_1_610' title='bbox 2284 4021 2336 4068; x_wconf 92' lang='lat' dir='ltr'><strong>te</strong></span> <span class='ocrx_word' id='word_1_611' title='bbox 2355 4013 2658 4086; x_wconf 89' lang='lat' dir='ltr'><strong>adjutorem</strong></span> <span class='ocrx_word' id='word_1_612' title='bbox 2685 4016 3019 4076; x_wconf 88' lang='lat' dir='ltr'><strong>invocamus.</strong></span> <span class='ocrx_word' id='word_1_613' title='bbox 3054 4021 3153 4079; x_wconf 90' lang='lat' dir='ltr'><strong>Tui</strong></span> <span class='ocrx_word' id='word_1_614' title='bbox 3177 4028 3418 4083; x_wconf 89' lang='lat' dir='ltr'><strong>muneris</strong></span> <span class='ocrx_word' id='word_1_615' title='bbox 3439 4040 3521 4083; x_wconf 88' lang='lat' dir='ltr'><strong>est</strong></span> <span class='ocrx_word' id='word_1_616' title='bbox 3552 4032 3699 4100; x_wconf 86' lang='lat' dir='ltr'><strong>quod</strong></span> 
     </span>
    </p>
   </div>
   <div class='ocr_carea' id='block_1_99' title="bbox 2099 4106 3702 4191">
    <p class='ocr_par' dir='ltr' id='par_1_99' title="bbox 2099 4106 3702 4191">
     <span class='ocr_line' id='line_1_99' title="bbox 2099 4106 3702 4191; baseline 0.012 -31"><span class='ocrx_word' id='word_1_617' title='bbox 2099 4106 2352 4164; x_wconf 86' lang='lat' dir='ltr'><strong>victorias</strong></span> <span class='ocrx_word' id='word_1_618' title='bbox 2380 4111 2682 4177; x_wconf 89' lang='lat' dir='ltr'><strong>retulimus,</strong></span> <span class='ocrx_word' id='word_1_619' title='bbox 2715 4115 2858 4184; x_wconf 89' lang='lat' dir='ltr'><strong>quod</strong></span> <span class='ocrx_word' id='word_1_620' title='bbox 2912 4115 3099 4173; x_wconf 89' lang='lat' dir='ltr'><strong>hostes</strong></span> <span class='ocrx_word' id='word_1_621' title='bbox 3154 4123 3547 4191; x_wconf 89' lang='lat' dir='ltr'><strong>superavimus.</strong></span> <span class='ocrx_word' id='word_1_622' title='bbox 3579 4123 3702 4180; x_wconf 91' lang='lat' dir='ltr'><strong>Tibi</strong></span> 
     </span>
    </p>
   </div>
   <div class='ocr_carea' id='block_1_100' title="bbox 2099 4198 3706 4280">
    <p class='ocr_par' dir='ltr' id='par_1_100' title="bbox 2099 4198 3706 4280">
     <span class='ocr_line' id='line_1_100' title="bbox 2099 4198 3706 4280; baseline 0.011 -27"><span class='ocrx_word' id='word_1_623' title='bbox 2099 4198 2169 4254; x_wconf 89' lang='lat' dir='ltr'><strong>ob</strong></span> <span class='ocrx_word' id='word_1_624' title='bbox 2193 4201 2465 4271; x_wconf 75' lang='lat' dir='ltr'><strong>prtelerita</strong></span> <span class='ocrx_word' id='word_1_625' title='bbox 2484 4204 2594 4267; x_wconf 89' lang='lat' dir='ltr'><strong>jam</strong></span> <span class='ocrx_word' id='word_1_626' title='bbox 2627 4204 2765 4260; x_wconf 89' lang='lat' dir='ltr'><strong>bona</strong></span> <span class='ocrx_word' id='word_1_627' title='bbox 2787 4207 2987 4277; x_wconf 83' lang='lat' dir='ltr'><strong>gratias</strong></span> <span class='ocrx_word' id='word_1_628' title='bbox 3026 4209 3234 4280; x_wconf 86' lang='lat' dir='ltr'><strong>agimus</strong></span> <span class='ocrx_word' id='word_1_629' title='bbox 3254 4253 3269 4279; x_wconf 94' lang='lat'><strong>,</strong></span> <span class='ocrx_word' id='word_1_630' title='bbox 3297 4223 3351 4267; x_wconf 89' lang='lat' dir='ltr'><strong>et</strong></span> <span class='ocrx_word' id='word_1_631' title='bbox 3378 4212 3553 4268; x_wconf 85' lang='lat' dir='ltr'><strong>futura</strong></span> <span class='ocrx_word' id='word_1_632' title='bbox 3582 4231 3611 4268; x_wconf 86' lang='lat' dir='ltr'><strong>a</strong></span> <span class='ocrx_word' id='word_1_633' title='bbox 3650 4226 3706 4271; x_wconf 88' lang='lat' dir='ltr'><strong>te</strong></span> 
     </span>
    </p>
   </div>
   <div class='ocr_carea' id='block_1_101' title="bbox 2098 4294 3703 4375">
    <p class='ocr_par' dir='ltr' id='par_1_101' title="bbox 2098 4294 3703 4375">
     <span class='ocr_line' id='line_1_101' title="bbox 2098 4294 3703 4375; baseline 0.011 -29"><span class='ocrx_word' id='word_1_634' title='bbox 2098 4306 2401 4362; x_wconf 90' lang='lat' dir='ltr'><strong>speramus.</strong></span> <span class='ocrx_word' id='word_1_635' title='bbox 2443 4294 2561 4350; x_wconf 89' lang='lat' dir='ltr'><strong>Tibi</strong></span> <span class='ocrx_word' id='word_1_636' title='bbox 2591 4311 2782 4352; x_wconf 87' lang='lat' dir='ltr'><strong>omnes</strong></span> <span class='ocrx_word' id='word_1_637' title='bbox 2832 4300 3217 4369; x_wconf 89' lang='lat' dir='ltr'><strong>supplicamus,</strong></span> <span class='ocrx_word' id='word_1_638' title='bbox 3250 4313 3414 4375; x_wconf 89' lang='lat' dir='ltr'><strong>utque</strong></span> <span class='ocrx_word' id='word_1_639' title='bbox 3465 4306 3703 4375; x_wconf 86' lang='lat' dir='ltr'><strong>impera-</strong></span> 
     </span>
    </p>
   </div>
   <div class='ocr_carea' id='block_1_102' title="bbox 2096 4384 3702 4470">
    <p class='ocr_par' dir='ltr' id='par_1_102' title="bbox 2096 4384 3702 4470">
     <span class='ocr_line' id='line_1_102' title="bbox 2096 4384 3702 4470; baseline 0.012 -34"><span class='ocrx_word' id='word_1_640' title='bbox 2096 4389 2268 4438; x_wconf 87' lang='lat' dir='ltr'><strong>torem</strong></span> <span class='ocrx_word' id='word_1_641' title='bbox 2297 4393 2539 4439; x_wconf 89' lang='lat' dir='ltr'><strong>nostrutn</strong></span> <span class='ocrx_word' id='word_1_642' title='bbox 2565 4384 3004 4458; x_wconf 89' lang='lat' dir='ltr'><strong>Constantinum,</strong></span> <span class='ocrx_word' id='word_1_643' title='bbox 3028 4407 3133 4447; x_wconf 88' lang='lat' dir='ltr'><strong>una</strong></span> <span class='ocrx_word' id='word_1_644' title='bbox 3155 4408 3275 4449; x_wconf 90' lang='lat' dir='ltr'><strong>cum</strong></span> <span class='ocrx_word' id='word_1_645' title='bbox 3301 4396 3555 4466; x_wconf 87' lang='lat' dir='ltr'><strong>piissimis</strong></span> <span class='ocrx_word' id='word_1_646' title='bbox 3582 4400 3702 4470; x_wconf 88' lang='lat' dir='ltr'><strong>ejus</strong></span> 
     </span>
    </p>
   </div>
   <div class='ocr_carea' id='block_1_103' title="bbox 2097 4471 3703 4548">
    <p class='ocr_par' dir='ltr' id='par_1_103' title="bbox 2097 4471 3703 4548">
     <span class='ocr_line' id='line_1_103' title="bbox 2097 4471 3703 4548; baseline 0.014 -22"><span class='ocrx_word' id='word_1_647' title='bbox 2097 4471 2282 4531; x_wconf 88' lang='lat' dir='ltr'><strong>liberis</strong></span> <span class='ocrx_word' id='word_1_648' title='bbox 2308 4474 2635 4533; x_wconf 87' lang='lat' dir='ltr'><strong>incolumem</strong></span> <span class='ocrx_word' id='word_1_649' title='bbox 2663 4488 2717 4534; x_wconf 89' lang='lat' dir='ltr'><strong>et</strong></span> <span class='ocrx_word' id='word_1_650' title='bbox 2742 4481 3002 4537; x_wconf 89' lang='lat' dir='ltr'><strong>victorem</strong></span> <span class='ocrx_word' id='word_1_651' title='bbox 3041 4483 3344 4542; x_wconf 88' lang='lat' dir='ltr'><strong>diutissime</strong></span> <span class='ocrx_word' id='word_1_652' title='bbox 3389 4490 3545 4546; x_wconf 87' lang='lat' dir='ltr'><strong>nobis</strong></span> <span class='ocrx_word' id='word_1_653' title='bbox 3584 4505 3703 4548; x_wconf 85' lang='lat' dir='ltr'><strong>ser-</strong></span> 
     </span>
    </p>
   </div>
   <div class='ocr_carea' id='block_1_104' title="bbox 2096 4571 3701 4641">
    <p class='ocr_par' dir='ltr' id='par_1_104' title="bbox 2096 4571 3701 4641">
     <span class='ocr_line' id='line_1_104' title="bbox 2096 4571 3701 4641; baseline 0.011 -20"><span class='ocrx_word' id='word_1_654' title='bbox 2096 4582 2213 4635; x_wconf 91' lang='lat' dir='ltr'><strong>ves,</strong></span> <span class='ocrx_word' id='word_1_655' title='bbox 2236 4584 2505 4641; x_wconf 82' lang='lat' dir='ltr'><strong>rogamus.</strong></span> <span class='ocrx_word' id='word_1_656' title='bbox 2555 4571 2680 4628; x_wconf 81' lang='lat' dir='ltr'><strong>Haec</strong></span> <span class='ocrx_word' id='word_1_657' title='bbox 2709 4572 2796 4630; x_wconf 92' lang='lat' dir='ltr'><strong>die</strong></span> <span class='ocrx_word' id='word_1_658' title='bbox 2825 4575 2957 4630; x_wconf 88' lang='lat' dir='ltr'><strong>solis</strong></span> <span class='ocrx_word' id='word_1_659' title='bbox 3011 4591 3041 4631; x_wconf 89' lang='lat' dir='ltr'><strong>a</strong></span> <span class='ocrx_word' id='word_1_660' title='bbox 3092 4577 3412 4635; x_wconf 89' lang='lat' dir='ltr'><strong>militaribus</strong></span> <span class='ocrx_word' id='word_1_661' title='bbox 3460 4584 3701 4641; x_wconf 88' lang='lat' dir='ltr'><strong>numeris</strong></span> 
     </span>
    </p>
   </div>
   <div class='ocr_carea' id='block_1_105' title="bbox 2018 4628 3700 4745">
    <p class='ocr_par' dir='ltr' id='par_1_105' title="bbox 2018 4628 3700 4745">
     <span class='ocr_line' id='line_1_105' title="bbox 2018 4628 3700 4745; baseline 0.012 -33"><span class='ocrx_word' id='word_1_662' title='bbox 2018 4628 2073 4691; x_wconf 76' lang='lat' dir='ltr'><strong>D</strong></span> <span class='ocrx_word' id='word_1_663' title='bbox 2099 4658 2238 4728; x_wconf 83' lang='lat' dir='ltr'><strong>fieri,</strong></span> <span class='ocrx_word' id='word_1_664' title='bbox 2268 4670 2322 4717; x_wconf 90' lang='lat' dir='ltr'><strong>et</strong></span> <span class='ocrx_word' id='word_1_665' title='bbox 2348 4660 2464 4718; x_wconf 72' lang='lat' dir='ltr'><strong>haec</strong></span> <span class='ocrx_word' id='word_1_666' title='bbox 2487 4663 2650 4720; x_wconf 89' lang='lat' dir='ltr'><strong>verba</strong></span> <span class='ocrx_word' id='word_1_667' title='bbox 2692 4665 2834 4721; x_wconf 89' lang='lat' dir='ltr'><strong>inter</strong></span> <span class='ocrx_word' id='word_1_668' title='bbox 2884 4668 3214 4736; x_wconf 90' lang='lat' dir='ltr'><strong>precandum</strong></span> <span class='ocrx_word' id='word_1_669' title='bbox 3265 4672 3332 4727; x_wconf 91' lang='lat' dir='ltr'><strong>ab</strong></span> <span class='ocrx_word' id='word_1_670' title='bbox 3372 4672 3437 4730; x_wconf 90' lang='lat' dir='ltr'><strong>iis</strong></span> <span class='ocrx_word' id='word_1_671' title='bbox 3466 4674 3700 4745; x_wconf 87' lang='lat' dir='ltr'><strong>proferri</strong></span> 
     </span>
    </p>
   </div>
   <div class='ocr_carea' id='block_1_106' title="bbox 2095 4757 2375 4829">
    <p class='ocr_par' dir='ltr' id='par_1_106' title="bbox 2095 4757 2375 4829">
     <span class='ocr_line' id='line_1_106' title="bbox 2095 4757 2375 4829; baseline -0.004 -18"><span class='ocrx_word' id='word_1_672' title='bbox 2095 4757 2375 4829; x_wconf 70' lang='lat' dir='ltr'><strong>praecepit.</strong></span> 
     </span>
    </p>
   </div>
   <div class='ocr_carea' id='block_1_107' title="bbox 2668 4836 3092 4905">
    <p class='ocr_par' dir='ltr' id='par_1_107' title="bbox 2668 4836 3092 4905">
     <span class='ocr_line' id='line_1_107' title="bbox 2668 4836 3092 4905; baseline 0.009 -12"><span class='ocrx_word' id='word_1_673' title='bbox 2668 4836 2907 4905; x_wconf 84' lang='lat' dir='ltr'><strong>CAPUT</strong></span> <span class='ocrx_word' id='word_1_674' title='bbox 2946 4839 3092 4897; x_wconf 88' lang='lat' dir='ltr'><strong>XXI.</strong></span> 
     </span>
    </p>
   </div>
   <div class='ocr_carea' id='block_1_108' title="bbox 2169 4927 3700 5015">
    <p class='ocr_par' dir='ltr' id='par_1_108' title="bbox 2169 4927 3700 5015">
     <span class='ocr_line' id='line_1_108' title="bbox 2169 4927 3700 5015; baseline 0.012 -33"><span class='ocrx_word' id='word_1_675' title='bbox 2169 4927 2240 4983; x_wconf 83' lang='lat' dir='ltr'><strong>In</strong></span> <span class='ocrx_word' id='word_1_676' title='bbox 2258 4928 2416 4984; x_wconf 86' lang='lat' dir='ltr'><strong>armis</strong></span> <span class='ocrx_word' id='word_1_677' title='bbox 2441 4930 2663 4986; x_wconf 89' lang='lat' dir='ltr'><strong>militum</strong></span> <span class='ocrx_word' id='word_1_678' title='bbox 2681 4933 2889 5004; x_wconf 82' lang='lat' dir='ltr'><strong>signum</strong></span> <span class='ocrx_word' id='word_1_679' title='bbox 2917 4934 3186 4995; x_wconf 70' lang='lat' dir='ltr'><strong>dominica:</strong></span> <span class='ocrx_word' id='word_1_680' title='bbox 3210 4942 3378 4997; x_wconf 85' lang='lat' dir='ltr'><strong>crucis</strong></span> <span class='ocrx_word' id='word_1_681' title='bbox 3407 4944 3625 5015; x_wconf 76' lang='lat' dir='ltr'><strong>exprimi</strong></span> <span class='ocrx_word' id='word_1_682' title='bbox 3694 4980 3700 5015; x_wconf 85' lang='lat'><strong>,</strong></span> 
     </span>
    </p>
   </div>
   <div class='ocr_carea' id='block_1_109' title="bbox 2805 5027 2975 5100">
    <p class='ocr_par' dir='ltr' id='par_1_109' title="bbox 2805 5027 2975 5100">
     <span class='ocr_line' id='line_1_109' title="bbox 2805 5027 2975 5100; baseline 0.018 -19"><span class='ocrx_word' id='word_1_683' title='bbox 2805 5027 2975 5100; x_wconf 85' lang='lat' dir='ltr'><strong>jubet.</strong></span> 
     </span>
    </p>
   </div>
   <div class='ocr_carea' id='block_1_110' title="bbox 2170 5144 3697 5228">
    <p class='ocr_par' dir='ltr' id='par_1_110' title="bbox 2170 5144 3697 5228">
     <span class='ocr_line' id='line_1_110' title="bbox 2170 5144 3697 5228; baseline 0.009 -28"><span class='ocrx_word' id='word_1_684' title='bbox 2170 5144 2309 5215; x_wconf 86' lang='lat' dir='ltr'><strong>Quin</strong></span> <span class='ocrx_word' id='word_1_685' title='bbox 2336 5145 2497 5203; x_wconf 90' lang='lat' dir='ltr'><strong>etiam</strong></span> <span class='ocrx_word' id='word_1_686' title='bbox 2526 5145 2579 5201; x_wconf 92' lang='lat' dir='ltr'><strong>in</strong></span> <span class='ocrx_word' id='word_1_687' title='bbox 2610 5145 2741 5216; x_wconf 91' lang='lat' dir='ltr'><strong>ipsis</strong></span> <span class='ocrx_word' id='word_1_688' title='bbox 2764 5147 2931 5201; x_wconf 90' lang='lat' dir='ltr'><strong>armis</strong></span> <span class='ocrx_word' id='word_1_689' title='bbox 2962 5147 3213 5207; x_wconf 88' lang='lat' dir='ltr'><strong>salutaris</strong></span> <span class='ocrx_word' id='word_1_690' title='bbox 3248 5155 3437 5225; x_wconf 82' lang='lat' dir='ltr'><strong>tropaei</strong></span> <span class='ocrx_word' id='word_1_691' title='bbox 3483 5156 3697 5228; x_wconf 86' lang='lat' dir='ltr'><strong>signum</strong></span> 
     </span>
    </p>
   </div>
   <div class='ocr_carea' id='block_1_111' title="bbox 2093 5235 3696 5321">
    <p class='ocr_par' dir='ltr' id='par_1_111' title="bbox 2093 5235 3696 5321">
     <span class='ocr_line' id='line_1_111' title="bbox 2093 5235 3696 5321; baseline 0.01 -31"><span class='ocrx_word' id='word_1_692' title='bbox 2093 5235 2257 5308; x_wconf 90' lang='lat' dir='ltr'><strong>jussit</strong></span> <span class='ocrx_word' id='word_1_693' title='bbox 2280 5238 2481 5311; x_wconf 82' lang='lat' dir='ltr'><strong>eftlngi.</strong></span> <span class='ocrx_word' id='word_1_694' title='bbox 2504 5238 2679 5311; x_wconf 89' lang='lat' dir='ltr'><strong>thue</strong></span> <span class='ocrx_word' id='word_1_695' title='bbox 2699 5246 2825 5295; x_wconf 89' lang='lat' dir='ltr'><strong>ante</strong></span> <span class='ocrx_word' id='word_1_696' title='bbox 2851 5240 3169 5297; x_wconf 88' lang='lat' dir='ltr'><strong>instructum</strong></span> <span class='ocrx_word' id='word_1_697' title='bbox 3187 5245 3351 5302; x_wconf 91' lang='lat' dir='ltr'><strong>armis</strong></span> <span class='ocrx_word' id='word_1_698' title='bbox 3371 5248 3696 5321; x_wconf 83' lang='lat' dir='ltr'><strong>exercitum,</strong></span> 
     </span>
    </p>
   </div>
   <div class='ocr_carea' id='block_1_112' title="bbox 2098 5331 3695 5413">
    <p class='ocr_par' dir='ltr' id='par_1_112' title="bbox 2098 5331 3695 5413">
     <span class='ocr_line' id='line_1_112' title="bbox 2098 5331 3695 5413; baseline 0.01 -30"><span class='ocrx_word' id='word_1_699' title='bbox 2098 5344 2208 5384; x_wconf 89' lang='lat' dir='ltr'><strong>non</strong></span> <span class='ocrx_word' id='word_1_700' title='bbox 2236 5344 2396 5386; x_wconf 90' lang='lat' dir='ltr'><strong>aurea</strong></span> <span class='ocrx_word' id='word_1_701' title='bbox 2423 5331 2574 5402; x_wconf 89' lang='lat' dir='ltr'><strong>signa</strong></span> <span class='ocrx_word' id='word_1_702' title='bbox 2603 5341 2658 5387; x_wconf 90' lang='lat' dir='ltr'><strong>et</strong></span> <span class='ocrx_word' id='word_1_703' title='bbox 2698 5331 3010 5400; x_wconf 89' lang='lat' dir='ltr'><strong>simulacra,</strong></span> <span class='ocrx_word' id='word_1_704' title='bbox 3044 5346 3102 5390; x_wconf 91' lang='lat' dir='ltr'><strong>ut</strong></span> <span class='ocrx_word' id='word_1_705' title='bbox 3145 5347 3304 5394; x_wconf 87' lang='lat' dir='ltr'><strong>antea</strong></span> <span class='ocrx_word' id='word_1_706' title='bbox 3359 5341 3525 5395; x_wconf 91' lang='lat' dir='ltr'><strong>moris</strong></span> <span class='ocrx_word' id='word_1_707' title='bbox 3553 5352 3695 5413; x_wconf 83' lang='lat' dir='ltr'><strong>erat,</strong></span> 
     </span>
    </p>
   </div>
   <div class='ocr_carea' id='block_1_113' title="bbox 2095 5420 3701 5508">
    <p class='ocr_par' dir='ltr' id='par_1_113' title="bbox 2095 5420 3701 5508">
     <span class='ocr_line' id='line_1_113' title="bbox 2095 5420 3701 5508; baseline 0.009 -33"><span class='ocrx_word' id='word_1_708' title='bbox 2095 5420 2191 5476; x_wconf 89' lang='lat' dir='ltr'><strong>sed</strong></span> <span class='ocrx_word' id='word_1_709' title='bbox 2222 5420 2395 5477; x_wconf 90' lang='lat' dir='ltr'><strong>solum</strong></span> <span class='ocrx_word' id='word_1_710' title='bbox 2416 5421 2593 5477; x_wconf 90' lang='lat' dir='ltr'><strong>crucis</strong></span> <span class='ocrx_word' id='word_1_711' title='bbox 2624 5431 2885 5492; x_wconf 68' lang='lat' dir='ltr'><strong>tropaeum</strong></span> <span class='ocrx_word' id='word_1_712' title='bbox 2929 5425 3295 5497; x_wconf 70' lang='lat' dir='ltr'><strong>prmferretur,</strong></span> <span class='ocrx_word' id='word_1_713' title='bbox 3327 5431 3622 5490; x_wconf 89' lang='lat' dir='ltr'><strong>mandavit.</strong></span> <span class='ocrx_word' id='word_1_714' title='bbox 3690 5500 3701 5508; x_wconf 82' lang='lat'>_</span> 
     </span>
    </p>
   </div>
   <div class='ocr_carea' id='block_1_114' title="bbox 2681 5536 3109 5595">
    <p class='ocr_par' dir='ltr' id='par_1_114' title="bbox 2681 5536 3109 5595">
     <span class='ocr_line' id='line_1_114' title="bbox 2681 5536 3109 5595; baseline 0.007 -3"><span class='ocrx_word' id='word_1_715' title='bbox 2681 5536 2912 5595; x_wconf 84' lang='lat' dir='ltr'><strong>CAPUT</strong></span> <span class='ocrx_word' id='word_1_716' title='bbox 2942 5538 3109 5595; x_wconf 89' lang='lat' dir='ltr'><strong>XXII.</strong></span> 
     </span>
    </p>
   </div>
   <div class='ocr_carea' id='block_1_115' title="bbox 2277 5630 3512 5709">
    <p class='ocr_par' dir='ltr' id='par_1_115' title="bbox 2277 5630 3512 5709">
     <span class='ocr_line' id='line_1_115' title="bbox 2277 5630 3512 5709; baseline 0.011 -23"><span class='ocrx_word' id='word_1_717' title='bbox 2277 5630 2525 5686; x_wconf 82' lang='lat' dir='ltr'><strong>Studium</strong></span> <span class='ocrx_word' id='word_1_718' title='bbox 2550 5630 2794 5704; x_wconf 86' lang='lat' dir='ltr'><strong>precandi</strong></span> <span class='ocrx_word' id='word_1_719' title='bbox 2822 5640 2871 5687; x_wconf 92' lang='lat' dir='ltr'><strong>et</strong></span> <span class='ocrx_word' id='word_1_720' title='bbox 2893 5633 3061 5687; x_wconf 86' lang='lat' dir='ltr'><strong>cultus</strong></span> <span class='ocrx_word' id='word_1_721' title='bbox 3092 5632 3208 5701; x_wconf 79' lang='lat' dir='ltr'><strong>[esti</strong></span> <span class='ocrx_word' id='word_1_722' title='bbox 3234 5639 3512 5709; x_wconf 81' lang='lat' dir='ltr'><strong>paschalis.</strong></span> 
     </span>
    </p>
   </div>
   <div class='ocr_carea' id='block_1_116' title="bbox 2171 5744 3698 5832">
    <p class='ocr_par' dir='ltr' id='par_1_116' title="bbox 2171 5744 3698 5832">
     <span class='ocr_line' id='line_1_116' title="bbox 2171 5744 3698 5832; baseline 0.012 -32"><span class='ocrx_word' id='word_1_723' title='bbox 2171 5744 2292 5818; x_wconf 91' lang='lat' dir='ltr'><strong>Ipse</strong></span> <span class='ocrx_word' id='word_1_724' title='bbox 2321 5761 2451 5803; x_wconf 86' lang='lat' dir='ltr'><strong>vero</strong></span> <span class='ocrx_word' id='word_1_725' title='bbox 2477 5756 2662 5817; x_wconf 88' lang='lat' dir='ltr'><strong>utpote</strong></span> <span class='ocrx_word' id='word_1_726' title='bbox 2684 5760 2961 5805; x_wconf 89' lang='lat' dir='ltr'><strong>sacrorum</strong></span> <span class='ocrx_word' id='word_1_727' title='bbox 2988 5750 3369 5820; x_wconf 87' lang='lat' dir='ltr'><strong>mysteriorum</strong></span> <span class='ocrx_word' id='word_1_728' title='bbox 3409 5761 3698 5832; x_wconf 84' lang='lat' dir='ltr'><strong>particeps,</strong></span> 
     </span>
    </p>
   </div>
   <div class='ocr_carea' id='block_1_117' title="bbox 2101 5837 3704 5918">
    <p class='ocr_par' dir='ltr' id='par_1_117' title="bbox 2101 5837 3704 5918">
     <span class='ocr_line' id='line_1_117' title="bbox 2101 5837 3704 5918; baseline 0.01 -23"><span class='ocrx_word' id='word_1_729' title='bbox 2101 5837 2157 5895; x_wconf 91' lang='lat' dir='ltr'><strong>in</strong></span> <span class='ocrx_word' id='word_1_730' title='bbox 2203 5839 2405 5896; x_wconf 89' lang='lat' dir='ltr'><strong>intimis</strong></span> <span class='ocrx_word' id='word_1_731' title='bbox 2459 5839 2642 5911; x_wconf 87' lang='lat' dir='ltr'><strong>palatii</strong></span> <span class='ocrx_word' id='word_1_732' title='bbox 2695 5837 2780 5894; x_wconf 89' lang='lat' dir='ltr'><strong>sui</strong></span> <span class='ocrx_word' id='word_1_733' title='bbox 2827 5840 3193 5911; x_wconf 86' lang='lat' dir='ltr'><strong>penetralibus</strong></span> <span class='ocrx_word' id='word_1_734' title='bbox 3248 5847 3488 5918; x_wconf 86' lang='lat' dir='ltr'><strong>quotidie</strong></span> <span class='ocrx_word' id='word_1_735' title='bbox 3548 5855 3704 5910; x_wconf 80' lang='lat' dir='ltr'><strong>statis</strong></span> 
     </span>
    </p>
   </div>
   <div class='ocr_carea' id='block_1_118' title="bbox 3420 5946 3461 6006">
    <p class='ocr_par' dir='ltr' id='par_1_118' title="bbox 3420 5946 3461 6006">
     <span class='ocr_line' id='line_1_118' title="bbox 3420 5946 3461 6006; baseline 0 0"><span class='ocrx_word' id='word_1_736' title='bbox 3420 5946 3461 6006; x_wconf 89' lang='lat'><strong>3</strong></span> 
     </span>
    </p>
   </div>
  </div>
