4142 6178
442 325 512 381 75
1759 311 2029 372 EUSEBII
2080 307 2403 370 PAMPHILI
3675 313 3750 376 76

434 436 587 495 horis
615 447 736 490 sese
765 429 1064 498 includens,
1097 427 1321 485 remotis
1343 427 1558 484 arbitris
1583 425 1732 483 solus
1762 442 1884 484 cum
1917 428 2034 484 solo
2061 433 2112 494 Α
2139 430 2333 484 stitiosi
2367 429 2612 485 homines
2662 430 3041 487 existimabant
3081 429 3261 488 Nilum
3307 433 3535 503 posthac
3591 449 3744 491 more

434 529 842 602 colloquebatur
872 525 1098 589 Deo;et
1125 521 1178 576 in
1209 536 1380 593 genua
1408 521 1742 592 provolutus,
1804 536 1864 575 ea
1922 521 2040 591 qui-

435 620 540 682 bus
569 640 703 694 opus
728 621 952 677 haberet
976 614 1210 688 supplici
1239 631 1396 686 prece
1427 613 1754 685 postulabat.
1806 613 1863 668 In
1908 613 2041 684 ipsis

435 729 617 774 autem
648 715 936 772 salutifera:
963 712 1268 768 festivitatis
1291 709 1499 777 diebus,
1534 709 1831 780 disciplinae
1879 719 2039 779 atque

435 812 883 872 exercitationum
911 809 1149 882 vigorem
1181 806 1488 872 intendens,
1521 805 1729 861 cunctis
1778 804 1946 860 animi
1988 811 2044 859 et

437 909 682 981 corporis
736 905 942 962 viribus
988 903 1268 966 collectis,
1322 899 1591 971 pontificis
1648 909 1808 971 atque
1859 898 2043 954 hiero-

440 1002 660 1075 phantre
691 1013 914 1056 munere
949 995 1294 1067 fungebatur.
1330 994 1396 1048 Et
1445 994 1558 1062 ipse
1583 992 1798 1063 quidem
1830 991 2044 1048 caeteris

442 1095 697 1153 omnibus
749 1093 980 1164 praeibat
1027 1088 1094 1144 ad
1148 1087 1270 1144 festi
1321 1085 1766 1143 celebrationem.
1821 1083 2043 1141 Sacram

445 1203 628 1248 autem
655 1187 893 1261 vigiliam
918 1189 973 1244 in
1008 1183 1254 1242 diurnmn
1283 1179 1632 1257 splendorem
1671 1185 2034 1245 converterat,

443 1283 692 1341 accensis
744 1291 853 1337 tota
901 1279 1037 1335 urbe
1095 1293 1377 1335 cereorum
1409 1273 1728 1348 quibusdam
1776 1270 2045 1327 columnis

445 1391 546 1448 per
565 1389 660 1431 eos
689 1373 882 1446 quibus
907 1371 960 1427 id
1005 1370 1186 1441 operis
1217 1378 1334 1425 erat
1381 1368 1697 1439 injunetum.
1745 1363 2047 1434 Lampades

446 1481 661 1539 quoque
717 1477 960 1521 accensae
1009 1471 1199 1519 cuncta
1256 1462 1454 1532 passim
1513 1462 1630 1516 loca
1674 1457 2047 1526 illustrabant;

449 1561 586 1618 adeo
611 1570 670 1615 ut
714 1558 831 1614 haec
872 1557 1098 1629 mystica
1145 1555 1326 1628 vigilia
1373 1554 1560 1626 quovis
1591 1551 1677 1608 vel
1722 1549 2050 1622 splendidis-

452 1654 592 1709 simo
619 1651 706 1707 die
731 1648 1061 1722 Splendidior
1090 1645 1428 1704 redderetur.
1459 1644 1632 1701 Simul
1662 1655 1796 1701 vero
1833 1657 1898 1698 ac
1932 1641 2050 1699 dies

446 1741 736 1809 illu‘xerat,
787 1740 1090 1800 Servatoris
1139 1740 1308 1794 nostri
1371 1737 1784 1794 beneﬁcentiam
1851 1735 2050 1792 imitari

2146 523 2304 578 solito
2347 537 2504 593 agros
2531 537 2659 578 suos
2707 524 2927 580 minime
2987 524 3351 596 irrigaturum,
3397 526 3745 595 imperatoris

2149 613 2253 682 legi
2305 615 2486 670 favens
2512 616 2672 683 Deus,
2702 617 3028 672 contrarium
3079 631 3297 686 prorsus
3348 633 3508 688 quam
3562 633 3747 689 spera-

2147 715 2335 761 verant
2363 710 2633 776 praestitit.
2662 707 2794 764 Nam
2828 709 2907 764 illi
2942 710 3160 782 quidem
3205 711 3296 782 qui
3325 712 3485 767 urbes
3531 705 3748 768 obseae-

2147 799 2316 855 nitate
2357 813 2451 854 sua
2503 800 2812 870 polluebant
2859 815 2980 858 esse
3023 803 3320 859 desierunt.
3392 802 3512 875 Ipse
3563 809 3746 860 autem

2150 893 2367 962 ﬂuvius,
2399 895 2554 966 quasi
2584 898 2793 967 expiata
2824 905 3152 968 purgataque
3182 898 3283 968 ipsi
3335 906 3444 953 tota
3499 899 3741 969 regione,

2149 987 2367 1043 uberior
2415 1003 2576 1059 quam
2626 1003 2862 1059 unquam
2915 999 3072 1046 antea
3125 989 3372 1056 aliiuxit,
3417 999 3471 1047 et
3517 991 3750 1061 largiore

2147 1093 2408 1152 aquarum
2456 1083 2609 1152 copia
2662 1083 2963 1149 exundans,
3018 1098 3176 1155 agros
3229 1099 3422 1140 omnes
3475 1085 3744 1156 irrigavit:

2151 1175 2346 1230 stultos
2373 1173 2618 1231 homines
2658 1176 2834 1246 reipsa
2864 1175 3063 1232 docens
3093 1185 3254 1248 atque
3297 1177 3616 1246 admonens,
3647 1177 3749 1233 im-

2153 1281 2314 1338 puros
2359 1267 2575 1340 quidem
2629 1269 2866 1325 aversari
2916 1278 3201 1340 oportere;
3258 1271 3356 1327 soli
3405 1279 3586 1329 autem
3638 1272 3748 1328 Deo

2151 1359 2392 1414 omnium
2467 1358 2730 1416 bonorum
2795 1361 3002 1418 auctori
3065 1375 3354 1434 prosperos
3419 1377 3580 1421 casus
3629 1379 3751 1422 esse

2153 1450 2558 1508 adscribendos.

2722 1587 2953 1646 CAPUT
2992 1587 3184 1646 XXVI.

2158 1765 2168 1773 ι
2191 1702 2447 1759 Correctio
2475 1704 2598 1776 legis
2619 1704 2862 1761 adversus
2882 1705 3055 1774 orbos,
3077 1716 3123 1761 et
3153 1707 3276 1779 legis
3305 1707 3368 1762 de
3394 1709 3721 1765 testamentis.

452 1836 695 1901 studens,
745 1834 1010 1889 universis
1059 1831 1325 1903 gentibus,
1379 1830 1666 1901 provinciis
1718 1842 1782 1884 ac
1835 1821 2048 1899 populis
2077 1832 2126 1894 Β
2231 1819 2429 1876 Verum
2451 1821 2730 1877 enimvero
2756 1835 2877 1878 eum
2905 1821 3213 1893 huiusmodi
3244 1836 3335 1878 res
3358 1838 3496 1892 pene
3518 1823 3756 1879 innume-

449 1929 654 2000 largam
703 1942 924 1982 manum
980 1923 1315 1996 porrigebat;
1365 1921 1772 1993 opulentissima
1838 1919 2048 1978 donans

453 2019 705 2078 omnibus
735 2033 980 2076 munera.

1024 2109 1250 2169 CAPUT
1295 2107 1486 2165 XXIII.

455 2207 724 2278 Quomodo
747 2208 1002 2264 idolorum
1019 2206 1216 2261 cultum
1247 2201 1530 2274 prohibuit,
1563 2211 1852 2273 martyrum
1878 2206 2052 2253 autem

1033 2299 1165 2369 festa
1187 2296 1474 2352 honoravit.

523 2416 638 2472 Hoc
682 2415 844 2486 igitur
898 2412 1059 2469 modo
1106 2413 1221 2483 ipse
1272 2410 1386 2466 Deo
1440 2424 1540 2464 suo
1593 2422 1744 2464 sacra
1798 2405 2048 2462 faciebat.

453 2507 720 2564 Caeterum
767 2504 975 2561 cunctis
1009 2501 1111 2559 sub
1157 2516 1382 2558 romano
1432 2499 1659 2569 imper-io
1709 2497 2050 2569 degentibus,

456 2609 567 2656 tam
590 2599 781 2671 plebiis
794 2615 953 2670 quam
977 2597 1257 2664 militibus,
1282 2596 1510 2650 occlusa:
1535 2603 1691 2649 erant
1713 2591 1860 2648 fores
1875 2591 2052 2647 cultus

451 2691 886 2756 simulacrorum,
915 2698 970 2744 et
994 2687 1222 2759 quodvis
1251 2686 1636 2742 sacrificiorum
1665 2696 1838 2755 genus
1888 2682 2055 2736 inter-

451 2784 676 2840 dictum.
708 2782 867 2839 Missa
895 2797 1112 2853 quoque
1153 2779 1239 2836 lex
1270 2790 1354 2834 εει
1395 2777 1463 2834 ad
1515 2775 1780 2848 praesides
1827 2775 2054 2846 provin-

452 2879 680 2944 ciarum,
716 2885 772 2932 ut
792 2876 935 2931 diem
965 2874 1297 2930 dominicum
1321 2873 1483 2928 etiam
1512 2871 1613 2941 ipsi
1641 2877 2051 2925 venerarentur.

453 2969 622 3024 Iidem
654 2968 820 3024 festos
852 2975 1148 3038 martyrum
1172 2965 1288 3021 dies
1310 2965 1466 3036 jussu
1499 2962 1758 3034 principis
1801 2962 2056 3017 observa-

458 3062 604 3127 bant,
629 3069 682 3115 et
710 3057 1197 3115 ecclesiasticarum
1226 3056 1573 3112 festivitatum
1607 3064 1848 3124 tempora
1872 3051 2056 3108 debito

452 3153 659 3209 honore
682 3151 1167 3223 prosequebantur.
1197 3149 1326 3217 Quae
1363 3148 1584 3220 quidem
1630 3145 1811 3202 omnia
1841 3158 2056 3204 summo

449 3263 572 3306 cum
595 3246 937 3317 imperatoris
958 3241 1347 3315 peragebantur
1364 3240 1581 3313 gaudio.

992 3359 1220 3416 CAPUT
1258 3357 1450 3414 XXIV.

447 3455 598 3524 Quod
651 3471 821 3512 rerum
873 3463 1200 3510 externarum
1247 3452 1399 3523 quasi
1455 3452 1752 3524 episcopum
1825 3463 1878 3502 se
1942 3461 2050 3500 esse

1173 3545 1324 3599 dixit.

525 3663 786 3730 Quocirca
817 3677 924 3716 non
983 3661 1235 3730 absurde,
1265 3675 1388 3718 cum
1428 3661 1712 3730 episc0pos
1764 3654 2052 3728 aliquando

451 3756 700 3814 convivio
728 3757 1019 3825 exciperet,
1046 3769 1106 3810 se
1131 3769 1345 3824 quoque
1376 3754 1687 3824 episcopum
1733 3765 1855 3806 esse
1895 3749 2050 3815 dixit,

453 3850 538 3905 his
563 3850 674 3904 fere
701 3846 878 3904 verbis
905 3861 1030 3902 usus
1070 3844 1225 3900 nobis
1254 3844 1627 3915 praesentibus.
1663 3843 1770 3898 Vos
1809 3840 2052 3912 quidem,
2105 3857 2114 3868 '

453 3941 673 4012 inquit,
729 3940 783 3994 in
832 3939 896 3992 iis
943 3953 1062 4008 quae
1107 3936 1244 3991 intra
1301 3936 1596 3990 Ecclesiam
1640 3945 1764 3989 sunt
1815 3932 2054 4002 episcopi

452 4034 583 4088 estis
602 4073 616 4099 ,
644 4046 747 4103 ego
779 4044 908 4086 vero
933 4029 983 4084 in
1036 4029 1101 4084 iis
1129 4043 1250 4100 quae
1274 4037 1425 4082 extra
1473 4036 1734 4097 geruntur
1763 4025 2051 4096 episcopus

448 4141 480 4182 a
511 4126 621 4182 Deo
641 4142 762 4182 sum
785 4123 1129 4181 constitutus.
1163 4123 1346 4194 Itaque
1375 4123 1600 4178 consilia
1646 4121 1865 4191 capiens
1894 4117 2054 4172 dictis

447 4224 818 4292 congruentia,
842 4234 1032 4274 omnes
1058 4218 1284 4288 imperio
1315 4225 1414 4272 'suo
1445 4215 1717 4285 subjectos
1762 4210 2055 4282 episcopali

427 4302 818 4368 sollicitudine
872 4310 1241 4382 gubernabat;
1293 4319 1350 4365 et
1399 4309 1825 4380 quibuscumque
1878 4293 2054 4357 modis

451 4415 681 4475 peterat,
734 4414 791 4461 ut
836 4419 1021 4460 veram
1077 4403 1329 4475 pietatem
1387 4407 1868 4465 consectarentur,
1923 4394 2058 4451 inei-

452 4497 616 4554 tabat.

1031 4586 1259 4644 CAPUT
1284 4585 1452 4642 XXV.

452 4673 530 4740 De
581 4679 921 4753 prohibitione
961 4679 1336 4748 sacriﬁciorum
1384 4689 1430 4734 et
1478 4679 1846 4743 initiationum,
1905 4684 1950 4732 et
1990 4676 2053 4731 de

521 4774 724 4829 abolitis
773 4773 1139 4842 gladiatoribus
1186 4781 1232 4826 et
1262 4772 1480 4842 impuris
1522 4771 1866 4826 sacerdotibus
1915 4769 2048 4824 Nili.

524 4891 657 4946 Hinc
685 4896 769 4945 est
813 4889 954 4958 quod
1006 4888 1212 4944 crebris
1240 4889 1450 4959 legibus
1479 4899 1532 4943 et
1579 4885 2052 4943 constitutionibus

453 4975 732 5041 interdiilit
769 4982 1039 5048 munibus,
1090 4997 1158 5037 ne
1209 4982 1511 5037 simulacris
1552 4982 1948 5048 sacrilicarent;
1985 4996 2052 5036 ne

451 5087 601 5132 vates
623 5078 833 5130 curiose
863 5074 1238 5139 consulerent;
1269 5089 1402 5128 neve
1431 5073 1718 5130 simulacra
1743 5073 2015 5144 erigerent
2034 5113 2048 5139 ,

449 5181 537 5224 aut
567 5184 759 5222 arcana
789 5183 938 5220 sacra
973 5177 1325 5237 peragerent;
1385 5173 1660 5235 postremo
1708 5182 1774 5220 ne
1811 5165 2051 5222 cruentis

449 5262 801 5333 gladiatorum
833 5259 1154 5328 spectaculis
1204 5257 1364 5312 urbes
1393 5259 1843 5312 contaminarent.
1884 5257 2048 5312 Cum-

443 5365 551 5424 ‘que
579 5355 815 5427 Egyptii
845 5364 898 5408 et
927 5350 1274 5407 Alexandrini
1299 5351 1516 5406 ﬂuvium
1541 5365 1696 5406 suum
1747 5351 2048 5406 ministerio

447 5449 801 5518 quorumdam
836 5445 1111 5500 hominum
1138 5437 1568 5499 cllctninatorum
1599 5444 1781 5500 colere
1812 5459 2049 5498 consue-

451 5542 671 5603 vissent,
705 5541 788 5595 lex
821 5555 1034 5610 quoque
1061 5538 1128 5593 ad
1160 5553 1252 5593 eos
1278 5539 1401 5593 data
1423 5548 1525 5604 est,
1547 5548 1602 5594 ut
1629 5539 1804 5592 ()IIIIIIS
1832 5539 2048 5592 Andro-

446 5641 711 5702 gynornm
744 5633 887 5685 natio
939 5635 1194 5702 tanquam
1248 5629 1550 5685 adulterina
1602 5646 1633 5685 e
1683 5630 1859 5686 medio
1890 5633 2045 5686 tolle-

444 5733 621 5787 retur;
655 5733 754 5776 nec
781 5730 1004 5792 usiqnam
1047 5721 1491 5792 conspicerentur
1518 5723 1552 5776 ii
1603 5723 1691 5792 qui
1738 5723 2046 5792 liuius-modi

439 5813 790 5882 impudicitia-
813 5813 1000 5869 morbo
1033 5812 1384 5870 laborassem;
1419 5812 1524 5870 Sed
1559 5814 1812 5885 quoniam
1856 5825 2045 5886 super-

2165 1912 2361 1970 rabiles
2408 1915 2461 1969 in
2518 1914 2742 1985 singulis
2791 1914 3082 1984 provinciis
3124 1915 3192 1970 ab
3246 1915 3568 1986 imperatore
3592 1926 3761 1988 gestae

2155 2007 2285 2074 sint,
2316 2007 2644 2079 quicumque
2669 2023 2762 2063 eas
2792 2008 3056 2064 curiosius
3079 2008 3316 2064 scribere
3343 2010 3585 2080 aggressi
3634 2008 3754 2064 iue-

2154 2099 2284 2168 rint,
2360 2099 2746 2171 amplissimam
2819 2108 2968 2155 eerte
2997 2100 3276 2156 materiam
3319 2099 3549 2156 habituri
3614 2109 3762 2155 sunt.

2153 2193 2469 2264 Cujusmodi
2525 2203 2610 2250 est
2663 2193 2808 2265 quod
2854 2194 3114 2265 plurimas
3177 2193 3324 2265 leges
3379 2193 3446 2248 ad
3497 2193 3760 2264 majorem

2155 2287 2494 2344 sanctitatem
2521 2288 2831 2353 traducens,
2851 2302 2951 2358 pro
2979 2287 3214 2358 antiquis
3235 2301 3404 2342 novas
3430 2285 3573 2342 fecit.
3589 2287 3765 2357 Atque

2154 2380 2313 2451 hujus
2355 2381 2431 2436 rei
2455 2381 2626 2436 forma
2671 2395 2778 2435 uno
2806 2391 2899 2435 aut
2952 2381 3123 2435 altero
3183 2381 3430 2450 exemplo
3494 2378 3763 2435 declarari

2156 2481 2355 2544 potest.
2414 2472 2590 2528 Orbos
2661 2473 2895 2543 antiquae
2968 2473 3113 2542 leges
3160 2471 3490 2527 hacreditatis
3543 2481 3756 2542 patrum

2155 2567 2500 2638 ademptione
2527 2565 2849 2638 plectebant.
2905 2565 3142 2636 Eratque
3173 2566 3258 2620 lex
3287 2565 3404 2620 haec
3450 2581 3582 2621 sane
3617 2573 3766 2620 atro-

2156 2663 2406 2727 ciSsima;
2439 2661 2636 2732 quippe
2667 2677 2787 2732 quae
2823 2660 3068 2716 homines
3096 2659 3279 2714 liberis
3307 2659 3619 2725 destitutos,
3650 2668 3768 2714 tan-

2157 2769 2316 2822 quam
2343 2753 2570 2822 alicujus
2597 2753 2840 2808 criminis
2892 2767 3038 2819 reos,
3087 2765 3243 2822 parua
3270 2750 3549 2817 afﬁceret;
3599 2749 3770 2822 impe-
3815 2786 3823 2793 -

2160 2859 2306 2903 rator
2334 2863 2482 2914 vero,
2516 2848 2616 2902 hoc
2645 2848 2903 2918 abrogato
2921 2848 3066 2916 jure,
3096 2855 3338 2902 sanctam
3365 2862 3429 2902 ac
3458 2847 3765 2918 religiosam

2159 2943 2330 3014 legem
2357 2943 2500 2998 tulit.
2547 2942 2653 2997 Eos
2693 2943 2836 2997 enim
2879 2941 2971 3011 qui
3025 2949 3220 3010 sponte
3267 2955 3329 2994 ac
3380 2939 3557 2995 dedita
3591 2956 3757 3011 opera

2164 3045 2452 3108 peccareot
2475 3050 2714 3106 congruo
2742 3035 3010 3106 supplicio
3037 3032 3350 3088 afﬁciendos
3397 3048 3518 3089 esse
3559 3034 3757 3090 aiebat.

2162 3130 2230 3184 At
2269 3143 2396 3185 vero
2425 3127 2606 3184 multis
2648 3127 2838 3183 natura
2886 3127 3088 3183 liberos
3134 3121 3452 3196 denegavit;
3501 3127 3590 3197 qui
3643 3141 3767 3182 cum

2083 3231 2130 3295 ρ
2163 3237 2503 3278 numerosam
2533 3222 2774 3276 sobolem
2801 3219 2900 3274 sibi
2941 3227 3244 3289 optassent,
3301 3229 3481 3272 tamen
3531 3217 3601 3272 ob
3643 3233 3768 3274 cor-

2160 3314 2306 3385 poris
2334 3313 2701 3369 iniirmitatem
2733 3312 2918 3367 liberis
2947 3319 3256 3365 caruerunt.
3289 3309 3392 3364 Alii
3415 3309 3532 3364 sine
3575 3307 3764 3366 liberis

2156 3405 2278 3460 ideo
2307 3405 2576 3471 vixerunt,
2611 3419 2716 3459 non
2762 3403 2903 3474 quod
2939 3415 3284 3457 successores
3317 3401 3518 3457 habere
3563 3401 3764 3460 liberos

2155 3492 2380 3564 nollent,
2411 3497 2508 3552 sed
2535 3497 2680 3567 quod
2717 3496 3039 3552 muliebrem
3067 3496 3315 3564 copulam
3346 3503 3722 3551 aversarentur
3743 3537 3758 3562 ,

2156 3603 2267 3662 prae
2292 3589 2673 3650 ardentissimo
2697 3603 2885 3646 amore
2914 3589 3269 3660 philosophiae
3297 3587 3350 3643 id
3405 3589 3752 3644 continentia:

2157 3697 2328 3753 genus
2384 3681 2639 3752 amplexi.
2695 3682 2875 3736 MUIIlB
2943 3689 3205 3748 praeterea
3261 3681 3514 3736 mulieres
3571 3679 3760 3737 divino

2157 3777 2324 3833 cultui
2353 3786 2706 3845 consecratae,
2732 3775 3038 3832 castitatem
3073 3781 3236 3846 atque
3259 3775 3623 3830 omnimodam
3656 3776 3766 3831 vir-

2157 3873 2434 3945 ginitatem
2465 3872 2778 3934 coluerunt;
2805 3878 2861 3926 et
2889 3879 2994 3924 tam
3028 3870 3236 3924 animos
3261 3883 3390 3924 suos
3433 3879 3595 3939 quam
3637 3883 3764 3924 cor-

2161 3981 2288 4033 pora
2339 3963 2639 4034 purissimae
2661 3978 2725 4018 ac
2755 3963 3110 4017 sanctissimae
3132 3961 3255 4016 vitm
3290 3961 3757 4031 mancipaverunt.

2157 4059 2295 4128 Quid
2322 4057 2818 4129 ergoiutrumhoc
2847 4056 3132 4127 supplicio,
3177 4072 3244 4111 an
3292 4055 3472 4126 potius
3526 4055 3762 4110 admira-

2161 4153 2306 4207 tione
2330 4161 2388 4207 et
2419 4152 2810 4222 approbatione
2857 4149 3076 4219 dignum
3117 4148 3304 4204 haberi
3350 4149 3630 4217 oportuit?
3672 4147 3764 4202 Et-

2159 4249 2302 4301 enim
2356 4244 2514 4314 hujus
2565 4245 2639 4299 rei
2689 4242 2777 4298 vel
2806 4250 3032 4297 conatus
3062 4241 3179 4312 ipse
3205 4241 3494 4296 maximam
3548 4239 3762 4295 laudem

2160 4344 2434 4392 meretur:
2468 4334 2692 4391 eli'ectus
2713 4350 2840 4390 vero
2897 4346 3102 4388 naturae
3141 4333 3390 4388 humanas
3431 4333 3573 4389 vires
3599 4347 3762 4388 exce-

2159 4431 2257 4484 dit.
2290 4430 2398 4486 Eos
2429 4429 2588 4500 igitur
2616 4428 2809 4498 quibus
2831 4428 3096 4484 naturalis
3124 4426 3430 4494 inﬁrmitas,
3486 4426 3611 4482 licet
3651 4441 3765 4481 ma-

2161 4524 2305 4577 xime
2355 4521 2715 4592 cupientibus,
2767 4521 2966 4576 liberos
3037 4519 3344 4590 denegavit,
3418 4519 3764 4574 miseratione

2078 4607 2134 4684 Ῑ)
2159 4617 2408 4686 prosequi
2443 4617 2618 4683 potius
2645 4629 2804 4684 quam
2829 4629 2988 4685 paena
3014 4613 3232 4668 afﬁcere
3273 4613 3450 4668 decet.
3481 4612 3584 4680 Qui
3632 4626 3763 4668 vero

2161 4707 2490 4763 sublimioris
2510 4708 2862 4777 philosophim
2899 4722 3082 4761 amore
3099 4706 3334 4771 ducitur,
3351 4707 3395 4760 is
3410 4720 3517 4760 non
3541 4705 3760 4772 mulcta,

2161 4799 2254 4854 sed
2284 4799 2642 4854 admiratione
2662 4800 2903 4854 omnium
2933 4798 3123 4869 dignus
3152 4808 3253 4854 est.
3275 4797 3355 4852 Ad
3384 4799 3524 4852 hunc
3545 4797 3762 4851 modum

2162 4893 2454 4961 imperator
2477 4907 2686 4946 summa
2710 4907 2832 4947 cum
2858 4892 3111 4962 aequitate
3135 4890 3305 4960 legem
3336 4889 3479 4944 illam
3503 4888 3760 4944 correxit.

2162 4977 2431 5038 Praeterea
2460 4982 2916 5054 antiquislegibus
2943 4994 3154 5036 cautum
3187 4982 3376 5047 fuerat,
3426 4991 3485 5034 ut
3525 4981 3762 5036 morien-

2159 5083 2243 5129 tes
2270 5083 2323 5129 et
2342 5074 2610 5139 ultimum,
2635 5086 2696 5130 ut
2723 5075 2792 5129 ita
2811 5073 3008 5139 dicam,
3035 5075 3290 5129 ducentes
3307 5075 3576 5143 spiritum,
3599 5074 3762 5128 certis

2159 5166 2478 5235 quibusdam
2509 5166 2689 5222 verbis
2727 5177 3048 5223 testamenta
3101 5167 3415 5236 scrupulose
3465 5177 3762 5236 compone-

2160 5269 2310 5323 rent;
2339 5260 2774 5330 prmscriptmqne
2802 5270 2954 5315 erant
2987 5259 3233 5314 formula:
3275 5269 3327 5313 et
3361 5259 3758 5323 'solemnitates,

2159 5367 2222 5406 ac
2251 5352 2410 5407 verba
2441 5368 2561 5423 qua:
2590 5352 2711 5408 addi
2739 5363 3032 5422 oporteret.
3052 5351 3128 5407 Ex
3148 5365 3254 5423 quo
3271 5353 3516 5422 plurimae
3547 5352 3760 5408 fraudes

2157 5443 2579 5499 admittebantur
2654 5443 2722 5500 ad
2797 5443 3342 5501 circnmsCribendam
3417 5445 3757 5499 morientium

2155 5536 2505 5592 voluntatem.
2557 5537 2712 5606 Quod
2743 5537 3037 5607 imperator
3087 5550 3211 5590 cum
3263 5535 3756 5600 animadvertisset,

2156 5627 2294 5684 hanc
2355 5631 2517 5685 etiam
2570 5632 2739 5701 legem
2783 5630 3132 5696 emendavit;
3188 5638 3430 5686 statuens
3481 5640 3542 5686 nt
3600 5630 3757 5687 nudis

2152 5723 2330 5779 verbis
2349 5733 2409 5777 ct
2431 5725 3075 5794 qualicumque‘oratione
3104 5733 3484 5779 testamentum
3515 5722 3752 5780 condere

2147 5819 2731 5886 morientibuslicerct,
2760 5825 2818 5874 et
2839 5827 3144 5890 supremam
3194 5817 3518 5874 voluntatem
3561 5817 3752 5888 quovis
