4142 6178
364 342 439 410 ’Π
1449 344 1537 405 DE
1574 346 1734 406 VITA
1775 334 2233 405 CONSTANTINI
2268 336 2474 403 LIBER
2514 342 2606 404 IV.
3596 352 3666 409 7s

366 471 580 543 scripto
603 471 912 539 declarare;
937 474 1030 526 aut
1057 471 1102 525 si
1129 464 1351 524 mallent
1372 466 1490 525 sine
1512 468 1713 540 scripto
1741 465 1964 532 testari,
1995 468 2051 534 Α
2075 478 2346 534 unumque
2376 461 2524 518 illum
2554 477 2824 520 summum
2854 462 3095 520 omnium
3145 460 3348 536 Regem
3396 464 3670 537 prmcipuo

368 561 427 617 id
480 563 713 618 facerent
755 561 1011 618 adhibitis
1056 559 1314 617 duntaxat
1345 558 1569 615 testibus
1610 557 1840 626 idoneis,
1882 555 1973 627 qui

372 652 539 710 tidem
568 668 784 710 servam
806 655 1014 725 absque
1042 653 1322 710 mendacio
1346 658 1585 722 possent.

938 775 1167 833 CAPUT
1200 770 1415 833 XXVII.

374 896 528 964 Quod
574 896 743 967 legent
790 895 927 971 tulit
955 912 1020 950 ne
1061 892 1235 951 Judaei
1278 894 1617 949 christianum
1658 890 1974 962 mncipth

442 988 690 1044 [iuberent
711 1030 728 1055 ,
787 998 940 1061 atque
995 989 1330 1044 conciliorum
1382 987 1587 1042 decreta
1622 992 1740 1040 rata
1768 992 1935 1039 essent
1954 1020 1970 1048 ,

441 1089 490 1135 et
528 1088 735 1135 caetera.

439 1191 752 1259 Quinetiam
778 1192 954 1262 tegent
986 1190 1128 1256 tulit,
1146 1188 1723 1245 neCht-istiauusullus
1742 1187 1977 1242 serviret

363 1285 601 1343 laticis.
640 1283 828 1356 Neque
870 1284 1016 1339 enim
1062 1281 1146 1338 [ac
1202 1296 1349 1348 esse,
1378 1281 1500 1336 utii
1540 1280 1637 1351 qui
1675 1295 1706 1333 a
1744 1276 1977 1333 Domino

360 1381 637 1451 redempti
658 1389 865 1447 «seu,
888 1378 1277 1450 prophetam
1306 1393 1373 1432 ac
1402 1374 1617 1432 Domini
1663 1370 1978 1429 interfecto—

366 1473 523 1529 ribus
549 1473 828 1529 servitutis
844 1473 975 1543 ίῳ
994 1471 1377 1527 subderentur.
1401 1467 1557 1538 Quod
1580 1467 1629 1523 si
1670 1466 1793 1539 quis
1831 1464 1978 1520 ebri-

262 1566 267 1569 “
366 1569 563 1621 stiana:
588 1566 887 1635 religionis,
906 1579 1101 1621 servus
1131 1578 1296 1634 penes
1318 1561 1565 1617 .ludmum
1600 1555 1980 1629 deprehende-

367 1670 544 1726 retur,
584 1659 732 1714 iltutu
760 1658 982 1728 quidem
1027 1657 1275 1714 libertate
1304 1656 1527 1720 donari,
1562 1652 1811 1711 Judasutu
1847 1665 1978 1708 vero

367 1752 617 1807 mulctari
641 1750 869 1821 pecunia
896 1749 1080 1821 jussit.
1107 1748 1227 1805 lam
1261 1763 1389 1805 vero
1420 1748 1804 1818 episcoporum
1852 1742 1979 1800 scn-

2076 556 2224 610 cultu
2270 563 2325 611 et
2349 554 2708 612 admiratione
2737 566 3212 627 prosequerentur.
3254 554 3427 612 Porro
3470 555 3671 612 oratio-

2077 665 2204 703 num
2224 665 2444 704 suarum
2470 649 2812 719 partitionem
2846 650 2914 705 ita
2944 644 3270 715 faciebat,ut
3296 651 3527 721 primum
3542 650 3671 722 qui-

2075 737 2198 794 dem
2245 736 2621 795 refutationem
2670 738 2873 795 erroris
2917 739 3194 811 gentilium
3238 740 3291 796 in
3341 740 3522 798 multis
3565 739 3671 797 diis

2074 830 2355 896 colendis,
2402 832 2555 901 quasi
2602 831 3008 887 fundamentum
3054 833 3457 898 substerneret;
3507 834 3673 892 certis

2074 923 2373 978 rationibus
2402 922 2686 979 adstruens
2708 963 2724 989 ,
2750 923 3188 993 superstitionem
3218 923 3432 978 illorum
3463 932 3671 981 meram

2075 1012 2320 1070 fraudein
2363 1027 2521 1082 esse,
2567 1023 2624 1069 et
2682 1013 2974 1083 impietatis
3020 1014 3500 1085 propugnaculum.
3542 1013 3675 1071 Post

2077 1104 2196 1161 hac
2222 1106 2290 1161 de
2316 1104 2576 1176 singulari
2619 1105 2966 1175 intperioDei
3008 1105 3330 1163 disserebat.
3372 1102 3513 1161 Tum
3560 1119 3677 1164 ser-

2076 1211 2295 1252 monent
2319 1198 2552 1253 iaciebat
2588 1198 2660 1253 de
2684 1198 3016 1268 providentia
3038 1238 3054 1265 ,
3086 1213 3190 1270 qua
3224 1208 3280 1254 et
3307 1200 3557 1255 universa
3585 1212 3674 1255 re-

2076 1300 2276 1360 guntur
2308 1299 2367 1345 et
2410 1289 2640 1361 singula.
2688 1288 2828 1344 Hine
2869 1290 2939 1345 Id
2987 1291 3278 1346 salutarem
3327 1290 3676 1361 progrediens

2076 1380 2540 1452 (iaspensutionetu
2562 1422 2578 1448 ,
2616 1383 2755 1437 hanc
2781 1397 2999 1455 quoque
3026 1384 3336 1440 necessario
3377 1393 3433 1441 et
3477 1396 3679 1442 conve-

2076 1473 2251 1529 υἱωιὶ
2285 1474 2495 1529 ratione
2534 1473 2733 1529 iactatu
2781 1475 2948 1530 fuisse
2993 1475 3335 1531 ostendebat.
3380 1468 3511 1532 lude
3555 1488 3678 1532 ora-

2076 1565 2242 1620 tionis
2277 1579 2499 1621 cursutn
2527 1578 2891 1637 pmovees,
2916 1564 3341 1638 disputationum
3380 1568 3451 1624 de
3488 1567 3674 1625 divino

2076 1655 2281 1726 judicio
2309 1658 2741 1729 aggrediebatur.
2767 1657 2884 1725 Quo
2902 1659 2958 1714 in
2984 1659 3108 1715 loco
3130 1659 3437 1715 utditoruttt
3467 1660 3680 1717 animos

2079 1749 2400 1818 gravissime
2464 1750 2895 1823 perstringebat;
2942 1763 3188 1822 ruptores
3247 1766 3579 1823 coarguens,
3626 1761 3684 1810 et

370 1844 571 1897 tentias
589 1858 710 1913 qua:
736 1844 789 1897 in
805 1842 1054 1913 conciliis
1083 1841 1434 1913 promulgata:
1488 1847 1691 1905 essent,
1740 1836 1975 1892 auctori-
2006 1870 2056 1931 Β
2082 1842 2389 1913 violentos,
2422 1852 2478 1901 et
2506 1858 2603 1901 eos
2624 1845 2717 1918 qui
2746 1859 2807 1902 se
2846 1847 3196 1915 pecuniarum
3240 1845 3552 1917 inexplebili
3583 1860 3685 1904 cu-

360 1940 485 1992 tate
504 1944 607 1991 sua
628 1932 999 2002 Conﬁrmaﬁl;
1020 1930 1155 1990 adeo
1178 1942 1239 1988 ill.
1262 1931 1657 2003 provinciarum
1676 1928 1978 1986 rectoribus
2006 1928 2046 1931 —
2081 1936 2293 2007 pidilati
2320 1938 2742 2009 mancipassem,
2763 1938 3247 1995 Nonnulloseﬁam
3271 1953 3303 1994 e
3329 1938 3686 1996 familiaribus

366 2038 481 2088 non
518 2031 711 2088 liceret
748 2032 1126 2102 episc0porum
1173 2029 1391 2084 decreta
1436 2025 1765 2083 rescindere.
1797 2020 1979 2080 Cuivis

370 2129 515 2185 enim
540 2122 709 2199 judici
739 2124 1103 2197 pra-ferendos
1143 2140 1264 2180 esse
1308 2121 1619 2178 sacerdotes
1659 2119 1773 2175 Dei.
1808 2116 1979 2189 Hujus

369 2218 516 2276 modi
543 2236 681 2291 pene
711 2220 1021 2274 innumeras
1053 2217 1199 2288 leges
1221 2214 1449 2271 subditis
1464 2213 1577 2270 suis
1597 2213 1978 2286 promulgavit:

369 2320 510 2383 quas
541 2308 760 2381 quidem
791 2309 1049 2381 peculiari
1070 2307 1344 2363 volumine
1383 2304 1613 2371 tradere,
1660 2303 1729 2360 ad
1771 2302 1982 2374 perspi-

371 2398 623 2461 ciendatn
646 2403 751 2459 hac
773 2404 932 2458 etiam
964 2400 1018 2456 in
1049 2409 1198 2471 parte
1243 2398 1585 2470 imperatoris
1614 2391 1977 2468 prudentiam,

372 2498 600 2568 majoris
627 2496 725 2551 otii
745 2494 926 2551 fuerit.
952 2494 1095 2562 Quid
1120 2508 1267 2549 nunc
1304 2492 1501 2547 attinet
1527 2504 1977 2556 commemorare,

367 2587 830 2663 quemadmodum
853 2602 1067 2644 summo
1099 2586 1338 2641 omnium
1387 2585 1498 2639 Deo
1525 2596 1649 2640 sese
1672 2580 1979 2652 applicans,

365 2702 398 2739 a
423 2686 601 2756 prima
630 2683 750 2738 luce
776 2682 844 2737 ad
889 2695 1173 2751 vesperam
1221 2694 1354 2750 quos
1399 2693 1466 2734 ex
1510 2674 1664 2734 omni
1701 2674 1981 2731 hominum

369 2792 607 2835 numero
624 2775 904 2831 beneliciis
923 2772 1158 2829 afﬁceret
1172 2814 1188 2837 ,
1208 2772 1439 2827 sollicite
1461 2768 1796 2841 inquirebat;
1815 2780 1983 2837 seque

374 2882 505 2945 erga
533 2882 728 2928 omnes
749 2880 964 2942 aequum
982 2883 1046 2925 ac
1069 2867 1309 2935 civilem,
1340 2865 1477 2921 bene
1516 2864 1585 2920 de
1622 2860 1833 2919 cunctis
1865 2876 1981 2917 nte-

366 2964 571 3032 rendo,
594 2961 890 3036 praebebat.

911 3046 1145 3111 CAPUT
1200 3046 1436 3107 XXVIII.

373 3163 529 3231 Dona
568 3170 625 3229 in
667 3171 926 3228 Ecclesias
967 3169 1193 3236 cauata,
1236 3176 1282 3221 et
1323 3165 1553 3239 pecunia:
1597 3160 1879 3234 uirginibus
1922 3174 1986 3214 ac

704 3251 708 3253 Α
885 3262 1194 3338 pauperibus
1224 3270 1469 3333 erogata.

442 3385 554 3441 Sed
599 3384 873 3456 prccipue
916 3381 972 3436 in
1018 3378 1284 3435 ecclesias
1332 3375 1427 3431 Dei
1472 3373 1703 3446 plurima
1744 3369 1986 3427 contulit

365 3480 515 3537 dum
532 3521 554 3546 ,
586 3492 731 3533 nunc
766 3491 925 3547 agros
944 3513 962 3542 ,
995 3486 1140 3528 nunc
1160 3483 1404 3526 annonas
1430 3469 1486 3524 in
1510 3466 1825 3523 alimoniam
1846 3478 1984 3534 pauo-

362 3587 564 3645 perum
590 3582 648 3626 et
675 3569 955 3625 viduarum
985 3580 1050 3621 ac
1076 3563 1404 3636 pupillorum
1434 3560 1694 3631 largiens.
1730 3556 1985 3626 Denique

366 3669 542 3724 «his
590 3673 773 3721 vestes
800 3661 963 3718 nudis
1002 3657 1316 3714 hominibus
1362 3655 1479 3711 ﬁeri
1523 3652 1753 3710 sollicita
1802 3649 1986 3721 provi-

364 3763 527 3817 uiuae
548 3756 779 3813 curavit.
814 3753 934 3809 Prae
958 3750 1172 3808 caneris
1204 3762 1334 3804 vero
1361 3762 1458 3804 eos
1482 3746 1724 3801 maxime
1742 3743 1982 3798 honor»

368 3856 467 3913 bat
482 3892 498 3922 ,
526 3855 620 3925 qvi
642 3869 709 3909 se
732 3862 878 3908 totos
900 3850 1100 3905 divina:
1132 3844 1490 3917 philosophiae
1512 3841 1872 3898 addixissent.
1897 3835 1983 3909 Ip-

366 3965 496 4006 sm
542 3946 764 4020 quidem
808 3943 1215 4002 sanctissimum
1244 3948 1631 4012 perpetuarum
1682 3935 1778 3990 Dei
1820 3934 1985 4005 virgis

368 4057 508 4101 Itum
534 4051 741 4097 emtum
782 4047 995 4093 tantum
1043 4050 1151 4091 non
1202 4033 1586 4096 venerabatur,
1632 4042 1761 4085 cum
1804 4028 1983 4097 ipsum

368 4135 468 4192 cui
490 4148 550 4189 se
572 4136 1025 4189 consecraverant
1050 4127 1218 4183 Deum
1235 4160 1252 4195 ,
1277 4124 1333 4180 iu
1361 4137 1547 4180 earum
1588 4119 1860 4178 utentibus
1884 4119 1984 4173 ita.

370 4226 586 4291 Hm,
608 4232 713 4296 ptio
736 4232 890 4279 certo
910 4219 1160 4276 haberet.

940 4328 1174 4391 CAPUT
1214 4328 1411 4388 XXIX.

554 4442 961 4505 Lucub‘rationes
986 4457 1034 4502 et
1060 4442 1455 4502 declamationes
1482 4436 1824 4501 Constantini.

450 4565 593 4636 Quin
620 4575 677 4620 et
714 4575 853 4620 totas
898 4559 1169 4618 interdum
1219 4567 1406 4616 noctes
1452 4558 1579 4631 vigil
1629 4555 1979 4621 traducebat,

373 4672 534 4719 suam
587 4661 722 4749 ipse
751 4666 989 4713 mentem
1048 4654 1354 4749 divinarum
1392 4669 1579 4749 rerum
1626 4651 1978 4749 meditatione
2005 4654 2059 4717 1)

377 4752 683 4810 instruens.
710 4743 775 4806 Et
806 4765 902 4821 per
943 4748 1110 4805 otium
1159 4740 1461 4803 scribendis
1506 4738 1842 4802 orationibus
1890 4760 1982 4796 va-

378 4865 545 4914 cans,
580 4846 800 4902 crebras
828 4843 1058 4900 habebat
1087 4843 1418 4899 conciones:
1447 4842 1646 4914 quippe
1689 4841 1780 4911 qui
1820 4838 1983 4894 ofﬁcii

381 4938 476 4998 Sui
500 4950 617 4996 esse
645 4940 980 4996 existimaret
1002 4980 1016 5005 ,
1042 4936 1273 5010 populos
1300 4936 1401 4993 sibi
1424 4936 1702 5007 subjectos
1748 4949 1986 5006 praecep-

378 5038 457 5093 tis
506 5035 726 5089 r’ationis
774 5047 996 5103 regere,
1049 5043 1102 5087 et
1149 5028 1502 5102 principatum
1552 5042 1709 5083 suum
1757 5025 1980 5080 rationis

376 5120 670 5199 imperium
691 5124 925 5183 efﬁcere.
958 5126 1220 5193 Quocirca
1258 5122 1375 5195 ipse
1402 5120 1617 5194 quidem
1664 5118 1978 5175 concionem

376 5212 699 5277 advocabat.
720 5208 985 5275 Caeterum
1018 5212 1425 5273 innumerabilis
1445 5212 1764 5270 accurrebat
1791 5209 1947 5265 multi
1962 5239 1977 5249 -

377 5316 549 5387 tudo,
579 5316 874 5389 principem
918 5312 1384 5385 philosophantem
1434 5306 1702 5365 auditura.
1735 5302 1889 5375 Quod
1936 5300 1982 5359 si

375 5403 523 5469 forte
562 5410 701 5466 inter
745 5408 1064 5475 dicendum,
1098 5407 1166 5463 de
1195 5398 1458 5474 theologia
1506 5394 1761 5473 loquendi
1803 5397 1982 5468 aliqua

378 5521 504 5564 Sese
528 5496 813 5560 obtulisset
844 5503 1056 5557 occasio
1077 5542 1091 5567 ,
1120 5509 1270 5555 stans
1308 5498 1453 5553 illico
1501 5502 1781 5551 contracto
1831 5491 1983 5545 vultu

377 5614 446 5656 ac
476 5594 711 5653 demissa
740 5610 874 5651 voce
898 5636 912 5662 ,
935 5602 1056 5649 cum
1100 5590 1357 5662 singulari
1389 5578 1646 5659 religione
1680 5600 1744 5640 ac
1767 5583 1981 5638 modes-

378 5685 453 5748 tia
507 5689 704 5746 divinae
733 5680 995 5744 doctrinae
1034 5683 1307 5757 mysteriis
1359 5681 1573 5736 initiare
1601 5677 1873 5733 auditores
1901 5675 1983 5729 vi-

375 5780 635 5842 debatur.
662 5780 905 5852 Cumque
931 5778 1169 5834 universi
1201 5774 1390 5830 faustis
1422 5772 1641 5827 vocibus
1687 5769 1733 5825 ei
1764 5768 1986 5839 applau-

378 5871 599 5944 dcrent,
622 5874 659 5947 ἧι
680 5891 736 5931 se
759 5870 1107 5931 eisinnuebat
1125 5881 1179 5926 ut.
1201 5883 1413 5925 sursum
1436 5862 1624 5923 oculos
1648 5862 1980 5931 attollerent,

2081 2028 2193 2084 suis
2239 2030 2328 2100 qui
2374 2029 2633 2099 aderant,
2673 2031 2906 2104 quodam
2966 2031 3120 2102 quasi
3164 2031 3422 2087 orationis
3468 2030 3686 2103 ﬂagello

2078 2114 2409 2187 verberans,
2442 2123 2789 2179 conscientia:
2834 2118 3068 2179 stimulis
3111 2118 3369 2195 agitatos,
3402 2122 3691 2181 demittere

2082 2212 2272 2271 oculos
2295 2215 2542 2287 cogebat.
2574 2215 2779 2286 Quibus
2808 2214 2953 2273 clara
2984 2232 3116 2274 voce
3141 2227 3453 2275 contestans
3476 2218 3689 2276 denun-

2079 2304 2253 2362 tiabat
2312 2306 2461 2379 ipsos
2507 2318 2749 2365 actorum
2804 2323 3027 2366 suorum
3080 2308 3343 2368 rationem
3389 2313 3499 2368 Deo
3564 2328 3690 2370 esse

2082 2392 2415 2455 reddituros.
2444 2398 2657 2471 Quippe
2684 2399 2786 2456 sibi
2818 2398 3035 2471 quidem
3067 2400 3353 2474 imperium
3392 2402 3542 2461 orbis
3574 2412 3690 2461 ter-

2082 2498 2267 2548 rarum
2292 2507 2320 2547 a
2352 2490 2465 2549 Deo
2492 2492 2746 2550 traditum
2776 2510 2899 2552 esse
2926 2513 2940 2552 :
2969 2510 3031 2552 se
3068 2512 3196 2554 vero
3233 2492 3404 2553 divini
3450 2498 3689 2556 numinis

2084 2584 2365 2655 exemplo,
2396 2594 2577 2656 partes
2603 2578 2816 2657 imperii
2843 2585 3106 2659 regendas
3150 2588 3282 2659 ipsis
3308 2589 3649 2647 commisisse
3668 2606 3692 2648 :

2082 2684 2340 2732 caeterum
2368 2692 2560 2733 omnes
2581 2678 2847 2735 rationem
2871 2687 3149 2751 gestorum
3186 2694 3410 2739 suorum
3430 2697 3692 2753 supremo

2088 2764 2201 2840 regi
2218 2767 2432 2825 tandem
2447 2769 2773 2826 reddituros.
2790 2766 2917 2827 Haec
2932 2770 3021 2827 ille
3032 2773 3440 2829 contestabatur
3452 2774 3687 2843 assidue;

2087 2857 2206 2914 haec
2234 2860 2597 2932 suggerebat;
2627 2860 2710 2916 his
2736 2861 2860 2917 illos
2888 2860 3225 2919 documentis
3250 2863 3544 2923 imbuebat.
3576 2866 3691 2924 Ve-

2084 2958 2209 3005 rum
2238 2950 2355 3022 ipse
2380 2951 2598 3022 quidem
2629 2953 2945 3010 sinceritate
2969 2953 3095 3011 ﬁdei
3123 2971 3235 3012 sua:
3264 2957 3503 3014 conﬁsus
3523 2994 3541 3026 ,
3566 2958 3695 3017 talia

2086 3048 2143 3097 et
2169 3038 2439 3100 sentiebat
2463 3055 2519 3100 et
2544 3044 2893 3115 praedicabat.
2945 3038 3028 3102 Illi
3091 3058 3272 3104 autem
3319 3048 3581 3107 indociles
3625 3067 3691 3109 ac

2087 3135 2238 3193 velut
2286 3134 2738 3198 obsurdescentes
2791 3141 3053 3199 adversus
3099 3143 3462 3215 pulcherrima
3523 3145 3696 3204 docu-

2012 3263 2061 3329 ρ
2090 3238 2270 3329 menta
2299 3228 2610 3329 perstabant
2628 3253 2662 3329 Ai
2688 3232 2869 3304 lingua
2897 3234 3115 3307 quidem
3152 3236 3267 3308 ipsa
3292 3238 3596 3311 plausuque
3638 3248 3694 3297 et

2086 3322 2573 3382 acclamationibus
2611 3324 2754 3382 dicta
2784 3330 3212 3399 comprobantes
3236 3347 3252 3398 ;
3278 3331 3376 3390 sed
3418 3334 3596 3407 reipsa
3621 3333 3694 3392 ob

2091 3412 2475 3489 inexplebilem
2505 3416 2858 3490 cupiditatem
2887 3435 2951 3476 ea
2978 3420 3333 3495 negligentes.

2667 3531 2900 3593 CAPUT
2939 3533 3114 3592 XXX.

2088 3646 2246 3714 Quod
2271 3646 2478 3703 cuidam
2516 3664 2676 3704 cura
2704 3649 2934 3719 sepulcri
2976 3651 3190 3706 mm
3216 3652 3521 3725 detineant?)
3557 3660 3618 3713 ut
3645 3658 3690 3716 ei

2602 3740 2852 3811 pudorem
2880 3742 3152 3799 innatent.

2162 3853 2398 3910 Proinde
2410 3853 2701 3925 quemdam
2727 3865 2793 3911 ex
2813 3854 3168 3914 familiaribus
3206 3866 3369 3918 manu
3391 3860 3693 3933 apprehen-

2084 3960 2210 4004 sum
2262 3947 2350 4003 his
2400 3947 2685 4020 aliquando
2734 3948 2915 4006 verbis
2974 3944 3345 4023 compellavit.
3393 3954 3691 4029 Quousque

2082 4041 2339 4110 tandem,
2365 4043 2499 4099 heus
2539 4054 2632 4111 tu,
2683 4040 3030 4114 cupiditatem
3074 4044 3455 4103 extendimus?
3486 4042 3694 4106 Deinde

2086 4148 2210 4192 cum
2240 4133 2391 4191 hasta
2421 4150 2582 4207 quam
2612 4148 2723 4207 pra:
2750 4136 3000 4194 manibus
3028 4135 3296 4208 habebat,
3322 4137 3541 4198 humani
3571 4159 3693 4200 cor-

2085 4231 2236 4301 poris
2256 4234 2517 4285 staturam
2544 4228 2696 4285 humi
2742 4226 3070 4286 delineasset
3117 4244 3131 4285 :
3177 4228 3435 4303 Etiamsi,
3478 4234 3689 4308 inquit,

2086 4331 2312 4379 cunctas
2339 4322 2499 4394 hujus
2526 4322 2706 4378 surculi
2749 4322 2965 4378 divitias
2986 4365 3001 4392 ,
3035 4332 3312 4398 totumque
3336 4327 3473 4384 adeo
3498 4328 3690 4387 orbem

2086 4425 2352 4472 terrarum
2384 4416 2476 4471 tibi
2506 4426 2913 4488 comparasse’s,
2942 4422 3121 4475 tamen
3153 4420 3323 4476 nihilo
3359 4421 3480 4492 plus
3524 4438 3688 4495 quam

2083 4506 2190 4563 hoc
2213 4523 2243 4563 α
2266 4523 2359 4565 me
2383 4507 2713 4580 descriptum
2744 4516 2903 4566 terrae
2928 4512 3161 4583 spatium
3204 4511 3480 4570 ablaturus
3514 4531 3574 4572 es
3598 4559 3615 4585 ,
3641 4512 3691 4573 si

2084 4600 2248 4657 modo
2277 4603 2438 4657 etiam
2470 4601 2575 4658 hoc
2603 4601 2697 4659 tibi
2719 4614 3040 4660 concessum
3061 4604 3244 4661 fuerit.
3276 4606 3462 4680 Neque
3507 4616 3686 4667 tamen

2454 4694 2727 4783 princeps,
2759 4708 2882 4749 eum
2904 4695 3021 4750 huic
3046 4706 3103 4752 et
3131 4700 3313 4767 ageret
3355 4706 3411 4755 et
3445 4692 3649 4757 diceret
3667 4743 3684 4770 ,

2087 4800 2409 4856 quemquam
2430 4801 2461 4839 a
2490 4786 2713 4855 pristina
2740 4787 3003 4856 pravitate
3028 4787 3317 4844 revocavit.
3336 4787 3539 4847 Verum
3569 4793 3687 4864 ipso

2089 4892 2272 4933 rerum
2299 4885 2495 4934 eventu
2520 4877 2964 4936 manifestissime
2998 4880 3415 4954 comprobatum
3443 4895 3557 4952 est,
3586 4886 3689 4944 im.

2093 4971 2359 5041 peratoris
2379 4970 2584 5027 monita
2609 4966 2807 5028 divinis
2831 4975 3066 5032 oraculis
3088 4979 3267 5048 petitis
3283 5021 3300 5049 ,
3323 4992 3485 5051 quam
3529 4982 3687 5040 nudis

2083 5065 2425 5125 sermonibus
2446 5067 2645 5124 similia
2664 5068 2932 5127 extitisse.

2649 5184 2877 5245 CAPUT
2917 5179 3111 5248 XXXI.

2306 5278 2462 5348 Quod
2495 5279 2556 5334 ob
2586 5281 2794 5336 nimiam
2824 5281 3139 5341 clementiam
3164 5285 3346 5345 irrisus
3373 5301 3467 5347 est.

2167 5387 2332 5444 Porro
2357 5404 2479 5445 cum
2509 5391 2691 5448 nullus
2718 5394 2864 5450 esset
2906 5392 3136 5454 extremi
3174 5400 3421 5471 supplicii
3467 5412 3682 5477 melus,

2089 5480 2182 5552 qui
2213 5479 2383 5537 malos
2413 5480 2658 5538 homines
2686 5499 2716 5537 a
2748 5486 3046 5543 sceleribus
3080 5489 3415 5563 deterreret,
3444 5493 3684 5568 impera-

2088 5583 2214 5631 tore
2244 5586 2468 5646 prorsus
2498 5574 2549 5631 in
2581 5576 2924 5635 clementiam
2957 5597 3262 5651 propenso,
3296 5594 3350 5641 et
3377 5604 3444 5644 ex
3467 5592 3686 5661 provin-

2089 5670 2294 5725 ciarum
2345 5671 2648 5727 rectoribus
2702 5674 2919 5729 nemine
2978 5678 3204 5733 crimina
3251 5694 3568 5754 coercente,
3612 5701 3686 5742 eo

2090 5760 2290 5816 factum
2320 5764 2406 5817 est
2427 5803 2442 5828 ,
2473 5768 2528 5817 ut
2561 5762 2770 5834 publica
2798 5760 3188 5823 administratio
3216 5786 3323 5827 ttott
3355 5761 3684 5833 mediocrem

2098 5852 2597 5924 reprehensionem
2645 5858 2906 5923 subierit;
2958 5869 3134 5915 utrum
3180 5865 3300 5933 jure
3321 5868 3361 5936 ,ξ
3385 5883 3453 5922 an
3497 5869 3689 5940 injuria
