4142 6178
449 301 524 363 79
1774 290 2045 353 EUSEBII
2078 289 2399 350 PAMPIIILI
3691 291 3763 351 ω

444 419 651 474 statuat
676 412 904 485 quisque
931 417 1091 483 prout
1114 408 1408 466 videbitur.
1442 406 1572 465 Mihi
1616 407 1834 465 interim
1878 410 1956 465 fas
1988 409 2058 465 sit
2083 411 2136 471 Α

447 522 633 565 rerum
661 504 939 562 veritatem
969 502 1186 573 scriptis
1207 501 1459 572 prodere.

1007 611 1236 671 CAPUT
1274 612 1493 667 XXXII.

451 711 533 768 De
560 708 882 768 Constantini
928 710 1161 765 oratione
1182 750 1196 775 ,
1232 725 1388 779 quam
1432 706 1502 762 ad
1532 706 1843 764 Sanctorum
1871 717 2054 765 coetum

1141 802 1369 874 scripsit.

526 918 596 974 Et
644 917 940 988 imperator
991 916 1207 986 quidem
1260 915 1427 971 latino
1484 931 1743 973 sermone
1787 915 2059 971 orationes

453 1009 833 1080 componebat.
882 1009 987 1063 Eas
1035 1023 1164 1064 vero
1207 1006 1262 1062 in
1312 1022 1545 1079 graecam
1590 1016 1774 1078 postea
1823 1008 2058 1083 linguam

453 1102 844 1159 convertebant
888 1100 1250 1172 interpretes,
1281 1102 1476 1173 quibus
1506 1101 1559 1156 id
1591 1117 1789 1158 munus
1836 1111 1954 1158 erat
1982 1103 2062 1157 in-

452 1196 718 1266 iunctum.
749 1194 832 1250 Ex
866 1195 950 1251 his
976 1194 1313 1251 orationibus
1357 1210 1538 1267 grteco
1587 1210 1840 1251 sermone
1883 1203 2061 1250 trans-

453 1290 610 1357 latis,
658 1288 891 1359 exempli
935 1288 1106 1359 gratia
1155 1302 1315 1344 unam
1367 1286 1492 1344 huic
1537 1288 1689 1358 operi
1736 1287 2062 1357 subjiciam,

457 1398 618 1454 quam
647 1381 738 1437 ille
767 1380 834 1436 ad
865 1390 1177 1437 sanctorum
1217 1388 1419 1437 coetum
1462 1380 1773 1453 inscripsit,
1807 1379 2066 1436 Ecclesia:

455 1471 558 1528 Dei
600 1470 1030 1528 lucubrationem
1073 1470 1220 1527 illam
1270 1485 1591 1543 nuncupatis
1639 1485 1655 1524 :
1690 1486 1759 1527 ne
1789 1473 1876 1528 cui
1924 1470 2066 1527 forte

462 1574 710 1620 nostrum
762 1579 926 1635 super
968 1563 1051 1620 bis
1095 1564 1262 1621 rebus
1309 1563 1678 1621 testimonium
1721 1580 1860 1621 vana
1904 1571 2068 1636 atque

460 1656 641 1713 inanis
670 1655 851 1713 fabula
879 1671 1004 1713 esse
1032 1656 1303 1714 videatur.

1001 1771 1230 1830 CAPUT
1271 1770 1513 1839 XXXIII.

464 1866 734 1934 Quomodo
769 1866 982 1923 Eusebii
1016 1867 1081 1922 de
1116 1867 1412 1924 Servatoris
1452 1872 1690 1941 sepulcro
1730 1870 2067 1943 panegyricos

888 1962 1147 2017 orationes
1184 1973 1326 2017 stans
1354 1961 1601 2017 audierit.

533 2077 671 2135 Illud
703 2092 834 2135 vero
864 2076 1008 2149 quod
1041 2078 1196 2134 nobis
1231 2078 1593 2151 praesentibus
1620 2080 1789 2151 gessit
1818 2080 2068 2152 princeps

462 2173 767 2243 mirabilis,
810 2188 1148 2245 nequaquam
1179 2172 1308 2228 mihi
1335 2172 1549 2230 videtur
1584 2174 1801 2230 silentio
1848 2184 2071 2245 praeter-

458 2267 721 2325 eundum.
763 2265 896 2321 Nam
943 2282 1064 2322 cum
1111 2265 1369 2336 singulari
1401 2266 1520 2335 ejus
1567 2266 1618 2319 in
1669 2265 1834 2321 Deum
1868 2268 2071 2337 pietate

463 2359 692 2428 conﬁsi,
721 2373 1067 2431 rogassemus
1095 2357 1384 2429 aliquando
1416 2365 1475 2411 ut
1502 2372 1601 2412 nos
1647 2358 1717 2412 de
1762 2357 2071 2413 Servatoris

462 2450 636 2508 nostri
674 2449 925 2520 sepulcro
953 2448 1201 2504 dicentes
1243 2446 1432 2503 audire
1474 2446 1666 2512 vellet,
1716 2445 2072 2503 libentissime

463 2557 626 2600 aures
669 2542 826 2598 nobis
851 2541 1233 2597 commodavit.
1280 2538 1525 2609 Cumque
1573 2538 1805 2594 maxima
1838 2539 2069 2595 audien-

465 2634 599 2690 tium
645 2631 933 2689 multitudo
982 2632 1126 2687 intus
1172 2632 1224 2685 in
1274 2631 1387 2702 ipsa
1444 2631 1594 2702 regia
1653 2629 2068 2700 circumstaret,

462 2735 619 2783 stans
647 2725 764 2796 ipse
792 2740 896 2781 una
918 2739 1041 2781 cum
1068 2723 1279 2779 czeteris
1306 2724 1609 2781 orationem
1627 2726 1848 2780 audivit.
1879 2724 2072 2781 Nobis-

468 2836 575 2892 que
623 2820 692 2876 ab
735 2833 802 2876 eo
849 2818 1280 2890 postulantibus,
1329 2828 1386 2872 ut
1432 2817 1484 2873 in
1532 2819 1701 2891 regali
1745 2819 1884 2876 solio
1926 2819 2070 2890 quod

472 2911 624 2983 juxta
654 2912 886 2984 positum
919 2921 1035 2967 erat
1059 2910 1252 2967 sedere
1301 2909 1500 2978 vellet,
1534 2927 1828 2982 numquam
1872 2911 2066 2967 adduci

474 3006 655 3076 potuit
677 3014 734 3060 ut
760 3003 973 3060 sederet
1001 3020 1013 3056 :
1042 3004 1137 3059 sed
1165 3003 1372 3058 intento
1397 3003 1579 3058 animo
1606 3019 1725 3074 quzc
1754 3003 2073 3059 dicebantur

469 3098 815 3170 expendens,
851 3097 1276 3169 theologicorum
1304 3097 1613 3169 dogmatum
1663 3098 1945 3154 veritatem
1973 3114 2072 3155 suo

2098 1799 2146 1860 B

2689 403 2919 463 CAPUT
2961 405 3222 462 XXXVII.

2467 500 2736 567 Quomodo
2765 500 2983 572 confecti
3024 499 3212 571 fuerint
3241 498 3462 553 codices.

2239 614 2305 670 Et
2336 613 2452 670 haec
2478 613 2702 686 quidem
2732 614 3026 684 imperator
3053 612 3323 684 pratcepit.
3352 612 3619 669 Caeterum
3648 612 3765 683 ejus

2157 708 2298 764 dicta
2324 708 2580 764 continuo
2606 724 2742 779 Opus
2771 708 2943 779 ipsum
2971 708 3218 777 excepit,
3252 721 3375 763 cum
3399 722 3497 762 nos
3524 707 3573 762 in
3604 707 3763 762 voluo

2159 801 2397 857 minibus
2441 801 2726 872 magnifice
2755 800 3031 855 exnruatis
3063 800 3338 855 terniones
3365 806 3420 855 et
3445 798 3760 870 quaternio-

2161 908 2260 950 nes
2281 893 2348 949 ad
2391 909 2513 948 eum
2541 894 2899 949 misissemus.
2926 892 3077 961 Quod
3110 892 3285 964 ipsum
3317 893 3483 948 altera
3531 895 3764 963 impera-

2163 988 2296 1045 toris
2339 989 2618 1059 responsio
2664 988 2983 1053 testabitur;
3045 988 3097 1041 in
3161 1001 3303 1059 qua,
3364 1002 3487 1042 cum
3538 986 3674 1042 forte
3719 986 3770 1041 ei

2162 1083 2466 1138 nuntiatum
2497 1081 2690 1137 fuisset
2713 1081 2902 1136 urbem
2932 1079 3072 1151 apud
3095 1094 3193 1135 nos
3219 1079 3588 1134 Constantiam
3610 1120 3626 1145 ,
3649 1092 3772 1149 qua:

2164 1183 2323 1231 antea
2372 1175 2783 1230 simulacrorum
2835 1173 3004 1228 cultui
3051 1172 3262 1228 addicta
3309 1170 3516 1239 fuerat,
3562 1170 3768 1240 impetu

2165 1266 2398 1340 quodam
2424 1273 2785 1323 sacrosancta:
2811 1263 3090 1338 religionis
3121 1262 3408 1336 impulsam
3429 1305 3446 1333 ,
3476 1263 3765 1334 pristinum

2167 1359 2568 1433 superstitionis
2596 1376 2841 1418 errorem
2870 1359 3142 1431 abjecisse
3169 1399 3185 1425 ,
3217 1357 3460 1430 gaudere
3486 1373 3547 1415 se
3575 1366 3631 1414 et
3661 1357 3770 1414 fac-

2172 1462 2282 1510 tum
2315 1469 2644 1527 magnopere
2668 1453 2899 1525 probare
2928 1449 3274 1524 signiﬁcavit.

2680 1566 2909 1625 CAPUT
2950 1563 3248 1622 XXXVIII.

2173 1661 2441 1730 Quomodo
2481 1660 2787 1733 Emporium
2833 1658 3166 1724 Gazworunt,
3216 1660 3278 1715 ob
3324 1658 3777 1716 Christianismum

2369 1754 2490 1810 urbs
2515 1754 2653 1826 facta
2680 1763 2754 1809 est
2778 1762 2826 1809 et
2850 1752 3153 1810 Constantia
3182 1754 3565 1825 cognominata.

2244 1877 2481 1933 Jamtum
2524 1874 2791 1947 siquidem
2836 1874 2890 1930 in
2936 1874 3225 1932 Palaestina
3270 1872 3398 1930 urbs
3462 1872 3777 1930 Constantia

2169 1973 2459 2028 salutarem
2505 1970 2821 2041 religionem
2866 1967 3135 2037 amplexa,
3172 1976 3283 2022 tum
3324 1982 3352 2020 a
3401 1967 3535 2033 Deo,
3569 1976 3679 2022 tum
3709 1965 3779 2020 ab

2171 2064 2499 2134 imperatore
2527 2062 2724 2117 summi
2753 2059 2976 2117 honoris
3009 2063 3361 2130 praerogativa
3393 2060 3772 2115 decorabatur.

2171 2155 2303 2212 Nam
2352 2162 2408 2210 et
2452 2153 2687 2209 civitatis
2731 2167 2928 2209 nomen
2969 2152 3205 2220 accepit,
3255 2165 3377 2206 cum
3426 2159 3584 2206 antea
3630 2151 3779 2206 vicus

2171 2261 2356 2314 esset;
2389 2257 2441 2304 et
2472 2246 2757 2318 pristinum
2792 2261 2990 2302 nunten
3039 2260 3160 2300 cum
3196 2244 3573 2315 praestantiore
3620 2259 3779 2299 voca-

2173 2341 2330 2405 bulo,
2360 2339 2783 2411 religiosissime
2811 2336 3062 2394 videlicet
3085 2336 3290 2392 sororis
3318 2336 3606 2408 Principis,
3630 2350 3779 2392 com-

2175 2433 2419 2490 mutavit.

2712 2501 2939 2560 CAPUT
2994 2500 3242 2558 XXXIX.

2178 2596 2329 2665 Quod
2358 2596 2413 2651 in
2446 2595 2685 2652 Phoenice
2707 2595 2826 2650 urbs
2856 2595 2994 2665 facta
3024 2604 3097 2649 est
3122 2593 3482 2660 Constantina,
3510 2602 3557 2648 et
3578 2592 3631 2647 in
3660 2592 3779 2649 aliis

2374 2691 2584 2746 urbibus
2613 2689 2755 2745 idola
2779 2690 2950 2744 diruta
2978 2698 3022 2744 et
3051 2688 3301 2745 Ecclesia:
3320 2698 3598 2744 exstructa.

2246 2806 2391 2861 Idem
2424 2822 2637 2878 quoque
2688 2804 2932 2876 pluribus
2983 2805 3034 2859 in
3084 2804 3218 2860 locis
3264 2802 3582 2860 factitatum.
3618 2803 3779 2859 Verbi

2174 2901 2345 2972 gratia
2380 2901 2431 2955 iu
2462 2900 2595 2956 urbe
2637 2899 2870 2975 quadam
2920 2897 3204 2956 Phoenices
3228 2940 3243 2965 ,
3285 2914 3407 2970 qua:
3435 2897 3780 2969 imperatoris

2176 2994 2394 3048 nomine
2422 2992 2728 3063 appellatur
2761 3009 2774 3046 :
2806 2992 2961 3061 cujus
2992 2991 3185 3047 incola:
3225 2990 3489 3061 conjectis
3517 2990 3570 3046 in
3602 2991 3779 3063 ignem

2176 3085 2658 3142 innumerabilibus
2705 3084 3010 3140 simulacris
3044 3125 3058 3151 ,
3114 3082 3406 3139 salutarem
3460 3082 3780 3154 religionem

466 3190 782 3249 testimonio
807 3189 1217 3262 comprobabat.
1244 3189 1379 3245 Cum
1411 3206 1538 3245 vero
1563 3191 1790 3247 multum
1811 3192 1923 3262 jam
1950 3200 2073 3248 tem-

2180 3175 2411 3246 amplexi
2454 3185 2598 3231 sunt.
2655 3174 2760 3231 Sed
2815 3185 2870 3231 et
2911 3175 2963 3229 iu
3008 3174 3229 3245 reliquis
3262 3173 3587 3244 provinciis,
3621 3173 3782 3229 innu-

465 3283 619 3356 poris
662 3286 1189 3354 consumpsissemus
1214 3323 1229 3343 .
1274 3291 1330 3337 et
1377 3282 1640 3353 prolixior
1682 3293 1825 3339 esset
1857 3284 2072 3352 oratio,

464 3392 572 3433 nos
602 3376 817 3448 quidem
845 3377 1009 3431 finem
1036 3374 1251 3431 dicendi
1283 3373 1462 3431 facere
1495 3375 1827 3431 volebamus.
1864 3378 1933 3431 At
1958 3376 2078 3447 ipse

470 3469 795 3529 hortabatur
818 3482 917 3524 nos
934 3510 949 3535 ,
983 3475 1041 3523 ut
1070 3455 1416 3538 pergeremus
1438 3466 1611 3522 donec
1637 3467 1701 3523 ad
1733 3477 1931 3523 metam
1957 3484 2076 3539 per-

470 3561 631 3617 ducta
660 3568 807 3615 esset
833 3559 1028 3615 oratio.
1074 3557 1240 3613 Nobis
1288 3573 1478 3613 rursus
1525 3567 1583 3613 ut
1629 3560 1844 3615 sederet
1873 3560 2077 3635 suppli-

475 3652 757 3717 cantibus,
793 3651 909 3721 ipse
938 3650 1223 3706 obluctans
1248 3650 1479 3721 bouigne
1517 3651 1876 3721 persuadebat
1907 3667 1920 3705 :
1953 3666 2076 3707 cum

473 3758 621 3800 nunc
649 3742 868 3813 quidem
895 3741 1104 3796 diceret
1133 3742 1282 3796 nefas
1308 3756 1430 3797 esse
1453 3782 1470 3809 ,
1512 3742 1604 3797 ubi
1652 3743 1719 3798 de
1764 3743 1877 3799 Deo
1921 3742 2076 3798 insti-

475 3844 590 3892 tuta
619 3834 690 3890 sit
717 3832 1018 3904 disputatio
1038 3872 1054 3899 ,
1085 3831 1313 3887 remisse
1354 3848 1418 3887 ac
1462 3833 1700 3889 molliter
1725 3834 2028 3891 auscultare
2060 3850 2074 3890 :

475 3943 623 3986 nunc
647 3941 777 3983 vero
804 3925 856 3982 id
888 3925 992 3981 sibi
1020 3924 1148 3980 utile
1172 3934 1228 3980 et
1251 3926 1594 3982 commodent
1615 3941 1737 3983 esse
1761 3927 2075 3983 afﬁrmaret.

472 4016 633 4075 Pium
662 4017 807 4073 enim
855 4030 921 4072 ac
964 4014 1276 4086 religiosum
1308 4024 1389 4070 est
1416 4056 1431 4082 ,
1478 4015 1689 4087 inquit,
1719 4026 1777 4071 ut
1804 4017 1873 4073 de
1915 4017 2080 4074 rebus

476 4112 676 4169 divinis
704 4118 911 4166 stantes
936 4107 1175 4163 audiant.
1202 4106 1298 4163 llis
1322 4109 1555 4177 peractis
1571 4149 1587 4175 ,
1618 4122 1718 4164 nos
1744 4107 1960 4179 quidem
1983 4110 2081 4167 do-

478 4223 629 4281 mum
657 4206 862 4262 reversi
881 4204 1157 4261 consuetis
1181 4220 1281 4259 nos
1306 4202 1500 4260 studiis
1526 4212 1582 4260 et
1601 4204 2079 4264 exercitationibus

476 4299 776 4356 reddimus.

1012 4385 1240 4444 CAPUT
1278 4386 1520 4443 XXXIV.

482 4483 637 4554 Quod
666 4481 729 4539 de
758 4479 964 4538 Pascha
1007 4490 1053 4537 et
1098 4481 1159 4535 de
1200 4481 1358 4536 sacris
1386 4481 1647 4537 codicibus
1692 4485 1759 4537 ad
1804 4483 2079 4541 Eusebium

1158 4574 1383 4643 scripsit.

490 4690 494 4695 ’
553 4689 625 4746 At
652 4688 741 4745 ille
770 4687 1026 4745 Ecclesiis
1059 4688 1151 4745 Dei
1177 4686 1401 4758 provida
1432 4704 1648 4760 semper
1672 4700 1853 4747 mente
1883 4706 2079 4748 consu-

476 4780 637 4849 lens,
666 4781 735 4837 de
781 4780 1131 4837 conﬁciendis
1173 4781 1341 4837 sacris
1384 4781 1692 4850 codicibus,
1726 4793 1782 4843 et
1824 4784 1893 4841 de
1941 4787 2078 4842 festo

475 4871 721 4944 paschali
746 4870 812 4925 ad
842 4886 943 4925 nos
972 4871 1253 4940 epistolam
1282 4872 1517 4942 scripsit.
1549 4872 1681 4928 Nam
1714 4889 1835 4931 cum
1884 4891 1984 4932 nos
2013 4877 2077 4931 li-

477 4962 641 5019 hrum
666 4960 952 5034 quemdam
980 4976 1087 5032 quo
1131 4962 1499 5019 arcaua‘illius
1526 4963 1646 5020 festi
1680 4967 1818 5021 ratio
1839 4977 1956 5022 erat
1985 4984 2076 5024 ex-

476 5055 689 5127 posita,
717 5054 768 5110 ei
815 5068 1299 5123 nuncupassemus,
1332 5056 1602 5125 quomodo
1636 5072 1735 5114 nos
1766 5061 2073 5132 responsio-

479 5148 569 5205 nis
616 5160 729 5202 suze
768 5145 976 5201 honore
1022 5145 1255 5201 vicissim
1304 5159 1679 5205 remuneratus
1724 5152 1823 5220 sit,
1877 5169 1943 5211 ex
1992 5154 2076 5211 bis

478 5239 600 5312 ejus
628 5239 825 5296 litteris
848 5236 1083 5311 perspici
1115 5246 1314 5309 potest.

1034 5349 1261 5406 CAPUT
1300 5348 1518 5407 XXXV.

477 5452 483 5467 '
554 5444 805 5518 Epistula:
848 5444 966 5499 dua:
1012 5441 1329 5498 Constantini
1384 5444 1454 5498 ad
1494 5444 1806 5516 Eusebium,
1859 5451 2004 5520 prior
2024 5453 2078 5508 in

479 5540 763 5598 orationem
791 5537 997 5594 Eusebii
1018 5536 1081 5592 de
1110 5534 1332 5603 Pascha,
1359 5537 1521 5593 altera
1548 5541 1613 5596 de
1640 5543 1969 5607 conﬁciendis
1995 5563 2079 5601 sa-

476 5632 582 5687 cris
605 5629 884 5686 codicibus.

477 5732 668 5848 “333i:
683 5729 915 5845 ξὲἓῗὲοιειε
935 5743 1046 5795 quae
1069 5729 1162 5781 hoc
1193 5738 1247 5783 et
1267 5734 1500 5796 sequenti
1534 5736 1694 5799 capite
1739 5738 2076 5805 continentur,

599 5812 624 5848 s
820 5830 831 5841 .

599 5810 668 5848 SIS
689 5809 831 5845 Iﬂll'a.

2180 3268 2312 3323 meri
2358 3267 2643 3323 confertim
2677 3266 2743 3322 ad
2773 3267 3067 3323 salutarem
3113 3265 3208 3322 Dei
3253 3266 3619 3338 cognitionem
3662 3280 3784 3323 sese

2177 3361 2571 3418 transferentes
2590 3402 2605 3429 ,
2637 3377 2734 3433 per
2761 3362 2922 3418 urbes
2946 3370 3003 3417 et
3025 3376 3186 3432 agros
3215 3361 3360 3416 varia
3390 3361 3680 3417 simulacra
3708 3376 3776 3417 ex

2177 3455 2356 3508 omnis
2408 3453 2626 3525 generis
2674 3453 2900 3508 materia
2954 3450 3245 3509 fabrefacta
3278 3493 3294 3519 ,
3338 3467 3459 3522 qua:
3511 3451 3657 3523 prius
3687 3467 3784 3523 pro

2176 3546 2346 3602 sacris
2376 3545 2701 3610 habuerant.
2734 3545 3089 3603 aboleverunt
3118 3562 3132 3600 :
3159 3547 3355 3616 templa
3384 3561 3575 3602 eorum
3604 3562 3669 3603 ac
3688 3548 3785 3604 de-

2178 3637 2329 3693 lubra
2366 3637 2420 3691 in
2451 3638 2772 3692 immensam
2818 3637 3157 3694 altitudinem
3210 3639 3452 3705 sublata,
3504 3640 3652 3696 nullo
3691 3640 3785 3712 ju-

2177 3731 2341 3787 bente
2386 3730 2795 3787 destruxeruut.
2847 3731 3124 3788 Ecclesias
3170 3747 3300 3788 vero
3345 3748 3374 3785 a
3420 3731 3786 3791 fundamentis

2179 3820 2544 3889 aediﬁcantes,
2595 3821 2876 3891 pristinam
2932 3837 3085 3878 suam
3116 3823 3439 3878 sententiam
3470 3832 3565 3880 aut
3607 3824 3785 3894 potius

2180 3926 2423 3969 errorem
2455 3922 2820 3970 mutaverunt.
2858 3912 3057 3969 Vermn
3089 3914 3202 3970 Deo
3222 3914 3467 3971 amabilis
3492 3917 3786 3986 imperato-

2180 4007 2259 4063 ris
2302 4022 2392 4063 res
2437 4016 2618 4079 gestas
2660 4008 2971 4085 singillatim
3018 4026 3447 4067 commemorare
3472 4052 3486 4077 ,
3533 4021 3781 4068 nontam

2181 4110 2424 4158 nostrum
2453 4112 2566 4171 est,
2598 4118 2758 4173 quam
2782 4102 2999 4160 illorum
3042 4105 3133 4175 qui
3163 4104 3384 4161 assidue
3406 4120 3530 4161 cum
3560 4120 3628 4162 eo
3658 4120 3783 4162 ver-

2181 4194 2287 4249 sari
2324 4203 2659 4251 meruerunt.
2683 4193 2795 4251 Nos
2820 4209 2948 4251 vero
2969 4195 3186 4266 quando
3212 4212 3274 4251 ea
3297 4212 3418 4267 quae
3443 4196 3510 4253 ad
3541 4205 3783 4253 nostram

2181 4286 2426 4341 notitiam
2456 4295 2838 4357 pervenerant,
2868 4286 2922 4342 in
2950 4285 3052 4343 hoc
3077 4302 3243 4359 opere
3269 4289 3508 4345 breviter
3530 4289 3786 4361 exposui—

2181 4395 2302 4435 mus
2321 4421 2335 4446 ,
2358 4380 2425 4435 ad
2446 4388 2749 4437 extremum
2772 4380 2892 4453 ejus
2912 4381 3035 4437 vitae
3061 4391 3270 4455 tempus
3303 4385 3781 4456 transgrediemur.

2782 4495 3012 4554 CAPUT
3065 4496 3177 4553 XL.

2063 4665 2075 4671 ἱ
2103 4571 2159 4634 Ῑ)
2186 4588 2341 4657 Quod
2369 4605 2485 4643 cunt
2515 4588 2662 4643 trinis
2688 4588 3049 4645 deccnnalibus
3080 4600 3181 4646 tres
3210 4592 3345 4661 ﬁlios
3373 4592 3603 4650 Cwsares
3629 4609 3776 4649 crea-

2257 4682 2406 4736 visset
2426 4724 2440 4746 ,
2472 4681 2846 4737 dedicationem
2876 4679 3123 4752 Martyrii
3150 4680 3525 4757 Hierosolymis
3551 4684 3782 4740 celebra-

2252 4776 2342 4830 uit.

2255 4872 2442 4925 Annus
2483 4868 2595 4941 jam
2627 4869 2839 4942 imperii
2870 4869 3013 4926 illius
3065 4870 3370 4927 tricesimus
3400 4870 3779 4943 peragebatur.

2181 4959 2225 5017 T
2231 4977 2317 5016 res
2347 4971 2524 5017 autem
2555 4962 2674 5032 ejus
2705 4962 2799 5016 filii
2827 4962 2993 5017 variis
3024 4963 3354 5034 temporibus
3372 4974 3656 5020 consortes
3680 4963 3783 5018 im-

2180 5053 2315 5126 perii
2354 5053 2566 5109 fuerant
2611 5055 2922 5110 renuntiati.
2952 5054 3167 5111 Primus
3213 5057 3301 5126 qui
3348 5056 3483 5127 patri
3530 5064 3646 5112 erat
3683 5069 3781 5112 co-

2178 5148 2479 5220 gnominis,
2537 5145 2749 5203 decimo
2804 5147 3019 5203 circiter
3068 5149 3279 5218 paterni
3339 5148 3552 5219 imperii
3601 5163 3780 5218 anno,

2180 5240 2325 5296 hunc
2347 5240 2605 5297 honorem
2640 5242 2884 5297 sortitus.
2909 5240 3191 5298 Secundus
3229 5242 3315 5297 avi
3353 5244 3435 5299 sui
3467 5257 3664 5299 nomen
3695 5257 3785 5299 re-

2186 5331 2399 5398 ferens,
2452 5333 2593 5389 circa
2641 5333 2880 5404 parentis
2920 5334 3001 5389 sui
3034 5334 3330 5390 vicenualia
3359 5335 3544 5391 Caesar
3581 5345 3666 5392 est
3687 5334 3785 5392 de-

2186 5426 2441 5480 claratus.
2473 5425 2687 5482 Tertius
2725 5424 3026 5495 Constans,
3059 5427 3150 5499 qui
3183 5429 3526 5500 prazsentiam
3571 5440 3627 5487 et
3666 5439 3783 5486 sta-

2184 5515 2449 5573 bilitatem
2500 5533 2598 5574 suo
2649 5519 2868 5575 nomine
2915 5518 3201 5590 designat,
3250 5521 3525 5578 tricesimo
3567 5523 3786 5580 circiter

2186 5611 2398 5679 paterni
2428 5612 2759 5683 principatus
2789 5627 2934 5668 anno
2960 5612 3025 5667 ad
3077 5612 3181 5671 hoc
3208 5614 3480 5687 fastigium
3513 5625 3598 5673 est
3622 5630 3783 5673 evec-

2186 5712 2290 5758 tus.
2325 5703 2401 5759 Ita
2433 5722 2553 5761 cum
2599 5707 2664 5762 ad
2711 5705 2996 5778 quamdam
3047 5706 3326 5765 Trinitatis
3372 5709 3785 5769 similitudinem

2190 5804 2300 5854 tres
2330 5797 2468 5856 ﬁlios
2500 5799 2611 5890 Deo
2638 5797 2898 5855 amabiles
2926 5800 3231 5858 sustulisset
3257 5843 3271 5869 ,
3303 5800 3633 5875 eosdemque
3675 5803 3787 5861 sin-
