4142 6178
399 180 466 236 8|
1485 187 1570 243 DE
1602 187 1669 246 VI
1693 187 1784 246 TA
1821 187 2275 262 CONSTANTINI
2317 195 2520 254 LIBER
2559 200 2647 257 IV.
3637 218 3710 274 82

399 294 542 363 gulis
567 294 853 353 decenniis
897 298 962 352 ad
1016 301 1347 356 consortium
1397 303 1606 373 imperii
1652 315 1994 376 cooptasset,
2026 307 2082 369 A
2107 313 2434 370 enituerunt.
2469 317 2669 375 Adhaec
2701 321 2853 394 Syria
2884 327 3087 392 omnis,
3118 329 3525 402 Mesopotamia,
3547 333 3710 392 Phos-

399 396 615 458 tempus
664 390 920 461 deinceps
966 395 1337 451 tricennalium
1386 413 1606 454 suorum
1658 402 2005 472 opportunis-

395 480 602 535 simum
650 498 768 538 esse
799 484 1162 554 existimavit,
1193 504 1300 557 quo
1343 503 1556 545 summo
1584 494 1826 548 omnium
1870 493 2003 566 Regi

397 577 606 643 gratias
652 587 852 646 ageret.
892 577 961 632 Et
995 579 1109 648 ipse
1154 581 1367 650 quidem
1417 587 1681 654 optimum
1712 585 1852 641 factu
1881 603 2003 643 esse

390 665 701 736 judicabat,
736 671 781 724 si
813 670 934 738 ejus
969 675 1212 744 martyrii
1256 676 1397 745 quod
1447 678 1702 748 singulari
1736 681 1914 736 studio
1939 697 2003 736 ac

395 761 796 830 magniﬁcentia
842 764 1230 838 Hierosolymis
1259 781 1634 825 consuuxerat
1657 814 1671 837 ,
1701 773 1998 830 dedicatio-

395 868 520 908 nem
565 855 891 912 celebraret.

999 972 1226 1031 CAPUT
1266 976 1400 1032 XLI.

390 1063 547 1130 Quod
595 1066 730 1121 inter
775 1068 884 1122 lucc
930 1068 1186 1140 synodum
1239 1071 1362 1141 Tyri
1411 1072 1584 1126 haberi
1631 1075 1887 1130 constituit
1938 1077 1999 1130 ob

683 1161 929 1231 quasdam
959 1164 1013 1216 in
1044 1162 1278 1236 (Egypto
1306 1167 1694 1223 controversias.

463 1273 667 1330 Verum
698 1276 910 1331 invidus
930 1277 1142 1332 daemon
1168 1278 1432 1334 bonorum
1456 1280 1696 1335 omnium
1722 1281 1996 1348 inimicus,

383 1367 561 1421 instar
608 1367 946 1422 densissima:
1008 1371 1287 1440 cujusdam
1339 1373 1495 1427 nubis
1543 1373 1999 1443 splendidissimis

382 1459 521 1513 solis
600 1457 766 1513 radiis
828 1475 950 1515 sese
1004 1463 1379 1533 opponentis,
1444 1463 1601 1533 hujus
1667 1465 1998 1521 celebritatis

383 1552 626 1606 nitorem
666 1553 885 1607 turbare
925 1565 1152 1609 conatus
1198 1564 1314 1622 est;
1360 1557 1723 1613 Ecclesiarum
1776 1557 1996 1628 ZEgypti

380 1654 589 1700 statum
672 1646 1108 1702 contentionibus
1183 1648 1294 1702 suis
1371 1647 1566 1703 iterum
1652 1650 1989 1705 concutiens.

383 1735 644 1791 Sedenim
709 1737 819 1790 Deo
887 1751 1046 1790 carus
1111 1738 1404 1807 imperator
1465 1739 1748 1794 collectam
1809 1757 1997 1796 rursus

380 1830 744 1899 plurimorum
811 1829 1111 1884 antistitum
1180 1831 1485 1902 synodum,
1547 1832 1693 1886 velut
1757 1831 1996 1888 divinum

377 1929 675 1999 quemdam
740 1928 1038 1982 exercitum
1097 1930 1150 1982 in
1215 1929 1456 1997 prrelium
1498 1927 1776 1993 educens,
1830 1929 1998 1985 male-

382 2021 513 2076 volo
536 2021 772 2075 dazmoni
803 2020 1003 2090 objccit
1051 2040 1063 2074 :
1115 2021 1384 2092 episcopis
1411 2038 1474 2076 ex
1510 2022 1759 2077 universa
1793 2021 1995 2095 (Egyp-

387 2123 485 2178 to,
547 2123 602 2168 et
669 2112 870 2184 Libya,
927 2113 1054 2167 Asia
1128 2115 1252 2168 item
1310 2125 1365 2169 et
1431 2115 1647 2185 Europa
1699 2116 1997 2172 convenire

379 2207 598 2277 jussis;
659 2207 890 2277 primum
955 2206 1169 2277 quidem
1228 2207 1291 2261 ad
1347 2207 1703 2263 dirimendum
1772 2219 1995 2264 contro-

386 2301 662 2366 versiam,
719 2300 915 2355 exinde
973 2316 1101 2356 vero
1155 2303 1220 2355 ad
1271 2303 1563 2372 supradicti
1612 2304 1857 2377 martyrii
1896 2305 1994 2360 de-

387 2395 738 2450 dicationem.
767 2394 1004 2450 Proinde
1031 2397 1301 2451 mandavit
1327 2398 1392 2452 iis
1420 2407 1476 2452 ut
1501 2397 1677 2454 obiter
1701 2399 1751 2453 in
1778 2400 1998 2455 civitate

384 2502 509 2557 quce
540 2487 706 2541 totius
735 2486 1021 2543 PhtBnices
1049 2498 1211 2558 eaput
1237 2499 1337 2554 est,
1374 2490 1772 2544 controversias
1796 2490 1994 2545 dissol-

385 2589 606 2633 verent.
636 2577 822 2648 Neque
852 2582 996 2634 enim
1032 2580 1110 2635 ias
1153 2596 1303 2646 esse,
1339 2591 1396 2636 ut
1424 2595 1543 2636 cum
1575 2593 1755 2638 mutua
1788 2584 1997 2639 animo-

383 2687 508 2726 rum
539 2671 880 2728 dissensione
901 2673 966 2728 ad
991 2674 1230 2729 divinum
1256 2675 1458 2730 cultum
1482 2677 1806 2733 accederent
1837 2695 1849 2731 :
1873 2693 1994 2733 cum

385 2767 569 2821 divina
602 2767 685 2821 lex
714 2777 878 2833 vetet,
908 2784 974 2823 ne
1001 2768 1387 2825 dissentientes
1410 2812 1424 2836 ,
1457 2783 1743 2842 antequam
1778 2786 1994 2841 compo-

382 2859 509 2912 sitis
560 2859 702 2913 inter
746 2875 808 2914 se
854 2863 1245 2916 controversiis
1277 2878 1462 2932 pacem
1517 2871 1675 2932 atque
1705 2864 1995 2918 amicitiam

387 2951 733 3022 pepigerint,
782 2951 923 3006 dona
975 2970 1070 3006 sua
1122 2953 1350 3008 oll'eraut
1400 2955 1526 3009 Deo.
1576 2955 1700 3008 Ilaec
1745 2955 1996 3010 salutaria

387 3044 703 3098 Servatoris
731 3045 900 3099 nostri
931 3044 1253 3100 documenta
1289 3048 1581 3116 imperator
1605 3047 1821 3101 assidua
1850 3047 1999 3117 cogi-

390 3135 598 3188 tatione
625 3135 850 3190 volvens
872 3178 886 3202 ,
937 3151 1059 3191 cum
1106 3138 1252 3192 oumi
1304 3139 1606 3192 animorum
1638 3140 2002 3193 consensione
2027 3107 2072 3169 C

390 3238 447 3280 et
475 3225 767 3281 concordia
822 3230 1158 3298 propositum
1209 3246 1346 3300 opus
1389 3231 1605 3301 aggredi
1635 3231 1873 3298 monuit,
1907 3248 2002 3302 per

386 3318 596 3373 litteras
627 3333 748 3389 qua:
773 3319 849 3373 sic
880 3334 938 3375 se
967 3321 1165 3376 habent
1197 3339 1210 3380 :
1913 3321 1916 3324 ”

992 3436 1224 3492 CAI‘UT
1266 3437 1423 3493 XLII.

391 3546 631 3618 Epistola
667 3546 994 3604 Constantini
1042 3551 1110 3604 ad
1155 3553 1409 3622 synodum
1462 3551 1586 3623 Tyri
1617 3562 1997 3623 congregatum.

459 3661 620 3722 (Hanc
645 3661 924 3725 epistolam,
957 3664 1141 3714 videsis
1160 3665 1301 3714 infra.

971 3789 1198 3846 CAPUT
1240 3791 1420 3846 XLIII.

396 3901 676 3966 Quomodo
727 3901 797 3954 ad
826 3901 1196 3956 dedicationem
1229 3903 1475 3958 Ecclesiae
1523 3903 2001 3976 Hierosolymorum

593 3995 825 4065 episcopi
855 4012 918 4049 ea:
946 3999 1178 4050 omnibus
1202 3999 1472 4066 provinciis
1501 4015 1792 4055 convenere.

471 4109 599 4164 Cmu
630 4110 747 4165 lucc
777 4121 1041 4180 prmcepta
1070 4113 1400 4166 exsecutioui
1433 4114 1836 4180 mmularentnr,
1867 4115 2003 4169 alius

393 4205 464 4256 ab
491 4204 818 4272 imperatore
847 4205 1063 4258 nuntius
1093 4206 1406 4273 supervenit
1434 4247 1446 4268 ,
1481 4207 1570 4274 qui
1604 4206 1799 4261 oblatis
1830 4207 2002 4277 impe-

393 4296 616 4351 rialibus
662 4297 852 4352 litteris
876 4339 890 4361 ,
937 4299 1202 4369 synodum
1234 4299 1478 4354 hortatus
1505 4310 1588 4356 est
1622 4309 1710 4367 ut,
1745 4302 1886 4356 nulla
1915 4304 2002 4356 in-

393 4390 568 4458 posita
603 4405 777 4455 mora,
805 4405 996 4445 Otllltes
1016 4393 1412 4461 quamprimum
1465 4392 1835 4465 Hierosolyma
1883 4410 2005 4465 pro-

394 4498 670 4555 perarent.
719 4485 910 4541 Cuncti
960 4489 1119 4558 igitur
1147 4504 1210 4542 ex
1243 4488 1558 4545 Phoenicum
1609 4492 1879 4560 provincia
1925 4491 2083 4561 di-D

397 4578 740 4647 gredientes,
771 4581 986 4649 publico
1017 4597 1179 4636 cursu
1205 4582 1535 4638 contendere
1565 4597 1630 4637 eo
1659 4598 1766 4653 quo
1790 4583 2000 4653 jussum

399 4683 516 4725 erat
545 4687 784 4742 coepere.
830 4673 1108 4744 Totusque
1153 4673 1246 4728 ille
1274 4675 1423 4729 locus
1467 4675 1702 4729 maximo
1734 4675 1828 4730 Dei
1859 4685 2004 4730 cmtu

399 4763 612 4817 tandem
642 4764 878 4819 refertus
910 4766 1004 4819 fuit
1027 4807 1040 4830 ,
1071 4770 1190 4820 ciim
1219 4781 1284 4821 ex
1314 4768 1580 4821 universis
1610 4767 1898 4836 provinciis
1923 4766 2006 4820 in-

403 4857 580 4926 signes
607 4859 846 4927 episcopi
877 4857 1270 4930 Hierosolymis
1303 4860 1353 4913 in
1389 4875 1553 4914 unum
1600 4861 1999 4915 convenissent.

403 4950 537 5006 Nam
564 4963 618 5007 et
663 4952 989 5007 Macedones
1022 4955 1209 5023 primze
1255 4954 1395 5025 apud
1427 4969 1485 5008 se
1518 4955 1665 5009 sedis
1693 4955 2007 5025 episcopum

399 5049 692 5112 miserant;
726 5057 782 5102 et
810 5047 1073 5102 Pannonii
1101 5062 1163 5102 ac
1194 5049 1426 5103 Maesicx
1463 5049 1742 5120 tyronibus
1773 5049 1866 5103 Dei
1893 5050 2006 5106 lec-

404 5141 666 5195 tissimum
711 5140 902 5196 ﬂorem
932 5156 994 5196 ac
1025 5142 1354 5212 prmcipuum
1397 5143 1576 5212 gentis
1607 5157 1717 5196 sua:
1746 5143 1909 5198 decus
1933 5143 2010 5199 di-

401 5245 671 5290 rexerant.
704 5236 906 5290 Aderat
946 5237 1109 5290 etiam
1139 5236 1514 5306 episcoporum
1566 5235 1803 5292 Persidis
1847 5251 2010 5292 orna-

401 5338 665 5395 mentum,
701 5329 781 5383 vir
808 5339 1030 5384 sanctus
1052 5339 1106 5384 et
1139 5331 1188 5384 in
1218 5331 1415 5384 divinis
1444 5330 1735 5398 Scripturis
1761 5332 2006 5401 apprime

399 5421 748 5477 exercitatus.
781 5421 998 5492 Bithyni
1023 5438 1238 5494 quoque
1259 5434 1312 5478 et
1335 5422 1574 5479 Thraces
1601 5426 1889 5494 prtesentia
1910 5443 2008 5483 sua

397 5529 724 5573 conventum
749 5519 1036 5573 ornabant.
1071 5519 1182 5574 Nec
1210 5521 1435 5574 deerant
1477 5537 1541 5574 ex
1571 5519 1772 5575 Ciliciae
1803 5521 2010 5590 episco-

395 5611 485 5682 pis
517 5612 800 5666 clarissimi
834 5611 1051 5682 quique.
1102 5613 1182 5666 Ex
1228 5609 1566 5682 Cappadocia
1599 5616 1724 5667 item
1759 5613 1848 5683 qui
1879 5612 2009 5668 doc-

389 5706 538 5758 trina
579 5716 634 5759 et
664 5705 980 5773 eloquentia
1011 5706 1372 5773 praestabant,
1423 5706 1475 5760 in
1527 5705 1706 5761 medio
1750 5712 2008 5763 consessu

2111 406 2229 462 nico
2250 451 2264 474 ,
2295 409 2492 465 Arabia
2525 423 2581 467 et
2614 414 2894 472 Palzestina
2944 420 3092 489 ipsa;
3127 421 3386 495 Egyptus
3417 441 3629 498 quoque
3653 437 3712 484 et

2108 499 2273 572 Libya
2298 543 2310 567 ,
2344 514 2397 559 et
2429 506 2516 575 qui
2548 506 2877 564 Thebaidem
2911 511 3188 579 incolunt,
3220 532 3409 573 omnes
3455 520 3508 575 in
3542 537 3710 578 unum

2106 597 2412 666 congregati
2459 614 2710 670 maguum
2759 602 2906 658 illum
2965 606 3059 661 Dei
3107 607 3333 664 chorum
3388 612 3706 682 implebant.

2106 686 2250 754 Quos
2282 705 2346 743 ex
2373 691 2620 746 omnibus
2650 694 2938 762 provinciis
2971 699 3379 756 innumerabilis
3424 702 3708 761 hominum

2106 784 2390 838 multitudo
2421 789 2764 857 sequebatur.
2800 791 2997 847 Aderat
3028 809 3192 863 porro
3223 797 3303 851 his
3332 800 3585 855 onmibus
3615 816 3708 856 re-

2103 875 2238 944 galis
2261 876 2538 944 cujusdam
2568 882 2919 950 apparitionis
2937 885 3286 957 obsequium;
3311 900 3365 944 et
3397 907 3465 946 ex
3495 894 3712 963 imperii

2104 968 2304 1037 palatio
2350 971 2495 1023 missi
2529 972 2743 1040 quidam
2795 987 3048 1044 spectata:
3097 981 3379 1050 probitatis
3429 985 3548 1054 viri,
3618 989 3711 1058 qui

2101 1060 2404 1127 sumptibus
2434 1063 2501 1118 ab
2529 1065 2855 1136 imperatore
2901 1070 3326 1133 subministratis
3357 1078 3705 1138 festivitatem

2103 1151 2452 1209 illustrarent.

2675 1250 2903 1311 CAPUT
2950 1256 3135 1314 XLIV.

2105 1334 2371 1402 Quomodo
2402 1359 2491 1410 per
2520 1341 2816 1400 Marianum
2843 1353 3100 1406 notarium
3131 1358 3325 1426 excepti
3357 1360 3458 1414 sint
3479 1400 3492 1424 ,
3523 1370 3568 1415 et
3613 1379 3708 1433 pe-

2136 1429 2302 1483 cunia:
2330 1434 2636 1503 pauperibus
2665 1448 2884 1509 erogata!
2913 1458 2925 1493 :
2959 1453 3005 1496 et
3047 1443 3109 1498 de
3141 1446 3371 1504 donariis
3402 1451 3663 1509 Ecclesiae.

2175 1543 2264 1598 llis
2313 1557 2492 1601 autem
2539 1551 2788 1607 omnibus
2821 1567 3046 1622 prteerat
3095 1558 3174 1612 vir
3201 1559 3517 1630 imperatori
3561 1579 3706 1620 com-

2103 1637 2293 1706 primis
2323 1640 2504 1706 utilis;
2540 1642 2661 1709 ﬁde,
2697 1645 2958 1715 religione
2999 1659 3052 1703 et
3091 1666 3366 1708 sacratum
3399 1655 3704 1714 litterarum

2026 1721 2072 1781 B
2103 1730 2287 1800 peritia
2335 1735 2679 1804 conspicuus.
2715 1739 2813 1805 Qui
2851 1757 2972 1795 cum
3025 1746 3320 1814 tyrannicis
3368 1751 3706 1820 temporibus

2103 1838 2200 1892 pro
2236 1823 2446 1892 pietatis
2490 1826 2806 1885 defensioue
2837 1832 3019 1887 nmltis
3064 1834 3496 1894 confessionibus
3528 1840 3702 1898 incla-

2101 1913 2338 1981 ruisset,
2387 1932 2492 1971 non
2544 1919 2812 1976 immerito
2861 1923 3048 1979 harum
3082 1942 3260 1982 rerum
3293 1929 3703 2002 diSpositionem

2100 2005 2200 2061 sibi
2228 2009 2568 2064 commissam
2619 2015 2846 2082 accepit.
2881 2015 2976 2070 llic
3005 2017 3166 2088 igitur
3194 2022 3339 2076 omni
3371 2037 3492 2078 cum
3523 2025 3705 2081 since-

2099 2097 2258 2154 ritate
2309 2100 2648 2170 imperatoris
2675 2105 2914 2174 jussibus
2965 2111 3288 2179 obsecutus,
3321 2116 3701 2187 episcoporum

2098 2191 2314 2260 quidem
2343 2201 2538 2248 coetum
2583 2197 2839 2267 singulari
2867 2202 3120 2258 comitate
3140 2245 3154 2268 ,
3203 2216 3256 2259 et
3285 2209 3706 2277 magniﬁcentis-

2099 2281 2252 2336 simis
2274 2285 2448 2353 epulis
2467 2294 2628 2357 atque
2650 2290 2911 2345 conviviis
2938 2292 3235 2352 honoriﬁce
3266 2300 3495 2368 excepit.
3529 2301 3706 2371 Egen—

2100 2374 2240 2429 tibus
2281 2391 2410 2432 vero
2457 2393 2520 2433 ac
2567 2381 2763 2449 nudis,
2811 2393 2864 2438 et
2911 2399 3206 2456 pauperum
3235 2391 3513 2462 utriusque
3540 2408 3704 2450 sexus

2099 2465 2321 2523 inﬁnitae
2351 2471 2701 2538 tnultitudini,
2726 2475 2830 2530 cibi
2859 2493 2923 2532 ac
2955 2479 3280 2550 reliquarmn
3309 2500 3490 2540 rerum
3520 2488 3702 2558 inopia

2104 2561 2403 2630 laboranti,
2457 2580 2704 2636 magnam
2737 2572 2980 2639 pecunia)
3011 2575 3116 2628 vim
3148 2584 3202 2629 et
3231 2575 3494 2647 plurimas
3522 2589 3704 2637 vestes

2099 2652 2390 2710 distribuit.
2428 2656 2707 2714 Postremo
2741 2662 3017 2718 basilicam
3047 2680 3264 2722 omnem
3311 2672 3580 2742 regalibus
3603 2673 3704 2728 do-

2099 2749 2267 2801 uariis
2294 2751 2582 2820 magniﬁce
2611 2756 2915 2811 exornavit.
2945 2757 3010 2812 Et
3039 2759 3124 2814 hic
3148 2761 3363 2832 quidem
3396 2763 3704 2835 Imjusmodi

2098 2839 2315 2896 functus
2340 2851 2424 2898 est
2453 2845 2778 2902 ministerio.

2682 2941 2911 3000 CAPUT
2951 2946 3114 3001 XLV.

2103 3025 2474 3100 Episcoporum
2504 3032 2556 3085 in
2583 3037 2910 3091 concentibus
2931 3056 3206 3106 sermones,
3233 3052 3280 3097 et
3303 3042 3460 3113 ipsius
3483 3045 3571 3112 qui
3596 3044 3707 3100 lucc

2663 3129 2869 3196 scripsit
2911 3129 3137 3186 Eusebii.

2175 3237 2246 3293 At
2300 3239 2610 3296 sacerdotes
2659 3243 2755 3298 Dei
2803 3247 2994 3315 partim
3042 3250 3461 3318 precationibus,
3509 3255 3704 3323 partim

2104 3333 2445 3388 sermonibus
2474 3334 2817 3392 festivitatem
2859 3341 3144 3397 ornabant.
3175 3344 3279 3398 Alii
3313 3346 3574 3416 siquidem
3605 3365 3700 3404 co-

2106 3424 2345 3479 mitatem
2378 3427 2616 3497 religiosi
2647 3429 2988 3501 imperatoris
3017 3448 3143 3504 erga
3170 3437 3409 3491 omnium
3443 3437 3700 3498 Servato-

2106 3532 2218 3571 rem
2250 3519 2496 3577 laudibus
2515 3523 2882 3592 celebrabant,
2907 3534 2961 3582 et
2988 3530 3230 3600 martyrii
3249 3531 3702 3601 magniﬁcentiam

2105 3611 2348 3667 oratione
2380 3617 2861 3686 persequebantur.
2906 3620 3008 3674 Alii
3054 3623 3224 3676 sacris
3262 3621 3546 3695 theologia:
3566 3627 3703 3700 dog-

2106 3704 2342 3758 matibus
2370 3706 2434 3759 ad
2476 3717 2798 3776 przescntem
2845 3711 3211 3768 celebritatem
3261 3719 3703 3787 accommodatis,

2106 3796 2350 3863 Spiritale
2398 3799 2666 3866 quoddam
2717 3803 2934 3870 epulum
2983 3805 3324 3863 audientibus
3371 3810 3702 3878 praebebant.

2106 3887 2330 3953 Quidam
2381 3896 3028 3950 sacrorumvoluminum
3080 3898 3337 3954 lectiones
3387 3903 3707 3973 interpreta-

2107 3979 2336 4046 bantur,
2367 3997 2595 4039 arcanos
2630 3995 2684 4040 et
2712 3991 2968 4059 mysticos
2997 4007 3187 4046 sensus
3217 3993 3268 4047 iu
3312 3994 3486 4050 lucem
3529 3995 3708 4067 profe-

2107 4082 2308 4130 rentes.
2340 4075 2439 4143 Qui
2463 4093 2590 4132 vero
2618 4078 2683 4133 ad
2713 4079 2832 4135 haec
2867 4083 3108 4152 aSpirare
3159 4099 3266 4139 uou
3319 4096 3586 4155 poterant,
3617 4089 3704 4143 in-

2106 4169 2344 4222 cruentis
2372 4169 2656 4226 sacriﬁciis
2686 4183 2739 4226 et
2783 4175 3024 4245 mysticis
3051 4175 3508 4234 immolationibus
3537 4181 3707 4235 Deum

2107 4261 2418 4330 placabunt;
2476 4279 2575 4333 pro
2608 4279 2736 4334 pace
2777 4269 3082 4333 communi;
3136 4285 3234 4339 pro
3281 4272 3521 4326 Ecclesia
3567 4273 3704 4338 Dei;

2107 4369 2205 4424 pro
2219 4356 2542 4427 imperatore
2564 4369 2640 4414 tot
2657 4361 2918 4416 honorum
2943 4374 3182 4431 auctore,
3199 4366 3424 4437 ejusque
3448 4369 3707 4439 piissimis

2109 4446 2316 4515 liberis,
2374 4465 2562 4521 preces
2622 4453 2735 4507 Deo
2771 4455 3088 4526 suppliciter
3113 4458 3423 4517 offerentes.
3479 4461 3557 4518 Ibi
3609 4480 3708 4524 nos

2109 4559 2356 4616 quoque,
2409 4549 2604 4617 quibus
2653 4551 2858 4620 majora
2895 4567 3054 4622 quam
3106 4570 3202 4622 pro
3248 4557 3456 4611 meritis
3507 4561 3709 4617 nostris

2108 4638 2246 4691 bona
2277 4639 2637 4709 contigerant,
2668 4643 2831 4696 variis
2877 4647 3216 4700 sermonibus
3259 4648 3473 4717 publice
3513 4651 3712 4709 habitis

2108 4731 2506 4787 solemnitatem
2535 4732 2940 4801 decoravimus;
2968 4752 3109 4792 nunc
3138 4738 3334 4809 regalis
3365 4739 3582 4798 fabricas
3609 4744 3707 4799 de-

2109 4837 2294 4877 corem
2335 4837 2399 4877 ac
2428 4823 2880 4894 magniﬁcentiam
2923 4827 3139 4897 scriptis
3164 4843 3516 4900 enarrantes;
3567 4851 3711 4892 nunc

2113 4911 2554 4983 prophetieorum
2586 4916 2926 4972 oraculorum
2955 4935 3146 4976 sensus
3175 4933 3300 4994 apte
3321 4935 3374 4980 et
3399 4941 3709 4982 accommo-

2113 5003 2236 5058 date
2257 5003 2323 5058 ad
2349 5015 2645 5076 praesentes
2667 5007 2865 5079 ﬁguras
2881 5021 3040 5082 atque
3061 5013 3322 5086 imagines
3340 5019 3705 5089 interpretan-

2114 5101 2213 5149 tes.
2236 5093 2348 5149 Hoc
2365 5095 2526 5152 modo
2555 5097 2906 5157 dedicationis
2927 5103 3242 5161 solemnitas
3261 5107 3391 5178 ipsis
3415 5110 3614 5181 impera
3631 5121 3714 5167 to-

2113 5184 2193 5241 ris
2225 5184 2612 5246 tricennalibus
2641 5207 2850 5248 summa
2878 5210 2999 5250 cum
3025 5195 3296 5256 hilaritate
3321 5201 3588 5258 celebrata
3606 5215 3710 5260 est.

2694 5305 2920 5364 CAPUT
2957 5308 3140 5366 XLVI.

2117 5399 2269 5467 Quod
2293 5403 2684 5474 descriptionem
2721 5405 2962 5479 Martyrii
2992 5420 3038 5464 et
3064 5413 3342 5466 orationem
3373 5413 3436 5466 de
3461 5415 3718 5472 tricenna-

2259 5495 2410 5563 libus,
2442 5512 2612 5550 coram
2641 5499 2751 5569 ipso
2778 5502 3086 5572 imperatore
3111 5515 3284 5574 postea
3315 5509 3562 5562 recitavit.

2188 5611 2454 5669 Caeterum
2483 5614 2656 5685 qualis
2681 5616 2848 5671 forma
2897 5619 3130 5674 basilica:
3161 5620 3502 5689 Servatoris;
3541 5625 3716 5696 qualis

2121 5713 2288 5762 Sacra:
2310 5707 2581 5776 spelunca:
2605 5712 2814 5780 species
2838 5713 2940 5779 sit;
2966 5724 3160 5782 quanta
3183 5718 3362 5786 operis
3385 5725 3634 5774 venustas
3659 5725 3716 5772 et
