4142 6178
409 166 478 222 83
1745 156 2014 220 EUSEiill
2056 158 2381 227 l‘AMPliliJ
3651 160 3724 216 8i

412 281 714 352 elegantia;
763 290 889 356 quot
945 280 1174 350 denique
1200 277 1420 333 donaria
1473 276 1666 354 partim
1697 291 1761 330 ex
1787 290 1919 338 auro
1963 283 2017 330 et
2047 278 2093 345 Α
2121 275 2171 330 di
2193 321 2208 339 ,
2241 278 2521 348 gentisque
2549 276 2800 334 lililttl‘lllll
2832 277 3101 348 principes.
3125 291 3186 332 ac
3215 277 3426 347 regulos
3457 278 3613 347 pictis
3640 287 3723 335 ta-

407 383 672 446 argeuto,
731 373 922 445 partim
977 388 1040 426 ex
1099 369 1327 441 gemmis
1386 368 1710 440 fabrefacta,
1764 366 2017 438 peculiari

413 481 582 538 opere
615 465 853 532 executi,
885 465 1078 520 librum
1134 464 1284 520 illum
1331 462 1642 534 imperatori
1691 460 2021 530 nuncupavi.

410 575 557 617 mus.
589 561 758 627 Quem
789 557 1004 628 quidem
1038 549 1231 617 libi-uin
1263 565 1564 628 opportune
1592 553 1657 609 ad
1685 553 1886 617 calcem
1916 553 2018 608 htt-

420 653 510 724 jus
530 651 923 724 operis’cdituri
949 666 1166 717 sumus;
1193 651 1442 727 adjuncta
1474 651 1633 706 etiam
1663 650 1906 705 oratione
1935 648 2024 711 illa

410 747 480 802 de
511 744 913 812 tricennalibus,
940 758 1096 814 qnam
1144 742 1302 818 paulo
1333 751 1455 814 post
1485 741 1708 818 profecti
1753 741 2024 800 Constan-

414 837 720 910 tinopolim,
764 849 944 892 Coram
979 837 1094 910 ipso
1143 837 1468 908 imperatore
1509 836 1887 902 recitavimus;
1939 850 2023 892 se-

417 930 594 987 cundo
627 937 736 984 tum
793 929 843 983 in
898 927 1097 999 palatio
1149 943 1416 983 summum
1471 927 1710 992 omnium
1756 927 1923 988 Deum
1962 941 2024 984 ac

412 1023 704 1078 Dominum
749 1020 1000 1076 laudibus
1028 1021 1401 1091 prmdicantes.
1447 1024 1617 1090 Quam
1644 1035 1764 1076 cum
1814 1018 2026 1076 audiret

415 1117 532 1174 Deo
577 1117 824 1172 amabilis
852 1117 1178 1186 imperator,
1210 1117 1412 1188 gestire
1444 1132 1552 1185 pra:
1583 1115 1778 1188 gaudio
1808 1115 2025 1172 videba-

419 1221 532 1266 tur.
576 1213 751 1279 Atque
780 1209 829 1263 id
859 1210 972 1278 ipse
1001 1210 1147 1272 ﬁnita
1187 1210 1431 1272 oratione
1457 1209 1739 1264 confessus
1768 1218 1872 1275 est,
1902 1223 2022 1264 cum

419 1305 704 1374 episcOpos
736 1301 1325 1374 quiaderantconvivio
1338 1302 1632 1375 exciperet,
1653 1301 1906 1382 omnique
1933 1316 2030 1362 eos

419 1409 619 1466 genere
651 1394 873 1450 honoris
901 1394 1162 1457 afﬁceret.

981 1484 1213 1542 CAPUT
1254 1485 1463 1542 XLVII.

423 1599 576 1666 Quod
600 1597 816 1655 Nicwna
834 1599 1040 1672 quidem
1069 1598 1301 1672 synodus
1321 1600 1664 1660 vicenttalibus
1688 1600 2030 1672 Constantini,

2124 369 2262 423 bulis
2289 379 2341 424 et
2371 371 2562 426 statuis
2595 373 2644 426 in
2675 370 2931 426 honorem
2955 371 3071 439 ejus
3097 372 3312 437 erectis,
3343 372 3727 441 imperatorem

2124 474 2188 516 ac
2225 475 2406 530 regem
2454 477 2512 516 se
2557 463 2704 524 illum
2748 476 3046 534 agnoscere
3093 462 3350 530 proﬁteri.
3383 464 3459 518 Ac
3506 463 3560 518 in
3611 465 3730 533 ipso

2125 556 2342 625 quidem
2375 557 2706 632 principatus
2731 558 2848 627 ejus
2875 558 3119 624 exordio,
3153 559 3310 628 primi
3337 561 3578 616 omnium
3611 561 3728 617 Bri-

2128 648 2273 704 tanni
2306 649 2372 704 ad
2405 651 2790 707 occidentalem
2814 666 3074 706 oceanum
3100 652 3284 721 positi,
3317 666 3439 707 sese
3472 653 3617 708 illius
3645 650 3729 707 di-

2127 741 2258 796 tioni
2288 742 2638 815 subjecertmt
2667 762 2680 799 :
2715 761 2857 802 nunc
2883 761 3009 801 vero
3033 746 3145 804 Indi
3171 747 3240 804 ad
3267 747 3530 804 orientem
3556 749 3732 804 solem

2127 833 2448 905 incolentes,
2479 837 2622 894 idem
2655 837 2854 894 fecere.

2735 929 2962 992 CAPUT
3002 930 3089 996 Li.

2134 1017 2402 1090 Quomodo
2431 1019 2791 1080 Constantinus
2816 1023 2977 1078 diviso
3004 1024 3058 1086 in
3088 1033 3186 1080 tres
3216 1024 3354 1094 filios
3375 1027 3607 1098 imperio,
3639 1042 3726 1086 eos

2309 1124 2355 1168 et
2380 1115 2630 1186 regnandi
2657 1126 2767 1171 arte
2789 1127 2836 1170 et
2868 1117 3069 1186 pietatis
3095 1117 3282 1192 ofﬁciis
3311 1119 3552 1183 instituit.

2203 1206 2336 1262 Cum
2399 1209 2559 1280 igitur
2608 1219 2891 1282 utrumque
2934 1211 3220 1266 terminum
3273 1211 3423 1267 orbis
3466 1222 3733 1270 terrarum

2132 1299 2234 1355 sub
2261 1309 2587 1371 potestatem
2617 1317 2770 1357 suam
2803 1302 3122 1374 redegisset,
3155 1304 3316 1366 totius
3345 1303 3552 1375 imperii
3582 1321 3731 1361 sum-

2133 1407 2299 1462 mam,
2330 1394 2476 1450 veiut
2493 1406 2770 1466 paternam
2786 1396 3073 1468 quamdam
3095 1396 3465 1454 haereditatem
3495 1399 3735 1455 necessi-

2137 1484 2410 1540 tudinibus
2456 1486 2570 1542 suis
2622 1486 2982 1558 diSpertiens,
3013 1488 3068 1542 in
3107 1496 3216 1543 tres
3257 1488 3395 1544 ﬁlios
3434 1489 3634 1545 divisit.
3671 1492 3738 1546 Et

2143 1577 2339 1631 avitam
2397 1577 2611 1648 quidem
2657 1588 2858 1634 sortem
2906 1579 3140 1635 maximo
3188 1587 3346 1647 natu;
3399 1581 3551 1636 alteri
3605 1598 3739 1638 vero

491 1692 745 1747 dedicatio
772 1669 887 1748 vero
927 1669 1153 1748 basilicae
1182 1691 1667 1767 Hierosolyntitana:
1695 1697 1903 1768 contigit
1935 1669 2031 1754 tri;
2063 1679 2113 1750 Β
2137 1669 2374 1768 οτίθῖηίδ
2417 1671 2700 1768 ίφνίῖῗῖυίη
2790 1671 3019 1768 mediam
3087 1673 3225 1729 inter
3281 1676 3377 1729 has
3435 1677 3736 1747 Ροηίυηθηι

495 1785 813 1850 cennalibus.

500 1902 652 1964 Hanc
687 1902 981 1966 secundam
1031 1906 1318 1978 synodum,
1360 1905 1602 1968 omnium
1650 1922 1784 1976 quas
1813 1905 2032 1978 quidem

421 1996 674 2056 novimus
707 1996 1018 2062 maximam.
1051 1999 1346 2071 imperator
1390 1999 1775 2071 Hierosolymis
1803 2014 2033 2070 congre-

429 2087 594 2159 gavit,
621 2097 740 2164 post
768 2089 994 2158 primam
1027 2089 1173 2146 illam
1196 2106 1356 2160 quam
1399 2091 1450 2146 in
1481 2091 1614 2146 urbe
1645 2090 1909 2161 Bithyniae
1937 2104 2036 2146 no-

422 2179 687 2236 bilissima
708 2181 1017 2254 collegerat.
1046 2182 1152 2240 Sed
1175 2184 1264 2239 illa
1287 2183 1503 2254 quidem
1529 2182 1863 2250 triumphalis
1884 2191 2031 2248 erat;

426 2275 484 2330 in
509 2275 718 2344 imperii
751 2276 1120 2334 vicennalibus
1144 2292 1332 2347 preces
1359 2293 1420 2332 ac
1447 2286 1567 2336 vota
1591 2292 1689 2350 pro
1715 2277 1942 2332 vict0ria
1970 2275 2039 2331 de

428 2365 673 2430 hosﬁhus
725 2378 895 2440 parta,
927 2369 978 2422 in
1013 2369 1145 2426 urbe
1189 2369 1425 2426 victoriae
1462 2369 1784 2440 cognomine
1828 2370 2036 2438 persol.

425 2475 580 2515 vens.
631 2459 756 2518 limo
795 2477 924 2518 vero
978 2462 1353 2524 tricennalium
1404 2463 1746 2519 festivitatem
1796 2463 2038 2527 ornavit,

428 2567 552 2608 cum
586 2553 878 2624 imperator
907 2555 1016 2610 Deo
1044 2555 1285 2618 omnium
1309 2557 1573 2616 honorum
1619 2555 1848 2621 auctori,
1891 2569 2039 2608 mar.

433 2645 658 2717 tyrium,
695 2644 843 2706 velut
869 2645 1138 2718 qooddam
1169 2648 1314 2717 pacis
1345 2645 1653 2712 donarium,
1685 2646 1735 2705 in
1768 2646 1884 2715 ipso
1907 2645 2039 2702 Ser-

430 2740 637 2800 vatoris
677 2741 843 2798 nostri
875 2750 1227 2802 monumento
1249 2738 1541 2800 dedicaret.

975 2873 1204 2930 CAPUT
1268 2871 1500 2929 XLVill.

511 2992 780 3062 Quomodo
803 2992 1099 3048 immodicas
1121 2991 1392 3060 cuiusdam
1423 2991 1602 3046 laudes
1623 3007 1756 3064 (egre
1777 2992 1968 3047 tulerit.

509 3106 605 3162 His
659 3106 908 3160 omnibus
961 3105 1256 3170 confectis,
1313 3121 1436 3164 cum
1483 3104 1823 3174 imperatoris
1880 3105 2046 3160 virtus

441 3206 758 3254 cunctorum
788 3196 1128 3252 sermonibus
1159 3195 1560 3265 prmdiearetnr,
1595 3195 1807 3268 quidam
1835 3210 1898 3248 ex
1932 3211 2046 3252 nu-

442 3306 594 3346 mero
620 3288 985 3355 sacerdotum,
1035 3287 1182 3342 illum
1227 3303 1408 3343 coram
1439 3285 1650 3344 beatum
1701 3284 2048 3360 pronuntiare

444 3399 552 3440 non
587 3391 670 3438 est
690 3385 892 3437 veritus
921 3398 933 3434 :
963 3382 1159 3452 quippe
1180 3381 1269 3452 qui
1296 3391 1404 3435 tum
1437 3380 1488 3435 in
1520 3380 1620 3435 hac
1650 3381 1756 3435 vita
1777 3396 2046 3435 summum

447 3476 613 3530 totius
656 3473 805 3530 orbis
850 3472 1074 3528 Romani
1116 3473 1399 3545 imperium
1430 3473 1683 3544 consequi
1730 3472 2046 3546 meruisset;

447 3575 559 3623 tum
591 3567 645 3622 in
691 3567 872 3621 futuro
893 3582 1010 3621 ωνο
1039 3581 1142 3621 una
1169 3581 1289 3621 cum
1327 3564 1464 3620 Filio
1493 3566 1583 3620 Dei
1612 3576 1758 3620 esset
1800 3575 2052 3636 regnatu-

447 3675 566 3717 rus.
599 3661 669 3714 At
712 3658 803 3714 ille
835 3659 1139 3728 ltujusntodi
1167 3674 1326 3715 voces
1356 3675 1498 3728 mgre
1523 3657 1811 3713 admodum
1839 3674 2049 3730 passus,

448 3753 724 3809 hominem
765 3751 1065 3816 admonuit,
1107 3767 1175 3806 ne
1206 3751 1289 3806 his
1339 3751 1521 3807 verbis
1563 3750 1635 3814 uti
1668 3761 2050 3826 praesumeret,

451 3847 548 3902 sed
602 3844 781 3916 potius
829 3841 1057 3914 supplex
1086 3842 1197 3898 Deo
1229 3852 1350 3898 vota
1380 3843 1598 3909 faceret,
1629 3853 1686 3898 ut
1721 3853 1826 3898 tam
1858 3843 1912 3897 in
1953 3843 2053 3900 hac

449 3953 613 4010 quam
653 3937 707 3993 in
739 3937 913 3992 l'utura
939 3936 1070 4005 vita,
1100 3934 1310 3992 censeri
1337 3936 1479 3992 inter
1502 3937 1727 3993 famulos
1751 3937 1842 3993 Dei
1876 3953 2054 3994 mere.

451 4041 624 4088 1'9"".

1017 4118 1247 4178 CAPUT
1285 4117 1477 4176 XLIX.

708 4221 926 4298 Nuptiw
952 4220 1237 4277 Constantii
1259 4221 1493 4290 Censoris,
1526 4224 1641 4295 ejus
1670 4219 1788 4296 ﬁlii.

535 4337 797 4398 Absoluta
819 4338 929 4408 jam
959 4337 1234 4398 tricesimo
1264 4337 1474 4409 imperii
1511 4350 1688 4406 anno,
1712 4335 1935 4394 secundi
1962 4335 2057 4394 ﬁlii

2137 1763 2308 1834 regni,
2341 1764 2503 1820 tertio
2538 1763 2649 1820 ﬁlio
2679 1764 2885 1820 tribuit.
2916 1765 3032 1821 .lam
3068 1782 3197 1822 vero
3225 1781 3347 1822 cum
3381 1770 3635 1842 optimam
3670 1771 3736 1824 li-

2137 1853 2282 1909 beris
2307 1854 2417 1909 suis
2465 1854 2856 1924 htereditatem,
2887 1865 2941 1911 et
2970 1856 3035 1912 ad
3065 1857 3259 1913 animae
3290 1859 3517 1915 salutem
3553 1861 3739 1934 impri-

2137 1948 2242 2004 mis
2267 1949 2449 2004 utilem
2475 1964 2666 2020 parare
2694 1949 2873 2012 vellet,
2910 1950 3123 2020 pietatis
3144 1951 3349 2006 semina
3377 1966 3563 2009 eorum
3587 1970 3738 2010 men-

2141 2041 2284 2098 tibus
2310 2039 2603 2112 lnspersit;
2645 2043 2838 2113 partim
2880 2043 3082 2098 divinis
3117 2024 3455 2100 documentis
3485 2046 3600 2117 ipse
3644 2062 3739 2102 eos

2140 2133 2422 2202 imbuens;
2454 2135 2646 2204 partim
2699 2135 2987 2204 maglsuos
3017 2135 3096 2190 eis
3144 2148 3421 2206 apponens
3449 2147 3740 2208 comperta:

2147 2226 2424 2298 religionis
2465 2226 2630 2280 viros.
2673 2225 3023 2281 Smcularium
3077 2243 3290 2298 quoque
3335 2228 3738 2300 disciplinarum

2141 2321 2500 2393 peritissimos
2546 2320 2794 2376 doctores
2843 2321 3030 2376 iisdem
3073 2322 3333 2392 praefecit.
3377 2321 3479 2377 Alii
3533 2322 3741 2378 bellica:

2143 2413 2276 2469 artis
2299 2413 2559 2479 scientia;
2592 2413 2680 2468 alii
2713 2413 2947 2468 civilium
2978 2429 3157 2469 rermn
3202 2400 3483 2485 praeceptis
3523 2428 3618 2470 eos
3658 2415 3743 2470 in-

2145 2508 2485 2574 tormabant;
2510 2508 2599 2563 alii
2626 2507 2859 2579 denique
2887 2507 3328 2579 jurisprudentia.
3360 2509 3530 2567 Porro
3559 2511 3742 2584 singu-

2144 2599 2212 2656 lis
2240 2601 2468 2656 tributus
2495 2611 2612 2656 erat
2640 2601 2837 2671 regalis
2869 2611 3186 2671 apparatus,
3227 2603 3444 2658 scutarii
3469 2647 3483 2666 ,
3515 2604 3738 2672 hastati,

2146 2700 2511 2764 protectores,
2539 2702 2593 2746 et
2617 2691 2854 2761 legiones
2885 2706 2948 2746 ac
2974 2693 3185 2748 numeri
3218 2693 3501 2762 militares,
3531 2711 3743 2752 eorum-

2145 2800 2251 2857 que
2279 2795 2550 2854 rectores,
2591 2786 2958 2854 centuriones,
2999 2786 3197 2841 tribuni
3227 2803 3288 2842 ac
3315 2787 3511 2856 duces,
3544 2789 3578 2842 ii
3608 2806 3743 2858 quos

2148 2877 2382 2949 paterin
2418 2878 2577 2933 rebus
2609 2879 2813 2933 bellicis
2853 2879 3332 2934 exercitatissimos
3381 2890 3434 2934 et
3475 2881 3744 2952 praecipua

2147 2984 2272 3040 erga
2302 2970 2440 3026 ﬁlios
2463 2970 2568 3026 ﬁde
2597 2985 2662 3027 ac
2701 2971 3071 3028 benevolentia
3101 2971 3356 3042 praeditus
3397 2988 3517 3029 esse
3548 2987 3745 3044 cogun-

2070 3069 2117 3136 Ο
2148 3073 2322 3121 verat.

2757 3156 2985 3214 CAPUT
3025 3157 3132 3213 LII.

2251 3249 2522 3316 Quomodo
2552 3265 2636 3304 eos
2665 3249 2863 3305 virilem
2890 3262 3091 3306 aetatem
3120 3253 3380 3324 ingressos
3421 3251 3656 3324 pietatem

2829 3344 3080 3399 docuerit.

2225 3435 2396 3490 Porro
2423 3435 2548 3489 dum
2585 3435 2797 3491 inﬁrma
2846 3436 3022 3491 adhuc
3060 3443 3221 3491 aetate
3263 3435 3506 3492 Caesares
3545 3447 3749 3503 essent,

2153 3526 2387 3584 ministri
2416 3537 2470 3583 et
2499 3527 2791 3584 consiliarii
2840 3527 2905 3584 iis
2948 3528 3189 3596 adjuncti
3233 3530 3618 3598 rempublicam
3655 3547 3754 3600 gn-

2155 3619 2472 3673 bernabant.
2502 3617 2700 3673 Verum
2748 3619 2834 3673 ubi
2877 3619 2944 3674 ad
2973 3619 3182 3682 virilem
3212 3628 3426 3683 aetatem
3471 3623 3750 3694 pervenis-

2156 3720 2296 3777 sent,
2331 3711 2499 3766 solius
2525 3712 2694 3782 patris
2725 3712 3088 3781 magisterium
3119 3712 3198 3766 eis
3222 3711 3451 3768 sullecit.
3484 3712 3583 3780 Qui
3613 3729 3754 3767 nunc

2157 3811 2452 3876 praesentes
2502 3804 2724 3873 privatis
2753 3802 3212 3858 admonitionibus
3249 3804 3316 3858 ad
3357 3805 3752 3860 mmulationem

2157 3897 2242 3954 sui
2268 3897 2617 3967 provocabat,
2643 3895 2948 3965 exemplum
2979 3897 3192 3966 pietatis
3217 3911 3329 3950 sum
3356 3894 3754 3952 sditnitandum

2157 3989 2288 4060 ipsis
2321 4003 2669 4060 proponens:
2703 4003 2847 4044 nunc
2888 3989 3203 4044 absentibus
3233 3990 3576 4060 imperatoria
3620 4007 3757 4060 prte-

2158 4091 2314 4156 cepta
2348 4098 2442 4154 per
2469 4082 2676 4139 litteras
2699 4081 3039 4153 suggerebat.
3069 4081 3310 4150 Quorum
3351 4085 3580 4153 primum
3627 4083 3756 4138 illud

2161 4185 2216 4242 et
2244 4175 2534 4234 maximum
2557 4183 2693 4239 erat.
2726 4182 2785 4228 ut
2813 4173 2906 4230 Dei
2926 4175 3123 4230 summi
3143 4175 3384 4230 omnium
3433 4176 3574 4246 regis
3616 4177 3757 4234 noti-

2163 4271 2290 4337 tiam
2320 4268 2660 4338 cultumque,
2692 4264 2896 4328 divitiis
2927 4266 3179 4322 omnibus
3213 4266 3422 4338 ipsique
3447 4265 3610 4322 etiam
3653 4267 3758 4322 im-

2163 4359 2316 4432 perio
2341 4358 2693 4424 anteferrent.
2727 4357 2966 4414 Tandem
2996 4372 3148 4426 vero,
3176 4368 3233 4413 ut
3273 4373 3368 4430 per
3403 4359 3610 4429 seipsos
3639 4374 3759 4429 qua:

459 4431 676 4510 ηυρίίδε
705 4430 1016 4497 εθιθιπδνίιν
1049 4445 1171 4486 cui"
1201 4430 1422 4502 maioris
1451 4442 1580 4486 "al"
1606 4429 1819 4501 ηυβιίθε
1854 4430 2056 4487 dudm“
2082 4456 2137 4518 D
2163 4429 2310 4512 utilia
2335 4460 2519 4509 essent
2543 4451 2848 4522 reipublicae
2868 4463 3110 4522 agerent,
3145 4451 3224 4506 eis
3245 4429 3488 4522 permisit
3513 4469 3524 4505 :
3554 4461 3607 4506 et
3635 4459 3760 4508 ante

458 4537 618 4590 antea
661 4527 1063 4590 celebravisset.
1114 4525 1284 4600 Epula
1314 4527 1475 4596 igitur
1501 4535 1553 4580 et
1579 4525 1821 4582 convivia
1846 4527 2055 4596 praebe-

457 4623 686 4687 bantur,
716 4621 1040 4694 imperatore
1067 4621 1184 4690 ipso
1225 4618 1390 4679 ﬁlium
1428 4632 1686 4690 sponsum
1719 4617 2051 4686 deducente,

457 4724 513 4778 et
558 4699 843 4784 magniﬁco
878 4720 1139 4788 apparatu
1181 4725 1426 4770 seorsum
1484 4711 1724 4777 virorum
1749 4749 1765 4778 ,
1807 4723 2052 4776 seorsum

457 4807 745 4872 mulierum
767 4816 963 4872 emtum
990 4807 1317 4878 excipiente.
1353 4803 1459 4863 Sed
1487 4814 1541 4860 ct
1570 4819 1793 4866 munera
1817 4803 2057 4876 splendis

457 4899 679 4956 dissima
709 4897 1017 4965 civitatibus
1043 4913 1106 4962 ac
1133 4897 1348 4970 pupulis
1375 4898 1568 4962 divisa.

1087 4987 1315 5056 CAPUT
1353 4988 1416 5054 L.

743 5082 954 5156 Legatis
984 5093 1032 5150 ει
1059 5099 1268 5147 munera
1297 5081 1358 5146 ab
1386 5081 1538 5149 Indis
1575 5083 1749 5146 missa.

455 5201 459 5206 ’
533 5196 739 5256 Eodem
769 5205 1014 5266 tempore
1048 5195 1304 5251 Indorum
1334 5195 1424 5266 qui
1469 5195 1537 5250 ad
1568 5193 1833 5252 orientem
1882 5196 2050 5254 solem

454 5289 721 5354 incolunt,
753 5286 913 5358 legati
935 5287 1225 5352 advenere,
1252 5286 1392 5352 dona
1420 5284 1739 5352 atterentes;
1769 5288 1946 5342 varias
1977 5289 2056 5344 ri-

457 5379 658 5435 delicet
691 5393 934 5451 gemmas
982 5376 1234 5451 exquisiti
1285 5375 1510 5449 fulgoris
1558 5392 1622 5446 ac
1669 5377 1863 5452 pretii;
1912 5380 2052 5442 teras

456 5485 670 5541 quoque
701 5471 872 5526 forma
911 5479 1073 5544 atque
1103 5468 1283 5532 indole
1305 5470 1520 5540 penitus
1558 5486 1588 5532 a
1630 5471 1831 5536 nostris
1854 5470 2058 5534 discre-

463 5568 676 5633 pantes.
707 5561 836 5630 Quae
865 5563 1046 5618 omnia
1085 5561 1398 5631 imperatori
1429 5560 1717 5620 oil'erentes
1737 5604 1752 5632 ,
1788 5562 2060 5632 testaban-

481 5663 568 5710 tur
596 5653 664 5710 ad
691 5653 867 5725 ipsum
893 5669 1065 5726 usque
1103 5653 1377 5710 Oceanum
1430 5654 1715 5726 imperium
1739 5655 1858 5728 ejus
1877 5663 2066 5712 exten-

2160 4545 2339 4603 omnia
2363 4545 2416 4599 id
2439 4545 2637 4608 diserte
2653 4545 2927 4615 praecepit,
2943 4552 3002 4600 ut
3018 4543 3270 4608 Ecclesiae
3288 4544 3379 4598 Dei
3405 4558 3588 4599 curam
3602 4558 3762 4614 gere-

2162 4647 2303 4708 rent,
2330 4651 2494 4714 seque
2510 4637 2683 4708 palam
2696 4635 3032 4694 Chrisﬁanos
3047 4636 3446 4708 proﬁterentur.
3470 4640 3643 4710 Atque
3660 4637 3760 4692 hoc

2162 4730 2375 4812 quidem
2404 4715 2564 4786 modo
2589 4728 3072 4786 ﬁliosinstituebat.
3092 4729 3169 4784 liii
3191 4744 3317 4785 vero
3334 4744 3438 4784 non
3455 4738 3558 4783 tam
3585 4722 3761 4800 patef-

2169 4825 2254 4892 nis
2285 4823 2521 4890 monitis,
2553 4838 2711 4893 quam
2742 4838 2838 4878 sua
2879 4831 3071 4894 sponte
3101 4823 3324 4890 incitati,
3373 4834 3640 4893 przecepta
3671 4837 3762 4891 pa-

2174 4915 2348 4984 rentis
2365 4917 2448 4972 sui
2479 4916 2755 4972 alacritate
2778 4916 2942 4971 animi
2966 4927 3312 4988 superarunt,
3339 4918 3536 4988 quippe
3559 4919 3647 4986 qui
3675 4917 3761 4980 di-

2165 5011 2304 5076 vinat
2329 5010 2603 5082 religionis
2628 5009 3028 5076 observantiam
3066 5025 3278 5082 semper
3302 5026 3418 5082 pra:
3459 5010 3626 5066 oculis
3667 5011 3762 5066 ha-

2166 5101 2376 5170 berent,
2401 5109 2456 5157 et
2481 5111 2698 5166 sanctos
2726 5100 2979 5158 Ecclesia:
3009 5102 3142 5168 ritus
3165 5103 3215 5160 in
3244 5102 3360 5174 ipso
3388 5101 3583 5173 palatio
3627 5116 3691 5157 cu
3716 5119 3748 5155 ιι

2170 5194 2756 5254 universisdomesticis
2778 5194 3128 5252 custodirent.
3154 5193 3287 5250 Nam
3311 5204 3365 5250 et
3396 5196 3497 5250 hoc
3526 5205 3762 5264 paternae

2163 5285 2517 5359 providentiae
2564 5300 2698 5360 opus
2726 5285 2917 5354 fuerat,
2951 5294 3009 5340 ut
3034 5299 3138 5340 non
3165 5285 3299 5340 alios
3331 5285 3657 5342 domesticos
3699 5297 3762 5343 et

2161 5377 2572 5433 contubernales
2604 5374 2726 5431 ﬁliis
2766 5375 2898 5440 suis,
2939 5391 3097 5447 quam
3136 5372 3472 5434 Christianus
3502 5377 3756 5440 traderet.

2165 5469 2467 5526 Primorum
2494 5483 2708 5540 quoque
2741 5483 3086 5524 numerorum
3119 5477 3378 5544 rectores,
3423 5469 3616 5540 quibus
3641 5471 3748 5525 rei-

2166 5563 2402 5637 publicae
2439 5577 2569 5618 cura
2613 5559 2900 5618 commissa
2941 5560 3135 5630 fuerat,
3183 5562 3274 5617 Dei
3322 5562 3557 5619 cultores
3587 5574 3758 5630 erant,

2169 5653 2395 5727 Quippe
2422 5652 2728 5713 hominibus
2755 5654 2914 5712 ﬁdem
2943 5657 2993 5711 in
3023 5656 3189 5711 Deum
3209 5655 3484 5727 professis,
3514 5663 3765 5730 tanquam
