4142 6178
403 168 476 226 ss
880 128 885 135 ’
1470 168 1560 225 ne
1607 168 1762 225 vm
1803 166 2261 233 consumma
2297 170 2506 230 LIBER
2543 173 2633 231 tv.
3641 182 3711 236 se

402 279 734 349 ﬁrmissimis
777 281 1100 355 quibusdam
1132 281 1302 338 muris
1340 281 1665 341 confidebat.
1698 280 1833 347 Cum
1880 283 2008 340 bea—
2035 287 2091 355 Α
2112 279 2357 359 Cumque
2376 300 2681 353 sermonem
2713 287 2928 361 longius
2960 289 3337 364 produxisset,
3367 293 3421 351 in
3452 308 3514 353 ea
3536 295 3710 355 disse-

400 374 644 439 tissimus
671 378 920 449 princeps
957 376 1075 435 haec
1099 391 1309 450 quoque
1338 376 1407 439 ita
1436 374 1835 447 constituisset,
1867 377 2008 437 Deus

399 469 677 529 honorum
709 471 949 541 omnium
988 471 1331 543 dispensator
1354 512 1370 538 ,
1419 479 1602 542 utpote
1638 471 1845 533 cunctis
1896 471 2006 529 rei-

405 563 640 634 publicze
692 564 923 637 negotiis
971 565 1177 639 optime
1220 564 1289 619 ab
1336 563 1664 633 imperatore
1706 562 2005 635 dispositis,

404 668 767 731 Opportunum
813 666 1028 729 tempus
1075 656 1288 715 tandem
1325 655 1518 714 adesse
1556 665 1802 713 statuens
1831 655 2008 729 quoad

398 736 685 811 meliorem
729 758 934 808 sortem
980 749 1384 821 transferretur,
1440 747 1662 809 fatalem
1713 751 1831 822 eius
1884 749 2009 807 vitte

401 840 565 899 finem
596 843 877 914 imposuit.
1007 910 1238 969 CAPUT
1275 910 1390 967 Lm

401 1004 555 1074 Quod
606 1022 724 1065 cum
770 1006 969 1069 duobus
1017 1022 1077 1061 ac
1130 1007 1340 1078 triginta
1401 1006 1552 1061 annis
1610 1006 1930 1080 regnaverit,
1961 1016 2010 1061 et

469 1100 749 1172 plusquam
788 1100 1056 1173 sexaginta
1084 1099 1233 1153 annis
1285 1098 1468 1162 vixerit
1493 1138 1509 1165 ,
1557 1099 1758 1179 integra
1810 1114 2010 1170 semper

473 1193 579 1269 [ait
609 1193 911 1259 valetudine.

476 1310 556 1365 Ac
588 1308 797 1380 imperii
827 1308 1044 1382 quidem
1070 1308 1398 1373 curriculum
1450 1308 1662 1373 duobus
1698 1317 1754 1367 et
1794 1308 2009 1381 triginta

392 1403 559 1458 annis
602 1401 869 1473 explevit,
899 1404 1140 1473 exceptis
1173 1403 1448 1458 mensibus
1475 1418 1539 1459 ac
1564 1402 1755 1463 diebus
1786 1403 2006 1475 paucis:

404 1497 537 1551 vitae
565 1508 697 1550 vero
742 1496 976 1565 Spatium
1022 1494 1188 1565 duplo
1228 1495 1339 1557 fere
1382 1494 1595 1567 longius
1637 1496 1757 1551 fuit.
1789 1496 1903 1563 Qua
1953 1496 2006 1551 in

397 1598 585 1656 aetate,
618 1602 813 1669 corpus
856 1588 907 1647 ei
953 1587 1022 1642 ab
1072 1586 1221 1643 omni
1271 1588 1461 1643 morbo
1499 1596 1554 1644 et
1598 1588 1719 1643 labe
1757 1602 2005 1658 vacuum,

2113 375 2221 432 ruit
2245 375 2312 432 de
2337 377 2641 443 animorum
2666 381 3091 453 immortalitate,
3113 384 3290 457 deque
3317 384 3402 451 his
3429 387 3521 459 qui
3548 388 3708 457 vitam

2111 472 2199 543 pie
2230 471 2634 542 traduxissent,
2676 484 2730 535 et
2766 474 2835 533 de
2874 476 3030 533 bonis
3057 492 3178 550 quae
3206 478 3396 541 amicis
3427 480 3520 547 Dei
3566 480 3710 553 apud

2111 565 2285 637 ipsum
2302 566 2471 625 Deum
2488 567 2766 627 recondita
2781 570 3184 633 essent.Contra
3201 586 3354 642 vero,
3370 588 3529 644 quem
3544 571 3706 641 tinem

2111 668 2294 719 essent
2328 659 2563 723 habituri
2589 659 2667 717 illi
2698 662 2788 735 qui
2828 663 3153 725 contrariam
3181 662 3399 723 videndi
3442 664 3707 737 rationem

2110 750 2503 813 instituissent,
2533 752 2718 813 multis
2767 753 3066 815 rationibus
3095 752 3373 811 evidenter
3438 754 3707 828 astruxit;

2111 842 2384 900 interitum
2398 852 2453 900 et
2467 843 2676 900 cladem
2691 844 2977 917 impiorum
2990 846 3479 916 describens.Quod
3490 845 3707 920 quidem

2110 949 2230 999 cum
2257 936 2493 1008 graviter
2519 946 2574 993 et
2595 937 2739 994 serio
2759 936 3077 1006 affirmaret,
3102 938 3374 1011 proximos
3395 950 3449 995 et
3474 938 3709 1003 familiae

2109 1041 2200 1083 res
2216 1042 2343 1083 suos
2368 1029 2738 1101 perstringere
2761 1030 3063 1089 videbatur.
3080 1029 3231 1091 Adeo
3255 1042 3314 1089 ut
3333 1032 3616 1105 quemdam
3641 1048 3708 1089 ex

2111 1120 2216 1176 illis
2244 1136 2383 1177 vana
2411 1122 2690 1193 sapientia:
2717 1124 2971 1194 opinione
2994 1124 3191 1183 inﬂatis
3212 1166 3228 1190 ,
3272 1124 3705 1195 interrogaverit,

2109 1214 2236 1285 quid
2259 1216 2483 1271 sentiret
2509 1216 2577 1271 de
2598 1217 2663 1273 iis
2688 1232 2806 1295 qua:
2828 1217 2968 1277 dicta
2991 1227 3194 1273 essent.
3221 1216 3404 1277 Atille
3428 1218 3708 1274 verissima

2109 1322 2232 1364 esse
2259 1319 2449 1364 cuncta
2487 1319 2712 1366 testatus
2743 1320 2858 1379 est;
2887 1322 2941 1367 et
2960 1312 3206 1383 quamvis
3224 1311 3442 1380 invitus,
3470 1312 3710 1384 disputa-

2109 1401 2287 1457 tiones
2316 1401 2580 1458 adversns
2610 1404 2903 1461 multorum
2930 1408 3211 1462 numinum
3239 1408 3442 1462 cultum
3485 1422 3706 1479 magno-

2110 1509 2241 1569 pere
2294 1494 2551 1551 laudavit.
2605 1496 2921 1568 Hujusmodi
2964 1500 3259 1556 conciones
3300 1500 3367 1555 ad
3413 1499 3707 1561 familiares

2110 1601 2236 1647 suos
2281 1597 2405 1644 ante
2452 1597 2683 1646 mortem
2730 1605 2852 1646 cum
2899 1590 3195 1657 habuisset.
3252 1594 3393 1653 viam
3438 1594 3541 1659 sibi
3588 1596 3705 1668 ipse

391 1696 597 1752 expers
639 1680 929 1750 cujuslibet
979 1678 1124 1745 vitii,
1171 1688 1226 1741 et
1268 1679 1461 1751 quovis
1506 1679 1729 1750 juvenili
1774 1694 2003 1747 corpore
2031 1681 2080 1745 Β
2107 1682 2452 1761 complanare
2473 1683 2540 1739 ad
2571 1684 2850 1739 meliorem
2881 1686 3044 1740 vitam
3077 1685 3379 1751 videbatur.

394 1774 606 1829 ﬁrmius
643 1773 926 1839 constitit,
974 1781 1030 1827 et
1068 1781 1178 1826 tum
1209 1772 1466 1827 decorum
1514 1782 1760 1842 aspectu,
1793 1781 1903 1827 tum
1935 1771 2003 1827 ad

394 1867 619 1940 quidvis
644 1865 909 1938 agendum
937 1865 1141 1921 viribus
1170 1866 1405 1936 pollens.
1429 1865 1580 1921 Adeo
1606 1874 1663 1921 ut
1682 1865 2001 1921 militaribus

398 1959 880 2017 exercitationibus
925 1958 1263 2031 proluderet,
1314 1959 1616 2029 equitaret,
1660 1958 1995 2024 ambularet,

391 2055 716 2120 dimicaret,
749 2060 951 2124 troprea
974 2052 1041 2109 de
1066 2053 1311 2109 hostibus
1337 2052 1492 2108 vietis
1528 2053 1799 2124 erigeret,
1826 2062 1880 2108 et
1918 2053 2000 2109 iu-

395 2155 655 2203 cruentas
684 2145 809 2201 illas
835 2160 987 2201 more
1016 2159 1116 2200 suo
1146 2145 1401 2201 victorias
1432 2153 1754 2216 reportaret.

994 2258 1224 2315 CAPUT
1264 2258 1400 2315 LIV.

393 2349 479 2406 De
506 2350 570 2405 iis
596 2349 687 2421 qui
709 2350 898 2419 eximia
927 2352 1040 2422 ejus
1067 2351 1380 2406 humanitate
1408 2352 1475 2406 ad
1495 2352 1766 2407 avaritiam
1808 2360 1854 2406 et
1885 2354 1997 2423 pie-

768 2445 886 2497 tatis
913 2444 1287 2499 simulationem
1316 2444 1463 2499 abusi
1502 2455 1641 2501 sunt.

2703 1799 2931 1863 CAPUT
2970 1802 3102 1865 LVI.

2110 1893 2378 1963 Quomodo
2406 1894 2474 1951 ad
2509 1893 2702 1957 bellum
2744 1894 3014 1953 Persicum
3046 1897 3407 1968 proﬁciscens,
3439 1900 3705 1973 episcopos

2175 1987 2274 2041 sibi
2325 1986 2597 2060 adjuuxit.
2650 1997 2698 2049 et
2753 1990 3028 2054 tentorium
3076 1990 3132 2045 in
3186 1991 3406 2062 speciem
3459 1991 3707 2051 Ecclesia:

2176 2079 2395 2149 paravit.

2176 2187 2308 2245 illud
2339 2206 2555 2262 quoque
2582 2169 2892 2266 neutiquam
2934 2194 3367 2265 praetereundum
3400 2205 3517 2266 est,
3557 2200 3702 2270 quod

2102 2285 2244 2345 circa
2289 2285 2408 2343 haee
2452 2296 2734 2359 tempore.
2782 2303 2905 2355 cum
2950 2288 3019 2353 de
3063 2298 3213 2353 motu
3251 2290 3605 2356 barbarorum
3634 2293 3702 2349 ad

2102 2377 2366 2435 orientem
2414 2378 2583 2434 solem
2633 2378 2941 2453 degentium
2983 2382 3205 2445 nuntius
3256 2382 3450 2447 allatus
3496 2396 3644 2447 esset
3685 2404 3701 2441 :

2102 2471 2242 2527 hanc
2272 2470 2448 2543 adhuc
2477 2471 2544 2527 de
2572 2470 2679 2527 illis
2708 2474 2985 2547 victoriam
3014 2488 3299 2549 superesse
3322 2476 3422 2539 sibi
3452 2485 3699 2553 testatus,

472 2558 701 2621 Animus
724 2557 974 2617 similiter
1006 2556 1075 2615 ad
1113 2573 1381 2619 summum
1419 2557 1667 2621 humana:
1716 2557 2002 2630 perfectioe
2102 2563 2284 2621 Persis
2317 2564 2519 2621 bellum
2559 2563 2760 2625 inferre
2796 2568 3006 2631 statuit.
3036 2568 3190 2641 Quod
3230 2585 3354 2627 cum
3400 2569 3576 2635 facere
3607 2571 3699 2635 de-

391 2651 484 2711 nis
508 2651 724 2711 culmen
752 2660 1071 2721 pervenerat
1102 2667 1117 2718 ;
1147 2651 1344 2727 quippe
1368 2650 1459 2724 qui
1490 2651 1738 2719 omnibus
1771 2652 1999 2725 praccia.

391 2743 475 2798 ris
498 2741 718 2805 dotibus
743 2751 964 2805 ornatus
993 2752 1157 2808 esset,
1188 2743 1457 2815 praecipue
1484 2758 1611 2805 vero
1642 2743 1996 2807 humanitate.

2102 2658 2385 2728 crevisset,
2410 2657 2672 2714 militares
2710 2658 2898 2731 copias
2943 2659 3179 2733 undique
3218 2661 3457 2723 excivit:
3489 2671 3539 2729 et
3572 2678 3695 2727 cum

2103 2750 2369 2823 episcopis
2397 2766 2530 2822 quos
2555 2751 2697 2806 circa
2724 2765 2782 2808 se
2811 2750 3061 2825 habebat,
3092 2753 3160 2809 de
3208 2753 3541 2829 profectione
3572 2772 3702 2823 con-

393 2834 570 2907 Quam
601 2843 779 2899 tamen
802 2834 957 2901 multi
984 2833 1484 2931 reprehendebant;
1515 2834 1585 2890 ob
1613 2836 2000 2901 exuberantem
2102 2843 2283 2897 silium
2332 2843 2789 2913 communicavit,
2852 2844 3074 2925 provida
3119 2856 3300 2915 mente
3344 2845 3701 2931 prospiciens,

383 2927 660 2983 malitiam
710 2926 1101 3001 improborum,
1130 2926 1221 2999 qui
1250 2927 1539 2998 nequitiam
1579 2942 1730 2985 suam
1771 2929 2001 3000 impera-

390 3019 532 3075 toris
585 3018 965 3085 adscribebant
1009 3020 1301 3091 patientiae.
1355 3018 1516 3076 Certe
1560 3018 1677 3079 haec
1719 3018 1827 3094 duo
1872 3020 1997 3077 vitia

394 3114 503 3170 illis
531 3113 868 3187 temporibus
897 3116 1132 3173 maxime
1162 3113 1474 3183 invaluisse,
1512 3128 1609 3169 nos
1648 3127 1860 3191 quoque
1897 3113 1997 3191 ipsi

393 3207 811 3282 conspeximus;
844 3206 1154 3265 violentiam
1180 3205 1390 3263 scilicet
1417 3207 1774 3279 pessimorum
1820 3204 1999 3271 homi-

394 3315 524 3359 num
552 3309 607 3361 el
634 3298 924 3365 insatiabili
952 3297 1242 3373 cupiditate
1266 3296 1631 3373 ﬂagrantium,
1660 3299 1751 3371 qui
1779 3297 1992 3363 univer-

392 3410 487 3461 sos
517 3393 635 3451 fere
662 3392 919 3459 mortales
942 3392 1303 3472 infestabant,
1332 3401 1386 3457 et
1412 3390 1802 3455 fraudulentam
1834 3391 1998 3455 simu-

2105 2936 2247 2990 viros
2272 2934 2338 2990 ad
2369 2933 2610 2990 divinum
2639 2935 2843 3009 cultum
2883 2938 3216 2999 necessarios
3263 2952 3446 3009 secum
3483 2937 3702 3011 assidue

2028 3067 2075 3141 Ο
2106 3028 2307 3093 versari
2346 3037 2618 3098 Oportere.
2650 3028 2729 3085 Illi
2776 3045 2926 3103 vero,
2960 3028 3151 3084 libenti
3192 3029 3374 3097 animo
3422 3038 3702 3099 secuturos,

2104 3137 2164 3177 se
2193 3137 2315 3177 esse
2342 3120 2701 3189 afﬁrmarunt,
2727 3137 2826 3178 nec
2846 3122 2913 3178 ab
2940 3122 3032 3179 illo
3054 3122 3424 3201 discessuros,
3454 3122 3548 3178 sed
3572 3137 3700 3179 con-

2103 3215 2265 3271 tinuis
2295 3214 2434 3287 apud
2478 3214 2647 3281 Deum
2696 3215 3183 3299 supplicationibus
3228 3216 3553 3285 militaturos
3592 3230 3696 3277 una

2104 3323 2225 3363 cum
2259 3306 2351 3362 illo
2382 3316 2436 3362 et
2464 3317 2812 3383 pugnaturos.
2846 3309 2963 3379 Quo
3001 3308 3095 3365 ille
3136 3310 3322 3366 nuntio
3352 3308 3702 3383 vehementer

2105 3400 2426 3469 delectatus,
2456 3400 2596 3455 viam
2630 3400 2738 3456 illis
2766 3417 2871 3475 qua
2913 3401 3405 3481 proﬁciscerentur,
3453 3402 3697 3484 descrip-

393 3485 656 3551 lalionem
687 3499 876 3547 eorum
899 3485 986 3557 qui
1018 3483 1212 3540 callide
1248 3484 1301 3538 in
1333 3484 1627 3547 Ecclesiam
1666 3483 1995 3557 irrepebant.
2101 3495 2191 3550 sit.
2228 3493 2434 3551 Deinde
2468 3494 2876 3557 tabernaculum
2908 3495 2960 3551 in
3012 3494 3251 3565 speciem
3280 3493 3541 3559 Ecclesiae
3581 3510 3699 3567 am-

394 3588 456 3639 et
479 3576 911 3641 Christianorum
939 3591 1135 3637 nomen
1165 3577 1302 3631 falso
1330 3592 1392 3632 ac
1412 3577 1591 3648 specie
1621 3587 1773 3643 tenus
1802 3576 2000 3648 prmio-

389 3673 609 3729 rebant.
636 3670 839 3727 Verum
867 3670 1026 3729 insita
1058 3669 1369 3747 imperatori
1396 3668 1704 3733 humanitas
1739 3683 1800 3729 ac
1839 3669 1998 3737 honi-

394 3775 504 3835 tas,
543 3773 600 3829 et
624 3764 750 3821 fidei
779 3777 1100 3835 morumque
1125 3762 1429 3830 sinceritas,
1460 3777 1526 3819 eo
1555 3760 1729 3832 ipsum
1754 3760 1998 3831 adduxit,

392 3869 458 3916 ut
477 3858 729 3917 crederet
759 3856 898 3917 fictae
926 3857 980 3913 in
1002 3855 1237 3928 speciem
1269 3855 1455 3933 pietati
1480 3854 1753 3913 hominum
1784 3854 1999 3910 illorum

395 3952 490 4027 qui
520 3968 623 4027 pro
647 3950 971 4015 Christianis
998 3949 1353 4015 habebantur,
1382 3958 1438 4007 et
1465 3947 1554 4019 qui
1582 3947 1851 4005 sinceram
1874 3960 2000 4019 erga

401 4046 577 4115 ipsum
604 4042 1040 4109 benevolentiam
1065 4040 1259 4096 callida
1288 4048 1469 4105 mente
1496 4037 1843 4099 simulabant.
1871 4037 2001 4109 Qui-

404 4140 505 4197 bus
530 4141 616 4201 ille
648 4154 771 4207 cum
795 4137 1088 4208 semetipse
1109 4133 1450 4199 credidisset,
1476 4131 1745 4196 interdum
1772 4132 2002 4191 fortasse

400 4235 458 4291 in
484 4250 547 4290 ea
574 4250 695 4307 qua
720 4248 910 4307 parum
959 4232 1155 4301 decora
1214 4238 1431 4295 essent.
1482 4228 1736 4301 impiis";
1782 4228 2003 4299 maligni

399 4327 669 4391 damonis
710 4327 908 4391 invidia
953 4326 1092 4389 hanc
1116 4323 1263 4389 velut
1306 4320 1570 4393 maculam
1617 4319 1839 4401 reliquis
1885 4320 2005 4393 ejus

397 4421 653 4479 laudibus
679 4420 1058 4497 adspergente.

412 4631 650 4700 Qualiter
668 4629 736 4684 ad
757 4531 1478 4707 ultimum‘xqu’fitzvdiem
1499 4624 1754 4680 orationes
1779 4620 2003 4693 scripsit.

484 4742 1010 4809 Verumillosdiviua
1021 4740 1224 4811 iustitia
1239 4754 1347 4805 non
1362 4739 1528 4800 niulto
1542 4745 1659 4810 post
1673 4737 1867 4799 merito
1878 4751 2004 4806 sup-

407 4840 575 4912 plicia
595 4836 792 4905 aﬂ'ecit.
809 4836 1112 4906 imperator
1130 4847 1261 4897 vero
1288 4842 1430 4888 tanta
1454 4845 1764 4895 sermonum
1782 4828 2003 4907 scientia

409 4935 647 5003 animum
669 4933 1025 5005 instruxerat,
1052 4936 1109 4987 ut
1128 4926 1194 4993 ad
1228 4927 1473 4991 ultimum
1496 4939 1665 4995 usque
1687 4922 1828 4989 diem
1857 4920 2003 4991 vita),

406 5027 683 5091 orationes
707 5021 1078 5091 conscriberet
1100 5034 1249 5089 more
1262 5018 1440 5095 solito,
1464 5015 1817 5083 etconeiones
1843 5012 2008 5079 liabe-

405 5130 514 5188 ret,
545 5126 599 5174 et
626 5116 802 5185 divina
819 5114 1139 5176 documenta
1161 5108 1799 5173 auditoribusinsinuaret
1823 5123 1836 5167 ;
1862 5105 2009 5183 leges

405 5212 540 5268 item
564 5207 976 5275 ferratassidue,
1001 5221 1142 5265 nunc
1167 5203 1232 5260 de
1245 5200 1753 5281 civilibusnegotiis,
1773 5214 1914 5265 nunc
1942 5197 2012 5279 de

404 5321 467 5363 re
500 5304 718 5365 militari
736 5321 747 5356 :
764 5286 956 5367 cuncta
976 5299 1206 5366 denique
1233 5298 1298 5355 ad
1313 5295 1656 5365 commodum
1678 5303 1835 5364 atque
1862 5292 2006 5357 utili-

403 5406 573 5457 tatem
600 5395 818 5459 humani
840 5390 1054 5464 generis
1072 5390 1419 5467 excogitaret.
1438 5387 1573 5451 Illud
1594 5400 1722 5442 vero
1734 5383 2009 5458 haudqua-

407 5504 574 5563 quam
610 5487 825 5543 silentio
854 5466 1288 5557 prartereundum
1339 5490 1453 5547 est,
1484 5479 1626 5552 quod
1672 5494 1795 5545 cum
1835 5486 2013 5535 extre-

420 5598 549 5645 mus
570 5581 697 5647 vitae
723 5578 843 5639 dies
869 5579 970 5653 ipsi
993 5578 1103 5652 jam
1134 5574 1491 5650 impenderet,
1517 5572 1796 5637 funebrem
1827 5586 2014 5651 quam-

429 5678 561 5735 dam
618 5673 916 5749 orationem
976 5658 1030 5743 in
1098 5658 1359 5739 censueto
1415 5667 1681 5727 auditorio
1748 5667 2010 5731 recitavit.

2103 3586 2300 3653 bitioso
2331 3586 2479 3642 cultu
2507 3586 2575 3651 ad
2605 3586 2765 3659 huius
2793 3587 2922 3645 belli
2945 3601 3098 3641 usum
3129 3586 3485 3661 praeparavit;
3518 3586 3571 3652 in
3593 3601 3702 3660 quo

2107 3693 2295 3751 preces
2320 3677 2388 3735 ad
2416 3678 2584 3734 Deum
2615 3679 2857 3734 victoriae
2884 3689 3158 3737 auctorem
3190 3693 3294 3744 una
3335 3693 3458 3735 cum
3490 3679 3701 3761 episco-

2104 3775 2186 3844 pis
2216 3771 2439 3828 fundere
2465 3771 2805 3839 decreverat.

2682 3906 2914 3966 CAPUT
2953 3906 3109 3965 LVII.

2109 4000 2378 4069 Quomodo
2431 4002 2682 4074 susceptis
2720 4001 2999 4059 Persarum
3045 4004 3227 4076 legatis
3244 4046 3259 4072 ,
3309 4007 3438 4078 festo
3488 4003 3705 4061 Pascitur

2540 4094 2623 4150 die
2652 4111 2771 4151 cum
2796 4096 2915 4152 aliis
2944 4098 3274 4168 pernoctavit.

2119 4216 2126 4223 ‘
2176 4208 2390 4265 Interea
2436 4209 2615 4268 Persa:
2643 4224 2765 4266 cum
2813 4211 3194 4283 imperatorem
3257 4211 3458 4269 bellum
3511 4227 3704 4284 parare

2107 4303 2521 4381 comperissent,
2552 4312 2609 4361 et
2635 4319 2757 4360 cum
2786 4305 2879 4361 illo
2921 4305 3178 4376 congredi
3218 4306 3568 4363 vehementer
3611 4322 3700 4363 re-

2110 4394 2480 4465 formidarent,
2513 4397 2693 4453 missis
2741 4396 2930 4469 legatis
2979 4413 3164 4472 pacem
3195 4398 3263 4455 ab
3290 4414 3357 4455 eo
3401 4398 3706 4470 postulave-

2029 4464 2084 4533 Ῑ)
2109 4497 2252 4545 runt.
2287 4487 2469 4563 Itaque
2492 4490 2783 4562 imperator
2798 4464 2952 4564 pacis
2976 4464 3394 4560 amantissimus,
3420 4493 3705 4557 Persarum

2110 4584 2379 4655 legatione
2407 4585 2636 4657 benigne
2660 4594 2933 4655 suscepta,
2964 4599 3152 4659 pacem
3183 4594 3238 4640 et
3262 4584 3551 4640 amicitiam
3582 4600 3706 4657 cum

2111 4678 2191 4733 eis
2216 4677 2448 4735 libenter
2477 4678 2695 4755 pepigit.
2717 4677 3043 4748 Aderatjam
3078 4692 3269 4748 magna
3292 4676 3560 4748 paschalis
3588 4679 3708 4751 festi

2112 4769 2432 4825 solemnitas
2461 4788 2473 4823 :
2505 4771 2558 4825 in
2587 4786 2691 4841 qua
2736 4771 3030 4842 imperator
3070 4781 3192 4837 vota
3221 4769 3335 4827 Deo
3372 4774 3707 4843 persolvens,

2116 4876 2219 4918 una
2241 4875 2362 4917 cum
2382 4862 2594 4917 caeteris
2625 4863 2977 4933 pernoctavit.

2685 4998 2916 5055 CAPUT
2956 4997 3135 5065 LVIII.

2360 5089 2434 5145 De
2464 5091 2839 5155 constructione
2862 5092 3099 5167 martyrii
3125 5093 3477 5162 apostolorum

2687 5183 3148 5254 Constantinopoli.

2192 5296 2441 5354 Posthzec
2455 5299 2507 5354 in
2526 5298 2840 5361 memoriam
2857 5299 3224 5370 apostolorum
3253 5297 3565 5368 martyrium
3584 5297 3715 5354 ardi-

2119 5389 2281 5453 licare
2302 5390 2467 5463 coepit
2493 5391 2543 5446 in
2569 5390 2701 5453 urbe
2720 5390 2822 5453 sibi
2841 5394 3185 5469 cognomine.
3203 5391 3442 5461 Cumque
3457 5391 3716 5465 templum

2118 5497 2281 5547 omne
2310 5484 2364 5541 in
2387 5482 2706 5559 immensam
2743 5483 3081 5545 altitudinem
3115 5482 3431 5555 extulisset,
3457 5483 3608 5545 vario
3639 5484 3719 5549 la-

2134 5574 2319 5653 pidum
2349 5588 2549 5649 genere
2578 5573 2917 5646 Splendidum
2948 5572 3212 5641 reddidit,
3243 5572 3419 5655 agsolo
3449 5572 3726 5655 adpamg.

2146 5656 2274 5733 ram
2303 5682 2473 5743 usque
2507 5667 2825 5735 marmoreis
2863 5666 3061 5731 crustis
3100 5663 3230 5735 illud
3271 5652 3539 5739 operiens.
3569 5652 3745 5733 Porro
