4142 6178
457 215 526 270 87
1798 208 2068 267 EUSEIIII
2110 208 2441 266 PAMPIIILI
3696 213 3767 270 88

457 340 726 382 cameram
765 327 1109 382 lacunaribus
1141 306 1484 383 minutissimi
1526 327 1709 398 operis
1749 326 2025 381 obducens
2047 368 2062 393 ,
2092 326 2142 388 Α
2173 326 2372 397 templo
2400 335 2697 401 martyrum
2728 326 2817 383 diu
2855 336 3239 394 commoratus,
3273 328 3691 400 supplicationes
3714 339 3771 389 et

461 428 629 473 totam
663 433 797 474 auro
819 419 1208 473 imbracteavit.
1243 418 1312 473 Et
1339 434 1500 488 supra
1528 418 1766 490 quidem,
1796 434 1871 473 ms
1903 428 2056 489 teguo

457 511 632 566 larum
677 511 796 566 loco
827 512 1168 581 impositum,
1200 513 1454 567 universo
1493 511 1721 567 aedilicio
1755 514 2060 568 munimen-

461 614 573 658 tum
624 603 884 659 adversus
927 604 1127 659 imbres
1169 605 1463 675 przubebat.
1502 604 1654 672 Quod
1696 603 1880 659 itidem
1926 620 2060 661 auro

459 696 693 768 plurimo
705 695 1046 765 superfusum
1064 696 1463 767 resplendebat;
1487 697 1622 752 adeo
1641 706 1695 751 ut
1711 698 1892 766 procul
1908 712 2062 768 spec-

459 788 688 842 tantium
745 788 929 841 oculos
981 786 1189 858 fulgore
1236 790 1673 861 praestingueret,
1721 790 1853 845 solis
1897 790 2062 845 radiis

460 879 587 933 acris
612 878 827 948 objecta
858 881 1216 948 repercussis.
1244 880 1437 934 Tutum
1474 895 1605 935 vero
1638 881 1895 936 solarium
1929 883 2061 937 reti-

460 968 651 1024 cnlalis
687 969 1004 1039 quibusdam
1047 970 1364 1043 anaglyphis
1385 986 1448 1027 ex
1481 987 1590 1028 mre
1628 982 1682 1028 et
1713 987 1848 1028 auro
1884 972 2061 1030 fabre-

460 1062 618 1118 factis
640 1071 756 1117 erat
782 1062 1197 1118 circumdatum.

1064 1174 1292 1231 CAPUT
1333 1175 1466 1231 LIX.

847 1266 1133 1337 Descriptio
1160 1266 1388 1333 eiusdem
1417 1266 1677 1339 Martyrii.

532 1360 611 1415 Ac
642 1360 899 1430 templum
956 1360 1173 1431 quidem
1221 1362 1394 1431 ipsum
1430 1363 1664 1415 maximo
1717 1362 2062 1433 imperatoris

461 1452 643 1509 studio
689 1453 828 1508 hunc
873 1453 925 1507 in
973 1454 1190 1508 modum
1249 1453 1633 1508 exornabatur.
1682 1453 1836 1511 Circa
1886 1457 2060 1527 ipsum

462 1546 724 1616 templum
752 1544 940 1615 ingens
966 1552 1083 1600 erat
1111 1559 1259 1612 area,
1291 1545 1464 1601 libero
1493 1561 1556 1601 ac
1589 1555 1804 1616 patente
1830 1546 2064 1618 desuper

461 1642 618 1697 caelo.
650 1639 815 1709 Cujus
849 1638 915 1693 ad
954 1649 1187 1712 quatuor
1236 1639 1421 1705 latera,
1475 1641 1715 1711 porticus
1761 1652 1918 1697 erant
1959 1642 2059 1697 sibi

463 1736 698 1791 invicem
730 1737 1054 1805 conjunctw,
1086 1752 1206 1806 qua:
1236 1752 1418 1791 aream
1470 1736 1523 1792 in
1555 1737 1732 1793 medio
1773 1740 1930 1793 sitam
1960 1756 2061 1795 una
2093 1722 2141 1782 Β

465 1844 587 1883 cum
611 1828 727 1898 ipso
750 1828 951 1898 templo
977 1829 1489 1900 circumcingebant.
1512 1829 1781 1886 Praeterea
1803 1830 2066 1907 basilicce;

462 1919 703 1987 lavacra,
732 1918 1025 1974 diversoria
1046 1929 1100 1975 et
1124 1920 1224 1974 alia
1251 1921 1480 1990 plurima
1504 1920 1805 1977 habitacula
1827 1924 1892 1977 ad
1912 1940 2066 1978 usum

465 2027 652 2067 eorum
684 2013 773 2081 qui
810 2013 986 2068 locum
1013 2013 1424 2081 custodiebant,
1468 2015 1764 2087 porticibus
1791 2018 2064 2090 applicita,

459 2120 645 2160 carum
675 2103 1061 2176 longitudinem
1083 2106 1387 2177 :equabant.

1078 2218 1307 2276 CAPUT
1343 2220 1458 2276 LX.

536 2312 692 2382 Quod
717 2315 868 2368 etiam
887 2315 941 2368 in
964 2331 1021 2370 eo
1047 2315 1239 2387 templo
1264 2317 1554 2387 sepulcrum
1577 2317 1674 2371 sibi
1697 2318 1988 2388 redi/ienuit.

533 2424 662 2481 Haec
705 2426 885 2482 omnia
937 2425 1206 2482 dedicavit
1252 2428 1546 2498 imperator
1586 2445 1654 2485 eo
1699 2432 1947 2497 consilio,
2007 2443 2063 2490 ut

460 2518 830 2588 apostolorum
862 2518 1167 2576 Servatoris
1202 2521 1373 2577 nostri
1402 2523 1716 2579 memoriam
1746 2525 1977 2596 posteris
2006 2526 2061 2581 in

460 2621 779 2684 perpetuum
827 2615 1252 2671 commendaret.
1276 2615 1382 2673 Sed
1413 2627 1469 2673 et
1512 2619 1657 2673 aliud
1685 2620 1956 2690 quidpiam
2003 2619 2059 2676 in

458 2716 648 2762 mente
698 2706 924 2775 habens,
957 2709 1131 2765 eadem
1158 2711 1305 2765 illam
1353 2713 1691 2767 construxit:
1733 2714 1873 2784 quod
1907 2716 2060 2770 initio

459 2799 680 2871 quidem
707 2801 1018 2866 obscurum,
1052 2802 1266 2857 tandem
1298 2819 1427 2859 vero
1470 2805 1722 2861 erunibus
1764 2806 1865 2861 sub
1896 2805 2056 2862 finem

459 2894 714 2949 innotuit.
746 2894 957 2966 Quippe
987 2896 1101 2966 ipse
1129 2895 1270 2951 hunc.
1298 2880 1400 2951 sibi
1445 2897 1621 2953 locum
1658 2907 1779 2969 post
1826 2909 2056 2957 mortem

462 2985 872 3057 designaverat;
904 2987 1206 3042 incredibili
1236 2988 1357 3043 fidei
1385 2988 1662 3045 alacritate
1694 2993 2052 3063 prospiciens,

2170 434 2359 489 preces
2382 419 2576 475 obtulit
2602 421 2734 477 Deo.
2761 420 3005 492 Cumque
3031 431 3332 478 extremum
3360 423 3484 477 vita:
3504 423 3647 479 diem
3666 424 3769 480 sibi

2160 511 2272 581 jam
2306 513 2593 569 imminere
2621 514 2869 579 sentiret,
2897 525 3110 584 tempus
3133 514 3346 570 tandem
3369 514 3561 570 adesse
3585 515 3772 570 exi5ti-

2166 604 2347 671 mavit,
2381 619 2486 674 quo
2532 605 2694 660 totius
2744 606 2865 660 vita:
2907 604 3102 660 delicta
3149 606 3418 676 expiaret;
3455 606 3768 662 firmissime

2166 696 2414 762 credens,
2445 712 2797 767 ﬂllil‘CIllllquc
2826 696 3137 751 humanitus
3161 697 3514 768 peccavisset,
3546 712 3771 753 arcano-

2165 802 2283 843 rum
2330 789 2619 844 verborum
2667 788 2904 844 efficacia
2947 802 2999 845 et
3032 790 3261 845 salutari
3302 790 3517 844 lavacro
3559 791 3772 861 penitus

2165 894 2287 935 esse
2322 878 2573 935 delenda.
2607 881 2732 935 ch
2763 896 2885 935 cum
2930 882 3072 952 apud
3123 896 3183 936 se
3232 890 3572 952 reputasset,
3629 898 3773 953 genu

2164 974 2306 1031 flexo
2342 974 2487 1029 bumi
2520 976 2902 1045 procumbens,
2929 976 3145 1031 veniam
3192 990 3224 1031 a
3270 976 3380 1030 Deo
3422 975 3643 1046 supplex
3676 991 3775 1046 po-

2166 1071 2358 1141 poscit,
2402 1081 2621 1142 peccata
2648 1086 2748 1127 sua
2778 1070 3044 1126 conﬁtens
3091 1071 3143 1125 in
3188 1071 3305 1141 ipso
3337 1070 3633 1142 Martyrio:
3665 1087 3772 1142 quo

2142 1163 2219 1218 -in
2250 1162 2368 1218 loco
2415 1178 2668 1218 manuum
2700 1163 3102 1233 impositionem
3134 1179 3256 1219 cum
3301 1163 3531 1219 solemni
3573 1180 3766 1234 preca—

2168 1256 2311 1310 tione
2352 1256 2578 1325 primum
2611 1257 2806 1311 meruit
2854 1257 3121 1326 accipere.
3182 1256 3317 1311 llinc
3364 1255 3431 1311 ad
3461 1255 3771 1313 suburbana

2164 1345 2487 1401 Nicomediae
2526 1346 2841 1417 digressus;
2890 1347 3205 1403 convocatis
3245 1346 3545 1420 epi500pis,
3594 1349 3675 1403 sic
3702 1348 3771 1404 ad

2167 1454 2264 1496 eos
2294 1441 2456 1497 verba
2489 1440 2634 1496 fecit.
2976 1446 2987 1453 ‘
3844 1433 3848 1436 ⁴

2749 1558 2981 1616 CAPUT
3021 1557 3179 1614 LXII.

2171 1654 2367 1722 Quibus
2415 1655 2577 1711 verbis
2609 1654 2971 1711 Constantinus
3012 1653 3285 1725 postularit
3323 1652 3388 1706 ab
3425 1652 3674 1724 episcopis
3715 1664 3772 1710 ut

2583 1747 2890 1819 baptismum
2918 1746 3013 1801 sibi
3038 1749 3349 1816 conferrent.

2250 1877 2269 1912 ι
2302 1859 2412 1914 Iloc
2428 1870 2544 1914 erat
2578 1870 2788 1931 tempus
2815 1858 2954 1931 quod
2978 1857 3288 1930 jamdudum
3317 1858 3620 1928 sperabam,
3644 1873 3766 1915 cum

2172 1951 2470 2009 incredibili
2499 1952 2790 2024 cupiditate
2817 1951 3085 2017 arderem,
3121 1951 3365 2020 votisque
3392 1951 3641 2007 omnibus
3671 1952 3768 2007 dc-

2132 2056 2135 2059 ’
2168 2045 2463 2102 siderarem
2495 2045 2722 2100 salutem
2754 2045 2805 2100 in
2839 2045 2948 2101 Deo
2977 2044 3252 2115 consequi.
3281 2042 3399 2099 .lam
3424 2054 3635 2114 tempus
3660 2053 3764 2110 est,

2165 2152 2224 2197 ut
2261 2143 2470 2213 signum
2514 2141 2641 2197 illud
2680 2140 2822 2212 quod
2870 2140 3333 2195 immortalitatem
3381 2138 3620 2205 confert,
3666 2153 3766 2195 nos

2163 2250 2379 2306 quoque
2408 2235 2786 2305 percipiamus;
2822 2243 3034 2304 tempus
3071 2242 3173 2300 est,
3207 2241 3265 2288 ut
3293 2231 3547 2287 salutaris
3583 2233 3765 2302 signa-

2163 2329 2269 2385 culi
2321 2329 2610 2400 participes
2639 2327 2852 2384 fiamus.
2899 2327 3161 2399 Equidem
3208 2327 3336 2383 olim
3388 2334 3677 2384 statueram
3708 2327 3762 2385 id

2163 2438 2325 2494 agere
2364 2426 2414 2478 in
2446 2423 2666 2479 flumine
2707 2422 2977 2489 Iordane,
3018 2423 3071 2478 in
3102 2438 3209 2493 quo
3252 2421 3508 2477 Servalor
3550 2421 3663 2493 ipse
3691 2421 3760 2476 ad

2162 2515 2469 2585 exemplum
2488 2523 2759 2583 nostrum,
2788 2513 3058 2569 lavacrum
3074 2513 3379 2583 suscepisse
3409 2522 3755 2567 memoratur.

2162 2605 2266 2662 Sed
2291 2608 2433 2663 Deus
2460 2606 2550 2677 qui
2590 2606 2793 2675 optime
2819 2609 2966 2660 novit
2996 2621 3057 2659 ca
3098 2620 3218 2675 quae
3246 2604 3402 2660 nobis
3432 2604 3579 2659 utilia
3609 2613 3756 2669 sunt,

2161 2695 2264 2753 hoc
2289 2697 2342 2752 in
2372 2698 2493 2752 Ioco
2522 2697 2674 2752 nobis
2695 2696 2927 2766 idipsnm
2951 2695 3212 2750 exhibere
3228 2693 3496 2765 dignatur.
3524 2693 3758 2750 Proinde

2161 2790 2336 2844 omnis
2367 2799 2705 2845 removeatur
2726 2788 3010 2844 dubitatio.
3034 2786 3168 2842 Nam
3196 2788 3242 2842 si
3269 2785 3486 2858 quidem
3519 2785 3659 2841 Deus
3677 2787 3757 2841 vi-

2162 2892 2229 2937 tae
2257 2884 2554 2954 mortisque
2583 2882 2804 2949 arbiter,
2837 2881 2927 2937 hic
2955 2897 3041 2937 me
3070 2881 3274 2936 diutius
3297 2882 3460 2936 vitam
3486 2894 3645 2952 agere
3661 2894 3758 2935 νο-

2160 2975 2345 3042 luerit;
2375 2975 2536 3046 idque
2560 2974 2730 3031 semel
2760 2974 3032 3030 decretum
3059 2982 3163 3042 est,
3192 2983 3243 3028 ut
3276 2975 3329 3029 in
3362 2982 3631 3045 posterum
3652 2989 3755 3028 una

458 3086 519 3133 ιη
546 3093 743 3148 corpus
768 3094 925 3134 suum
974 3093 1317 3135 communem
1360 3095 1481 3135 cum
1511 3083 1771 3152 apostolis
1819 3085 2059 3154 appena-
2082 3107 2128 3169 Ο
2161 3082 2282 3123 cum
2306 3069 2505 3140 ρορυιο
2533 3068 2625 3123 Ι)θί
2655 3067 3007 3138 permiscear,
3036 3069 3164 3123 etin
3196 3067 3496 3169 ECCICSIOII:
3521 3066 3757 3124 adscitus

458 3172 661 3226 tionem
693 3181 815 3241 post
864 3171 1097 3226 obitum-
1123 3173 1448 3229 sortiretur:
1478 3188 1586 3240 quo
1626 3176 1832 3232 scilicet
1863 3193 2053 3247 preca-

456 3267 664 3322 tionum
696 3280 815 3337 quae
842 3266 894 3320 in
923 3265 1182 3323 honorem
1211 3266 1582 3337 apostolorum
1611 3269 1683 3326 ibi
1712 3270 2057 3329 celebranda:

457 3367 632 3424 erant,
680 3358 842 3413 etiam
888 3367 1132 3413 mortuus
1181 3360 1451 3430 particeps
1496 3359 1670 3416 fieret.
1712 3360 1844 3417 Cum
1896 3364 2056 3434 igitur

459 3448 741 3505 duodecim
774 3448 880 3503 illic
906 3463 1119 3519 capsas,
1149 3452 1301 3522 quasi
1334 3465 1517 3506 sacras
1561 3453 1818 3522 quasdam
1849 3456 2055 3511 colum-

459 3555 559 3597 nas
603 3542 657 3595 in
714 3543 974 3597 honorem
1032 3556 1097 3597 ac
1141 3543 1459 3597 memoriam
1514 3545 1794 3613 apostolici
1843 3547 2053 3620 collegii

456 3632 743 3697 erexisset,
792 3647 943 3687 suam
989 3633 1155 3704 ipsius
1196 3648 1376 3688 aream
1428 3635 1484 3689 in
1532 3636 1711 3692 medio
1756 3641 2049 3705 constituit,

456 3739 580 3796 quae
619 3738 778 3780 senas
822 3726 1074 3796 utrinque
1121 3729 1489 3796 apostolorum
1542 3745 1734 3801 capsas
1764 3732 2053 3804 dispositas

455 3817 711 3873 habebat.
753 3816 929 3887 Atque
960 3817 1011 3872 id
1040 3818 1093 3872 in
1125 3834 1191 3874 eo
1220 3820 1340 3874 loco
1386 3822 1473 3876 ubi
1500 3837 1697 3894 corpus
1723 3826 1891 3897 ipsius
1931 3837 2053 3898 post

454 3919 685 3965 mortem
735 3908 995 3964 decenter
1046 3908 1427 3980 deponendum
1472 3926 1638 3980 esset,
1695 3920 2053 3977 solertissime

452 4001 708 4073 providit.
739 3999 833 4056 His
880 4001 972 4056 ille
999 4001 1091 4056 ditt
1122 4011 1278 4058 antea
1309 4005 1489 4074 sagaci
1531 4016 1712 4063 mente
1751 4011 2047 4081 diSpositis,

380 4132 383 4137 -
454 4097 626 4154 aedem
655 4096 916 4168 apostolis
942 4098 1312 4165 consecravit;
1361 4115 1458 4170 pro
1491 4108 1641 4156 certo
1684 4104 1785 4158 sibi
1831 4120 2050 4175 persua-

453 4194 612 4262 dens,
647 4193 838 4249 horum
867 4193 1183 4248 memoriam
1211 4208 1317 4249 non
1359 4210 1548 4264 parum
1576 4194 1827 4253 utilitatis
1853 4199 2049 4254 animus

453 4299 566 4340 suae
595 4299 718 4341 esse
741 4283 1044 4338 allatoram.
1076 4283 1186 4338 Nec
1214 4300 1345 4340 vero
1381 4285 1521 4341 Deus
1550 4301 1672 4342 eum
1714 4299 1843 4345 voto
1886 4298 2050 4363 atque

451 4375 856 4446 exspectatione
888 4389 984 4429 sua
1009 4374 1300 4432 frustratus
1349 4387 1452 4432 est.
1498 4376 1632 4432 Nam
1673 4393 1796 4435 cum
1849 4382 2049 4451 primas

2160 3174 2281 3215 cum
2308 3159 2529 3229 reliquis
2557 3160 2806 3214 omnibus
2834 3161 3138 3214 orationum
3167 3159 3438 3230 particeps
3466 3158 3621 3224 liam;
3662 3174 3757 3215 eas

2160 3250 2374 3306 vivendi
2398 3251 2542 3322 leges
2570 3250 2701 3306 inihi
2732 3251 3175 3322 praescripturum
3218 3267 3306 3307 me
3334 3266 3457 3309 esse
3482 3251 3752 3322 spondeo,

2158 3361 2279 3417 qua:
2304 3347 2411 3401 sint
2429 3345 2537 3401 Deo
2564 3345 3002 3416 dignam—Haec
3016 3362 3137 3403 cum
3154 3346 3400 3413 dixisset,
3424 3346 3507 3402 illi
3526 3348 3754 3404 solemni

2157 3437 2265 3491 ritu
2292 3436 2502 3492 divinas
2526 3436 2879 3493 caeremonias
2916 3447 3239 3508 peregerunt
3258 3480 3274 3507 τ
3314 3437 3676 3509 injunctisque
3701 3440 3755 3496 ei

2156 3544 2508 3601 qumcumque
2550 3532 2852 3585 necessaria
2899 3540 3089 3599 erant,
3139 3546 3419 3587 sacrorum
3469 3532 3755 3601 mysterio-

2157 3638 2274 3678 rum
2318 3622 2633 3693 participem
2680 3638 2803 3678 eum
2835 3622 3032 3680 fecere.
3065 3623 3222 3681 Solus
3268 3624 3428 3694 igitur
3466 3638 3534 3679 ex
3577 3623 3755 3679 omni-

2157 3713 2255 3769 bus
2275 3715 2365 3783 qui
2397 3729 2629 3785 unquam
2664 3714 2878 3770 fuerunt
2904 3716 3322 3786 imperatoribus
3341 3714 3750 3783 Constantinus,

2156 3807 2209 3862 in
2236 3805 2436 3862 Christi
2469 3808 2743 3879 martyriis
2774 3817 2990 3864 renatus
3016 3818 3071 3864 et
3108 3818 3515 3865 consummatus
3541 3817 3624 3865 est
3650 3827 3664 3865 :
3694 3820 3752 3865 et

2154 3890 2337 3952 divino
2362 3898 2591 3953 donatus
2612 3900 2913 3969 signaculo,
2938 3901 3405 3973 exultavitspiritn
3435 3913 3751 3959 renovatus-

2153 4005 2259 4060 que
2294 3999 2408 4055 est,
2437 4005 2500 4047 ac
2542 3990 2720 4045 divina
2764 3992 2882 4047 luce
2912 3994 3172 4063 repletus.
3203 3993 3273 4049 Et
3309 3998 3489 4050 animo
3531 3995 3747 4066 quidem

2155 4083 2443 4139 maximam
2479 4086 2725 4156 capiebat
2752 4088 3078 4154 voluptatem
3106 4089 3178 4144 ob
3211 4089 3331 4145 fidei
3351 4091 3747 4157 excellentiam;

2152 4179 2607 4236 evidentissimam
2635 4190 2814 4236 autem
2836 4181 3030 4237 divina:
3046 4184 3303 4253 potentiae
3329 4184 3747 4256 magnitudinem

2152 4272 2411 4327 attonitus
2457 4274 2773 4329 mirabatur.
2818 4273 3110 4345 Postquam
3158 4279 3339 4331 omnia
3388 4276 3487 4333 rite
3528 4277 3748 4345 impleta

2152 4372 2299 4429 sunt,
2326 4364 2568 4420 candidis
2587 4380 2652 4420 ac
2671 4366 2833 4437 regiis
2856 4365 3095 4422 veSIibus
3125 4365 3262 4423 lucis
3289 4368 3459 4424 instar
3490 4367 3751 4423 radianti-

449 4467 722 4540 paschalis
772 4466 897 4523 [θειί
963 4466 1380 4523 exercitatione;
1428 4468 1654 4524 abiisse;
1684 4513 1698 4537 ,
1760 4472 2047 4546 ipsumque
2073 4501 2125 4561 Β
2151 4454 2251 4510 bus
2278 4463 2363 4511 est
2389 4457 2635 4523 amictus,
2666 4465 2733 4561 et.
2767 4457 3153 4513 candidissimo
3184 4461 3237 4516 in
3280 4459 3423 4517 lecto
3460 4458 3745 4529 recubuit;

450 4558 761 4617 Servatoris
808 4559 977 4615 nostri
1034 4558 1200 4624 diem,
1233 4569 1346 4614 tum
1390 4560 1494 4615 sibi
1537 4569 1650 4616 tum
1700 4564 1820 4619 aliis
1871 4566 2048 4621 omni-

446 4654 551 4710 bus
579 4653 760 4708 laztum
786 4662 948 4726 atque
974 4653 1205 4711 hilarem
1227 4654 1584 4722 reddidisset;
1619 4657 1662 4712 is
1692 4657 1844 4714 illum
1885 4660 2061 4718 rebus

448 4747 747 4814 intentum,
798 4758 854 4803 et
919 4748 972 4802 in
1025 4747 1332 4818 huiusmodi
1387 4749 1643 4820 operibus
1707 4761 2043 4820 perstantem

446 4853 617 4909 usque
642 4837 707 4892 ad
734 4838 936 4892 exitum
962 4839 1110 4903 vitae,
1137 4839 1279 4894 Deus
1304 4839 1456 4910 cujus
1486 4840 1688 4895 auxilio
1734 4851 1924 4897 cuncta
1948 4858 2043 4914 ge-

448 4930 621 4994 rebat,
655 4938 961 5000 Opportune
1010 4929 1227 4985 tandem
1259 4945 1384 4986 eum
1423 4930 1490 4987 ad
1528 4931 1805 4988 meliorem
1836 4944 2037 4991 sortem

445 5020 741 5078 transferre
764 5021 1017 5093 dignatus
1037 5031 1142 5078 est.

1034 5133 1264 5191 CAPUT
1301 5134 1439 5192 LXI.

442 5230 779 5306 Imperatoris
804 5227 1076 5301 a’gritudo,
1110 5238 1156 5283 et
1181 5230 1434 5285 orationes
1464 5228 1790 5304 Helenopoli.
1819 5232 1954 5290 Item
1971 5235 2035 5291 de

1038 5321 1149 5391 ejus
1170 5319 1442 5393 baptismo.

515 5428 781 5499 Principio
823 5424 1040 5497 quidem
1070 5424 1353 5497 inatqualis
1378 5429 1621 5500 corporis
1646 5430 2028 5503 intemperies;

439 5521 682 5593 posthaec
708 5520 927 5575 morbus
951 5533 1074 5573 eum
1103 5519 1315 5575 invasit.
1340 5520 1525 5593 Itaque
1554 5522 1619 5579 ad
1644 5538 1813 5596 aquas
1831 5524 2033 5583 calidas

437 5614 673 5672 civitatis
719 5629 830 5669 sua:
861 5628 1174 5685 progressus
1197 5658 1213 5680 ,
1259 5613 1383 5671 inde
1413 5614 1783 5689 Helenopolim
1823 5617 2033 5677 delatus

432 5719 537 5779 est,
569 5708 754 5766 urbem
784 5707 970 5765 matris
990 5722 1103 5765 sure
1120 5708 1339 5765 nomine
1361 5710 1682 5781 appellatam
1718 5729 1733 5767 :
1766 5711 1945 5783 ibique
1970 5712 2025 5769 in

2150 4565 2250 4606 nec
2273 4565 2567 4622 purpuram
2588 4551 2906 4623 contingere
2933 4553 3167 4625 amplius
3190 4553 3383 4610 voluit.

2717 4664 2947 4725 CAPUT
2984 4666 3169 4724 LXIII.

2329 4758 2601 4828 Quomodo
2629 4771 2741 4831 post
2771 4761 3081 4833 baptismum
3112 4762 3281 4819 Deum
3310 4765 3558 4824 laudauit.

2217 4872 2465 4931 Posthtec
2504 4875 2713 4932 sublata
2740 4877 2902 4934 altius
2928 4894 3062 4935 voce
3088 4920 3103 4945 ,
3135 4883 3511 4953 precabundus
3539 4886 3741 4956 gratias

2143 4966 2254 5039 egit
2273 4968 2412 5023 Deo:
2431 4977 2486 5023 et
2509 4967 2656 5023 [Inita
2683 4970 2991 5040 precatione
3016 4972 3134 5028 haec
3160 4973 3407 5046 subjecit.
3441 4995 3462 5029 ι
3483 4976 3635 5034 Nunc
3653 4995 3741 5037 me

2141 5075 2329 5116 revera
2370 5061 2588 5117 beatum
2629 5076 2782 5130 esse;
2832 5079 2976 5120 nunc
3012 5065 3304 5124 immortali
3333 5068 3441 5125 vita
3478 5069 3736 5143 dignum;

2140 5168 2285 5210 nunc
2307 5153 2505 5209 divina:
2530 5162 2835 5225 compotem
2866 5155 2999 5212 lucis
3024 5155 3226 5215 factum
3263 5175 3387 5217 esse
3407 5176 3732 5234 cognosco.»

2142 5247 2369 5302 Miseros
2389 5261 2605 5319 quoque
2624 5257 2680 5303 et
2700 5247 2941 5305 infelices
2969 5265 3092 5306 esse
3115 5250 3312 5321 aiebat,
3340 5255 3429 5326 qui
3448 5256 3609 5312 tantis
3635 5258 3736 5314 bo-

2144 5342 2229 5398 nis
2258 5340 2613 5413 privarentur.
2643 5339 2885 5414 Cumque
2918 5336 3114 5398 tribbni
3135 5359 3199 5400 ac
3227 5343 3395 5403 duces
3420 5349 3735 5407 militarium

2142 5438 2416 5508 cupiarum
2448 5437 2786 5509 introgressi,
2819 5438 2990 5494 vicem
3021 5453 3172 5494 suam
3202 5439 3452 5500 dolerent
3479 5445 3620 5517 quod
3645 5461 3735 5502 or-

2142 5527 2241 5585 bos
2271 5529 2416 5600 ipsos
2442 5529 2794 5600 relinqueret,
2824 5538 2878 5586 et
2919 5530 3219 5602 longiorem
3262 5534 3362 5603 ipsi
3392 5536 3555 5592 vitam
3582 5553 3739 5596 com-

2141 5630 2525 5692 precarentur;
2551 5619 2635 5676 his
2654 5622 2815 5677 etiam
2843 5622 3200 5693 respondens,
3225 5642 3367 5683 nunc
3391 5626 3609 5685 demum
3635 5646 3735 5689 νει-

2142 5724 2255 5771 ram
2285 5727 2344 5769 se
2366 5711 2525 5769 vitam
2544 5713 2794 5785 adeptum
2822 5728 2945 5772 esse
2972 5714 3128 5786 dixit,
3149 5729 3315 5791 Seque
3344 5732 3507 5778 unum
3527 5724 3732 5794 Optime
