4142 6178
284 241 360 297 $9
1392 234 1477 290 DE
1516 232 1677 290 VITA
1716 230 2170 290 CONSTANTINI
2209 232 2413 292 LIBER
2452 234 2539 292 IV.
3525 234 3597 293 90

292 370 480 422 nosse,
511 363 838 427 quantorum
869 351 1133 408 bonorum
1168 355 1436 423 particeps
1474 350 1649 407 factus
1690 349 1894 404 luisset.
1923 353 1976 411 Α

281 452 527 509 Proinde
570 464 865 521 properare
919 465 1017 513 se,
1064 459 1117 504 et
1175 447 1563 519 profectionem
1612 445 1677 500 ad
1726 445 1890 499 Deum

277 560 444 601 suum
494 544 638 599 nulla
687 542 1130 613 tergiversatione
1163 541 1400 597 differre.
1447 540 1669 612 Singula
1698 538 1892 595 deinde

282 652 391 709 pro
442 636 660 691 arbitrio
689 649 788 689 suo
818 633 1104 704 disposuit.
1160 633 1237 690 Ac
1267 634 1527 688 Romanis
1557 632 1773 703 quidem
1806 648 1893 687 re-

281 728 433 799 giam
466 726 645 781 urbem
676 726 1039 781 incolentibus
1065 742 1245 781 annua
1273 726 1519 798 quardam
1553 742 1774 781 munera
1810 726 1891 781 le-

278 819 453 890 gavit.
484 817 608 874 Suis
652 828 834 872 autem
866 818 1053 873 liberis
1094 818 1379 889 imperium
1424 819 1570 872 velut
1616 828 1889 887 paternam

282 911 661 969 bmreditatem
688 911 933 983 reliquit;
982 920 1174 967 cuncta
1226 921 1387 983 prout
1429 912 1530 985 ipsi
1583 907 1888 982 videbatur,

280 1004 646 1062 constituens.

872 1118 1097 1177 CAPUT
1138 1119 1320 1176 LXIV.

278 1239 613 1296 Constantini
632 1254 770 1294 mors
794 1238 880 1292 die
909 1238 1039 1309 ferto
1068 1237 1416 1303 Pentecostes,
1443 1237 1583 1293 circa
1608 1237 1888 1294 meridiem.

353 1355 530 1411 Porro
548 1355 660 1409 Inec
682 1353 862 1409 omnia
881 1354 1209 1425 gerebantur
1230 1354 1282 1408 in
1308 1353 1543 1408 maxima
1572 1354 1660 1407 illa
1693 1354 1892 1408 solem-

279 1451 459 1506 nitate
488 1451 812 1505 veuerandm
842 1458 898 1504 et
939 1450 1314 1505 sacratiSsima:
1347 1449 1736 1504 Pentecostes:
1769 1463 1891 1520 qua:

276 1545 598 1614 septenario
629 1542 1027 1599 hebdomadum
1074 1558 1300 1599 numero
1341 1541 1596 1599 decorata
1622 1584 1638 1611 ,
1686 1544 1892 1598 unitate

276 1636 620 1706 obsignatur.
654 1634 713 1690 In
736 1651 840 1706 qua
858 1646 913 1691 et
940 1636 1243 1692 communis
1269 1634 1574 1691 Servatoris
1603 1648 1887 1690 ascensum

276 1730 337 1786 in
379 1730 590 1794 celos,
648 1739 703 1784 et
755 1730 925 1785 sancti
980 1729 1212 1801 Spiritus
1263 1730 1317 1785 in
1350 1740 1521 1784 terras
1567 1727 1887 1784 descensum
1921 1757 1970 1817 Β

275 1825 580 1895 contigisse
604 1836 770 1878 sacrae
799 1823 993 1877 littera:
1024 1831 1308 1878 testantur.
1340 1821 1395 1876 In
1428 1836 1490 1876 ea
1512 1820 1672 1891 igitur
1691 1820 1890 1876 solem-

274 1918 454 1973 nitate
483 1916 779 1987 Imperator
806 1915 921 1971 lucc
937 1932 1056 1988 qua:
1083 1916 1315 1971 diximus
1341 1915 1889 1983 consecutus,ultima

278 2011 506 2065 tandem
531 2009 641 2075 die,
677 2023 836 2079 quam
861 2009 904 2063 si
929 2009 1049 2078 quis
1074 2008 1310 2063 omnimu
1345 2007 1687 2063 festivitatum
1722 2009 1890 2063 maxi-

278 2118 434 2158 mam
465 2113 652 2167 vocet,
686 2101 1095 2173 haudquaquam
1129 2117 1251 2158 meo
1275 2101 1477 2172 judicio
1523 2101 1885 2168 aberraverit,

279 2199 434 2254 circa
460 2197 737 2253 meridiem
782 2197 1030 2269 migravit
1080 2196 1146 2251 ad
1205 2198 1516 2263 Dominum;
1572 2196 1889 2254 mortalibus

277 2291 506 2364 quidem
544 2298 754 2361 partem
791 2293 873 2345 sui
906 2289 1186 2344 mortalem
1222 2290 1531 2359 relinquens
1564 2306 1577 2343 :
1616 2305 1732 2344 eam
1761 2306 1890 2345 vero

280 2386 487 2440 anima:
532 2392 741 2454 partem
786 2398 904 2454 qua:
937 2383 1288 2452 intelligentia
1321 2391 1373 2436 et
1414 2397 1598 2436 amore
1631 2384 1722 2437 Dei
1754 2398 1891 2452 prte-

283 2477 402 2532 dita
435 2486 575 2541 erat,
617 2474 730 2530 Deo
758 2488 858 2529 suo
885 2476 1239 2546 conjungeus.
1274 2474 1368 2529 llic
1392 2473 1747 2530 Constantino
1777 2477 1891 2531 cxi-

232 2566 241 2571 ’
281 2578 373 2625 tus
406 2569 537 2624 vita:
566 2566 685 2623 fuit.
715 2566 820 2625 Sed
850 2584 1133 2639 pergamus
1162 2568 1228 2623 ad
1253 2567 1477 2637 reliqua.

868 2660 1097 2718 CAPUT
1135 2661 1296 2717 LXV.

639 2779 867 2835 Militum
899 2789 947 2835 et
980 2780 1292 2834 tribunorum
1316 2779 1567 2851 planctus.

357 2894 431 2950 Et
461 2901 797 2964 protectores
812 2891 1028 2963 quidem
1058 2892 1342 2963 omnisque
1369 2892 1688 2963 stipatorum
1710 2891 1885 2957 turba,

282 2987 577 3044 confestim
606 2985 892 3056 discerptis
914 2985 1152 3042 vestibus
1183 2999 1382 3054 pronos
1409 2999 1466 3039 se
1485 2985 1537 3039 in
1571 2992 1768 3039 terram
1795 2983 1888 3039 ab—

286 3079 542 3150 jicientes
593 3085 756 3148 caput
790 3076 907 3131 solo
950 3076 1262 3144 illidebaut,
1295 3075 1523 3147 ejulatus
1569 3085 1621 3131 et
1654 3076 1887 3131 lamenta

283 3186 410 3226 eum
444 3168 658 3239 planctu
694 3178 749 3222 et
774 3166 1100 3222 clamoribus
1142 3166 1394 3232 edentes;
1428 3182 1659 3237 eumque
1712 3166 1888 3222 domi-
1916 3150 1962 3213 C

286 3278 418 3319 num
445 3270 608 3331 atque
634 3259 1044 3330 Imperatorem,
1071 3275 1169 3315 nec
1197 3268 1254 3314 ut
1284 3260 1559 3315 dominum
1585 3260 1679 3316 sed
1705 3274 1760 3315 ut
1793 3277 1886 3331 pa-

282 3361 497 3408 rentem
529 3350 759 3421 piissimi
808 3348 959 3405 liberi
1009 3349 1379 3406 inclamantes.
1413 3348 1639 3407 Tribuni
1681 3366 1809 3406 vero
1834 3361 1891 3409 et

277 3443 631 3501 centuriones
676 3450 1040 3509 servatorem,
1091 3444 1417 3512 prmsidem,
1454 3443 1593 3498 bene
1639 3444 1888 3500 meritum

278 3537 673 3611 przedicabant.
703 3536 916 3607 Reliqui
945 3535 1213 3591 exercitus
1241 3548 1508 3609 tamquam
1546 3553 1737 3610 greges
1766 3540 1887 3608 qui-

277 3635 432 3700 dam,
459 3647 585 3686 cum
607 3632 756 3685 omni
780 3630 1045 3686 modestia
1071 3646 1134 3685 ac
1156 3631 1463 3688 reverentia
1482 3632 1746 3703 optimum
1769 3648 1889 3703 pas-

281 3735 459 3781 torem
480 3723 887 3780 desiderabant.
906 3722 1064 3779 Plebs
1094 3739 1327 3795 quoque,
1359 3739 1454 3794 per
1483 3725 1785 3780 universam
1810 3725 1888 3781 ci-

279 3820 503 3875 vitatem
532 3818 902 3883 discurrebat,
933 3819 1180 3873 intimum
1209 3818 1373 3873 animi
1401 3820 1484 3874 sui
1519 3819 1760 3876 dolorem
1789 3836 1886 3879 vo-

278 3913 605 3970 ciferatione
655 3922 710 3968 et
737 3911 1066 3967 clamoribus
1116 3911 1331 3966 abunde
1375 3912 1705 3982 signiﬁcans.
1737 3913 1887 3970 Multi

279 4022 398 4078 pra:
440 4005 662 4071 dolore,
702 4004 950 4060 attonitis
998 4005 1205 4060 similes
1248 4003 1610 4072 videbantur;
1662 4005 1888 4077 singulis

281 4099 428 4155 hanc
457 4099 726 4171 propriam
774 4098 1140 4153 calamitatem
1178 4098 1573 4169 reputantibus,
1606 4114 1774 4170 seque
1803 4100 1886 4171 ip-

281 4207 378 4248 sos
405 4192 804 4264 plangentibus,
837 4202 892 4247 ut
921 4200 1044 4263 pote
1071 4194 1343 4249 communi
1366 4194 1608 4250 omnium
1644 4194 1788 4250 bono
1819 4210 1888 4250 ex

283 4286 385 4341 hac
411 4286 521 4342 vita
549 4284 781 4340 sublato.
1261 4304 1269 4310 -

859 4395 1090 4455 CAPUT
1122 4396 1312 4454 LXVI.

2553 352 2783 410 CAPUT
2821 351 3029 409 LXVII.
3070 342 3079 375 ³

2003 443 2275 513 Quomodo
2308 446 2459 500 etiam
2490 455 2601 516 post
2639 456 2854 500 mortem
2886 462 2918 499 a
2957 443 3225 499 comitibus
3263 451 3309 499 et
3353 443 3595 518 reliquis,

2319 537 2526 607 perinde
2549 555 2610 592 ac
2643 538 2812 605 vivus,
2843 537 3123 591 honoratus
3148 546 3239 591 est.

2065 651 2333 708 Caeterum
2364 651 2527 708 totius
2554 652 2823 709 exercitus
2846 651 3036 719 duces,
3060 652 3286 707 comites
3309 667 3521 722 quoque
3542 661 3598 710 et

1993 745 2187 816 reliqui
2212 745 2424 816 judices
2453 761 2515 801 ac
2538 746 2905 816 magistratus,
2934 745 3024 816 qui
3047 745 3207 800 etiam
3237 754 3394 801 antea
3426 746 3595 817 impe-

1993 848 2228 895 ratorem
2259 840 2486 897 adorare
2507 839 2649 896 soliti
2675 848 2848 906 erant,
2883 840 3090 911 pristini
3119 840 3283 895 moris
3304 840 3594 895 observan-

1995 933 2124 988 tiam
2140 933 2444 989 nullatenus
2469 942 2761 1000 mutantes,
2780 933 2934 989 statis
2961 932 3109 987 horis
3138 932 3591 1003 ingrediebantur;

1993 1033 2050 1082 et
2079 1026 2457 1097 imperatorem
2486 1027 2538 1083 iu
2561 1042 2683 1082 area
2715 1026 3042 1098 depositum,
3074 1024 3298 1098 perinde
3325 1041 3388 1080 ac
3411 1026 3590 1080 vivum

1992 1127 2051 1177 et
2077 1121 2411 1191 spirantem,
2461 1136 2603 1191 genu
2645 1120 2785 1187 ﬂexo
2837 1128 2959 1189 post
3005 1118 3213 1173 ohitum
3266 1116 3589 1172 salutabant.

1993 1214 2125 1271 Post
2155 1214 2419 1284 primores
2449 1224 2628 1270 autem
2654 1213 2795 1281 illos,
2840 1213 2980 1268 idem
3011 1212 3267 1283 deinceps
3296 1220 3350 1268 et
3376 1220 3595 1267 senato-

1993 1322 2084 1363 res
2104 1315 2158 1363 et
2187 1308 2433 1363 honorati
2464 1321 2652 1362 omnes
2685 1307 3018 1361 iutroeuutes
3048 1305 3243 1361 fecere.
3277 1303 3589 1358 Innumera-

1993 1399 2115 1455 bilis
2141 1400 2337 1457 deinde
2364 1401 2501 1472 vulgi
2534 1400 2817 1455 multitudo
2835 1415 2955 1455 cum
2979 1400 3161 1470 pueris
3189 1413 3253 1454 ac
3277 1397 3593 1454 mulieribus

1993 1493 2059 1550 ad
2092 1493 2248 1563 hujus
2278 1493 2355 1548 rei
2385 1494 2749 1563 spectaculum
2793 1492 3040 1548 accessit.
3084 1491 3260 1563 Atque
3306 1491 3420 1545 lucc
3448 1491 3591 1561 longi

1994 1586 2253 1656 temporis
2280 1587 2453 1658 spatio
2480 1586 2695 1643 assidue
2716 1594 2863 1658 gesta
2887 1596 3040 1653 sunt;
3064 1601 3186 1642 cum
3217 1585 3481 1641 militares
3512 1587 3591 1641 Iu-

1993 1696 2096 1736 nus
2123 1680 2189 1734 ad
2224 1683 2364 1736 hunc
2396 1680 2612 1735 modum
2638 1681 2819 1752 jacere
2841 1689 2895 1736 et
2922 1680 3177 1737 custodiri
3202 1680 3593 1751 decrevissent,

1996 1776 2169 1832 donec
2202 1775 2544 1846 imperatoris
2572 1775 2664 1830 ﬁlii
2689 1791 2755 1832 eo
2785 1775 3276 1847 advenietttcs,ipsi
3311 1787 3592 1846 paternum

1993 1867 2154 1924 I‘uuus
2186 1869 2407 1925 honoris
2433 1884 2593 1924 causa
2645 1880 3119 1940 prosequerentur.
3158 1870 3320 1926 Solus
3358 1869 3593 1942 denique

1993 1960 2152 2015 etiam
2183 1972 2304 2032 pust
2344 1970 2569 2015 tnortcnt
2604 1962 2885 2032 imperavit
2931 1962 3180 2034 princeps
3209 1963 3594 2019 beatissimus:

1992 2062 2294 2120 cunctaque
2311 2070 2462 2109 more
2486 2055 2647 2111 solito
2666 2055 3036 2112 administrata
3064 2068 3209 2123 sunt,
3234 2058 3385 2129 quasi
3415 2058 3594 2115 adhuc

1994 2148 2048 2204 in
2081 2148 2214 2203 vivis
2240 2157 2406 2202 esset.
2440 2149 2540 2214 Qui
2574 2149 2747 2204 honos
2775 2149 2866 2203 uni
2909 2149 2981 2204 illi
3025 2160 3144 2219 post
3174 2149 3449 2205 hominum
3479 2167 3594 2207 me-

1994 2242 2219 2297 moriam
2263 2257 2293 2295 a
2324 2240 2434 2296 Deo
2464 2255 2754 2296 concessus
2789 2253 2893 2298 est.
2942 2243 3147 2314 Quippe
3175 2259 3298 2298 cum
3328 2244 3477 2299 solus
3503 2244 3595 2300 ille

1999 2348 2110 2403 prae
2163 2320 2374 2388 caeteris
2402 2333 2859 2404 imperatoribus,
2914 2335 3078 2390 Deum
3118 2337 3359 2390 omnium
3409 2352 3591 2406 regem

1993 2426 2376 2496 Christumque
2405 2426 2520 2497 ejus
2541 2425 2760 2493 Filium,
2786 2428 2946 2482 variis
2971 2428 3229 2497 cujusque
3269 2427 3483 2497 generis
3503 2444 3592 2484 ac-

1996 2519 2137 2573 tibus
2167 2518 2502 2587 honorasset,
2524 2519 2644 2589 jure
2685 2523 2876 2574 merito
2906 2523 2989 2574 his
3022 2520 3319 2576 honoribus
3348 2520 3494 2574 solus
3516 2520 3593 2575 af-

1994 2610 2165 2668 fectus
2199 2621 2323 2667 est:
2358 2612 2518 2683 idque
2569 2612 2642 2667 illi
2685 2612 2921 2667 tribuere
2956 2612 3203 2682 dignatus
3245 2621 3328 2666 est
3353 2625 3595 2666 summus

1992 2707 2232 2760 omnium
2266 2706 2425 2769 Deus,
2453 2715 2509 2761 ut
2530 2705 2759 2761 cadaver
2789 2706 2905 2775 ejus
2933 2705 2985 2759 in
3015 2704 3176 2759 terris
3200 2703 3480 2774 imperium
3507 2704 3595 2757 ob-

1993 2799 2208 2855 tineret.
2242 2799 2361 2866 Quo
2402 2799 2622 2870 quidem
2665 2799 2863 2854 indicio
2916 2800 2980 2854 iis
3012 2799 3104 2870 qui
3150 2813 3255 2853 non
3286 2800 3446 2868 plane
3475 2807 3594 2852 stu-

1991 2891 2102 2962 pidi
2127 2899 2288 2963 atque
2305 2890 2526 2948 hebetes
2543 2901 2744 2956 essent,
2774 2892 3054 2961 perspicue
3079 2890 3399 2961 signiﬁcavit
3426 2889 3588 2955 Deus,

1990 2984 2224 3039 animam
2254 2984 2396 3039 illius
2424 2994 2682 3055 perpetuo
2703 2996 2758 3038 et
2790 2984 3073 3038 immortali
3108 2981 3332 3054 imperio
3361 2981 3495 3037 frui.
3525 2980 3592 3036 Et

1993 3077 2107 3133 hate
2125 3076 2342 3148 quidem
2363 3087 2515 3148 gesta
2533 3086 2659 3132 sunt
2688 3076 2739 3131 in
2763 3077 2902 3131 hunc
2931 3076 3167 3131 modum.

2556 3190 2784 3249 CAPUT
2818 3190 3049 3247 LXVIII.

1994 3285 2260 3353 Quomodo
2286 3286 2532 3343 exercitus
2552 3286 2775 3359 judicio,
2806 3287 2900 3354 ﬁlii
2923 3285 3034 3355 ejus
3064 3284 3278 3356 Augusti
3304 3292 3424 3338 sunt
3453 3298 3591 3337 mm-

2711 3381 2899 3450 cupati.

2064 3501 2273 3557 Interea
2300 3499 2501 3556 tribuni
2545 3499 2716 3555 lectos
2745 3496 3003 3568 quosdam
3037 3512 3099 3551 ex
3133 3494 3457 3550 militaribus
3487 3508 3591 3548 nu-

1991 3597 2177 3662 meris,
2209 3596 2299 3667 qui
2340 3594 2464 3650 Iidei
2494 3609 2555 3650 ac
2596 3592 2987 3649 benevolentia:
3013 3606 3174 3646 causa
3200 3590 3329 3645 olint
3363 3590 3593 3660 principi

1990 3690 2197 3759 accepti
2226 3687 2489 3755 fuissent,
2520 3686 2586 3740 ad
2615 3685 2857 3741 Caesares
2885 3686 3123 3749 mittttnt,
3154 3693 3346 3739 cuneta
3368 3684 3446 3739 eis
3475 3699 3595 3754 qua:

1990 3791 2136 3853 gesta
2167 3788 2319 3834 erant
2344 3779 2701 3833 nuntiaturos.
2734 3777 2799 3831 Et
2825 3776 2940 3830 haec
2963 3774 3175 3846 quidem
3208 3774 3281 3828 illi
3314 3782 3438 3829 tunc
3460 3789 3589 3846 ege-

1992 3881 2137 3928 runt.
2170 3872 2371 3927 Omnes
2403 3870 2531 3926 vero
2561 3870 2882 3940 ubicumque
2904 3868 3194 3930 exercitus,
3229 3867 3380 3937 quasi
3408 3867 3590 3920 divino

1991 3964 2222 4036 quodam
2249 3964 2438 4035 spiritu
2471 3963 2675 4019 incitati
2704 4004 2718 4031 ,
2768 3962 2924 4017 simul
2958 3970 3118 4031 atque
3144 3959 3211 4015 de
3258 3959 3595 4030 imperatoris

1992 4071 2164 4115 morte
2213 4057 2511 4112 nuntiatum
2557 4066 2681 4122 est,
2736 4072 2840 4109 uno
2879 4068 3147 4109 consensu
3195 4052 3590 4117 decreverunt,

1994 4166 2212 4220 prorsus
2240 4152 2390 4220 quasi
2423 4149 2685 4204 maximus
2715 4149 3006 4218 imperator
3045 4145 3226 4200 adhuc
3251 4153 3581 4213 superesset,

1992 4243 2259 4300 neminem
2288 4259 2347 4297 se
2377 4252 2571 4312 praeter
2593 4242 2708 4312 ejus
2733 4240 2933 4295 liberos
2956 4237 3167 4308 Imperii
3194 4237 3421 4290 Romani
3444 4236 3593 4306 priu-

1991 4336 2164 4406 cipetu
2194 4334 2495 4390 habituros.
2531 4332 2640 4388 Nec
2671 4332 2839 4386 multo
2862 4340 3001 4400 post,
3028 4328 3247 4385 eosdem
3276 4344 3383 4384 non
3410 4328 3591 4383 Caesa-

1991 4447 2080 4488 res
2101 4429 2360 4502 appellari
2409 4430 2714 4495 voluerunt,
2751 4427 2843 4482 sed
2873 4427 3179 4497 Augustos;
3222 4424 3366 4496 quod
3395 4438 3591 4479 nomen

285 4524 558 4593 Quomodo
579 4524 739 4596 [unus
768 4521 1075 4578 Nicomedia
1100 4522 1593 4593 Constantinoyolim
1616 4522 1888 4579 deductum
1910 4548 1965 4608 υ
1991 4524 2188 4581 summi
2212 4522 2420 4594 imperii
2452 4522 2596 4577 velut
2628 4520 2894 4593 quoddam
2922 4520 3129 4590 insigne
3153 4527 3254 4574 est.
3294 4517 3358 4573 Et
3387 4517 3594 4573 exerci-

861 4624 934 4670 est
962 4615 1016 4669 in
1046 4614 1314 4686 palatium.

362 4731 610 4787 Postth
639 4728 838 4785 milites
872 4729 1142 4784 sublatum
1180 4744 1211 4784 e
1252 4729 1392 4785 lecto
1428 4744 1627 4801 corpus
1668 4731 1720 4786 in
1762 4745 1887 4787 arca

284 4840 450 4881 aurea
474 4824 864 4896 deposuerunt,
892 4837 1122 4893 eamque
1150 4838 1415 4894 purpurea
1434 4824 1708 4880 obtectam
1743 4835 1889 4880 veste

286 4916 810 4985 Constantinopolim
863 4914 1240 4985 deportarunt,
1291 4923 1452 4983 atque
1507 4915 1558 4971 in
1620 4917 1886 4989 prmciptto

288 5008 581 5078 imperialis
612 5006 793 5078 palatii
835 5006 1085 5062 cubiculo
1132 5006 1417 5063 sublimem
1465 5008 1883 5064 collocaverunt.

290 5099 496 5155 Dehinc
525 5113 685 5155 aurea
738 5113 903 5170 super
948 5098 1271 5155 candelabra
1318 5099 1609 5155 luminibus
1652 5101 1887 5172 undique

288 5198 558 5264 accensis,
581 5198 899 5254 admirabile
927 5197 1294 5268 spectaculum
1323 5196 1655 5253 intuentibus
1676 5197 1884 5269 praebe-

288 5293 470 5356 batur,
500 5302 555 5348 et
582 5293 741 5363 quale
779 5293 834 5347 in
878 5292 1029 5347 nullo
1055 5307 1288 5362 unquam
1336 5292 1638 5347 mortalium
1667 5293 1736 5348 ab
1765 5294 1885 5363 ipso

288 5386 442 5441 orbis
461 5385 675 5441 conditu
702 5386 877 5441 visum
902 5386 957 5441 in
984 5386 1140 5441 terris
1165 5384 1358 5440 fuerat.
1384 5386 1592 5457 Quippe
1624 5386 1677 5441 in
1709 5385 1888 5441 medio

287 5480 531 5536 conclavi
561 5480 753 5551 regalis
780 5479 984 5551 palatii,
1018 5478 1177 5535 funus
1205 5479 1551 5551 imperatoris
1571 5481 1624 5536 in
1654 5497 1777 5537 arca
1796 5491 1891 5538 aut.

284 5587 420 5629 area
437 5573 658 5631 sublime
679 5574 886 5646 jacens,
902 5574 1062 5646 regiis
1082 5575 1402 5645 insignibus,
1422 5591 1656 5647 purpura
1671 5577 1877 5632 scilicet

284 5680 355 5721 c
397 5663 690 5722 diademate
726 5675 1075 5731 exornatum,
1118 5667 1270 5721 multi
1304 5666 1699 5724 circumdautes
1724 5681 1882 5727 noctu

258 5770 446 5827 atque
479 5756 709 5815 interdiu
737 5758 928 5829 vigiles
956 5758 1345 5816 custodiebant.

1993 4629 2077 4674 tus
2102 4617 2317 4690 quidem
2341 4613 2592 4686 suﬂ'ragia
2613 4629 2706 4668 sua
2731 4623 2892 4683 atque
2918 4611 3332 4665 acclamationes
3353 4607 3453 4663 sibi
3477 4624 3595 4663 mu-

1992 4720 2083 4767 tuo
2127 4725 2222 4780 per
2248 4708 2458 4763 litteras
2483 4706 2855 4777 signiticarunt
2890 4720 2902 4756 :
2931 4711 2987 4757 et
3029 4699 3296 4755 unanimis
3325 4698 3592 4770 legionum

1988 4819 2308 4872 consensus,
2338 4818 2445 4857 uno
2473 4800 2771 4870 eodemque
2801 4796 3057 4866 temporis
3084 4803 3357 4851 momento
3377 4796 3587 4853 cunctis

1990 4898 2314 4968 ubicumque
2342 4893 2625 4967 agentibus
2656 4889 2908 4946 ittuotuit.

2559 5001 2790 5060 CAPUT
2819 4999 3008 5057 LXIX.

1990 5104 2169 5161 Roma:
2214 5102 2381 5157 luctus
2431 5099 2493 5154 ob
2545 5106 2759 5152 mortem
2810 5092 3152 5158 Constantini,
3182 5100 3230 5146 et
3265 5090 3509 5163 imagines
3547 5092 3594 5148 ci

2661 5192 2897 5246 dcerem.

2064 5295 2136 5350 At
2167 5293 2221 5348 in
2262 5290 2396 5346 urbe
2436 5288 2620 5360 regia,
2670 5294 2891 5340 senatus
2938 5279 3274 5354 populusque
3316 5278 3594 5335 Romanus

1990 5394 2267 5459 comperta
2293 5382 2632 5455 imperatoris
2658 5387 2852 5446 morte,
2882 5376 3259 5449 gravissimum
3292 5373 3434 5429 hunc
3454 5388 3595 5427 nun-

1991 5484 2122 5538 tium
2137 5489 2191 5537 et
2202 5478 2390 5551 quavis
2403 5474 2709 5532 calamitate
2723 5470 3057 5526 acerbiorem
3076 5466 3174 5522 rati
3185 5464 3408 5531 ,nullum
3423 5464 3592 5522 luctui

1989 5573 2208 5632 modum
2240 5569 2439 5626 fecere.
2489 5567 2697 5636 Quippe
2727 5563 2916 5618 balnea
2961 5570 3015 5615 et
3060 5559 3172 5613 lora
3217 5572 3397 5612 rerum
3427 5574 3593 5615 vena-

1985 5667 2118 5724 Iiutn
2146 5663 2327 5721 clausa
2357 5678 2370 5715 :
2405 5659 2617 5730 publica
2647 5657 2777 5712 item
2806 5649 3131 5725 spectacula,
3159 5656 3213 5704 et
3236 5664 3592 5722 quaecumque

1987 5757 2106 5813 aliae
2150 5754 2278 5810 vitae
2325 5752 2716 5809 oblectamenta
2773 5744 3020 5803 homines
3074 5740 3129 5796 in
3174 5739 3286 5797 otio
3332 5741 3589 5811 degentes
