4142 6178
519 198 583 255 91
1262 193 1529 253 EUSEBII
1568 191 1894 261 PAMPHILI
1938 190 2026 249 DE
2065 187 2223 255 VITA
2268 189 2720 251 CONSTANTINI
2762 188 2975 251 LIBER
3001 192 3091 250 IV.
3752 197 3820 252 92

515 311 814 367 consectari
855 311 1068 379 solent,
1104 319 1329 371 remota.
1365 310 1431 371 Et
1460 310 1548 382 qui
1582 310 1729 381 prius
1769 307 1976 363 deliciis
2006 304 2106 360 dii»
2138 302 2189 381 Α
2217 303 2333 375 ejus
2393 312 2606 379 generis
2667 310 2819 366 unica
2879 311 2981 379 sit,
3028 326 3193 393 super
3253 320 3552 369 aromatum
3604 314 3821 369 cumulo

518 407 819 476 ﬂuxerant,
851 408 1026 465 incesti
1062 414 1188 461 tunc
1220 421 1317 477 per
1368 407 1482 461 vias
1534 404 1877 461 incedebant.
1919 402 2118 463 Omnes

514 500 897 570 imperatorem
931 498 1146 555 beatum
1171 541 1185 565 ,
1216 498 1327 554 Deo
1368 512 1583 565 carum,
1617 506 1668 553 et
1700 508 1922 573 prorsus
1952 493 2121 562 impe-

511 594 596 651 rio
632 594 1003 664 dignissimum
1048 593 1433 664 praedicabant.
1478 591 1659 661 Neque
1698 590 1812 644 hmc
1843 603 1973 644 voce
2004 597 2121 641 tan-

515 694 628 741 tum
681 683 821 740 nuda
886 683 1274 750 declarabant,
1330 681 1426 739 sed
1484 681 1807 753 imaginibus
1861 679 2119 736 dedicatis

515 788 788 836 mortuum
822 778 1046 849 perinde
1073 793 1135 832 ac
1157 776 1500 848 superstitem
1535 773 1887 829 honorabant.
1916 772 1973 828 In
2000 771 2121 843 qui-

516 873 619 929 bus
645 888 767 929 cum
798 872 920 929 coeli
953 870 1357 927 similitudinem
1389 870 1785 940 expressissent
1825 867 1877 921 in
1920 865 2117 930 tabula,

516 968 691 1039 ipsum
722 980 884 1036 supra
911 965 1169 1021 caelestes
1201 963 1469 1028 fornices,
1498 963 1551 1017 in
1585 962 1823 1016 :ethereo
1848 959 2121 1015 domicilio

516 1059 948 1127 requiescentem
982 1059 1227 1128 pinsere.
1273 1057 1579 1125 Quinetiam
1628 1055 1726 1126 ipsi
1755 1054 1953 1109 liberos
1980 1052 2127 1123 ejus,

518 1151 879 1221 imperatores
924 1159 1086 1220 atque
1127 1150 1399 1220 Augustos
1446 1148 1594 1205 solos
1640 1148 1757 1203 sine
1805 1146 2121 1216 cujusquam

523 1240 745 1297 alterius
773 1241 1047 1298 consortio
1074 1241 1458 1311 nuncupabant
1489 1257 1503 1294 :
1528 1239 1847 1311 magnisque
1875 1238 2122 1294 clamori-

519 1334 618 1389 bus
640 1332 1008 1411 postulabant,
1034 1342 1091 1386 ut
1112 1332 1450 1404 imperatoris
1475 1332 1557 1386 sui
1588 1331 1746 1388 funus
1767 1329 1906 1402 apud
1932 1343 1992 1385 se
2022 1329 2117 1383 ha-

520 1424 734 1492 herent,
766 1432 821 1481 et
842 1423 897 1480 in
920 1423 1063 1497 regia
1095 1424 1229 1479 urbe
1256 1423 1613 1495 deponerent.

1096 1538 1328 1597 CAPUT
1354 1538 1518 1596 LXX.

597 1634 867 1718 Quomodo
906 1635 1065 1709 {unus
1108 1632 1550 1705 Constantinopoli
1594 1631 1884 1705 depositum
1911 1630 1978 1685 sit
2019 1645 2052 1684 a

535 1728 543 1745 ί
1159 1723 1477 1781 Constantio.

558 1840 561 1843 ’
598 1842 754 1903 llunc
784 1841 1011 1913 principi
1048 1856 1078 1899 a
1112 1840 1223 1897 Deo
1254 1840 1554 1913 honorato,
1586 1840 1747 1911 etiam
1774 1838 1997 1903 Romani
2025 1838 2124 1893 ho.

531 1951 718 1997 norem
758 1934 1138 1997 exhibucrunt.
1183 1934 1253 1991 At
1281 1932 1551 1989 secundus
1589 1947 1656 1987 ex
1701 1930 1823 1986 [iliis
1862 1930 1927 1989 ad
1957 1930 2124 2001 patris

525 2029 684 2089 [unus
712 2041 833 2081 cum
864 2027 1208 2095 advenisset,
1243 2026 1294 2082 in
1326 2026 1511 2083 urbem
1564 2025 1700 2099 patri
1751 2024 2121 2096 cognominem

530 2119 661 2181 illud
702 2118 948 2186 devexit,
994 2119 1109 2191 ipse
1168 2119 1425 2190 exequias
1473 2117 1805 2189 prrecedeus.
1856 2115 2128 2185 Prteipant

526 2227 627 2285 per
672 2222 916 2273 catervas
942 2220 997 2267 et
1026 2212 1241 2284 agmina
1290 2210 1536 2283 dispositi
1583 2209 1793 2271 numeri
1840 2207 2122 2269 militares.

526 2304 677 2363 Pone
697 2302 1021 2376 sequebatur
1050 2301 1453 2361 innumerabilis
1498 2302 1773 2361 hominum
1818 2298 2123 2373 multitudo.

527 2399 734 2457 llastatl
767 2412 895 2459 vero
943 2405 999 2453 et
1042 2397 1264 2455 scutarii
1318 2397 1491 2468 ipsum
1538 2394 1885 2467 Imperatoris
1927 2407 2127 2463 corpus

528 2490 691 2560 medii
719 2490 1022 2565 cingebant.
1048 2489 1338 2561 Postquam
1366 2488 1433 2545 ad
1458 2487 1826 2559 apostolorum
1873 2485 2128 2547 Servato—

527 2582 604 2639 ris
633 2582 805 2641 nostri
835 2581 1117 2639 ecclesiam
1149 2592 1468 2653 perventum
1495 2587 1595 2646 est,
1627 2594 1806 2636 arcam
1830 2577 1938 2637 illic
1963 2577 2127 2655 depoc

529 2684 777 2731 suerunt.
795 2673 945 2737 Hunc
962 2674 1013 2735 in
1028 2672 1247 2729 modum
1267 2688 1440 2729 novus
1453 2674 1743 2743 imperator
1756 2669 2125 2737 Constantius,

533 2777 646 2827 tum
675 2767 907 2827 adventu
935 2781 1053 2835 suo,
1086 2776 1197 2831 tum
1227 2766 1448 2839 reliquis
1473 2765 1666 2821 otticiis
1693 2765 1831 2849 patri
1864 2764 2126 2838 honorem

530 2862 815 2935 exhibens,
844 2865 987 2937 justa
1012 2872 1067 2919 ut
1093 2879 1190 2937 par
1218 2872 1335 2921 erat
1365 2860 1638 2935 persolvit.

1110 2980 1338 3039 CAPUT
1364 2979 1552 3037 LXXI.

2221 401 2390 455 emori
2439 401 2657 470 dicitur,
2706 405 2939 476 seipsam
2983 407 3133 476 quasi
3174 406 3441 462 victimam
3488 407 3819 464 immolans:

2220 508 2450 567 moxque
2480 511 2543 553 ex
2597 498 2725 569 ipsis
2769 499 2959 563 favillis
2988 499 3194 556 renasci
3219 541 3233 571 ,
3263 509 3318 555 et
3342 500 3534 575 pennis
3576 501 3627 555 in
3657 500 3822 556 altum

2219 586 2473 643 subvecta
2496 630 2509 653 ,
2553 591 2740 645 eadem
2768 607 2871 664 qua
2912 592 3062 665 prius
3087 594 3266 664 specie
3305 595 3453 649 cerni
3486 611 3498 647 :
3531 594 3626 650 sed
3651 595 3825 665 potius

2220 680 2469 752 exemplo
2492 679 2792 741 Servatoris
2830 683 2941 749 sui,
2974 685 3064 759 qui
3092 684 3260 740 instar
3287 685 3448 741 tritici
3472 686 3594 750 sati,
3626 701 3692 742 ex
3720 702 3827 744 uno

2220 772 2426 828 semine
2448 773 2499 827 in
2531 774 2695 831 multa
2726 790 2846 832 sese
2883 775 3208 844 diffundens,
3237 792 3339 849 ope
3366 793 3427 833 ac
3454 778 3827 841 benedictione

2225 864 2317 919 Dei
2364 866 2565 937 spicam
2615 869 2855 941 protulit,
2886 880 2941 926 et
2969 869 3276 927 universum
3330 881 3591 937 terrarum
3636 873 3828 931 urbem

2223 954 2485 1015 fructibus
2524 962 2636 1015 suis
2663 960 2924 1031 implevit.
2958 962 3037 1019 Ad
3065 964 3206 1019 hunc
3234 962 3450 1020 modum
3489 965 3830 1023 beatissimus

2224 1051 2476 1121 princeps
2496 1067 2590 1122 per
2606 1054 3005 1110 successionem
3028 1054 3320 1111 liberorum
3345 1055 3625 1126 multiplex
3656 1056 3829 1112 lactus

2223 1152 2399 1198 estex
2445 1160 2598 1200 uno:
2641 1148 2777 1201 adeo
2807 1156 2867 1202 ut
2906 1148 3102 1216 passim
3150 1148 3202 1203 in
3248 1148 3497 1205 omnibus
3541 1150 3831 1220 provinciis

2223 1236 2483 1307 imagines
2510 1240 2559 1295 ei
2581 1240 2738 1297 simul
2767 1256 2888 1298 cum
2918 1240 3041 1297 tlliis
3066 1242 3287 1299 honoris
3312 1258 3474 1300 causa
3502 1254 3829 1314 statuantur,

2224 1337 2281 1393 et
2308 1327 2570 1391 latuiliare
2597 1347 2791 1393 nomen
2807 1333 3139 1401 Constantini
3157 1334 3321 1393 etiam
3344 1345 3465 1408 post
3484 1334 3602 1409 ejus
3623 1336 3831 1395 obitum

2225 1430 2532 1494 usurpetur.

2762 1534 2994 1597 CAPUT
3019 1537 3258 1597 LXXIII.

2151 1695 2200 1757 Β
2300 1663 2566 1730 Quomodo
2590 1666 2642 1721 in
2673 1668 2912 1735 nummis,
2931 1667 3317 1725 Constantinum
3339 1672 3475 1726 velut
3496 1672 3550 1727 in
3578 1672 3760 1727 emtum

2642 1761 2998 1818 ascendentem
3031 1763 3393 1834 expresserim.

2300 1874 2602 1945 Quinetiam
2641 1877 2843 1931 nummi
2893 1877 3197 1953 hujusmodi
3231 1877 3398 1933 l'orma
3448 1879 3641 1950 signati
3668 1890 3835 1951 sunt,

2228 1969 2501 2023 anteriore
2544 1968 2757 2041 quidem
2802 1977 2952 2040 parte
2997 1969 3212 2025 beatum
3280 1970 3573 2040 principem
3618 1971 3836 2037 obtecto

2228 2059 2403 2131 capite
2444 2058 2794 2134 prtel‘erentes
2829 2060 3037 2116 :altcra
3070 2076 3197 2117 vero
3229 2072 3378 2133 parte
3423 2063 3473 2118 lu
3517 2060 3835 2139 quadriiugo

2228 2168 2392 2208 curru
2416 2152 2799 2225 aurigaainstar
2825 2152 3123 2221 sedentem;
3144 2162 3199 2209 et
3220 2163 3465 2231 porrecta
3496 2154 3592 2227 ipsi
3621 2155 3835 2223 ccelitus

2229 2246 2417 2302 dextra
2449 2243 2514 2300 ad
2531 2243 2768 2317 Superos
2795 2255 3153 2318 assumptum.
3228 2242 3233 2245 λ

2784 2383 3014 2441 CAPUT
3043 2382 3281 2440 LXXIV.

2339 2499 2489 2567 Quod
2517 2515 2636 2554 cum
2666 2498 2829 2554 Deum
2858 2499 3095 2554 coluisset
3121 2541 3136 2565 ,
3164 2500 3341 2554 merito
3376 2499 3529 2555 etiam
3555 2515 3588 2553 a
3613 2498 3724 2555 Deo

2829 2591 3110 2646 honoratus
3136 2601 3229 2646 est.

2306 2706 2430 2762 Hmc
2447 2706 2702 2762 miracula
2723 2720 2964 2761 summus
2977 2705 3215 2761 omnium
3237 2706 3376 2761 Deus
3393 2707 3442 2761 in
3458 2704 3832 2777 Constantino,

2231 2801 2323 2871 qui
2352 2800 2499 2855 solus
2539 2814 2605 2854 ex
2647 2798 2895 2854 omnibus
2939 2807 3087 2853 retro
3131 2797 3546 2868 imperatoribus
3580 2798 3835 2855 christia-

2232 2908 2360 2949 num
2385 2908 2444 2947 se
2473 2891 2644 2963 palam
2673 2890 2948 2963 professus
2978 2890 3172 2957 fuerat,
3197 2892 3398 2947 nostris
3424 2893 3594 2947 oculis
3631 2907 3833 2963 prepo-

2232 3000 2387 3051 nens,
2410 2984 2539 3040 satis
2559 2998 2827 3055 superque
2843 2983 3157 3049 declaravit,
3175 2995 3434 3054 quantum
3452 2985 3734 3040 interesset
3748 2985 3835 3040 in.

534 3072 701 3130 Missa
748 3075 801 3129 in
848 3074 1202 3147 apostolorum
1229 3072 1488 3146 Mat-tyrio
1534 3070 1787 3141 celebrata
1813 3071 1866 3131 in
1900 3070 2124 3144 exequiis
2150 3090 2195 3159 ρ
2230 3094 2310 3140 ter
2326 3076 2521 3148 eosqui
2541 3078 2716 3148 ipsum
2731 3074 3312 3146 ChristumqueFilium
3334 3078 3500 3146 ipsius
3515 3078 3696 3133 colere
3719 3093 3836 3134 tue—

1157 3165 1500 3223 Constantini.

604 3279 704 3337 Ubi
743 3295 870 3338 vero
902 3279 996 3339 ille
1038 3294 1159 3337 eum
1216 3278 1538 3343 militaribus
1580 3276 1820 3339 numeris
1872 3272 2124 3349 abcessit,

528 3372 760 3428 ministri
805 3372 895 3427 Dei
943 3387 1064 3428 cum
1118 3370 1290 3433 turbis
1328 3384 1383 3429 et
1427 3378 1535 3426 tota
1582 3369 1817 3425 lidelium
1862 3367 2039 3439 plebe,
2072 3368 2125 3422 in

530 3462 767 3521 medium
794 3462 1063 3532 prodiere,
1093 3471 1145 3516 et
1166 3461 1332 3517 divini
1359 3460 1533 3516 cultus
1563 3459 1914 3527 caeremonias
1936 3472 2126 3531 preca-

531 3553 766 3607 tionibus
795 3562 1140 3625 peregerunt.
1169 3551 1247 3607 Ac
1270 3554 1461 3607 beatus
1491 3550 1705 3621 quidem
1742 3549 1994 3619 princeps
2017 3547 2127 3603 alto

540 3646 593 3700 in
623 3654 875 3719 suggestu
892 3646 1102 3718 jaceos,
1128 3645 1377 3702 laudibus
1406 3652 1518 3700 tum
1539 3641 1934 3703 celebrabatur.
1964 3642 2129 3697 lunu-

536 3738 813 3793 merabilis
841 3747 1021 3792 autem
1069 3740 1297 3809 populus
1326 3754 1433 3794 una
1463 3753 1584 3793 cum
1614 3736 1987 3792 sacerd0tibus
2011 3737 2124 3807 Dei,

532 3844 641 3884 non
669 3830 786 3884 sine
814 3828 1017 3902 gemitu
1048 3844 1111 3884 ac
1143 3829 1414 3904 lacryrnis,
1446 3846 1546 3902 pro
1575 3830 1919 3903 imperatoris
1948 3829 2125 3883 anima

531 3938 721 3994 preces
745 3922 1045 3995 ollercbant
1066 3923 1206 3990 Deo,
1236 3923 1600 3997 gratissimum
1638 3926 1726 3997 pio
1754 3924 1978 3997 principi
2008 3921 2128 3978 olli-

528 4018 671 4075 cium
694 4015 1035 4072 exhibentes.
1069 4016 1237 4070 Porro
1272 4016 1324 4070 in
1367 4014 1469 4070 hoc
1494 4014 1653 4070 etiam
1698 4015 1837 4079 Deus
1864 4015 2127 4095 prolixam

528 4122 655 4181 erga
726 4108 982 4175 [amulum
1053 4123 1208 4171 Suum
1276 4107 1713 4164 benevolentiam
1776 4109 2125 4164 declaravit:

529 4204 729 4275 quippe
759 4203 849 4277 qui
888 4202 1180 4261 carissimis
1219 4218 1281 4259 ac
1306 4206 1579 4273 germanis
1608 4204 1727 4276 ejus
1767 4202 1891 4259 ﬁliis
1918 4204 2128 4279 paterni

530 4294 741 4367 imperii
769 4296 1169 4353 successionem
1201 4295 1483 4363 tribuerit;
1513 4295 1731 4368 etquod
1761 4297 1994 4353 maxime
2014 4311 2131 4351 am-

530 4386 723 4455 bierat,
759 4385 937 4441 locum
970 4388 1120 4458 juxta
1159 4390 1526 4461 apostolorum
1572 4390 1889 4447 memoriam
1919 4390 1969 4445 ei
1999 4404 2128 4444 con-

530 4479 789 4551 cesserit;
824 4489 883 4537 ut
903 4480 1113 4537 scilicet
1138 4480 1464 4545 beatissimrc
1494 4483 1633 4539 illius
1656 4483 1851 4538 animae
1881 4482 2132 4537 taberna-

528 4572 711 4628 culum
774 4572 1057 4645 apostolici
1100 4573 1330 4629 nominis
1382 4584 1542 4651 atque
1587 4573 1808 4631 honoris
1856 4575 2128 4630 consortio

528 4664 832 4733 frueretur;
866 4676 921 4723 et
947 4666 1142 4738 populo
1174 4665 1267 4722 Dei
1301 4667 1353 4723 in
1382 4667 1606 4723 ecclesia
1632 4666 1963 4732 sociaretur;
1993 4665 2131 4720 divi-

530 4758 723 4830 nisque
743 4760 1066 4817 ceremoniis
1086 4776 1149 4816 ac
1173 4762 1400 4834 mystico
1424 4759 1714 4827 sacrillcio,
1739 4768 1796 4816 et
1820 4768 2125 4814 sanctarum

529 4866 749 4923 precum
767 4854 1144 4910 communione
1165 4856 1321 4925 potiri
1340 4865 1668 4911 mereretur:
1696 4855 1809 4926 ipse
1821 4868 1949 4908 vero
1964 4855 2127 4908 etiam

527 4951 654 5014 post
676 4954 905 4999 mortem
936 4945 1218 5016 imperium
1252 4948 1512 5017 retinens,
1540 4948 1690 5019 quasi
1714 4945 1985 5002 redivivus
2011 4945 2130 5000 uni-

532 5052 749 5094 versum
772 5037 958 5094 orbem
981 5040 1305 5113 gubernans,
1338 5042 1521 5099 Victor
1550 5041 1815 5098 Maximus
1831 5043 2129 5119 Augustus,

535 5147 636 5189 suo
663 5132 839 5189 adhuc
864 5134 1084 5191 nomine
1108 5135 1496 5207 rempublicam
1524 5145 1757 5209 regeret.

1101 5248 1329 5307 CAPUT
1350 5248 1561 5306 LXXII.

1094 5342 1173 5403 De
1194 5342 1437 5400 Phoenice
1462 5358 1573 5399 ave.

597 5458 714 5519 Non
750 5458 1203 5533 quemadmodum
1242 5460 1357 5519 avis
1400 5460 1490 5519 illa
1533 5459 1814 5538 Egyptian,
1842 5475 1962 5533 qua:
2005 5474 2127 5517 cum

2154 4490 2208 4551 D

2231 3172 2498 3234 ruisscnt,
2529 3178 2691 3240 atque
2722 3169 2862 3224 inter
2889 3167 3012 3223 illos
3040 3168 3130 3238 qui
3162 3167 3485 3225 contrariam
3527 3179 3730 3225 sectam
3766 3184 3834 3226 ac

2230 3262 2554 3319 sententiam
2600 3260 2830 3331 amplexi
2875 3270 3077 3316 essent.
3119 3259 3220 3329 Qui
3262 3275 3385 3315 cum
3431 3258 3687 3315 Ecclesia:
3733 3262 3828 3319 Dei

2232 3359 2430 3417 bellum
2460 3359 2785 3426 intulissent,
2813 3358 2977 3412 Deum
3009 3357 3112 3413 sibi
3137 3359 3345 3413 hostem
3373 3365 3533 3427 atque
3554 3356 3829 3414 inimicum

2230 3452 2598 3507 reddiderunt.
2630 3452 2709 3507 Ac
2738 3451 2978 3522 proiecto
3004 3450 3422 3520 uniuscujusque
3451 3450 3663 3505 illomm
3696 3451 3837 3505 inte-

2230 3546 2385 3613 ritus,
2418 3557 2674 3617 quantum
2705 3560 2831 3617 erga
2858 3560 2955 3600 eos
2979 3554 3124 3600 esset
3166 3544 3334 3599 divini
3365 3542 3601 3598 numinis
3627 3544 3835 3609 odium,

2230 3638 2534 3699 certissimo
2597 3646 2915 3709 argumento
2970 3636 3263 3691 declaravit
3316 3654 3331 3691 :
3378 3636 3835 3707 quemadmodum

2230 3730 2565 3785 Constantini
2626 3730 2813 3793 obitu.
2866 3730 2961 3791 Dei
3027 3745 3153 3801 erga
3209 3728 3386 3799 ipsum
3442 3728 3838 3785 benevolentiae

2229 3820 2474 3892 quaedam
2502 3821 2655 3893 quasi
2680 3821 2903 3894 pignora
2926 3863 2941 3888 ,
2982 3822 3234 3878 omnibus
3264 3820 3549 3878 manifesto
3572 3836 3839 3892 apparue-

2232 3926 2376 3972 ῐιιιιι.

2791 4016 3022 4075 CAPUT
3055 4013 3268 4072 LXXV.

2236 4132 2387 4202 Quod
2409 4131 2775 4189 Constantinus
2796 4132 3087 4204 superiores
3105 4146 3279 4186 omnes
3294 4130 3627 4203 imperatores
3648 4129 3838 4200 pietate

2266 4222 2269 4227 ’
2885 4225 3166 4296 superavit.

2305 4338 2405 4405 Qui
2450 4355 2573 4394 eum
2619 4338 2769 4395 solus
2798 4354 2863 4409 es
2892 4337 3152 4407 Romanis
3182 4337 3624 4411 imperatoribus,
3662 4335 3835 4392 Deum

2231 4431 2472 4486 omnium
2500 4431 2704 4502 Regem
2734 4431 3017 4487 excellenti
3041 4431 3270 4502 quadam
3318 4430 3514 4500 pietate
3537 4428 3792 4485 coluisset
3816 4446 3834 4496 ;

2237 4525 2494 4597 solusque
2519 4525 2821 4581 doctrinam
2846 4524 3044 4581 Christi
3073 4524 3341 4581 universis
3371 4540 3466 4581 ore
3497 4524 3668 4587 libero
3697 4539 3838 4594 prat-
3930 4568 3937 4581 .

2231 4618 2465 4674 dicasset
2496 4636 2510 4672 ε
2535 4634 2765 4689 cumque
2792 4618 3085 4683 Ecclesiam
3131 4619 3224 4674 Dei
3255 4619 3460 4673 honore
3503 4625 3558 4672 et
3581 4616 3751 4687 gloria
3778 4616 3832 4671 in

2230 4721 2437 4771 tantum
2485 4710 2724 4769 ausisset
2752 4724 3009 4784 quantum
3052 4721 3211 4771 antea
3255 4724 3454 4781 nemo,
3499 4721 3556 4767 et
3587 4723 3831 4775 errorem

2232 4803 2510 4865 hominum
2532 4804 2709 4877 plures
2737 4804 3032 4873 colentium
3058 4807 3189 4862 deos
3212 4805 3361 4861 solus
3386 4804 3691 4870 evertisset,
3714 4818 3834 4861 om-

2230 4912 2434 4970 nesque
2460 4895 2768 4967 huiusmodi
2796 4896 3191 4966 superstitionis
3228 4898 3365 4961 ritus
3388 4910 3451 4963 ac
3476 4895 3667 4952 modos
3693 4909 3832 4953 con-

2238 4990 2505 5049 l'utasset:
2544 4990 2694 5051 solus
2741 5006 2957 5063 quoque
2987 5001 3099 5049 tum
3129 4991 3181 5046 in
3225 4989 3326 5055 hac
3362 4992 3502 5056 vita,
3554 4999 3665 5047 tum
3713 4998 3836 5060 post

2233 5091 2487 5152 mortem,
2515 5096 2577 5141 ea
2605 5082 2862 5153 consequi
2908 5082 3124 5147 meruit,
3154 5082 3330 5154 qualia
3375 5080 3554 5143 nullus
3596 5095 3833 5153 unquam

2233 5193 2335 5239 nec
2371 5176 2513 5250 apud
2560 5177 2779 5234 Graecos
2827 5192 2928 5234 nec
2961 5175 3103 5249 apud
3147 5175 3413 5237 Barbaros
3440 5174 3665 5245 adeptus
3712 5187 3836 5231 esse

2231 5273 2567 5344 perhibetur.
2597 5272 2704 5330 Sed
2729 5287 2906 5344 neque
2926 5270 3068 5344 apud
3089 5270 3420 5342 priscosillos
3442 5269 3735 5331 Romanos.
3760 5266 3837 5322 ab

2232 5368 2435 5433 ultimis
2463 5381 2633 5440 usque
2664 5364 2995 5437 temporibus
3025 5363 3307 5436 quisquam
3334 5361 3603 5419 recenseri
3632 5365 3834 5431 potest,

2230 5462 2321 5537 qui
2348 5475 2471 5521 cum
2504 5461 2605 5518 hoc
2628 5466 2815 5519 nostro
2850 5458 2921 5525 sit
2949 5454 3363 5531 comparandus.
3642 5462 3649 5471 ‘
