4142 6178
463 219 567 278 107

1787 219 2237 280 οοΝεΤΑΝτιΝι
2275 223 2492 282 MAGNI

3656 231 3759 290 108

455 334 594 406 πρὸς
641 333 700 388 τὸ
735 335 866 389 θεῖον
905 332 1062 398 αἰδὼς
1093 355 1148 390 τε
1187 337 1274 390 καί
1310 335 1369 391 τὸ
1423 337 1578 400 σέϐας
1628 339 1877 411 ἐνείχετο.
1912 345 2041 399 τοῦτ

2156 352 2278 394 csse
2306 341 2618 396 censuimus
2637 379 2651 408 ,
2679 340 2872 412 quibus
2899 339 3065 400 divini
3095 342 3342 401 Numinis
3368 343 3548 401 cultus
3576 361 3640 403 ac
3661 361 3757 404 ve-

455 423 600 480 ἕστιν
627 422 767 486 ὅπως
792 423 956 498 δῶμεν
977 429 1065 480 καὶ
1091 441 1200 488 τοῖς
1227 437 1558 502 χριστιανοῖς
1593 432 1680 485 καὶ
1717 437 1878 486 πᾶσιν
1912 433 2052 487 ἕλευ-ο

453 518 608 591 θέραν
637 517 851 594 αἳρεσιν,
898 523 988 572 τοῦ
1019 519 1302 576 ἀκολουθεῖν
1342 529 1404 598 τῇ
1442 525 1688 598 θρησκείᾳ
1771 523 1816 579 δ’
1844 520 1902 578 ἂν
1925 525 2050 600 βουο

452 607 688 668 ληθῶσιν.
737 605 876 671 ὅπως
920 607 966 675 ὅ,
1005 612 1056 667 τί
1103 615 1226 668 ποτέ
1278 615 1390 669 ἐστι
1445 615 1638 676 θειότης
1688 619 1776 670 καί
1815 619 2050 692 οὐρανίου

446 705 777 779 πράγματος,
824 707 940 777 ἡμῖν
971 710 1051 760 καί
1077 709 1211 762 πᾶσι
1238 715 1350 769 τοῖς
1377 709 1478 764 ὑπὸ
1513 713 1606 769 τὴν
1630 712 1881 790 ἡμετέραν
1910 713 2052 778 ἐξου-

450 798 572 853 σίαν
598 795 862 871 διάγουσιν
901 799 1106 872 εὐμενὲς
1145 796 1270 856 εἶναι
1528 803 1693 860 τοίνυν
1732 807 1924 864 ταύτην
1961 809 2049 865 τήν

449 887 686 960 βούληξιν
729 895 820 949 τήν
866 891 1118 967 ἡμετέραν
1141 931 1156 957 ,
1189 893 1392 966 ὑγιεινῷ
1419 897 1498 948 καὶ
1526 893 1776 974 όρθοτάτῳ
1819 897 2049 972 λογισμῶ

443 980 854 1056 ἐδογματίσαμεν
873 1025 886 1048 ,
926 981 1066 1046 ὅπως
1094 984 1274 1059 μηδενὶ
1295 989 1556 1050 παντελῶς
1595 992 1801 1057 ἐξουσία
1829 994 2048 1067 ἀρνητέα

445 1072 500 1152 ᾖ,
531 1083 622 1132 τοῦ
651 1077 934 1133 ἀκολουθεῖν
959 1081 1046 1134 καί
1071 1078 1329 1157 αἱρεῖσθαι
1356 1087 1446 1142 τήν
1471 1089 1572 1138 τῶν
1603 1092 1919 1158 χριστιανῶν
1945 1103 2046 1142 πα-

441 1167 724 1244 ραφύλαξιν
767 1168 798 1230 ἦ
840 1173 1134 1246 θρησκείαν.
1176 1171 1381 1247 ἐκάστῳ
1411 1193 1464 1230 τε
1495 1177 1707 1241 ἐξουσία
1749 1175 1918 1237 δοθείη
1955 1183 2046 1233 τοῦ

444 1258 641 1316 διδόναι
661 1261 848 1318 ἐαυτοῦ
877 1267 968 1322 τήν
1006 1262 1230 1319 διάνοιαν
1278 1267 1326 1319 ἐν
1377 1267 1536 1340 ἐκείνῃ
1579 1275 1641 1344 τῇ
1680 1270 1944 1345 θρησκείᾳ,
1992 1272 2050 1330 ἣν

435 1355 600 1414 αὐτὸς
648 1354 817 1429 ἐαυτῷ
861 1354 1104 1432 ἁρμόζειν
1144 1361 1340 1432 νομίζῃ.
1393 1355 1532 1421 ὅπως
1580 1363 1702 1434 ἡμῖν
1757 1360 1940 1438 δυνηθῇ
1991 1364 2048 1418 τό

439 1447 572 1500 θεῖον
593 1447 640 1499 ἐν
663 1451 795 1502 πᾶσι
821 1451 910 1506 τὴν
937 1445 1108 1519 ἔθιμον
1137 1447 1366 1508 σπουδήν
1395 1453 1482 1506 καί
1507 1449 1878 1528 καλοκαγαθίαν
1903 1473 2044 1530 παρ-

436 1539 603 1608 ἐχειν.
650 1535 797 1594 ἅτινα
829 1537 992 1600 οὕτως
1035 1540 1269 1616 ἀρέσκειν
1303 1543 1425 1614 ἡμῖν
1452 1541 1756 1620 ἀντιγράψαι
1785 1545 2046 1600 ἀκόλουθον

436 1629 516 1696 ἧν,
562 1632 628 1685 ἶν’
671 1633 1034 1708 ἀφαιρεθεισῶν
1079 1634 1336 1696 παντελῶς
1379 1641 1478 1690 τῶν
1537 1635 1802 1711 αίρέσεων,
1859 1639 2046 1702 αἵτινες

2156 431 2366 486 neratio
2404 433 2810 490 contineretur:
2835 433 2938 489 hoc
2966 443 3082 503 est,
3127 447 3186 491 ut
3221 436 3545 494 Christianis
3579 448 3635 495 et
3669 455 3760 496 re-

2154 523 2314 595 liquis
2339 526 2588 581 omnibus
2609 525 2778 584 libera
2803 527 3032 585 facultas
3054 543 3084 582 a
3103 531 3254 586 nobis
3279 530 3548 586 tribuatur
3575 545 3760 602 quam-

2153 633 2384 690 cumque
2411 619 2680 674 voluerint
2721 621 3034 694 religionem
3073 623 3418 679 consectandi
3448 635 3462 677 :
3495 631 3604 695 qna
3649 625 3758 682 sci-

2150 711 2277 768 licet
2307 713 2562 783 quidquid
2603 713 2732 768 illod
2772 725 2856 771 est
2885 717 3124 772 divinum
3165 731 3228 772 ac
3257 718 3480 774 eteiesle
3505 717 3714 774 Numen
3742 762 3756 788 ,

2153 804 2309 859 nobis
2330 814 2380 860 et
2406 805 2668 861 universis
2684 807 2770 876 qui
2789 809 2888 864 sub
2910 809 3136 879 imperio
3161 823 3348 865 n05tro
3367 809 3564 882 degunt
3585 855 3599 879 ,
3629 827 3759 882 pro-

2153 897 2344 967 pillum
2369 913 2488 954 esse
2505 900 2692 970 possit.
2719 899 2870 957 Hanc
2892 903 3050 974 igitur
3067 913 3306 959 nostram
3325 905 3652 960 voluntatem
3666 919 3757 980 sa-

2151 989 2288 1046 lubri
2305 999 2358 1046 et
2374 993 2913 1050 rectissirnocousilio
2941 997 3424 1068 pmmulgavimus,
3459 1008 3516 1052 ut
3556 1001 3756 1055 nemini

2151 1097 2370 1154 prorsus
2409 1081 2769 1141 Christianam
2811 1087 3208 1144 observantiam
3235 1103 3298 1145 ac
3325 1091 3639 1162 religionem
3671 1107 3760 1148 se-

2150 1178 2348 1250 quendi
2366 1187 2456 1233 aut
2470 1179 2700 1250 eligendi
2715 1177 2926 1236 licentia
2941 1181 3254 1252 deuegetur.
3273 1171 3376 1239 Sed
3393 1183 3676 1255 unicuique
3689 1185 3756 1240 li-

2151 1280 2268 1326 ceat
2299 1270 2364 1324 ad
2383 1285 2500 1327 eam
2523 1271 2840 1341 religionem
2855 1287 3014 1342 quam
3031 1273 3128 1328 sibi
3144 1273 3450 1332 conducere
3461 1279 3749 1345 censuerit,

2149 1362 2389 1416 animum
2428 1363 2730 1432 applicare;
2762 1379 2869 1434 quo
2907 1364 3147 1420 divinum
3174 1364 3386 1422 Numen
3427 1383 3754 1439 propensum

2149 1469 2278 1524 erga
2302 1468 2403 1509 nos
2433 1454 2668 1510 studium
2707 1469 2772 1510 ac
2801 1456 3186 1527 benignitatem
3221 1458 3274 1512 in
3301 1459 3554 1516 omnibus
3584 1461 3754 1530 possit

2149 1546 2456 1604 ostendere.
2500 1547 2670 1604 Porro
2694 1555 3116 1606 Consentaneum
3141 1550 3240 1606 fuit
3265 1559 3324 1607 ut
3354 1552 3474 1608 haec
3502 1555 3655 1610 nobis
3679 1557 3749 1611 ita

2148 1638 2364 1708 placere
2392 1639 2836 1708 rescriberemus,
2869 1657 2976 1712 quo
3003 1641 3230 1700 sublatis
3257 1645 3470 1714 penitus
3501 1647 3751 1703 omnibus

435 1731 552 1783 τοῖς
593 1725 868 1800 προτέροις
914 1726 1058 1796 ἡμῶν
1087 1726 1360 1800 γράμμασι
1399 1733 1513 1787 τοῖς
1543 1730 1676 1804 πρὸς
1713 1733 1803 1789 τήν
1829 1735 1924 1790 σήν
1949 1753 2037 1788 κα-

2147 1731 2310 1787 Iectis
2351 1747 2472 1801 qua:
2513 1733 2566 1786 in
2601 1734 2783 1804 priore
2823 1747 3010 1790 noetra
3040 1735 3108 1792 de
3153 1734 3478 1794 Christianis
3522 1741 3747 1809 epistola

434 1815 677 1871 θοσίωσιν
705 1817 1042 1872 ἀποσταλεῐσι
1065 1821 1188 1896 περί
1233 1826 1332 1874 τῶν
1375 1829 1695 1896 χριστιανῶν
1740 1823 1998 1894 ἐνείχοντο
2019 1865 2035 1890 ,

439 1913 527 1964 καί
556 1909 705 1965 ἅτινα
727 1911 864 1965 πάνυ
894 1913 1051 1967 σκαιὰ
1075 1913 1159 1967 καί
1184 1921 1278 1973 τῆς
1305 1915 1562 1990 ἡμετέρας
1587 1916 1878 1993 πρᾳότητος
1899 1917 2042 1975 ἀλλό-

433 2022 556 2077 τρια
583 1997 708 2057 εἶναι
733 2001 916 2068 ἐδόκει,
943 2010 1112 2060 ταῦτα
1135 2005 1397 2084 ύφαιρεθῇ,
1443 2011 1530 2063 καί
1560 2015 1646 2064 νῦν
1685 2011 1959 2088 ἐλευθέρως
1984 2035 2038 2070 τε

431 2097 520 2148 καὶ
567 2095 805 2156 ἀπλανῶς
835 2095 1051 2158 ἕκαστος
1076 2097 1175 2152 τῶν
1199 2105 1289 2159 τήν
1327 2101 1488 2161 αὐτὴν
1531 2106 1833 2179 προαίρεσιν
1863 2106 2038 2178 ἐσχη-

432 2189 590 2245 κότων
621 2195 714 2244 τοῦ
759 2189 1026 2262 φυλάττειν
1071 2195 1162 2251 την
1206 2199 1306 2246 τῶν
1353 2201 1669 2268 χριστωῶν
1721 2199 1988 2272 θρησκείαν
2022 2241 2036 2265 ,

431 2276 556 2335 ἄνευ
587 2281 724 2341 τινὸς
751 2282 1020 2352 ὀχλήσεως
1081 2289 1234 2340 τοῦτο
1277 2287 1401 2342 αὐτὸ
1441 2289 1846 2360 παραφυλαττοι.
1892 2289 2040 2350 ἅτινα

431 2379 496 2446 τῇ
523 2381 592 2444 σῇ
621 2374 881 2449 ἐπιμελείᾳ
917 2375 1252 2451 πληρὲστατα
1293 2375 1524 2436 δηλῶσαι
1579 2378 1990 2454 ἐδογματίσαμεν
2021 2427 2036 2450 ,

431 2461 581 2526 ὅπως·
599 2463 780 2527 εἰδείης
809 2468 945 2538 ἡμᾶς
972 2467 1238 2542 ἐλευθέραν.
1259 2473 1348 2525 καί
1387 2471 1760 2543 ἀπολελυμένην
1799 2474 2040 2540 ἐξουσίαν

437 2559 532 2614 τοῦ
561 2557 792 2629 τημελεῖν
819 2563 908 2618 τήν
934 2559 1134 2615 ἑαυτῶν
1157 2563 1428 2638 θρηοηιείαν
1454 2571 1560 2625 τοῖς
1588 2565 1770 2628 αὐτοῖς
1794 2587 2040 2642 χριστια-

431 2659 539 2714 νοῖς
579 2649 868 2710 δεδωκέναι.
924 2649 1051 2730 ὅπερ
1092 2653 1264 2715 ἐπειδή
1310 2657 1693 2728 ἀπολελυμένως
1739 2661 1920 2722 αὐτοῖς
1956 2659 2046 2734 si?"

429 2743 573 2814 ἡμῶν
609 2744 944 2822 κιχωρῆσθαι
966 2747 1144 2822 θεωρεῖ
1183 2748 1214 2805 ἡ
1264 2753 1332 2808 σή
1366 2751 1688 2815 καθοσίωσος,
1721 2754 1810 2806 καί
1848 2752 2042 2829 ἐτέροις

429 2835 668 2894 δεδόσθαι
709 2840 941 2904 ἐξουσίαν
981 2847 1086 2900 τοῖς
1115 2839 1437 2915 βουλομένοις
1461 2849 1549 2897 τοῦ
1571 2846 1920 2922 μετέρχεσθαι
1949 2852 2038 2906 τήν

429 2935 798 3007 παρατήρησιν
837 2935 924 2987 καὶ·
948 2931 1217 3008 θρησκείαν
1261 2935 1476 2992 ἑαυτῶν.
1515 2933 1640 3014 ὅπερ
1664 2940 1948 3001 ἀκολούθως
1974 2948 2040 3018 τῇ

429 3024 640 3099 ἁσυχία
668 3032 768 3080 τῶν
816 3027 1076 3102 ἡμετέρων
1124 3034 1311 3102 καιρῶν
1351 3031 1574 3102 τίνεσθαι
1616 3032 1822 3107 φανερόν
1859 3035 2033 3099 ἐστιν,

2144 1823 2216 1878 ad
2253 1833 2396 1880 tuam
2429 1826 2776 1883 Devotionem
2818 1829 2982 1885 missa
3019 1832 3466 1898 continebantur,
3508 1851 3630 1891 cum
3660 1837 3748 1891 illa

2145 1931 2265 1987 qua:
2293 1930 2516 1988 prorsus
2543 1919 2760 1976 sinistra
2784 1931 2836 1977 et
2863 1937 2892 1976 a
2920 1933 3102 1978 nostra
3134 1927 3542 1983 mansuetudine
3568 1927 3744 1986 aliena

2143 2023 2268 2065 esse
2303 2011 2624 2068 videbantur
2649 2045 2666 2079 ,
2708 2013 2930 2070 omnino
2972 2027 3354 2073 removeantur
3385 2037 3398 2075 :
3433 2030 3544 2076 tum
3582 2033 3644 2077 ut.
3667 2023 3750 2078 in-

2145 2111 2424 2171 posterum
2461 2105 2786 2175 quicumque
2809 2104 3168 2162 Christianam
3199 2111 3518 2180 religionem
3555 2114 3748 2170 obser-

2143 2195 2378 2251 vandam”
2416 2197 2517 2253 sibi
2547 2211 2668 2254 esse
2695 2207 2999 2256 statderunt
3020 2245 3036 2270 ,
3065 2213 3183 2258 eam
3213 2203 3384 2262 libere
3409 2215 3463 2262 et
3497 2217 3750 2266 constan-

2145 2295 2229 2342 ter
2271 2289 2478 2360 absque
2517 2290 2622 2344 ulla
2659 2292 2910 2348 molestia
2947 2305 3000 2350 et
3037 2287 3424 2366 impedimento
3455 2302 3746 2359 retineant.

2143 2380 2276 2447 Quae
2303 2381 2520 2454 quidem
2561 2383 2766 2440 idcirco
2802 2394 2910 2442 tuae
2947 2389 3182 2444 solertiae
3205 2391 3496 2460 judicanda
3530 2395 3748 2450 censui-

2142 2489 2265 2531 mus
2291 2517 2306 2542 ,
2349 2483 2410 2532 ut
2448 2477 2672 2533 liberam
2706 2487 2762 2534 et
2810 2481 3110 2537 absolutam
3153 2483 3424 2540 licentiam
3473 2485 3750 2560 religionis

2143 2583 2256 2624 suae
2286 2565 2530 2626 colenda:
2555 2561 2878 2640 Christianis
2906 2587 3218 2631 concessam
3251 2592 3280 2631 a
3313 2575 3468 2634 nobis
3505 2595 3626 2636 esse
3655 2597 3748 2635 co-

2141 2665 2392 2730 gnoscas.
2429 2661 2582 2730 Quod
2609 2665 2866 2734 quoniam
2891 2681 2920 2718 a
2953 2668 3108 2722 nobis
3143 2669 3460 2739 simpliciter
3497 2682 3552 2727 et
3581 2673 3744 2729 abso-

2143 2753 2254 2808 lute
2283 2755 2389 2810 illis
2417 2771 2732 2812 concessum
2765 2765 2880 2825 est,
2914 2761 3074 2814 simul
3101 2763 3266 2818 etiam
3293 2763 3413 2818 aliis
3441 2763 3744 2820 observan-

2143 2847 2274 2904 tiam
2305 2857 2360 2903 et
2399 2849 2602 2904 cultum
2644 2866 2804 2906 suum
2841 2854 3037 2910 sectari
3067 2855 3369 2910 volentibus
3391 2898 3406 2924 ,
3439 2856 3492 2912 id
3517 2859 3747 2914 Conces-

2142 2953 2260 2994 sum
2290 2955 2411 2995 esse
2459 2951 2547 2995 tua
2585 2941 2810 2998 Devotio
2851 2944 3116 3016 intelligit.
3149 2947 3300 3013 Quod
3323 2949 3575 3017 profecto
3606 2961 3746 3006 tem-

2143 3045 2334 3102 porum
2359 3043 2668 3088 nostrorum
2693 3037 3063 3106 tranquillitati
3085 3041 3380 3094 convenire
3401 3044 3742 3112 perspicuum

426 3115 572 3178 ὅπως
599 3113 833 3183 ἐξουσίαν
862 3109 1080 3179 ἕκαστος
1103 3115 1206 3193 ἔχῃ
1231 3127 1322 3176 τοῦ
1361 3121 1617 3195 αἱρεῖσθαι
1645 3127 1738 3178 καί
1756 3125 1990 3197 τημελεῖν
2018 3163 2038 3192 ,

2147 3133 2228 3177 est
2258 3141 2270 3174 :
2305 3134 2362 3178 ut
2393 3125 2679 3195 unicuique
2719 3125 2954 3182 liberum
2979 3129 3048 3184 sit
3084 3109 3480 3204 quanicumque
3515 3135 3746 3190 voluerit

428 3209 604 3264 ὁποῖον
633 3208 678 3264 δ’
703 3205 762 3264 ἂν
790 3211 1043 3282 βούληται
1068 3213 1212 3266 θεῖον.
1235 3219 1389 3269 τοῦτο
1418 3212 1473 3268 δὲ
1498 3214 1580 3287 ὑφ’
1614 3218 1754 3288 ἡμῶν
1793 3218 1994 3291 γέγονεν
2015 3259 2032 3284 ,

391 3339 402 3350 κ
427 3298 572 3362 ὅπως
595 3300 819 3374 μηδεμιᾶ
845 3313 966 3380 τιμῇ
993 3325 1064 3376 μη
1091 3303 1144 3359 δέ
1165 3307 1412 3382 θρησκείᾳ
1438 3311 1542 3362 τινί
1559 3313 1866 3382 μεμαῶσθαί
1879 3333 1930 3367 τι
1952 3311 2036 3385 ὑφ’

431 3393 572 3465 ἡμῶν
601 3393 788 3454 δοκοίη.
813 3397 901 3450 καί
928 3403 1079 3453 τοῦτο
1107 3395 1160 3453 δέ
1189 3400 1320 3474 πρός
1347 3407 1450 3462 τοῖς
1469 3401 1666 3463 λοιποῖς
1690 3405 1761 3464 εἰς
1785 3405 1846 3460 τὸ
1871 3405 2030 3480 προσ⁴

429 3499 566 3542 ωπον
598 3491 698 3543 τῶν
745 3496 1060 3564 χριστιανῶν
1103 3488 1484 3565 δογματίζομεν,
1540 3495 1620 3550 ἵνα
1667 3497 1788 3555 τοὺς
1840 3496 2038 3555 τόπους

430 3583 600 3637 αὐτῶν
647 3581 717 3641 εἰς
751 3579 840 3641 οὓς
868 3582 926 3636 τὸ
961 3583 1210 3659 πρότερον
1236 3586 1582 3662 συνέρχεσθαι
1603 3585 1714 3648 ἔθος
1737 3584 1795 3646 ἦν
1822 3589 1994 3649 αὐτοῖςί
2015 3629 2031 3654 ,

432 3673 556 3748 περί
599 3667 666 3726 ὧν
710 3674 798 3728 καὶ
834 3680 947 3734 τοῖς
987 3675 1228 3752 πρότερον
1255 3675 1447 3734 δοθεῖσι
1475 3679 1608 3754 πρὸς
1641 3683 1730 3739 τήν
1757 3685 1852 3740 σήν
1891 3683 2034 3736 καθο-

430 3765 616 3820 σίωσεν
635 3766 928 3836 γράμμασι,
957 3766 1122 3826 τύπος
1165 3769 1338 3843 ἕτερος
1373 3766 1430 3828 ἧν
1455 3772 1738 3848 ὡρισμένος
1781 3780 1856 3845 τῷ
1903 3793 2038 3848 προ-

433 3857 570 3930 τέρῳ
597 3855 792 3932 χρὸνῳ.
819 3854 882 3908 ‘t'v’
913 3847 1112 3917 εῗτινες
1138 3857 1170 3917 ἢ
1197 3861 1343 3933 παρὰ
1383 3867 1472 3915 τοῦ
1503 3865 1714 3934 ταμείου
1731 3869 1826 3919 τοῦ
1853 3865 2036 3936 ἡμετέ-

435 3967 548 4023 ρου,
578 3946 620 4005 ἦ
633 3948 776 4022 παρὰ
800 3959 934 4009 τινος
959 3947 1135 4024 ἐτέρου
1170 3953 1414 4024 φαίνοιντο
1439 3955 1746 4030 ἠγορακότες
1776 3957 1993 4018 τούτους
2017 3997 2032 4022 ,

433 4047 546 4100 τοῖς
571 4039 749 4100 αὐτοῖς
793 4048 1120 4112 χριστιανοῖς
1168 4038 1284 4097 ἄνευ
1332 4045 1580 4121 ἀργυρίου
1623 4051 1711 4102 καί
1751 4043 1864 4102 ἄνευ
1904 4050 2036 4110 τινὸς

433 4132 764 4192 ἀπαιτήσεως
787 4140 879 4191 τῆς
908 4141 1058 4203 τιμῆς
1101 4134 1482 4210 ύπερτεθείσης,
1531 4135 1662 4209 δίχα
1705 4141 1878 4202 πάσης
1910 4137 2037 4212 ἆμε-

434 4223 570 4284 λείας
600 4227 685 4278 καί
711 4224 1014 4298 ἀμφιϐολίας
1041 4227 1536 4288 ἀποκαταστήσωσι.
1569 4235 1656 4286 καί
1682 4227 1732 4284 εἴ
1744 4253 1876 4292 τινες
1903 4235 2037 4289 κατᾶ

437 4314 600 4392 δῶρον
627 4317 962 4389 τυγχάνωσιν
991 4317 1244 4392 εἰληφότες
1270 4323 1390 4384 τοὺς
1429 4323 1614 4384 αύτούς
1641 4324 1856 4390 τόπους,
1898 4321 2037 4390 ὅπως

440 4409 484 4461 εί
513 4416 622 4468 τοῖς
653 4409 831 4468 αὐτοῖς
865 4419 1196 4486 χριστιανοῖς
1238 4419 1328 4472 τήν
1373 4419 1638 4486 ταχίστην
1683 4418 2037 4478 ἀποκαταστή-

2143 3215 2355 3272 colendi
2401 3216 2644 3274 Numinis
2693 3222 2958 3276 rationem
2996 3225 3196 3294 eligere
3231 3235 3392 3296 atque
3431 3228 3742 3287 observare.

2142 3309 2316 3378 Atque
2340 3307 2398 3364 id
2424 3325 2456 3363 ε
2479 3313 2636 3367 nobis
2669 3327 2736 3368 eo
2767 3316 2964 3371 tactum
2991 3325 3102 3384 est,
3137 3327 3192 3372 ut
3222 3333 3288 3374 ne
3315 3321 3398 3375 cui
3420 3321 3608 3378 divi-no
3633 3323 3746 3378 cui-

2142 3401 2219 3456 tui
2249 3411 2408 3473 atque
2461 3405 2651 3461 honori
2697 3407 2990 3479 quidquam
3029 3411 3060 3465 :‘t
3099 3414 3254 3469 nobis
3281 3413 3592 3473 detractum
3625 3429 3749 3476 esse

2142 3492 2436 3548 videretur.
2465 3495 2576 3551 Hoc
2603 3508 2782 3554 autem
2812 3503 3042 3571 amplius
3070 3505 3124 3559 in
3153 3508 3380 3578 gratiam
3409 3507 3750 3567 Christiano»-

2143 3601 2262 3639 rum
2291 3585 2668 3656 decernimus,
2702 3600 2760 3646 ut
2785 3593 2902 3648 loca
2937 3595 3176 3665 ipsorum
3210 3603 3492 3672 inquibus
3517 3605 3749 3662 antehac

2141 3678 2435 3733 convenire
2461 3693 2880 3752 consueverant,
2905 3686 2978 3742 de-
2999 3689 3190 3760 quibus
3217 3695 3272 3746 in
3291 3693 3488 3750 litteris
3507 3698 3654 3768 prius
3679 3698 3746 3754 ad

2143 3767 2498 3826 Devotionem
2526 3782 2669 3828 tuam
2693 3773 2832 3831 datis
2851 3777 2952 3831 alia
2971 3789 3088 3836 erat
3113 3781 3281 3838 forma
3307 3767 3572 3856 superiori
3608 3799 3746 3846 tem-

2145 3875 2276 3930 pore
2302 3863 2594 3918 constituta
2614 3907 2630 3933 ,
2657 3866 2700 3920 si
2728 3867 2822 3936 qui
2849 3881 2946 3924 aut-
2981 3885 3012 3925 a
3049 3871 3190 3929 ﬁsco
3210 3883 3398 3931 nostro
3427 3887 3522 3934 aut
3547 3881 3618 3935 ab
3639 3882 3750 3937 alio

2141 3954 2393 4023 quopiam
2418 3961 2484 4010 ea
2512 3959 2710 4012 emisse
2731 3958 2830 4014 visi
2855 3958 3084 4031 fuerint,
3114 3965 3245 4036 ipsis
3273 3967 3596 4026 Christianis
3625 3971 3748 4027 abs-

2142 4060 2248 4113 que
2272 4045 2372 4098 ulla
2403 4049 2628 4115 pecunia
2651 4057 2706 4104 et
2725 4051 2842 4107 sine
2873 4055 3195 4123 repetitione
3225 4058 3330 4112 ulla
3358 4067 3521 4130 seper
3547 4061 3748 4133 adjecti

2145 4138 2332 4206 pretii,
2369 4139 2745 4198 incunctanter
2770 4161 2833 4200 ac
2877 4149 2993 4201 sine
3021 4149 3125 4204 ulla
3165 4151 3392 4224 ambage
3421 4156 3748 4226 restituant;

2143 4225 2198 4283 et
2226 4231 2274 4284 si‘
2300 4231 2390 4300 qui
2422 4231 2610 4288 eadem
2637 4233 2752 4290 loca
2782 4237 2922 4292 dono
2949 4245 3290 4312 acceperint,
3320 4257 3376 4301 ut
3405 4263 3466 4302 ea
3506 4251 3750 4322 protinus

2143 4319 2464 4378 Christianis
2491 4325 2736 4382 reddam.
2767 4327 2919 4402 Quod
2941 4332 2988 4385 si
3019 4335 3109 4403 qui
3138 4349 3202 4390 ea
3236 4335 3350 4392 loca
3381 4319 3629 4398 cmerun‘t
3659 4353 3752 4400 aut

2143 4411 2340 4466 donata
2368 4415 2690 4485 acceperunt
2709 4459 2723 4486 ,
2749 4419 2956 4492 aliquid
2978 4427 3008 4478 ε
3040 4435 3222 4482 nostra
3249 4429 3542 4488 clementia
3566 4445 3750 4503 petere

446 4523 610 4556 σωσιν
639 4495 822 4564 οὕτως,
853 4500 883 4560 ἦ
915 4503 960 4556 οί
984 4505 1286 4580 ἠγορακότες
1321 4509 1442 4567 τοὺς
1471 4510 1662 4571 αὐτούς
1695 4509 1910 4577 τόπους,
1940 4510 1970 4572 ἢ
1997 4511 2041 4568 οί

2151 4501 2338 4570 velint,
2367 4501 2406 4558 ii
2431 4505 2748 4564 Praefectum
2774 4551 2787 4579 ,
2817 4515 2906 4583 qui
2953 4515 3012 4569 iu-
3047 4517 3134 4571 illa
3179 4523 3458 4589 provincia
3483 4495 3578 4595 jus
3600 4527 3750 4599 dicit,

441 4597 570 4648 κατὰ
601 4591 794 4667 δωρεὰν
820 4587 1070 4668 εἰληφότες
1096 4599 1280 4654 αἰτῶσί
1299 4621 1349 4654 τι
1375 4604 1522 4674 παρὰ
1554 4612 1646 4666 τῆς
1670 4607 1922 4681 ἡμετέρας
1942 4629 2040 4662 κα-

435 4683 759 4760 λοκαγαθίας,
783 4689 1101 4764 προσέλθωσι
1120 4699 1194 4765 τῷ
1227 4693 1315 4747 ἐπὶ
1332 4692 1500 4748 τόπων
1526 4696 1747 4772 ἐπάρχῳ
1769 4697 2040 4766 δικάζοντι,

440 4773 581 4839 ὅπως
610 4781 698 4832 καὶ
737 4781 904 4834 αὐτῶν
932 4779 1020 4836 διὰ
1045 4791 1137 4844 τῆς
1163 4785 1416 4860 ἡμετέρας
1447 4789 1806 4864 χρηστότητος
1836 4791 2046 4868 πρόνοια

438 4869 664 4942 γένηται.
696 4868 844 4926 ἅτινα
871 4873 1040 4928 πάντα
1060 4871 1133 4948 τῷ
1164 4881 1410 4951 σωματίῳ
1435 4885 1533 4934 τῶν
1559 4891 1873 4956 χριστιανῶν
1917 4883 2042 4960 παρ’

442 4961 572 5016 αύτά
600 4959 684 5018 διὰ
713 4973 806 5024 τῆς
843 4973 939 5026 στῆς·
987 4965 1222 5030 σπουδῆς
1247 4965 1363 5024 ἄνευ
1385 4974 1521 5032 τινὸς
1547 4976 1799 5050 παρολκῆς
1818 4975 2042 5052 παραδί-

441 5050 620 5107 δοσθαι
653 5051 840 5120 δεήσει,
875 5058 960 5110 καί
1003 5055 1176 5118 ἐπειδή
1225 5059 1271 5113 οί
1316 5062 1458 5118 αὐτοὶ
1491 5070 1786 5136 χριστιανοί
1815 5069 1870 5121 ού
1898 5068 2048 5140 μόνον

442 5144 658 5206 ἐκείνους
687 5149 756 5206 εἰς·
786 5146 871 5208 οὓς
898 5150 1238 5226 συνέρχεσθαι
1257 5147 1364 5213 ἔθος
1389 5148 1557 5225 εἶχον,
1580 5157 1703 5212 ἀλλά
1731 5165 1818 5214 καὶ
1840 5161 2046 5237 ἐτέρους

441 5235 635 5296 τόπους
679 5233 957 5310 ἐσχηκέναι
994 5244 1344 5313 γινώσκονται,
1397 5241 1721 5322 διαφέροντας
1784 5253 1840 5304 ού
1911 5255 2044 5325 πρὸς

443 5329 658 5386 ἕκαστον
683 5333 864 5400 αὐτῶν,
883 5333 1008 5390 ἀλλὰ
1034 5335 1164 5410 πρὸς
1189 5338 1247 5393 τὸ
1275 5335 1460 5392 δίκαιον
1489 5345 1577 5394 τοῦ
1599 5343 1759 5396 αὐτῶν
1779 5347 2040 5416 σώματος,

441 5417 722 5478 τοῦτ’ἐστι
751 5431 850 5480 τῶν
889 5435 1219 5502 χριστιανῶν,
1263 5435 1436 5485 ταῦτα
1472 5431 1639 5487 πάντα
1679 5434 1764 5487 ἐπὶ
1803 5443 1876 5507 τῷ
1907 5438 2044 5511 νόμῳ

438 5509 491 5566 ὃν
513 5519 906 5590 προειρήκαμεν,
941 5515 1072 5590 δίχα
1106 5519 1383 5582 παντελοῦς
1427 5542 1562 5583 τινος
1611 5523 2045 5598 ἀμφισϐητήσεως

439 5613 551 5666 τοῖς
594 5609 767 5670 αὐτοῖς
810 5619 1166 5684 χριστιανοῖς,
1209 5613 1350 5667 τοῦτ’
1391 5606 1503 5670 ἔστι
1538 5623 1611 5689 τῷ
1653 5619 1855 5688 σώματι
1882 5622 2048 5678 αὐτῶν

439 5702 525 5754 καί
567 5707 628 5770 τῇ
663 5699 857 5772 συνόδῳ
888 5701 1088 5774 ἑκάστῳ
1115 5704 1276 5760 αὐτῶν
1311 5706 1731 5767 ἀποκαταστῆναι
1758 5711 2036 5776 κελεύσεις.

2155 4597 2383 4665 adeant,
2415 4609 2523 4654 uta
2550 4601 2742 4659 Nostra
2771 4607 3074 4666 Serenita-tc
3107 4614 3246 4669 ratio
3283 4615 3523 4686 ipsorum
3554 4597 3755 4680 habea-

2155 4701 2261 4747 tur.
2294 4693 2462 4761 Quem
2492 4697 2708 4766 quidem
2738 4702 2918 4757 omnia
2947 4707 3188 4773 protinus
3218 4711 3338 4766 sine
3369 4713 3471 4768 ulla
3497 4715 3766 4775 dilatione

2153 4787 2368 4854 corpori
2393 4785 2824 4846 Christianorum
2863 4797 3072 4852 restitui
3117 4809 3204 4855 tua
3231 4815 3356 4858 cura
3390 4817 3454 4860 ac
3478 4807 3760 4879 diligentia‘

2154 4881 2441 4948 oportebit.
2472 4881 2540 4938 Et
2565 4887 2818 4954 quoniam
2846 4887 3010 4944 iidem
3032 4891 3322 4952 Clrirstiani
3353 4905 3457 4954 non
3487 4901 3668 4958 solum”
3691 4909 3764 4960 ea

2153 4971 2269 5028 loca
2325 4973 2377 5027 in
2422 4975 2618 5044 quibus
2652 4982 2941 5038 convenire
2990 4987 3235 5043 solebant
3261 5031 3274 5057 ,
3321 4993 3418 5047 sed
3447 4997 3608 5051 etiam
3648 4999 3762 5054 alia'

2155 5065 2462 5132 possedisse
2493 5081 2788 5126 noscuntur
2809 5115 2823 5138 ,
2853 5087 2971 5144 qua:
2993 5089 3100 5132 non
3133 5081 3379 5150 privatim
3413 5086 3480 5143 ad
3510 5089 3760 5160 singulos

2154 5157 2392 5225 ipsorum
2419 5201 2434 5225 ,
2469 5161 2562 5216 sed
2603 5162 2676 5218 ad'
2704 5163 2795 5234 jus
2823 5172 3065 5238 corporis
3101 5175 3465 5247 pertinerent,
3497 5157 3621 5238 haec
3637 5189 3754 5239 om-

2154 5251 2262 5316 nia,
2295 5261 2416 5320 post
2442 5253 2613 5323 legem
2639 5271 2668 5310 a
2699 5259 2853 5314 nobis
2883 5273 3268 5336 memoratam,-
3294 5271 3624 5341 absque'ulla
3654 5269 3755 5332 d'u-

2153 5345 2412 5401 bitatione
2454 5349 2643 5406 iisdem
2677 5349 3026 5423 Christianis,
3062 5359 3161 5414 hoc
3186 5371 3270 5416 εει
3291 5365 3514 5422 cuilibet
3539 5355 3760 5442 corpori

2154 5447 2208 5493 et
2233 5444 2609 5500 conventiculo
2637 5446 2884 5516 ipsorum‘
2917 5449 3132 5508 restitui
3164 5453 3378 5525 jubebis
3405 5479 3417 5514 :
3445 5463 3760 5533 supradicta

2153 5531 2364 5589 scilicet
2387 5537 2595 5594 ratione
2631 5547 2873 5610 servata,
2907 5553 2959 5598 ut
2985 5546 3072 5614 qui
3105 5561 3166 5601 ea
3196 5549 3309 5606 loca
3337 5531 3540 5624 absque
3570 5553 3752 5611 redhi-

2157 5625 2360 5682 bitione
2392 5629 2568 5697 pretii,
2605 5631 2750 5686 sicut
2774 5623 2972 5694 dictum
3000 5645 3083 5692 est
3104 5681 3117 5706 ,
3147 5623 3516 5712 restituerint,
3547 5639 3756 5704 indum;

2155 5715 2375 5774 nitatcm
2401 5727 2560 5777 suam
2584 5729 2613 5776 a‘
2643 5731 2825 5784 nostra
2865 5725 3196 5802 benignitate
3221 5743 3554 5807 exspectent.
3577 5741 3760 5812 Atque
