4142 6178
461 273 563 345 ut

1744 242 2200 308 CONSTAN'I'INI
2239 241 2455 302 MAGNI

3656 234 3762 292 “2

454 381 778 458 pervideris,
811 379 897 437 vel
927 390 1154 450 quorum
1183 373 1428 431 hteredes
1455 368 1744 428 incolumia
1770 369 2004 425 retinent
2025 375 2051 404 α
2083 371 2128 429 Α
2160 371 2308 419 rant“
2351 348 2610 417 debitoris
2634 401 2648 425 ,
2688 371 2808 413 cum
2849 354 3129 428 pecuniam
3164 352 3245 411 rei
3292 350 3550 425 publicaeb
3579 365 3762 408 sumc-

460 478 805 550 patrimonia,
858 479 1033 527 sortes
1090 464 1442 524 Kalendariib
1496 476 1847 535 perseverare
1898 460 2062 514 debe-

463 574 620 636 bunt,
674 569 745 623 ita
795 575 974 621 tamen
1017 572 1075 618 ut
1117 576 1322 618 annuas
1370 572 1560 614 usuras
1598 557 1711 611 suis
1763 553 2063 625 quibusque

465 661 803 734 temporibus
829 658 1132 725 exsolvant,
1164 671 1287 711 cum
1315 654 1472 709 simul
1505 662 1559 708 et
1579 651 1656 707 rei
1680 650 1906 722 publicm
1934 647 2065 703 utile

465 758 556 824 sit,
601 754 834 811 retinere
865 752 1087 806 idoneos
1116 747 1388 803 debitores
1430 755 1487 801 et
1526 745 1622 815 ipsi
1664 739 2063 807 commodumc,

466 846 741 904 cumulum
773 843 938 899 debiti
970 841 1191 896 minime
1222 837 1433 901 nutriri.
1468 836 1496 909 §
1523 836 1574 890 1.
1604 832 1712 890 Etd
1750 834 1875 905 quia
1915 831 2066 886 nefas

470 949 576 1008 est,
606 936 855 995 obnoxiis
880 934 1195 1007 corporibus
1236 930 1483 985 alienatis
1527 924 1897 983 circumscribi
1937 922 2067 977 civi-

469 1041 630 1098 tates,
677 1030 899 1102 placuit,
941 1028 985 1083 si
1029 1027 1158 1097 quis
1200 1022 1413 1080 debitor
1461 1021 1539 1077 rei
1580 1017 1803 1090 publica:
1839 1015 2068 1072 civitatis

469 1125 743 1198 quidpiam
769 1137 837 1177 ex
862 1135 929 1176 eo
950 1115 1296 1189 patrimonio,
1328 1112 1472 1186 quod
1502 1110 1707 1175 habuit,
1736 1125 1859 1164 cum
1901 1122 2068 1179 pecu-

470 1219 619 1274 niam
647 1216 725 1272 rei
756 1214 980 1284 publicre
1006 1219 1267 1276 sumeret,
1291 1205 1593 1269 donaverit,
1622 1205 1707 1260 vel
1736 1200 2064 1269 distraxerit,

471 1310 559 1367 vel
587 1308 825 1379 qualibet
853 1305 908 1360 in
937 1305 1100 1359 alium
1123 1302 1334 1358 ratione
1370 1298 1680 1363 contulerit,
1707 1295 1966 1367 qualitate
1989 1294 2071 1351 rei

471 1398 755 1460 alienataef
786 1403 1270 1471 perspecta,atque
1289 1392 1536 1449 omnibus
1567 1388 1822 1446 debitoris
1849 1385 2074 1443 faculta-

471 1496 617 1552 tibus
641 1491 1016 1556 consideratis,
1057 1501 1192 1560 quas
1225 1483 1434 1551 habuit,
1459 1498 1581 1539 cum
1621 1481 1672 1537 ei
1703 1480 1927 1551 pecunia
1955 1493 2074 1534 cre-

472 1589 761 1652 dereturs,
797 1599 897 1656 pro
924 1592 1039 1639 rata
1067 1583 1136 1638 ab
1165 1594 1250 1645 eo,
1281 1577 1375 1651 qui
1403 1593 1471 1633 ex
1513 1575 1774 1631 debitoris
1798 1571 2074 1628 facultati-

470 1680 577 1736 bus
602 1676 807 1748 aliquid
827 1675 1054 1741 detinet,
1080 1689 1150 1729 ex
1175 1681 1324 1728 sorte
1343 1668 1373 1707 ιι
1395 1679 1556 1739 atque
1582 1667 1762 1722 usuris
1788 1663 2071 1736 postulari.

2164 464 2267 521 ret,
2299 463 2355 507 ut
2387 467 2481 522 pro
2509 460 2623 506 rata
2652 447 2921 519 corporis.
2953 462 3060 517 quo
3089 462 3152 501 ex
3186 445 3434 516 largitate
3461 454 3641 499 nostra
3671 459 3761 497 re-

2164 545 2358 611 tinent,
2388 551 2782 612 competentem
2829 539 2994 595 sortis
3036 546 3197 608 atque
3225 551 3511 591 usurarum
3558 546 3761 605 partem

2166 639 2470 709 exigantur.
2499 635 2528 708 §
2558 637 2610 691 5.
2646 634 2798 702 Quod
2829 633 2872 688 si
2898 632 3021 704 quis
3050 630 3299 685 debitorc
3328 645 3434 684 non
3458 642 3768 698 comparue-

2167 728 2288 798 ritd,
2312 731 2396 785 vel
2420 736 2570 784 certe
2594 729 2665 783 ita
2688 725 2869 783 omnia
2899 740 2995 780 sua
3023 733 3046 762 θ
3078 720 3496 792 consumpserit,
3524 729 3583 775 ut
3608 735 3766 776 nemo

2167 825 2398 894 aliquam
2427 838 2540 878 rem
2573 838 2637 877 ex
2668 821 2785 892 ejus
2818 819 2976 875 bonis
3006 817 3298 889 possideat,
3323 815 3374 870 id
3397 812 3638 887 quoquef
3669 813 3768 869 de-

2168 915 2336 972 bitum
2363 913 2614 970 convenit
2633 913 2700 968 ad
2722 911 3059 984 dispendium
3086 910 3166 965 rei
3194 907 3450 980 publicat-6
3474 906 3766 978 pertinere.

2173 1008 2403 1080 Ideoque
2440 1007 2680 1078 periculo
2720 1004 2986 1062 curatoris
3034 1000 3377 1059 Kalendariill
3405 1011 3460 1058 et
3490 999 3773 1071 magistra-

2171 1111 2317 1156 tuum
2348 1109 2403 1155 et
2426 1108 2729 1155 creatorum
2756 1096 2894 1168 apud
2925 1094 3182 1152 idoneosi
3216 1093 3302 1150 vel
3331 1093 3580 1149 dominos
3607 1090 3776 1148 rusti-

2170 1207 2355 1248 corum
2400 1190 2724 1260 prtediorum
2772 1188 2998 1261 pecunia
3041 1188 3352 1246 collocanda
3380 1195 3485 1244 est.
3517 1186 3635 1242 PP.
3677 1185 3771 1254 Ill,

2173 1282 2302 1340 Kal.
2331 1282 2489 1338 Febr.
2533 1279 2832 1338 Valusianai
2877 1288 2924 1335 et
2951 1280 3188 1335 Anniana
3217 1295 3350 1335 coss.
3378 1276 3552 1351 (314).

2730 1413 2801 1454 DE
2827 1408 3214 1453 DILATIONJBUS.‘

2148 1540 2155 1549 κ
2245 1515 2388 1588 Imp.
2407 1512 2774 1572 Constantinus
2788 1514 2852 1569 A.
2870 1512 2940 1567 ad
2958 1511 3148 1569 Ursum
3158 1509 3473 1567 Vicarium".
3489 1510 3546 1567 Si
3564 1510 3777 1582 quando

2175 1608 2297 1678 quis
2319 1606 2640 1677 rescriptum
2670 1606 2738 1663 ad
2764 1603 3252 1662 extraordinarium
3274 1603 3510 1675 judicem
3535 1612 3779 1675 reporta-

2177 1700 2347 1767 verit,
2379 1700 2568 1758 dilatio
2593 1701 2642 1757 ei
2672 1701 2888 1773 penitus
2914 1699 3225 1771 deneganda
3264 1696 3285 1736 1
3320 1706 3426 1754 est.
3454 1697 3535 1753 llli
3564 1706 3740 1754 autem
3761 1739 3777 1764 ,

468 1771 660 1864 nam?"
706 1769 916 1864 (Ψοιίθδ
966 1767 1144 1864 minus
1189 1764 1455 1864 idoneam.
1490 1756 2073 1864 d‘il”?h°'fd§_‘“ﬁel}§s
2100 1762 2150 1825 B
2177 1793 2267 1864 qui
2295 1756 2351 1847 in
2403 1756 2954 1863 judicium‘vocatur,
3003 1756 3178 1846 danda
3218 1799 3301 1846 est
3345 1789 3414 1845 ad
3460 1756 3779 1860 probanda“;

471 1862 858 1936 patrimonium
880 1900 897 1928 ,
939 1859 1094 1929 cujus
1124 1871 1322 1913 nomen
1360 1852 1683 1909 Kalendario
1712 1849 1945 1907 civitatis
1974 1848 2068 1903 ali-

473 1956 633 2027 cujus
674 1950 988 2010 invenituri
1034 1949 1325 2006 obnoxium
1350 1989 1366 2016 ,
1402 1947 1569 2018 judex
1606 1943 1755 1999 omni
1783 1941 2073 2014 diligentiae

472 2047 857 2109 sollicitudinei
898 2043 1119 2102 debebit
1138 2042 1436 2115 inquirere,
1481 2039 1547 2096 ad
1579 2030 1714 2110 quos
1741 2053 1806 2093 ex
1838 2035 2079 2108 qualibet

473 2142 789 2201 conditione
833 2138 1144 2197 transierint
1190 2131 1500 2191 debitorisli
1544 2131 1850 2196 facultates,
1881 2136 1938 2184 ut
1966 2128 2079 2183 sin-

472 2234 589 2308 guli
626 2246 782 2304 aequa
819 2227 1175 2287 aestimatione
1217 2227 1397 2283 habita
1433 2239 1531 2295 pro
1569 2233 1683 2279 rata
1722 2237 1904 2277 rerum
1947 2234 2080 2291 quas

473 2327 776 2402 possident,
792 2322 1202 2387 conveniantur,
1215 2317 1555 2391 personalem
1576 2314 1589 2353 ι
1614 2315 1878 2371 actionem
1893 2322 2080 2368 contra

474 2435 602 2477 eum
631 2414 864 2473 habituri
884 2414 1210 2478 debitorem,
1238 2410 1331 2481 qui
1358 2409 1490 2482 ipsis
1519 2406 1854 2463 solventibus
1881 2404 2083 2461 libera-

473 2522 606 2578 tur;
639 2509 707 2564 ab
731 2523 799 2564 eo
826 2515 1007 2562 autem
1052 2520 1085 2559 a
1108 2520 1216 2575 quo
1251 2510 1464 2559 constat
1490 2500 1826 2556 fortunarum
1862 2510 2081 2552 suarum

473 2611 687 2677 partem
718 2598 1004 2655 maximam
1035 2595 1350 2660 recessisse,
1381 2594 1544 2651 etiam
1573 2592 1836 2663 reliquam
1876 2588 2084 2663 portio-

475 2711 629 2759 nem,
649 2709 769 2761 quae
794 2690 934 2763 apud
960 2705 1083 2746 eum
1111 2687 1397 2754 resederit,
1429 2683 1711 2741 transferri
1741 2683 1807 2739 ad
1834 2683 2084 2737 idoneum

479 2784 772 2859 oportebit.
803 2783 910 2855 §2.
940 2781 1092 2851 Quod
1120 2780 1167 2834 si
1193 2777 1506 2851 quispiamm
1519 2776 1730 2832 debitor
1756 2775 1833 2830 rei
1863 2772 2088 2844 publica:

482 2876 715 2937 civitatis
742 2876 872 2932 fisco
894 2886 1080 2930 nostro
1106 2874 1281 2928 locum
1313 2870 1522 2935 fecerit,
1552 2879 1825 2940 emptores
1846 2865 2087 2937 quidem,

482 2970 583 3044 qui
609 2986 675 3027 ex
708 2969 839 3026 fisco
881 2966 1099 3023 nostra"
1127 2962 1585 3035 comparaverint,
1626 2959 1972 3016 manifestum
2009 2966 2092 3014 est

483 3061 784 3121 secundum
809 3060 899 3130 jus
940 3065 1094 3114 vetus
1137 3065 1195 3112 et
1234 3054 1498 3126 rescripta
1526 3052 1804 3109 divorum°
1834 3048 2095 3107 constitu-

484 3155 773 3227 tionesque
824 3160 1038 3209 nostras
1095 3150 1296 3207 nullam
1336 3150 1539 3205 debere
1584 3147 1887 3204 molestiam
1931 3145 2165 3208 susti-C

488 3262 624 3304 nere
640 3257 690 3309 Ρ,
722 3260 844 3302 cum
895 3243 1054 3313 hujus
1092 3241 1243 3298 modi
1286 3240 1502 3297 casibus
1528 3254 1638 3296 rem
1681 3237 1950 3309 publicam
1980 3237 2095 3308 plao

495 3339 673 3397 cuerit
699 3337 922 3394 fortuita
949 3335 1232 3407 dispendia
1263 3333 1569 3399 sustinere;
1609 3332 1699 3404 qui
1737 3345 1869 3387 vero
1898 3329 2098 3401 aliquid

492 3449 564 3490 ex
585 3431 825 3500 ejusdem
848 3429 1004 3485 bonis
1027 3427 1305 3499 principali
1335 3424 1655 3481 liberalitate
1680 3422 1879 3478 fuerint
1902 3436 2099 3477 conse-

496 3522 612 3579 cuti
643 3522 794 3593 juxta
835 3521 1009 3592 legem
1052 3519 1213 3573 latam
1261 3515 1479 3574 obnoxii
1525 3522 1686 3571 erunt
1726 3512 1806 3569 rei
1853 3513 2098 3582 publicat,

497 3612 686 3670 habita
711 3611 1003 3668 solidarum
1030 3610 1338 3666 facultatum
1375 3606 1811 3663 consideratione
1835 3620 1957 3677 quae
1986 3603 2104 3661 fue-

575 3819 603 3847 ⁸
641 3808 716 3865 Ita
757 3806 790 3863 ι
824 3807 959 3864 Cod.
987 3807 1123 3862 Just.
1156 3806 1292 3861 Edd.
1324 3806 1563 3872 retinere,
1595 3819 1674 3859 sc.
1720 3802 2017 3873 pervideris.
2045 3802 2103 3857 In

498 3881 623 3939 θοὰ.
652 3879 688 3934 4
714 3896 764 3933 v.
794 3880 1008 3933 retinent
1038 3879 1181 3932 clare
1214 3875 1556 3942 discernitur,
1588 3875 1683 3932 sed
1715 3877 1830 3932 fere
1850 3874 2103 3941 evanuit;

508 3960 787 4017 corrector
810 3952 974 4006 rubro
994 3949 1174 4004 colore
1195 3946 1514 4017 superduxit
1536 3949 1770 4011 retinere,
1798 3950 1958 4002 male.

577 4022 605 4061 ι’
644 4022 777 4077 Cod.
801 4021 940 4077 Just.
968 4020 1281 4091 reipublicae.

535 4167 549 4179 .
580 4105 603 4133 ε
811 4091 958 4181 Just.
1000 4087 1125 4179 ipsis
1168 4091 1235 4145 sit
1280 4088 1623 4145 commodum.
1667 4087 1792 4146 Go.:
1829 4106 1849 4140 ι
1884 4087 2108 4146 Scilicet

503 4175 592 4231 sit,
619 4175 722 4221 ἀπὸ
743 4175 837 4222 τοῦ
866 4175 1054 4219 κοινοῦ.
1092 4180 1112 4215 s

576 4235 605 4275 ά
646 4237 761 4291 Fol.
791 4237 930 4292 286al
958 4234 1081 4291 cod.
1108 4234 1163 4290 4.
1193 4232 1379 4289 Rubro
1402 4230 1506 4288 col.
1549 4230 1604 4286 in
1634 4228 1758 4287 θοὰ.
1800 4229 1837 4286 4
1877 4244 1985 4286 em.
2017 4246 2109 4285 nec

515 4308 619 4417 me.
645 4377 776 4435 Cod.
802 4378 939 4434 Just.
962 4377 1006 4432 si
1030 4376 1163 4446 quis.
1187 4374 1474 4433 Go.-Ri'.
1501 4374 1696 4430 debitor
1718 4371 2032 4446 Republicte.

585 4448 605 4489 ί
646 4451 682 4506 4
720 4449 961 4516 alienate,
991 4463 1022 4503 a
1043 4443 1179 4504 ’libr.
1216 4463 1359 4503 corr.
1389 4446 1642 4502 alienatae.
1674 4443 1867 4515 CujJ,
1896 4444 1952 4498 2‘
1981 4443 2111 4499 alie-

514 4538 660 4579 nare.

583 4604 609 4641 Β
650 4594 683 4651 4
711 4593 1077 4659 credideretur,
1094 4591 1261 4648 rubro
1289 4589 1395 4646 col.
1425 4604 1531 4646 em.
1558 4588 1870 4645 crederetur.

580 4663 609 4702 ιι
646 4668 681 4721 4
720 4665 941 4721 detinent
988 4678 1052 4718 ea:
1096 4673 1236 4730 arte,
1278 4660 1445 4718 rubro
1484 4660 1590 4716 col.
1633 4675 1778 4716 corr.
1813 4659 2001 4715 detinet
2052 4675 2116 4715 ea:

513 4745 668 4794 sorte.

2176 1901 2397 1957 precum
2430 1885 2709 1941 mendacia
2731 1886 2816 1941 vel
2850 1883 3171 1956 proferenda
3201 1884 3380 1955 aliqua
3422 1884 3780 1939 instrumenta

2174 1979 2262 2035 vel
2294 1987 2491 2044 testes,
2523 1979 2776 2049 quoniam
2806 1978 3100 2032 instructus
3143 1992 3263 2033 esse
3291 1992 3398 2032 non
3451 1978 3622 2048 potuit
3643 2018 3657 2043 ,
3688 1976 3781 2046 qui

2178 2080 2376 2142 praeter
2398 2085 2549 2141 spem
2577 2069 2643 2124 ad
2681 2069 2919 2126 alienum
2958 2069 3196 2139 judicem
3219 2078 3245 2105 ιι
3281 2069 3532 2124 trahitur.
3559 2068 3683 2124 Dat.
3715 2069 3781 2126 11.

2181 2160 2327 2217 Non.
2359 2161 2520 2217 Mart.
2550 2161 2832 2217 Volusiano
2856 2170 2880 2198 ο
2916 2170 2962 2216 et
2991 2160 3232 2216 Anniana
3260 2157 3406 2217 Cass.
3436 2158 3608 2234 (5H).

2254 2254 2718 2310 INTERPRETATIO.
2770 2253 2985 2320 Quando
3033 2254 3096 2308 ab
3125 2254 3295 2324 aliqua
3343 2254 3575 2324 principe
3603 2264 3631 2304 P
3659 2269 3791 2323 prat-

2183 2348 2348 2420 ceptia
2372 2348 2528 2417 fuerit
2554 2355 2759 2415 sperata
2784 2387 2798 2410 ,
2832 2354 2885 2399 ut
2919 2345 2988 2400 ad
3027 2346 3190 2400 alium
3213 2345 3476 2420 judicent,
3519 2362 3677 2416 quam
3705 2344 3791 2400 cui

2183 2440 2491 2494 commissus
2517 2448 2628 2505 est,
2674 2437 3027 2492 adversarium
3070 2453 3225 2492 suum
3251 2414 3514 2510 pertraltat
3565 2438 3785 2494 audien-

2186 2531 2350 2595 dum,
2382 2531 2512 2584 sicut
2537 2530 2625 2584 ille
2684 2531 2773 2601 qui
2804 2534 2990 2601 petitor
3017 2539 3121 2598 est,
3168 2531 3403 2585 inducias
3454 2531 3499 2586 si
3547 2532 3782 2604 petierit,

2189 2624 2421 2694 accipere
2443 2640 2546 2678 nan
2572 2622 2717 2678 debet
2748 2634 2797 2689 (ι,
2823 2624 2897 2678 ita
2920 2623 3038 2692 illi,
3070 2624 3158 2694 qui
3177 2624 3246 2678 ad
3276 2624 3538 2699 judicium
3578 2625 3798 2680 adduci-

2191 2723 2295 2781 tur,
2327 2714 2509 2768 dilatio
2539 2716 2696 2783 petita
2726 2726 2747 2753 τ
2789 2732 2891 2770 nan
2934 2724 3166 2788 negetur,
3216 2727 3272 2771 ut
3318 2716 3526 2789 facilius
3576 2727 3666 2772 aut
3709 2734 3799 2789 per

2191 2807 2502 2878 scripturam
2532 2819 2622 2861 aut
2651 2824 2741 2880 per
2785 2818 2934 2864 testes
2961 2808 3177 2879 probare
3204 2810 3366 2864 valeat
3385 2852 3401 2877 ,
3443 2811 3591 2866 illum
3627 2829 3660 2865 α
3699 2827 3800 2882 quo

2193 2900 2428 2970 pulsatus
2465 2909 2539 2954 est
2565 2940 2581 2966 ,
2612 2900 2749 2970 falsa
2769 2901 3144 2972 supplicatione
3165 2904 3409 2958 meruisse
3425 2944 3441 2971 ,
3466 2903 3606 2969 quad
3632 2904 3795 2975 petiit.

2702 3033 2770 3072 ne
2813 3031 3189 3073 mvrcuunus
3224 3016 3299 3073 ίε.

2271 3107 2407 3180 Imp.
2435 3109 2800 3165 Constantinus
2833 3110 2852 3147 ι
2892 3109 2952 3164 Α.
2997 3110 3066 3164 ad
3111 3108 3522 3167 Valusiauum...
3561 3118 3592 3148 ιι
3616 3109 3674 3168 Si
3705 3126 3803 3167 na-

2272 3264 2298 3292 η
2338 3257 2392 3323 4,
2425 3256 2527 3311 Til.
2549 3286 2624 3297 —
2646 3254 2764 3311 Ri".
2799 3254 2990 3326 fuerat,
3014 3255 3173 3312 male.
3209 3255 3374 3312 ltecte
3403 3254 3500 3313 Be.
3532 3271 3651 3329 rep.
3691 3260 3806 3329 [ue-

2194 3337 2383 3481 Υωίξιέ
2400 3398 2621 3481 publice,
2648 3398 2811 3455 rubro
2840 3397 2948 3453 col.
2977 3413 3084 3454 em.
3120 3398 3358 3469 publicat.

2280 3479 2302 3507 ε
2343 3470 2444 3526 Go.
2474 3470 2724 3525 debitores
2750 3486 2859 3525 err.

2275 3536 2302 3575 ἀ
2342 3541 2417 3596 lta
2460 3543 2514 3606 4,
2555 3538 2661 3596 Til.
2702 3542 2798 3596 Bc.
2827 3540 2962 3596 Cod.
2993 3540 3158 3604 Just.,
3189 3552 3356 3598 recte.
3389 3540 3510 3611 Cuj.
3547 3541 3800 3597 l—Ri‘.

2204 3614 2580 3685 cattparaaeijt,
2611 3612 2813 3685 inepte,
2842 3623 2896 3667 et
2920 3612 3078 3668 Rein.
3113 3611 3218 3670 Go.
3245 3628 3354 3669 em.
3381 3614 3728 3685 cauparuerit.

2282 3693 2305 3720 ο
2348 3684 2479 3738 Cod.
2504 3682 2641 3739 Just.
2667 3684 2841 3738 omnia
2867 3700 2963 3737 sua
2990 3686 3084 3738 ita.

2285 3753 2304 3792 τ’
2347 3752 2480 3809 Cod.
2511 3755 2650 3809 Just.
2681 3770 2790 3810 om.
2822 3771 3039 3826 quoque.

2281 3834 2306 3872 8
2348 3830 2381 3880 4
2420 3826 2639 3893 publice.

2284 3894 2312 3932 ¹ι
2348 3897 2383 3952 4
2421 3895 2707 3962 kalendari,
2731 3896 2896 3952 rubro
2918 3896 3023 3953 col.
3050 3912 3158 3953 em.
3190 3898 3500 3955 kalendarii.

2290 3965 2306 4004 ί
2340 3967 2484 4042 ,ϐοὰ
2515 3967 2654 4023 Just.
2687 3977 2843 4024 mutt.
2870 3984 2959 4023 vv.
2988 3968 3217 4041 Ideoque
3253 3988 3379 4026 cura
3406 3970 3567 4042 patris
3592 3969 3811 4027 civitatis

2211 4041 2350 4109 apud
2375 4039 2606 4093 idoneas.

2287 4110 2301 4161 i
2352 4111 2445 4165 Be.
2472 4109 2597 4164 addi
2624 4109 2756 4164 vult.
2788 4109 2854 4164 ll.
2878 4110 3168 4167 (ἔα-ΒΥ.
3195 4112 3414 4167 Aniano.

2281 4179 2308 4220 ¹ί
2345 4182 2409 4237 15
2466 4178 2602 4236 Ursa
2656 4180 2880 4235 Vicaria.
2936 4182 3006 4237 27
3060 4184 3129 4236 ad
3166 4184 3431 4238 adversum
3479 4183 3574 4239 sic.
3630 4182 3734 4242 Go.
3757 4184 3814 4240 in

2214 4268 2412 4339 cptum.
2442 4253 2630 4339 reponi
2646 4254 2844 4339 vultqd
2874 4252 3076 4339 Verani
3094 4253 3189 4337 Vi.
3204 4254 3438 4339 Clarium
3453 4254 3663 4339 (Virum
3687 4255 3820 4311 Cla-

2213 4322 2546 4393 rissimum),
2573 4331 2667 4378 aut
2692 4325 2760 4377 ad
2788 4322 2980 4378 Verum
3011 4323 3278 4380 Vicarium
3301 4368 3316 4394 ,
3361 4327 3413 4381 in
3462 4322 3605 4381 notis
3632 4334 3814 4383 autem

2219 4397 2305 4451 Vi.
2330 4393 2680 4466 Clarum._i.e.
2707 4394 2893 4450 Virum
2904 4394 3298 4466 Clarissimum,
3316 4413 3366 4452 e.
3381 4399 3505 4453 etin
3518 4396 3721 4452 Chron.
3745 4397 3819 4453 ad

2214 4483 2267 4522 a.
2301 4464 2406 4538 3,1,4
2443 4464 2509 4518 V.
2548 4462 2607 4519 C.
2634 4505 2648 4530 ,
2693 4472 2889 4538 putans
2946 4475 3166 4538 propter
3210 4462 3298 4538 ep.
3354 4467 3699 4524 Constantini
3746 4467 3819 4524 ad

2131 4534 2186 4596 D
2210 4535 2538 4605 Ceciliauum
2569 4550 2655 4605 ap.
2692 4534 2982 4594 Eusebium
3006 4534 3058 4593 Χ
3080 4579 3095 4605 ,
3125 4539 3178 4604 6,
3222 4534 3370 4596 liuuc
3416 4538 3616 4596 Ursum
3648 4540 3820 4596 ratio-

2217 4609 2393 4666 nalem
2421 4604 2616 4661 Africae
2641 4606 2829 4663 fuisse.

2294 4678 2313 4719 1
2352 4678 2418 4750 15
2445 4679 2699 4750 neganda.

2289 4761 2330 4789 ιη
2359 4748 2663 4806 (Ιοὰξιιιιει.
2710 4750 3066 4817 improbanda,
3114 4766 3321 4810 errore.
3350 4751 3436 4809 Cf.
3486 4752 3736 4812 Gebauer
3762 4761 3825 4810 et

590 4806 605 4846 ί
650 4807 785 4888 God.
826 4806 968 4863 Just.
1014 4807 1162 4879 cujus
1206 4820 1389 4861 nomen
1430 4803 1622 4858 civitati
1660 4802 1820 4858 alicui
1861 4802 2083 4857 inuenitu

2218 4802 2453 4879 partes.
2474 4802 2512 4875 ἱ.
2530 4802 2670 4888 eis;
2694 4802 2759 4876 st
2768 4802 2820 4876 ἤ.

519 4880 817 4938 obnoxium.

593 4957 607 5003 t
645 4949 779 5006 Cod.
822 4947 959 5004 Just.
982 4946 1151 5019 judea:
1185 4946 1322 5001 omni
1363 4945 1629 5018 diligentia
1667 4953 1714 4999 et
1740 4943 2112 4999 sollicitudine.

513 5025 619 5082 ϐο.
643 5021 729 5077 Ri.
755 5020 1051 5090 iniquirere.

586 5093 614 5132 ιι
652 5093 688 5147 4
731 5086 985 5145 transierit
1021 5088 1294 5152 debitores,
1333 5087 1503 5144 rubro
1536 5086 1640 5144 col.
1676 5100 1791 5158 rep.
1820 5087 2118 5142 transierint

516 5163 782 5222 debitoris.

593 5234 613 5275 ι
658 5234 761 5290 Go.
791 5230 1134 5301 parsonalem,
1164 5230 1443 5288 mendose.

593 5337 636 5364 ιιι
671 5325 793 5381 Fol.
817 5322 956 5380 286b
979 5322 1098 5380 cad.
1128 5323 1183 5379 4.

589 5431 619 5458 η
658 5419 795 5475 Cod.
826 5419 965 5475 Just.
998 5429 1247 5489 emptores
1275 5420 1361 5490 qui
1386 5437 1418 5474 a
1443 5419 1570 5489 ﬁsco
1596 5427 1787 5474 nostra.
1816 5418 1989 5475 Etiam
2016 5419 2126 5477 ϐο.

526 5510 594 5551 ea:
623 5492 1012 5559 interpretatur
1033 5506 1155 5546 esse
1176 5508 1229 5544 α.

593 5596 619 5622 ο
662 5585 719 5640 In
748 5581 883 5639 Cod.
918 5581 1059 5655 Just.
1093 5583 1217 5638 add.
1277 5583 1596 5655 principum,
1626 5582 1720 5639 sed
1745 5599 1854 5638 om.
1883 5599 1971 5655 ap.
2006 5582 2125 5654 Cuj.

525 5660 671 5718 liaro
697 5655 949 5711 dicuntur
973 5654 1331 5724 imperatores
1357 5654 1674 5725 simpliciter
1697 5656 1821 5710 divi.

590 5762 619 5809 ιι
659 5749 794 5808 Cod.
818 5748 959 5807 Just.
991 5762 1101 5806 om.
1128 5761 1252 5820 sqq.
1281 5761 1452 5819 usque
1478 5747 1544 5803 ad
1572 5763 1621 5802 v.
1655 5748 1943 5821 exigantur.

2291 4903 2319 4930 ιι
2346 4892 2478 4967 Cod.
2506 4891 2649 4967 Just.
2654 4894 2948 4967 judicium.
2975 4896 3044 4952 15
3061 4897 3185 4967 jud.
3210 4896 3525 4952 trahebatur.

2252 5037 2265 5050 .
2294 4974 2318 5001 °
2345 4963 2465 5050 συὶ·
2500 4962 2524 5016 ί
2551 4962 2747 5050 1.90-
2772 4964 3004 5050 ..V9£u~ti.z
3035 4962 3129 5050 se!
3159 4966 3287 5050 (ἓξὼ
3311 4968 3448 5050 ἔδει.
3473 4983 3620 5050 cur:
3655 4967 3828 5050 Υοια-

2220 5037 2387 5091 siana.
2418 5035 2511 5089 Bc.
2543 5034 2666 5090 adtli
2698 5036 2815 5091 vult
2842 5036 2905 5091 ll.
2935 5038 3024 5104 15,
3056 5037 3146 5093 W.
3178 5034 3310 5095 Cod.
3334 5037 3475 5095 Just.
3511 5038 3822 5096 Volusiano.

2221 5108 2290 5163 27
2329 5106 2629 5165 Valosiana.

2300 5189 2327 5228 p
2442 5178 2792 5260 a_l..pt_'incipis
2811 5198 2865 5254 p.
2889 5180 2931 5252 Ι.
2957 5192 3194 5255 surrepta
3219 5190 3276 5239 et
3301 5196 3413 5238 om.
3439 5182 3527 5239 ab.

2298 5260 2326 5300 tt
2357 5250 2422 5305 15
2449 5247 2640 5306 debuit.

2303 5331 2326 5359 ι’
2355 5321 2424 5376 15
2450 5320 2635 5375 debita.
3564 5358 3569 5361 Α

2307 5400 2328 5429 ⁸
2372 5390 2505 5447 Cod.
2547 5390 2683 5469 Just.
2729 5392 2898 5469 De_n.
2941 5411 3031 5469 seu
3064 5396 3321 5469 naucleris
3356 5397 3587 5469 publicas
3629 5395 3829 5467 species

2231 5464 2711 5534 trnnsportantibus,
2733 5474 2779 5518 et
2799 5466 2863 5519 de
2885 5466 3107 5521 tollenda
3128 5464 3368 5523 lustralis
3379 5474 3498 5523 auri
3523 5464 3822 5524 collatione.

2310 5537 2327 5571 ί
2355 5536 2410 5599 4,
2440 5534 2565 5587 cdd.
2597 5534 2943 5592 Constantius.
2979 5537 3080 5593 ϐο.
3124 5538 3279 5593 Rein.
3310 5539 3405 5596 Βθ.
3433 5555 3541 5596 em.
3569 5538 3829 5595 Constan-

2231 5605 2559 5687 tinushquod
2591 5621 2730 5675 rep.,
2759 5608 2878 5687 quia
2906 5609 3379 5687 manifestumest,
3405 5626 3619 5668 errasse
3639 5609 3761 5667 cad.
3785 5612 3827 5666 4

2233 5676 2534 5757 librarium,
2567 5691 2688 5731 cum
2714 5676 2975 5757 scriberet
2995 5676 3348 5757 Constantius.

2305 5755 2329 5782 ιι
2364 5746 2600 5816 Dignitas
2624 5762 2732 5803 om.
2763 5749 2816 5805 in
2854 5749 2976 5806 cod.
3003 5749 3040 5805 4
3077 5761 3135 5808 et
3165 5754 3220 5808 in
3253 5752 3416 5821 edd.;
3454 5751 3559 5811 Go.
3589 5781 3663 5796 --
3683 5752 3753 5810 Ri
3777 5754 3825 5809 ‘.
