4142 6178
386 313 489 368 115

1484 312 1800 372 DECRETA
1838 314 1928 372 ΕΤ
1963 315 2571 381 CONSTITUTIONES.

382 432 675 489 vicularius
711 433 991 504 originalis
1017 433 1434 488 Icvameutarius
1461 432 1645 500 fuerit,
1677 433 1850 487 nihilo
1878 432 1982 487 mi-
2009 433 2063 495 Α
2090 434 2159 489 sit
2202 438 2489 495 immemor
2533 440 2864 507 honestatis,
2896 439 3197 497 libertatem
3245 443 3485 512 amittat,
3518 452 3680 513 atque

381 538 490 579 nus
518 532 544 561 π
570 523 708 595 apud
731 526 977 593 eosdem,
1000 525 1142 597 apud
1163 540 1298 596 quos
1318 536 1375 580 et
1396 535 1645 593 parentes
1674 526 1791 594 ejus
1818 523 1986 580 fuisse
2085 527 2207 597 ejus
2228 528 2321 583 lilii
2348 528 2489 585 servi
2535 530 2641 584 sint
2680 530 2920 599 domini,
2952 531 3105 602 cujus
3153 547 3213 588 se
3265 533 3621 589 contubernio
3651 540 3681 572 ⁸

382 616 657 683 videnlur,
689 617 912 672 ﬁrmiter
942 617 1296 685 permanebit.
1344 616 1468 672 Dat.
1496 617 1637 674 XIV.
1667 617 1770 673 kal.
1812 618 1979 689 April.

399 706 680 765 Volusiano
702 710 730 749 δ
758 722 804 766 et
835 711 1074 766 Anniana
1102 710 1246 765 Cass.
1281 710 1456 783 (514).

530 840 598 880 νε
644 839 1137 881 Αυιιηιετιυιτιοιυε
1178 842 1247 881 ΕΤ
1288 839 1548 881 1³8111011ιο
1585 838 1841 881 τυτοιιυκ

939 934 1008 974 ΕΤ
1034 933 1356 975 οωυιτοιιῐιιί
1390 930 1438 975 c.

458 1031 603 1105 Imp.
646 1030 1012 1089 Constantinus
1040 1034 1105 1090 Α.
1140 1032 1167 1070 ά
1204 1074 1217 1089 .
1252 1074 1266 1089 .
1298 1076 1310 1089 .
1348 1075 1362 1088 .
1420 1075 1433 1088 .
1466 1075 1478 1088 .
1514 1074 1527 1089 .
1561 1043 1586 1072 ο
1631 1034 1734 1090 Pro
1803 1033 1983 1089 ofﬁcio

380 1125 877 1183 administrationis
905 1127 1095 1182 tutoris
1123 1128 1206 1183 vel
1234 1127 1500 1183 curatoris
1530 1128 1666 1183 bona
1702 1170 1714 1189 .
1761 1127 1806 1182 si
1829 1127 1982 1183 debi-

378 1228 536 1274 tores
563 1220 831 1284 existant,
860 1218 1129 1289 tamquam
1154 1219 1391 1290 pignoris
1418 1220 1572 1275 titulo
1594 1219 1820 1289 obligata
1839 1261 1854 1284 ,
1882 1220 1984 1274 mi-

375 1327 551 1369 nores
596 1314 813 1370 sibimet
860 1311 880 1351 ί
928 1313 1215 1369 vendicare
1264 1313 1484 1371 minime
1533 1313 1886 1384 prohibentur
1931 1323 1978 1369 8.

256 1404 267 1411 '
374 1405 507 1460 Dat.
562 1405 671 1462 VII.
712 1402 744 1443 λ
781 1404 909 1461 Kal.
961 1405 1131 1478 April.
1164 1404 1383 1461 Treviris
1416 1403 1461 1475 ί,
1494 1404 1769 1461 Volusiano
1797 1415 1844 1460 et
1875 1406 1985 1462 An-

374 1500 542 1553 niana
567 1496 715 1554 Cass.
746 1498 923 1571 (514).

448 1592 906 1647 lucernarum.
934 1591 1251 1660 Quicumque
1279 1600 1440 1658 tutor,
1469 1592 1573 1648 sive
1602 1601 1807 1647 curator
1822 1592 1982 1664 negli-

369 1689 555 1757 gentia
598 1687 1062 1742 administrationis
1104 1703 1214 1742 sure
1269 1687 1465 1742 debitor
1511 1687 1790 1743 minoribus
1843 1703 1983 1742 cont-

367 1778 643 1850 probatur,
665 1780 859 1834 noverit
886 1779 1154 1849 facultates
1181 1794 1302 1833 suas
1321 1780 1394 1833 ita
1422 1778 1670 1849 obligatas
1696 1788 1770 1840 ut,
1803 1778 1849 1833 si
1876 1794 1980 1832 non

2084 621 2385 691 conjunxit.
2440 622 2609 691 Quam
2665 624 2840 694 legem
2893 633 2948 679 et
2992 625 3058 679 de
3109 626 3378 695 prmterito
3422 624 3682 681 custodiri

2083 722 2314 781 oportet.
2353 713 2468 769 PP.
2503 713 2627 771 Kal.
2681 715 2846 787 April.
2906 715 3232 772 Volusianob
3290 726 3336 772 et
3388 718 3673 773 Annianoc

2088 805 2233 861 Cass.
2259 806 2434 880 (3M).

2155 918 2602 978 Iarumanno.
2662 920 2764 976 Per
2809 924 2910 977 vim
2956 932 3136 978 contra
3188 924 3498 979 voluntatem
3536 939 3683 979 servo

2075 1014 2260 1084 juncta
2281 1014 2447 1068 alieno
2477 1024 2524 1068 et
2551 1015 2822 1070 vindictam
2858 1018 3199 1088 consequitur.
3254 1017 3316 1073 Si
3362 1033 3478 1072 vero
3502 1027 3686 1090 sponte

2087 1104 2143 1175 fit
2164 1105 2353 1160 ancilla
2371 1147 2386 1172 ,
2414 1115 2461 1160 et
2488 1107 2597 1176 eius
2628 1108 2724 1176 ﬁlii
2752 1109 2882 1163 servi
2908 1119 3046 1165 sunt.

2121 1256 2190 1295 DE.
2226 1256 2475 1299 INGENUIS
2516 1258 2607 1307 QUI
2643 1259 2890 1302 TEHPOBE
2919 1261 3152 1303 TYRANNI
3192 1244 3220 1283 ά
3259 1262 3618 1304 δειινιειιυκτ.

2156 1378 2297 1452 Imp.
2350 1379 2715 1439 Constantinus
2757 1385 2804 1439 Α
2846 1386 2915 1439 ad
2957 1384 3286 1442 Volusianum
3329 1397 3376 1440 θ.
3429 1385 3681 1443 Universi

2084 1471 2388 1530 devotionis
2420 1475 2598 1531 studio
2623 1477 2984 1544 contendant,
3017 1480 3062 1534 si
3091 1495 3225 1550 quos
3256 1479 3275 1519 ί
3312 1480 3556 1552 ingenuis
3585 1495 3684 1537 na-

2087 1564 2280 1621 talibus
2308 1577 2618 1636 procreatos
2644 1569 2745 1625 sub
2783 1578 3010 1642 tyranno
3049 1571 3432 1643 ingenuitatem
3471 1574 3683 1631 amisis-

2084 1672 2144 1715 se
2171 1669 2218 1726 Β,
2248 1670 2341 1716 aut
2371 1664 2588 1733 propria
2620 1661 2647 1701 ιι
2678 1665 2920 1720 contenti
2958 1663 2973 1702 ί
3004 1667 3334 1722 conscientia
3353 1710 3370 1735 ,
3410 1675 3503 1722 aut
3538 1666 3677 1723 alio-

2084 1768 2203 1807 rum
2244 1754 2454 1810 indiciis
2487 1758 2502 1807 i
2541 1766 2969 1828 recognoscunt,
3009 1758 3276 1815 natalibus
3305 1759 3334 1797 κ
3369 1761 3483 1816 suis
3520 1760 3681 1817 resti~

370 1847 703 1939 satisfecerit,
732 1847 929 1926 ratione
957 1871 1197 1939 deducta,
1222 1871 1357 1925 bona
1385 1886 1481 1926 sua
1510 1847 1841 1926 tintinaribus
1862 1872 1969 1927 loco

2084 1855 2255 1912 tuere,
2286 1862 2385 1902 nec
2414 1858 2695 1919 expectata
2721 1849 2917 1918 judicis
2944 1850 3438 1922 interpellatione‘.
3471 1852 3604 1909 Nam
3630 1854 3678 1909 si

367 1964 607 2036 pignoris
627 1972 917 2020 teneantur.

871 2097 939 2136 AD
965 2097 1046 2138 sc.
1077 2096 1416 2138 cuuotauuu
1442 2081 1487 2136 i.

446 2192 591 2264 Imp.
624 2194 994 2251 Constantinus
1019 2197 1085 2250 Α.
1115 2196 1185 2250 ad
1214 2195 1463 2251 Probum.
1496 2196 1554 2252 Si
1585 2211 1704 2267 qua:
1723 2195 1975 2251 mulieres

370 2287 564 2344 libera:
582 2329 599 2355 ,
632 2290 717 2344 vel
748 2306 775 2342 a
803 2290 999 2356 scrvis,
1028 2290 1111 2345 rel
1131 2307 1158 2344 a
1185 2292 1426 2362 quolibet
1445 2291 1552 2345 alio
1574 2290 1679 2346 vim
1700 2305 1971 2362 perpessas

356 2391 564 2459 contra
587 2384 917 2439 voluntatem
948 2398 1100 2440 suam
1136 2384 1348 2440 servilis
1390 2384 1715 2440 canditionis
1744 2382 1976 2439 homini-

338 2475 477 2556 bus
497 2476 700 2546 junctae
728 2477 838 2532 sint
862 2519 878 2545 ,
908 2478 1235 2548 competenti
1273 2478 1448 2548 legum
1491 2478 1778 2533 severitate
1806 2474 1829 2513 ¹π
1862 2476 1974 2532 vin-

367 2568 577 2626 dictam
602 2581 1022 2643 consequantur.
1050 2571 1078 2644 §
1102 2573 1151 2627 1.
1205 2570 1389 2642 Siqua
1412 2581 1590 2626 autem
1625 2569 1818 2625 mulier
1860 2583 1973 2627 suae

369 2752 621 2822 quinque
652 2746 883 2834 punctis,
911 2754 1033 2810 rell.
1067 2755 1212 2809 nullo
1243 2755 1397 2836 signo
1438 2754 1683 2809 lacunam
1715 2752 1972 2807 indicant.

366 2824 477 2879 ϐο.
532 2824 631 2880 Be.
682 2842 733 2880 tu
781 2835 895 2881 not.
938 2825 1061 2881 add.
1088 2825 1181 2899 Pf.
1210 2823 1276 2882 U.
1316 2825 1432 2882 th.
1465 2825 1525 2881 C.
1551 2823 1654 2880 'I‘Ii.
1700 2823 1765 2891 V,
1816 2823 1870 2891 6,
1910 2825 1972 2890 1,

424 2841 477 2877 ο.
532 2840 631 2880 ne.
682 2842 733 2880 ιη
781 2840 895 2881 nat.
938 2840 1181 2891 aouq.
1210 2840 1276 2882 υ.
1320 2840 1432 2882 για.
1465 2840 1654 2881 tum.
1707 2840 1765 2891 ν,
1816 2840 1870 2891 o,
1910 2840 1973 2890 ι,

362 2905 472 3004 no:
502 2912 607 3022 (In.
639 2981 770 3022 ann.
798 2984 812 3022 :
843 2986 863 3020 ι
893 2967 1110 3023 Divisim
1136 2968 1206 3022 ita
1234 2967 1577 3024 scribendum
1601 2966 1974 3031 nihilominus,

362 3036 544 3110 idest
566 3039 784 3110 pariter,
815 3039 1065 3094 similiter
1093 3055 1157 3093 ac
1188 3051 1435 3110 parentes
1465 3040 1601 3107 ejus.
1640 3055 1659 3110 ρ

361 3179 405 3234 2
439 3109 644 3235 being.
676 3108 764 3177 II,
794 3110 937 3181 quod
961 3111 1093 3181 jam.
1126 3106 1217 3167 Ile.
1248 3112 1439 3167 voluit.
1472 3106 1601 3164 Aur.
1637 3107 1815 3179 Lugd.
1848 3106 1973 3178 Cul-

412 3221 429 3246 ,
603 3198 717 3238 ons.
1220 3221 1227 3225 -

2078 1938 2199 2009 quis
2226 1948 2470 1993 contralu
2499 1940 2883 1996 conscientiam
2923 1956 3074 1996 suam
3106 1944 3187 1998 vel
3227 1944 3528 1999 certissima
3568 1952 3677 2000 tes-

2078 2031 2298 2087 timonia
2337 2031 2690 2101 plurimorum
2734 2032 2790 2088 in
2820 2032 3009 2088 eadem
3051 2036 3290 2091 avaritiae
3334 2035 3675 2093 tenacitaten

2078 2126 2465 2198 permanserit,
2490 2125 2833 2182 severissima
2860 2135 2885 2162 ο
2914 2141 3072 2197 poena
3099 2128 3463 2184 mulctabitnr.
3497 2127 3679 2185 Placet

2072 2228 2253 2273 autem
2285 2228 2334 2285 ρ,
2363 2218 2526 2274 etiam
2548 2233 2642 2274 eos
2667 2220 2910 2290 periculo
2933 2220 3208 2292 subjugari
3231 2230 3260 2271 (ι
3277 2264 3293 2287 ,
3322 2221 3414 2292 qni
3439 2221 3676 2278 scientes

2076 2310 2336 2382 ingenuos
2356 2311 2631 2368 servitutis
2655 2322 2677 2351 ι’
2702 2313 3078 2369 necessitatem
3104 2328 3200 2385 per
3221 2313 3474 2385 iniuriam
3500 2322 3522 2351 ³
3555 2328 3677 2371 sus-

2150 2522 2177 2549 ι
2196 2512 2460 2583 Georgius
2481 2511 2754 2568 d‘Arnaud
2772 2553 2789 2575 ,
2816 2510 2941 2583 Var.
2972 2509 3128 2568 Cani.
3160 2512 3250 2566 lib.
3279 2512 3349 2583 l.
3374 2525 3424 2566 c.
3451 2511 3523 2568 20
3554 2520 3678 2568 ten-

2078 2584 2207 2637 tavit
2237 2581 2388 2651 cujus
2410 2586 2540 2638 servi
2567 2600 2621 2638 se
2658 2581 3023 2647 contubernio;
3047 2584 3142 2639 sed
3177 2582 3560 2639 contubernium
3590 2584 3678 2640 hic

2078 2656 2580 2717 servumdenoture,
2609 2655 2800 2725 probb.
2828 2653 2929 2710 G0.
2983 2656 3036 2709 in
3083 2665 3194 2710 not.
3257 2657 3309 2708 li.
3357 2669 3406 2708 c.
3434 2662 3489 2709 et
3541 2651 3675 2710 Cra-

2080 2741 2292 2793 mcrus,
2335 2727 2387 2780 in
2425 2724 2698 2794 Dispunct.
2727 2727 2833 2797 jur.
2866 2727 2969 2781 civ.
3011 2740 3133 2797 cap.
3157 2724 3298 2794 XIII,
3327 2741 3379 2796 p.
3408 2726 3535 2781 117.

2150 2795 2178 2835 δ
2210 2797 2301 2852 Be.
2329 2798 2450 2852 addi
2478 2798 2589 2851 vult
2609 2796 2672 2854 lI.

2254 2812 2301 2852 θ.
2329 2812 2450 2852 111101
2478 2812 2589 2851 νυιι
2610 2812 2672 2852 ιι.

2155 2878 2176 2938 ¢_
2208 2868 2327 2938 Cuj.
2354 2869 2380 2922 1
2406 2898 2477 2909 -
2501 2868 2563 2923 Ri
2589 2872 2626 2921 ‘.
2655 2870 2877 2923 Aniano.

2153 2935 2179 3010 εί
2212 2935 2526 3010 Intelligitur
2551 2938 2847 2995 Maxentius
2871 2955 3013 2994 anno
3037 2939 3144 2995 512
3164 2939 3557 2995 aConstantino
3577 2938 3673 2995 de-

2082 3007 2331 3064 bellatus.
2374 3007 2545 3065 Noun.
2581 3011 2739 3066 codd.
2782 3011 3023 3068 Tirannis
3053 3011 3354 3067 Servierint.
3387 3010 3453 3078 6,
3484 3011 3516 3066 7
3547 3010 3674 3067 Ser-

2081 3082 2275 3134 vierint.
2313 3083 2381 3153 I5
2409 3096 2515 3136 om.
2550 3080 2725 3150 Temp.
2761 3081 2888 3153 Tyr.

2159 3160 2183 3189 ε’
2214 3152 2283 3206 57
2328 3151 2619 3207 Volucrum.
2651 3151 2826 3207 Noun.
2860 3151 3018 3209 codd.
3052 3153 3092 3206 Α
3130 3151 3430 3208 Volusiano.
3458 3152 3529 3208 40
3556 3166 3669 3208 om.

446 3220 717 3308 ιδ’-59υόίῆἶο
756 3251 822 3307 Et
856 3252 1093 3307 Pericula
1116 3295 1132 3317 ,
1182 3221 1249 3309 I5
1279 3253 1342 3307 Et
1366 3254 1688 3308 Curatorum.
1737 3249 1812 3303 De
1836 3250 1975 3304 adm.
2008 3241 2055 3306 C
2084 3220 2369 3317 ξάΔῩῨέυξδ
2397 3224 2669 3317 νθξίέδίτηξί
2690 3223 2926 3317 Hiﬁnilas
2952 3223 3099 3317 def,“
3208 3224 3457 3317 °_'.'"'ib."s
3485 3223 3671 3317 mihi?

361 3324 676 3394 tradictione
695 3335 743 3379 et
772 3341 879 3394 per.
913 3336 1018 3378 etc.
1064 3325 1135 3379 28
1161 3333 1205 3377 et
1243 3326 1503 3394 virorum._
1534 3324 1592 3376 51
1622 3332 1668 3375 et
1690 3322 1963 3394 viatorum.

360 3393 465 3467 Pu.
495 3393 729 3467 Titanum
757 3391 911 3460 ,ει-1³.
946 3406 1055 3467 lyp.
1090 3395 1221 3467 Cod.
1249 3395 1388 3451 Just.
1440 3392 1530 3466 (V,
1558 3395 1649 3459 57)
1700 3392 1778 3467 De
1810 3391 1961 3467 Adin.

359 3465 595 3548 laniabit
621 3465 771 3548 Per.)
800 3463 1024 3548 tutorum
1051 3466 1128 3521 vel
1141 3477 1435 3548 cirratorum
1451 3463 1503 3520 et
1537 3464 1750 3537 pecunia
1782 3463 1963 3535 pupil.

356 3537 468 3591 lari
491 3538 790 3619 freneranda
812 3538 889 3592 vel
910 3537 1231 3605 deponenda.
1253 3607 1265 3620 ο
1476 3608 1485 3619 ἱ

359 3607 651 3734 m:LSich.
676 3639 746 3650 -—-
775 3608 946 3680 Lugd.
971 3625 1082 3665 om.
1117 3609 1180 3664 Α.
1211 3608 1361 3666 Stch.
1388 3606 1508 3678 Cu].
1537 3609 1565 3665 1
1591 3636 1660 3649 --
1684 3606 1779 3663 Be.
1806 3605 1966 3661 Cons-

382 3691 501 3733 ωτι.

442 3760 465 3788 ε
494 3751 686 3819 8,12,
707 3751 800 3817 21,
832 3750 978 3807 Sich.
1016 3750 1135 3821 Cuj.
1163 3752 1189 3806 I
1222 3780 1296 3815 —
1330 3749 1437 3806 Ri'.
1489 3749 1611 3805 add.
1645 3758 1694 3803 et
1716 3746 1963 3821 Julianus

358 3818 527 3890 Cres,
552 3817 708 3892 quod
756 3838 877 3879 cum
909 3823 1036 3878 ferri
1065 3817 1168 3892 non
1199 3823 1370 3892 possit
1402 3864 1417 3888 ,
1465 3821 1564 3877 ϐο.
1612 3817 1962 3892 pro_.lulian_o

356 3889 713 3949 scribendum
744 3909 864 3950 esse
885 3905 1069 3951 censet
1093 3889 1347 3947 Licinium
1375 3935 1390 3961 ,
1415 3894 1500 3949 cui
1527 3889 1845 3961 chcodices
1876 3889 1965 3943 ad-

357 3974 669 4020 versoutur.
700 3966 735 4020 6
766 4006 782 4031 ,
808 3966 841 4020 7
870 4007 886 4029 ,
916 3965 951 4023 9
977 3964 1091 4031 ,15
1113 3963 1227 4028 ,14
1255 3960 1386 4031 ,16,
1421 3965 1485 4019 17
1512 4006 1527 4029 ,
1552 3960 1624 4017 25
1647 3991 1718 4002 -
1744 3960 1836 4024 29,
1866 3961 1959 4031 52,

359 4036 436 4091 35
459 4078 474 4099 ,
503 4037 571 4091 56
594 4066 669 4077 -
695 4038 768 4091 40
788 4079 802 4102 ,
829 4035 901 4091 42
922 4079 939 4103 ,
967 4030 1071 4092 Til.
1101 4035 1223 4090 add.
1254 4046 1301 4089 et
1330 4053 1357 4089 c
1384 4034 1454 4107 (et
1479 4050 1588 4107 ges.
1623 4042 1714 4086 aut
1752 4042 1798 4107 et
1848 4030 1961 4107 Cte-

360 4107 502 4177 sar.)
530 4106 602 4162 54
628 4119 673 4160 et
706 4107 867 4161 cansl.
906 4109 972 4164 10
999 4150 1013 4174 ,
1040 4109 1106 4163 18
1124 4108 1247 4161 add.
1278 4116 1323 4158 et
1351 4103 1446 4159 cét.
1478 4103 1729 4159 Fortasse
1762 4103 1961 4177 intelli-

362 4173 516 4248 gitur
564 4179 778 4249 Crispus
804 4177 960 4238 ϐωε..
989 4193 1150 4247 quem
1183 4178 1565 4249 Constantinus
1587 4184 1771 4230 contra
1815 4173 1959 4229 Lici-

360 4247 515 4304 nium
550 4247 897 4318 proﬁciscens
923 4249 1108 4305 Gallius
1141 4291 1155 4311 ,
1186 4248 1275 4302 ubi
1314 4247 1501 4303 Const.
1526 4248 1650 4300 data
1674 4253 1797 4318 cst_,
1827 4260 1961 4314 prui-

360 4316 645 4389 posuerat.
667 4320 861 4376 Veram
893 4320 1308 4390 inscriptionem
1319 4335 1423 4372 non
1454 4317 1669 4390 dubito1
1690 4316 1815 4385 quin
1835 4330 1959 4385 sup-

360 4386 574 4460 peditet
591 4392 716 4447 cod.
746 4394 811 4447 15
829 4434 845 4457 ,
864 4394 953 4462 qui
972 4394 1049 4446 sic
1064 4386 1084 4446 ξ
1102 4389 1254 4462 Imp.
1269 4387 1444 4462 Const.
1467 4390 1601 4459 Aug.
1632 4386 1793 4462 Basso
1813 4401 1919 4455 ppo
1940 4404 1955 4451 ;

360 4463 460 4516 sed
484 4477 608 4517 cum
659 4467 816 4517 unius
852 4460 1054 4517 tantum
1087 4460 1290 4516 codicis
1335 4461 1597 4529 scriptura
1624 4460 1695 4513 sit
1722 4500 1737 4524 ,
1782 4472 1959 4528 neque

361 4544 578 4601 constet
609 4575 626 4599 ,
659 4550 784 4588 num
814 4535 1009 4589 Bassus
1040 4534 1141 4587 hoc
1165 4547 1216 4585 a.
1262 4543 1415 4601 praet.
1440 4533 1631 4596 luerit,
1661 4531 1806 4585 nolui
1834 4544 1954 4584 eam

360 4605 634 4674 recipere.
666 4605 799 4689 Cod;
824 4606 963 4687 Just“.
993 4604 1132 4687 Imp.
1157 4602 1332 4658 Const.
1357 4605 1423 4660 Α.
1446 4603 1788 4674 Eufemianaz,
1811 4602 1955 4674 quod
1984 4627 2040 4689 Β

363 4689 566 4730 nomen
594 4678 740 4730 unde
766 4677 978 4731 uinxerit
1003 4719 1015 4735 .
1040 4678 1249 4745 ignoro.

443 4744 465 4784 ί
502 4748 590 4804 10.
620 4749 687 4802 18
709 4757 900 4803 tutores
930 4765 973 4802 v.
1001 4743 1259 4801 curatores
1284 4775 1354 4785 —
1373 4745 1451 4800 tit.
1467 4747 1622 4801 oblita
1644 4743 1856 4799 minoris
1881 4760 1962 4799 se-

364 4828 489 4872 met.
523 4818 592 4873 14
630 4834 738 4874 om.
764 4822 840 4874 vel
863 4818 1119 4874 curatoris
1137 4818 1205 4872 21
1234 4825 1422 4872 tutores
1450 4816 1528 4872 vel
1551 4825 1810 4872 curatores
1830 4814 1885 4870 b.
1907 4831 1961 4870 se

366 4889 525 4942 debit.
545 4891 615 4946 26
635 4891 750 4945 deb.
784 4900 830 4945 et
855 4892 1003 4947 exist.

446 4968 472 5005 δ
488 4959 617 5015 Cod.
631 4963 771 5019 Just.
796 4962 922 5017 add.
950 4961 1097 5016 Idem
1122 4968 1219 5023 est,
1244 4968 1290 5013 et
1307 4960 1352 5014 si
1375 4969 1511 5014 tutor
1523 4960 1599 5014 vel
1622 4969 1830 5014 curator
1848 4959 1963 5031 quis

369 5034 670 5088 constitutus
690 5050 770 5089 res
796 5036 1050 5087 minorum
1079 5048 1178 5085 non
1206 5031 1653 5086 administraverit.

443 5101 473 5140 ¹³
493 5108 545 5159 8.
573 5106 639 5159 19
665 5147 678 5166 .
706 5104 777 5160 28
800 5149 816 5169 ,
842 5105 932 5170 56,
958 5104 1048 5162 40.
1074 5102 1218 5158 Sich.
1244 5101 1301 5157 in
1322 5117 1396 5157 ω.
1418 5101 1479 5158 γ.
1498 5104 1560 5158 51
1581 5101 1712 5159 VIII.
1735 5101 1825 5171 52,
1859 5102 1963 5170 '58,

367 5175 441 5232 29
471 5185 526 5229 et
552 5176 668 5230 libri
698 5192 829 5233 mss.
856 5176 956 5232 ϐο.
996 5174 1078 5231 γι.

448 5244 463 5283 ί
492 5245 661 5302 Codd.
714 5250 1026 5316 plerumque
1054 5244 1195 5300 'I‘riv.
1215 5245 1297 5316 715
1324 5245 1500 5300 trium.
1542 5246 1635 5313 55,
1664 5245 1733 5301 54
1779 5245 1961 5301 tribus.

364 5316 521 5373 Sicli.
570 5347 645 5359 —
686 5314 797 5374 Ri'.
841 5317 976 5374 Cod.
1024 5316 1161 5372 Just.
1209 5314 1460 5371 Treveris.
1486 5316 1603 5370 Mox
1626 5316 1779 5371 multi
1800 5316 1960 5372 eodd.

373 5388 658 5445 Volusiano
678 5401 735 5446 et
762 5390 986 5458 Aniano,
1020 5388 1163 5459 quod
1188 5388 1449 5459 posterius
1476 5392 1632 5443 estin
1660 5389 1784 5443 edd.
1810 5387 1957 5443 Sich.

362 5461 487 5532 Qui.
533 5464 558 5517 1
592 5490 665 5503 -
688 5462 754 5532 1ὶί
781 5464 821 5515 ⁸.
849 5456 1145 5532 Alii-codd.
1170 5456 1456 5532 annj'rev.
1486 5468 1597 5513 aut.
1628 5468 1677 5513 et
1702 5460 1961 5515 Anniana.

364 5528 462 5587 Be'.
498 5544 621 5602 post
657 5531 989 5586 Volusianum
1015 5531 1118 5585 ius.
1150 5528 1351 5602 vult_ll.

442 5604 459 5653 i
499 5598 561 5658 Ρ.
617 5618 727 5658 om.
760 5604 1059 5666 rubricam;
1103 5615 1191 5670 ap.
1250 5600 1345 5654 Pu.
1405 5598 1555 5654 uncis
1602 5600 1804 5656 inclusa
1851 5610 1970 5665 est;

364 5675 520 5731 deem
552 5676 715 5730 etiam
749 5676 801 5729 in
849 5675 981 5730 Cod.
1015 5677 1078 5739 1,
1117 5673 1208 5742 qui
1241 5681 1536 5726 extremam
1582 5680 1784 5727 tantum
1834 5673 1970 5729 tituli

365 5757 578 5819 partem
609 5746 844 5800 exhibet.

443 5816 465 5853 ιε
500 5814 633 5871 Aur.
666 5814 837 5886 Lugd.
870 5815 1179 5871 severitatem
1201 5824 1255 5871 et
1285 5829 1409 5869 mox
1435 5813 1708 5868 custodire.

2087 3304 2281 3366 prteter
2302 3293 2402 3366 .32,
2432 3296 2519 3347 tibi
2548 3293 2851 3366 appellatur
2872 3312 2989 3366 prp.
3023 3296 3182 3366 Deest
3202 3296 3361 3348 etiam
3392 3296 3444 3348 in
3473 3310 3522 3366 c.
3554 3295 3668 3366 IC.

2071 3362 2171 3419 Th.
2206 3365 2274 3420 de
2302 3364 2538 3419 Navicul.
2571 3363 2745 3433 (XIII,
2778 3362 2946 3433 5).'ln
2977 3380 3026 3420 c.
3057 3365 3093 3418 2
3121 3365 3252 3419 Cod.
3296 3366 3433 3419 Just.
3466 3365 3535 3420 de
3578 3365 3670 3419 Di-

2069 3436 2228 3505 gnitt.
2266 3435 2413 3507 (XII,
2464 3433 2516 3506 1)
2552 3436 2858 3507 nominatur
2884 3435 2944 3507 P.
2981 3435 3068 3507 P.;
3097 3435 3192 3490 sed
3222 3450 3409 3507 repon.
3438 3434 3536 3507 PL
3574 3434 3668 3507 IL,

2068 3504 2210 3576 Quod
2238 3504 2429 3574 siglum
2458 3504 2617 3561 habet
2641 3520 2690 3560 c.
2714 3508 2749 3560 2
2775 3506 2832 3561 C.
2865 3506 2966 3560 'Ih.
2995 3505 3161 3573 Quor.
3192 3506 3391 3575 appell.
3414 3504 3669 3577 ,(XIL56)

2068 3575 2211 3633 anno
2236 3579 2340 3633 515
2370 3579 2668 3648 preposita.
2695 3577 2817 3633 Vid.
2847 3578 2949 3632 ϐο.
2984 3579 3035 3631 in
3064 3592 3260 3648 eorum.
3291 3577 3346 3630 h.
3375 3575 3511 3631 c.‘et
3534 3575 3672 3648 Cor;-

2067 3648 2263 3704 sinium
2286 3649 2321 3702 l.
2345 3646 2392 3703 c‘.
2422 3646 2479 3717 p.
2499 3648 2621 3703 169.
2652 3647 2775 3704 Sec.
2803 3648 2904 3702 ϐο.
2932 3657 2985 3702 et
3011 3647 3100 3703 W.
3128 3646 3452 3702 Volusianus
3474 3647 3667 3717 eodem

2067 3733 2209 3845 andno
2236 3719 2339 3774 3M
2365 3716 2602 3776 consulis
2643 3728 2698 3773 et
2723 3719 2960 3790 praefecti
2990 3733 3212 3774 munere
3257 3718 3472 3774 functus
3502 3716 3670 3774 fuisse

2067 3805 2115 3843 VI
2161 3801 2300 3844 CIUI‘.

2067 3793 2300 3844 videtur.

2143 3860 2163 3899 ί
2191 3861 2263 3917 20
2286 3861 2347 3914 Si
2371 3860 2504 3925 quis.
2528 3860 2644 3914 Mox
2672 3858 2759 3926 12,
2787 3860 2853 3914 16
2873 3862 3169 3927 procreatis.

2138 3941 2164 3980 8
2198 3932 2285 4000 10,
2322 3932 2386 4002 18
2416 3929 2760 4002 Ingenuitatis
2799 3934 3021 3987 amissis.
3047 3932 3103 4000 6,
3134 3933 3166 3986 7
3192 3931 3413 3987 amissaa.
3448 3929 3516 3985 16
3550 3946 3661 3984 mu-

2065 4004 2307 4074 numisse.
2337 4001 2494 4057 Sich.
2516 4003 2829 4074 ingenuitate
2855 4004 3064 4058 amissa.

2137 4070 2165 4110 ¹³
2196 4074 2229 4130 9
2261 4073 2499 4143 Proprie.

2143 4144 2157 4182 ί
2187 4144 2261 4217 Ri
2285 4146 2334 4198 in
2360 4155 2475 4217 not.
2504 4143 2981 4217 (nonmutandum
3012 4145 3065 4199 in
3097 4145 3314 4217 convicti
3332 4144 3377 4217 ).

2139 4217 2152 4266 i
2201 4215 2274 4271 20
2305 4215 2537 4269 Aliarum
2562 4215 2753 4270 indices
2782 4225 3166 4287 recognoscant.
3206 4215 3354 4273 Sicb’.
3383 4216 3487 4272 Til.
3531 4218 3662 4274 Aur.

2061 4285 2482 4412 Lugtiivjudiciis.

2134 4358 2158 4396 ¹ί
2269 4398 2282 4411 .
2316 4356 2369 4410 IV
2374 4368 2482 4411 atur

2138 4356 2165 4467 ξ
2312 4356 2687 4483 ᾗηιικὲἐίῗιὲἒ,
2718 4372 2823 4412 err.
2854 4366 2967 4483 lyp.
3367 4431 3380 4443 .
3510 4430 3521 4443 .

2138 4499 2163 4502 ,ν
2265 4469 2281 4495 ι
2387 4467 2425 4502 -_
2470 4500 2476 4502 Α
2668 4431 2909 4502 ρεεεεηε(
2957 4432 2980 4484 1
3012 4426 3327 4502 exspectant)
3352 4430 3474 4501 Jud.
3501 4439 3665 4485 mter-

2061 4499 2378 4569 pellationes.
2406 4500 2431 4553 1
2460 4500 2991 4571 interpellationem—
3005 4499 3365 4568 certissimam,
3385 4502 3662 4559 mendose.

2065 4571 2166 4627 ϐο.
2196 4587 2286 4624 nec
2312 4586 2409 4641 pro
2433 4587 2536 4625 non
2562 4570 2742 4625 habet.

2139 4652 2180 4679 ω
2209 4641 2382 4709 6-8,
2421 4641 2506 4708 10,
2538 4644 2623 4703 15.
2654 4641 2741 4706 14,
2773 4641 2864 4707 16,
2896 4641 2982 4708 18,
3010 4643 3102 4710 20,
3129 4643 3195 4698 21
3225 4643 3350 4698 add.
3379 4642 3668 4701 id.Moxin

2068 4714 2191 4769 cod.
2221 4712 2292 4768 20
2321 4728 2351 4766 a
2382 4728 2492 4785 sec.
2526 4728 2687 4767 manu
2715 4716 2929 4784 ponitur
2960 4730 3053 4783 per
3083 4730 3246 4785 supra
3275 4731 3363 4770 vv.
3397 4717 3666 4771 conscien-

2068 4785 2192 4838 tiam
2220 4793 2274 4839 et
2294 4784 2594 4837 certissima.

2140 4863 2168 4891 ιι
2195 4854 2351 4927 Ita__I_,
2371 4852 2425 4916 6,
2445 4853 2496 4918 7,
2521 4852 2610 4927 to,
2632 4853 2976 4927 tri—719,21,
3008 4852 3156 4911 Sich.
3181 4855 3310 4922 Til.,
3327 4872 3484 4927 quam
3500 4859 3670 4927 scrip-

2070 4923 2354 5002 t_uram_W.
2387 4934 2534 4979 recte
2558 4924 2797 4982 defendit
2816 4936 3002 5002 contra
3026 4928 3292 5002 vulgatam
3315 4923 3370 5002 in
3392 4929 3518 4985 edd.
3542 4923 3663 5002 Cu].

2072 4997 2098 5052 1
2124 5025 2197 5037 --
2227 4996 2319 5050 Pu.
2351 5004 2659 5065 receptam:
2684 4998 2902 5051 avaritia
2923 5007 2971 5051 et
2990 4996 3275 5053 tenacitate.
3301 5000 3568 5057 Caeterum
3600 4996 3668 5056 f2

2070 5067 2339 5122 avaritiam
2366 5067 2685 5150 tenacitatem
2723 5077 2778 5124 et
2814 5068 2885 5125 20
2922 5078 3081 5126 antea
3104 5070 3316 5126 avaritie
3341 5081 3388 5126 et
3414 5086 3542 5142 ten.,
3570 5073 3667 5129 sed

2070 5154 2214 5196 001T.
2242 5148 2481 5195 avaritia.

2143 5243 2168 5271 ο
2197 5235 2224 5289 1
2252 5233 2663 5300 Siverissimam,
2695 5233 2794 5291 sed
2820 5247 2964 5292 corr.
2993 5235 3331 5293 severissima.
3362 5236 3434 5296 12
3455 5237 3665 5294 severis-

2067 5306 2200 5361 sima
2224 5305 2512 5360 testimonia
2537 5306 2686 5362 mult.

2140 5406 2169 5447 Ρ
2200 5396 2294 5452 Pu.
2326 5410 2437 5452 om.
2468 5407 2658 5453 autem.

2141 5502 2169 5544 ει
2195 5493 2221 5548 1
2250 5492 2564 5566 Subjudari,
2597 5493 2874 5550 mendose.
2898 5493 3017 5550 Mox
3039 5492 3183 5551 Sich.
3210 5493 3445 5550 scienter.

2152 5596 2176 5624 ι’
2201 5586 2256 5641 In
2280 5587 2449 5641 literis
2468 5586 2616 5641 servit
2636 5586 2972 5656 abrumpitur
2991 5584 3175 5641 folium
3195 5593 3443 5643 octavum
3466 5588 3669 5645 codicis

2078 5659 2107 5714 1
2137 5667 2192 5714 et
2213 5657 2466 5713 desinunt
2494 5657 2554 5712 P.
2586 5658 2681 5711 Pu.
2711 5657 2856 5723 Sicb.
2885 5658 3200 5712 necessitate.

2076 5818 2095 5871 ἕ
2125 5757 2176 5886 is
2298 5747 2447 5803 Sich.
2473 5746 2596 5819 an.
2628 5750 2653 5802 1
2681 5773 2748 5789 ι·-
2776 5746 2945 5817 Lugd.
2973 5747 3258 5815 incuriam,
3291 5749 3569 5806 mendose.
3597 5749 3673 5804 20

2097 5835 2127 5870 η
2157 5833 2235 5869 αντ
2276 5834 2316 5869 S.

2097 5833 2316 5870 murras.

3575 329 3680 385 111
3774 364 3787 367 -
