4142 6178
378 313 471 366 117

832 441 899 480 DE
924 437 1160 480 DIVBRSIS
1191 433 1513 478 RESCBIPTIS.

439 549 467 578 ⁸
494 539 636 611 Imp.
665 537 1034 596 Constantinus
1065 535 1171 590 Α.¹³
1217 534 1499 598 Antiocho,
1534 530 1790 602 Praefecto
1824 527 1968 598 Vigi-

361 637 476 690 lum
507 645 554 687 ε.
584 632 975 688 Annotationes
995 640 1208 686 nostras
1230 627 1348 684 sine
1367 625 1723 697 rescriptione
1751 622 1964 678 admitti

362 743 479 782 non
509 727 707 796 placet,
740 725 971 794 ideoque
995 719 1024 760 τι
1052 721 1290 777 ollicinm
1330 718 1609 792 gravitatis
1637 724 1742 772 tua:
1775 715 1964 770 obsero

359 826 486 886 vet,
525 818 667 872 sicut
709 831 926 886 semper
952 823 1036 871 est
1067 813 1397 869 custoditum
1423 851 1440 878 ,
1480 819 1538 865 ut
1583 809 1845 880 rescripta
1877 807 1964 862 vel

361 911 618 982 epistolas
645 909 825 982 potius
850 919 1062 963 nostras
1088 916 1111 944 ο
1151 921 1313 978 quam
1360 902 1738 960 annotationes
1773 900 1792 940 ί
1822 901 1965 958 solas

357 1003 642 1059 existimes
677 999 987 1056 audiendas.
1021 998 1142 1052 Dat.
1174 996 1294 1053 III.
1317 996 1444 1052 Kal.
1473 996 1598 1053 Jan.
1638 994 1867 1052 Treviris
1912 1005 1961 1074 κ,

360 1094 727 1150 Volusiano-et
757 1094 995 1148 Anniana
1018 1090 1164 1146 Cass.
1194 1091 1375 1168 (514).

346 1249 418 1288 ΒΕ
452 1247 612 1288 LONGI
642 1245 904 1286 TEIPOBIS
931 1243 1358 1286 PRESCBIP’I‘IONB
1392 1242 1511 1293 (ιοΕ
1539 1243 1642 1285 PRO
1664 1243 1961 1286 LIBER'I‘ATI

558 1339 629 1380 ET
653 1339 754 1379 NON
783 1337 1054 1379 ADVERSUS
1084 1336 1421 1378 LIBERTATEI
1447 1337 1760 1380 0P’ONITUB.

429 1439 739 1508 Exemplum
769 1453 1034 1492 sacrarum
1058 1437 1340 1490 litterarum
1361 1435 1678 1490 Constantini
1696 1445 1744 1492 ct
1777 1435 1962 1496 Licinii

345 1533 464 1586 ΑΛ.
479 1533 548 1585 ad
569 1530 878 1601 Dionysium
907 1527 1164 1581 Vicariam
1195 1526 1562 1598 Prwfecturam
1586 1538 1836 1598 agentem.
1858 1529 1960 1584 So-

343 1623 395 1676 la
434 1622 692 1691 temporis
717 1619 1132 1689 longinquitate,
1153 1618 1365 1672 etiamsi
1391 1618 1666 1687 sexaginta
1689 1634 1952 1676 annorum

341 1712 620 1771 curricula
646 1711 982 1777 excesserit,
1015 1710 1280 1764 libertatis
1306 1713 1428 1780 jura
1463 1712 1686 1767 minime
1718 1715 1953 1770 mutilari

1446 299 1769 357 DECRETA
1806 295 1895 354 ET
1935 290 2547 355 CONSTITUTIONES.

1998 416 2055 478 Α
2078 409 2238 468 fuerit
2275 411 2570 484 dignitatis,
2601 420 2659 471 ut
2695 429 3036 488 nequaquam
3083 415 3136 470 in
3187 430 3310 471 eum
3349 413 3545 472 decent
3583 416 3677 470 tali

3571 298 3675 360 118

2069 506 2253 575 vigore
2297 521 2647 578 consurgere,
2688 525 2850 580 super
2892 511 3008 579 ejus
3053 508 3272 564 nomine
3314 505 3380 563 ad
3433 519 3676 565 nostram

2067 596 2411 653 clementiam
2447 599 2736 656 referatur.
2771 601 2871 671 Qui
2911 602 3055 657 enim
3082 599 3438 673 expllcaverit
3463 610 3490 640 ιι
3516 618 3673 658 man-

2069 689 2300 757 sionem,
2332 690 2376 745 si
2408 691 2544 746 l'orte
2569 693 2734 749 boves
2756 710 2862 749 non
2892 693 3164 760 habuerit,
3190 693 3466 748 immorari
3486 694 3670 761 debet,

2068 780 2238 836 donec
2265 781 2463 837 fuerint
2493 783 2714 839 exhibiti
2745 786 2812 840 ab
2853 785 2937 840 his
2986 785 3074 856 qui
3123 799 3312 840 cursus
3346 785 3542 855 publici
3570 800 3669 840 cu-

2065 891 2179 930 ram
2208 887 2432 949 egerunt
2450 875 2504 946 b,
2531 893 2631 934 nec
2657 879 2881 935 cultura:
2905 889 3062 935 terrm
3084 878 3440 935 inservientes
3462 877 3672 934 abstra-

2065 969 2215 1025 bere.
2248 969 2368 1024 Acc.
2406 969 2474 1024 XI
2504 969 2607 1024 kal.
2642 969 2798 1026 Febr.
2847 969 3076 1038 Caralis,
3115 967 3450 1026 Constantino
3500 968 3564 1026 .4.
3598 969 3670 1026 IV

2065 1070 2112 1118 et
2140 1061 2343 1118 Licinio
2365 1062 2433 1117 IV
2462 1062 2606 1118 Cass.
2638 1064 2812 1136 (515).

2271 1191 2486 1242 QUOBUI
2515 1193 2943 1234 APPELLATIONES
2972 1193 3072 1234 NON
3096 1191 3471 1236 RECIPIAN'I’UR.

2136 1266 2272 1339 Imp.
2293 1267 2674 1326 Constantinus.
2700 1270 2763 1324 A.
2789 1273 2854 1325 ad
2887 1270 3219 1326 Volusianum
3252 1281 3273 1305 ο
3309 1265 3397 1342 Pf.
3421 1268 3486 1324 Π.
3512 1269 3613 1336 Qui
3633 1284 3663 1326 ει

2063 1360 2380 1433 prmjudicio
2408 1361 2765 1431 appellaverit
2816 1362 2898 1418 vel
2942 1363 3008 1417 ab
3051 1363 3455 1418 exsecutoribus
3482 1377 3662 1417 rerum

2061 1464 2218 1508 antea
2249 1462 2563 1509 statutarum
2586 1452 2633 1517 ἀ,
2664 1465 2822 1526 atque
2857 1451 3384 1509 alteriuseauditorii
3417 1470 3658 1528 praepro-

2061 1560 2190 1616 pere
2208 1543 2226 1583 τ
2242 1545 2440 1615 judicia
2462 1547 2784 1616 peposcerit,
2803 1544 3018 1616 triginta
3039 1545 3242 1599 follium
3260 1560 3417 1616 poena
3435 1546 3664 1600 mulctc-

2061 1645 2164 1700 tur,
2186 1637 2256 1692 ita
2271 1647 2325 1693 ut
2338 1654 2549 1693 omnem
2565 1653 2806 1694 caussam
2821 1637 2937 1709 ipse
2949 1638 3065 1693 sine
3084 1636 3340 1693 dilatione
3357 1636 3656 1708 discingasg

2058 1730 2255 1802 quippe
2282 1746 2401 1786 cum
2434 1742 2486 1784 et
2521 1746 2764 1786 caussam
2797 1741 2939 1786 tuam
2985 1730 3216 1786 videaris
3246 1745 3366 1786 esse
3393 1731 3652 1797 facturus,

338 1815 618 1878 oportere,
677 1803 925 1874 congruit
970 1803 1226 1872 aequitati.
1283 1801 1408 1858 Dat.
1451 1804 1520 1861 IV
1555 1805 1757 1861 kalend.
1800 1807 1941 1864 Maii.

2061 1823 2106 1878 si
2137 1839 2231 1895 per
2260 1821 2690 1879 conniventiamh
2725 1823 3655 1895 hujusmodiappellationemadmi-

345 1903 638 1957 Volusiano
667 1912 711 1955 et
736 1900 976 1954 Anniana
1003 1897 1147 1953 Cass.
1174 1899 1348 1970 (514).
1377 1901 1484 1974 (Ea;
1512 1901 1641 1957 Cod.
1674 1903 1840 1976 Just.)

483 2033 555 2072 DE
584 2030 920 2080 ACQUIBBKDA
951 2029 1018 2069 ΕΤ
1039 2028 1373 2077 REQUIBENDA
1400 2029 1768 2074 POSSESSIONB.

418 2115 558 2187 Imp.
594 2115 912 2171 Constantin.
951 2117 1014 2171 Α.
1043 2118 1112 2170 ad
1150 2111 1458 2168 Maternum.
1504 2114 1673 2171 Nemo
1729 2118 1956 2190 ambigit-

335 2207 706 2279 possessionis
760 2208 1028 2280 duplicem
1076 2224 1196 2266 esse
1241 2210 1502 2266 rationem
1545 2227 1558 2264 :
1602 2208 1760 2264 aliam
1825 2226 1946 2282 quae

327 2303 461 2373 jure
508 2302 784 2368 consistit;
825 2301 983 2358 aliam
1014 2317 1132 2373 quae
1171 2317 1396 2373 corpore
1421 2319 1434 2358 :
1458 2311 1738 2374 utramque
1763 2313 1944 2366 autem

332 2395 415 2450 ita
442 2395 662 2450 demum
693 2409 815 2452 esse
843 2395 1160 2465 legitimam,
1186 2411 1306 2451 cum
1337 2396 1577 2454 omnium
1604 2397 1942 2454 adversario-

325 2503 459 2542 rum
509 2486 725 2541 silentio
765 2493 820 2540 et
869 2485 1229 2543 taciturnitate
1274 2485 1516 2542 ﬁrmatur
1562 2505 1574 2540 :
1627 2487 1941 2559 interpella.

327 2582 483 2636 tione
537 2595 667 2636 vero
709 2589 766 2635 et
820 2581 1190 2638 controversia
1244 2595 1566 2653 progressa,
1624 2597 1730 2640 non
1783 2597 1941 2653 posse

323 2688 460 2728 eum
500 2672 726 2742 intelligi
752 2686 1120 2746 possessorem
1143 2673 1234 2743 qui
1257 2713 1274 2740 ,
1305 2673 1430 2728 licet
1460 2673 1938 2746 (possessionem)

323 2780 566 2836 corpore
605 2774 785 2822 teneat
811 2807 826 2831 ,
855 2774 1057 2832 tamen,
1081 2781 1146 2820 ex
1171 2765 1483 2836 interpOsita
1506 2768 1899 2824 contestatione
1917 2809 1935 2837 ,

318 2869 379 2916 et
430 2874 595 2914 causa
629 2861 680 2915 in
709 2858 966 2930 judicium
1003 2858 1233 2914 deducta
1256 2901 1271 2925 ,
1300 2874 1462 2930 super
1483 2859 1605 2929 jure
1636 2861 1935 2930 posscssio-

319 2952 414 3006 nis
449 2950 670 3006 vacillet
697 2965 760 3005 ac
789 2949 1016 3004 dubitet.
1052 2948 1168 3004 PP.
1201 2949 1273 3006 X1
1296 2949 1505 3006 kalend.
1531 2949 1782 3006 Februar.
1813 2951 1934 3008 Tri-s

317 3042 434 3096 ber.
469 3041 752 3100 Volusiano
768 3050 816 3096 et
837 3041 1090 3096 Anniana.
1111 3040 1255 3097 Cass.
1280 3040 1459 3113 (5M).
1487 3040 1594 3113 (Ea:
1619 3041 1746 3099 Cod.
1767 3041 1934 3118 Just.)

887 3177 1029 3228 Anno
1051 3179 1248 3228 Domini
1271 3179 1382 3231 515.

568 3263 907 3318 Constantina
931 3264 999 3319 IV
1024 3274 1068 3318 et
1090 3263 1292 3318 Licinia
1317 3265 1383 3319 IV
1415 3266 1528 3322 AA.
1553 3267 1697 3323 Cass.

424 3374 493 3413 DE
527 3373 696 3412 CURSU
727 3373 948 3413 PUBLICO
973 3355 1002 3393 δ
1032 3373 1275 3413 ANGABIIS
1299 3375 1365 3413 ET
1394 3374 1738 3418 PARANGARIIS
1774 3362 1816 3418 ί.

400 3469 542 3541 Imp.
571 3469 934 3525 Constantinus
962 3469 1026 3524 A.
1061 3470 1130 3523 ad
1154 3469 1506 3535 Constantium
1536 3472 1581 3528 ἰ.
1613 3474 1668 3530 Si
1690 3476 1809 3546 quis
1831 3477 1933 3534 iter

318 3564 534 3618 faciens
565 3564 758 3617 bovem
784 3579 890 3616 non
919 3564 1100 3617 cursui
1126 3563 1472 3632 destinatum,
1498 3567 1592 3621 sed
1624 3571 1816 3624 aratris
1838 3571 1931 3626 dc—

315 3657 497 3710 ditum
547 3654 766 3710 duxerit
805 3655 1250 3724 abstrahendum,
1297 3671 1392 3726 per
1435 3659 1778 3718 stationarios
1810 3660 1835 3699 ¹ί
1878 3674 1934 3720 et

317 3763 420 3804 eos
469 3749 561 3820 qui
589 3749 774 3807 cursui
805 3748 1019 3820 publica
1049 3758 1319 3818 praesunt,
1363 3749 1546 3808 debito
1585 3752 1768 3822 vigore
1810 3771 1932 3812 cor-

315 3853 516 3911 reptus
540 3851 635 3898 aut
661 3843 850 3912 judici,
884 3843 930 3897 si
958 3852 1157 3912 praesto
1184 3842 1366 3907 fuerit,
1394 3843 1678 3914 offeratur,
1701 3859 1792 3902 aut
1817 3865 1934 3904 ma-

316 3937 641 4010 gistratibus
688 3936 1100 4007 municipalibus
1139 3939 1464 4007 competenti
1497 3954 1722 3996 censura
1760 3942 1932 4000 trada-

323 4042 436 4102 tur,
467 4046 768 4104 eorumque
798 4031 1058 4102 obsequio
1104 4031 1532 4100 transmittatur;
1563 4043 1655 4095 aut
1690 4031 1706 4072 1
1738 4035 1786 4092 si
1812 4038 1929 4108 ejus

403 4176 426 4203 ⁸
461 4165 542 4220 Ad
568 4165 625 4220 h.
661 4180 711 4220 c.
746 4165 796 4219 in
831 4180 902 4219 m.
933 4163 1049 4219 folii
1075 4163 1235 4235 primi
1263 4165 1384 4220 cod.
1421 4165 1446 4221 1
1481 4164 1597 4222 lucc
1630 4181 1722 4222 vv.
1757 4167 1930 4225 literis

323 4238 552 4293 minutis
589 4237 858 4306 adscripta
914 4247 1106 4291 sunt...
1151 4238 1204 4290 ni
1257 4253 1312 4305 ρ.
1357 4237 1672 4306 ...dultum|
1815 4255 1929 4294 sum

327 4307 623 4380 exemplum
655 4309 664 4376 Ι
701 4346 762 4380 ...
805 4324 939 4378 graec
970 4307 1060 4380 lib.
1106 4307 1166 4366 γ.
1208 4306 1345 4364 Cod.
1381 4307 1521 4368 Just.
1566 4308 1631 4366 D.
1659 4306 1720 4366 1).
1746 4309 1812 4366 Β.
1860 4311 1930 4367 Et

335 4379 682 4449 Pragmaticis
711 4379 1091 4434 Sanctianibus.

407 4451 431 4488 δ
465 4451 531 4506 Α.
557 4451 710 4506 deest
741 4451 794 4506 in
824 4447 955 4506 Cod.
995 4449 1044 4506 1.

407 4466 431 4488 υ
465 4466 531 4506 Α.
557 4466 710 4506 dces:
741 4466 794 4512 In
824 4466 955 4506 hoc.
995 4466 1044 4506 1.

406 4533 427 4561 ε
462 4523 490 4578 1
532 4521 794 4591 Vigilium,

2055 1914 2211 1969 seris.
2242 1915 2299 1970 Si
2330 1931 2464 1986 quas
2491 1930 2621 1971 sane
2648 1916 2712 1971 de
2747 1915 2894 1970 omni
2941 1931 3130 1971 caussa
3160 1915 3506 1987 interpositus
3531 1931 3654 1973 esse

2054 2009 2472 2078 provocationes
2514 2007 2890 2079 perspexeris,
2923 2008 2975 2062 in
3029 2024 3214 2063 earnm
3255 2007 3650 2078 disceptatione

2053 2098 2342 2154 observare
2365 2098 2608 2165 debebis,
2633 2098 2774 2169 quod
2794 2099 2904 2168 jam
2937 2099 3141 2169 pridem
3167 2114 3195 2152 a
3228 2099 3384 2153 nobis
3417 2108 3502 2155 est
3537 2101 3652 2155 evi-

2050 2189 2362 2246 dentissime
2387 2191 2734 2245 constitutum
2766 2191 2808 2245 ί.
2845 2189 2964 2244 ΡΡ.
2997 2192 3062 2247 ν.
3091 2189 3218 2246 Kal.
3243 2191 3403 2248 Mart.
3438 2191 3638 2271 Rantw,

2048 2279 2376 2335 Constantino
2402 2282 2466 2334 Α.
2496 2280 2584 2335 ιν.
2610 2290 2655 2336 et
2677 2279 2874 2336 Licinia
2895 2281 2985 2338 IV.
3018 2281 3141 2338 Cass
3169 2283 3340 2356 (515).

2117 2410 2185 2451 DE
2238 2409 2476 2451 DIVERSIS
2535 2410 2760 2454 OFFICIIS
2815 2412 2885 2451 ΕΤ
2943 2412 3360 2456 APPARITORIBUS
3411 2399 3426 2452 I
3490 2416 3559 2456 ΕΤ

2559 2503 2904 2545 PBOBATORIIS
2928 2501 3144 2544 ἐοιωι

2116 2577 2255 2653 Imp.
2289 2578 2653 2640 Constantinus
2683 2581 2747 2640 Α.
2773 2579 2800 2619 ¹ί
2828 2582 2896 2642 ad
2929 2581 3262 2640 Versennium
3296 2582 3640 2648 Fortunatam

2044 2670 2374 2727 Consularem
2399 2689 2648 2742 aquarum
2679 2670 2724 2726 ι.
2751 2673 3120 2730 Prontotionis
3154 2674 3287 2732 ordo
3325 2677 3638 2736 cusmdien-

2041 2765 2142 2821 dus
2171 2775 2274 2830 est,
2300 2773 2360 2819 ut
2384 2766 2589 2835 primus
2609 2775 2649 2803 ιιι
2673 2766 2724 2820 in
2754 2765 2934 2822 ol‘llcio
2955 2776 2983 2804 η
3009 2768 3080 2821 sit
3104 2809 3121 2833 ,
3169 2768 3259 2838 qui
3291 2769 3440 2838 prior
3481 2770 3640 2833 fuerit

2040 2858 2092 2913 in
2123 2857 2506 2928 consequendo
2549 2857 2811 2912 beneﬁcio
2857 2857 3159 2928 principali.
3195 2859 3316 2913 Dat.
3357 2860 3488 2915 Vlll.
3543 2860 3632 2915 Id.

2041 2949 2200 3004 Mart.
2230 2958 2252 2985 ο
2281 2949 2648 3004 Thessalonica
2681 2959 2740 3017 Ρ,
2770 2947 3108 3006 Constantina
3133 2950 3199 3007 Α.
3239 2951 3326 3008 ιν.
3359 2961 3406 3009 et
3435 2951 3640 3014 Licinia

2036 3041 2124 3098 IV.
2159 3041 2305 3097 Cass.
2339 3043 2559 3115 (5153).

2111 3191 2137 3219 ει
2182 3181 2363 3237 Codex
2412 3184 2781 3255 explecauerit.
2806 3184 2939 3240 Aur.
2982 3183 3150 3254 Lugd.
3189 3184 3297 3255 qui.
3338 3200 3392 3238 n.
3437 3187 3626 3253 explic.

2038 3251 2136 3308 Go.
2173 3269 2279 3308 em.
2311 3253 2644 3325 applicaverit
2671 3265 2722 3309 et
2752 3254 2996 3310 diversas
3025 3251 3368 3316 tentat'vocis
3393 3251 3628 3325 explica~

2037 3325 2184 3388 verit,
2234 3341 2353 3394 qua:
2394 3324 2645 3380 Reinesio
2685 3340 2901 3394 quoque
2941 3335 3188 3394 suspecta
3238 3336 3341 3390 est,
3390 3324 3630 3395 explica»

2037 3396 2230 3450 tiones.
2276 3395 2628 3466 Commendat
2674 3397 2832 3450 etiam
2879 3397 3134 3466 appellere
3180 3397 3247 3450 ad
3289 3397 3626 3465 mansionem,

2037 3466 2197 3536 impr.
2228 3465 2313 3521 Ri.
2347 3468 2398 3520 in
2432 3476 2544 3522 not.
2574 3466 2690 3536 [ad
2728 3481 2778 3520 c.
2822 3467 2886 3522 15
2912 3465 2978 3522 Ε.
3006 3466 3106 3522 Th.
3136 3466 3194 3521 Il.
3228 3477 3264 3520 t.
3289 3466 3411 3536 ,Sed
3449 3483 3628 3536 neque

2036 3535 2227 3592 Ritteri
2250 3538 2535 3605 explicatio
2565 3534 2895 3592 admittenda
2925 3546 3025 3602 est,
3056 3537 3146 3608 qui
3177 3534 3432 3608 explicare
3472 3534 3621 3594 man-

2034 3609 2227 3662 sionem
2259 3610 2452 3678 accipit
2498 3623 2595 3677 pro
2633 3608 2837 3678 digredi
2878 3608 2946 3662 ab
2987 3607 3255 3662 ordinaria
3294 3622 3483 3662 cursus
3523 3624 3626 3677 pu—

2035 3678 2155 3733 blici
2189 3681 2417 3733 statione
2440 3681 2490 3732 in
2519 3680 2696 3740 aliam,
2727 3680 2813 3731 ubi
2850 3693 3039 3734 cursus
3071 3679 3312 3748 publicus
3344 3693 3454 3735 non
3491 3691 3624 3748 stat,

2035 3751 2201 3823 nisus
2226 3766 2312 3802 vv.
2354 3750 2499 3823 c._2_,
2536 3750 2563 3821 §
2599 3751 2624 3803 1
2670 3749 2732 3823 C.
2774 3749 2873 3823 Th.
2916 3749 2984 3804 de
3028 3748 3267 3823 Curiosis
3310 3749 3423 3823 (Vl,
3453 3751 3564 3823 729)
3609 3769 3623 3806 :

2034 3821 2148 3874 licet
2184 3821 2235 3874 in
2282 3821 2545 3893 canalibus
2596 3821 2810 3893 publicis
2857 3825 2964 3876 lucc
3003 3821 3278 3880 necessitas
3321 3821 3624 3893 explicetur,

2034 3907 2152 3960 quae
2186 3901 2360 3946 tamen
2393 3891 2444 3945 in
2473 3891 2615 3946 hunc
2639 3893 2672 3946 Ι,
2721 3891 2876 3960 plane
2905 3907 3011 3947 non
3034 3893 3317 3961 quadrant.
3342 3891 3627 3962 Explicarc

2034 3963 2539 4036 mansionemrnibil
2571 3962 2746 4036 aliud,
2790 3972 2846 4017 ut
2873 3963 3108 4036 videtur,
3153 3964 3419 4036 signiticet
3464 3980 3624 4036 qnam

2033 4035 2291 4103 pervenire
2318 4035 2386 4088 ad
2422 4035 2760 4100 mansionem,
2801 4037 2896 4089 via:
2934 4035 3156 4102 spatium
3195 4034 3407 4102 aliquod
3448 4034 3624 4103 confe-

2033 4106 2159 4178 gisse
2209 4105 2445 4178 (Slation
2494 4105 2897 4178 zurucklegen).
2936 4105 3213 4178 Similiter
3259 4104 3398 4162 Plin.
3450 4105 3622 4176 Epist.

2031 4175 2168 4246 VIII,
2200 4175 2230 4230 1
2261 4195 2274 4230 :
2303 4178 2398 4232 iter
2427 4177 2688 4231 commoda
2717 4175 2960 4246 explicui.

2105 4245 2132 4285 ι’
2161 4247 2264 4318 Go.
2298 4248 2512 4318 Reines.
2545 4257 2669 4317 apte
2695 4245 2801 4304 em.
2834 4257 3035 4318 gerunt.

2109 4329 2129 4356 ε
2161 4317 2226 4372 Ri
2249 4323 2286 4374 ⁶.
2315 4317 2678 4374 Xalusianum.

2104 4385 2130 4424 ἀ
2157 4387 2256 4444 G0.
2293 4389 2550 4445 mendose
2578 4399 2910 4445 staturarunt.

2106 4468 2129 4534 ῗ
2157 4460 2257 4534 Co.
2289 4477 2418 4534 ann.
2449 4479 2461 4514 :
2493 4479 2511 4511 ‹
2540 4459 2621 4516 An
2646 4460 2846 4531 potius,
2869 4459 3102 4516 altioris?
3122 4459 3263 4530 quod
3288 4475 3394 4516 non
3420 4471 3565 4534 puto.
3598 4481 3619 4515 ι

2109 4528 2129 4574 ί
2158 4530 2261 4587 Go.
2287 4533 2375 4587 11..
2403 4528 2717 4602 prwpapere.
3138 4528 3152 4530 “
3321 4601 3350 4602 η
3420 4528 3428 4540 1

403 4591 430 4674 si
463 4591 696 4674 alteras
728 4609 806 4657 eo,
835 4606 951 4674 qua:
975 4591 1224 4674 abscissae
1249 4601 1372 4652 sunt
1397 4592 1451 4650 in
1473 4591 1592 4649 cod.
1626 4594 1677 4660 1,
1709 4595 1831 4650 add.
1861 4595 1922 4652 Ρ.
1953 4596 2008 4656 D
2104 4611 2128 4652 ε
2150 4602 2274 4674 βυ).
2307 4605 2356 4658 1.
2381 4591 2704 4671 Cuj.'2L—Ri
2730 4606 2766 4657 ‘.
2799 4603 3112 4674 discinguas.
3155 4602 3289 4659 Cum
3318 4601 3490 4660 literis
3517 4605 3626 4660 cin-

412 4672 435 4732 ἐ
465 4662 558 4718 W.
581 4662 736 4732 Ipsos
762 4662 1048 4728 mendose;
1079 4663 1172 4719 sed
1199 4664 1250 4718 in
1283 4679 1424 4721 corr.
1451 4680 1558 4719 em.
1591 4675 1810 4721 nostras.

412 4731 432 4770 τ
462 4735 488 4788 1
522 4731 896 4789 Adnatitianes.

411 4816 436 4851 ε
472 4806 498 4860 1
531 4803 673 4858 Trio.
709 4807 764 4860 P.
796 4804 1038 4864 Triveris.
1070 4804 1169 4865 Pu.
1203 4805 1444 4861 Triberis.

405 4875 437 4911 ὶι
470 4875 878 4950 16ᾃροςιη9ατὶξξ.
901 4876 1051 4950 Sich.
1090 4886 1144 4932 et
1169 4876 1300 4933 Cod.
1331 4877 1468 4933 JuSI.
1501 4889 1548 4935 et
1573 4880 1823 4950 angariis.
1855 4878 1930 4937 Ita

329 4949 500 5004 etiam
532 4947 762 5002 Sicb.’et
801 4947 903 5002 Til.
935 4948 990 5004 in
1019 4949 1194 5004 indice
1221 4951 1518 5004 titulorum.

411 5018 824 5093 i_l\lonn_._co_dd.
859 5020 1197 5093 perungui-iis,
1229 5020 1280 5074 in
1316 5020 1432 5075 aliis
1463 5037 1570 5076 om.
1606 5033 1653 5077 et
1677 5039 1921 5093 parang.,

328 5091 386 5166 in
413 5091 532 5148 aliis
558 5090 682 5145 add.
719 5090 813 5146 hac
843 5088 997 5166 e_._qui
1021 5088 1227 5166 ueredu.
1253 5094 1536 5163 prwsumit.
1577 5088 1710 5152 Cod.
1749 5088 1922 5166 Lugd.

330 5160 578 5232 Paranga
605 5171 659 5216 et
689 5175 835 5232 Supr.
869 5161 961 5217 lin.
995 5161 1119 5217 add.
1153 5160 1261 5216 riis.

406 5233 421 5283 i
462 5231 560 5306 Co.
595 5231 854 5306 et_Be._in
889 5243 1002 5306 not.
1034 5233 1169 5306 add.)
1192 5234 1278 5306 l’f.
1313 5232 1407 5306 Ρη
1435 5243 1602 5292 recte.
1635 5236 1689 5295 In
1719 5235 1926 5298 Chron.

325 5302 600 5378 h._a._Go.
637 5303 929 5359 Prmsidem
961 5303 1220 5378 Sardinire
1238 5302 1464 5378 accipit.

401 5373 424 5412 ’κ
481 5373 571 5428 Bc.
617 5384 858 5430 annotat.
911 5393 924 5428 ε
971 5393 990 5426 ι
1028 5375 1194 5430 Recte
1242 5373 1711 5435 Glrfementlavit
1760 5383 1932 5436 inter-

323 5445 674 5529 punctionem
703 5446 819 5514 an.
853 5447 904 5512 1,
932 5446 1013 5529 2',“
1032 5461 1158 5529 quae
1191 5459 1455 5529 commata
1494 5465 1598 5529 non
1631 5451 1847 5517 habent,
1877 5461 1933 5510 et

320 5519 492 5571 alium
514 5517 668 5584 plane
689 5531 904 5592 sensum
927 5517 1184 5592 efficiunt.
1218 5537 1236 5569 ι
1253 5517 1306 5592 _ll
1316 5520 1352 5573 ti
1376 5535 1515 5592 {nunc
1531 5521 1928 5592 interpunctum

323 5599 410 5643 est
441 5598 573 5642 ante
602 5598 691 5649 ει..
726 5599 841 5641 erat
863 5589 973 5654 jam
1007 5589 1058 5641 in
1089 5591 1218 5642 Aur.
1252 5588 1420 5658 Lugd.

413 5658 429 5695 ι
473 5659 563 5712 Be.
596 5675 702 5714 em.
736 5667 810 5724 at,
845 5675 948 5714 non
975 5659 1112 5714 male
1143 5659 1379 5729 quidem,
1413 5661 1504 5716 sed
1543 5662 1658 5717 sine
1689 5666 1927 5721 necessi-

333 5740 468 5785 tate.
501 5729 872 5806 lievocandam
899 5745 1018 5806 esse
1055 5730 1180 5784 duxi
1214 5731 1450 5806 priorum
1487 5732 1614 5806 edd.
1646 5733 1928 5806 interpun-

326 5807 611 5865 ctionem;
641 5800 733 5856 Bc.
762 5803 907 5858 enim
935 5802 1263 5871 intcrpunxit
1285 5804 1674 5864 transmittatur.
1696 5800 1817 5862 Aut.

2029 4691 2119 4744 gas
2146 4661 2252 4744 inc:
2276 4674 2370 4729 fol.
2388 4661 2492 4728 20⁷1
2515 4661 2688 4728 αόοό.
2719 4675 2772 4728 4.

2103 4741 2130 4780 h
2153 4743 2208 4809 4,
2233 4744 2481 4800 Ti|.—Ri
2506 4748 2544 4797 *.
2579 4744 3058 4816 conltibentiam,ut
3079 4743 3192 4816 fere
3221 4759 3455 4814 semper,
3484 4746 3627 4816 quod

2031 4815 2084 4898 in
2110 4830 2229 4886 sqq.
2265 4830 2702 4899 commemorare
2730 4815 3076 4899 supersedeo.
3102 4815 3180 4872 Ita
3224 4833 3319 4886 pro
3356 4815 3627 4876 conniven-

2033 4889 2154 4942 tiam
2176 4887 2430 4958 scriptum
2462 4901 2583 4942 esse
2607 4889 2718 4956 jam
2742 4887 2841 4942 Go.
2868 4894 3068 4942 narrat.

2112 4956 2254 5041 i"Go.
2289 4963 2424 5041 hanc
2448 4958 2642 5041 legem,
2670 4974 2789 5028 quae
2817 4958 3088 5029 antiquior
3112 4957 3229 5030 lege
3250 4961 3420 5031 prima
3443 4959 3626 5027 fuerit,

2029 5028 2252 5100 periis-se
2279 5028 2572 5083 contendit.

2099 5101 2112 5152 i
2152 5099 2285 5154 Cod.
2313 5099 2452 5154 Just.
2479 5115 2602 5169 app.
2635 5100 2901 5156 Iudicum.

2104 5172 2129 5208 ¹ί
2151 5170 2284 5225 Cod.
2317 5171 2486 5241 Lugd.
2520 5171 2628 5227 ΑΛ.

2109 5242 2128 5279 1
2155 5241 2278 5298 Sec.
2311 5243 2412 5298 Go.
2445 5244 2496 5298 in
2517 5242 2774 5300 Cbronol.
2797 5243 2922 5298 add.
2949 5241 3150 5300 Romae.

2107 5323 2145 5352 σι
2177 5313 2230 5368 In
2265 5315 2454 5369 litteris
2477 5315 2613 5382 prb.
2641 5332 2694 5370 v.
2723 5315 2920 5370 desinit
2947 5316 3038 5370 l'ol.
3074 5314 3351 5372 XlX.c0d.
3377 5317 3428 5372 1.

2109 5393 2136 5420 “
2164 5387 2294 5440 Cum
2329 5385 2496 5440 literis
2527 5386 2646 5453 ﬁcia
2686 5387 2870 5456 incipit
2901 5386 2992 5440 fol.
3027 5386 3144 5441 XX.
3184 5388 3304 5443 cod.
3361 5387 3385 5440 1
3421 5427 3436 5449 ,
3482 5386 3627 5455 quod

2040 5452 2235 5529 desinit
2279 5457 2333 5511 in
2386 5472 2475 5510 vv.
2523 5471 2568 5510 c.
2614 5458 2681 5511 1‘2
2722 5452 2870 5512 b.'t.
2915 5452 3632 5529 afficiiinquaparentuacabu-

2039 5527 2354 5582 lacense.....
2949 5527 2980 5529 ἠέ
3148 5527 3154 5528 ⁷
3241 5527 3245 5528 ⁷

2113 5608 2136 5633 ο
2164 5597 2262 5653 Co.
2293 5599 2345 5652 in
2376 5597 2583 5668 Chron.
2610 5599 2678 5668 cj.
2717 5599 2846 5655 Mai.
3442 5605 3449 5621 '

2109 5679 2135 5718 ι)
2165 5669 2296 5724 Cod.
2342 5668 2512 5737 Lugd.
2548 5667 2815 5724 Thessall‘.
2849 5669 2985 5726 Edd.
3019 5669 3412 5736 Thessalonica,

2113 5749 2139 5788 ιι
2161 5737 2260 5794 Go.
2292 5741 2342 5793 in
2365 5738 2567 5795 Chron.
2621 5757 2671 5810 p.
2728 5740 2796 5795 X.
2835 5760 2848 5797 :
2883 5762 2900 5793 ι
2942 5741 3101 5798 Forte
3128 5742 3290 5798 etiam
3318 5753 3465 5804 recte
3495 5740 3638 5804 rele-

2044 5819 2190 5864 ratur
2214 5810 2277 5864 ad
2307 5825 2357 5864 a.
2386 5808 2509 5866 519.
2542 5828 2560 5860 ι
