4142 6178
794 372 863 412 DB
892 368 1384 412 APPELLATIONIBUS.

356 469 491 540 Imp.
523 469 896 524 Constantinus
925 470 987 523 Α.
1017 468 1087 523 ad
1122 468 1439 523 Probianum
1462 476 1485 503 ο
1518 466 1889 521 Procansnlem

279 562 495 634 Africa.
515 550 950 630 Appellationum
978 575 1216 626 caussas,
1242 575 1361 629 qua:
1377 558 1404 597 ι)
1420 574 1514 629 per
1540 573 1634 612 vus
1663 558 1714 612 in
1733 557 1889 611 audi-

279 654 430 711 torio
468 664 716 719 nostrae,
754 654 955 724 quibus
984 654 1155 708 vicem
1204 652 1371 707 nostri
1419 650 1734 706 mandamus
1762 664 1891 704 exa-

280 748 467 813 minis,
491 746 873 817 dijudicantur,
905 742 1021 800 itad
1046 744 1237 800 audire
1265 744 1455 810 debes,
1480 752 1537 798 ut
1563 743 1729 807 edito,
1748 740 1891 812 quod

283 855 453 912 super
471 822 898 911 appellationum
919 838 1149 909 negotiis
1171 837 1417 893 liniendis
1434 840 1544 908 jam
1567 834 1893 906 generaliter

284 934 642 991 constitutum
666 942 786 998 est,
816 946 1009 1001 pareas
1029 972 1043 993 ,
1076 939 1238 1000 atque
1265 928 1452 985 eadem
1489 928 1701 997 negotia
1732 940 1891 996 quam

282 1024 654 1081 maturissime
705 1024 965 1095 explices.
998 1021 1124 1076 Dat.
1158 1021 1293 1077 VIII.
1326 1019 1451 1075 Kal.
1485 1020 1632 1091 Sept.
1662 1018 1816 1076 Rom.
1841 1026 1891 1087 ε,

280 1116 625 1174 Constantino
651 1116 717 1171 A.
748 1115 843 1173 IV.
868 1124 918 1170 et
939 1114 1143 1170 Licinio
1165 1112 1257 1170 IV.
1281 1112 1424 1169 Cass.
1456 1110 1633 1185 (515).

891 1248 960 1288 DE
985 1245 1116 1287 JURE
1146 1244 1299 1286 FISCI.

348 1327 502 1400 Imp.
537 1327 905 1384 Constantinus
942 1327 1006 1380 A.
1034 1323 1171 1381 etC.
1209 1322 1228 1361 ί
1259 1322 1327 1377 ad
1360 1320 1644 1393 Populum.
1676 1319 1733 1376 Si
1763 1317 1891 1390 quid

280 1438 311 1479 a
339 1422 481 1481 ﬁsco
506 1422 671 1478 fuerit
710 1418 1086 1491 occupandum
1109 1427 1135 1465 ε
1164 1417 1245 1473 vel
1273 1433 1302 1471 a
1347 1416 1501 1473 nobis
1530 1415 1597 1471 de
1640 1422 1839 1470 caetero
1868 1413 1895 1451 ιι

284 1534 389 1592 pro
421 1520 845 1588 uniuscujusque
876 1514 1087 1572 meritis
1130 1513 1513 1582 obscquiisque
1541 1508 1850 1565 donandum
1876 1550 1893 1574 ,

282 1615 374 1670 vel
406 1614 478 1669 ab
504 1612 702 1669 eodem
731 1608 1137 1666 distrahendum
1166 1649 1181 1674 ,
1217 1608 1353 1661 intra
1384 1621 1581 1660 annum
1606 1645 1620 1669 ,
1646 1601 1896 1657 omnibus

282 1706 369 1761 vel
393 1721 428 1760 a
465 1703 730 1777 petitione
761 1702 848 1758 vel
877 1716 905 1755 a
937 1699 1344 1771 comparatione
1370 1713 1431 1753 se
1460 1695 1853 1751 abstinentibus
1876 1735 1892 1761 ,

286 1798 341 1853 bi
361 1842 379 1867 ,
414 1799 510 1870 qui
542 1804 736 1868 putant
770 1795 969 1865 injuste
995 1808 1083 1849 res
1108 1791 1354 1864 proprias
1383 1806 1414 1845 a
1441 1788 1573 1845 ﬁsco
1598 1802 1720 1844 esse
1742 1803 1895 1843 com-

282 1902 506 1966 paratas
529 1890 545 1928 ί
565 1932 582 1959 ,
606 1900 795 1947 contra
826 1888 1076 1944 eumdem
1103 1902 1261 1959 agere
1284 1886 1636 1951 contendant,
1664 1884 1900 1940 scientes

286 1984 772 2055 gratulantesque,
804 1980 948 2050 quod
979 1995 1154 2035 annua
1178 1978 1346 2049 spatia
1371 2019 1386 2044 ,
1419 1978 1560 2033 intra
1596 1993 1714 2049 qua:
1740 1991 1897 2031 suum

286 2084 579 2148 repetant,
604 2075 717 2130 sint
754 2073 994 2139 indulta;
1043 2086 1107 2126 ac
1133 2071 1179 2126 si
1211 2070 1554 2140 probaverim
1576 2111 1591 2137 ,
1635 2068 1898 2139 justitiam

285 2167 542 2240 petitioni
592 2180 706 2221 suae
732 2165 920 2220 adesse
941 2204 957 2231 ,
989 2163 1284 2233 recipiant,
1318 2170 1373 2217 et
1412 2170 1600 2217 nostro
1638 2160 1901 2217 beneficio

287 2261 539 2317 habeant
560 2260 832 2316 restituta.
864 2257 987 2312 Dat.
1026 2257 1040 2309 i
1109 2254 1196 2313 Id.
1230 2255 1374 2325 Sept.
1412 2254 1579 2310 Roma
1600 2297 1615 2322 ,
1646 2252 1900 2310 Constan-

285 2357 399 2410 tino
425 2355 490 2409 Α.
539 2354 629 2410 IV.
658 2364 703 2409 et
728 2352 928 2408 Licinio
956 2351 1045 2408 IV.
1074 2347 1221 2407 Cass.
1250 2351 1423 2423 (515).

561 2485 630 2524 οε
659 2482 1008 2525 οεκτοκλωις
1034 2483 1101 2522 ΕΤ
1126 2481 1526 2522 DENDROPHORIS
1552 2464 1601 2521 ι.

358 2562 510 2636 Imp.
536 2560 901 2618 Constantinus
930 2561 995 2616 Α.
1029 2562 1098 2614 ad
1141 2560 1423 2633 Evagrium
1450 2560 1541 2631 Pf.
1576 2559 1643 2615 Ρ.
1674 2559 1756 2615 Ad
1782 2576 1902 2616 om-

289 2671 392 2715 nes
413 2657 634 2727 judiees
679 2655 886 2710 litteras
932 2655 1062 2709 dare
1093 2661 1238 2708 tuam
1290 2653 1541 2709 convenit
1564 2653 1901 2724 gravitatem,

286 2758 369 2817 ut,
386 2750 442 2803 in
461 2746 894 2819 quibuscumque
919 2744 1133 2816 oppidis
1155 2744 1520 2816 dendropbori
1542 2745 1760 2811 fuerint,
1775 2759 1904 2801 cen-

299 2841 646 2897 tonariorum
673 2851 836 2910 atque
879 2836 1154 2894 fabrorum
1182 2837 1425 2908 collegiis
1461 2834 1484 2876 1
1528 2850 1902 2906 annectantur,

288 2932 553 3005 quoniam
597 2931 718 2987 haec
743 2944 974 3002 corpora
1004 2939 1045 2967 π·
1073 2929 1372 3000 frequentia
1420 2929 1696 2985 hominum
1722 2931 1905 2999 multi-

288 3024 487 3098 plicari
519 3023 794 3095 expediet.
827 3021 951 3077 Dat.
999 3020 1141 3077 XIV.
1190 3019 1316 3076 Kal.
1354 3020 1469 3076 Oct.
1529 3021 1744 3077 Naisso.
1778 3021 1898 3079 Acc.

366 3189 399 3218 ⁸
437 3177 568 3236 Vid.
597 3176 660 3234 ϐ.
686 3177 792 3234 'l‘h.
822 3192 873 3232 c.
897 3177 932 3233 5
959 3175 1068 3233 et6
1096 3177 1150 3232 b.
1181 3185 1218 3231 t.

364 3250 401 3291 ι’
436 3251 473 3306 4
503 3267 719 3305 caussas
740 3250 834 3303 has
870 3265 1026 3320 quae;
1054 3259 1164 3303 ant.
1210 3263 1376 3317 man.,
1404 3248 1629 3305 fortasse
1668 3248 1902 3315 librarii,

292 3323 510 3380 deletur
533 3322 629 3376 has
661 3320 875 3387 punctis
896 3336 1060 3389 supra
1081 3320 1296 3374 additis.

368 3406 395 3434 ε
436 3395 523 3449 Ita
539 3395 598 3458 4,
621 3392 761 3457 'I‘il.;
800 3392 920 3447 rell.
946 3402 1129 3446 vestro.
1153 3391 1363 3447 Primus
1386 3402 1547 3447 oestro
1569 3391 1731 3446 tacite
1758 3405 1902 3446 corr.

292 3466 553 3537 Cuiacius
573 3465 629 3519 in
649 3462 771 3537 Cuj.
804 3470 859 3537 l._
884 3463 1048 3518 Recte
1074 3472 1257 3537 nostra
1277 3471 1493 3533 propter
1533 3478 1685 3533 seqq.
1726 3462 1906 3537 quibus

293 3533 458 3592 vicem
494 3536 661 3590 nostri
702 3533 1010 3588 mandamus
1037 3534 1283 3588 examinis
1306 3550 1325 3587 :
1355 3551 1524 3604 neque
1545 3541 1723 3589 tamen
1765 3534 1907 3589 acci-

298 3609 564 3677 piendum
589 3606 661 3677 de
689 3607 956 3660 auditorio
986 3607 1069 3659 cui
1103 3606 1348 3677 princeps
1374 3604 1489 3674 ipse
1538 3615 1758 3674 praeest,
1809 3605 1905 3677 sed

292 3676 364 3735 de
384 3676 690 3741 auditorio,
735 3677 1113 3746 quodcumque
1152 3676 1369 3730 nomine
1409 3693 1455 3731 s.
1499 3679 1618 3731 vice
1650 3676 1906 3746 principis

298 3751 563 3814 habetur,
587 3750 676 3804 hic
694 3763 724 3801 a
747 3745 1068 3817 proconsule
1091 3745 1284 3801 Africae
1315 3749 1366 3800 in
1393 3745 1683 3816 provincia.
1708 3747 1768 3802 ϐ.
1795 3745 1902 3803 Th.

297 3836 352 3879 c.
398 3823 491 3876 11.
537 3821 593 3875 h.
662 3827 705 3873 t.
754 3818 1116 3873 sublimitatem
1160 3828 1337 3890 tuam,
1365 3821 1475 3890 _qui
1527 3818 1907 3890 cognitionibus

295 3905 542 3948 nostram
561 3893 719 3946 uicem
737 3899 1101 3959 .reprtesentas,
1125 3897 1180 3944 et
1203 3888 1291 3954 XI,
1314 3888 1407 3954 56,
1429 3890 1516 3956 5.)

371 3962 401 4002 δ
440 3964 505 4029 4,
528 3961 633 4018 'I'il.
674 3963 750 4016 id.
794 3958 1005 4015 Primus
1024 3958 1273 4031 Cujacius
1295 3961 1348 4015 in
1369 3962 1486 4032 Cuj.
1517 3961 1542 4016 1
1570 3960 1730 4016 tacite
1761 3974 1903 4016 corr.

299 4036 410 4101 ita,
440 4042 615 4089 recte.
648 4034 770 4088 Mox
792 4032 886 4086 Be.
910 4033 1147 4104 negotiis.
1385 4096 1389 4100 _

379 4099 405 4144 έ
448 4106 547 4161 Be.
571 4120 662 4159 an.
696 4121 712 4157 :
743 4123 761 4158 t
788 4099 1194 4159 Romansianum
1218 4099 1650 4173 propeNaissum
1683 4101 1799 4158 Gfr.
1826 4101 1907 4157 in-

303 4178 518 4248 telligit.
561 4176 707 4231 Idem
738 4178 967 4230 fortasse
1006 4175 1179 4248 innuit
1217 4174 1382 4248 Itom:
1413 4176 1466 4228 in
1489 4173 1553 4231 Τ.
1587 4173 1670 4248 ϐ.-
1696 4175 1762 4241 1.,
1787 4188 1908 4243 ηοω

302 4244 536 4304 Romam
569 4261 842 4316 nunquam
883 4247 954 4301 ita
994 4246 1318 4315 exprimunt.
1344 4244 1610 4301 Caeterum
1654 4245 1910 4316 lloniset

302 4322 469 4375 Itum.
519 4315 786 4373 interdum
814 4318 1122 4372 Ravennam
1165 4316 1402 4371 indicare
1443 4322 1592 4384 puto.
1619 4334 1639 4369 ι
1673 4316 1775 4371 ϐο.
1800 4315 1908 4370 Ro-

304 4392 635 4445 mansianam
652 4427 669 4454 ,
692 4403 797 4443 non
821 4388 1221 4444 Itamansianum
1249 4402 1425 4456 prop.,
1454 4386 1550 4442 sed
1578 4388 1630 4441 in
1657 4386 1859 4441 Chron.
1890 4403 1903 4439 :

311 4482 332 4516 ι
359 4459 639 4542 Ergo-fuit
675 4460 780 4515 hoc
812 4468 1056 4542 tempore
1075 4459 1474 4542 Constantinus
1503 4458 1709 4542 Romae.
1733 4458 1907 4542 )hDIS-

1350 240 1674 300 DECRETA
1714 238 1802 296 ET
1843 236 2447 299 CONSTI'I'UTIONES.

1915 356 1962 412 Α
1995 346 2131 402 VIII.
2162 347 2247 401 Id.
2274 346 2412 402 Nov.
2442 343 2773 400 Constantina
2800 342 2862 397 Α.
2895 341 2982 397 IV.
3008 351 3055 398 et
3084 340 3284 397 Licinio
3314 338 3404 399 1V.
3436 341 3582 397 Cass.

1928 3136 1975 3201 ϐ

3483 231 3588 290 151)

1994 438 2170 514 (315).

2527 544 2594 585 DE
2623 542 3028 584 DECURIONIBUS.

2065 652 2205 725 Imp.
2236 653 2601 712 Constantinus
2639 654 2703 707 Α.
2750 652 2819 706 ad
2847 651 3286 723 Crispinum.....;‘
3328 649 3591 716 Quoniam

1993 744 2269 813 dubitasti,
2295 744 2323 784 ι»
2342 756 2521 800 utrum
2542 760 2609 801 ex
2629 758 2857 799 numero
2882 743 3089 798 dierum
3107 752 3130 780 ο
3161 757 3229 797 an
3255 757 3322 798 ex
3350 740 3595 797 nomina-

1997 837 2141 893 tione
2168 837 2529 893 Kalendarum
2558 836 2855 906 computari
2881 835 3107 890 duorum
3133 833 3399 891 mensium
3426 833 3453 870 ά
3471 847 3595 904 spa-

1996 931 2069 987 tia
2100 931 2350 998 debeant,
2382 929 2553 985 forma
2580 928 2779 999 publici
2807 928 2945 999 juris
2969 927 3304 984 observanda
3330 935 3438 994 est,
3473 940 3595 998 qua:

1997 1023 2283 1080 manifeste
2310 1034 2334 1061 ι’
2366 1022 2629 1090 declarat,
2677 1022 2803 1092 quid
2850 1036 2950 1093 pro
2995 1020 3204 1077 dierum
3232 1019 3251 1059 ί
3284 1019 3597 1077 diversitate

1997 1117 2319 1189 praeceperit
2358 1114 2766 1187 comprehendi.
2801 1114 2920 1169 Dat.
2956 1112 3083 1170 Kal.
3118 1113 3234 1169 Oct.
3264 1110 3599 1170 Constantino

1996 1210 2064 1267 Α.
2095 1208 2187 1267 1V.
2216 1218 2265 1265 et
2285 1208 2486 1264 Licinio
2515 1206 2606 1263 IV.
2637 1206 2783 1263 Cass.
2824 1206 3002 1280 (515).

2169 1362 2238 1403 DE
2274 1361 2468 1404 ιυωειε
2493 1387 2508 1412 ,
2549 1359 2844 1402 οωιιοοιιε
2882 1359 2953 1401 ΒΤ
2992 1358 3346 1401 SAIARI'I‘ANIS
3371 1353 3419 1398 8.

2071 1481 2211 1555 Imp.
2237 1479 2606 1538 Constantinus
2625 1479 2691 1535 Α.
2711 1477 2738 1516 h
2762 1479 2831 1535 ad
2851 1479 3130 1551 Evagrium
3156 1478 3244 1553 Pf.
3271 1479 3338 1534 P.
3360 1477 3601 1537 iludaeis

2008 1586 2064 1632 et
2090 1574 2383 1646 majoribus
2429 1589 2618 1630 eorum
2662 1582 2717 1628 et
2768 1570 3129 1644 patriarchisi
3198 1571 3602 1628 volnmusinti-

2001 1667 2173 1732 mari,
2197 1667 2339 1739 quod
2368 1710 2383 1735 ,
2412 1667 2459 1722 si
2486 1667 2606 1736 quis
2626 1664 2677 1731 ιι,
2713 1674 2833 1735 post
2864 1664 3001 1721 hanc
3029 1665 3224 1737 legem,
3248 1665 3478 1735 aliquem
3506 1663 3599 1735 qui

1925 1751 1974 1812 B
1998 1774 2185 1816 eorum
2213 1759 2435 1815 feralem
2466 1755 2703 1829 fugerit1
2737 1765 2938 1813 sectam
2967 1767 3023 1813 et
3050 1757 3117 1813 ad
3144 1757 3239 1814 Dei
3261 1758 3461 1812 cultum
3486 1771 3601 1812 res-

2000 1851 2209 1924 pexerit
2228 1860 2290 1919 ιη,
2318 1852 2451 1907 satis
2475 1860 2568 1905 aut
2604 1850 2711 1905 alio
2743 1849 2938 1905 furoris
2963 1865 3163 1919 genere
3187 1858 3216 1885 ιι
3238 1891 3253 1917 ,
3287 1847 3429 1919 quod
3456 1863 3598 1903 nunc

2002 1945 2119 2001 ﬁeri
2148 1947 2502 2015 cognovimus
2521 1952 2571 2011 ο,
2622 1956 2786 1996 ausus
2806 1942 2967 1997 fuerit
2985 1948 3272 2009 attentare,
3296 1954 3424 1995 mox
3443 1939 3600 1995 llam-

1999 2038 2101 2094 mis
2130 2036 2410 2093 dedendas
2432 2044 2517 2093 est
2539 2045 2564 2085 ρ
2592 2044 2648 2090 et
2676 2049 2799 2090 cum
2841 2033 3092 2089 omnibus
3141 2034 3253 2088 suis
3273 2042 3301 2082 τι
3326 2032 3603 2103 participi-

1999 2128 2102 2186 bus
2132 2127 2562 2185 concremandus
2589 2136 2635 2182 τ.
2667 2125 2697 2200 §
2746 2128 2799 2181 1.
2832 2125 2888 2182 Si
2915 2126 3036 2196 quis
3064 2140 3193 2181 vero
3213 2140 3279 2180 es
3311 2124 3507 2196 populo
3530 2123 3599 2180 ad

2001 2236 2190 2278 eorum
2238 2220 2500 2277 nefariam
2547 2228 2749 2276 sectam
2791 2218 3085 2274 accesserit
3128 2225 3185 2273 et
3231 2216 3604 2272 conciliabulis

2002 2330 2190 2371 eorum
2221 2330 2282 2371 se
2304 2315 2653 2385 applicaverit
2676 2356 2689 2380 ,
2719 2328 2841 2368 cum
2866 2313 2997 2385 ipsis
3028 2327 3214 2383 pmnas
3235 2312 3454 2368 meritas
3482 2328 3604 2368 sus-

2002 2407 2216 2463 tinebit.
2248 2406 2367 2461 Dat.
2392 2404 2511 2460 XV.
2536 2415 2557 2442 ³
2591 2403 2718 2459 Kal.
2749 2403 2888 2459 Nov.
2910 2403 3159 2475 Murgillo
3186 2403 3233 2473 ί,
3268 2400 3602 2459 Constantino

2003 2498 2069 2555 Α.
2102 2498 2235 2555 IV.“
2262 2508 2308 2554 et
2330 2496 2530 2553 Licinio
2551 2495 2641 2552 IV.
2668 2493 2813 2551 Cass.
2847 2495 3020 2569 (515).

2078 2686 2105 2716 α
2140 2679 2377 2751 Dignitas
2403 2678 2556 2751 deest
2581 2687 2634 2735 et
2655 2678 2772 2735 sine
2792 2677 2903 2751 ullo
2931 2676 3147 2751 quidem
3166 2679 3383 2751 lacuna}
3400 2676 3604 2751 judicio

2005 2750 2058 2805 in
2086 2748 2298 2817 cedis,
2325 2751 2450 2807 edd.
2486 2750 2590 2807 Til.
2616 2778 2688 2792 -—
2714 2750 2835 2817 Cuj.
2866 2748 2961 2804 2'.
2990 2749 3121 2813 Be.;
3151 2748 3252 2805 ϐο.
3307 2749 3393 2803 Ri.
3439 2750 3605 2806 omis-

2006 2836 2123 2905 sam
2178 2822 2415 2877 indicant
2464 2823 2725 2894 quinque,
2785 2821 2893 2876 Μ’.
2957 2836 3052 2877 sex
3095 2821 3337 2891 punctis;
3387 2821 3603 2891 reposui

2008 2908 2266 2964 qumque.

2080 2961 2108 3047 ἓν
2134 2965 2249 3047 1:01.
2272 2964 2379 3021 219
2409 2963 2670 3047 cod-'4‘."
2758 3034 2791 3047 η
2900 3034 2961 3047 m

2084 3046 2106 3073 α
2137 3034 2238 3090 ϐο.
2269 3051 2397 3091 ann.
2428 3053 2442 3090 :
2471 3055 2489 3087 ι
2527 3034 2676 3090 XXX
2698 3034 2815 3091 scil.
2847 3053 2868 3087 ι
2900 3033 3141 3092 Vid.Go.
3174 3035 3229 3090 in
3253 3048 3453 3090 comm.
3479 3032 3601 3091 h.c.

2081 3104 2108 3143 ά
2137 3108 2191 3173 4,
2224 3107 2348 3162 edd.
2378 3116 2501 3162 ante
2523 3107 2616 3161 Be.
2644 3107 2804 3164 duum
2847 3122 3095 3173 mensum,
3138 3106 3232 3161 sed
3272 3105 3374 3161 ϐο.
3420 3108 3604 3161 duum.

2009 3176 2130 3231 Vid.
2158 3178 2222 3232 C.
2251 3177 2352 3232 Tlt.
2386 3178 2474 3241 IV,
2504 3178 2559 3245 6,
2583 3178 2638 3239 5.
2672 3187 2784 3232 not.
2815 3193 2865 3243 ο,
2898 3177 3011 3242 νυ,
3050 3179 3136 3243 12,
3158 3177 3230 3243 2,
3265 3175 3360 3244 XI,
3389 3177 3478 3245 50,
3511 3176 3601 3242 10,

2010 3248 2101 3315 65,
2134 3248 2223 3315 67,
2258 3248 2347 3310 XI,
2382 3251 2473 3314 51,
2503 3249 2559 3303 4.
2588 3249 2689 3304 ϐο.
2716 3264 2842 3304 anu.
2882 3264 2897 3305 :
2931 3266 2951 3299 ι
2981 3248 3121 3304 Intra
3140 3262 3276 3317 quos
3296 3250 3605 3303 nominatus

2008 3322 2075 3375 ad
2109 3334 2302 3375 munus
2335 3320 2606 3390 publicum
2650 3319 3083 3389 (Dunmviratutn
3134 3317 3280 3389 puta)
3326 3318 3606 3389 appellare

2193 3430 2207 3446 ο
2237 3409 2257 3443 ι

2010 3400 2183 3544 Ροέοῗ
2199 3462 2500 3544 ἠαηίίεδιων
2533 3463 2698 3518 fabro
2723 3461 2829 3544 col.
2860 3475 3004 3516 corr.
3036 3460 3324 3532 manifeste.

2087 3530 2105 3570 ί
2139 3533 2242 3605 ϐο.
2275 3530 2589 3605 vult_rerum
2620 3548 2718 3605 pro
2747 3535 3098 3605 diernm,rnon
3126 3530 3292 3605 recte.

2084 3612 2110 3650 Β
2141 3604 2209 3659 15
2236 3620 2349 3659 om.
2377 3601 2636 3659 Cwlicatis
2680 3615 2729 3658 et
2774 3602 3139 3659 Samaritanis.
3181 3601 3317 3657 Cod.
3362 3602 3501 3658 Just.
3541 3602 3607 3658 de

2008 3674 2209 3730 Iudicis
2233 3686 2279 3730 et
2307 3674 2563 3731 Caelicolis
2586 3716 2601 3737 .
2658 3691 2768 3730 om.
2812 3675 3179 3729 Samaritanis.
3209 3674 3371 3729 Facta
3398 3685 3482 3729 est
3510 3689 3608 3728 au-

2008 3753 2116 3801 tem
2153 3747 2354 3803 mentio
2385 3747 2833 3803 Samaritanorum
2860 3748 2911 3801 in
2945 3746 3027 3800 tit.
3059 3745 3194 3801 Cod.
3222 3743 3359 3800 Just.
3388 3745 3458 3800 de
3485 3745 3607 3801 Haa-

2009 3820 2193 3873 reticis
2233 3826 2290 3872 et
2332 3817 2723 3888 Manichaeiset
2745 3817 3024 3873 Satnaritis
3053 3816 3147 3887 (l.
3180 3816 3269 3888 5).
3303 3819 3475 3871 Noun.
3507 3817 3600 3871 Br.

2008 3890 2108 4013 ἐιί·
2126 3888 2283 3944 codd.
2316 3886 2596 3945 Ccllicalis.
2631 3886 2750 3961 Cuj.
2803 3890 2828 3943 1
2859 3916 2934 3929 ——
2959 3888 3081 3958 Cuj.
3112 3889 3147 3941 2
3168 3892 3185 3911 ⁶
3214 3886 3417 3943 Iudaeis
3464 3888 3608 3943 creti-

2039 3976 2067 4013 ο
2089 3977 2154 4013 is.

2039 3976 2154 4014 οιιε.

2082 4029 2112 4068 h
2140 4031 2202 4085 11
2231 4047 2349 4085 aaa.

2088 4100 2105 4139 ί
2142 4103 2230 4169 n,
2267 4103 2357 4171 15,
2389 4104 2490 4171 so,
2519 4102 2585 4159 51
2614 4144 2630 4167 ,
2658 4102 2782 4159 edd.
2808 4109 2934 4158 ante
2959 4101 3054 4157 Be.
3085 4115 3194 4157 om.
3228 4099 3320 4172 pr.
3354 4099 3457 4167 p.;
3490 4116 3603 4157 rec.

2009 4171 2105 4246 Bc.
2138 4174 2241 4246 hoc
2267 4175 2459 4246 siglum
2486 4189 2554 4229 ex
2583 4174 2684 4231 ϐο.
2715 4182 2830 4230 not.
2864 4184 3023 4246 et_ex
3062 4173 3197 4246 Cod.
3223 4171 3387 4240 Just.,
3435 4181 3603 4229 recte.

2014 4244 2131 4300 Vid.
2163 4243 2224 4300 C.
2256 4243 2359 4301 Tli.
2389 4246 2530 4311 XIV,
2560 4246 2615 4313 8,
2648 4246 2698 4299 1.
2731 4246 2800 4300 15
2824 4246 2870 4300 A
2900 4243 3141 4314 Evagrio.

2086 4316 2100 4367 i
2144 4316 2398 4372 Mendose
2424 4318 2556 4371 Aur.
2592 4317 2762 4386 Lugd.
2793 4316 3094 4386 patiare/iis.

2086 4385 2111 4459 [ί
2148 4389 2235 4455 11,
2268 4388 2359 4455 15,
2383 4390 2514 4444 Cod.
2543 4385 2692 4443 Just.’
2709 4389 2759 4459 si
2774 4385 2923 4459 quis;
2952 4385 3275 4459 rell._siiqui.

2085 4455 2274 4530 [Hinc
2297 4462 2557 4530 ipergitur
2583 4461 2641 4530 in
2667 4455 2796 4515 cod.
2815 4458 2849 4513 4
2876 4466 2933 4514 et
2961 4457 3103 4526 apud
3125 4455 3228 4513 'I‘il.
3256 4458 3379 4514 Vid.
3407 4459 3471 4515 ϐ.
3496 4458 3601 4515 Th.

304 4528 482 4588 sentit
518 4532 683 4603 igitur
722 4545 753 4585 a
773 4547 853 4603 se
892 4528 1028 4600 ipso.
1070 4529 1200 4598 Quae
1242 4530 1338 4585 Be.
1361 4529 1431 4585 de
1466 4531 1731 4600 scriptura
1753 4529 1906 4584 Rom.
1934 4534 1987 4594 D
2012 4528 2166 4603 XVI,
2196 4530 2251 4599 5,
2281 4529 2382 4603 66,
2404 4528 2516 4585 not.
2542 4546 2595 4584 a.
2628 4529 2823 4601 Incipit
2847 4540 3026 4585 autem
3053 4544 3177 4585 cum
3212 4544 3263 4585 v.
3291 4540 3481 4585 sectam
3509 4530 3605 4586 fol.

307 4603 468 4668 dicit,
491 4619 553 4658 ea

390 4674 410 4713 ί
446 4670 701 4732 Secho.
732 4672 883 4744 _7Pag.
924 4670 1152 4728 Reland.
1195 4687 1250 4742 p.
1303 4670 1410 4729 295
1450 4670 1687 4727 Licinius
1720 4671 1910 4728 Cwsar.

310 4745 462 4802 Nox.
494 4745 594 4802 ϐο.
627 4745 695 4798 ad
719 4742 910 4798 Polum
928 4784 944 4809 ,
968 4759 1078 4799 err.

393 4827 418 4864 Β
451 4816 554 4872 ϐο.
584 4831 735 4886 prop.
766 4824 1069 4886 occupatum
1090 4855 1104 4880 ,
1130 4828 1306 4885 neque
1341 4825 1520 4871 tamen
1552 4814 1794 4885 spernit,
1826 4830 1914 4869 oc-

312 4890 618 4971 cupandum
645 4885 739 4942 aut
779 4885 1137 4959 occupandum
1175 4886 1432 4958 deinceps.
1463 4886 1609 4943 Idem
1652 4888 1814 4947 habet
1841 4885 1919 4941 vel

309 4974 426 5032 pro
446 4968 493 5013 ct
511 5000 526 5024 ,
545 4959 598 5014 id
672 4974 724 5014 e.

394 5029 425 5108 ξι
453 4974 787 5108 θωκῗιυςά.
814 5029 877 5085 de
901 5045 959 5084 ce
982 5038 1170 5108 cetera.

401 5100 418 5138 ί
453 5100 553 5158 ϐο.
586 5100 1020 5173 εωίεονρονᾳηξε
1049 5102 1130 5156 vel
1158 5109 1448 5173 occupatas.

399 5172 416 5223 i
456 5175 573 5229 Sec.
622 5172 722 5229 ϐο.
756 5170 855 5244 pro
911 5170 1074 5244 PP.;
1115 5170 1293 5242 neque
1336 5173 1480 5227 enim
1530 5170 1918 5229 Constantinus

312 5244 425 5302 hac
454 5255 612 5300 tetate
641 5242 827 5300 Roma:
853 5242 1113 5299 constitit.

394 5315 422 5353 κ
452 5321 509 5384 5,
530 5315 587 5384 4,
619 5315 926 5372 Til.—Ri".
955 5313 1297 5386 Dendroforis
1324 5321 1380 5371 et
1407 5313 1541 5371 infra
1589 5314 1911 5388 dendrafari.

317 5388 427 5445 ϐο.
458 5391 513 5444 in
536 5404 735 5444 comm.
762 5389 836 5458 ej.
862 5388 1188 5443 centenariis.

401 5458 418 5498 ι
451 5459 534 5515 Ex
560 5465 684 5515 cod.
725 5457 804 5523 5,
830 5461 919 5527 qui
969 5474 1097 5529 vero
1118 5458 1377 5529 Acolligiis.
1408 5458 1464 5524 4,
1486 5457 1769 5529 :I‘iI.—Be.
1802 5472 1911 5514 om.

314 5532 572 5602 collegiis.
595 5531 715 5587 Jatn
738 5532 905 5602 Pana.
924 5528 1089 5584 Thes.
1116 5527 1158 5593 Ι,
1186 5527 1277 5595 52,
1304 5529 1456 5602 prob.
1486 5528 1644 5585 Rein.
1668 5530 1916 5599 probabi-

315 5599 543 5685 liter'ej.
573 5603 820 5685 collegio-1
858 5599 958 5656 ϐο.
998 5606 1179 5685 autem
1227 5600 1526 5671 corporibus
1570 5616 1617 5655 s.
1671 5616 1910 5673 corpora,

316 5675 743 5815 ,⁵51Ιὲ
757 5673 882 5800 eged:
900 5672 1226 5799 ῗΐῇῗέῡιῖἒ.
1250 5741 1305 5798 Ν
1306 5743 1429 5799 aissi
1434 5783 1449 5797 .

582 4603 743 4673 plane
756 4600 895 4673 falsa
917 4609 1062 4673 sunt.

2016 4602 2123 4658 455
2148 4610 2175 4639 ⁸
2203 4601 2327 4656 cod.
2355 4600 2411 4656 4.

2088 4682 2129 4709 ω
2150 4672 2211 4726 11
2240 4683 2430 4727 sectam
2456 4672 2609 4727 etiam
2637 4670 2737 4727 Dei
2763 4672 2907 4727 cultu
2932 4671 3213 4726 recesserit.

2089 4751 2117 4780 ιι
2147 4742 2184 4797 4
2213 4753 2398 4809 tenere,
2424 4746 2588 4800 rubro
2605 4746 2712 4799 col.
2741 4758 2851 4799 em.
2873 4757 3076 4814 genere.

2094 4822 2120 4851 °
2151 4816 2254 4872 ϐο.
2278 4816 2651 4885 cognoscimus.

2094 4895 2123 4936 Ρ
2151 4886 2250 4943 ϐο.
2284 4902 2394 4954 om,
2420 4896 2511 4941 est.

2094 4966 2124 5007 (ι
2155 4958 2222 5013 15
2243 4973 2354 5013 om.
2383 4959 2510 5012 suis.

2096 5036 2118 5065 τ
2150 5028 2280 5100 Sqq.
2311 5030 2428 5086 des.
2453 5033 2506 5083 in
2534 5029 2665 5085 Cod.
2692 5028 2832 5087 Just.

2092 5107 2115 5134 ⁸
2144 5099 2218 5154 11⁷
2244 5099 2547 5177 accesserint
2560 5110 2615 5177 et
2641 5102 3004 5177 can_cilia_balis_
3024 5117 3203 5177 eorum
3236 5120 3292 5159 se
3317 5104 3610 5177 applicave-

2020 5170 2124 5226 rint
2148 5199 2218 5256 :-
2242 5172 2502 5229 sustineri.
2547 5172 2672 5229 Dat.
2714 5173 2785 5230 X.
2831 5173 2953 5246 Cuj.
2976 5174 3012 5228 2
3035 5214 3050 5242 ,
3076 5175 3114 5228 2
3135 5178 3154 5198 ‘
3185 5170 3441 5233 mendose
3464 5175 3607 5230 Non.

2020 5258 2120 5314 pro
2141 5242 2277 5298 Nov.
2910 5242 2923 5246 ’

2020 5385 2060 5400 “
2097 5315 2115 5350 ι
2146 5313 2220 5400 I_t.a
2243 5313 2537 5400 41,11,115,
2570 5315 2780 5400 50,51,
2968 5316 3108 5400 Inst.
3128 5317 3269 5400 .Lab.
3293 5316 3606 5399 Til.—.Ri‘.;

2018 5385 2115 5442 Bc.
2148 5385 2403 5459 Murgilli.
2428 5386 2529 5459 ϐο.
2561 5389 2633 5457 ej.
2665 5386 2929 5452 Mursillo,
2960 5388 3182 5459 quodin
3214 5388 3486 5444 Pannonia
3512 5403 3608 5444 su-

2019 5460 2235 5541 periore
2266 5457 2431 5541 prope
2473 5457 2703 5541 Mur-sam
2730 5461 2895 5541 situm
2927 5457 3093 5541 fuisse
3116 5460 3270 5541 dicit.
3321 5461 3608 5515 Herrmau-

2020 5528 2123 5584 nus
2142 5530 2209 5584 de
2235 5528 2303 5600 cj.
2340 5528 2440 5585 ϐο.
2471 5528 2561 5584 ed.
2594 5528 2841 5584 Mursillo
2866 5532 2919 5584 in
2945 5531 3079 5586 Cod.
3108 5530 3247 5585 Just.
3268 5538 3464 5586 etante
3484 5547 3609 5587 eum

2018 5600 2114 5686 De.
2165 5600 2602 5686 Mursillat,’se.d
2644 5616 2713 5686 ne
2745 5601 3157 5686 [unusquidem
3199 5602 3337 5658 liber
3383 5618 3486 5658 ms.
3517 5618 3605 5674 ap.

2020 5672 2417 5728 Herrmannum
2436 5670 2720 5726 conﬁrmat
2742 5670 2845 5728 ϐο.
2875 5670 2971 5743 οὶ(
3553 5670 3567 5674 ⁷

2092 5751 2121 5779 υ
2150 5743 2216 5798 Ri
2239 5746 2280 5799 ‘.
2312 5740 2643 5799 Constantina
2682 5744 2746 5798 A.
2773 5742 2913 5811 XV.,
2941 5757 3127 5800 errore
3153 5758 3225 5801 an
3250 5743 3494 5802 inductus
3515 5758 3615 5815 per
