4142 6178
346 224 443 287 157

1393 221 1706 280 DECRETA
1757 220 1844 280 ET
1883 215 2491 279 CONSTITUTIONES.

3525 223 3629 283 158

326 333 415 405 jus
438 344 464 372 ι
482 345 546 389 ac
570 349 685 390 rem
712 333 885 390 notari
912 343 1142 406 oportet,
1179 348 1351 405 neque
1377 335 1428 390 id
1452 314 1807 392 occultebaut
1827 350 1923 406 per
1950 347 2003 406 Α
2027 334 2115 390 vel
2140 335 2514 405 magistratus‘I
2536 333 2871 391 conﬁcienda
2892 345 3017 391 sunt
3043 334 3090 391 δ.
3117 336 3238 393 Dat.
3268 349 3289 377 ε
3312 339 3402 415 lll.
3428 337 3454 378 ἀ
3479 341 3623 402 Νοιι.

330 426 609 498 imperitos
627 438 649 465 ε
665 437 759 482 aut
770 428 1039 499 privatim,
1056 428 1149 483 sed
1173 442 1265 484 aut
1279 428 1506 494 tabula“,
1523 440 1613 485 aut
1633 429 1929 501 quodcum-

327 534 439 591 que
476 520 620 577 aliud
648 522 886 577 materiae
916 531 1128 593 tempus
1157 533 1180 561 ε
1210 522 1376 588 dabit,
1403 523 1487 578 vel
1511 522 1579 578 ab
1602 523 1719 593 ipso
1748 521 1833 577 vel
1861 520 1930 577 ab

326 628 423 683 eo,
461 631 620 688 quem
644 630 762 672 sors
810 614 833 654 τ
866 616 1271 683 ministraverit,
1301 618 1596 673 scientibus
1627 616 1869 687 plurimis
1901 625 1927 663 ε

324 706 697 776 perscribatur
732 705 783 761 ιι.
832 707 863 780 §
892 708 950 762 2.
983 708 1052 764 Et
1088 709 1382 777 corporalis
1422 706 1440 746 ί
1476 709 1697 764 traditio
1734 708 1927 763 subse-

326 809 527 871 quatur
552 800 620 856 ad
656 800 1051 857 excludendam
1078 800 1188 857 vim
1212 809 1375 872 atque
1402 801 1749 871 irreptionem
1782 797 1795 850 i
1832 798 1929 854 ad-

324 903 519 950 vocata
560 892 856 961 vicinitate,
896 893 1256 964 omnibusque
1310 892 1338 932 κ
1390 892 1612 949 arbitris
1649 891 1926 959 adhibitis,

326 1001 558 1058 quorum
587 996 777 1059 postea
815 985 920 1042 lide
948 986 1286 1057 probabitur,
1312 985 1567 1041 donatam
1600 999 1736 1048 rem,
1770 984 1817 1040 si
1845 994 1930 1040 est

322 1080 567 1145 mobilis,
611 1096 678 1136 cx
719 1082 992 1136 voluntate
1035 1078 1053 1119 ι
1103 1079 1355 1135 traditam
1400 1080 1700 1143 donatoris,
1744 1077 1847 1146 vel,
1883 1077 1929 1133 si

322 1172 645 1239 immobilis,
671 1176 985 1230 abscessum
1005 1174 1257 1229 donantis
1284 1188 1424 1228 novo
1450 1172 1669 1227 domino
1698 1170 1930 1242 patefac-

323 1273 459 1333 tam,
485 1266 627 1322 actis
657 1274 684 1302 ιι
717 1266 877 1321 etiam
907 1265 1284 1333 annectendis,
1316 1281 1435 1335 qua:
1467 1272 1491 1301 ο
1524 1263 1665 1335 apud
1691 1262 1928 1333 judiccm

399 1454 429 1518 fl
469 1444 527 1518 (ᾖ,
554 1444 608 1509 7,
643 1445 907 1518 12-11,
942 1445 1028 1511 16,
1052 1475 1122 1486 --—
1152 1445 1212 1501 I8
1232 1448 1363 1518 ejus.
1392 1447 1460 1502 19
1485 1445 1660 1518 hujus.

401 1516 433 1555 δ
475 1516 599 1590 Vat.
634 1516 701 1570 [ι’.
720 1520 815 1590 jus
855 1534 916 1590 ac
950 1534 1058 1571 rem
1087 1516 1272 1572 notans
1302 1516 1650 1583 proscribatur
1668 1536 1697 1590 ,1
1728 1526 1836 1572 tum
1866 1519 1930 1572 ab

317 1599 548 1671 utroque
571 1588 684 1655 iure
700 1588 1039 1671 compleatur,
1068 1605 1226 1658 neque
1246 1590 1300 1642 id
1322 1591 1539 1643 occulto.
1573 1590 1644 1646 20
1664 1588 1931 1645 donatoris

320 1668 477 1728 prius
508 1668 789 1730 prttnotari
809 1671 1027 1731 oportet.

399 1743 424 1800 ς
466 1730 572 1784 Aut
595 1747 683 1800 per
712 1732 973 1798 imperitos
993 1748 1103 1785 om.
1134 1732 1184 1784 in
1214 1730 1345 1787 Cod.
1380 1729 1517 1786 Just.

394 1799 423 1839 δ
465 1799 602 1858 Vat.
623 1802 686 1856 fr.
718 1803 976 1875 privatim.
1003 1804 1080 1857 his
1110 1803 1241 1856 enim
1266 1803 1415 1856 rebus
1455 1819 1589 1873 stupe
1605 1804 1922 1857 clandestina

316 1873 493 1943 fraus,
527 1883 577 1927 et
602 1873 726 1940 qua!
741 1876 879 1945 facta
900 1885 1018 1927 sunt
1040 1875 1250 1944 infecta,
1280 1882 1335 1928 et
1362 1875 1568 1927 inducta
1593 1890 1706 1940 qute
1729 1876 1923 1944 scripta

314 1956 445 1999 sunt
471 1944 747 2010 simulans,
775 1947 992 2015 aliisque
1018 1964 1078 1999 ac
1104 1944 1286 1999 dehinc
1315 1946 1433 1998 aliis
1460 1946 1723 2016 largiendo
1744 1964 1805 1999 ac
1830 1949 1925 2000 do-

315 2018 520 2083 nando,
560 2033 621 2070 ac
649 2032 784 2088 sape
805 2017 882 2071 vel
910 2017 1086 2071 dando
1127 2018 1312 2070 multos
1342 2018 1560 2070 habemti
1598 2034 1688 2086 spe
1715 2018 1925 2088 allectos

317 2103 638 2142 concurrere
667 2087 720 2140 in
741 2089 1084 2159 expugnanda
1109 2088 1203 2141 sibi
1234 2089 1542 2156 proprietate
1562 2090 1786 2156 impulit.
1819 2087 1925 2143 Tu-

318 2159 460 2230 bulte
477 2161 658 2229 igitur.
684 2159 775 2225 η,
797 2158 910 2213 Cod
953 2160 1093 2215 Just.
1118 2167 1207 2212 aut
1232 2159 1427 2220 tabula,
1452 2162 1606 2230 proh.
1630 2160 1754 2223 60.,
1780 2161 1923 2230 quod

319 2229 425 2286 Bc.
458 2232 693 2300 primum
725 2232 782 2284 in
808 2238 1117 2285 contextum
1142 2237 1287 2285 recte
1313 2232 1537 2299 recepit.
1567 2229 1928 2287 Cousentiunt

316 2301 452 2356 Vat.
465 2301 687 2375 _lr.,_ubi
720 2316 859 2375 vero
874 2302 1095 2375 pluralis
1118 2303 1331 2375 ponitur
1354 2319 1371 2375 :_
1397 2301 1584 2375 tabulae
1604 2303 1923 2375 prescriban-

317 2381 427 2427 tur.
462 2372 605 2427 Rell.
638 2371 798 2443 Codd.
829 2371 917 2426 Br.
954 2372 1038 2428 Al.
1070 2373 1191 2428 cod.
1224 2371 1397 2443 Lugd.
1420 2381 1476 2427 et
1503 2371 1626 2429 edd.
1662 2382 1788 2429 ante
1830 2375 1924 2431 Be.

316 2454 381 2497 ut
411 2445 620 2511 tabulis,
650 2445 749 2498 etsi
779 2442 927 2499 Sich.
953 2445 1006 2499 in
1031 2461 1105 2498 ιιι.
1134 2443 1295 2499 habet
1320 2454 1431 2511 aut,
1454 2456 1511 2498 ut
1531 2444 1652 2500 cod.
1680 2444 1748 2500 19
1772 2455 1826 2499 et
1848 2446 1927 2499 in-

316 2516 669 2585 terpretatio.
700 2514 955 2571 Fortasse
981 2527 1034 2568 ut
1060 2525 1236 2569 ortum
1267 2524 1350 2570 est
1378 2531 1444 2571 ex
1478 2517 1616 2585 siglo
1648 2516 1926 2586 particula:

315 2588 425 2642 vel.
468 2585 625 2643 Ferri
657 2588 818 2641 etiam
847 2596 1024 2658 potest
1058 2586 1144 2641 Br.
1191 2585 1278 2641 Al.
1311 2587 1603 2652 scriptura,
1635 2585 1794 2643 modo
1827 2603 1928 2657 pro

316 2658 695 2731 perscribatur
719 2657 1277 2731 pou.’perscribantur,
1311 2659 1450 2731 incili
1487 2658 1717 2731 medela.
1753 2659 1927 2731 luter-

317 2727 473 2799 pres,
505 2729 597 2797 qui
631 2727 815 2784 falsam
847 2727 1164 2799 scripturam
1195 2728 1537 2798 perscribatur
1577 2730 1627 2783 in
1657 2730 1925 2799 exemplo,

314 2816 435 2871 quo
457 2816 590 2855 usus
617 2811 721 2865 cst,
751 2800 814 2855 C.
836 2800 938 2854 'l‘h.
971 2800 1196 2865 invenit,
1225 2800 1411 2855 tabula:
1436 2815 1535 2871 pro
1559 2800 1739 2855 dativo
1768 2815 1925 2857 accc-

314 2873 425 2944 pit.
450 2872 576 2944 Mox
603 2887 779 2944 noun.
802 2872 961 2927 codd.
991 2888 1328 2944 quocumque,
1356 2872 1447 2927 alii
1473 2887 1818 2944 quoscunque.

402 2953 426 2979 ο
464 2943 542 2998 ‘20
574 2943 781 3013 aliquod
813 2944 947 3014 (sec.
980 2944 1066 3000 Ri.
1089 2943 1313 3013 aliquid)
1340 2944 1567 2998 materia:
1607 2943 1675 2997 ad
1706 2943 1923 3013 tempus.

313 3014 456 3087 Cod.
490 3014 632 3087 Just.
659 3024 782 3067 mat.
805 3032 965 3087 genus
990 3025 1143 3087 temp.

2036 427 2227 483 Febr.°
2282 428 2446 483 Roma
2476 426 2521 496 ί,
2552 427 2747 483 Sabino
2774 438 2800 475 κ
2831 438 2879 483 et
2903 429 3094 498 Ruﬁno
3118 428 3264 485 Cass.
3306 432 3483 504 (516).

2103 522 2554 578 lsreueue'ruto.
2580 521 2807 577 Donatio
2826 532 2913 577 aut
2940 520 2967 559 ιι
2999 523 3189 579 directa
3205 534 3300 591 est,
3325 537 3415 582 aut
3450 525 3466 563 ί
3490 544 3630 582 mor-

2033 616 2099 669 tis
2141 632 2324 671 caussa
2361 616 2718 670 conscribitur.
2765 614 2971 671 Directa
3006 617 3215 672 donatio
3266 623 3281 669 l
3328 629 3423 685 est,
3457 621 3543 676 ubi
3575 624 3632 678 in

2030 707 2268 777 praesenti
2295 723 2376 761 res
2397 706 2589 761 donata
2612 708 2855 763 traditur.
2878 706 3065 763 Mortis
3092 726 3276 766 caussa
3300 711 3510 768 donatio
3529 725 3627 782 est,

2031 799 2120 853 ubi
2157 799 2377 854 donator
2431 799 2555 853 dum
2600 798 2791 854 advivit
2833 796 2860 836 ¹ι
2897 815 3025 868 rem,
3068 818 3222 872 quam
3268 803 3426 858 donat
3472 800 3490 841 ι
3533 807 3632 861 sibi

2031 902 2270 957 reservat,
2303 891 2570 948 scribens:
2604 891 2665 948 Si
2696 892 2840 961 prius
2875 901 3107 949 mortuus
3131 896 3278 965 fuero
3304 913 3460 968 quam
3484 906 3541 951 tu
3565 907 3628 967 ω,

2029 1003 2111 1041 res
2135 1002 2247 1040 mea
2266 985 2336 1039 ad
2363 995 2410 1040 te
2436 986 2719 1058 perveniat,
2751 994 2807 1040 ut
2839 996 3015 1056 postea
3049 989 3116 1041 ad
3144 987 3313 1055 illum,
3344 991 3428 1044 cui
3447 992 3627 1057 donat,

2032 1095 2135 1132 non
2160 1078 2229 1132 ad
2260 1078 2467 1133 heredes
2494 1078 2757 1133 donatoris
2793 1087 2820 1115 ιι
2849 1095 2931 1133 res
2956 1079 3147 1134 donata
3170 1083 3444 1152 perveniat.
3482 1084 3633 1153 Quod

2030 1171 2076 1224 si
2106 1172 2250 1238 prius
2277 1171 2524 1224 moriatur
2551 1180 2599 1237 ο,
2639 1172 2725 1225 cui
2753 1187 2833 1225 res
2872 1173 3052 1225 mortis
3079 1188 3264 1227 caussa
3305 1175 3497 1229 donata
3534 1187 3630 1243 est,

2030 1281 2115 1319 res
2149 1265 2203 1317 in
2230 1274 2258 1313 P
2278 1267 2402 1337 jure
2431 1276 2723 1335 permaneat
2752 1265 3037 1321 donatoris.
3071 1264 3164 1320 Est
3193 1278 3239 1321 et
3269 1270 3373 1323 alia
3398 1272 3631 1340 donatio,

2030 1355 2116 1409 ubi
2140 1355 2359 1409 donator
2384 1367 2411 1407 ει
2432 1356 2622 1427 obligat
2643 1356 2793 1410 illum
2835 1357 2919 1409 cui
2962 1357 3137 1425 donat,
3170 1368 3226 1412 ut
3253 1360 3452 1430 aliquid
3473 1364 3634 1435 faciat

2029 1455 2118 1501 aut
2147 1462 2248 1502 non
2280 1447 2470 1517 faciat,
2499 1448 2555 1502 id
2597 1457 2669 1503 est
2701 1449 2748 1503 si
2780 1448 2981 1520 aliquid
2995 1451 3179 1523 jubeat
3203 1453 3318 1522 ﬁeri
3356 1457 3495 1525 quod
3534 1458 3634 1513 im-

2107 1673 2135 1738 f‘
2172 1664 2322 1738 Sich.
2353 1667 2726 1738 magistratum.

1958 1729 2005 1789 B
2029 1806 2071 1817 η
2105 1734 2132 1774 ι»
2174 1736 2228 1817 l_n
2253 1738 2385 1817 Cod.
2411 1729 2715 1817 J'ustnadd.
2750 1739 2835 1793 ubi
2873 1738 2968 1793 hoc
3007 1742 3526 1817 legesexpostulam.
3570 1754 3632 1811 ιη

2029 1806 2161 1889 Vat.
2180 1809 2246 1891 fr.
2275 1811 2442 1891 multa
2470 1810 2594 1863 add.
2621 1827 2633 1862 :
2665 1820 2816 1891 atque
2842 1820 2896 1863 ut
2925 1806 3098 1891 nulhis
3122 1815 3189 1869 sit
3204 1806 3521 1891 subiiciendi
3543 1806 3633 1880 aut

2026 1880 2337 1951 surripiendi
2365 1881 2525 1943 locus,
2561 1897 2675 1933 cum
2711 1882 2945 1935 alterutri
2979 1880 3396 1945 commodum'sit
3430 1909 3604 1951 verum

2027 1939 2272 2022 exemplis
2291 1952 2425 2003 idem
2448 1939 2771 2021 magistratus
2794 1953 3106 2009 adscribunt.
3130 1939 3203 2010 sic
3218 1939 3633 2021 εὴὲηῖὲοὶιὶὲῖἑὶῖἷ

2029 2021 2104 2075 tia
2152 2021 2832 2105 multorum,monumentis
2865 2025 3188 2105 judiciorum
3225 2046 3287 2084 ac
3322 2036 3631 2105 populorum

2028 2093 2361 2175 praescriptis,
2390 2104 2479 2147 aut
2504 2095 2671 2175 litium
2695 2093 3186 2175 causapervulgatis
3215 2093 3468 2175 omnibus,
3502 2109 3632 2175 fides

2026 2161 2310 2242 abstrusior
2339 2181 2437 2219 non
2471 2167 2585 2242 erit.
2619 2164 2763 2219 Talia
2789 2161 3266 2242 enim‘esse'oportet
3288 2161 3634 2233 dominiorum

2026 2234 2194 2321 initia,
2214 2236 2704 2321 .quorum’diuturna
2725 2238 2969 2321 possgssio
2995 2234 3128 2321 sirpe
3155 2243 3381 2321 legitima
3405 2251 3633 2321 proprie-

2029 2315 2185 2391 {an}...
2197 2308 2324 2391 jpm
2350 2306 2658 2391 perfringit;
2688 2309 2804 2360 talis
2829 2306 3480 2391 liberalitatutn'houestlts,
3501 2306 3634 2391 lqua:

2030 2376 2159 2460 locis
2201 2376 2421 2460 clamata
2436 2378 2697 2460 “cornibus
2731 2379 3105 2460 accipientium.
3119 2376 3515 2460 donantiumque
3528 2376 3633 2460 'fa-

2030 2447 2219 2531 initiis,
2271 2447 2607 2531 liberalitatis.
2637 2459 2682 2501 et
2711 2447 2890 2531 gratia:
2942 2453 3303 2531 praedicatione
3355 2447 3627 2531 coinple'at.

2033 2516 2204 2593 Simul
2234 2535 2347 2572 cum
2369 2520 2432 2572 sit
2454 2519 2697 2593 eximium
2714 2516 2968 2593 cujusque
2984 2524 3173 2576 donum
3197 2516 3531 2593 promerendo
3548 2516 3631 2590 ce?

2031 2590 2187 2663 pisse,
2212 2593 2321 2663 ejus
2340 2591 2643 2663 jucunditas
2671 2590 2818 2663 nulla
2849 2591 3014 2645 litium
3048 2590 3316 2651 tristudinc
3345 2603 3630 2660 minuatur.

2034 2659 2242 2746 Quodsi
2256 2659 2569 2746 espectanda
2587 2677 2743 2746 causa
2762 2662 3078 2734 dicendoque
3095 2673 3361 2746 sententia,
3392 2672 3515 2726 orba
3533 2659 3633 2746 pné

2032 2731 2164 2815 blico
2191 2731 2487 2815 testimonio,
2512 2733 2790 2814 liberalitas
2820 2731 3004 2815 circum
3031 2739 3251 2815 gratiam
3280 2731 3632 2815 obscurost'pte

2032 2804 2506 2883 cattusprodiderit,
2532 2804 2771 2871 quoniam
2790 2804 2900 2858 sola
2921 2804 3068 2883 fraus
3086 2811 3289 2883 cognita
3310 2823 3403 2877 est,
3428 2804 3626 2883 θοι·ιῖω,

2030 2888 2147 2957 qua:
2171 2875 2363 2957 don-uta
2383 2875 2641 2957 dicuntur,
2666 2885 2849 2929 temere
2872 2890 2971 2930 non
2994 2879 3089 2931 erit
3111 2875 3239 2948 [ides
3258 2885 3368 2937 acci
3419 2875 3629 2957 pianda,

2031 2945 2122 2997 sed
2140 2962 2200 2999 ea
2226 2943 2541 2999 alienatione
2620 2986 2631 2999 .
2714 2986 2726 2998 .
2808 2987 2819 2999 .

2032 3030 2217 3069 uorum
2250 3019 2437 3087 rejecta
2464 3016 2542 3071 vel
2569 3033 2629 3070 su
2705 3055 2718 3069 .
2800 3057 2813 3070 .
2896 3061 2906 3071 .

381 3085 538 3166 ‘Vat.
551 3085 627 3166 [ι’.
645 3090 752 3166 fors
769 3085 1341 3166 sumministraveritﬁo
1358 3101 1506 3158 supr.
1527 3085 1926 3141 lin.instituerit.
1954 3102 1999 3166 ρ
2033 3088 2188 3140 versis
2214 3085 2559 3166 studiisrecte
2591 3105 2618 3141 r
2686 3125 2722 3166 ‘.

400 3166 427 3230 tt
465 3157 523 3230 In
544 3156 680 3230 Cod.
703 3156 840 3213 Just.
860 3174 968 3213 om.
994 3160 1151 3213 scient
1172 3160 1309 3230 plur.

401 3226 431 3266 ¹¹
469 3228 622 3287 Sich.
656 3230 1011 3297 praescribatur
1029 3229 1134 3355 .iita
1162 3226 1322 3285 etiam
1348 3226 1466 3300 21),
1493 3237 1539 3283 et
1562 3258 1634 3270 —-
1653 3228 1930 3299 subsequao

401 3318 432 3353 π.
464 3300 565 3355 Ad.
591 3299 715 3355 Vat.
747 3298 817 3355 fr.
849 3317 1037 3355 perscri
1075 3310 1243 3355 antur.
1276 3316 1465 3355 etenus.
1507 3312 1559 3354 ut
1598 3315 1758 3355 supra
1788 3317 1928 3353 com-

321 3310 432 3355 tur.
464 3300 565 3355 Ad.
591 3299 715 3356 Vat.
747 3298 817 3355 fr.
849 3298 1243 3370 perscribantur.
1276 3298 1465 3369 eraque,
1507 3312 1559 3354 ut
1598 3315 1758 3367 supra
1788 3298 1928 3353 com-

320 3372 637 3442 prehensum
665 3382 760 3438 est,
799 3373 949 3426 rebus
971 3414 987 3439 ,
1019 3373 1331 3440 nominibus,
1363 3372 1690 3442 personisque
1717 3370 1933 3426 distinc-

321 3454 398 3496 tre
413 3446 527 3514 sint
545 3459 565 3508 ;
591 3458 654 3496 ac
673 3454 782 3497 tum
806 3446 1110 3514 corporalis.

408 3512 424 3551 ί
470 3514 529 3586 lu
556 3514 674 3569 Cod
720 3514 858 3569 Just.
887 3512 994 3569 om.
1020 3523 1065 3568 et
1086 3514 1368 3586 corporalis
1390 3543 1459 3554 -—
1479 3518 1805 3586 patefactam.

406 3587 421 3634 ι
472 3583 549 3639 lta
577 3585 703 3652 (etsi
729 3587 841 3655 ipse
858 3601 920 3641 se
941 3588 1182 3655 revocat)
1209 3583 1278 3654 cj.
1308 3583 1437 3650 Go.,
1460 3583 1606 3640 recte
1626 3596 1679 3640 et
1700 3600 1931 3640 consen-

320 3656 591 3711 tientibus
633 3657 790 3711 codd.
840 3657 925 3725 l2,
978 3657 1066 3721 19,
1106 3665 1161 3712 ct
1207 3656 1325 3711 Vat.
1370 3658 1460 3719 lr.,
1498 3656 1585 3709 ubi
1625 3657 1924 3724 inrepentes.

323 3728 475 3784 Bell.
529 3729 882 3797 irruptionem.
929 3729 1000 3783 20
1030 3728 1325 3782 advocatam
1365 3727 1672 3781 vicinitatem
1710 3740 1767 3781 et
1806 3743 1928 3781 mox

321 3800 577 3855 arbitriis.
627 3798 748 3855 Vat.
791 3800 858 3855 l'r.
913 3800 1195 3867 corporalis
1235 3798 1468 3861 traditio,
1513 3799 1567 3851 in
1604 3814 1760 3865 quam
1800 3813 1933 3864 stupe

324 3872 481 3925 multi
502 3870 633 3925 talia
657 3872 946 3926 simulando
971 3872 1273 3939 inrepentes,
1309 3878 1393 3921 aut
1422 3869 1577 3922 veluti
1604 3884 1826 3934 corpora
1845 3886 1931 3923 ca.

328 3944 550 4011 pientes,
596 3941 823 3997 solemne
861 3941 990 3996 illud
1015 3946 1110 4013 jus
1149 3958 1209 3996 ac
1266 3940 1604 4013 uoluntarium
1640 3940 1933 4013 inconcessa

329 4013 671 4085 usurpatione
709 4011 1031 4083 prteripiuntl
1052 4084 1055 4085 ν
1079 4012 1153 4066 Ea
1180 4013 1338 4083 igitur
1364 4012 1478 4083 ipsa
1519 4026 1689 4065 rerum
1724 4011 1932 4065 traditio

331 4084 666 4154 praemium
692 4084 939 4139 aduocata
962 4084 1235 4138 vicinitate.

408 4177 435 4215 ι
475 4177 574 4233 Go.
605 4193 757 4249 prop.
789 4179 1040 4245 plurimis,
1069 4187 1123 4233 ut
1147 4178 1198 4231 in
1226 4176 1691 4246 interpretatione.
1716 4177 1839 4232 Vat.
1864 4179 1928 4233 fr.

331 4249 389 4304 in
419 4264 541 4318 sqq.
574 4250 649 4303 ita
675 4268 689 4304 :
719 4250 1048 4319 omnibusque
1077 4250 1301 4319 arbitris,
1332 4263 1548 4319 quorum
1582 4258 1693 4314 post
1720 4249 1933 4319 ﬁdenti

332 4317 517 4385 liceat,
530 4330 782 4375 conventu
806 4317 1143 4388 plurimorum
1165 4318 1467 4373 celebretur.
1480 4317 1599 4372 Non
1628 4320 1761 4372 enim
1786 4318 1935 4374 aliter

331 4407 498 4445 vacua
527 4392 863 4463 juredantis
889 4407 969 4444 res
992 4392 1108 4453 erit,
1137 4406 1291 4460 quam
1318 4407 1376 4443 ea
1402 4390 1478 4443 vel
1498 4390 1620 4463 pejus
1651 4389 1929 4463 uoluntate,

332 4464 382 4516 si
419 4472 495 4517 est
523 4460 746 4528 mobilis,
777 4462 1027 4525 tradatur,
1062 4463 1137 4516 vel
1165 4463 1401 4515 abscessu
1427 4461 1529 4526 sui,
1560 4462 1605 4514 si
1631 4460 1813 4515 domus
1842 4471 1932 4515 aut

335 4534 531 4602 fundus
573 4544 663 4586 aut
701 4533 825 4602 quid
854 4532 1082 4604 ejusdem
1112 4533 1307 4603 generis
1334 4534 1450 4596 erit,
1478 4532 1647 4586 sedem
1674 4548 1804 4586 novo
1834 4534 1929 4586 do-

336 4605 478 4657 mino
522 4605 835 4675 patefecerit.
871 4604 1000 4668 Qua:
1038 4605 1210 4657 omnia
1245 4604 1543 4675 consignare
1580 4605 1709 4656 actis
1730 4674 1733 4675 ν
1737 4604 1936 4673 jndicis

337 4684 569 4743 prastat,
602 4673 656 4729 ut
684 4690 765 4729 res
790 4677 1070 4728 multorum
1101 4673 1365 4739 narratibus,
1391 4675 1570 4737 oculis,
1603 4674 1812 4727 auribus
1833 4685 1935 4728 tes-

339 4755 466 4811 tata,
496 4747 696 4800 nullum
723 4745 954 4815 effugiat,
977 4747 1126 4816 cujus
1148 4753 1235 4799 aut
1255 4745 1513 4816 scientiam
1534 4747 1704 4814 capiat
1726 4755 1812 4798 aut
1833 4746 1939 4800 dis-

337 4816 717 4871 simulationem
737 4827 891 4886 tegat.
915 4815 1285 4884 Quodsijudex
1303 4815 1479 4881 aberit,
1500 4817 1583 4868 cui
1598 4832 1798 4869 summa
1819 4833 1940 4885 pro-

339 4888 523 4941 vincia:
543 4888 810 4941 commissa
826 4897 917 4950 est,
946 4888 1215 4941 mandetur
1229 4887 1364 4940 istud
1381 4887 1771 4955 magistratuum
1791 4888 1936 4943 actis.

423 4956 444 4995 ³
490 4958 541 5025 8,
572 4963 623 5020 9,
656 4959 747 5023 10,
780 4958 849 5013 18
876 4975 985 5012 οιιι.
1015 4974 1079 5013 ea:
1106 4959 1364 5011 voluntate
1384 4987 1456 4998 ——-
1478 4956 1771 5012 immobilis.
1802 4955 1935 5013 Cod.

341 5028 517 5101 Lugd.
549 5029 837 5093 inmobiles,
864 5030 959 5084 sed
991 5045 1096 5084 em.
1126 5030 1400 5083 inritabilis.

416 5131 459 5159 ιιι
495 5121 568 5177 lta
612 5132 759 5178 recte
797 5120 918 5177 cod.
958 5120 1128 5191 Lugd.
1171 5120 1411 5191 plerique
1452 5119 1539 5174 Br.
1586 5118 1666 5174 Al.
1697 5118 1853 5175 codd.
1888 5129 1943 5175 et

342 5193 472 5250 edd.
516 5204 710 5264 przcter
734 5192 867 5257 'l‘il.,
910 5194 1000 5264 qui
1038 5191 1432 5264 abcensulnon
1474 5191 1714 5264 adcensa,
1750 5204 1803 5246 ut
1850 5207 1936 5261 ap.

341 5266 439 5322 Be.
472 5265 524 5319 in
565 5272 678 5320 not.
710 5265 837 5335 cst).
871 5263 938 5319 16
963 5264 1226 5318 abscensu.
1252 5263 1329 5335 12
1357 5263 1629 5335 abscessio.
1658 5263 1936 5335 29addis-

341 5354 508 5392 sessu.
538 5335 633 5391 Be.
665 5337 735 5405 cj.
767 5333 1008 5390 adsensu.
1043 5334 1148 5391 Sed
1177 5334 1321 5403 vnlg.
1345 5333 1505 5402 scrip.
1539 5334 1842 5388 defenditur
1864 5339 1945 5387 in-

340 5418 539 5478 terpr.,
570 5407 660 5462 ubi
691 5424 704 5478 ;
754 5415 825 5478 ut
849 5406 968 5461 inde
1004 5406 1223 5460 donator
1249 5406 1483 5467 abcedut,
1517 5413 1572 5459 et
1598 5407 1947 5460 conﬁrmatur

343 5476 491 5534 nunc
522 5478 643 5533 Vat.
679 5477 748 5532 fr.
784 5476 965 5549 Neque
1005 5486 1105 5543 est,
1138 5491 1233 5531 cur
1255 5478 1571 5546 corrigatur.

417 5580 447 5607 ιι
485 5569 557 5626 20
585 5570 662 5624 uel
682 5570 830 5624 actis.
856 5570 957 5625 Go.
983 5569 1149 5639 factis,
1179 5583 1289 5640 crr.
1314 5566 1490 5640 Noun.
1509 5565 1670 5640 codd.
1691 5571 1947 5640 patefacta

345 5650 403 5699 ct
424 5657 549 5696 mox
572 5642 663 5696 alii
686 5636 1056 5696 annectendum
1082 5650 1135 5696 et
1152 5638 1411 5710 judicium
1438 5653 1535 5709 pro
1559 5636 1801 5705 iudicem.

421 5722 448 5749 ο
488 5713 560 5769 20
588 5711 711 5769 add.
745 5728 825 5767 ea.

799 5811 1073 5872 Ρηιιοι..
1125 5808 1289 5871 νιιι.

2023 3166 2146 3229 jure
2171 3159 2605 3241 quodquibusque
2622 3158 2773 3241 rebus
2793 3158 3001 3215 donatis
3079 3201 3092 3216 .
3169 3205 3182 3218 .
3268 3206 3281 3220 .

2033 3243 2093 3281 ea
2119 3230 2426 3299 perfectione
2448 3231 2649 3300 faciend
2691 3270 2705 3285 .
2789 3270 2802 3284 .
2884 3271 2897 3283 .
2980 3272 2993 3285 .
3075 3271 3088 3285 .
3171 3278 3182 3291 .
3264 3277 3278 3290 .
3360 3280 3373 3292 .
3455 3280 3469 3293 .
3514 3258 3634 3299 ver.

2034 3299 2216 3352 borum
2265 3299 2445 3354 deinde
2488 3316 2597 3355 esse
2635 3302 2903 3370 quicquam
2980 3343 2993 3355 .
3074 3343 3088 3357 .
3170 3348 3182 3361 .

2033 3370 2142 3440 lege
2178 3382 2489 3424 commutata
2529 3372 2805 3425 verborqu
2884 3413 2897 3425 .
2981 3414 2992 3425 .

2032 3442 2284 3511 faciendis
2330 3458 2490 3512 neque
2526 3442 2686 3496 ullam
2784 3483 2797 3497 .
2880 3485 2891 3495 .
2976 3486 2987 3497 .

2032 3513 2163 3581 ﬂare
2186 3529 2301 3566 cum
2332 3515 2521 3584 futuris
2540 3515 2632 3582 jus
2660 3532 2694 3586 p
2776 3552 2792 3570 .
2876 3555 2888 3568 .
2972 3556 2984 3566 .

2031 3599 2147 3652 qua:
2184 3595 2239 3637 ut
2276 3599 2449 3656 omnes
2483 3601 2702 3656 cognosc
2778 3626 2790 3639 .
2874 3626 2887 3638 .
2972 3626 2984 3640 .

2034 3655 2072 3707 ti
2100 3665 2188 3708 tuo
2219 3654 2662 3724 prteferenda‘est.

2109 3737 2129 3763 ο
2171 3724 2290 3780 Vat.
2326 3726 2391 3779 l‘t‘.
2424 3725 2541 3780 PP.

2218 3743 2290 3780 ill.
2326 3743 2391 3779 ll‘.
2424 3743 2541 3780 ιἰι.

2104 3793 2131 3832 (ι
2160 3795 2253 3861 20,
2283 3796 2369 3857 50,
2404 3797 2475 3850 52
2499 3826 2570 3836 --
2596 3795 2801 3851 511111.
2832 3795 3012 3853 Νοιιιι.
3043 3800 3203 3855 codd.
3228 3818 3336 3857 om.
3369 3804 3456 3860 lll.
3488 3824 3536 3863 c.
3563 3809 3628 3865 21

2031 3865 2168 3921 Cod.
2198 3866 2335 3921 Just.
2363 3867 2454 3921 cit.
2490 3866 2618 3920 Kal.

2108 3938 2259 4010 $28,
2294 3936 2506 4010 36,738.
2541 3938 2629 4010 40,
2662 3937 2810 3994 Sich.
2844 3939 2895 3993 in
2930 3955 3004 3993 tu.
3043 3940 3343 4010 Novctnbr.,
3375 3957 3429 4002 ttt
3459 3966 3625 4005 noun.

2034 4007 2191 4062 codd.
2224 4010 2277 4063 in
2310 4024 2360 4063 c.
2388 4009 2424 4062 2
2446 4010 2505 4064 υ.
2540 4009 2640 4063 Th.
2670 4011 2764 4065 cit.

2110 4076 2129 4116 ί
2162 4079 2330 4136 Codd.
2366 4079 2530 4134 Roma
2555 4096 2602 4136 s.
2628 4082 2806 4145 Rom.,
2834 4089 2892 4136 ut
2913 4082 3058 4138 Sirh.
3096 4084 3232 4139 Rell.
3262 4086 3386 4141 edd.
3412 4099 3466 4144 et
3494 4089 3630 4147 Cod.

2031 4149 2170 4205 Just.
2208 4151 2403 4205 Romar.
2434 4152 2491 4206 In
2521 4166 2685 4207 noun.
2712 4153 2870 4206 codd.
2901 4162 2955 4207 et
2980 4153 3099 4207 Vat.
3138 4154 3204 4209 l'r.
3233 4172 3340 4210 om.
3376 4156 3560 4213 Roma.

2106 4230 2132 4267 ε
2175 4221 2360 4277 Severo
2386 4221 2489 4276 'l‘il.
2534 4233 2587 4277 et
2618 4231 2747 4279 rest.
2781 4224 2875 4278 Bc.
2901 4232 3042 4278 auct.
3077 4225 3177 4279 Go.
3210 4240 3274 4281 cx
3302 4243 3351 4281 c.
3384 4229 3453 4284 25
3496 4231 3629 4287 Cod.

2032 4292 2169 4348 Just.
2200 4293 2250 4347 id
2282 4308 2331 4347 c.
2362 4309 2489 4348 ann.
2513 4294 2639 4357 523,
2671 4295 2725 4349 in
2748 4310 2848 4362 qua
2882 4310 2941 4349 re
2964 4295 3064 4348 sibi
3094 4311 3195 4350 non
3227 4310 3440 4354 constat
3469 4317 3483 4354 :
3513 4319 3635 4357 nam

2036 4364 2088 4436 in
2116 4380 2166 4436 ς.
2197 4365 2233 4436 2
2259 4363 2320 4419 C.
2349 4364 2450 4419 Th.
2480 4368 2572 4419 cit.
2609 4363 2724 4436 (Ill,
2750 4366 2843 4434 50)
2876 4364 3037 4421 habet
3067 4370 3318 4423 consules
3348 4371 3477 4427 anni
3504 4374 3630 4428 5lo‘.

2040 4434 2156 4488 Vid.
2187 4435 2256 4490 de
2280 4438 2380 4490 hoc
2406 4436 2521 4490 loco
2543 4446 2597 4490 ct
2620 4434 2688 4490 dc
2716 4447 2822 4489 tota
2850 4441 3057 4491 subscr.
3090 4439 3149 4492 (3.
3175 4439 3279 4493 Th.
3302 4442 3382 4495 tit.
3410 4446 3475 4497 de
3500 4445 3635 4498 Pac-

1958 4483 2013 4543 D
2040 4483 2254 4577 (sint
2280 4483 2516 4577 93,13:
2547 4483 3057 4562 ῖέἷὶῖἷςῖιῖἲῖὖὶξ
3085 4483 3637 4577 ιῖᾴ-ἶῖιέὲὲὶἱῦιῗιῖἲξ

2038 4577 2196 4631 detur
2225 4576 2487 4632 Wenckio
2520 4577 2978 4633 Untcrholznerns
3020 4576 3241 4647 (Illioin.
3290 4582 3424 4637 Mus.
3469 4585 3504 4638 i.
3546 4585 3641 4639 Ju-

2039 4648 2200 4726 rispr.
2229 4648 2316 4726 lllr,
2343 4666 2393 4726 p_.
2415 4648 2561 4726 199).
2580 4651 2853 4726 consentit
2869 4650 3052 4726 etiam:
3079 4660 3273 4718 prmtut‘
3291 4654 3413 4726 cod.
3442 4654 3639 4726 Lngd.,

2042 4719 2158 4793 llal.
2190 4719 2409 4793 iuACod.
2439 4718 2601 4793 ιω,
2632 4719 2720 4793 ubi
2756 4720 2971 4793 Sabino.
3013 4719 3282 4793 Caeterum
3319 4722 3409 4791 28,
3441 4718 3548 4793 56ξ
3572 4718 3644 4784 40

2042 4789 2346 4853 Saturnino,
2382 4796 2440 4844 ut
2467 4788 2617 4845 Sich.
2650 4791 2703 4844 in
2732 4806 2805 4845 tu.
2829 4790 2900 4846 20
2926 4791 3133 4846 Saviro.

2117 4858 2146 4897 ¹¹
2176 4859 2352 4915 Noun.
2380 4861 2538 4915 codd.
2573 4877 2681 4914 om.
2715 4872 2822 4916 aut.

2126 4932 2141 4967 ί
2172 4931 2243 4986 ‘20
2269 4946 2431 5001 supra
2465 4931 2555 4985 lin.
2587 4932 2709 4986 add.
2737 4932 2834 4985 sibi
2862 4942 3106 4988 reservat.

2124 5000 2138 5052 i
2178 5002 2233 5067 6,
2262 5003 2317 5067 7,
2340 5000 2420 5057 ’20
2437 5013 2492 5058 et
2512 5002 2603 5077 alii
2633 5003 2856 5058 Donatio
2882 5004 3095 5071 directa,
3132 5006 3227 5061 sed
3258 5018 3480 5077 praestat
3518 5027 3643 5069 nos-

2050 5081 2190 5143 trum
2224 5081 2445 5143 propter
2472 5075 2778 5129 antithesin.

2121 5142 2146 5181 ¹ι
2180 5143 2233 5206 6,
2267 5145 2298 5198 7
2329 5142 2601 5201 adviveret.

2126 5213 2141 5251 ¹
2178 5216 2248 5270 20
2287 5226 2343 5271 et
2370 5217 2460 5271 alii
2488 5216 2695 5270 donavit
2724 5226 2777 5273 et
2804 5232 2925 5272 mox
2949 5218 3017 5271 ad
3045 5219 3192 5273 illunt
3229 5221 3313 5275 cui
3339 5222 3527 5278 donata
3547 5235 3643 5281 est.

2118 5297 2159 5323 ιιι
2189 5287 2365 5342 Locus
2394 5287 2446 5342 in
2470 5289 2628 5343 codd.
2661 5298 2916 5359 corrupte
2954 5290 3188 5361 scriptus
3218 5310 3232 5347 :
3263 5304 3511 5363 quantum
3552 5306 3648 5352 aut

2049 5373 2205 5428 quam
2236 5368 2375 5412 tunc.

2119 5438 2147 5465 ιι
2177 5428 2269 5493 20,
2302 5428 2393 5495 45,
2421 5431 2492 5485 44
2518 5442 2572 5485 ct
2599 5430 2685 5484 alii
2715 5430 2871 5484 Codd.
2902 5429 3046 5487 Siclt.
3081 5434 3339 5501 donantis,
3372 5433 3465 5490 sed
3493 5436 3641 5493 Siclt.

2051 5500 2104 5555 in
2135 5518 2207 5554 tu.
2229 5501 2513 5556 ‘dona‘oris.

2126 5579 2151 5607 ο
2177 5572 2271 5637 2|,
2295 5572 2389 5639 26,
2418 5571 2489 5625 42
2516 5582 2570 5626 et
2596 5572 2748 5626 multi
2776 5572 2863 5628 alii
2894 5573 3052 5627 codd.
3084 5574 3320 5627 moritur.

2126 5653 2154 5692 ιι
2189 5643 2262 5697 20
2290 5643 2479 5697 donata
2506 5652 2581 5698 est
2608 5660 2667 5697 ea
2690 5659 2805 5713 qute
2830 5644 3023 5699 donata
3052 5654 3125 5700 est
3155 5660 3234 5699 res
3262 5646 3334 5699 in.

2129 5724 2155 5763 'l
2185 5713 2257 5770 20
2286 5713 2406 5767 don.
2438 5729 2555 5783 qua:
2583 5715 2820 5769 donatur.

3050 5808 3089 5868 5
