4142 6178
493 225 602 286 159

1753 213 2208 276 αοΝδτΑΝτιΝι
2245 213 2464 273 MAGNI

3691 213 3798 273 110

491 339 734 414 possibile
739 338 1024 413 judicetur,
1048 345 1138 392 aut
1163 336 1300 407 quod
1331 345 1357 376 α
1387 335 1638 391 honestati
1667 334 1981 390 contrarium
2019 334 2092 388 υἱ·
2119 333 2169 394 Α
2199 333 2420 402 publice,
2453 349 2556 388 non
2583 331 2820 404 privatim
2833 330 2910 388 uel
2936 335 3122 386 secrete
3143 338 3196 397 ε,
3221 328 3311 385 sed
3327 335 3418 386 aut
3445 329 3500 386 in
3539 329 3728 386 tabulis
3765 331 3794 372 ι’

420 459 426 466 ο
493 436 708 500 deatur;
752 440 840 486 aut
881 431 926 484 si
967 429 1022 483 id
1051 429 1250 484 ordinet
1289 429 1402 498 ﬁeri
1439 427 1578 496 quod
1615 429 1884 482 honestum
1923 436 1998 480 est
2043 433 2092 479 et

492 525 656 596 possit
684 521 714 562 ι)
745 521 945 592 impleri
967 537 988 588 ;
1015 520 1138 592 quia
1162 529 1280 574 tunc
1301 519 1595 587 inﬁrmatur
1625 519 1860 584 aonatio,
1885 515 2090 588 quando

493 617 810 673 conditiones
833 615 1114 669 honestatis
1147 612 1404 684 possibilis
1443 623 1466 652 ο
1493 612 1717 682 impleta:
1745 627 1846 665 non
1875 611 2086 680 fuerint.

493 709 640 765 Nam
664 709 710 762 si
731 709 1016 762 inhonesta:
1041 701 1070 744 ἀ
1109 715 1158 760 et
1185 703 1526 778 impossibiles
1546 705 1862 759 conditiones
1892 718 2094 774 ponan-

491 811 576 857 tur
603 811 646 868 ε,
671 801 876 856 remotis
903 798 1300 865 conditionibus,
1330 799 1478 866 firma
1495 797 1704 851 donatio
1731 805 1824 850 est.
1857 795 1950 850 Est
1971 795 2092 848 item

492 901 542 954 et
564 891 583 930 ί
617 890 796 948 aliain
833 908 938 962 qua
989 890 1084 946 sibi
1109 891 1328 945 donator
1353 901 1548 944 certum
1575 899 1778 959 tempus
1811 887 2094 956 possessio-

491 988 574 1044 nis
599 997 624 1032 κ
654 995 874 1042 reservat
900 984 950 1039 ιι.
986 985 1116 1053 Qua:
1160 981 1178 1022 ί
1213 993 1380 1038 tamen
1411 999 1584 1038 omnes
1609 982 1908 1038 donationes
1936 997 2092 1050 supe-r

488 1082 604 1136 rius
637 1080 1018 1152 comprehensa:
1049 1079 1094 1133 si
1123 1079 1330 1134 modum
1359 1079 1662 1133 excesserint
1692 1077 1802 1148 lege
1829 1075 2092 1146 conscrip-

489 1183 620 1241 tum,
645 1172 782 1228 unde
811 1178 1024 1244 possunt
1049 1180 1199 1226 certat
1226 1186 1458 1241 personis
1487 1170 1548 1224 de
1575 1169 1848 1224 immodica
1877 1169 1890 1218 1
1927 1167 2094 1222 dona-

487 1268 626 1323 tione
654 1281 957 1337 proponere,
997 1267 1094 1318 hoc
1121 1273 1194 1318 est
1220 1265 1266 1318 si
1293 1274 1528 1333 quartam
1560 1263 1656 1316 sibi
1688 1261 1954 1334 facultatis
1981 1274 2092 1314 suae

487 1358 708 1415 donator
743 1373 848 1414 non
879 1357 1226 1422 reservaverit,
1264 1373 1366 1410 non
1404 1357 1658 1410 ualebunt.
1704 1355 1809 1410 Sed
1847 1361 2092 1426 praterea

488 1453 586 1507 illa
615 1452 822 1506 donatio
851 1461 1032 1506 contra
1060 1451 1222 1523 legem
1252 1457 1347 1518 est,
1379 1451 1424 1504 si
1457 1451 1572 1522 quis
1603 1466 1712 1505 rem
1745 1449 1802 1504 in
1837 1450 1926 1504 lite
1949 1449 2094 1518 posi-

488 1556 616 1613 tam,
641 1563 757 1618 qua:
776 1545 1073 1616 repetiturk,
1097 1542 1209 1600 aut1
1235 1555 1372 1600 recto
1389 1546 1569 1601 ordine
1592 1545 1764 1612 donet,
1799 1554 1888 1598 aut
1913 1543 2091 1599 condi-

492 1641 682 1694 tionem
712 1649 891 1693 contra
919 1639 1077 1694 bonos
1101 1653 1288 1704 mores,
1321 1638 1417 1692 hoc
1442 1647 1516 1694 est
1551 1654 1788 1694 caussam
1818 1637 2089 1707 cujuslibet

2193 435 2280 478 aut
2323 425 2380 478 in
2418 425 2608 478 chartis
2657 432 2746 478 aut
2772 423 3074 494 ubicumque
3121 422 3320 493 legatur
3373 425 3513 494 facta
3563 422 3792 477 donatio.

2198 515 2364 583 Quam
2391 526 2412 555 ο
2462 526 2628 570 tamen
2655 517 3001 581 donationem,
3035 516 3076 568 si
3108 516 3306 570 litteras
3331 516 3466 569 nouit
3499 511 3552 582 ἀ,
3580 515 3802 570 donator

2190 609 2304 681 ipse
2329 607 2612 663 subscribat
2637 625 2656 663 :
2697 610 2744 662 si
2769 625 2885 663 vero
2925 608 3150 680 ignorat,
3185 607 3518 679 praesentibus
3560 607 3802 680 plurimis

2193 703 2368 773 eligat,
2397 703 2488 775 qui
2511 718 2606 772 pro
2630 703 2744 774 ipso
2768 701 3050 756 subscribat
3074 717 3092 756 :
3117 707 3162 756 et
3201 709 3226 738 θ
3265 703 3396 756 hanc
3428 703 3596 774 ipsum
3630 703 3800 756 dona"

2193 796 2381 850 tionem
2417 793 2435 833 ί
2466 805 2726 866 gestorum
2751 796 3032 850 solennitas
3058 805 3104 849 et
3129 795 3414 866 corporalis
3441 797 3654 850 traditio
3675 795 3800 850 sub-

2192 899 2452 960 sequatur,
2483 891 2558 944 ita
2585 897 2640 944 ut
2664 891 2710 944 si
2729 889 2938 944 mobilia
2955 890 3230 954 donantur,
3265 889 3598 962 praesentibus
3630 890 3803 961 pluria

2192 985 2292 1038 niis
2324 983 2594 1037 tradantur
2619 997 2640 1037 :
2683 983 2728 1037 si
2755 997 2870 1036 uero
2897 997 3020 1054 ager
3059 982 3136 1036 vel
3163 981 3347 1036 domus
3385 983 3626 1048 donatur,
3658 981 3800 1052 quod

2191 1077 2381 1130 moveri
2408 1091 2511 1128 non
2547 1083 2732 1145 potest,
2763 1083 2819 1129 ut
2864 1083 2888 1122 ε
2921 1074 3041 1128 inde
3070 1073 3286 1128 donator
3326 1073 3563 1128 abscedat
3594 1083 3641 1128 et
3667 1089 3802 1130 novo

2192 1169 2400 1225 domino
2429 1177 2600 1241 pateat
2631 1185 2712 1222 res
2737 1167 2950 1233 donata,
2991 1167 3036 1221 si
3066 1163 3095 1204 ιι
3127 1176 3298 1220 tamen
3325 1165 3418 1220 sibi
3447 1166 3510 1220 de
3544 1167 3622 1220 his
3647 1167 3798 1222 rebus

2191 1263 2570 1334 usumfructum
2589 1262 2808 1317 donator
2834 1277 2938 1316 non
2970 1259 2986 1298 ί
3019 1261 3366 1316 reservaverit.
3393 1259 3548 1314 Gesta
3565 1276 3676 1315 vero
3700 1261 3802 1315 do-

2189 1357 2454 1412 nationum
2475 1365 2562 1411 aut
2588 1355 2729 1429 apud
2743 1355 2980 1429 judicent
3008 1364 3097 1408 aut
3126 1355 3267 1428 apud
3297 1355 3496 1409 curiam
3523 1355 3795 1427 allegando

2189 1459 2332 1505 sunt.

2725 1555 2793 1599 DE
2845 1551 3018 1600 DONAT
3025 1553 3250 1600 IONIBUS.

2263 1655 2673 1714 CONSTANTINUS
2721 1657 2788 1710 A.
2847 1655 3096 1711 Aconioi
3151 1654 3432 1711 Catulino'l
3483 1653 3800 1714 Proconsttli

487 1733 740 1799 criminis,
780 1734 998 1788 donator
1033 1733 1086 1786 in
1129 1733 1404 1788 donatione
1443 1733 1746 1788 conscribat.
1793 1730 2081 1786 Minoribus
2111 1718 2160 1779 Β
2186 1752 2394 1823 Africa
2417 1751 2474 1808 Si
2510 1751 2629 1822 quis
2651 1749 2704 1806 in
2727 1751 3124 1821 emancipatum
3147 1749 3411 1805 minorem
3452 1751 3602 1820 prius
3630 1763 3790 1822 quam

483 1837 602 1878 vero
629 1825 672 1876 si
697 1823 820 1894 quid
849 1823 1000 1896 fuerit
1037 1841 1128 1896 per
1149 1825 1475 1879 donationem
1497 1842 1528 1878 a
1551 1839 1848 1894 quocunque
1865 1833 1906 1861 ω
1933 1823 2076 1878 obla-

485 1927 595 1972 tum
638 1918 741 1971 sive
769 1917 1034 1985 collatum,
1069 1928 1258 1974 tutores
1296 1917 1376 1974 vel
1407 1925 1668 1974 curatores
1700 1934 1872 1973 eorum
1901 1915 2081 1972 debent

481 2011 688 2068 studere
724 2030 786 2067 ne
832 2013 954 2082 quid
985 2015 1216 2083 ﬁrmitati
1253 2013 1544 2070 donationis
1582 2021 1611 2050 η
1652 2013 1800 2068 desit.
1851 2012 2003 2081 Quod
2037 2012 2088 2067 si:

483 2119 662 2158 eorum
703 2103 1014 2175 negligentia
1051 2105 1260 2158 donatio
1302 2104 1370 2158 ad
1409 2103 1646 2171 effectum
1689 2103 1936 2174 perducta
1978 2119 2083 2158 non

479 2197 655 2267 fuerit,
689 2197 758 2252 ad
782 2213 957 2251 eorum
984 2197 1308 2270 dispendium
1339 2199 1628 2269 pertinebit,
1653 2201 1726 2252 ita
1755 2207 1808 2252 ut
1833 2195 2082 2268 quicquid

477 2287 700 2343 minores
730 2289 791 2342 de
819 2287 1090 2342 donatione
1129 2289 1461 2360 perdiderint,
1496 2299 1754 2344 curatores
1781 2290 1858 2344 vel
1888 2299 2086 2344 tutores

477 2379 590 2434 illis
617 2388 642 2416 ο
673 2380 736 2434 de
764 2382 978 2450 propria
1006 2382 1250 2452 facultate
1276 2383 1569 2437 restituant.
1604 2381 1674 2434 In
1699 2367 2082 2435 conscribendis

476 2481 648 2528 autem
675 2483 704 2523 ιι
730 2473 1088 2528 donationibus
1110 2475 1194 2528 hic
1219 2475 1345 2528 ordo
1373 2475 1653 2528 servandus
1674 2485 1768 2540 est,
1792 2483 1848 2528 ut
1871 2475 2080 2528 donatio

475 2582 662 2623 nomen
683 2568 826 2638 prius
843 2569 1098 2622 contineat
1120 2579 1146 2618 (ἶ
1160 2569 1426 2622 donatoris
1441 2567 1520 2622 vel
1537 2568 1686 2622 illius
1723 2568 1802 2620 cui
1824 2567 2078 2622 donatur:

475 2657 661 2714 deinde
681 2675 762 2713 res
786 2669 834 2726 τ,
850 2675 966 2729 quis
992 2659 1272 2725 donantur,
1295 2659 1401 2713 sine
1421 2659 1476 2712 in
1498 2661 1638 2730 agris
1655 2667 1702 2726 ⁵,
1727 2659 1830 2714 sive
1857 2659 1910 2713 in
1931 2675 2080 2713 man-

474 2751 647 2821 cipiis,
675 2751 780 2806 sive
801 2752 856 2805 in
882 2735 1186 2822 quibuslibet
1209 2751 1358 2804 rebus
1383 2760 1534 2820 atque
1558 2751 1876 2822 corporibus,
1915 2751 2080 2805 nomi-

475 2845 635 2899 natim
651 2843 702 2900 in
725 2844 1000 2900 donatione
1015 2844 1034 2880 ί
1067 2842 1444 2900 conscribenda:
1464 2851 1604 2910 sunt,
1627 2859 1730 2898 non
1750 2843 1970 2912 occulte,
1989 2843 2080 2899 sed

548 3061 575 3125 β
605 3053 740 3125 quod
767 3069 875 3109 om.
903 3055 956 3125 in
988 3052 1168 3125 multis
1191 3052 1350 3108 codd.

545 3123 576 3163 ι)
606 3109 677 3179 l'ta
699 3124 953 3196 permulti
992 3123 1138 3191 cod.;
1185 3125 1362 3180 minus
1407 3133 1554 3181 recte
1598 3122 1724 3181 edd.
1769 3133 1958 3195 posset.
2005 3109 2154 3181 21C

474 3207 751 3341 ἴίίιιιί
779 3267 934 3341 codd.
963 3267 1247 3341 possibiles.
1275 3266 1348 3341 20
1375 3281 1486 3322 sec.
1519 3265 1624 3341 Ri:
1635 3267 1920 3341 bottestates
1945 3282 2068 3341 pos—

471 3335 662 3404 sibiles,
689 3340 840 3409 prob.
862 3335 1076 3394 RifAlii
1100 3337 1254 3392 codd.
1283 3338 1562 3409 honestate.
1592 3338 1738 3394 Sich.
1766 3338 1816 3409 in
1843 3354 1915 3392 m.
1939 3335 2064 3392 add.

472 3419 522 3465 et
541 3419 669 3519 post
693 3408 820 3464 ’Iton.
848 3411 914 3464 2-1
945 3409 1252 3464 conditionis
1275 3408 1554 3464 honestatis
1577 3421 1625 3464 et
1651 3408 1934 3490 possibiles.

598 3481 669 3519 ΘΠ
697 3483 920 3519 Iinnnelm
971 3482 1062 3519 and
1092 3496 1180 3519 enr-
1229 3479 1308 3519 Ri,
1345 3481 1552 3519 [animum
1603 3482 1742 3519 insnr
1789 3479 1845 3519 Rt
1897 3479 1930 3519 ελ

598 3481 669 3536 20
694 3483 941 3548 honestat,
970 3482 1062 3536 sed
1091 3496 1202 3536 sec.
1227 3479 1312 3534 Ri.
1343 3481 1572 3547 honesta,
1603 3479 1762 3550 impr.
1788 3479 1870 3534 lii.
1897 3479 1962 3535 21
1989 3479 2066 3534 in-

472 3551 802 3606 honestatem.

547 3632 570 3694 ?
594 3621 777 3694 _Nonn.
821 3621 978 3677 codd.
1013 3623 1320 3677 donaciones
1366 3639 1488 3694 pon.
1525 3620 1674 3678 Sich.
1707 3631 2062 3693 componatur,

467 3691 567 3764 sed
592 3691 645 3764 in
674 3709 746 3746 m.
777 3703 1052 3764 ponantur.

549 3761 575 3834 ‘_
601 3763 698 3816 Est
727 3761 879 3818 deest
927 3766 978 3817 in
1027 3763 1208 3834 multis
1238 3764 1422 3830 codd.,
1471 3775 1536 3819 ut
1569 3764 1624 3818 in
1658 3763 1749 3832 20,
1785 3773 1840 3820 et
1887 3772 1934 3818 et
1972 3778 2062 3834 ap.

469 3832 617 3889 Sich.
647 3834 763 3889 Cui.
799 3836 823 3888 1
859 3865 916 3874 —
956 3833 1121 3898 Lugd.
1149 3833 1212 3888 21
1244 3837 1476 3900 (estintet,
1501 3835 1596 3890 sed
1625 3837 1676 3890 in
1705 3852 1776 3890 m.
1807 3835 1942 3890 Item
1967 3832 2060 3890 est.

547 3913 572 3974 β
603 3905 674 3959 20
703 3921 849 3974 supr.
883 3905 1006 3968 lin.,
1033 3903 1107 3958 45
1133 3916 1188 3958 et
1215 3905 1302 3958 alii
1332 3907 1488 3960 codd.
1519 3905 1840 3962 donacionis.

541 3972 568 4010 ¹³
599 3976 747 4030 Sich.
777 3972 907 4031 Cui.
942 3975 968 4029 1
1017 4003 1087 4015 -·
1128 3974 1296 4046 Lugd.
1339 3985 1520 4030 servat.
1564 3977 1741 4032 Noun.
1773 3977 1931 4032 codd.
1979 3994 2064 4032 re-

470 4062 552 4100 88"
557 4057 630 4102 ret
637 4085 650 4100 .
1323 4097 1326 4100 .

547 4116 564 4154 ί
603 4117 726 4190 llaec
753 4118 1018 4190 interpres
1047 4132 1158 4190 sec.
1192 4117 1291 4173 Go.
1319 4115 1387 4172 de
1413 4131 1514 4190 suo
1533 4117 1696 4190 addit.

545 4191 558 4238 i
597 4189 662 4260 21
709 4186 928 4255 modico,
968 4189 1062 4244 sed
1108 4190 1160 4243 in
1202 4204 1274 4242 m.
1309 4186 1602 4244 immodica.
1643 4189 1770 4246 ﬂare
1797 4189 2064 4260 interpres

473 4273 584 4314 sec.
605 4259 705 4316 Go.
738 4260 804 4314 de
825 4275 923 4314 suo
950 4260 1118 4314 addit.

545 4329 568 4400 ξπ
601 4331 731 4400 Aur.
767 4331 934 4400 Lugd.
965 4333 1236 4400 reperitur,
1257 4346 1363 4385 err.

549 4397 566 4438 1
602 4399 700 4457 Go.
734 4397 1031 4464 vnlt'liaud,
1052 4404 1208 4462 male.
1243 4417 1340 4456 nec
1363 4402 1500 4458 ullus
1519 4401 1688 4457 codex
1713 4402 1872 4458 habet
1901 4404 2060 4460 haud.

469 4469 802 4554 Mullicodd‘.
837 4473 1028 4526 directo
1049 4488 1145 4554 pro
1171 4484 1330 4554 rectAo,
1351 4473 1490 4554 quod
1519 4489 1624 4554 non
1650 4475 2058 4544 improbandum
2086 4493 2154 4554 ])ι

467 4553 568 4598 est.
593 4543 734 4597 Mox.
761 4543 861 4600 Go.
891 4545 1165 4598 conscribat
1187 4554 1242 4598 et
1265 4543 1334 4600 20
1357 4545 1408 4598 in
1431 4543 1773 4599 donationem.

502 4687 512 4696 '
540 4623 578 4650 ιη
610 4632 640 4668 a
659 4630 956 4685 quocunque
992 4614 1144 4670 deest
1185 4617 1238 4670 in
1267 4615 1424 4671 codd.
1457 4615 1512 4682 6,
1543 4616 1593 4670 7.
1627 4617 1746 4671 Mox
1776 4617 1838 4673 21
1873 4628 2062 4675 tutores

498 4701 592 4738 me.

469 4702 494 4740 ⁸
526 4765 566 4831 μη
599 4755 661 4831 6,
695 4757 726 4831 ’ζ
755 4757 1009 4826 ﬁrmitatis
1039 4757 1328 4812 donationis
1359 4757 1634 4829 derogent;
1663 4757 1752 4814 alii
1779 4760 1938 4815 codd.
1969 4761 2059 4831 ﬁr-

467 4828 658 4880 mitatis
684 4829 968 4884 donationi.

544 4909 568 4934 ο
597 4898 689 4972 20,
718 4901 780 4953 21
814 4909 1002 4954 tutores
1027 4900 1106 4954 vel
1134 4910 1394 4956 curatores
1421 4901 1630 4956 illorum
1652 4901 1736 4972 (9.1
1764 4903 1914 4974 illis).

496 4992 653 5118 moria
695 4992 766 5116 ῗο
805 4993 926 5048 add.
951 5011 1128 5050 eorum
1151 5004 1210 5050 et
1237 4995 1396 5066 paulo
1448 4995 1586 5050 infra
1617 4997 1908 5052 donationis
1944 5007 2064 5068 post

546 5081 559 5117 l
585 5080 698 5118 mea
729 5105 740 5117 .

465 5080 740 5118 commeat.

537 5169 564 5208 τι
607 5161 732 5212 Aur.
765 5157 927 5228 Lugd.
965 5160 1242 5214 continuat.
1267 5159 1413 5216 Sich.
1445 5160 1568 5215 add.
1599 5178 1676 5216 ac.
1706 5161 1970 5218 Cancrum
2005 5164 2057 5217 in

462 5227 544 5285 2οε
565 5245 651 5284 vv.
685 5227 892 5284 donatio
919 5247 1100 5284 nomen
1129 5233 1272 5302 prius
1292 5231 1374 5286 bis
1405 5231 1600 5301 scripta
1629 5244 1772 5300 sunt,
1799 5235 1892 5290 sed
1922 5235 2056 5290 linea

464 5303 738 5372 supposita
772 5303 938 5356 senth
969 5303 1216 5356 videntur
1240 5317 1360 5357 esse
1391 5303 1584 5357 deleta.

535 5406 557 5430 τ
591 5397 644 5458 6,
677 5397 710 5450 7
750 5397 934 5451 deinde
962 5397 1023 5450 de
1051 5397 1148 5450 Itis.
1177 5395 1321 5464 Mox,
1353 5411 1420 5452 ex
1454 5397 1574 5453 aliis
1599 5397 1760 5454 codd.
1803 5399 2056 5454 donantur

465 5467 666 5535 recepi,
695 5469 780 5521 ulti
815 5469 971 5535 vulgo
1003 5468 1240 5521 donatur.

536 5565 556 5590 ³
591 5556 656 5610 21
690 5559 916 5628 integris,
948 5558 1046 5614 sed
1067 5575 1172 5614 em.
1199 5559 1256 5614 in
1287 5573 1360 5614 m.
1388 5560 1442 5614 in
1467 5562 1626 5632 agris.

537 5645 690 5772 ‘lGo.
718 5665 822 5702 ent.
853 5650 1164 5705 nominatint-
1191 5650 1510 5718 donationes,
1543 5661 1730 5707 contra
1763 5653 1882 5709 libr.
1920 5667 2049 5711 mss.

455 5733 597 5774 31101.-
1857 5751 1862 5754 .

2183 1843 2286 1899 fari
2317 1843 2510 1914 possit,
2551 1853 2644 1899 aut
2681 1841 2882 1900 habere
2931 1843 3012 1899 rei
3051 1859 3172 1915 qua:
3224 1843 3326 1899 sibi
3364 1837 3594 1900 donatur
3633 1843 3794 1900 υσθυε

2186 1945 2321 2004 tum,
2365 1937 2606 1992 italieum
2651 1937 2766 1992 sive
2803 1934 3251 2005 stipendiarium1
3296 1935 3520 1993 fundum
3546 1937 3794 1994 credide-

2184 2029 2255 2086 rit
2300 2029 2718 2098 conierendum,
2775 2043 2938 2086 omne
2971 2029 3059 2100 jus
3099 2029 3370 2101 compleat
3417 2029 3794 2087 instrumentis

2183 2131 2311 2180 ante
2339 2123 2654 2195 prtemissis,
2698 2135 2756 2180 et
2797 2121 3108 2180 inductione
3146 2119 3506 2196 corporaliter
3545 2119 3786 2194 impleta.

2184 2213 2340 2282 Quod
2368 2225 2587 2286 propter
2616 2216 3014 2272 attestationem
3038 2214 3162 2271 ﬁdei
3195 2231 3291 2285 per
3319 2231 3442 2270 eum
3468 2223 3508 2252 πε
3531 2231 3786 2284 servum,

2184 2323 2346 2379 quem
2363 2308 2614 2364 idoneum
2641 2321 2763 2364 esse
2774 2309 3098 2374 constiterit,
3126 2309 3346 2380 transigi
3365 2309 3600 2380 placuit"
3615 2309 3792 2380 quieo

2184 2415 2355 2471 usque
2401 2401 2456 2456 in
2504 2409 2644 2456 statu
2687 2415 2786 2456 suo
2830 2399 3191 2471 permanebit,
3236 2400 3408 2456 donec
3431 2401 3498 2468 is,
3528 2402 3682 2472 cujus
3713 2401 3784 2457 fa-

2183 2493 2474 2548 cultatibus
2507 2495 2760 2561 cesserit,
2787 2508 2960 2548 annos
3003 2492 3291 2548 Ltewrioeo
3325 2491 3458 2562 legis
3507 2507 3786 2564 egressus,

2182 2583 2484 2654 legitimam
2503 2585 2858 2656 compleverit
2904 2592 3141 2654 atatem,
3171 2599 3278 2654 quo
3309 2593 3436 2638 tunc
3463 2583 3703 2649 domum,
3733 2585 3782 2639 si

2181 2677 2301 2744 ejus
2327 2675 2611 2747 integritas
2631 2691 2694 2732 ac
2720 2675 2856 2731 ﬁdes
2885 2675 3044 2731 fuerit
3069 2675 3439 2746 comprobata,
3465 2677 3508 2730 si
3533 2675 3600 2730 ita
3626 2675 3782 2730 sede-

2181 2769 2253 2822 rit
2290 2769 2718 2838 possidentibus,
2761 2769 3028 2826 libertatis
3083 2767 3362 2838 praemium
3395 2775 3777 2838 consequatur.

2181 2861 2305 2917 Dat.
2335 2862 2446 2918 XII.
2477 2862 2604 2917 Kal.
2637 2862 2776 2918 Maii
2799 2863 3062 2928 Serdica,
3079 2861 3278 2918 Sabino
3298 2873 3344 2917 et
3367 2862 3556 2933 Ruﬁno
3583 2861 3728 2919 Cass.
3749 2867 3778 2912 ι’

2181 2954 2354 3027 (sic).

2252 3050 2619 3107 Constantinus
2642 3051 2706 3107 A.
2741 3052 2808 3106 ad
2833 3049 3070 3107 Cassium
3099 3043 3190 3124 Ργ.
3224 3043 3348 3108 UA.
3371 3045 3776 3122 Promuigatum

2244 3241 2274 3304 ἒ
2303 3233 2431 3304 Aur.
2469 3231 2642 3304 Lugd.
2671 3241 2888 3288 secreto.

2240 3302 2270 3343 ι’
2299 3305 2352 3372 9,
2383 3303 2460 3360 M-
2496 3301 2666 3360 et_alii
2687 3305 2843 3359 codd.
2873 3305 2989 3360 Cui.
3025 3304 3052 3357 1
3086 3329 3158 3343 --
3191 3301 3361 3374 Lugd.
3395 3311 3449 3357 nt
3477 3303 3536 3358 tn
3564 3303 3770 3357 tabulis.

2169 3374 2242 3432 ΞΘ
2270 3387 2325 3430 ut
2353 3387 2440 3430 aut
2469 3375 2674 3432 tabulis.
2704 3379 2756 3444 6,
2782 3378 2835 3444 7,
2859 3377 2921 3432 21
2959 3385 3014 3431 ut
3032 3384 3124 3429 aut
3149 3376 3208 3430 in
3232 3375 3440 3430 tabulis.

2245 3459 2267 3518 ξε
2300 3447 2354 3511 6,
2387 3449 2418 3500 7
2446 3447 2512 3500 1η
2534 3465 2707 3518 quant.

2240 3511 2268 3554 ἀ
2295 3518 2362 3590 21
2393 3511 2646 3590 cognovit,
2672 3520 2722 3572 in
2751 3533 2827 3574 m.
2850 3520 3010 3574 novit.

2243 3597 2268 3626 θ
2298 3589 2356 3644 In
2390 3589 2554 3646 noun.
2585 3590 2741 3644 codd.
2769 3591 2896 3645 add.
2922 3593 2996 3645 in.

2245 3657 2264 3696 ί
2295 3661 2348 3725 9,
2373 3659 2465 3732 20,
2489 3661 2580 3727 21,
2609 3659 2680 3714 M
2703 3673 2750 3714 et
2771 3673 3052 3732 gestorum.

2242 3739 2268 3777 Β
2297 3731 2441 3786 Sich.
2473 3742 2540 3786 et.

2241 3799 2425 3874 bliteo
2473 3817 2582 3858 sec.
2621 3801 2724 3859 Go.
2769 3805 3036 3874 interpres
3066 3804 3135 3859 de
3170 3815 3268 3858 suo
3297 3801 3423 3874 add.
3457 3799 3530 3857 9'0
3561 3805 3786 3874 mutato

2169 3873 2357 3928 ordine
2398 3882 2562 3928 tamen
2603 3879 2824 3945 nsumfr.
2865 3869 2928 3930 s.'
2957 3877 3018 3929 de
3045 3877 3317 3930 his'rebus.
3355 3869 3772 3945 Ibidemdon'a-g

2176 3954 2258 3997 tor
2288 3945 2422 4014 quod
2457 3971 2530 3985 -—
2557 3943 2782 4000 dominio
2813 3955 3000 4016 pateat.
3041 3949 3078 4002 9-
3103 3948 3145 4001 si
3177 3959 3284 4017 pro
3317 3945 3440 4000 sibi.
3464 3943 3772 4012 Paulo-post

2167 4013 2266 4087 G0.
2294 4017 2358 4069 de
2382 4017 2460 4069 his
2483 4017 2612 4071 rcbis
2643 4019 3090 4087 usnmfrumctum.
3635 4085 3642 4087 ξ
3697 4083 3716 4087 _

2255 4057 2266 4069 .
2294 4031 2358 4069 ae
2382 4031 2460 4069 ms
2483 4031 2612 4071 l'CU‘lS
2643 4031 3090 4074 usimttrumctum.

2249 4085 2262 4122 ί
2297 4087 2442 4159 ln_2|
2479 4097 2532 4142 et
2567 4103 2652 4158 ap.
2678 4083 2824 4144 Sich.
2857 4091 2907 4144 in
2948 4107 3021 4146 m.
3055 4103 3162 4145 om.
3195 4103 3297 4144 non
3333 4097 3389 4145 et
3435 4088 3596 4159 paulo
3631 4083 3770 4139 infra

2167 4173 2305 4213 vero.
2333 4157 2678 4216 Cmterum’in
2700 4159 2772 4214 20
2799 4176 2884 4215 vv.
2913 4173 3004 4216 aut
3041 4178 3128 4234 ap.
3154 4159 3382 4233 judicent
3411 4157 3538 4215 add.
3567 4175 3600 4215 a
3623 4169 3768 4212 man.

2167 4244 2280 4285 588.

2242 4303 2256 4349 i
2306 4298 2438 4356 Cod.
2471 4301 2610 4357 Just.
2642 4315 2752 4358 om.
2787 4303 3000 4358 Acom'o.

2169 4369 2960 4514 (Ῐικ1ίξοὲξῖι,ξά‹ι.οαικιιεηο.
2983 4374 3102 4432 Vid.
3125 4391 3174 4432 e.
3203 4377 3230 4433 ι
3256 4375 3317 4432 c.
3343 4377 3444 4432 Th.
3475 4375 3544 4431 de
3566 4373 3778 4431 Jul-istis.

2241 4483 2256 4508 ,
2285 4455 2357 4508 1),
2383 4455 2492 4498 ηοι.
2526 4461 2576 4498 ο.

2243 4511 2272 4587 1_
2307 4515 2440 4587 lline
2477 4515 2638 4585 ineip.
2675 4531 2792 4587 pag.
2842 4518 3074 4574 secunda
3099 4561 3114 4585 ,
3145 4518 3262 4575 lolii
3296 4520 3426 4587 115,
3455 4519 3678 4576 codicis.
3710 4518 3782 4574 in

2165 4585 2300 4640 Cod.
2332 4585 2613 4658 lustrum.
2643 4585 2758 4641 ital.
2785 4589 2888 4642 sive
2905 4591 3026 4658 stip.

2237 4665 2280 4742 Ψ
2317 4657 2448 4712 Cod.
2471 4657 2912 4742 .Iust.ipr_cem.issis
2931 4657 3064 4734 (um.
3089 4661 3464 4735 et-~intpleta).
3493 4663 3646 4732 Quod
3651 4667 3770 4737 jus.

2167 4725 2298 4798 (om.
2301 4740 2538 4853 (ἐμπορία
2559 4725 2649 4783 att.
2678 4728 2820 4814 ﬁdei)
2855 4725 2950 4799 per
2973 4749 3108 4788 eain.
3282 4725 3294 4735 ’
3423 4725 3434 4733 ⁷
3497 4725 3534 4732 ω
3651 4725 3672 4737 ’

2167 4880 2216 4924 ω
2235 4799 2604 4926 ἒθϐῗῗὲιίιξιει.
2643 4801 2875 4872 placuit,
2904 4813 2960 4858 ut
2987 4821 3075 4874 per
3109 4819 3230 4860 eum
3253 4807 3450 4878 infanti.
3477 4807 3774 4878 καμάκων

2163 4885 2216 4924 οι
2245 4885 2362 4927 aes.
2386 4885 2504 4926 rett.

2237 4949 2261 4977 ί·
2297 4941 2424 5021 Les.
2477 4943 2755 5021 Pleptoriqt.
2786 4945 2869 5001 Cf.
2914 4947 3170 5021 Zilltttern
3214 4948 3254 5021 l.
3283 4946 3360 5021 C.
3389 4947 3454 5004 Τ.
3481 4949 3520 5004 Ι.
3553 4965 3606 5021 p.
3638 4949 3766 5020 452,

2164 5021 2274 5066 not.
2297 5013 2352 5092 ξ,
2381 5013 2416 5068 4
2439 5025 2496 5092 _et
2518 5015 2678 5092 litigo
2705 5016 2818 5092 l._c.
2851 5033 2902 5087 p.
2935 5019 3166 5092 ﬂuxi
3189 5018 3326 5092 ed.).

2235 5093 2262 5133 P
2302 5085 2406 5141 Go.
2437 5087 2488 5162 i_n
2511 5085 2711 5142 Chron.
2746 5089 2807 5162 Ιιῖ
2829 5085 2880 5144 a.
2908 5106 2960 5162 p.
2995 5085 3110 5145 ΧΠ.
3143 5091 3200 5146 lt.
3233 5085 3292 5147 ei
3315 5091 3382 5146 ad
3408 5107 3540 5162 anni.
3561 5107 3657 5162 sq.
3679 5107 3768 5148 re-

2163 5153 2296 5232 fert,
2317 5157 2668 5232 eandentﬂue
2691 5153 2980 5232 coitjung'it.
3008 5178 3128 5216 eum
3159 5178 3209 5217 e.
3244 5165 3266 5217 1
3305 5163 3367 5218 C.
3393 5161 3496 5217 Th.
3527 5153 3762 5232 ad'Leg.

2163 5175 2296 5222 non,
2326 5175 2660 5212 eanuennue
2691 5175 2980 5232 eutuungtt.
3008 5178 3128 5216 cum
3159 5178 3209 5217 e.
3244 5175 3266 5217 1
3305 5175 3367 5218 υ.
3393 5175 3496 5217 'l‘tt.
3527 5175 3594 5217 ad
3631 5175 3706 5218 Le
3745 5201 3762 5218 .

2162 5225 2270 5302 J_l_tl.
2297 5229 2364 5302 th:
2391 5229 2460 5302 vi.
2493 5175 2612 5302 (Ii,
2649 5227 2758 5302 10),
2789 5233 2884 5286 sed
2921 5235 3052 5287 Cod.
3075 5233 3214 5288 Just.
3247 5237 3518 5290 consentit
3546 5249 3668 5288 cum

2162 5296 2263 5380 Ib.
2311 5296 2514 5380 Eodeni
2789 5305 3098 5380 perstringit
3133 5305 3396 5380 Morinum
3439 5307 3490 5360 in
3541 5305 3764 5362 historia

2163 5367 2444 5426 Constant.
2477 5387 2526 5440 p.
2559 5372 2654 5425 561
2688 5367 2824 5428 hanc
2853 5389 2900 5429 c.
2935 5367 3140 5430 Licinio
3163 5375 3504 5432 tribuentem.

2235 5453 2261 5490 ει
2305 5443 2396 5496 llis
2435 5443 2743 5497 consulibus
2785 5443 3018 5500 Vettium
3067 5446 3300 5501 liui‘tuun
3346 5449 3430 5503 Pl.
3478 5445 3544 5505 Η.
3586 5445 3764 5504 adhuc

2164 5510 2328 5567 fuisse
2354 5555 2366 5576 ,
2401 5511 2522 5566 huic
2553 5515 2783 5568 ovinium
2816 5515 3148 5572 Gallicanum
3185 5520 3510 5576 successisse
3538 5527 3592 5574 et
3617 5534 3762 5575 anno

2165 5581 2394 5660 d_cnnnn_
2407 5581 2522 5660 ’518⁵
2541 5583 3016 5660 Jullum'Casslunr
3037 5589 3332 5660 rice'liassi
3360 5589 3439 5645 ΡΥ.
3471 5589 3538 5646 U.
3561 5603 3762 5660 cogno-

2162 5653 2322 5728 vi~se,
2354 5653 2454 5710 Go.
2490 5655 2866 5728 in'Chranp.
2903 5657 3015 5722 ΧΠ,
3047 5659 3176 5714 dicit
3203 5681 3215 5713 :
3243 5662 3354 5715 vult
3391 5663 3552 5728 igitur
3578 5653 3762 5717 iuvan-

2163 5735 2274 5780 not.
2311 5725 2362 5780 h.
2391 5743 2440 5783 c.
2473 5727 2634 5782 scribi
2659 5725 2755 5781 PP
2768 5725 2854 5784 νζ.
2882 5730 2930 5785 id
2951 5741 3034 5787 est
3054 5747 3148 5802 pro
3169 5725 3569 5803 prcefecto'urbi,
3595 5734 3757 5804 impr.
