4142 6178
334 311 437 369 155

1376 310 1693 369 DECRETA
1734 310 1818 369 ET
1859 308 2466 368 CONSTITUTIONES.

3513 308 3617 367 151

323 443 413 482 sus
435 437 458 464 ³·
480 428 653 499 fuerit,
682 444 800 482 cum
821 425 849 467 ι’
877 428 988 500 ipso
1023 428 1176 482 etiam
1206 438 1462 498 serpentes
1486 428 1796 483 claudantur
1833 436 1914 492 et,
1945 428 1995 488 A
2022 427 2265 483 sionibus
2317 427 2401 482 vel
2444 428 2677 498 praemiis
2726 427 3027 484 evocaverit
3058 436 3106 492 η,
3160 433 3280 497 post
3319 423 3621 496 ademptio-

318 520 371 573 si
400 535 534 573 mare
567 520 792 573 oicinmn
842 536 944 574 non
992 522 1163 591 fuerit,
1194 520 1246 574 in
1276 520 1496 592 quolibet
1523 522 1728 592 gurgite
1755 519 1920 595 proji-

320 612 509 675 ciatur,
537 622 589 665 ut
631 613 722 667 tali
745 628 896 684 ptena
940 612 1212 667 denotatus
1251 613 1395 668 nulla
1435 622 1658 683 tempore
1701 613 1920 670 obtineat

317 702 658 772 sepulturam.

538 834 623 874 UB]
653 835 840 876 (ηυδε
886 835 1131 877 ειεολιεε
1160 838 1263 877 νει.
1285 837 1479 877 υινιιηι
1510 835 1699 877 υοιωε.

397 933 537 986 Idem
564 932 635 988 Α.
658 935 730 988 ad
756 935 1107 1006 Bulephorum
1127 928 1436 991 rationalem
1458 952 1669 990 summa:
1697 936 1790 992 rei.
1816 935 1919 991 Do-

320 1026 536 1081 minicis
567 1028 777 1085 colonis
808 1041 863 1083 et
902 1029 1367 1098 patrimonialibus
1416 1032 1735 1100 gravitatem
1769 1038 1915 1084 tuam

316 1132 609 1174 censemus
660 1121 1093 1192 disceptatricem
1140 1138 1260 1180 esse
1314 1124 1533 1180 debere.
1569 1125 1743 1179 Duces
1773 1127 1917 1179 enim

2022 519 2199 575 nemb
2246 519 2514 577 bonorum
2568 522 2620 575 in
2674 523 2902 577 insulam
2952 519 3313 578 delrudendo.
3348 519 3621 590 Supersti-

2024 612 2157 668 tioni
2186 614 2327 668 enim
2372 630 2485 669 sua:
2537 614 2743 670 servire
2798 615 3079 685 cupientes
3110 622 3360 685 poterunt
3402 612 3618 684 publice

2021 704 2182 759 ritum
2213 706 2484 776 proprium
2510 722 2788 762 exercere.
2822 709 3204 762 Accusatorem
3235 714 3419 762 autem
3457 704 3617 776 hujus

2022 798 2265 853 criminis
2325 814 2430 853 non
2483 799 2779 855 delatorem
2821 813 2983 864 esse,
3039 799 3133 853 sed
3188 798 3405 869 dignum
3447 797 3617 867 magis

2021 891 2245 961 praemio
2270 889 2616 946 arbitramur.
2652 889 2770 945 PP.
2800 890 2903 944 kal.
2929 890 3059 961 febr.
3096 902 3118 931 ο
3146 888 3327 945 Romae
3364 888 3618 946 Constan-

2020 983 2129 1036 tina
2159 982 2222 1037 Α.
2257 982 2325 1039 γ.
2344 992 2391 1037 et
2417 981 2618 1038 Licinia
2639 981 2701 1040 C.
2730 981 2874 1038 Cass.
2907 982 3077 1055 (519).

2302 1159 2370 1198 DE
2398 1160 2823 1200 DENUNTIA'I’IONE
2853 1160 2957 1199 νει.
2984 1158 3263 1200 ΕΒΙΤΙΟΝΕ.
3299 1141 3327 1183 d

316 1221 373 1266 et
411 1214 741 1283 praepositos
788 1214 1020 1272 militum
1047 1258 1062 1282 ,
1123 1227 1179 1273 et
1214 1228 1552 1284 castrorum,
1585 1229 1640 1274 et
1679 1228 1919 1275 rectores
1998 1223 2003 1226 ’

312 1308 725 1377 provinciarum
755 1310 1046 1366 evocandis
1067 1320 1122 1366 et
1148 1312 1489 1367 arcessendis
1515 1313 1725 1367 colonis
1752 1312 1920 1368 absti-

308 1413 444 1454 nere
491 1409 729 1469 Oportet.
789 1401 912 1458 Dat.
958 1404 1025 1459 16
1060 1404 1165 1459 Ital.
1200 1403 1361 1459 Mart.
1409 1403 1608 1460 Licinia
1643 1405 1759 1461 Cos.
1793 1406 1915 1480 (Ex

308 1490 436 1547 cod.
468 1490 673 1565 Just.)

885 1589 1026 1641 Anno
1043 1589 1235 1641 Domini
1259 1591 1370 1641 519.

576 1695 909 1753 Constantino
936 1700 978 1753 Α
1026 1697 1088 1754 γ.
1116 1709 1164 1754 et
1189 1699 1388 1755 Licinio
1418 1698 1479 1756 C.
1511 1698 1657 1754 Cass.

821 1830 889 1870 DE
928 1829 1390 1872 ACCUSA'I'IONIBUS.

375 1908 751 1967 Constantinus
777 1915 839 1968 Α.
866 1915 937 1969 ad
957 1914 1268 1970 Ianuarium
1284 1926 1376 1972 ο...
1395 1915 1729 1987 Quicumque
1756 1932 1822 1972 ex
1848 1932 1916 1974 eo

301 2001 415 2068 die,
447 2019 564 2073 quo
593 2021 721 2061 reus
764 2005 927 2063 fuerit
974 2010 1025 2063 in
1069 2008 1273 2078 judicio
1329 2010 1550 2079 petitus,
1601 2011 1741 2065 intra
1789 2013 1914 2067 anni

304 2096 549 2165 spatium
584 2098 820 2155 noluerit
844 2100 1035 2157 adesse
1057 2101 1281 2172 judicio,
1316 2117 1405 2158 res
1432 2102 1550 2173 ejus
1579 2103 1712 2159 ﬁsco
1739 2104 1912 2161 vindi-

305 2196 527 2255 centur,
552 2200 608 2245 et
635 2192 680 2246 si
711 2203 898 2261 postea
927 2203 1173 2265 repertus
1202 2209 1401 2251 nocens
1430 2195 1592 2251 fuerit
1612 2195 1914 2267 deprehen-

301 2293 423 2347 sus,
464 2282 683 2337 saviari
708 2281 736 2321 ἀ
765 2288 1050 2341 sententia:
1078 2287 1431 2357 subiugetur;
1464 2287 1557 2342 sed
1589 2298 1645 2343 et
1693 2288 1738 2343 si
1772 2299 1795 2325 ο
1825 2304 1912 2343 ar-

301 2376 586 2444 gumentis
618 2376 957 2432 evidentibus
982 2387 1036 2433 et
1059 2379 1372 2447 probatione
1397 2379 1624 2434 dilucida
1657 2380 1913 2436 innocen-

304 2466 433 2521 tiam
491 2484 648 2523 suam
680 2484 911 2541 purgare
959 2470 1289 2537 sutl'ecerit',
1321 2472 1706 2527 nihiloininuss
1749 2475 1912 2529 tacul-

304 2568 444 2615 tstes
483 2559 606 2630 ejus
648 2576 813 2631 penes
840 2562 1027 2619 iiscum
1077 2571 1409 2618 remaneant.
1452 2564 1575 2619 Dat.
1618 2564 1707 2619 Id.
1750 2563 1911 2623 Ian.h

303 2650 426 2706 Asc.
468 2652 541 2707 ν.
587 2652 713 2710 Kal.
756 2654 891 2725 Aug.
935 2653 1245 2724 Carintltai,
1297 2653 1627 2711 Constantino
1672 2660 1735 2712 Α.
1769 2657 1833 2713 γ.
1867 2667 1912 2713 et

300 2742 548 2800 Liriniot
585 2744 647 2803 C.
678 2745 839 2802 Cass.
860 2747 1036 2820 (519.)
1486 2754 1499 2761 ’

446 2877 526 2918 DE
563 2877 843 2918 ΙΑιειηειε
865 2859 891 2900 k
919 2879 989 2919 ΕΤ
1013 2879 1429 2929 ΙΑΊἮΕΙΙΑΤΙΟΙΘ,
1465 2880 1534 2921 ΕΤ
1561 2881 1796 2923 (λετειιιε

924 2976 1183 3016 sumens
1213 2959 1256 3016 ι.

367 3071 524 3140 Imp.
562 3069 929 3127 Constantinus
954 3075 1019 3128 Α.
1045 3074 1113 3126 ad
1144 3075 1493 3130 Maximum”.
1528 3075 1720 3132 Nullus
1751 3092 1905 3132 arus-

299 3180 399 3234 pes
449 3165 620 3221 limen
668 3167 891 3222 alterius
924 3168 1213 3235 accedat",
1260 3185 1357 3224 nee
1392 3171 1462 3225 ob
1506 3170 1732 3226 alterum
1782 3187 1910 3227 cau-

298 3276 441 3326 sam,
500 3261 593 3315 sed
627 3271 650 3296 ο
683 3261 990 3331 ltujusmodi
1044 3263 1344 3332 hominum,
1388 3270 1631 3337 quamvis
1677 3280 1828 3325 vetus
1855 3281 1906 3338 Ρ,

294 3356 543 3411 amicitia
579 3359 912 3426 repellatur;
941 3359 1340 3414 concremando
1372 3360 1465 3415 illo
1493 3362 1774 3431 aruspice,
1816 3364 1905 3434 qui

278 3448 363 3504 ad
385 3450 615 3504 domum
638 3450 872 3506 alienam
905 3452 1218 3520 accesserit,
1251 3463 1302 3508 et
1332 3453 1428 3508 illo
1452 3454 1540 3523 qui
1572 3464 1600 3504 (ι
1630 3470 1753 3509 eum
1777 3470 1903 3511 sua-

366 3614 394 3644 ι
424 3604 608 3660 Codd.
640 3622 738 3674 quo
760 3611 967 3671 missus,
989 3607 1312 3662 commissus.
1344 3607 1584 3664 Turbam
1614 3608 1727 3665 lucc
1757 3611 1904 3667 ordi-

295 3692 419 3732 nem
456 3693 548 3730 vv.
571 3676 746 3733 Scrib.
775 3693 890 3732 eum
911 3680 960 3731 in
983 3695 1093 3731 eum
1117 3696 1184 3733 m.
1211 3681 1251 3747 I'.

364 3749 394 3787 ιι
425 3765 553 3801 cum
582 3750 734 3803 deest
766 3749 818 3802 in
852 3750 1034 3803 multis
1052 3750 1213 3805 eodd.

367 3832 389 3858 ε
432 3818 717 3874 Januarini
745 3820 976 3887 dignitas
997 3820 1150 3876 deest
1179 3820 1337 3876 etiam
1368 3822 1419 3877 in
1453 3819 1587 3877 Cod.
1611 3822 1750 3879 Just.
1774 3824 1895 3880 Sec.

291 3891 394 3947 Gn.
442 3892 568 3944 add.
602 3888 756 3944 Proc.
798 3893 1021 3953 ΑεΙιαῑίε,
1070 3907 1179 3947 see.
1224 3892 1529 3948 Reinesium
1561 3893 1650 3949 Pr.
1686 3895 1747 3948 V.
1792 3896 1897 3952 Sed

293 3964 403 4017 vid.
429 3963 499 4017 (Σ.
526 3962 695 4033 Tli.c.
724 3964 745 4016 1
780 3962 849 4016 de
871 3963 1161 4033 Almt.(IX,
1183 3964 1295 4033 37).
1322 3972 1432 4019 not.
1462 3983 1512 4018 η.
1548 3964 1602 4019 In
1633 3966 1755 4022 eod.
1780 3966 1814 4020 4
1844 3979 1899 4023 et

293 4034 345 4087 iu
358 4034 493 4089 edd.
511 4032 934 4089 estlanuan'um.
956 4032 1185 4103 Reposui
1200 4032 1561 4089 Januarinum.
1580 4036 1697 4092 Vid.
1712 4036 1774 4093 C.
1792 4039 1893 4094 Th.

290 4103 385 4163 IX.
410 4106 510 4168 2|,
533 4105 588 4167 '2,
618 4113 728 4159 not.
752 4122 809 4175 y,
853 4105 940 4171 IX,
967 4104 1055 4171 54,
1085 4107 1136 4173 5,
1166 4115 1280 4164 not.
1306 4124 1363 4173 u,
1386 4106 1479 4174 IX,
1502 4108 1593 4174 57,
1622 4108 1671 4175 1,
1699 4118 1810 4164 not.
1837 4127 1891 4165 n.

362 4174 391 4214 ἀ
433 4177 570 4231 Cod.
593 4176 732 4231 Just.
757 4174 1017 4231 severiori.

365 4258 389 4285 ε’
429 4246 501 4309 4,
542 4247 858 4302 Go.—Ri°.
887 4249 1011 4315 etsi;
1033 4247 1127 4303 Sed
1157 4248 1260 4304 G0.
1292 4248 1342 4302 in
1377 4260 1490 4303 not.
1523 4259 1567 4304 et
1597 4249 1661 4303 si.

364 4318 386 4357 τ
427 4321 653 4376 Litterae
680 4321 719 4372 it
745 4318 1000 4374 abscissa:
1030 4328 1154 4373 sunt
1183 4322 1233 4374 in
1263 4319 1384 4374 cod.
1418 4321 1451 4375 4
1475 4333 1526 4375 et
1555 4322 1660 4376 inc.
1686 4320 1776 4376 fol.
1804 4320 1887 4378 1b.

360 4401 387 4461 ξ
427 4390 564 4445 Cod.
590 4390 1073 4461 Just.purguoerit,
1102 4392 1454 4445 nihilominus.

361 4458 389 4498 δ
430 4462 506 4516 lla
531 4465 694 4517 etiam
721 4458 1016 4516 COdCJusl.
1050 4460 1152 4516 Gn.
1172 4473 1225 4516 et
1241 4462 1325 4515 Ri.
1356 4464 1563 4517 malunt
1579 4460 1735 4530 Jun.,
1765 4479 1887 4520 cum

287 4532 372 4585 vix
404 4536 700 4604 verisimile
721 4534 810 4594 sit,
839 4534 1071 4604 septimo
1101 4534 1314 4587 demum
1342 4550 1526 4590 mense
1559 4536 1696 4590 hanc
1724 4551 1887 4593 cons-

289 4604 599 4660 titutiunem
627 4602 943 4659 Corinthum
972 4606 1204 4659 venisse.

370 4675 385 4713 ί
437 4677 525 4730 Bc.
555 4675 807 4732 Corinthi.
836 4674 894 4728 ln
915 4673 1049 4731 Cod.
1071 4674 1211 4731 Just.
1238 4691 1346 4730 om.
1372 4675 1691 4732 Aea—Cor.

367 4748 382 4797 i
436 4747 807 4815 Til.—Lngd.
840 4745 1092 4801 Licinnio.

364 4816 391 4855 ιε
426 4819 575 4874 Multi
607 4817 761 4874 codd.
796 4818 901 4874 Til.
934 4848 1005 4858 —
1034 4817 1101 4874 Ri
1129 4826 1179 4871 υ.
1206 4816 1500 4886 Maleﬁciis,
1524 4819 1618 4875 sed
1645 4820 1754 4887 jam
1783 4819 1884 4876 (ἕο.

286 4891 452 4955 prob.
478 4891 741 4958 maleﬁcis.
777 4889 835 4944 In
866 4889 1025 4944 codd.
1054 4889 1109 4952 6,
1137 4890 1201 4955 7,
1230 4890 1425 4955 9,10,
1479 4890 1543 4945 18
1564 4933 1577 4953 .
1623 4890 1726 4956 9-1,
1778 4893 1883 4960 51,

285 4962 398 5029 59,
434 4972 486 5015 et
505 4964 626 5016 edd.
658 4961 808 5018 Sich.
834 4961 1021 5033 (etiam
1054 4962 1106 5015 in
1134 4961 1245 5015 ind.
1273 4962 1381 5033 tit.)
1410 4965 1539 5033 Aur.
1571 4962 1741 5029 Lugd.
1775 4978 1884 5018 om.

289 5046 337 5089 et
356 5076 374 5100 ,
413 5035 464 5087 in
493 5034 612 5088 cod.
648 5036 714 5088 15
742 5031 1141 5088 et—lsimilibns
1168 5043 1222 5088 et
1246 5033 1300 5087 in
1329 5031 1490 5088 eodd.
1522 5032 1556 5088 8
1575 5078 1590 5102 ,
1626 5034 1695 5089 '57
1715 5076 1730 5100 ,
1770 5035 1889 5091 aliis

282 5116 334 5163 et
363 5108 606 5160 mathem.
1860 5142 1871 5151 .

364 5175 384 5214 1
431 5178 499 5241 4,
531 5178 633 5232 'l‘il.
658 5176 924 5248 -—Lugd.
947 5183 1001 5230 et
1025 5172 1113 5230 hic
1142 5183 1198 5248 et
1219 5175 1270 5229 in
1303 5174 1416 5230 ind.
1443 5173 1584 5231 titul.
1620 5185 1667 5229 et
1694 5178 1784 5248 his
1810 5178 1884 5230 si-

283 5248 516 5303 milibus.
572 5248 718 5305 Siclt.
770 5246 981 5303 in'ind.
1035 5246 1175 5300 titul.
1221 5255 1328 5302 etc.
1380 5256 1435 5302 et
1463 5262 1574 5302 om.
1607 5247 1885 5305 similibus.

281 5319 465 5375 Noun.
497 5320 659 5375 codd.
691 5333 1088 5390 suprascr-.rpro
1109 5326 1280 5390 etcet.
1315 5318 1430 5390 sint.

353 5399 397 5428 ιιι
444 5391 681 5459 Dignitas
700 5388 859 5447 deest
882 5399 939 5446 et
968 5388 1057 5445 liie
1080 5389 1212 5446 etin
1237 5388 1369 5444 Cod.
1396 5388 1535 5446 Just.
1564 5388 1664 5447 ϐο.
1697 5399 1753 5447 et
1772 5389 1867 5447 Be.

278 5462 411 5518 addi
436 5461 553 5530 jub.
587 5462 675 5534 Pf.
713 5461 781 5518 U.

354 5542 385 5569 ³
428 5532 544 5588 ιεόι.
569 5533 670 5588 22⁸
696 5534 822 5589 cod.
849 5531 886 5587 4

354 5613 382 5641 ο
423 5602 461 5656 «1
479 5622 533 5659 se
555 5647 570 5671 ,
599 5606 697 5662 sed
724 5607 792 5659 ab
818 5614 931 5661 ant.
963 5618 1110 5659 man.
1143 5611 1273 5661 rest.
1299 5605 1409 5659 sed.

273 5675 670 5807 madcuanivis
703 5687 847 5732 vetus
896 5677 1049 5733 uncis
1098 5676 1224 5732 incl.
1286 5687 1364 5731 est
1415 5677 1466 5731 in
1510 5674 1636 5733 edd.
1670 5673 1773 5732 Til.
1803 5704 1874 5717 οη

350 5761 535 5885 legatio,
562 5811 656 5873 illo
683 5821 731 5875 et
758 5813 868 5889 qui.

1942 1812 1992 1873 B

2094 1300 2143 1353 1.
2187 1296 2325 1368 Imp.
2380 1299 2745 1356 Constantinus
2795 1300 2927 1371 Aug.
2990 1300 3058 1354 ad
3116 1300 3503 1373 Symmachum.
3556 1300 3613 1357 Si

2021 1391 2238 1460 quando
2263 1391 2558 1446 minoribus
2582 1392 2663 1445 vel
2702 1392 2899 1447 adultis
2929 1403 2952 1430 ε
2981 1392 3261 1448 inferenda
3286 1393 3353 1448 lis
3372 1393 3496 1461 erit,
3531 1394 3613 1449 vel

2018 1484 2087 1538 ab
2140 1484 2269 1553 ipsis
2315 1485 2611 1539 minoribus
2641 1484 2722 1539 vel
2752 1485 2946 1539 adultis
2978 1483 2998 1522 τ
3032 1485 3243 1541 cuidam
3274 1496 3300 1535 ιε
3330 1482 3603 1557 qumstioh

2018 1575 2283 1630 movenda
2334 1576 2424 1642 sit,
2460 1590 2565 1630 non
2619 1577 2752 1631 alias
2786 1576 2799 1613 ί
2837 1592 3027 1632 cursus
3049 1579 3306 1648 temporis
3336 1591 3350 1629 ι
3393 1577 3614 1634 inchoe-

2019 1675 2125 1732 tur,
2161 1668 2262 1722 nisi
2304 1668 2372 1721 ab
2423 1667 2687 1722 universis
2712 1709 2726 1732 ,
2776 1683 2911 1735 quos
2940 1667 3105 1723 ofﬁcii
3146 1668 3450 1725 sollicitudo
3475 1683 3607 1725 cou-

2020 1760 2251 1830 stringit,
2287 1759 2392 1816 hoc
2442 1772 2525 1816 est
2575 1762 2838 1817 tutoribus
2862 1760 2912 1829 ιι,
2941 1762 3056 1818 sive
3101 1772 3445 1829 testamento,
3494 1764 3609 1821 sive

2018 1854 2241 1910 decreto
2272 1856 2380 1910 dati
2422 1865 2545 1910 sunt
2577 1854 2632 1922 ι,
2660 1856 2744 1912 vel
2775 1856 3113 1912 curatoribus
3140 1873 3236 1929 per
3261 1873 3394 1928 quos
3439 1859 3613 1915 mino-

2015 1958 2165 2004 resun
2213 1949 2574 2005 defenduntur
2602 1992 2617 2015 ,
2668 1952 2754 2007 vel
2805 1951 2992 2006 iisdem
3021 1959 3049 1987 ιι
3090 1951 3341 2007 omnibus
3378 1951 3611 2008 solemni

2015 2056 2164 2097 more
2188 2051 2212 2077 ο
2245 2042 2402 2098 fuerit
2446 2044 2705 2098 intimata.
2741 2042 2770 2115 §
2806 2044 2852 2098 l.
2889 2043 3043 2110 Quod
3075 2044 3118 2098 si
3144 2054 3172 2094 ιι
3194 2044 3426 2101 divisum
3456 2054 3483 2095 ιι
3515 2043 3612 2099 ad-

2014 2135 2425 2192 ministrationis
2470 2136 2771 2208 periculum
2805 2152 2900 2207 per
2932 2137 3236 2207 provincias
3264 2138 3351 2203 sit,
3379 2138 3464 2193 liis
3487 2146 3608 2194 tan-

2015 2239 2124 2284 tum
2160 2240 2182 2267 τ
2219 2230 2467 2285 omnibus
2502 2229 2759 2284 insinuari
2781 2230 3055 2296 convenit,
3078 2240 3134 2285 et
3175 2230 3243 2285 ab
3268 2230 3399 2301 ipsis
3422 2229 3607 2286 inferri

2014 2322 2161 2378 litem
2188 2332 2234 2387 ⁸,
2262 2323 2350 2393 qui
2383 2324 2434 2377 in
2465 2337 2526 2375 ea
2569 2322 2849 2392 provincia
2883 2323 3062 2378 tutela:
3089 2323 3170 2378 vel
3198 2336 3341 2378 curm
3367 2323 3606 2379 officium

2011 2415 2301 2479 sustinent,
2333 2430 2400 2471 ne
2432 2416 2449 2452 ί
2480 2415 2548 2471 de
2575 2414 2693 2469 aliis
2741 2414 3031 2484 provinciis
3078 2414 3391 2470 defensores
3432 2414 3607 2469 mino-

2013 2525 2129 2566 rum
2157 2508 2221 2564 ad
2248 2508 2448 2580 judicia
2478 2508 2906 2581 producantur“.
2939 2508 3063 2564 Dat.
3094 2510 3259 2580 pridie
3284 2526 3406 2565 non.
3438 2510 3602 2579 lein."

2085 2721 2111 2749 τι
2152 2711 2248 2766 Riq
2269 2752 2283 2776 ,
2321 2710 2580 2765 mendose
2608 2708 2879 2764 evacuerit.

2082 2782 2110 2822 ι’
2145 2786 2178 2839 4
2214 2783 2541 2852 adoptionem
2562 2822 2575 2843 .
2606 2797 2711 2852 (ξι-ι’.

2089 2866 2111 2894 ο
2157 2855 2230 2909 Ita
2259 2849 2421 2908 etiam
2447 2852 2582 2907 Cod.
2607 2851 2747 2907 Just.
2780 2851 2915 2907 Cum
2939 2852 3086 2921 leges
3110 2849 3176 2904 ad
3203 2849 3491 2907 Maximum
3517 2850 3600 2909 Pl’:

2012 2925 2080 2982 U.
2114 2925 2254 2981 datae
2284 2927 2496 2994 demum
2532 2923 2655 2978 inde
2684 2940 2712 2976 a
2747 2923 2908 2977 ΧνΙ-Ι.
2943 2922 3061 2977 Kal.
3092 2922 3231 2994 Nov.
3265 2922 3318 2975 it.
3360 2940 3411 2976 a.
3447 2939 3603 2994 repe-

2014 2999 2243 3053 riantur.
2270 2992 2493 3069 (Vidi.(_1_.
2516 2996 2618 3050 'l‘b.
2644 2994 2742 3069 lli,
2776 2995 2863 3069 17.
2895 2996 2949 3061 1,
2984 3003 3093 3069 nm.
3123 2991 3310 3069 y),_Go
3334 2991 3597 3069 prob‘ebr.

2012 3082 2123 3122 em.
2146 3064 2293 3137 Sept)
2321 3068 2406 3122 vel
2433 3065 2572 3120 Nov.
2592 3106 2607 3126 .
2644 3066 2737 3121 Bc.
2764 3065 2901 3119 Nov.
2926 3066 3008 3120 vel
3028 3064 3152 3119 Dec.
3185 3064 3480 3137 Utrumque
3502 3066 3602 3121 tal-

2013 3153 2131 3193 sum
2161 3136 2271 3202 est;
2325 3154 2448 3191 nam
2479 3139 2549 3191 ita
2578 3138 2717 3191 toret
2765 3141 2877 3191 hau:
2905 3152 2954 3191 c.
3007 3136 3278 3192 recentior
3330 3138 3597 3206 sequenti.

1935 3194 1980 3257 C
2013 3210 2151 3265 Puto
2177 3194 2339 3278 igitur
2366 3208 2616 3278 majoris,
2646 3209 2858 3277 qualem
2893 3207 3177 3262 habuimus
3206 3207 3258 3260 iu
3286 3222 3336 3262 c.
3366 3194 3596 3263 1'antec.

2011 3281 2094 3335 ῑίι.
2118 3279 2531 3350 subscriptionis
2560 3279 2855 3347 fragtttentzt
2881 3287 3086 3332 tantum
3112 3279 3313 3334 incuria
3336 3278 3600 3334 constitu-

2012 3352 2363 3407 tionariorum
2392 3363 2700 3420 superesse.
2736 3350 2862 3404 Erat
2886 3350 3114 3403 fortasse
3138 3352 3191 3404 Ιι.
3221 3365 3271 3403 c.
3305 3350 3426 3403 data
3455 3365 3598 3404 anno

2009 3423 2137 3491 519,
2161 3422 2439 3494 proposita
2459 3429 2640 3475 autem
2664 3420 2976 3494 consulibus
2997 3435 3110 3488 seq.
3140 3421 3287 3474 anni.
3310 3420 3427 3494 Jam
3453 3421 3590 3487 dies,

2006 3510 2115 3564 quo
2133 3491 2401 3550 data—erat
2422 3494 2529 3559 lex,
2573 3492 2807 3547 omissus
2828 3500 2984 3546 estet
3025 3499 3269 3564 retentus
3308 3491 3597 3564 dies,7qu_o

2006 3562 2283 3635 [imposita
2306 3573 2443 3628 erat,
2466 3565 2695 3618 servatis
2716 3571 2897 3635 tamen
2937 3562 3250 3635 consulibus
3286 3562 3595 3635 superioris

2007 3633 2156 3691 anni.
2186 3636 2310 3691 Inde
2331 3637 2630 3705 explicatur
2653 3634 2897 3688 confusio
2917 3633 3347 3705 subscriptionis.

2074 3704 2102 3745 ιι
2136 3708 2378 3777 Plerique
2405 3702 2575 3777 codd.
2602 3705 3051 3777 SicinIs'dictiane
3093 3718 3140 3758 s.
3193 3702 3492 3760 Ediccione.
3527 3704 3596 3760 15

2002 3773 2311 3833 Indictionel
2346 3778 2435 3841 10,
2470 3775 2535 3830 18
2566 3792 2673 3829 om.
2701 3775 2779 3829 rel
2809 3773 2952 3831 Edit.

2079 3860 2103 3887 θ
2134 3850 2281 3906 Sich.
2334 3847 2459 3901 add.
2511 3846 2894 3900 Barroniatmn.
2938 3845 3032 3910 20,
3076 3844 3140 3899 21
3194 3843 3590 3903 Barroniacum.

2001 3919 2152 3975 Multi
2208 3921 2296 3974 alii
2343 3918 2562 3973 codices
2611 3916 2923 3972 Simmacum
2952 3926 3045 3971 aut
3075 3918 3447 3972 Simmachum.
3474 3917 3591 3972 Val.

1999 3992 2125 4045 add.
2164 3990 2532 4058 Proconsulem
2571 3989 2799 4046 Achaite.
2825 3992 2959 4045 Cod.
2991 3988 3132 4043 Just.
3171 3987 3196 4040 Ι
3207 4006 3312 4058 mp.
3345 3987 3595 4044 Constan-

1998 4064 2134 4116 tinus
2156 4074 2202 4117 et
2245 4062 2476 4116 Licinius
2500 4057 2559 4113 C.
2583 4060 2652 4113 ad
2690 4060 2751 4116 S.
2780 4060 2902 4116 Vid.
2934 4076 2984 4115 c.
3019 4061 3044 4115 1
3069 4059 3132 4113 Ο.
3163 4057 3266 4113 ΤΙι.
3302 4060 3371 4113 de
3401 4060 3590 4115 Tutor.

1998 4141 2053 4187 et
2077 4150 2191 4188 cur.
2211 4151 2289 4188 er.
2317 4132 2426 4205 (Ill,
2460 4132 2551 4201 17)
2581 4141 2692 4185 ttut.
2724 4148 2762 4186 π
2789 4143 2842 4205 et
2869 4132 3089 4205 lteland.
3124 4131 3159 4183 I.
3184 4145 3234 4184 c.
3271 4147 3324 4200 p.
3356 4130 3482 4186 502.

2077 4206 2093 4243 ί
2127 4206 2273 4262 Sich.
2311 4202 2362 4258 in
2395 4219 2538 4258 corr.
2573 4218 2727 4273 prop.
2754 4202 3175 4257 adolescentibus.

1992 4287 2094 4400 me
2115 4277 2178 4361 2'1
2206 4278 2342 4330 velut
2373 4276 2439 4330 15
2469 4270 2587 4327 om.
2609 4270 2791 4328 lis'erit
2818 4285 2865 4328 et
2893 4275 3080 4328 minor.
3110 4286 3157 4325 υ.
3175 4270 3387 4328 adultis.
3413 4272 3482 4330 16
3512 4274 3593 4330 iu-

2058 4360 2197 4400 sent.

2058 4351 2197 4403 serit.

2066 4416 2089 4455 ¹³
2122 4421 2191 4475 15
2219 4420 2458 4487 cuiquam
2484 4433 2616 4471 mov.
2662 4416 2728 4470 sit
2756 4417 2984 4486 qna’stio.
3019 4415 3051 4471 8
3082 4415 3323 4487 cuiquam
3347 4416 3479 4472 Iesit.

2074 4488 2088 4526 ί
2124 4493 2176 4559 9,
2205 4492 2352 4548 Sich.
2369 4491 2524 4543 alius.

1914 4578 1969 4639 Ι)
2115 4564 2235 4639 Cui.
2270 4559 2472 4639 1_—Ct_ti
2569 4570 2590 4598 ο
2624 4559 2675 4613 in
2708 4576 2781 4639 _nt.
2816 4559 3147 4639 temporibus.

2069 4630 2095 4704 ἓ
2127 4637 2258 4688 Aur.
2290 4634 2463 4704 Lugd.
2494 4631 3106 4704 sine-fsine._9,_1ti‘tut.
3139 4629 3234 4704 sibi
3255 4636 3369 4704 tes_t._

2030 4701 2200 4828 Sidus
2228 4708 2291 4773 δ,
2315 4697 2494 4772 πω.
2536 4701 2626 4771 tt,
2652 4700 2738 4767 16,
2771 4701 2920 4756 21.8
2947 4701 3134 4754 dictata
3153 4700 3271 4754 sint.
3300 4697 3433 4755 Edd.
3463 4700 3582 4756 sint.

2127 4788 2244 4828 aus.

1995 4774 2064 4829 15
2091 4775 2244 4832 datis.

2066 4856 2104 4883 η’
2133 4848 2220 4915 10,
2251 4848 2320 4903 18
2342 4844 2643 4901 minoribus.

2067 4925 2093 4953 ι’
2123 4912 2419 4989 15ἀεῙεηά.
2444 4917 2489 4989 si
2506 4917 2584 4989 eis
2609 4926 2661 4989 c_l
2681 4930 2790 4989 om.
2813 4912 3064 4989 omnibus.

2070 4998 2094 5027 ο
2125 4990 2191 5044 16
2221 4986 2331 5044 oui.
2360 4990 2442 5042 lis.
2475 4987 2591 5041 Mox
2620 4986 2686 5041 Β.
2735 4988 3013 5040 insinuata.

2067 5071 2095 5110 ιι
2122 5059 2177 5114 lu
2209 5060 2409 5129 syllaba
2440 5060 2484 5112 si
2506 5061 2611 5112 inc.
2642 5074 2690 5112 c.
2714 5056 2751 5110 2
2773 5056 2894 5112 cod.
2920 5056 3060 5111 Just.
3087 5055 3182 5112 cit.

2066 5143 2093 5182 (ι
2119 5131 2220 5187 Go.
2256 5133 2340 5186 Ri.
2374 5130 2490 5185 Ri‘.
2522 5130 2741 5184 divisim.

2066 5212 2089 5240 ι·
2121 5202 2271 5258 Sielt.
2299 5213 2484 5256 tamen.

2064 5281 2085 5308 ³
2115 5273 2205 5341 20,
2235 5275 2328 5340 ‘21,
2358 5273 2505 5329 Sich.
2533 5274 2722 5344 inferre
2741 5272 2780 5327 Ι.
2814 5271 2879 5326 15
2900 5271 3006 5344 inf.
3035 5270 3216 5344 legem.

2068 5344 2086 5380 ¹
2116 5346 2202 5411 1a,
2232 5345 2352 5402 Cui.
2380 5346 2435 5410 2,
2464 5346 2529 5400 28
2561 5341 2611 5399 in
2645 5359 2719 5398 ιη.
2752 5359 2859 5397 nec.
2885 5342 2939 5409 6,
2965 5345 3016 5408 7,
3049 5341 3137 5408 10,
3170 5341 3257 5407 14,
3293 5341 3358 5398 16
3384 5370 3454 5381 —
3484 5342 3574 5406 18.

1977 5416 2044 5472 Β.
2101 5434 2164 5472 ne
2205 5417 2270 5472 de
2315 5418 2516 5472 alienis.
2546 5416 2606 5482 5,
2635 5415 2725 5481 15,
2756 5414 2846 5480 19,
2880 5415 3002 5470 cod.
3027 5413 3168 5469 Just.
3200 5413 3264 5468 de
3314 5414 3451 5480 aliis,
3482 5415 3574 5483 20,

1975 5488 2068 5554 21,
2097 5488 2222 5544 edd.
2245 5489 2362 5544 aliis
2382 5492 2464 5543 de.

2047 5589 2076 5617 ιι
2098 5580 2152 5647 8,
2185 5579 2279 5634 sed
2313 5580 2486 5648 spatio
2537 5577 2843 5646 interjecto,
2874 5592 2985 5632 om.
3012 5575 3226 5643 produc.
3262 5572 3314 5641 6,
3350 5575 3404 5642 7,
3431 5576 3571 5632 17—-

1976 5651 2069 5718 21,
2105 5655 2165 5705 li.
2197 5650 2564 5722 perducantur.
2599 5650 2669 5705 15
2698 5650 3082 5719 pet-trahantur.

2051 5744 2177 5813 ’,55
2209 5742 2327 5797 Dat.
2373 5744 2406 5797 9
2462 5743 2589 5813 febr.
2620 5741 2693 5799 40
2722 5740 2846 5813 Dat.
2876 5740 2945 5795 kt.
2974 5748 3124 5813 mort.
3154 5738 3190 5797 8
3223 5737 3341 5798 Dat.
3366 5738 3402 5796 3
3442 5753 3563 5797 non.

1978 5811 2046 5873 15
2079 5810 2197 5869 Dat.
2227 5812 2264 5868 ‘2
2286 5821 2340 5869 et
2360 5810 2472 5871 om.
2494 5828 2641 5879 non.,
2671 5811 2757 5868 alii
2791 5826 2899 5868 om.
2927 5811 3067 5883 prid.
