4142 6178
551 272 656 337 ηε)

1841 275 2047 336 CONS'I
2064 277 2293 337 ΑΝΤΙΝΙ
2336 280 2551 339 ΜΑϐΝῙ

3739 284 3842 343 160

546 401 810 450 seretur“.
841 391 962 449 Dat.
999 391 1084 447 Id.
1116 391 1285 465 April.
1317 391 1565 458 Sirmio”,
1597 391 1929 448 Constantino
1957 393 2132 450 A.V.c
2163 400 2214 460 Α
2240 396 2372 450 Nam
2403 397 2683 454 beneﬁciis
2706 401 2906 455 nostris
2926 400 2994 455 ita
3019 399 3164 471 digni
3188 408 3344 468 sunt,
3369 409 3454 466 ut,
3488 401 3699 458 etiamsi
3727 401 3846 472 quis

547 495 597 543 et
627 483 859 542 Liciniod
891 485 1024 541 Cws.
1044 497 1067 523 υ
1095 485 1242 540 Cass.
1273 484 1448 558 (519).

551 594 561 633 i
621 577 1075 633 INTEBPRETATIO.
1117 576 1388 634 Fratribus
1418 579 1659 643 uterinis,
1705 579 1760 633 id
1788 578 1899 633 estf
1934 580 2146 636 diversis

551 667 780 739 patribus
801 677 846 722 et
867 685 972 722 una
991 677 1150 723 matre
1173 671 1324 736 natis,
1346 686 1448 724 non
1471 670 1620 725 liceat
1643 671 1705 724 de
1725 672 2001 742 inofficioso
2027 689 2149 728 con-

549 771 632 817 tra
669 770 1016 816 testamentum
1057 762 1234 831 fratris
1268 780 1436 835 agere.
1477 763 1584 818 Sed
1621 771 1875 834 germanis
1903 765 2148 835 fratribus

551 855 931 926 prattermissis,
967 854 1022 907 id
1051 866 1124 909 est
1151 871 1254 909 uno
1286 866 1429 924 patre
1458 857 1612 922 natis,
1643 858 1687 910 si
1715 859 1947 927 turpibus
1973 875 2149 931 perso-

550 951 630 1000 nis
648 989 662 1010 ,
690 946 746 999 id
771 955 843 1000 est
869 946 1149 1016 infamibus
1178 950 1331 1018 fuerit
1363 947 1629 1003 [Hereditas
1658 949 1929 1016 derelicta,
1961 951 2055 1004 hoc
2079 960 2152 1004 est

551 1048 642 1093 aut
666 1055 759 1108 pro
785 1039 994 1093 libidine
1021 1041 1387 1106 meretricibus,
1419 1050 1509 1094 aut
1535 1057 1629 1112 pro
1651 1043 1914 1096 inhonesto
1936 1041 2149 1110 affectus

553 1129 875 1184 naturalibus
905 1140 994 1184 aut
1013 1142 1147 1185 certe
1182 1129 1540 1202 thymelicish,
1573 1132 1651 1186 vel
1676 1131 1770 1187 dei
1803 1133 1995 1188 libertis
2022 1134 2148 1202 suis,

553 1223 737 1296 agendi
756 1233 934 1276 contra
954 1232 1307 1278 testamentum
1334 1223 1542 1278 licentia
1568 1235 1895 1280 reservatur:
1919 1227 1966 1279 si
1987 1237 2153 1281 tanien

553 1316 598 1370 is
625 1316 732 1386 ipse
758 1333 1029 1386 germanus
1059 1334 1160 1372 non
1193 1335 1286 1390 pro
1317 1320 1528 1374 crimine
1554 1335 1649 1373 suo
1677 1318 1856 1372 exsilio
1884 1319 2039 1387 fuerit
2065 1319 2155 1372 de—

555 1417 784 1482 putatus,
817 1418 908 1462 aut
931 1425 1020 1477 per
1049 1411 1389 1481 captivitatem
1414 1411 1568 1483 fuerit
1597 1427 1772 1464 servus
1802 1408 2031 1477 effectus,
2067 1420 2155 1464 aut

556 1515 647 1571 per
672 1500 1119 1571 emancipationem
1154 1501 1488 1557 successionis
1522 1503 1602 1558 vel
1629 1501 1844 1556 actionis
1874 1503 2004 1571 jura
2039 1519 2156 1574 per-

557 1594 768 1650 diderit.

1033 1683 1100 1722 DE
1129 1682 1447 1724 PRIVILEGIIS
1486 1684 1686 1725 EOBUI.

629 1758 777 1814 Idem
805 1759 872 1816 A.
901 1761 970 1814 ad
997 1760 1250 1831 Ruﬁnum
1279 1760 1372 1834 Pf.
1405 1762 1465 1816 P.
1505 1760 1519 1812 ἱ
1563 1763 1636 1817 De
1665 1760 1929 1818 cubiculis
1957 1761 2157 1817 nostris

559 1854 845 1910 vacatione
877 1854 1135 1921 donatos,
1169 1857 1254 1912 vel
1294 1856 1524 1912 diversis
1561 1857 1836 1927 obsequiis
1874 1857 2156 1929 palatinis,

560 1956 654 2002 aut
675 1949 888 2003 scriniis
913 1950 1209 2017 memoriae,
1234 1950 1585 2021 epistularum
1612 1949 2049 2020 libellorumque,
2074 1949 2160 2005 vel

561 2039 742 2096 ofﬁcio
770 2041 1108 2111 largitionum
1141 2043 1604 2108 comitatensium,
1638 2044 2044 2114 singularumve
2072 2059 2164 2098 ur-

561 2133 743 2202 bium,
785 2135 878 2191 sed
917 2143 972 2190 et
1000 2133 1180 2191 oliicio
1210 2135 1594 2191 admissionum
1636 2137 1703 2190 ad
1743 2137 1916 2208 legum
1949 2145 2162 2191 nostra-

562 2243 684 2282 rum
734 2227 1010 2300 privilegia
1057 2228 1306 2282 volumus
1335 2229 1641 2300 pertinere,
1674 2238 1730 2283 ut
1762 2244 1860 2284 nec
1890 2228 1993 2300 ipsi
2014 2269 2028 2292 ,
2063 2243 2164 2284 nec

565 2319 696 2387 lilii,
724 2335 821 2376 nec
847 2331 1069 2390 nepotes
1109 2337 1296 2376 eorum
1336 2321 1404 2376 ad
1443 2322 1648 2377 curiam
1690 2321 1773 2376 vel
1814 2321 2050 2378 honores
2081 2322 2165 2378 vel

564 2430 730 2471 onera
758 2413 838 2469 vel
865 2413 891 2450 κ
923 2429 1145 2470 munera
1179 2415 1522 2486 municipalia
1551 2415 1900 2472 devoceutur.
1944 2416 2165 2472 Merito-

567 2521 671 2578 que
703 2507 788 2562 liis
813 2509 1088 2579 jungimus
1124 2506 1140 2546 1
1177 2507 1541 2580 largitionalcs
1568 2508 1782 2563 urbium
1813 2509 2164 2577 singularum,

565 2615 635 2657 ne
663 2601 944 2670 privilegio
983 2611 1386 2670 separarentur,
1431 2616 1566 2672 quos
1605 2600 1841 2673 dignitas
1882 2616 2168 2671 propemo-

568 2691 698 2748 dum
728 2691 919 2747 similis
948 2693 1252 2763 c0pulavit,
1285 2693 1304 2766 (
1329 2694 1612 2748 memorati
1642 2707 1873 2763 namque
1903 2692 2170 2762 palatino-

568 2801 688 2842 rum
721 2784 1018 2841 matriculis
1048 2787 1364 2858 attinemur)
1389 2787 1586 2858 quippe
1616 2786 1716 2841 sub
1742 2787 2002 2842 castrensi
2027 2786 2173 2841 mili-

568 2887 700 2934 tant.
729 2877 935 2946 Quibus
958 2877 1212 2934 omnibus
1238 2881 1630 2946 condonamus,
1659 2894 1725 2933 ue
1751 2888 2062 2934 exactorum
2090 2878 2173 2933 vel

569 2970 948 3026 turmariorum
973 2980 1036 3037 ω,
1064 2985 1198 3042 quos
1247 2972 1592 3041 eapitularios
1616 2981 1835 3040 vocant,
1865 2987 2048 3029 curam
2080 2987 2172 3028 su-

571 3060 754 3127 beant,
779 3061 863 3116 vel
887 3062 1204 3132 obsequium
1231 3064 1646 3118 temouariorum
1676 3065 1756 3120 vel
1785 3067 2098 3138 prototypiac
2122 3074 2171 3119 ιι.

647 3226 672 3254 ει
716 3216 769 3272 ln
795 3216 939 3290 Cod.
965 3217 1104 3273 Just.
1137 3217 1193 3272 h.
1227 3233 1276 3272 c.
1309 3221 1379 3272 ita
1412 3219 1606 3290 legitur
1633 3236 1646 3273 :
1680 3217 1889 3273 Fratres
1917 3220 1995 3274 vel
2022 3236 2168 3275 soro-
2198 3197 2242 3259 (ἶ

570 3305 652 3343 res
677 3289 864 3363 uterini
893 3289 1241 3363 abino/ﬁciosi
1269 3289 1663 3344 actionecontra
1692 3301 2048 3344 testamentum
2070 3297 2170 3363 [rae

572 3364 662 3414 tris
701 3362 776 3414 vel
804 3362 994 3414 sororis
1029 3363 1228 3432 penitus
1263 3370 1530 3416 arceantur
1561 3376 1578 3414 :
1606 3363 1972 3432 consanguinei
2000 3374 2170 3417 autent

572 3434 788 3505 durante
815 3433 1107 3505 agnatione,
1139 3433 1215 3485 vel
1243 3449 1374 3505 non,
1409 3443 1587 3487 contra
1618 3442 1969 3486 testamentum
1997 3436 2172 3505 fratris

572 3504 654 3556 sui
692 3504 788 3577 νει,
811 3505 1001 3577 sororis
1043 3504 1106 3556 de
1143 3504 1421 3577 inofficioso
1451 3505 1790 3577 quaestionem
1830 3504 2027 3577 mouere
2055 3522 2173 3577 pos-

573 3586 712 3639 sunt,
744 3574 788 3626 si
816 3575 994 3645 scripti
1023 3577 1246 3629 Itwredes
1276 3575 1505 3644 infamia:
1526 3575 1599 3627 vel
1630 3575 1964 3644 turpitudinis
1991 3574 2066 3630 vel
2098 3579 2173 3629 le—

574 3645 649 3698 vis
678 3655 811 3698 nota:
840 3646 1041 3719 macula
1079 3645 1477 3719 adspergantur,
1507 3646 1594 3719 uel
1623 3645 1820 3719 liberti,
1863 3648 1951 3712 qui
1998 3663 2178 3717 perpe-

575 3732 688 3770 ram
705 3757 719 3780 ,
749 3727 794 3768 et
823 3731 924 3769 non
954 3716 1075 3770 bene
1103 3715 1347 3772 merentes
1375 3716 1710 3785 maximisque
1745 3715 2005 3782 bene/iciis
2027 3735 2177 3772 suum

575 3796 847 3859 patronum
876 3787 1122 3859 assecuti,
1157 3789 1375 3842 instituti
1401 3799 1552 3852 sunt;
1592 3797 1802 3859 excepto
1830 3803 1971 3843 seruo
2007 3805 2180 3844 neces:

577 3857 716 3910 sario
744 3857 944 3910 hwrede
973 3857 1230 3911 instituto.

649 3927 676 3967 δ
719 3932 790 3981 Ita
823 3929 1064 3997 plerique
1093 3929 1250 3983 codd.
1283 3939 1334 3982 et
1361 3929 1464 3983 Til.
1485 3931 1691 3985 —-Ri".
1732 3930 1909 3986 Noun.
1937 3931 2096 3986 codd.
2125 3941 2180 3986 et

578 3998 995 4074 Sicb._‘Syrmio.
1022 4001 1084 4074 β.
1238 4001 1440 4074 Sirmii.
1469 4003 1602 4074 Cod.
1629 4003 1779 4074 Just.
1801 4002 1888 4058 Id.
1910 4003 2041 4074 Aug.

656 4083 676 4142 ς
719 4070 868 4125 Multi
898 4069 1056 4125 codd.
1087 4071 1558 4142 etericb.—Lugd.
1593 4089 1702 4127 om.
1740 4073 1805 4127 V.

652 4138 678 4178 ἀ
719 4142 883 4207 6-8,
910 4143 998 4202 14.
1037 4142 1100 4196 16
1139 4141 1358 4196 Vicinio.

655 4223 678 4250 ο
713 4214 859 4267 Multi
899 4212 1057 4267 codd.
1090 4212 1155 4267 V.
1187 4214 1268 4275 (1.,
1302 4229 1467 4269 noun.
1493 4225 1546 4270 et
1569 4214 1676 4270 Til.
1706 4228 1819 4270 om.
1849 4214 1978 4270 (ἴση.

657 4282 677 4321 τ
718 4284 812 4350 20,
836 4284 929 4349 42,
957 4283 1104 4339 Sich.
1138 4284 1264 4339 add.
1289 4285 1372 4338 de.

601 4359 604 4361 ‘
657 4365 681 4396 κ
723 4355 794 4408 20
818 4355 1022 4422 effectu.
1769 4399 1771 4401 ,

657 4423 684 4462 ¹ι
725 4428 778 4491 6,
818 4427 872 4492 7,
915 4426 985 4480 20
1025 4436 1079 4481 et
1107 4427 1258 4482 multi
1299 4427 1484 4496 codd.,
1518 4428 1666 4484 Sich.
1693 4429 1951 4484 temelicis.
1977 4428 2096 4484 Cui.
2129 4430 2179 4484 1.

583 4501 716 4556 Aur.
752 4497 918 4568 Lugd.
943 4498 1196 4553 timelicis.

664 4570 678 4609 ί
723 4569 899 4644 iflonn.
926 4569 1085 4644 codd.
1118 4570 1414 4644 Sich.C_ui.
1446 4572 1500 4644 1.
1535 4571 1664 4627 Aur.
1693 4571 1862 4644 Lugd.
1885 4586 1995 4627 om.
2027 4573 2110 4627 de.

663 4643 675 4693 i
715 4641 899 4695 Codex
1108 4642 1223 4696 Cui.
1256 4643 1281 4696 1
1330 4641 1796 4714 ΙῖἰιΡνωροδὶιαηὶ
1833 4643 1934 4699 ϐο.
1976 4644 2184 4712 abjecta

588 4729 682 4770 sua
709 4715 874 4786 ipsius
897 4712 966 4781 cj.
1015 4713 1360 4786 [frtepositum
1397 4711 1633 4768 Cubiculi
1670 4731 1826 4786 prop.
1875 4711 2185 4786 Prtefectunt

591 4783 880 4850 Priami-io,
925 4783 1068 4853 quod
1115 4784 1208 4839 Be.
1245 4799 1378 4848 τρο..
1429 4801 1527 4841 nec
1571 4783 1923 4842 solum—Cod.
1965 4783 2103 4840 Just.
2131 4797 2187 4843 et

590 4855 1082 4929 scriptura_cudicis
1111 4854 1306 4929 Lngd.,
1339 4859 1433 4912 sed
1459 4858 1575 4911 alite
1603 4860 1766 4912 etiam
1800 4860 1853 4911 b.
1885 4861 2009 4911 anni
2041 4858 2186 4929 leges

591 4925 1002 4993 connuendant,
1043 4939 1098 4982 et
1123 4925 1234 4996 jam
1263 4939 1389 4983 ante
1417 4929 1518 4985 ϐο.
1553 4929 1770 4984 emend.
1799 4939 1914 4983 erat
1941 4930 1994 4983 in
2025 4925 2181 4984 Carr.

593 5000 712 5070 Cui.
741 4997 806 5062 2,
835 4997 978 5070 2._lu
1004 5012 1054 5052 c.
1084 4999 1118 5054 3
1143 4997 1276 5053 Cod.
1298 4997 1446 5070 Just.
1475 5001 1569 5055 cit.
1603 5015 1698 5067 pro
1725 5000 1794 5053 ad
1816 5000 2064 5069 Ruﬁnum
2095 5001 2182 5070 l’f.

593 5069 656 5126 P.
685 5081 766 5123 est
790 5073 856 5122 ad
888 5067 1264 5139 Numplu'dium
1295 5069 1423 5132 ΡΡ..
1443 5076 1558 5126 sine
1581 5070 1746 5125 dubio
1773 5067 2048 5127 mendose.
2074 5067 2188 5128 Cau-

595 5141 902 5215 terunrvid.
931 5154 1090 5210 supra
1113 5142 1216 5215 c._l
1247 5141 1314 5196 de
1337 5142 1686 5212 Sponsalibus
1716 5141 1849 5214 (ιιι,
1874 5143 1972 5215 5),
2003 5153 2115 5199 not.
2144 5146 2184 5211 l,

594 5210 912 5268 Wenckium
941 5214 1005 5265 ad
1032 5211 1277 5266 eamdem
1303 5227 1352 5268 c.
1382 5210 1435 5278 1,
1461 5221 1574 5269 not.
1602 5229 1650 5267 ι.

668 5283 694 5320 ι
723 5283 817 5338 Be.
848 5280 1244 5355 exCodtJust.
1271 5284 1398 5340 add.
1427 5287 1524 5348 vel,
1566 5285 1725 5355 quod,
1750 5285 1901 5341 deest
1922 5287 1975 5341 in
2003 5287 2188 5344 codice

594 5364 650 5412 et
677 5356 727 5410 in
757 5355 872 5409 Cui.
905 5353 930 5408 1
963 5383 1034 5394 —
1061 5354 1145 5408 Ri.
1174 5371 1187 5419 ;
1215 5353 1318 5410 ϐο.
1347 5357 1399 5410 in
1424 5353 1624 5413 contui.
1654 5373 1942 5411 munerave.

675 5425 691 5462 ¹
725 5427 804 5500 Ita
826 5426 1034 5500 codex;
1065 5427 1188 5479 edd.
1217 5427 1517 5495 ingerimus,
1548 5427 1690 5483 male
1719 5429 1860 5499 (vid.
1893 5428 1921 5500 ᾗ
1950 5431 1985 5486 5
2014 5431 2066 5482 li.
2096 5430 2193 5499 c.).

601 5497 702 5553 ϐο.
748 5494 1179 5569 [ὶίηΜεεὶιοιιιιε.
1225 5494 1334 5552 err.
1376 5500 1539 5553 Paulo
1579 5510 1700 5569 post
1729 5494 1918 5554 'codex'
1939 5494 2198 5556 mendose

603 5567 882 5637 capulatuit
921 5575 977 5622 et
1012 5568 1201 5637 incipit
1240 5570 1429 5639 pagina
1469 5567 1707 5626 secunda
1737 5571 1828 5626 fol.
1859 5570 1949 5626 41.
2004 5573 2058 5626 in
2106 5588 2192 5627 vv.

607 5639 762 5692 transi
800 5639 1041 5691 militant.

681 5717 719 5744 πη
742 5708 1026 5784 Beinesius
1069 5709 1598 5784 cj.ltemoniarorum.
1627 5712 1812 5770 Codex
1839 5711 2195 5784 capitulartus.

683 5783 709 5812 ³³
736 5775 868 5832 Cod.
896 5777 1030 5834 Just.
1062 5775 1415 5852 petitaprotitz.

2189 1805 2236 1866 B

2248 488 2315 544 ad
2343 488 2585 546 diversas
2621 491 3116 549 administrationes
3156 505 3275 565 post
3315 495 3569 565 obsequia
3614 495 3849 566 palatina

2251 583 2587 651 pervenerit,
2621 583 2811 639 iisdem
2843 593 2869 622 τί
2899 585 3092 640 debeat
3122 587 3192 640 nti
3227 586 3548 656 privilegiis,
3590 587 3845 658 quoniam

2240 673 2423 750 ‘major
2449 673 2684 745 dignitas
2711 676 2854 731 nulla
2874 675 3078 731 "debet
3102 678 3468 747 prmjudicinm
3500 677 3700 733 facere.
3728 677 3758 749 §
3789 679 3841 732 1.

2251 766 2421 822 Nemo
2450 767 2608 838 igitur
2633 783 2696 823 ex
2729 769 2852 823 [iliis
2882 770 3256 840 prmdictorum
3283 771 3363 824 vel
3391 771 3560 827 servis
3587 771 3852 827 castrensi

2253 859 2466 930 peculio
2491 861 2807 930 conquisitis
2841 871 2862 899 ο
2893 862 3319 932 professionibus
3347 863 3687 919 censualibus
3711 865 3856 920 iuse-

2254 962 2422 1018 ratur,
2458 952 2537 1006 vel
2569 968 2792 1008 numero
2823 955 3244 1010 accrescentium
3279 955 3396 1010 loco
3425 955 3506 1010 vel
3535 951 3560 992 ἀ
3593 955 3856 1011 deﬁcien—

2257 1044 2386 1098 tium
2417 1046 2758 1116 subrogctur,
2790 1048 2832 1100 si
2881 1063 2984 1102 non
3024 1047 3183 1103 fuerit
3223 1049 3448 1104 innexus
3487 1049 3858 1107 voluminibus

2255 1137 2617 1192 censualibus.
2651 1137 2678 1207 §
2706 1138 2759 1192 2.
2788 1137 3164 1196 Personalibus
3195 1141 3355 1194 etiam
3391 1149 3446 1196 et
3484 1141 3859 1212 corporalibus

2258 1231 2570 1285 muneribus
2613 1231 2927 1298 liberentur,
2971 1234 3082 1288 sive
3119 1233 3293 1288 adhuc
3334 1234 3384 1288 in
3428 1234 3622 1305 palatio
3660 1236 3862 1290 obser-

2263 1334 2420 1392 vent,
2453 1325 2566 1379 sive
2601 1334 2780 1394 optata
2827 1326 3005 1395 quiete
3055 1326 3240 1381 donati
3268 1328 3373 1382 sint
3409 1336 3456 1382 θ.
3498 1326 3608 1398 §5.
3649 1327 3866 1394 Quibus

2258 1417 2509 1472 omnibus
2561 1416 2852 1488 privilegiis
2882 1419 3255 1490 coujungimus
3298 1425 3523 1490 agentes
3565 1419 3618 1474 in
3659 1419 3863 1485 rebus,

2260 1511 2386 1566 licet
2414 1510 2624 1566 meritis
2660 1509 2677 1548 ί
2712 1512 3031 1566 militaribus
3064 1511 3348 1566 videantur
3395 1525 3516 1566 esse
3561 1510 3776 1566 subnixi
3809 1520 3863 1564 ε.

2261 1602 2385 1658 Dat.
2408 1602 2474 1658 ν.
2509 1602 2631 1658 Kal.
2669 1603 2797 1657 Maii
2831 1604 3021 1659 Sirmio
3050 1601 3101 1671 ιι,
3133 1603 3465 1660 Constantino
3494 1603 3559 1658 Α.
3598 1602 3660 1658 ν.
3694 1611 3742 1657 et
3771 1600 3868 1658 Li-

2260 1695 2396 1751 cinio
2425 1694 2485 1751 C.
2521 1693 2664 1750 Cass.
2698 1695 2868 1768 (519).

2724 1869 2791 1910 ne
2820 1868 3034 1909 magna
3055 1851 3374 1910 nuuteunoi.

2337 2008 2475 2080 Imp.
2510 2011 2525 2060 Ι
2567 2007 2929 2064 Constantinus
2970 2008 3034 2062 A.
3080 2007 3150 2061 ad
3182 2006 3464 2061 Proculum
3496 2004 3874 2061 Proconsulem

2269 2102 2482 2174 Africae.
2511 2103 2990 2175 Empbyteuticarii
3023 2115 3365 2171 possessores
3385 2141 3401 2167 ,
3431 2099 3520 2170 qui
3549 2107 3873 2154 mansuetu-

2268 2199 2409 2253 dinis
2440 2206 2636 2252 nostrae
2673 2195 2938 2251 beneﬁcio
2968 2195 3036 2249 ad
3062 2193 3490 2250 extraordinaria
3519 2193 3739 2248 minime
3771 2192 3877 2249 de-

2271 2298 2549 2354 vocentur,
2570 2285 2736 2342 sicut"
2765 2286 2947 2342 caeteri
2970 2286 3333 2357 provinciales
3361 2284 3676 2356 obsequium
3706 2299 3870 2339 suum

2271 2381 2574 2436 muniendis
2605 2376 2908 2434 itineribus1
2944 2378 3290 2448 impendant:
3318 2377 3462 2431 nulla
3483 2375 3626 2431 enim
3655 2375 3874 2432 ratione

2269 2475 2472 2531 debent
2498 2474 2566 2528 ab
2598 2472 2731 2540 hoc,
2766 2471 2909 2543 quod
2939 2481 2980 2508 ιη
3010 2473 3063 2526 in
3093 2483 3382 2525 commune
3413 2468 3662 2523 omnibus
3682 2467 3878 2538 profu-

2273 2577 2451 2624 turum
2481 2576 2564 2623 est
2589 2609 2603 2632 ,
2644 2580 2765 2622 esse
2801 2563 3026 2635 sejuncti
3060 2573 3108 2617 η.
3141 2561 3260 2617 PP.
3299 2559 3444 2616 Non.
3473 2559 3606 2615 Maii
3639 2558 3881 2615 Kartha-

2271 2664 2389 2736 gine
2408 2705 2424 2731 ,
2453 2660 2787 2717 Constantino
2813 2659 2879 2716 A.
2912 2658 2973 2713 V.
3000 2668 3048 2713 et
3076 2657 3277 2712 Licinio
3303 2654 3363 2712 C.
3395 2653 3538 2710 Cass.
3573 2651 3750 2728 (319).

2347 2896 2374 2926 ιι
2419 2885 2538 2943 Cui.
2577 2887 2600 2941 1
2651 2885 2734 2940 Ri.
2781 2885 2997 2939 hisdem.
3049 2883 3315 2940 C:cterum
3359 2880 3490 2939 Aur.
3533 2880 3705 2954 Lugd.
3748 2899 3881 2955 per-

2274 2961 2455 3014 venerit
2468 3003 2482 3026 ,
2514 2975 2622 3014 err.

2347 3029 2374 3070 ι)
2407 3022 2501 3085 νύ.
2530 3032 2898 3102 major_facere
2928 3027 3184 3102 translata
3207 3027 3412 3102 suntin
3437 3039 3487 3102 ο.
3511 3025 3545 3080 5
3729 3023 3882 3102 Just.

2277 3104 2392 3168 cit.,
2424 3118 2544 3172 qua:
2572 3097 2640 3154 ita
2663 3097 2944 3156 elfortnata
2969 3109 3083 3155 est:
3117 3097 3292 3172 Major
3319 3098 3695 3172 dignitasnullt
3727 3097 3883 3172 debet

2277 3176 2412 3228 circa
2443 3169 2629 3242 prioris
2655 3173 2952 3242 dignitatis,
2983 3187 3073 3224 seu
3101 3169 3298 3224 militia:
3327 3169 3591 3240 privilegia
3617 3169 3884 3240 pra'judi-

2276 3246 2412 3300 cium
2439 3250 2607 3316 facere
2628 3254 2682 3316 et
2709 3259 2825 3316 seq.
2858 3244 2913 3316 li.
2941 3257 2998 3316 c._
3025 3243 3239 3296 subscr.

2352 3328 2373 3354 ε
2404 3311 2612 3380 Codex,
2645 3313 2766 3368 Cui.
2792 3311 2824 3368 1
2856 3311 3024 3382 Lugd.
3055 3311 3384 3383 cumquisitis.

2349 3383 2375 3424 ἀ
2402 3386 2504 3453 ϐο,
2530 3401 2638 3440 em.
2670 3386 2868 3453 locove,
2896 3393 3062 3440 recte.

2352 3467 2375 3495 θ
2398 3459 2474 3512 Ita
2501 3457 2594 3512 Bc.
2624 3473 2686 3511 ex
2713 3456 2848 3511 Cod.
2875 3455 3043 3523 Just.;
3073 3454 3242 3510 codex
3263 3496 3278 3522 ,
3303 3453 3421 3525 Cuj.
3455 3455 3479 3510 1
3513 3453 3598 3509 Ri.
3630 3464 3768 3512 sunt.

2356 3548 2373 3588 τ
2403 3551 2578 3621 Supra
2605 3549 2774 3604 codex
2818 3547 3401 3621 meudose_corpolibus
3437 3546 3727 3621 numeravi
3757 3548 3891 3621 ﬂe-

2277 3623 2418 3686 rltis,
2451 3617 2590 3691 quod
2617 3621 2816 3675 excidit
2840 3619 2895 3674 iu
2921 3620 3044 3689 Cuj.
3081 3619 3116 3672 2
3158 3617 3274 3685 ue,
3319 3632 3492 3688 neque
3528 3627 3611 3691 est
3649 3617 3703 3672 in
3742 3619 3888 3674 Cod.

2279 3693 2442 3757 Just.,
2469 3689 2532 3747 ex
2568 3691 2684 3746 Cui.
2719 3696 2740 3745 1
2775 3691 2944 3761 Lugd.
2976 3691 3341 3761 recipiendum
3378 3703 3498 3743 esse
3519 3689 3891 3761 duxi,_iupri-

2282 3767 2382 3818 mis
2409 3779 2531 3818 cum
2560 3762 2811 3832 Cujacius
2833 3759 2885 3816 in
2911 3759 3121 3816 Comm.
3153 3760 3189 3815 Ι.
3219 3776 3268 3816 ο.
3294 3776 3357 3832 ρ.
3375 3761 3476 3815 667
3507 3761 3642 3814 banc
3665 3759 3892 3832 Cod’icis

2282 3834 2482 3890 Tueor.
2512 3831 2832 3903 scripturam
2860 3833 3082 3898 aﬂ‘erat,
3124 3847 3289 3903 quare
3330 3831 3444 3903 ϐο.
3477 3832 3542 3886 ad
3582 3832 3634 3884 b.
3680 3831 3716 3887 Ι.
3762 3834 3892 3887 sine

2285 3921 2493 3961 necess.
2521 3900 2742 3959 anu—ot.:
2778 3923 2796 3956 ‹
2822 3903 3109 3974 privilegiis
3126 3900 3345 3959 scilicet.
3362 3921 3380 3955 ι
3413 3900 3476 3958 Et
3495 3918 3683 3958 revera
3711 3905 3762 3958 iu
3786 3918 3886 3960 co-

2283 3977 2403 4036 dice
2431 3978 2656 4032 babetur
2678 3992 2732 4030 v.
2763 3977 2978 4030 meritis.

2359 4080 2384 4116 8
2414 4068 2470 4122 ln
2499 4067 2792 4124 Cod.Just.
2823 4070 2878 4122 h.
2911 4083 2960 4123 c.
3002 4066 3123 4122 aliis
3173 4075 3356 4133 mult.,
3397 4065 3516 4121 aliis
3555 4066 3752 4121 additis
3794 4077 3891 4123 aut

2283 4142 2512 4197 resectis
2543 4142 2612 4194 ita
2646 4140 2875 4208 legitur:
2905 4137 2982 4193 De
3004 4167 3032 4179 -
3057 4139 3330 4209 palatinis,
3361 4138 3678 4192 memoriales
3705 4138 3890 4205 etiam,

2284 4214 2372 4283 qui
2397 4215 2450 4265 in
2477 4212 2678 4266 scriniis
2708 4211 2994 4275 memoriar,
3024 4208 3130 4279 ep.,
3163 4208 3481 4283 libellorum,
3516 4225 3894 4283 sacrarumque

2287 4281 2687 4353 dispositionum
2709 4286 3034 4352 referuntur:
3062 4296 3278 4353 necnon
3295 4320 3312 4346 ,
3339 4291 3386 4334 et
3411 4281 3568 4353 siqui
3596 4282 3649 4333 in
3675 4291 3896 4353 ut_roque

2287 4349 2450 4424 ofﬁcio
2483 4349 2825 4424 palatinorum
2855 4352 3259 4424 comitatensium
3287 4368 3330 4424 si.
3363 4350 3564 4424 urbium
3589 4362 3636 4405 et
3665 4349 3773 4424 off.
3794 4349 3895 4424 ad-

2287 4421 2585 4478 missionum
2616 4435 2661 4477 et
2688 4425 2957 4478 castrensis
2983 4424 3115 4477 sacri
3142 4423 3320 4492 palatii
3343 4421 3592 4475 militant:
3623 4422 3897 4494 privilegia

2287 4497 2519 4550 volumus
2549 4496 2762 4562 habere,
2795 4506 2849 4548 ut
2881 4511 2970 4566 nec
2998 4495 3131 4566 ipsi,
3166 4521 3235 4566 έ-
3265 4509 3438 4547 eorum
3467 4494 3800 4566 ad_ilronores_
3815 4495 3897 4548 vel

2212 4586 2263 4645 ι)
2289 4584 2432 4645 mun.
2463 4583 2534 4620 m.
2566 4568 2865 4645 deuocentur
2897 4563 3038 4645 (om.
3070 4563 3729 4645 Meritoque—militant);
3759 4563 3899 4645 Qui-

2289 4637 2382 4692 bus
2412 4638 2810 4692 temonariorum
2841 4637 2916 4690 vel
2956 4637 3320 4708 pentaprotite,
3373 4647 3459 4708 aut
3504 4638 3655 4689 etiam
3697 4642 3898 4705 tyronis

2289 4711 2730 4781 prtesentationem
2757 4705 3056 4781 agnoscant.
3091 4705 3233 4781 Nam
3271 4707 3623 4781 beneﬁciis—
3644 4716 3696 4759 ut
3735 4707 3896 4781 etiam

2289 4777 2636 4844 censualibus,
2668 4782 2744 4834 vel
2776 4777 3122 4846 personalibus
3159 4780 3235 4833 vel
3273 4777 3621 4847 corporalibus
3656 4778 3892 4830 muneri-

2289 4851 2382 4904 bus
2411 4853 2704 4918 liberentur,
2737 4860 2780 4906 et
2811 4850 3025 4904 habeant
3054 4859 3310 4904 castrense
3337 4850 3624 4919 peculium,
3655 4851 3762 4904 sive
3789 4851 3896 4903 ad-

2292 4924 2392 4994 huc
2421 4925 2669 4994 palatium
2702 4923 2991 4994 observent,
3025 4923 3127 4994 sive
3155 4930 3364 4994 optata,
3396 4933 3502 4976 etc.

2364 4992 2391 5031 ιι
2422 4990 2494 5051 lla
2527 4993 2731 5062 codex,
2762 4992 2878 5048 Cui.
2911 4993 2939 5047 1
2965 5023 3034 5034 -
3058 4991 3208 5058 111’.;
3242 4993 3332 5048 8e.
3365 5001 3420 5047 et
3445 4991 3576 5048 Cod.
3610 4990 3745 5048 Just.
3776 4990 3898 5047 Sir-

2289 5065 2402 5119 mii.
2434 5066 2553 5121 Mox
2584 5069 2716 5121 Aur.
2750 5064 2919 5136 Lugd.
2940 5062 3152 5136 Licino.

2371 5135 2384 5174 ί
2428 5137 2543 5192 Vid.
2572 5139 2651 5192 Iit.
2682 5137 2723 5192 Ι.
2754 5135 2912 5205 hujus
2939 5135 3081 5198 libri,
3116 5145 3227 5190 not.
3252 5151 3339 5188 aa.

2365 5207 2379 5258 i
2416 5209 2472 5274 4,
2521 5208 2625 5263 Til.
2654 5204 2847 5264 -ϐο.
2871 5206 3006 5262 Cod.
3050 5205 3187 5261 Just.
3239 5205 3362 5260 add.
3396 5204 3534 5276 Imp.
3577 5205 3663 5262 Ri.
3688 5237 3758 5247 -
3785 5209 3884 5263 Be.

2287 5293 2398 5335 om.
2434 5280 2571 5335 lmn.

2365 5297 2398 5335 ι.
2434 5297 2513 5333 rm
2558 5321 2571 5333 .

2365 5350 2392 5388 ¹ί
2417 5297 2553 5406 Cod}.
2587 5349 2724 5406 Just.
2759 5351 3069 5404 devocantur
3094 5365 3312 5404 munera
3337 5366 3349 5402 :
3372 5350 3539 5414 sicut;
3565 5366 3737 5421 neque
3762 5367 3893 5404 uos-

2302 5431 2437 5478 tram
2465 5423 2785 5494 scripturam
2811 5422 2997 5475 falsam
3024 5436 3144 5476 esse
3173 5421 3303 5476 dicit
3323 5421 3424 5476 ϐο.
3463 5426 3634 5494 Supra
3666 5422 3699 5476 4
3727 5421 3899 5494 Enfg-

2304 5494 2577 5549 teuticarii.

2381 5563 2398 5602 ι
2440 5565 2572 5621 Cod.
2603 5565 2741 5621 Just.
2771 5563 3034 5619 itineribus
3057 5562 3370 5618 muniendis.

2373 5646 2415 5674 ω
2441 5635 2476 5690 4
2495 5653 2617 5708 quo,
2642 5639 2806 5693 rubro
2829 5636 2935 5690 col.
2963 5651 3070 5690 em.
3095 5637 3251 5707 quod.

2305 5725 2567 5868 ,*:gggd'
2597 5726 2736 5784 δαεῐο
2770 5725 2968 5798 seiungi
3006 5741 3106 5797 pro
3134 5741 3241 5783 esse
3287 5727 3506 5802 sejuncti
3548 5737 3602 5784 et
3623 5742 3742 5785 mox
3771 5723 3909 5784 Car.

2362 5814 2525 5852 aatns.
