4142 6178
437 199 544 259 175

1784 182 2238 244 CONSTANTINI
2276 181 2488 240 MAGNI

3638 171 3744 230 176

443 313 726 370 lemnitate
761 311 899 384 juris
938 309 1141 365 crimen
1170 305 1440 363 violentia:
1471 311 1726 376 opponat,
1752 317 1858 358 non
1887 302 2039 372 igna-
2070 308 2120 367 Α
2147 299 2403 352 convictus
2425 293 2666 366 potuisset
2683 292 2933 361 excipere.
2973 291 3047 346 De
3068 291 3260 361 reliquo
3293 291 3399 345 lucc
3422 290 3505 344 lex
3532 297 3744 359 prtetero

436 422 534 463 rus
562 423 678 463 eam
712 423 770 462 se
821 403 1140 461 sententiam
1186 401 1506 464 subiturum,
1549 399 1593 453 si
1625 397 1830 452 crimen
1857 395 2036 465 objec-

436 513 555 558 tum
587 520 691 558 non
721 502 950 572 potuerit
973 497 1346 569 comprobare,
1371 511 1528 566 quam
1563 510 1684 548 reus
1711 491 1870 546 debet
1893 488 2039 545 exci-

2141 388 2431 443 mittendaal
2454 396 2548 452 est,
2580 387 2700 458 quia
2725 383 2752 423 ι)
2784 386 2836 438 in
2882 393 3059 454 quarto
3105 383 3232 436 libro
3273 382 3365 436 sub
3415 381 3562 434 titulo
3597 379 3768 434 Unde

2141 483 2187 536 vi
2221 493 2242 520 ο
2267 523 2280 547 ,
2327 497 2444 553 qua:
2475 491 2642 536 tamen
2666 478 2693 516 ἀ
2726 479 3036 550 temporibus
3068 479 3316 550 posterior
3356 478 3556 531 inventa
3603 485 3674 529 est
3696 485 3742 541 ι’,

439 613 572 668 pere
592 605 638 649 α.
656 569 807 662 Quod
830 594 873 648 si
895 593 1094 648 omissa
1120 589 1551 660 interpellatione
1575 585 1602 623 ι)
1623 586 1726 639 vim
1748 579 2039 654 possidenti
2143 573 2357 629 habetur
2401 573 2630 646 exposita
2661 569 2705 628 ί.

439 688 706 753 intulerit,
739 694 862 740 ante
902 685 1080 740 omnia
1107 682 1373 738 violentiae
1399 691 1420 718 ο
1458 692 1701 734 caussam
1747 671 2042 730 examinari

437 775 846 851 prmcipimusd,
875 787 928 832 et
956 777 1006 832 in
1030 793 1091 832 ea
1115 775 1315 846 requiri
1338 774 1458 845 quis
1483 782 1506 810 ε·
1533 771 1597 827 ad
1616 785 1774 842 quem
1794 763 2037 824 veneritf

2679 683 2746 722 DE
2777 680 3176 722 DONATIONIBUS.

2150 799 2156 806 '
2220 785 2360 860 Imp.
2381 784 2815 841 ConstantinusA.
2836 785 2902 838 ad
2917 783 3131 838 Bassum
3153 781 3244 853 Pf.
3270 779 3316 837 U
3337 791 3385 836 ε.
3409 779 3566 837 Juxta
3584 776 3610 816 ¹λ
3636 778 3750 835 divi

437 870 839 946 possidentem,
883 880 940 925 ut
989 870 1070 934 ei,
1115 884 1274 939 quem
1311 865 1612 922 constiterit
1658 863 1938 933 expulsum
1993 869 2043 926 ὅ,

2167 882 2251 950 Pii,
2283 880 2674 937 consultissimi
2722 878 3004 950 principis,
3034 876 3284 932 lnstituta
3312 873 3327 912 ί
3367 874 3548 930 valere
3575 874 3752 930 dona-

441 964 658 1019 amissae
687 961 1046 1032 possessionis
1069 961 1189 1031 jura
1218 965 1557 1029 reparentur,
1598 955 1896 1024 eademque
1925 968 2048 1024 pro-

438 1057 587 1112 tinus
617 1057 862 1112 restituta
890 1054 918 1092 ¹ι
947 1055 1214 1111 violentus
1239 1051 1282 1123 ί,
1311 1067 1484 1125 poenae
1506 1067 1614 1108 non
1636 1049 1904 1106 immerito
1927 1046 2050 1104 des-

441 1154 668 1220 tinatus,
696 1152 750 1207 in
779 1152 940 1208 totius
961 1151 1065 1206 litis
1107 1149 1394 1206 terminum
1435 1147 1717 1204 dilferatur
1743 1143 1790 1211 i,
1825 1151 1902 1210 ut,
1938 1141 2052 1214 agi-

438 1256 557 1303 tato
587 1247 804 1318 negotio
829 1245 1108 1317 principali
1135 1241 1191 1312 κ,
1220 1246 1267 1300 si
1294 1251 1482 1299 contra
1505 1256 1627 1298 eum
1656 1238 1819 1295 fuerit
1841 1236 2051 1308 judica-

443 1351 583 1404 tum,
607 1339 659 1392 in
686 1336 914 1392 insulam
942 1335 1255 1406 deportetur
1280 1332 1336 1400 1,
1360 1333 1517 1390 bonis
1547 1331 1797 1387 omnibus
1822 1328 2053 1399 abroga-

445 1432 519 1488 tis
543 1442 603 1484 ω.
633 1430 788 1500 Quod
828 1430 873 1486 si
899 1445 997 1502 pro
1027 1445 1114 1497 eo,
1163 1444 1323 1500 quem
1353 1427 1610 1484 claruerit
1631 1434 1660 1462 ιι
1687 1439 1809 1481 esse
1846 1423 2054 1479 violen-

444 1535 562 1580 tum
595 1532 619 1559 ο
647 1523 910 1579 sententia
937 1522 1242 1594 proferetur
1265 1531 1315 1588 P,
1370 1519 1610 1576 omnium
1642 1531 1821 1573 rerum
1849 1515 1916 1572 de
1941 1514 2060 1586 qui-

451 1617 556 1672 bus
585 1615 849 1687 litigatum
888 1623 992 1681 est,
1037 1613 1213 1670 media
1247 1628 1370 1685 pars
1410 1627 1577 1683 penes
1627 1625 1750 1666 eum
1799 1607 2056 1674 resideat,

2151 975 2329 1030 tiones
2351 976 2525 1043 placet
2549 973 2690 1027 inter
2717 971 2918 1026 liberos
2949 979 3000 1025 et
3032 977 3308 1038 parentes,
3333 967 3386 1022 in
3410 979 3754 1038 quocumque

2151 1069 2268 1125 solo
2293 1076 2347 1123 ct
2375 1065 2663 1136 cujuslibet
2685 1064 2764 1121 rei
2794 1063 3090 1120 liberalitas
3115 1061 3426 1133 probabitur
3452 1059 3752 1126 exstitisse,

2152 1160 2282 1217 licet
2307 1160 2320 1210 i
2366 1174 2542 1230 neque
2572 1157 2898 1228 mancipatio
2923 1156 3154 1222 dicatur,
3179 1169 3354 1224 neque
3381 1153 3596 1208 traditio
3621 1152 3755 1207 sub-

2154 1263 2361 1323 secuta,
2391 1254 2484 1310 sed
2517 1253 2655 1309 nuda
2698 1261 2906 1308 tantum
2931 1252 3179 1307 voluntas
3210 1248 3484 1314 claruerit,
3505 1263 3623 1318 quae
3646 1263 3754 1301 non

2157 1346 2380 1404 dubium
2410 1345 2698 1402 concilium
2727 1353 2927 1409 teneat,
2960 1343 3362 1408 necincertum,
3381 1340 3474 1396 sed
3497 1339 3760 1411 judicium

2157 1440 2323 1496 animi
2370 1438 2472 1494 tale
2514 1436 2798 1510 proferat,
2847 1445 2908 1492 ut
2952 1435 3098 1491 nulla
3127 1434 3357 1506 quaestio
3408 1432 3704 1489 voluntatis
3733 1428 3757 1469 ιι

2160 1533 2331 1604 possit
2372 1532 2612 1600 irrepere
2651 1539 2746 1585 :et
2781 1525 2829 1595 ι,
2860 1527 3054 1584 collata
3086 1527 3227 1582 inter
3256 1535 3480 1582 caeteras
3508 1531 3764 1594 exceptas

2164 1624 2364 1681 Cincia:
2387 1624 2492 1695 legi
2523 1637 2802 1694 personas,
2835 1621 3079 1678 obtinere
3108 1619 3380 1692 propriam
3411 1619 3722 1674 ﬁrmitatem
3744 1657 3761 1684 ,

444 1718 645 1766 caetera
674 1707 788 1762 ﬁsci
813 1707 1020 1762 viribus
1049 1705 1389 1761 vindicentur
1425 1712 1475 1757 τι.
1525 1701 1642 1757 ΡΡ.
1675 1701 1812 1774 prid.
1846 1711 1867 1738 τ
1902 1697 2045 1754 Νοη.

2167 1720 2270 1776 sive
2291 1716 2700 1789 mancipationis
2718 1714 2945 1772 decursa
2967 1714 3126 1770 fuerit
3147 1711 3482 1777 solemnitas,
3509 1710 3591 1766 vel
3615 1720 3766 1766 certe

447 1800 564 1858 Oct.
596 1799 798 1867 Romae,
849 1796 1183 1854 Constantino
1211 1797 1276 1853 Α.
1308 1796 1370 1852 ν.
1398 1805 1444 1851 et
1476 1805 1498 1834 ⁸
1528 1794 1727 1850 Licinio
1759 1791 1817 1848 C.
1857 1793 1876 1829 ί
1903 1790 2047 1848 Coss.

449 1896 625 1969 (319).

517 1990 970 2046 INTEBPBETATIO.
1014 1987 1208 2060 Siquis
1242 1987 1595 2043 adversarium
1619 2002 1772 2042 suum
1813 1985 1886 2040 ita
1914 1982 2056 2054 apud

437 2084 669 2157 judicem
687 2083 957 2138 crediderit
978 2081 1323 2136 accusandum
1342 2090 1394 2150 ιι,
1414 2091 1468 2137 ut
1483 2099 1535 2137 se
1549 2089 1740 2136 asserat
1769 2079 2056 2134 violentiam

446 2180 738 2250 pertulisse,
767 2181 835 2235 ad
862 2179 1213 2252 probationem
1231 2181 1305 2234 rei
1361 2196 1476 2233 eum
1509 2178 1740 2234 convenit
1776 2175 1980 2230 attineri
2005 2183 2052 2226 νε

445 2273 585 2343 quod
612 2273 657 2326 si
687 2274 904 2344 probare
931 2289 1033 2327 non
1069 2273 1304 2342 potuerit,
1325 2287 1475 2343 quem
1516 2272 1715 2325 dixerat
1757 2269 2054 2334 violentum,

450 2369 680 2424 eamdem
711 2385 912 2441 poenam
947 2368 1215 2440 suscipiat,
1244 2383 1398 2438 quant
1426 2366 1534 2432 ille,
1585 2381 1734 2433 quem
1781 2362 1975 2433 impetit
2007 2369 2055 2428 κ,

527 2580 554 2611 ⁸
585 2573 654 2628 15
681 2589 876 2644 compr.
907 2569 1018 2627 eam
1049 2588 1202 2643 quam
1226 2570 1426 2626 deberet
1469 2585 1514 2623 r.
1546 2583 1654 2623 exc.
1694 2566 1759 2622 21
1801 2566 2056 2637 accipere.

452 2645 526 2700 15
541 2660 650 2700 om.
676 2645 719 2698 si
744 2645 1006 2698 crimen...
1029 2659 1166 2697 reus.

528 2714 556 2754 δ
583 2717 806 2770 Decum.
841 2718 986 2769 Aret.
1041 2713 1402 2782 appellatione,
1433 2712 1608 2779 impr.‘
1644 2707 1800 2782 Wilt.
1830 2709 1868 2762 I.
1889 2724 1938 2764 c.
1965 2708 2056 2774 10,

455 2785 526 2841 18
556 2787 794 2858 obmissa.
825 2787 897 2841 20
923 2786 1059 2858 quod
1077 2781 1324 2858 amissi-i.
1349 2781 1678 2858 venerit_,_§e_d
1701 2797 1807 2858 cm.
1831 2783 1949 2858 vim.

531 2870 552 2895 τ’
580 2857 715 2913 Cum
741 2858 915 2914 literis
936 2851 1146 2912 olentia:
1172 2854 1459 2926 incipal‘ol.
1505 2851 1676 2926 XXII,
1708 2851 1835 2926 cod.
1880 2853 1905 2905 1
1949 2852 2062 2906 sive

455 2929 622 2984 totius
653 2929 982 2998 palimpsesti
1003 2927 1166 2982 Taur.
1197 2923 1490 2998 foIIXXX,
1519 2923 1863 2998 quiod_per_git
1893 2938 2064 2998 usque

457 2999 526 3054 ad
555 2992 915 3070 vva-quisquis
955 3016 1095 3070 cum,
1115 2998 1358 3070 militibus
1389 2997 1464 3051 vel
1494 2992 1547 3050 c.
1586 2997 1620 3050 3
1655 2992 1719 3049 C.
1759 2994 1860 3049 Th.
1891 2995 1957 3050 ad
1981 2992 2060 3048 7L.

456 3071 676 3144 Cornel.
702 3069 784 3126 de
810 3072 981 3144 Sicar.
1009 3069 1128 3144 (IX,
1169 3069 1277 3140 11).

530 3141 559 3179 ά
591 3143 658 3196 21
694 3141 1049 3211 praecepimus.

537 3223 562 3250 ε
579 3206 703 3269 Sec.
726 3213 826 3270 Ge.
854 3206 1018 3269 nonn.
1045 3213 1367 3283 interpretes
1389 3210 1523 3266 Cod.
1559 3209 1697 3266 Just.
1719 3208 1860 3281 quid.
1893 3206 1927 3264 9
1949 3211 2062 3277 quis

456 3294 724 3436 mf“
751 3354 889 3436 Just.
923 3355 1224 3436 pervenerit,
1248 3354 1417 3436 impr.
1447 3353 1547 3411 Go.

535 3432 562 3471 3
589 3427 738 3483 Sich.
760 3426 1044 3482 exclusum.
1065 3425 1130 3480 21
1157 3425 1354 3479 amissi.

531 3494 562 3534 Ῑι
591 3500 646 3554 ln
674 3497 968 3568 Cod.Just.
1000 3497 1124 3552 add.
1158 3495 1218 3552 Si
1264 3497 1544 3551 criminalis
1570 3498 1781 3567 qutestio
1824 3497 2064 3568 agitetur,

458 3571 733 3639 superﬂue
779 3583 889 3624 sec.
941 3567 1068 3631 Go.,
1112 3569 1201 3637 qui
1247 3568 1405 3637 hujus
1452 3579 1736 3634 postremae
1782 3567 2066 3624 sentcntiae

460 3640 794 3729 {amaritiem
824 3639 937 3729 [ἱεςί
965 3639 1113 3729 ξιέᾱὶι
1134 3641 1262 3729 ἱηρ.
1289 3640 1351 3693 14
1372 3640 1431 3693 C.
1455 3639 1557 3693 Th.
1589 3642 1826 3706 Quorum
1860 3639 2063 3710 appell.

467 3710 590 3783 (XI,
615 3711 724 3777 50).
757 3710 810 3772 8,
845 3711 929 3769 10.
961 3710 1028 3765 18
1056 3711 1384 3777 eamdemque
1411 3728 1462 3779 p.
1494 3727 1538 3764 r.

478 3854 495 3864 _
548 3781 564 3819 ί
599 3781 651 3846 6,
683 3783 737 3848 7,
769 3779 860 3864 10,
896 3779 1126 3846 12-14,
1168 3781 1261 3864 17,
1289 3782 1353 3836 18
1379 3783 1612 3864 violatgr.
1639 3784 1692 3850 8,
1719 3781 1788 3837 16
1829 3781 2066 3864 violatus.

467 3854 504 3910 4
537 3869 705 3931 plena,
737 3854 831 3938 sed
859 3866 966 3905 em.
997 3867 1157 3918 preme
1182 3851 1328 3905 rubr.
1358 3854 1462 3908 col.
1495 3853 1562 3907 15
1597 3871 1698 3908 non
1725 3853 1922 3936 merito.

549 3936 562 3973 ι
608 3924 814 3989 10,10,
857 3922 945 3988 18,
990 3923 1062 3979 20
1089 3924 1367 3992 deferatur,
1395 3923 1491 3978 sed
1536 3925 1602 3981 15
1633 3935 1896 3979 terminos.
1950 3923 2073 3980 Mox

465 3994 540 4050 20
562 4003 605 4048 et
629 4008 725 4060 pro
757 3995 819 4046 si.

542 4065 569 4103 ι
598 4064 714 4121 Fol.
753 4065 819 4119 17
845 4062 872 4102 b
899 4061 1021 4118 cod.
1056 4062 1112 4119 4.

551 4135 567 4174 ¹
601 4135 634 4191 9
661 4136 946 4207 deputetur.
977 4134 1047 4207 20
1089 4134 1280 4207 insula.

471 4208 646 4336 11:19
667 4204 776 4264 om.
804 4206 1082 4278 abrogatis,
1109 4204 1178 4260 18
1197 4207 1492 4279 abrogatas.
1529 4209 1692 4282 Seqq.
1723 4208 1838 4266 des.
1865 4207 1918 4264 in
1940 4206 2072 4264 Cod.

509 4297 522 4334 ι
599 4319 613 4334 .

509 4294 613 4336 “SI.

545 4368 571 4394 η
593 4351 626 4406 9
666 4349 960 4404 claruerint.
986 4348 1071 4403 Ri.
1105 4347 1367 4416 claruerit,
1391 4366 1500 4407 crr.

545 4431 572 4457 ο
607 4421 768 4485 6-8,
801 4420 888 4487 12,
916 4419 1004 4484 14,
1032 4419 1098 4473 17
1128 4421 1396 4475 violatum.

2157 1830 2246 1871 res
2288 1812 2481 1868 tradita
2530 1810 2810 1866 doceatur.
2841 1809 3013 1878 Quam
3057 1809 3230 1880 legem
3255 1806 3322 1862 ad
3351 1807 3474 1862 lites
3513 1805 3765 1860 volumus

2157 1907 2432 1979 pertinere
2460 1945 2477 1974 ,
2510 1917 2851 1974 quocumque
2896 1912 3141 1972 tempore
3162 1899 3420 1970 jussionis
3449 1906 3648 1954 nostra:
3680 1897 3764 1952 in-

2157 1999 2448 2056 veniuntur
2486 2013 2608 2053 esse
2647 2011 2958 2067 suspeuszn,
2993 2005 3047 2051 et
3075 2011 3195 2066 qure
3218 2002 3338 2064 post
3387 1993 3579 2048 futurte
3617 1999 3765 2057 sunt,

2163 2110 2232 2149 ne
2287 2101 2554 2148 transacta
2595 2090 2807 2161 negotia
2854 2087 3198 2144 refricentur.
3231 2087 3353 2142 Dat.
3380 2096 3419 2124 ιιι
3451 2085 3592 2141 Νοη.
3623 2085 3763 2154 0ct.,

2163 2189 2500 2247 Constantino
2527 2186 2592 2241 Λ.
2628 2185 2693 2241 ν.
2721 2195 2766 2240 et
2796 2185 3000 2240 Licinio
3029 2184 3087 2239 C.
3116 2182 3262 2238 Coss.
3288 2182 3462 2254 (519).

2317 2321 2384 2360 DE
2422 2317 2715 2359 TUTORIBUS
2754 2317 2823 2356 ET
2855 2313 3221 2357 CURATORIBUS
3259 2306 3285 2334 n
3325 2313 3602 2354 CREANDIS.

2236 2420 2374 2492 Imp.
2409 2417 2774 2474 Constantinus
2812 2424 2836 2452 ο
2864 2416 2927 2469 Α.
2971 2426 3017 2471 et
3057 2413 3188 2470 Cres.
3240 2421 3268 2463 Ρ
3307 2412 3376 2466 ad
3424 2411 3647 2467 Bassum
3675 2409 3765 2483 Pf.

2242 2587 2268 2614 δ
2301 2577 2460 2642 6-8,
2485 2577 2574 2632 alii
2612 2577 2976 2646 praetermissa.

2238 2648 2266 2688 Ι)
2297 2649 2397 2705 Go.
2426 2651 2536 2720 qui,
2563 2664 2669 2703 err.

2241 2733 2262 2756 π
2303 2721 2418 2774 Viti.
2439 2717 2692 2774 Ε.¹1Ίι.11.
2713 2717 3120 2791 t.c.2_._Untlevi
3147 2717 3260 2791 (Ν,
3280 2717 3397 2791 22),
3415 2717 3765 2774 notd.Nonn.

2165 2791 2324 2850 codd.
2355 2791 2416 2846 de
2453 2791 2530 2845 Vi.
2559 2791 2630 2847 44
2661 2791 2728 2847 VI
2767 2791 2831 2845 de
2864 2789 2947 2845 Vi.
2972 2791 3044 2846 20
3073 2789 3182 2846 om.
3218 2789 3385 2845 Unde.

2239 2860 2267 2899 d
2294 2864 2443 2918 Sich.
2478 2878 2587 2917 om.
2618 2873 2808 2916 tamen.

2243 2945 2265 2971 ο
2298 2933 2445 2990 Sich.
2481 2933 2846 3005 posterioribus
2876 2942 2968 3003 est,
3004 2933 3205 2989 inventa
3228 2935 3346 2989 Itab.
3377 2932 3469 3003 20,
3493 2934 3556 2990 21
3593 2943 3665 2990 est
3685 2934 3772 2989 in-

2168 3017 2337 3062 venta.

2249 3077 2264 3114 ί
2301 3076 2403 3132 Go.
2429 3092 2555 3130 ann.
2591 3095 2603 3131 :
2639 3095 2657 3129 t
2694 3075 2792 3131 Est
2819 3075 2907 3146 qui
2939 3085 3130 3143 tentat,
3155 3076 3388 3147 explosa.
3429 3097 3449 3131 ι

2243 3158 2266 3194 8
2301 3149 2393 3202 lle.
2428 3163 2495 3204 ex
2522 3147 2623 3204 ϐο.
2653 3163 2812 3202 ann.:
2841 3166 2860 3199 ‹
2892 3149 3066 3212 Quum
3097 3150 3285 3203 notitia
3316 3149 3412 3204 PIT.
3447 3148 3513 3205 U.
3545 3147 3774 3206 Bassum

2166 3219 2232 3274 ad
2260 3219 2377 3274 Cal.
2412 3227 2616 3273 tantum
2650 3219 2800 3288 Sept.
2835 3218 2920 3273 PI‘.
2951 3219 3070 3274 urb.
3104 3219 3346 3275 functum
3379 3229 3624 3286 testatur,
3657 3220 3778 3275 haec

2167 3292 2252 3347 lex
2281 3290 2417 3345 Non.
2450 3289 2569 3345 Oct.
2607 3290 2730 3345 data
2776 3290 2874 3354 sit,
2915 3291 3181 3346 alterutro
3212 3291 3332 3346 loco
3362 3291 3616 3347 mendum
3657 3290 3778 3345 ha:-

2167 3377 2289 3488 iie7re
2316 3371 2547 3485 Oportet.
2585 3381 2604 3414 ι
2638 3361 2766 3418 Sed.
2801 3361 2909 3416 vid.
2942 3377 2992 3416 c.
3020 3364 3042 3416 1
3078 3359 3138 3417 C.
3181 3362 3286 3418 Th.
3317 3362 3385 3418 de
3405 3362 3620 3428 Tutor.,
3652 3361 3775 3434 (Ill,

2247 3475 2260 3488 .
2294 3449 2360 3486 110
2381 3473 2404 3486 Δ.
2436 3451 2489 3488 Il.

2247 3475 2260 3495 ,
2294 3443 2404 3486 not.
2436 3451 2489 3495 ῃ.

2243 3451 2501 3559 ἶιῐὸοιῖέέίί.
2551 3503 2588 3559 1.
2628 3519 2776 3576 θην.
2820 3503 2948 3568 200,
2983 3503 3191 3576 Hollw.
3221 3505 3259 3560 l.
3292 3519 3340 3576 c_.
3376 3521 3433 3576 p.
3475 3505 3564 3576 72.
3595 3513 3709 3560 not.
3742 3503 3777 3561 9

2171 3575 2310 3630 hanc
2341 3577 2509 3646 legem
2542 3573 2828 3648 signiﬁCari
2858 3575 3120 3648 putantin
3149 3575 3268 3630 Vat.
3304 3573 3443 3648 [Γ.ίὲ
3484 3575 3613 3640 249,
3643 3591 3776 3631 vv.:

2171 3664 2336 3714 nuper
2361 3647 2582 3717 exceptis
2629 3648 2859 3716 personis
2886 3647 3020 3700 dicta
3046 3647 3130 3701 lea:
3158 3656 3261 3712 est,
3307 3647 3402 3703 sed
3424 3647 3620 3702 tamen
3651 3662 3780 3702 cum

2173 3721 2383 3773 subscr.
2415 3721 2466 3772 in
2503 3717 2529 3788 §
2559 3717 2664 3772 219
2694 3734 2722 3771 a
2750 3717 2888 3773 Maio
2939 3719 3181 3772 restituta
3219 3730 3404 3784 aperte
3434 3718 3565 3774 falsa
3611 3719 3682 3773 sit
3721 3727 3781 3774 et

2173 3791 2350 3859 potius
2389 3789 2682 3859 reponendi
2727 3790 2977 3844 consules
3004 3789 3126 3843 anni
3158 3789 3263 3845 316
3295 3789 3424 3858 (vid.
3457 3805 3505 3845 c.
3541 3789 3566 3844 1
3597 3788 3650 3843 lt.
3683 3789 3778 3858 t.),

2172 3876 2260 3915 vv.
2289 3861 2378 3943 illa
2410 3860 2712 3930 pertineant
2739 3875 2964 3917 necesse
3004 3869 3089 3916 est
3117 3859 3184 3915 ad
3217 3861 3390 3932 legem
3420 3861 3651 3932 aliquam
3693 3861 3780 3915 in-

2175 3940 2468 4010 cognitam.

2177 4014 2275 4085 “:
2311 4003 2434 4085 Iliae
2463 4004 2524 4085 D:
2569 4001 2647 4085 Prii
2699 4002 2961 4085 instituta
2979 4018 3083 4057 non
3117 4002 3400 4085 habentur:
3429 4004 3481 4085 in
3513 4003 3776 4085 fontibus:

2177 4073 2305 4148 Vid.
2331 4073 2556 4148 Wenek.
2589 4073 2815 4148 Qpp._p.
2861 4073 3003 4148 189,
3025 4080 3211 4148 n_ot.7‘.
3240 4073 3324 4148 Cf.
3358 4075 3477 4148 γει,
3509 4073 3578 4131 Ir.
3611 4076 3640 4148 §
3669 4073 3780 4132 514

2179 4153 2235 4200 et
2265 4145 2452 4211 Ilasse,
2483 4145 2677 4202 Rhein.
2710 4145 2947 4217 Museum
2978 4145 3016 4200 l'.
3044 4145 3273 4217 Jurispr.
3310 4147 3350 4214 ι,
3378 4145 3532 4204 220.’

2255 4217 2269 4288 _i
2313 4217 2465 4288 lrliuc.
2495 4216 2682 4288 incipit
2710 4215 2799 4272 lol.
2835 4232 2956 4273 cxrv
2982 4215 3202 4273 codicis.

2254 4285 2279 4358 Ii
2309 4287 2441 4343 Aur.
2475 4285 2644 4358 Lugd.
2676 4303 2787 4344 om.
2817 4288 3113 4344 voluntatis.

2256 4355 2410 4415 160.
2459 4355 2578 4415 emi
2614 4370 2684 4413 at.
2735 4359 3001 4415 Marcilius
3045 4360 3110 4414 ad
3158 4359 3236 4414 tit.
3284 4359 3411 4414 Inst.
3459 4359 3528 4417 de
3578 4360 3778 4419 Donat.

2183 4446 2236 4500 p.
2278 4429 2385 4484 224
2429 4431 2497 4498 rj.
2527 4439 2574 4484 et
2599 4430 2797 4485 collatis
2841 4435 2972 4486 inter
3005 4442 3281 4485 cwteras...
3308 4431 3600 4496 firmitatem
3643 4433 3782 4489 sicut

546 4493 650 4572 p_1,
679 4495 732 4556 7,
764 4491 939 4572 9,16,
961 4491 1037 4572 Δ20
1077 4492 1409 4572 proferatur._
1433 4492 1490 4558 6,
1539 4493 1605 4549 14
1655 4496 1958 4568 proferitur.
2011 4494 2077 4553 10
2103 4495 2156 4556 D
2181 4491 2593 4572 inaneipationis,
2636 4511 2764 4566 etc.,
2798 4517 2916 4571 qua:
2946 4502 3070 4572 quid
3102 4501 3199 4558 sibi
3237 4491 3436 4569 velint,
3479 4508 3690 4559 nescire
3718 4519 3784 4560 se

472 4566 753 4637 profertur.
789 4563 908 4637 Illo;
946 4566 1075 4637 Aur.
1111 4563 1280 4634 Lugd.
1329 4565 1612 4635 litigarum,
1646 4563 1756 4622 err.

549 4633 584 4686 τί
611 4635 699 4701 10,
725 4635 812 4698 16,
840 4633 905 4688 18
929 4633 1228 4689 vindicetur.

550 4709 576 4739 ι’
603 4705 976 4781 Aut_hie,_on_t.
1009 4721 1062 4781 ἶ.
1099 4706 1261 4776 prid.,
1278 4707 1445 4781 scrib.
1479 4705 1809 4781 Dat._Non.,
1841 4720 1931 4765 aut
1957 4725 2074 4781 rep.

476 4777 534 4852 in
562 4792 610 4852 c3
646 4776 758 4832 sc.
791 4777 893 4852 Th.
921 4776 1231 4852 de-Donatt.
1251 4777 1551 4852 _PP.__prid.
1575 4777 1743 4842 Νοη..
1768 4793 1826 4836 ut
1850 4776 2077 4852 utraque

475 4848 564 4903 lex
595 4847 648 4901 in
677 4847 924 4901 eumdem
950 4848 1091 4901 diem
1124 4849 1339 4904 incidat.
1374 4849 1496 4904 Vid.
1529 4865 1579 4904 c.
1622 4852 1656 4905 4
1683 4853 1800 4917 cit.,
1835 4861 1948 4907 not.
1989 4847 2069 4906 rr.

477 4919 619 4992 Malo
652 4918 769 4992 Pl’_.
804 4917 940 4992 prid.
960 4917 1116 4992 _Non.
1149 4921 1309 4975 scrib.
1335 4921 1388 4975 in
1411 4935 1458 4974 c.
1489 4920 1635 4992 dcit.
1670 4932 1889 4992 propter
1913 4924 2072 4978 codd.

475 4989 592 5044 fere
613 4989 850 5042 omnium
878 4991 927 5043 in
960 4988 1016 5042 lt.
1047 5003 1096 5042 c.
1129 5005 1473 5046 consensum.
1500 4990 1632 5046 Tres
1656 4988 1859 5049 tantum
1890 4995 2073 5050 codd..

477 5061 569 5125 30,
602 5061 694 5135 53
709 5071 763 5116 et
788 5062 857 5117 31
883 5076 992 5115 om.
1029 5059 1180 5115 Prid.
1206 5062 1296 5130 31,
1327 5061 1507 5117 45111.
1533 5078 1630 5133 pro
1659 5065 1798 5135 prid.
1832 5065 1902 5121 20
1940 5066 2078 5122 Data

472 5146 578 5288 pre.
601 5130 1058 5288 .0ttt..R0mte,
1091 5203 1124 5259 8
1165 5204 1416 5260 Const.—
1431 5214 1498 5273 et,
1521 5213 1574 5261 et
1595 5204 1665 5262 33
1704 5207 1772 5260 Λ.
1807 5204 1866 5262 V.
1896 5206 2074 5265 Noun.

477 5273 645 5346 codd:
663 5273 900 5346 Lycinio.

556 5346 575 5381 ί
605 5343 665 5399 C.
697 5343 851 5401 deest
880 5349 932 5401 in
974 5344 1155 5403 multis
1184 5347 1342 5404 cedd.
1372 5358 1426 5404 et
1448 5349 1499 5403 in
1531 5347 1664 5405 Cod.
1705 5349 1842 5406 Just.
1887 5352 1959 5406 20
1989 5368 2073 5406 uc.

483 5419 704 5490 coss.‘3_8
732 5419 826 5470 vic.
861 5416 1007 5472 Cass.
1038 5419 1171 5475 Aur.
1199 5419 1368 5490 Lugd.
1402 5418 1556 5474 Cons.

553 5495 582 5521 ιι
605 5486 675 5557 20
700 5490 1060 5547 accusandam,
1084 5493 1176 5544 sed
1207 5486 1348 5546 corr.
1408 5551 1414 5557 ,

555 5565 583 5592 ν
607 5556 752 5630 Sich.
785 5559 900 5630 Cuj.
934 5559 1207 5630 1—Lugd.
1253 5556 1427 5617 teneri.

555 5634 581 5712 ξι
609 5626 953 5712 Ronnxpdd.
983 5626 1228 5704 impeiivit
1249 5643 1337 5690 aut
1357 5635 1591 5706 impetiit.
1616 5634 1762 5693 Sich.
1795 5636 2075 5692 convictum

483 5707 708 5772 potuisse
731 5707 978 5770 excipere.

2181 4573 2282 4629 Go.
2312 4573 2615 4628 conlitetur.
2650 4572 2991 4645 Racconerus
3019 4574 3122 4642 (sic
3157 4573 3284 4639 60.;
3318 4573 3402 4627 Ri.
3441 4574 3783 4645 Iiacconetus)

2179 4645 2393 4716 legebat
2436 4645 2568 4716 inter
2597 4654 2830 4715 exceptas
2869 4643 3042 4698 Cincia
3073 4645 3181 4716 lege
3222 4660 3485 4716 personas.
3511 4643 3782 4702 Caeterum

2178 4713 2398 4787 Marcilii
2429 4713 2587 4787 verba
2615 4716 2683 4787 ab
2711 4713 2928 4783 antiqua
2967 4713 3139 4770 manu
3169 4713 3435 4787 adscripta
3467 4726 3594 4772 sunt
3623 4719 3675 4772 in
3702 4733 3783 4772 nt.

2180 4785 2433 4841 editionis
2453 4785 2574 4855 Cuj.
2607 4785 2684 4849 2',
2716 4801 2818 4853 qua
2845 4797 2984 4842 utor.

2252 4867 2291 4892 ιιι
2324 4862 2420 4910 Aut
2444 4857 2531 4928 hic
2554 4857 2718 4928 scrib.
2747 4855 2862 4911 PP.
2895 4857 3012 4927 prid
3061 4856 3204 4912 Non.
3239 4873 3334 4928 pro
3356 4857 3480 4913 Dat.
3514 4857 3656 4915 Non.
3688 4868 3790 4917 aut.

2182 4928 2234 4999 in
2269 4929 2327 4982 C.
2370 4931 2403 4984 5
2432 4927 2491 4982 C.
2524 4927 2626 4982 Th.
2658 4927 2724 4982 ad
2751 4929 2812 4983 L.
2837 4928 2946 4985 Jul.
2981 4928 3050 4985 de
3077 4929 3142 4984 Vi
3174 4930 3319 4999 publ.
3354 4934 3444 4985 cit.
3478 4930 3599 4986 Dat.
3634 4930 3782 4986 Non.

2183 4997 2305 5055 Vid.
2333 5014 2381 5053 c.
2411 5000 2444 5054 5
2472 4999 2590 5065 cit.,
2625 5008 2738 5054 not.
2765 5017 2813 5053 r.

2255 5079 2281 5106 ιι
2314 5069 2545 5124 [lubrica
2573 5084 2691 5124 exc.
2719 5071 2773 5125 in
2794 5070 2916 5126 cod.
2945 5071 3044 5138 38,
3075 5087 3251 5142 neque
3278 5088 3409 5128 vero
3435 5074 3653 5129 mutatis
3682 5087 3788 5128 nu-

2185 5143 2350 5195 meris
2378 5142 2651 5196 titulorum
2682 5156 2801 5212 sqq.
2830 5142 2931 5208 24,
2961 5144 3032 5198 44
3059 5141 3509 5200 Procuratoribus.
3543 5145 3642 5212 12,
3673 5144 3785 5212 25,

2183 5212 2276 5277 26,
2305 5213 2486 5288 33,30
2511 5227 2621 5288 om.
2650 5211 2915 5288 Creandis.
2939 5211 3075 5288 God.
3097 5215 3234 5270 Just.
3266 5215 3354 5288 (V,
3381 5214 3472 5288 33)
3497 5216 3560 5270 de
3583 5211 3676 5272 tut.
3706 5211 3789 5271 vel

2183 5282 2814 5359 curato-ribuslillustrium
2818 5357 2827 5359 _
2839 5286 2914 5339 vel
2936 5282 3346 5359 florissintarunt
3370 5282 3728 5359 personarum.

2259 5366 2283 5391 υ
2315 5355 2460 5410 Sich.
2494 5354 2611 5424 Cuj.
2643 5357 2667 5409 1
2699 5385 2769 5396 —-
2795 5355 2888 5411 Be.
2922 5354 3186 5412 Constant.

2257 5436 2285 5474 p
2313 5425 2448 5480 Cod.
2479 5424 2616 5480 Just.
2649 5427 2776 5481 add.
2808 5437 2854 5480 et
2882 5425 3204 5482 Constantia.
3238 5428 3296 5484 In
3326 5443 3376 5484 c.
3406 5429 3442 5484 2
3467 5429 3601 5486 Cod.
3633 5427 3780 5486 Just.

2182 5496 2238 5553 Si
2277 5512 2347 5551 ex
2390 5497 2610 5569 plurib,
2633 5504 2752 5569 tutt.
2788 5497 2885 5568 (V,
2913 5495 3013 5569 «10)
3046 5499 3211 5569 petita
3241 5516 3308 5554 ex
3337 5516 3387 5555 c.
3423 5503 3445 5556 1
3482 5500 3542 5556 C.
3577 5500 3680 5556 Th.
3712 5501 3783 5557 de

2184 5569 2426 5640 Denunt.
2442 5569 2469 5640 ί(
2486 5567 2528 5640 ll
2545 5610 2557 5631 .
2578 5566 2651 5640 4)
2676 5566 2837 5639 atque
2861 5566 3215 5625 eode'm'anno
3235 5571 3358 5627 data
3378 5571 3500 5627 add.
3525 5571 3780 5628 Licinius.

2183 5638 2362 5707 Quare
2387 5639 2475 5695 W.
2493 5638 2711 5714 dubitat
2737 5638 2866 5714 quis
2905 5640 3088 5697 Caesar
3115 5643 3493 5714 intelligendus
3518 5644 3619 5711 sit,
3643 5640 3791 5714 Cris-

2185 5726 2346 5781 pusne
2380 5725 2446 5766 an
2480 5710 2848 5767 Constantinus
2861 5713 3012 5786 jun.,
3040 5727 3106 5770 an
3136 5710 3369 5786 denique
3394 5710 3661 5771 Licinius.
3682 5713 3796 5773 Go.
