4082 6178
547 279 644 336 191

544 397 710 452 sulem
754 395 968 469 Africus.
998 393 1168 450 Nemo
1223 394 1454 466 propriis
1499 395 1832 452 ornamentis
1885 411 2004 452 esse
2035 396 2142 464 pri-
2169 401 2222 459 Α

543 489 747 546 vandas
773 489 1040 544 existimet
1066 488 1328 556 civitates,
1363 487 1440 544 fas
1462 489 1506 544 si
1528 489 1745 559 quidem
1787 503 1892 545 non
1920 499 2022 557 est,
2050 505 2140 548 ac-

543 590 758 650 ceptum
789 595 818 634 a
867 580 1137 636 veteribus
1180 580 1347 637 decus
1379 581 1602 651 perdere
1631 583 1928 649 civitatem,
1974 585 2141 642 veluti

546 671 612 726 ad
643 672 789 727 urbis
816 671 1040 728 alterius
1058 674 1252 729 moenia
1283 673 1733 729 transferendum.
1756 674 1875 730 Dat.
1907 675 1994 731 lV.
2012 693 2134 732 non.

551 765 680 836 febr.
702 763 1016 822 Mediolano.
1038 765 1158 820 Acc.
1185 765 1317 821 Vlll.
1336 764 1423 820 Id.
1439 765 1555 822 Jul.
1575 765 1907 824 Constantino
1927 768 1988 823 Α.
2014 768 2135 826 etC.

545 858 691 918 Cass.
717 859 927 935 °(520).

1081 1015 1147 1054 DE
1169 1013 1566 1056 DECURIONIBUS.

618 1135 756 1210 Imp.
772 1135 1134 1192 Constantinus
1148 1136 1210 1190 Α.
1226 1137 1292 1191 ad
1309 1135 1568 1191 Edictum.
1589 1135 1752 1192 Filios
1764 1135 2138 1204 decurionum,

546 1229 635 1300 qui
679 1229 866 1285 decem
899 1239 948 1284 et
997 1238 1120 1285 octo
1169 1243 1430 1284 annorum
1467 1238 1624 1284 aetate
1668 1238 2002 1299 vegetamur,
2046 1243 2144 1299 per

549 1321 879 1392 provinciam
901 1319 1277 1391 Carthaginem
1313 1320 1622 1376 muneribus
1649 1321 1830 1377 civicis
1868 1322 2142 1392 aggregari

547 1414 911 1486 prmcipimus.
941 1413 1125 1484 Neque
1151 1412 1341 1468 enimb
1387 1413 1738 1483 Operiendum
1782 1423 1888 1481 est,
1938 1424 1996 1468 ut
2037 1414 2144 1470 sol-

546 1515 741 1560 vantur
759 1503 982 1570 familia,
1006 1516 1059 1561 et
1080 1506 1248 1562 sacris
1274 1507 1674 1577 exiilicenturv,
1698 1522 1820 1562 cum
1846 1507 2145 1562 voluntates

547 1610 756 1669 patrum
787 1598 1137 1669 pracjudicare
1184 1615 1289 1654 non
1338 1598 1564 1656 debeant
1606 1599 1922 1654 utilitatibus
1961 1601 2146 1654 civita-

548 1701 675 1747 tum.
710 1691 832 1748 PP.
867 1692 968 1748 X.d
999 1693 1124 1748 Kal.
1147 1691 1304 1749 Mart.
1337 1691 1669 1749 Constantino
1697 1693 1760 1748 Α.
1798 1693 1883 1749 Vl.
1914 1703 1960 1748 ct
1987 1693 2148 1749 Cons-

548 1786 746 1840 tantioe
776 1785 833 1840 C.
865 1785 1012 1843 Cass.
1037 1787 1213 1859 (520).

1037 1941 1102 1981 οε
1133 1940 1355 1982 ΡΑιιοδιε
1383 1941 1642 1982 LIBELLIS.

622 2059 760 2134 Imp.
790 2059 1172 2116 Constantinus.
1205 2061 1270 2118 Α.
1303 2065 1374 2116 ad
1405 2061 1682 2118 xElianum
1708 2061 1728 2100 τ
1769 2062 2144 2119 Proconsulem

549 2153 760 2226 Africae.
790 2152 1304 2210 Licctserventurin
1331 2154 1508 2211 officio
1533 2164 1622 2210 tuo
1643 2165 1697 2211 et
1719 2157 1936 2211 vicarii8
1965 2173 2147 2213 exeru-

551 2245 716 2316 plaria
746 2245 1069 2313 libellorum,
1092 2247 1180 2317 qui
1199 2250 1251 2302 in
1265 2245 1440 2304 Africa
1454 2249 1619 2306 oblati
1643 2258 1788 2315 sunt,
1816 2259 1996 2305 tamen
2025 2265 2142 2317 eos,

550 2354 775 2410 quorum
796 2341 1012 2394 nomina
1035 2340 1316 2396 continent
1338 2382 1354 2409 ,
1387 2350 1534 2396 metu
1555 2341 1832 2398 absolutos
1857 2341 2146 2398 securitate

553 2431 759 2504 perfrui
788 2433 956 2498 siuas,
981 2433 1263 2504 solumque
1279 2448 1523 2499 moneas,
1544 2434 1680 2489 utab
1692 2437 1834 2490 omni
1853 2451 1956 2491 non
1969 2436 2144 2491 solum

549 2526 793 2593 crimine,
811 2525 906 2582 sed
921 2527 1078 2581 etiam
1102 2527 1409 2598 suspicione
1429 2527 1705 2582 verisimili
1721 2528 1882 2582 alieni
1897 2543 2019 2583 esse
2042 2528 2147 2584 fes-

552 2619 747 2674 tinent.
799 2619 932 2673 Nam
963 2621 1053 2690 qui
1077 2617 1105 2656 h
1137 2619 1424 2676 accusandi
1454 2619 1704 2676 fiduciam
1734 2621 1903 2692 gerit,
1935 2631 2149 2691 oportet

553 2713 943 2783 comprobare,
993 2729 1094 2770 nec
1129 2716 1436 2781 occultare,
1487 2732 1606 2786 quae
1645 2716 1862 2782 scierit,
1893 2717 2146 2787 quoniam

559 2807 926 2879 praedicabilis
965 2809 1069 2864 erit
1107 2808 1174 2863 ad
1220 2808 1544 2865 dicationem
1585 2808 1847 2878 publicam
1897 2807 1910 2846 ί
1957 2811 2149 2865 merito

551 2913 944 2973 perventurus.
979 2901 1098 2958 PP.
1131 2901 1194 2956 V.
1227 2902 1353 2956 Kal.
1407 2903 1588 2963 Mart..
1635 2901 1981 2972 Carthagine,
2016 2902 2150 2958 Con-

553 2996 780 3049 stantino
806 2995 868 3049 Α.
905 2994 992 3052 γι.
1035 3005 1080 3050 et
1109 2995 1409 3050 Constantio
1435 2996 1448 3046 i
1487 2995 1546 3050 C.
1578 2995 1726 3051 Coss.
1753 2995 1929 3066 (320).

625 3186 650 3214 ο
676 3177 777 3248 Go.
799 3177 970 3233 -—Be.
997 3191 1109 3233 om.
1129 3191 1362 3248 annum.
1388 3173 1656 3248 Go._cnim
1693 3173 1922 3248 li.‘c._ad
1944 3189 2144 3229 annum
2173 3185 2218 3248 ο

553 3249 656 3303 557
677 3247 976 3305 Constantio
997 3249 1061 3302 Α.
1082 3246 1165 3301 IX
1193 3247 1257 3318 [et
1279 3245 1518 3318 Iuliano]
1540 3244 1671 3300 Cres.
1695 3243 1778 3298 II.
1805 3245 1949 3301 Cass.
1969 3255 2144 3301 trans-

553 3320 698 3393 fert,
741 3322 864 3393 quia
921 3319 1206 3374 Flavianus
1259 3318 1502 3393 confore
1553 3327 1798 3393 tempore
1855 3318 2144 3393 proconsul

551 3387 892 3447 Africze‘fuit
927 3392 1056 3461 (vid.
1091 3405 1138 3444 c.
1185 3393 1216 3444 λι
1247 3389 1307 3444 C.
1339 3389 1438 3461 fl'h.
1473 3390 1542 3442 de
1570 3387 1672 3461 Oli”.
1701 3403 1951 3461 procons.
1978 3405 2020 3454 ι,
2054 3389 2143 3455 12,

553 3475 666 3518 not.
699 3474 716 3517 t
745 3474 870 3520 etc.
915 3458 982 3518 i0
1026 3461 1087 3518 C.
1110 3461 1209 3516 Th.
1237 3463 1304 3516 de
1329 3459 1500 3514 Cursu
1535 3459 1680 3528 publ.
1712 3474 1823 3521 vut,
1859 3458 1940 3526 5),
1970 3474 2146 3529 neque

552 3550 682 3591 vero
720 3545 846 3590 ante
873 3550 1070 3589 amunn
1119 3532 1246 3596 521,
1271 3531 1424 3600 cujus
1460 3531 1585 3585 anui
1614 3545 1845 3600 sequens
1894 3529 1950 3583 li.
1980 3531 2060 3584 tit.
2091 3546 2142 3585 c.

555 3617 658 3662 est.
690 3606 770 3661 ϐο
823 3606 1101 3662 sententia:
1131 3605 1452 3658 adversatur
1483 3601 1653 3656 series
1696 3601 2146 3656 constitutionum

553 3678 752 3748 quippe
779 3693 897 3747 qua:
940 3677 1276 3748 pervertitur
1297 3683 1352 3748 et
1380 3673 1754 3748 conturbatur.
1792 3671 1954 3748 Esset
2003 3673 2148 3727 enim

557 3743 611 3803 li.
640 3743 700 3801 c.
734 3743 978 3813 ponenda
1009 3757 1128 3814 post
1166 3763 1213 3800 c.
1251 3746 1283 3801 6
1327 3745 1381 3798 h.
1410 3755 1448 3798 t.
1501 3744 1592 3798 lie.
1627 3757 1746 3799 eam
1795 3743 1980 3814 tribuit
2009 3759 2150 3798 anno

553 3818 660 3875 520
713 3811 1172 3889 (Constantino_A_.
1215 3832 1268 3889 vi
1306 3827 1354 3870 et
1400 3814 1734 3889 Constantino
1783 3811 1914 3868 διεδ.
1954 3813 2148 3884 Coss.).

553 3884 732 3956 recte,
756 3889 915 3944 modo
963 3887 1106 3958 quod
1143 3887 1300 3942 Rein.
1334 3903 1464 3953 em.,
1489 3887 1556 3938 ad
1583 3884 1878 3951 zElianum,
1909 3896 2062 3958 recte
2091 3902 2152 3941 sc

555 3961 770 4027 habeat,
799 3960 940 4032 quod
971 3956 1099 4032 quin
1129 3961 1201 4012 ita
1237 3959 1326 4023 sit,
1359 3958 1704 4032 nou_dubito,
1735 3972 1854 4032 cum
1908 3956 2152 4032 Flaviani

554 4047 620 4088 eo
653 4027 914 4099 tempore,
943 4027 1051 4102 quo
1079 4031 1193 4102 haec
1218 4043 1289 4102 rc.
1317 4039 1376 4082 ut
1405 4027 1690 4102 referatur,
1729 4027 1865 4102 ordo
1890 4028 2154 4082 constitu-

556 4096 1000 4166 tionum'suadei,
1030 4101 1172 4156 nulla
1209 4101 1300 4153 liat
1351 4098 1574 4160 mentio,
1609 4097 1674 4152 ad
1726 4096 1998 4152 [Elianqu
2025 4115 2154 4153 vero

554 4175 828 4230 nonnulla:
857 4175 1001 4243 leges
1034 4187 1173 4226 anno
1203 4172 1310 4226 520
1345 4170 1483 4243 data:
1505 4170 1638 4243 sint.
1659 4168 1787 4243 AVid.‘
1808 4167 1923 4243 _Go.
1953 4170 2003 4222 iu
2029 4185 2154 4239 pro-

553 4262 773 4372 soppg.
807 4263 856 4300 v.
892 4238 1140 4300 fElianus
1165 4252 1220 4297 et
1249 4258 1299 4298 c.
1346 4244 1380 4299 5
1409 4241 1473 4297 C.
1504 4239 1607 4294 Th.
1641 4239 1708 4295 de
1752 4238 1854 4295 Oli.
1891 4238 2148 4310 procans.

581 4333 615 4372 l.
751 4357 765 4372 .

581 4333 615 4382 l,
656 4319 765 4382 12).

557 4317 781 4444 “hia;
809 4387 862 4442 in
891 4388 1068 4444 notis:
1099 4387 1212 4442 sive
1235 4385 1429 4448 etiam;
1455 4385 1507 4439 in
1537 4397 1736 4439 comm.
1778 4381 1834 4436 li.
1878 4396 1928 4437 c.
1971 4396 2097 4436 ann.
2138 4402 2150 4436 :

561 4479 579 4512 ι
618 4477 780 4530 neque
802 4459 904 4514 EN
913 4458 939 4512 I
949 4459 1002 4512 Μ
1030 4457 1393 4530 opperiendum
1422 4467 1517 4530 est,
1543 4463 1649 4510 etc.
1681 4454 1779 4530 ubi
1801 4453 1848 4530 si
1876 4469 1979 4508 vox
1998 4455 2153 4530 enim

555 4525 703 4586 recte
724 4531 906 4596 habet,
931 4543 1042 4585 tum
1065 4525 1244 4598 colligi
1269 4542 1335 4582 ex
1365 4527 1461 4579 hac
1487 4528 1523 4580 t.
1551 4541 1707 4598 posse
1735 4525 2151 4598 videaturlilios-

1827 276 2282 335 CONSTANTINI
2321 278 2533 335 MAGNI

2178 1799 2225 1858 B

2834 412 2900 452 DE
2940 409 3254 452 VETERANIS.

2317 528 2455 602 Imp.
2485 527 2845 584 Constantinus
2874 528 3021 583 Α...ιὶ
3049 526 3181 583 Cum
3211 525 3532 584 introissetb
3555 529 3847 601 principia,

2243 631 2297 676 et
2318 622 2576 676 salutatus
2593 631 2756 686 esset,
2785 635 2813 674 a
2845 620 3179 691 praefectiset
3205 620 3432 675 tribunis
3463 629 3517 675 et
3545 621 3676 675 viris
3705 621 3850 676 emi-

2243 715 2572 770 nentissimis
2622 714 2974 768 acclamatum
3017 721 3099 769 est
3139 722 3186 777 ο,
3222 712 3449 783 Auguste
3493 710 3848 779 Constantine,

2244 806 2332 860 Dii
2376 817 2422 860 te
2463 807 2608 860 nobis
2636 816 2828 860 seruent
2857 803 2907 872 ἀ,
2954 815 3117 859 uestra
3153 805 3295 860 salus
3331 815 3503 860 nostra
3532 806 3707 872 salus;
3737 821 3853 863 vere

2244 902 2481 966 dicimus,
2505 903 2674 974 jurati
2704 902 2940 956 dicimus.
2974 901 3202 955 Adunati
3237 901 3476 956 veterani
3506 903 3854 959 exclamave-

2244 1003 2368 1050 runt
2399 1014 2410 1048 :
2441 995 2770 1050 Constantine
2790 996 3033 1065 Auguste,
3065 1011 3166 1065 quo
3189 1011 3281 1050 nos
3309 1007 3564 1050 veteranos
3591 1002 3780 1069 factos,
3806 999 3854 1052 si

2245 1087 2441 1141 nullam
2469 1087 2838 1158 indulgentiam
2859 1088 3139 1142 habemus?
3159 1087 3540 1143 Constantinus
3575 1089 3637 1143 Α.
3668 1089 3805 1144 dixit
3832 1106 3850 1144 :

2246 1181 2417 1252 Magis
2459 1183 2718 1252 magisque
2743 1182 3085 1235 conveteranis
3130 1181 3253 1235 meis
3276 1181 3639 1235 beatitudinem
3663 1199 3856 1253 augere

2245 1275 2398 1329 debeo
2423 1291 2577 1345 quam
2606 1276 2846 1329 minuere.
2877 1274 3182 1329 Victorinus
3211 1283 3498 1328 veteranus
3524 1275 3660 1329 dixit
3687 1293 3700 1329 :
3728 1274 3853 1330 Μαι

2247 1368 2451 1421 neribus
2490 1377 2535 1421 et
2577 1368 2812 1421 oneribus
2851 1367 3102 1421 universis
3142 1367 3265 1422 locis
3303 1367 3561 1422 conveniri
3586 1384 3684 1421 non
3711 1369 3859 1422 sinao

2248 1476 2381 1513 mur.
2427 1459 2808 1514 Constantinus
2854 1459 2919 1514 A.
2966 1459 3104 1513 dixit
3155 1475 3168 1513 :
3221 1460 3460 1530 Apertius
3501 1460 3708 1526 indica;
3739 1475 3859 1531 qum

2248 1564 2365 1609 sunt
2391 1555 2610 1608 maxime
2637 1564 2660 1592 ι’
2689 1571 2922 1619 munera,
2953 1569 3069 1624 qua:
3091 1569 3179 1607 vos
3216 1554 3584 1609 contumaciter
3605 1555 3861 1625 gravant?

2253 1645 2497 1701 Uuiversi
2543 1647 2779 1700 veterani
2821 1645 3073 1710 dixerunt
3102 1663 3116 1698 :
3151 1643 3273 1714 Ipse
3303 1647 3548 1715 perspicis
3577 1646 3772 1700 scilicet
3807 1643 3855 1702 τ.

2250 1735 2636 1792 Constantinus
2665 1739 2727 1792 A.
2757 1737 2890 1792 dixit
2931 1753 2945 1792 :
2975 1737 3093 1792 Jam
3127 1752 3267 1791 nunc
3298 1738 3663 1792 munificentia
3689 1748 3713 1784 ε
3735 1752 3860 1794 mea

2253 1831 2504 1886 omnibus
2532 1831 2803 1886 veteranis
2831 1829 2883 1885 id
2914 1845 3037 1885 esse
3067 1844 3386 1885 concessum
3417 1831 3762 1900 perspicuum
3786 1829 3863 1886 sit

2250 1940 2317 1980 ne
2344 1925 2460 1994 quis
2481 1939 2666 1979 eorum
2691 1924 2801 1978 ullo
2826 1919 2854 1958 ιι
2881 1937 3106 1978 munere
3125 1922 3290 1988 civili,
3319 1937 3493 1993 neque
3519 1923 3571 1976 in
3597 1921 3858 1992 operibus

2249 2019 2475 2090 publicis
2522 2017 2896 2081 conveniatur,
2941 2032 3115 2087 neque
3143 2017 3330 2072 inulla
3362 2016 3378 2054 ί
3408 2017 3718 2084 collatione,
3752 2031 3851 2072 nev

2247 2131 2350 2186 que
2381 2130 2411 2169 a
2442 2114 2865 2184 magistratibus,
2892 2128 3068 2183 neque
3094 2113 3446 2183 vectigalibus
3475 2112 3518 2165 i.
3551 2112 3607 2168 In
3633 2113 3865 2183 quibus-

2247 2223 2476 2280 cumque
2530 2207 2782 2263 nundinis
2831 2207 3190 2271 iutcrl‘ueriut,
3246 2207 3389 2262 nulla
3439 2205 3786 2276 proponenda
3817 2204 3849 2245 κ

2247 2302 2376 2358 dare
2404 2301 2692 2356 debebunt.
2722 2300 2996 2356 Publicani
3025 2300 3042 2338 ι
3069 2315 3303 2372 quoque,
3333 2309 3390 2354 ut
3418 2301 3593 2355 solent
3620 2309 3660 2338 ιιι
3687 2315 3858 2370 agen-

2248 2395 2388 2449 tibus
2414 2394 2903 2464 supercompellere
2931 2403 2976 2460 ιι,
3007 2394 3074 2447 ab
3103 2393 3184 2448 his
3206 2401 3230 2428 ο
3259 2392 3528 2448 veteranis
3560 2407 3857 2448 amovean-

2250 2497 2364 2555 tur;
2392 2489 2572 2559 quiete
2597 2497 2719 2559 post
2749 2488 2964 2545 labores
2990 2502 3117 2544 suos
3144 2487 3455 2560 perenniter
3479 2486 3856 2559 perfruantur.

2249 2689 2422 2744 tiones
2451 2689 2543 2742 cit.
2583 2685 2698 2741 PP.
2734 2687 2822 2743 Vl.
2856 2685 2978 2741 Kal.
3021 2686 3152 2741 Maii
3198 2685 3378 2742 Carth.
3408 2683 3742 2741 Constantino
3789 2685 3863 2741 Α.

2249 2759 2362 2816 Vll.
2396 2771 2441 2814 et
2469 2759 2767 2814 Constantio
2789 2758 2870 2829 _C.
2899 2758 3042 2814 Coss.
3077 2757 3263 2830 (326.)
3290 2757 3472 2830 Neque
3486 2771 3627 2830 vero
3649 2756 3770 2830 et?
3799 2758 3863 2830 h.

2251 2841 2290 2886 ι.
2322 2841 2542 2901 propter
2571 2829 2765 2886 seriem
2790 2828 2991 2900 legum
3039 2828 3394 2901 putestgtrahi
3433 2828 3498 2882 ad
3545 2843 3671 2883 ann.
3706 2829 3818 2883 526
3841 2871 3860 2895 ,

2251 2899 2351 2957 nisi
2377 2899 2492 2973 quis
2517 2918 2638 2956 cum
2667 2901 2766 2957 Go.
2801 2903 2851 2955 in
2876 2899 3083 2956 Chron.
3109 2918 3158 2954 a.
3183 2899 3288 2957 526
3309 2916 3358 2955 c.
3388 2903 3423 2957 3
3453 2901 3545 2956 cit.
3595 2915 3866 2956 revocare

2251 2977 2401 3029 malit
2427 2974 2492 3027 ad
2521 2989 2646 3028 anu.
2679 2973 2805 3036 5&0,
2833 2984 2965 3026 mut.
3001 2987 3186 3027 mense
3215 2983 3269 3027 et
3299 2987 3444 3028 coss.

2326 3076 2350 3103 οι
2383 3066 2611 3121 Lacunm
2639 3064 3004 3136 signiticamlm
3045 3079 3233 3119 caussa
3287 3064 3465 3119 addidi
3505 3073 3812 3135 punctaque
3843 3107 3862 3130 ,

2253 3147 2450 3206 prteter
2471 3136 2573 3192 Go.
2599 3135 2739 3190 nulla
2767 3137 2934 3191 editio
2956 3135 3135 3206 habet,
3164 3137 3498 3205 Magistratus
3521 3137 3671 3192 deest
3696 3137 3865 3192 etiam

2251 3205 2304 3264 in
2333 3209 2466 3262 Cod.
2499 3208 2660 3274 Just.,
2689 3209 2778 3277 qui
2808 3209 2969 3263 habet
2997 3205 3138 3277 Imp.
3171 3206 3530 3262 Constantinus
3558 3207 3624 3263 Α.
3660 3207 3771 3263 Nec
3806 3209 3864 3263 in

2251 3280 2438 3337 codice
2465 3282 2628 3333 ullum
2660 3288 2743 3333 est
2770 3279 2973 3333 lacuna:
3003 3280 3279 3334 iudicium.

2321 3350 2348 3389 1³
2379 3349 2512 3406 Cod.
2557 3350 2695 3406 Just.
2744 3351 3050 3414 introissent,
3081 3350 3175 3407 sed
3208 3350 3326 3420 Cuj.
3373 3351 3648 3404 introisset.

2327 3457 2349 3482 ο
2387 3445 2505 3500 Vid.
2539 3445 2700 3501 Gesta
2746 3443 2814 3497 de
2844 3443 2972 3498 Rec.
3012 3441 3074 3497 C.
3105 3443 3207 3499 Th.
3253 3459 3306 3512 p.
3353 3442 3444 3506 85,
3491 3454 3602 3498 not.
3635 3462 3690 3515 y,
3740 3445 3868 3500 Rob

2252 3515 2647 3573 Schneiderum
2695 3516 2745 3569 in
2781 3515 2959 3570 Iudice
2987 3517 3226 3568 omnium
3260 3531 3437 3568 rerum
3468 3524 3522 3568 et
3565 3519 3868 3572 sententia-

2255 3605 2394 3654 rum,
2427 3604 2547 3657 quze
2579 3589 2628 3641 in
2670 3601 2899 3653 corpore
2937 3587 3074 3654 juris
3121 3585 3439 3640 Justiuianei
3487 3587 3863 3643 ccutiucutur.

2256 3659 2374 3712 Vol.
2411 3660 2459 3712 1.
2492 3657 2620 3712 fasc.
2659 3659 2708 3711 1.
2742 3657 2887 3727 Lips.
2920 3659 3080 3722 1857,
3109 3659 3162 3710 4.
3195 3673 3248 3726 p.
3282 3657 3352 3711 40
3384 3673 3434 3710 v.
3460 3657 3778 3712 Acclamatio
3807 3669 3870 3714 et

2254 3730 2488 3785 lndicem
2544 3729 2846 3784 Latinitatis
2869 3769 2885 3793 ,
2918 3729 3089 3784 codici
3120 3727 3500 3782 Theodosiano
3529 3729 3865 3798 subjectum.

2255 3801 2521 3856 Praeterea
2538 3801 2955 3856 acclamationes
2976 3810 3470 3855 commemorantur
3490 3814 3672 3869 supra.
3694 3801 3736 3865 l,
3765 3802 3862 3868 10,

2265 3873 2324 3936 6;
2347 3872 2433 3940 Vl,
2467 3874 2522 3935 9,
2555 3872 2609 3926 2.

2327 3942 2354 3980 ά
2394 3944 2527 3999 Cod.
2589 3943 2724 3999 Just.
2769 3942 2906 3996 Deus
2952 3951 2998 3996 te
3039 3942 3181 3998 nobis
3227 3951 3406 3998 seruet.
3449 3939 3631 3996 Codex
3684 3958 3866 3999 servon

2256 4027 2420 4070 vestra
2448 4027 2501 4070 et
2527 4016 2664 4070 infra
2716 4013 3032 4068 Victurinus.

2331 4097 2353 4124 ε’
2395 4087 2528 4141 Cod.
2591 4087 2726 4141 Just.
2785 4087 3045 4153 maxima,
3111 4083 3208 4141 sed
3252 4082 3372 4154 Cuj.
3436 4085 3862 4158 magniﬁcentia,

2259 4159 2416 4226 impr.
2443 4159 2543 4211 Gn.

2336 4229 2353 4267 ί
2395 4229 2528 4284 Cod.
2555 4229 2691 4284 Just.
2734 4244 2840 4283 om.
2879 4229 3090 4282 scilicet.

2332 4311 2356 4348 Β
2399 4301 2474 4355 Ita
2498 4302 2581 4356 ed.
2610 4302 2702 4356 Bc.
2728 4309 2871 4354 auct.
2913 4299 3016 4354 Co.
3043 4307 3101 4354 ut
3127 4313 3246 4354 nos.

2330 4369 2358 4408 ¹ι
2395 4373 2527 4427 Cod.
2573 4373 2710 4428 Just.
2755 4387 2820 4426 ex
2857 4370 2989 4425 Cod.
3016 4371 3183 4436 Just.,
3223 4370 3313 4439 qui
3360 4379 3539 4426 tamen
3587 4387 3766 4427 eorum
3806 4375 3869 4430 in

2259 4442 2382 4499 ullo.
2430 4443 2631 4504 Codex,
2673 4443 2794 4512 Cuj.
2829 4444 2855 4497 1
2894 4472 2967 4483 ——-
3004 4442 3124 4498 Ri'.
3167 4443 3330 4497 nullo.
3368 4443 3639 4512 Duplicem
3678 4455 3866 4503 tamen

2261 4517 2600 4585 negationem
2633 4515 2882 4584 exemplo
2915 4530 3020 4568 non
3052 4529 3266 4577 carere,
3299 4513 3408 4582 jam
3447 4513 3546 4567 Go.
3585 4517 3863 4572 concedit.

2181 4576 2234 4636 D
2264 4576 2450 4673 ΥῙίῙχῧς
2479 4586 2625 4673 4511..
2656 4601 2706 4673 lC;
2736 4576 3197 4673 intendifhuushut
3228 4576 3426 4673 nullum
3453 4601 3515 4639 ex
3537 4586 3617 4640 liis
3646 4589 3867 4642 omnino

556 4674 761 4730 solutos
791 4686 845 4730 et
874 4666 1044 4746 patria
1076 4681 1338 4742 potestate
1370 4666 1648 4736 liberatos,
1678 4668 1767 4723 ubi
1795 4666 1863 4722 ad
1894 4667 2155 4738 majorem

559 4755 770 4799 aetatem
805 4746 1192 4815 pervenissent.
1232 4762 1252 4796 ι

560 4886 579 4940 ι
620 4828 661 4940 If
695 4809 848 4873 Rein.
877 4833 986 4873 em.
1017 4816 1357 4888 applicentur.
1395 4810 1519 4868 Vat.
1554 4809 1622 4867 fr.
1655 4810 1706 4884 §.
1731 4810 1839 4866 248
1866 4809 2026 4865 sacris
2044 4826 2161 4866 evo-

583 4905 612 4940 11
640 4905 675 4940 I.

583 4898 675 4943 illi.

630 4956 656 4995 ι¹
690 4959 773 5015 Ri.
803 4990 877 5001 —
901 4961 993 5016 Be.
1021 4975 1133 5015 om.
1161 4956 1259 5023 X.,
1293 4971 1405 5012 err.

634 5040 657 5066 ε’
688 5033 778 5086 lie.
816 5033 865 5087 in
901 5043 1010 5087 not.
1047 5030 1412 5092 Constantino,
1468 5033 1636 5088 recte.
1669 5024 1792 5082 Vid.
1851 5026 1968 5084 Rel.
2018 5025 2056 5081 l.
2105 5043 2157 5084 c.

557 5115 612 5172 p.
641 5103 763 5158 506.
799 5108 927 5158 Aur.
962 5103 1128 5172 Lugd.
1158 5098 1310 5172 Cons.

635 5173 653 5211 ί
687 5175 721 5228 4
749 5174 852 5230 Ttl.
875 5203 946 5216 —-
965 5175 1027 5229 Ri
1050 5171 1086 5228 ⁵.
1120 5171 1412 5226 Ηειὶαηωη.

633 5256 659 5294 8
689 5247 743 5305 4.
784 5246 886 5301 Til.
908 5275 979 5286 -—
999 5245 1189 5314 Cuj.”
1209 5249 1223 5266 ‘
1255 5243 1480 5297 vicariis.

629 5315 657 5354 ³³
691 5317 808 5372 Fol.
839 5317 910 5373 45
933 5326 959 5354 α
986 5319 1108 5372 cod.
1138 5314 1193 5368 4.

557 5399 564 5412 '
637 5387 651 5426 ί
691 5390 813 5445 Sec.
845 5389 946 5444 ϐο.
973 5389 1023 5443 in
1053 5402 1250 5443 comm.
1295 5396 1420 5440 sunt
1446 5386 1536 5456 qui
1575 5384 1862 5441 restituant
1903 5386 2147 5456 quoniam

561 5461 906 5530 praedicabilis
931 5462 1026 5515 erit
1046 5459 1114 5512 ad
1137 5458 1526 5530 vindicationem
1554 5456 1832 5530 publicam.
1874 5457 2018 5530 Inter
2055 5471 2151 5512 eos

561 5528 646 5586 est
693 5531 997 5588 Reinesius.
1043 5529 1148 5585 Sed
1197 5538 1372 5583 tamen
1398 5528 1498 5583 Co.
1531 5531 1674 5599 vulg.
1709 5528 1949 5583 defendit
1973 5529 2150 5598 scrip-

567 5609 762 5655 turam.
796 5602 916 5659 Vid.
951 5617 1002 5658 c.
1030 5603 1061 5656 7
1087 5602 1142 5656 li.
1175 5609 1213 5655 t.
1249 5599 1452 5654 laudem
1498 5602 1772 5655 maximam
1799 5616 1862 5653 ac
1885 5601 2155 5670 prannium

657 5684 1006 5742 consequetur.

563 5743 654 5812 ιλτί
700 5740 894 5799 ΒοᾹοι
949 5744 1035 5798 hic
1078 5752 1132 5798 et
1177 5742 1230 5798 in
1278 5758 1361 5812 sq.
1408 5757 1460 5798 c.
1505 5756 1612 5797 cm.
1640 5740 1994 5797 Constantino.
2019 5741 2153 5797 Aur.

568 5807 737 5882 Lugd.
771 5812 922 5867 Cons.
977 5815 1176 5868 Subscr
1237 5829 1286 5868 ο.
1321 5807 1354 5868 3
1381 5815 1439 5868 C.
1469 5812 1571 5867 Th.
1621 5813 1858 5876 Quorum
1909 5815 2150 5883 appellao

2259 4654 2557 4727 inquietaret
2579 4667 2632 4713 et
2654 4654 2715 4711 C.
2736 4657 2838 4711 Th.
2865 4656 2977 4720 Vll,
3003 4658 3056 4724 8,
3087 4657 3174 4722 l0,
3199 4665 3310 4710 not.
3337 4673 3386 4710 o.

2341 4750 2357 4787 ί
2402 4751 2476 4806 lta
2503 4752 2594 4807 Be.
2634 4768 2700 4807 ex
2723 4751 2858 4806 Cod.
2882 4749 3020 4805 Just.
3057 4760 3198 4805 auct.
3225 4749 3324 4805 ϐο.
3351 4749 3561 4814 Codex,
3586 4750 3706 4819 Cuj.
3738 4752 3762 4806 1
3792 4783 3864 4792 -

2266 4822 2385 4877 Ri‘.
2436 4824 2598 4876 nulla.
2649 4823 2766 4877 Vid.
2805 4833 2916 4876 not.
2942 4829 3118 4877 autec.
3148 4822 3202 4876 lu
3230 4836 3325 4876 vv.
3352 4838 3382 4874 a
3411 4823 3750 4893 magistratib.
3780 4825 3864 4880 iu-

2265 4894 2397 4964 cipit
2423 4895 2607 4964 folium
2635 4893 2844 4949 LXXIV
2871 4893 3090 4949 codicis.

2346 4965 2359 5015 i
2409 4963 2542 5021 Cod.
2569 4965 2705 5020 Just.
2731 4983 2822 5020 nec
2849 4966 2972 5020 in...
3005 4965 3334 5018 conveniatur
3364 4981 3453 5018 nec
3482 4965 3591 5018 ulla
3612 4965 3731 5018 coll.
3768 4983 3864 5019 nec

2267 5053 2300 5090 a
2320 5053 2455 5108 mag.
2489 5054 2579 5091 nec
2604 5037 2947 5108 uectigalibus.
2975 5035 3240 5090 Caeterum
3275 5037 3326 5090 in
3359 5036 3479 5108 Cuj.
3511 5037 3534 5090 l
3560 5065 3632 5076 ——
3654 5035 3775 5106 Cuj.
3802 5042 3859 5091 2‘

2266 5107 2413 5163 nulla
2434 5118 2516 5164 est
2539 5107 2900 5179 interpunctin
2943 5108 3083 5162 inter
3108 5123 3158 5162 ν.
3206 5107 3531 5178 vectigalibus
3572 5116 3626 5162 et
3670 5124 3720 5160 v.
3771 5109 3850 5174 in,

2262 5179 2358 5235 sed
2381 5181 2553 5236 oratio
2575 5182 2643 5235 ita
2673 5180 2911 5251 procedit
2934 5195 3091 5250 neque
3112 5179 3438 5250 vectigalibus
3477 5179 3862 5249 inquibuscum-

2291 5267 2371 5307 ue.
2400 5263 2503 5307 ctc.

2555 5323 2694 5379 Just.
2737 5323 3082 5397 interfuerint,
3118 5321 3279 5376 ullam
3303 5321 3442 5397 (Cuj.
3471 5321 3602 5394 ulla)
3643 5322 3705 5377 ob
3736 5339 3861 5378 ven-

2255 5394 2496 5449 ditionem
2536 5395 2920 5463 praponendam
2948 5395 3089 5447 dare.

2333 5464 2349 5502 ι
2397 5467 2467 5520 lta
2498 5467 2590 5520 Bc.
2617 5475 2758 5520 auct.
2784 5465 2882 5520 ϐο.
2929 5481 2994 5521 ex
3026 5463 3158 5521 Cod.
3183 5464 3321 5522 Just.
3347 5463 3550 5522 Codex.
3577 5463 3698 5537 Cuj.
3727 5467 3752 5522 1
3783 5496 3858 5508 —

2257 5535 2320 5591 Ri
2336 5538 2388 5594 ⁸.
2419 5539 2556 5607 male
2581 5537 2883 5607 publicanis.

2329 5618 2370 5646 ιιι
2405 5606 2538 5664 Cod.
2566 5606 2703 5664 Just.
2744 5608 2972 5663 adso.eat

2333 5688 2362 5717 ιι
2399 5679 2531 5754 Cod.
2558 5681 2695 5754 J_ust.
2721 5681 2977 5749 supplere,
3001 5681 3094 5754 scd
3135 5692 3247 5738 not.
3272 5681 3391 5754 Cuj.
3419 5692 3573 5740 vetus
3599 5683 3735 5742 liber
3759 5700 3855 5739 su-

2259 5751 2672 5824 perpellereaGo.
2697 5767 2850 5824 super
2876 5752 3192 5824 compellere.

2333 5821 2359 5854 τί
2393 5823 2522 5877 Cod.
2550 5823 2685 5876 δοες.
2711 5821 2919 5874 (ﬁdenti
