4082 6178
208 233 309 292 197

1275 236 1588 296 DECRETA
1632 234 1720 293 ET
1757 227 2367 296 CONSTITUTIONES.

3408 231 3510 290 198

200 359 405 408 cuntur.
441 348 465 404 1
475 348 560 404 tlte
587 363 725 417 vero,
747 366 862 421 qua:
896 351 1170 423 rapiuntur
1197 353 1388 417 invitae,
1436 370 1549 424 qua:
1575 369 1677 408 non
1705 369 1796 408 vo-
1829 354 1880 414 Α
1905 367 2004 408 nus
2034 351 2255 418 haereat,
2288 351 2660 422 deportatione
2687 350 2950 421 plent-itur
2977 358 3025 415 σι,
3052 356 3211 421 atque
3233 349 3509 405 universa:

197 441 335 494 cibus
382 443 491 498 suis
536 442 600 498 de
638 452 843 511 raptore
890 443 1256 510 etamaveriut,
1302 454 1357 497 ut
1402 445 1687 499 vicinorum
1732 446 1810 500 vel

197 545 466 603 parentum
519 535 704 589 solatio
753 536 953 606 adjutus
996 537 1204 598 liberari
1249 548 1490 609 possent,
1541 549 1807 608 parentum

194 643 413 684 suorum
457 629 532 683 eis
555 630 807 684 successio
847 630 1140 702 denegatur.
1190 630 1409 704 Raptori
1438 632 1668 690 convicto
1711 650 1809 701 ap-

197 720 395 789 pellare
423 729 449 756 λ
479 738 581 776 non
607 722 784 784 liceat,
817 723 906 782 sed
931 724 1103 778 statim
1131 725 1262 778 inter
1289 725 1402 792 ipsa
1424 725 1754 782 discussionis
1780 723 1807 763 δ

197 815 349 874 initia
378 833 410 871 α
426 817 606 888 judice
645 819 912 888 puniatur.
963 819 1116 884 Quod
1160 820 1204 873 si
1235 823 1449 890 fortasse
1476 830 1652 890 raptor
1696 836 1811 874 cum

198 908 497 978 parentibus
523 910 711 976 puella:
735 921 756 948 ο
787 910 1098 979 paciscatur,
1129 921 1174 966 et
1208 921 1388 980 raptus
1427 909 1553 965 ultio
1575 907 1602 946 ιι
1627 926 1811 979 paren-

199 1008 314 1052 tum
339 1000 544 1054 silentio
568 1001 722 1070 fuerit
751 1003 1117 1072 praetermissa,
1147 1003 1191 1056 si
1220 1019 1390 1059 servus
1419 1003 1519 1058 ista
1546 1003 1807 1069 detulerit,

199 1089 418 1145 latinam
465 1093 718 1163 percipiat
757 1093 1070 1159 libertatem,
1132 1094 1177 1148 si
1221 1092 1437 1150 Latinus
1480 1096 1656 1164 fuerit,
1689 1095 1811 1154 civis

200 1182 294 1252 fiat
322 1183 612 1239 Romanus.
660 1183 905 1238 Parentes
930 1201 1069 1251 vero,
1099 1185 1188 1256 qui
1232 1186 1428 1257 raptori
1472 1186 1526 1245 in
1570 1203 1632 1242 ea
1670 1197 1814 1256 parte

198 1276 570 1342 consenserint,
599 1276 751 1330 exitio
775 1275 1099 1346 deputentur.
1133 1276 1232 1343 Qui
1259 1293 1374 1336 vero
1400 1279 1597 1348 raptori
1627 1279 1815 1338 solatia

200 1365 517 1433 praebuerint
541 1374 588 1432 θ,
619 1366 719 1420 sive
746 1366 841 1420 viri
868 1366 972 1421 sive
1005 1368 1206 1438 femina:
1244 1369 1344 1424 sint
1371 1366 1418 1436 ί,
1449 1369 1649 1442 ignibus
1691 1387 1818 1430 con—

199 1468 494 1514 crementur
517 1467 548 1506 .8
558 1499 573 1515 .

288 1585 338 1627 Si
378 1587 498 1635 QUIS
537 1588 647 1628 ΕΔΗ
682 1588 841 1632 CUIUS
879 1591 1056 1632 TUTOB
1093 1592 1289 1633 FUERI'I
1319 1575 1728 1635 hCORRUPERlT.

274 1687 420 1758 Imp.
448 1688 815 1746 Constantinus
842 1691 904 1746 A.
926 1692 995 1747 ad
1016 1692 1256 1749 Bassum.
1287 1693 1304 1733 ί
1343 1693 1599 1751 Vicariunt
1625 1695 1815 1754 Italiae.

201 1780 338 1836 Post
363 1783 471 1836 alia
506 1801 519 1836 :
559 1787 572 1834 i
612 1783 712 1838 Ubi
756 1784 932 1854 puella
979 1786 1045 1840 ad
1086 1802 1256 1842 annos
1288 1787 1486 1844 adulta:
1517 1791 1690 1844 :rtatis
1731 1805 1816 1844 ac—

201 1875 456 1941 cesserit,
496 1873 595 1930 eti
629 1877 905 1946 adspirare
932 1877 997 1931 ad
1029 1880 1243 1950 nuptias
1271 1883 1498 1954 cmperit
1524 1881 1571 1948 ι,
1615 1891 1818 1940 tutores

203 1984 436 2025 necesse
481 1970 712 2026 habeant
749 1972 1103 2041 comprobare
1125 2016 1139 2039 ,
1179 1974 1321 2045 quod
1355 1975 1547 2046 puellm
1573 1975 1644 2031 sit
1679 1977 1798 2030 inte

205 2073 416 2116 morata
453 2064 751 2134 virginitas,
783 2063 937 2133 cujus
966 2066 1277 2135 cunjunctio
1314 2068 1634 2137 postulatur.
1666 2068 1821 2136 Quod

207 2170 278 2208 ne
313 2164 354 2190 ω
382 2155 544 2210 latius
589 2157 930 2228 porrigatur,
979 2157 1064 2212 hic
1117 2159 1267 2214 solus
1319 2159 1481 2215 debet
1536 2170 1765 2217 tutorem
1794 2171 1821 2198 υ

208 2261 387 2300 nexus
434 2245 804 2318 adstringere,
837 2258 896 2303 ut
923 2264 985 2305 se
1013 2258 1038 2284 ο
1065 2232 1241 2320 ipsum
1291 2252 1481 2322 probet
1524 2253 1591 2308 ab
1629 2252 1823 2322 injuria

209 2338 333 2394 L'nsi
364 2338 591 2408 pudoris
619 2340 935 2395 immunem.
969 2341 1124 2408 Quod
1169 2342 1258 2396 ubi
1288 2345 1633 2412 constiterit,
1675 2347 1824 2400 omni

212 2440 367 2486 metu
395 2431 534 2486 liber
555 2441 583 2480 ιι
603 2441 784 2502 optata
812 2433 1193 2503 conjunctione
1219 2434 1321 2489 frui
1347 2435 1583 2498 debebit;
1604 2436 1823 2492 oitlcioq

215 2534 528 2593 servatum,
566 2532 644 2592 ut,
672 2525 717 2585 si
749 2526 958 2583 violatae
983 2536 1004 2564 τ
1029 2527 1294 2584 castitatis
1319 2529 1459 2600 apud
1490 2529 1664 2602 ipsum
1698 2531 1827 2587 laci-

297 2691 323 2754 f‘
349 2681 404 2754 6,
436 2682 490 2754 7,
513 2679 587 2754 ξε)
611 2682 895 2754 Appellari.

295 2752 325 2790 δ
357 2753 414 2817 6,
437 2753 470 2810 Ἰ
500 2752 848 2808 Discursionis
876 2755 1007 2809 Aur.
1031 2754 1201 2824 Lugd.
1236 2756 1559 2810 discution’s.

298 2836 323 2898 ς
356 2825 616 2898 Ροι-ιῐιυμὶ
649 2825 806 2898 codd.
838 2841 956 2898 cum
981 2827 1167 2894 puella:
1191 2830 1503 2898 parentibus.

297 2893 324 2932 ι]
355 2897 444 2951 Ri.
476 2897 613 2970 male
642 2896 841 2950 ultimo.
867 2893 1027 2970 Pejus
1056 2898 1118 2970 Ri
1144 2901 1162 2924 ‘
1185 2893 1312 2952 ultio
1345 2903 1526 2952 ultimo
1563 2916 1676 2970 par.
1707 2899 1827 2956 Mox

227 2982 396 3023 noun.
431 2968 590 3038 codd.
620 2969 962 3038 praztermissa
989 2969 1162 3038 fuerit.

307 3053 330 3075 ε
361 3039 435 3093 20
477 3036 632 3092 Cons.
680 3040 731 3092 in
773 3041 924 3094 exitio
951 3036 1019 3080 4—-
1043 3040 1283 3095 solatium
1324 3043 1628 3111 prwbuerint
1664 3053 1718 3099 et
1756 3045 1827 3100 ita

226 3111 384 3166 mulli
407 3111 571 3166 codd.

658 3183 818 3255 prazb.
857 3186 956 3239 sint
975 3186 1077 3240 sive
1093 3201 1140 3238 v.
1167 3202 1209 3238 s.
1245 3189 1283 3249 Ῑ.
1316 3185 1451 3254 ign.,
1483 3186 1643 3240 male.
1674 3185 1827 3242 Sich.
1862 3154 1907 3218 Ο

225 3255 335 3314 εἱσι
354 3257 434 3310 vir
461 3256 565 3311 sive
588 3257 795 3324 {mnino
815 3257 898 3310 sit.
924 3257 1045 3327 Cuj.
1072 3258 1108 3310 2
1127 3287 1198 3298 -—
1225 3256 1325 3311 ϐο.
1351 3272 1440 3311 om
1474 3259 1584 3310 sint.

304 3338 330 3373 ε
365 3327 626 3383 Similiter
672 3328 971 3382 Suminaria
1017 3331 1077 3383 C.
1121 3329 1223 3382 Th.
1284 3327 1374 3391 1X,
1423 3328 1516 3395 29,
1547 3330 1582 3382 2
1624 3345 1830 3382 concre-

230 3412 397 3452 metur
423 3399 677 3451 incendio.
711 3399 858 3452 Sich.
883 3412 1250 3453 concremetur.
1284 3399 1395 3453 Ri‘.
1413 3416 1830 3454 concremeneur.

309 3470 335 3506 δ
373 3470 521 3526 Sich.
552 3473 797 3540 fueratet
823 3471 872 3523 in
901 3471 1009 3525 ind.
1044 3472 1178 3525 titul.
1208 3474 1454 3539 corrupit.
1474 3473 1546 3526 20
1571 3474 1835 3544 corripue-

236 3544 320 3598 rit.

312 3613 327 3652 ί
371 3612 468 3677 28,
495 3612 588 3676 56.
612 3612 681 3667 it)
705 3610 853 3666 Sich.
875 3613 930 3669 in
952 3629 1026 3668 m.
1056 3611 1371 3670 Calatinum.
1403 3615 1460 3670 In
1483 3630 1646 3670 nonn.
1668 3612 1831 3670 codd.

237 3698 342 3738 om.
375 3684 506 3740 Ital.
539 3693 629 3737 aut
664 3681 774 3736 Vic.
799 3683 924 3740 Ital.

311 3758 324 3806 i
375 3756 530 3828 Post,
553 3755 660 3828 alia
694 3757 907 3828 cimini
934 3755 1114 3812 multis
1155 3756 1340 3825 codd.,
1386 3756 1548 3814 etiam
1576 3755 1612 3811 4
1649 3765 1704 3812 et
1743 3772 1832 3828 ap.

241 3828 387 3886 Sich.
420 3859 490 3868 —
517 3827 686 3896 Lugd.
715 3825 849 3882 Cod.
880 3827 1018 3884 Just.

308 3898 334 3936 ¹ί
376 3901 436 3963 4,
465 3899 566 3954 Til.
599 3914 706 3952 om.
740 3907 806 3951 et.

317 3970 334 4010 ί
379 3971 636 4030 Breviarii
667 3971 751 4024 Al.
776 3969 936 4025 codd.
969 3970 1117 4026 Sich.
1164 3970 1416 4039 puellm...
1465 3971 1834 4027 accesserint...

244 4044 504 4112 cmperint.
537 4043 603 4095 21
638 4043 787 4110 adsp.
836 4059 881 4094 c.
935 4043 1018 4095 ad.
1077 4058 1130 4097 η.
1165 4043 1529 4113 ϐοηιποριθι·
1575 4059 1660 4098 vv.
1701 4044 1841 4098 omni

246 4127 380 4169 metu
405 4116 597 4168 liber...
627 4113 854 4177 debebit,
881 4129 999 4182 qua:
1029 4114 1189 4182 paulo
1221 4112 1355 4168 infra
1388 4112 1652 4185 leguntur,
1692 4115 1763 4183 ej.
1794 4125 1841 4168 et

246 4187 511 4256 adspirare
545 4187 615 4239 ad
655 4186 859 4254 nuptias
885 4185 1090 4256 coeperit
1140 4195 1310 4250 tutor,
1342 4186 1387 4239 is
1426 4203 1626 4241 necesse
1661 4186 1840 4239 habeat

249 4258 610 4326 comprobare,
640 4256 797 4326 impr.
832 4257 914 4310 Ri.
951 4255 1054 4310 Sed
1087 4264 1266 4312 tamen
1299 4273 1407 4311 non
1442 4257 1628 4312 dubito
1657 4258 1840 4312 calcu-

247 4329 356 4382 lum
395 4343 574 4383 meum
604 4327 704 4383 Go.
736 4327 1016 4383 sententia:
1045 4327 1294 4396 adjicere.
1337 4329 1450 4383 Hoc
1488 4329 1629 4383 enim
1665 4330 1843 4398 impe-

251 4407 396 4454 rator
415 4402 514 4454 hac
542 4400 661 4468 lege
685 4401 810 4469 agit,
837 4411 894 4454 ut
919 4415 986 4454 ne
1016 4407 1218 4472 tutores
1248 4401 1840 4472 corrumpantpupillas

251 4485 449 4541 easque
470 4472 866 4542 corrumpendo
889 4469 1210 4542 compellant
1231 4471 1295 4524 ad
1321 4472 1532 4540 nuptias
1557 4469 1695 4526 cum'
1712 4473 1841 4542 ipsis

1913 449 2029 517 ejus
2062 445 2341 501 facultates
2369 447 2478 500 tisci
2513 445 2712 500 viribus
2742 443 2770 484 ι)
2812 443 3148 499 vindicentur
3169 485 3184 511 ,
3217 442 3463 513 quamvis
3488 455 3508 479 "-

1913 552 2030 593 eam
2063 555 2276 610 poenam
2304 539 2546 594 delmerlt
2578 542 2845 593 sustinere
2867 579 2882 603 ,
2905 552 3064 608 quam
3095 535 3295 606 raptori
3315 533 3342 575 ά
3371 537 3518 605 leges

1913 632 2216 700 imponunt.
2261 632 2382 684 Dat.
2432 631 2570 700 prid.
2609 629 2751 684 Non.
2786 629 2955 698 April.
2987 639 3011 666 ε
3045 627 3298 698 Aquileia,
3332 626 3352 666 ί
3383 626 3520 682 Con-

1915 724 2140 776 stantino
2171 723 2232 778 Α.
2268 722 2331 778 γι
2362 732 2405 775 et
2429 721 2761 776 Constantino
2791 719 2850 776 C.
2883 721 3028 776 Cass.
3063 719 3235 791 (520).

1989 816 2436 870 Ιητειιρηιζτλτιο.
2485 814 2586 869 Ubi
2613 816 2837 883 primum
2861 824 2885 860 Β
2917 814 3102 883 puella:
3131 813 3222 867 sub
3247 822 3411 867 tutore
3440 812 3520 866 vi-

1912 919 2080 962 ventes
2100 907 2169 961 ad
2193 925 2354 962 annos
2381 907 2693 976 pervenerint
2719 905 2996 974 nuptiales,
3026 914 3074 960 et
3100 906 3401 974 quicumque
3429 921 3520 974 pe-

1915 1003 2037 1056 titor
2070 1003 2370 1067 accesserit,
2398 1019 2500 1056 non
2541 1001 2684 1071 prius
2721 1000 2892 1070 puella
2915 996 2944 1035 ιι
2969 1001 3225 1070 jungatur
3247 1039 3264 1064 ,
3292 999 3392 1053 nisi
3417 997 3523 1050 vir-

1915 1094 2102 1163 ginitas
2126 1093 2269 1148 illius
2290 1136 2304 1160 ,
2334 1094 2469 1162 quod
2497 1110 2528 1147 a
2558 1102 2723 1146 tutore
2747 1101 2947 1145 servata
2984 1091 3079 1154 sit,
3129 1091 3283 1161 fuerit
3333 1106 3525 1160 appro-

1917 1184 2035 1238 bata
2067 1183 2080 1221 ί
2111 1201 2125 1250 ;
2158 1201 2274 1238 nam
2299 1186 2342 1238 si
2365 1184 2427 1238 ab
2454 1185 2564 1254 ipso
2593 1193 2760 1238 tutore
2786 1183 3104 1238 convincitur
3131 1183 3243 1252 ejus
3273 1181 3288 1232 t
3328 1181 3519 1236 violata

1919 1278 2206 1348 virginitas,
2244 1278 2418 1332 statim
2438 1279 2592 1332 exitio
2621 1279 2888 1349 deputetur
2909 1274 2959 1344 κ,
2990 1286 3037 1331 et
3066 1293 3146 1332 res
3171 1275 3319 1330 illius
3348 1293 3522 1331 omnes

1921 1369 2078 1439 ﬁscus
2099 1380 2330 1441 usurpet.

2524 1524 2592 1564 DE
2621 1523 2751 1564 IURE
2772 1522 2924 1564 FISCI.

2001 1643 2136 1715 Imp.
2161 1643 2524 1698 Constantinus
2547 1644 2610 1698 A.
2636 1645 2705 1696 ad
2728 1643 3015 1698 Dometium
3039 1641 3373 1698 Dracontium
3403 1642 3524 1700 Ma-

1850 1753 1899 1813 Β
1927 1736 2142 1807 gistrum
2171 1737 2386 1807 privatae
2414 1737 2486 1792 rei
2516 1736 2728 1807 Africar.
2759 1734 2892 1790 Cum
2925 1736 3086 1792 ﬁscus
3117 1737 3263 1790 litem
3296 1735 3527 1804 patiatur

1922 1838 2015 1884 aut
2045 1829 2237 1885 inierat
2268 1827 2314 1894 ι,
2362 1831 2486 1891 anni
2513 1829 2743 1900 spatium
2774 1830 2840 1882 ad
2871 1828 3332 1886 determinandam
3375 1842 3528 1882 caus-

1924 1939 2040 1980 sam
2072 1925 2306 1995 spectari
2346 1932 2561 1993 oportet
2584 1965 2598 1989 ,
2647 1923 2769 1993 quia
2800 1922 2901 1979 hoc
2929 1922 2995 1976 ad
3039 1920 3411 1977 instruendum
3440 1936 3528 1974 sa-

1925 2020 1994 2074 tis
2022 2027 2136 2085 est,
2190 2027 2248 2074 et
2298 2018 2501 2073 diutius
2550 2032 2656 2072 non
2704 2025 2920 2088 oportet
2969 2016 3300 2086 privatorum
3346 2024 3384 2052 ιη
3413 2014 3532 2068 sine

1925 2111 2038 2164 lisci
2069 2112 2434 2167 emolumenta
2461 2107 2692 2181 fatigari.
2723 2107 2848 2167 Dat.
2882 2106 3022 2162 XIV.
3070 2107 3196 2162 Kal.
3229 2106 3359 2164 Jun.
3383 2105 3532 2162 "Ser-

1926 2204 2054 2259 dicar
2079 2245 2093 2269 ,
2117 2202 2450 2259 Constantino
2472 2200 2536 2256 Α.
2566 2201 2654 2257 Vl.
2683 2211 2734 2256 et
2754 2199 3031 2256 Constante
3049 2208 3078 2238 ιι
3100 2198 3159 2253 C.
3180 2196 3322 2256 Coss.
3347 2197 3529 2272 (590).

2425 2373 2492 2412 DE
2524 2370 2786 2412 CUSTODIA
2808 2370 3047 2410 REORUH.

2001 2504 2140 2580 Imp.
2188 2503 2555 2562 Constantinus
2601 2503 2666 2558 Α.
2706 2503 2775 2560 ad
2805 2501 3132 2558 Florentium
3185 2500 3530 2556 Rationalem.

1930 2597 1987 2652 In
2037 2612 2376 2669 quacumque
2433 2611 2592 2652 causa
2639 2610 2733 2651 reo
2759 2594 3001 2650 exhibito
3037 2635 3051 2660 ,
3096 2593 3212 2648 sive
3249 2602 3534 2648 accusator

1931 2692 2129 2747 existat
2151 2733 2164 2759 ,
2209 2690 2324 2745 sive
2357 2689 2582 2764 publicai
2611 2697 2636 2724 ο
2686 2686 3064 2744 sollicitudinis
3101 2701 3228 2741 cura
3261 2685 3534 2757 produxe-

1931 2783 2000 2838 rit
2028 2793 2056 2832 ι’
2076 2825 2090 2848 ,
2133 2784 2313 2837 statim
2338 2782 2498 2836 debet
2525 2782 2753 2854 quiestio
2776 2779 2922 2845 ﬁeri,
2960 2779 3227 2834 utnosius
3262 2780 3534 2846 puniatur,

1934 2874 2195 2930 innocens
2215 2873 2544 2928 absolvatur.
2568 2871 2721 2940 Quod
2744 2872 2787 2926 si
2818 2881 3100 2926 accusator
3116 2871 3288 2927 aberit
3315 2871 3378 2924 ad
3401 2879 3538 2925 tem-

1936 2981 2036 3037 pus
2067 3008 2080 3030 ,
2114 2976 2205 3021 aut
2226 2967 2494 3021 sociorum
2523 2967 2808 3036 praesentia
2839 2966 3139 3020 necessaria
3169 2963 3409 3020 videatur
3433 3004 3447 3030 ,
3484 2966 3536 3018 id

1936 3059 2152 3130 quidem
2174 3059 2333 3116 debet
2363 3074 2525 3130 quam
2553 3058 2837 3114 celerrime
2865 3057 3160 3130 procurari.
3189 3056 3394 3113 interea
3426 3054 3542 3111 viro

1937 3265 2056 3318 dam
2078 3279 2221 3317 suam
2247 3262 2434 3316 violata
2454 3261 2684 3315 castitate
2709 3259 3034 3328 stupraverit,
3059 3257 3402 3330 deportationi
3427 3255 3544 3310 sub-

1926 3339 2141 3410 iugetur
2173 3344 2390 3410 ςέιιιιμρν
2419 3343 2523 3410 stc-

2013 3415 2041 3443 δ
2085 3408 2136 3470 8,
2173 3406 2259 3465 15.
2285 3401 2384 3467 14,
2420 3403 2484 3457 17
2513 3404 2763 3473 ﬂectatur.
2787 3401 2880 3467 20,
2912 3401 2976 3454 21
3007 3401 3272 3468 plectetur.

2011 3476 2039 3514 δ
2078 3477 2210 3549 Cod.
2252 3476 2391 3549 Just.
2429 3470 2652 3549 juribus.
2758 3475 3118 3549 adgregentnr.
3161 3473 3249 3549 10,
3300 3471 3366 3529 18
3391 3470 3542 3544 judi-

1939 3562 2140 3605 centur.
2169 3547 2241 3604 25
2270 3543 2596 3600 addicuntur.
2629 3545 2729 3599 Alii
2753 3543 3217 3616 codd.facultatis.

2019 3632 2038 3659 ε
2086 3621 2172 3684 10,
2204 3620 2268 3674 18
2295 3635 2445 3689 quam
2475 3628 2528 3670 et
2556 3632 2666 3669 om.
2693 3617 2785 3669 vis.

2015 3689 2039 3729 ἀ
2086 3691 2175 3754 19,
2207 3690 2277 3745 20
2307 3685 2935 3756 debuerat—raptoribus.

2021 3773 2042 3798 σε
2092 3764 2144 3826 9,
2183 3763 2252 3814 49.
2280 3777 2398 3830 aug.
2429 3759 2500 3812 24
2531 3758 2660 3811 Mai.
2688 3755 2767 3830 L_.
2791 3756 2955 3830 B._U.
2997 3755 3122 3830 Dat.
3154 3755 3234 3830 11,
3266 3755 3371 3811 Ital.
3415 3755 3541 3829 Apr.

1944 3833 2002 3889 In
2025 3832 2142 3901 Cuj.
2174 3834 2230 3896 2,
2259 3833 2315 3885 2·
2347 3828 2456 3884 om.
2481 3831 2634 3901 Apta,
2663 3828 2759 3901 sed
2789 3829 2840 3901 i_n
2861 3828 3073 3901 Corrig.
3101 3829 3280 3901 restit.

2021 3904 2040 3942 τ
2086 3898 2158 3957 ita
2188 3903 2428 3972 plerique
2452 3899 2608 3956 codd.
2634 3909 2687 3954 et
2705 3899 2855 3952 Lich.
2883 3899 3066 3972 inm,
3099 3898 3157 3952 h.
3183 3915 3234 3954 e.
3265 3915 3393 3954 ann.
3422 3898 3548 3972 ξεί),

1945 3992 2103 4046 quem
2142 3968 2488 4046 annum'jam
2524 3972 2623 4027 Go.
2655 3985 2769 4040 rep.
2811 3970 3018 4046 voluit,
3061 3985 3390 4046 neque_rep.
3428 3968 3547 4046 PP.

1945 4039 2045 4118 pro
2077 4046 2221 4108 Dat.,
2252 4039 2392 4118 quod
2436 4042 2534 4118 G0.
2565 4039 2964 4118 propIquidem
3001 4042 3054 4094 in
3090 4039 3207 4118 not.
3244 4041 3298 4096 h.
3337 4039 3420 4118 δ’.)
3455 4039 3550 4118 sed

1947 4111 2063 4186 ipse
2106 4111 2413 4172 retractavit
2457 4115 2508 4168 in
2553 4111 2843 4168 comment.
2885 4112 3052 4167 Recte
3088 4112 3250 4181 igitur
3293 4127 3323 4166 θ
3364 4111 3466 4166 G0.
3499 4111 3551 4164 in

1947 4189 2148 4243 Chron.
2182 4188 2346 4242 relata
2388 4193 2468 4241 est
2502 4185 2569 4239 ad
2596 4200 2722 4238 ann.
2754 4183 2877 4239 520.
2912 4183 2967 4243 6,
3004 4183 3037 4236 7
3067 4181 3366 4236 Constantio
3394 4182 3458 4237 A.
3488 4181 3551 4235 ll.

1947 4226 2967 4326 ΞὸᾉῖῗὶξἱῗὶἴάάῗὲῖἓᾶἁῖἽυέἷῗ’νᾼῑί
3002 4226 3458 4326 (δξῶῗίῖιζὲοὰῖ’
3486 4226 3556 4308 is

1951 4323 2403 4400 ponitur'subscr.
2431 4327 2542 4400 c._8
2561 4335 2738 4400 antec.
2766 4325 2849 4400 tit.
2877 4324 3056 4400 Non".
3072 4323 3554 4400 codd._Cons_tantio

1951 4393 2050 4473 pro
2081 4396 2766 4473 Constantino;'Ct_mstantio
2796 4397 2893 4464 (ita
2915 4396 2968 4450 4.
2992 4395 3188 4473 _edd.et
3218 4393 3353 4473 God.
3381 4395 3557 4473 Just.)

1951 4467 2044 4527 aut
2078 4470 2351 4526 Constante
2378 4485 2474 4540 pro
2500 4469 2834 4540 Constantino
2853 4509 2868 4536 ,
2895 4467 3090 4523 crebro
3117 4483 3226 4523 err.
3259 4468 3443 4522 librar.
3474 4467 3508 4521 6
3536 4506 3552 4534 ,

251 4538 621 4597 celebrandas.
649 4541 760 4596 Hac
779 4543 846 4597 de
873 4541 1221 4614 eaussarint'ra
1243 4538 1438 4596 dicitur
1467 4565 1479 4598 :
1508 4553 1563 4596 ut
1599 4558 1652 4596 se
1672 4538 1841 4614 ipsum
1870 4547 1924 4606 1)
1950 4546 2006 4612 7,
2037 4545 2130 4608 ΞΟ,
2163 4543 2226 4597 21
2257 4538 2406 4614 Sich.
2432 4556 2544 4614 om.
2564 4538 2634 4614 AC.

255 4614 426 4683 probet
462 4618 524 4672 ab
545 4615 739 4687 injuria
759 4614 870 4668 (tesi
891 4613 1100 4685 pudoris
1131 4613 1427 4687 immunem,
1447 4613 1639 4685 quibus
1667 4613 1845 4687 verbis

255 4699 399 4737 nunc
429 4701 536 4741 non
563 4684 1028 4756 repugnant,qu:n
1059 4685 1218 4752 paulo
1249 4684 1382 4756 infra
1407 4684 1682 4756 leguntur:
1707 4684 1846 4737 omni

257 4766 393 4828 metu
438 4758 562 4811 liber
590 4755 765 4826 aptata
812 4757 1167 4828 conjunctione
1213 4755 1318 4828 frui
1345 4755 1555 4828 debebit.
1594 4755 1848 4828 ortasse

259 4827 421 4884 initur
443 4829 694 4884 adhibitis
725 4829 812 4882 Br.
839 4826 923 4883 Al.
943 4826 1230 4882 Codicibus
1261 4827 1329 4880 ita
1359 4827 1695 4881 scribendum
1725 4835 1846 4880 est:

301 4895 432 4952 Ibi...
471 4902 762 4962 accesserit,
819 4910 866 4953 et
915 4900 1182 4969 adspirare
1233 4898 1302 4951 ad
1355 4900 1558 4968 nuptias
1609 4898 1850 4968 eruperint

266 4979 472 5034 tutores,
514 4989 710 5026 necesse
734 4971 970 5025 habeant.

338 5049 377 5077 ω
418 5043 500 5106 19,
526 5044 598 5098 *ΞΟ
626 5054 672 5097 et
699 5061 779 5098 ne.
813 5044 847 5100 9
873 5060 935 5097 ne
961 5043 1134 5097 latius.

338 5119 364 5148 ³³
401 5113 472 5170 20
507 5126 808 5179 curatorem,
839 5114 934 5170 sed
959 5129 1066 5169 em.
1099 5123 1336 5169 tutorem.

341 5193 366 5222 ο
407 5185 493 5247 10,
524 5187 610 5248 12.
650 5189 712 5242 18
738 5197 785 5241 et
815 5203 886 5241 se.
922 5187 988 5242 19
1013 5201 1123 5240 om.
1152 5195 1228 5239 ut.

344 5265 369 5304 P
408 5256 486 5310 Ad
514 5257 567 5310 h.
600 5259 638 5313 1.
671 5259 780 5313 vid.
810 5257 938 5324 Go.,
971 5267 1086 5312 not.
1116 5258 1216 5312 iet
1244 5257 1295 5311 in
1323 5271 1521 5312 comm.

342 5338 370 5378 ιι
407 5331 504 5383 (ἑο.
539 5332 588 5382 in
611 5339 725 5384 not.
757 5347 771 5382 :
808 5347 826 5379 s
859 5339 951 5383 tuo
972 5331 1084 5383 sive
1107 5328 1318 5398 judicia.
1353 5346 1371 5380 ι
1402 5328 1469 5384 15
1490 5325 1681 5382 debebit
1709 5342 1852 5380 ama-

265 5410 354 5452 tor
381 5411 432 5454 at
454 5403 498 5454 si
525 5403 756 5468 violatae,
786 5403 918 5456 mira
941 5400 1226 5470 scriptor,
1257 5415 1378 5469 quae
1407 5399 1598 5469 probat
1619 5398 1730 5470 jam
1759 5415 1854 5452 au-

265 5473 486 5540 tiquitus
519 5474 817 5527 inusitatum
840 5487 960 5527 esse
985 5472 1035 5525 in
1053 5469 1189 5542 tegis
1213 5470 1586 5542 explicatione.
1617 5469 1680 5524 V.
1714 5486 1856 5542 ama-

265 5555 358 5598 ror
381 5545 496 5597 sine
518 5545 688 5623 dubio
705 5543 955 5600 librarius
970 5543 1037 5598 de
1058 5541 1156 5623 suo
1179 5541 1394 5622 adjecit,
1417 5541 1558 5612 quod
1587 5541 1858 5623 quomodo

264 5629 397 5668 cum
441 5631 518 5668 vv.
551 5619 688 5669 omni
727 5624 862 5669 metu
899 5615 1145 5684 componi
1194 5611 1360 5683 pessit
1384 5655 1398 5679 ,
1437 5611 1540 5684 non
1571 5611 1746 5684 video.
1793 5612 1861 5667 19

266 5695 582 5759 servatorum
609 5688 703 5759 (tta
734 5689 896 5742 etiam
923 5682 1098 5759 201—“
1115 5685 1160 5740 si
1179 5682 1366 5759 ablata:
1390 5682 1656 5759 castitatis.

353 5759 375 5788 τ
415 5753 673 5814 tibicine.
700 5759 800 5814 c.1
833 5757 965 5815 God.
994 5753 1165 5814 luem
1198 5757 1260 5815 Si
1281 5753 1681 5828 tutorpupittam
1706 5769 1868 5827 quon-

2027 4625 2053 4663 !
2097 4604 2274 4669 Noun.
2306 4613 2464 4670 codd.
2496 4604 2680 4681 primo.

2025 4683 2053 4723 ¹⁸
2092 4686 2185 4751 20,
2213 4687 2304 4750 44,
2335 4685 2535 4753 puella.

2033 4755 2049 4792 ί
2095 4757 2148 4823 6,
2182 4758 2234 4818 7,
2263 4751 2436 4828 9,20,
2461 4754 2673 4828 21,45,
2697 4753 2786 4820 44,
2815 4754 2909 4828 alii
2928 4753 3049 4810 cod.
3080 4751 3443 4828 approbatum,
3463 4752 3560 4808 sed

1956 4827 2028 4882 20
2055 4828 2206 4898 fuerit
2227 4827 2290 4882 sit
2310 4843 2425 4894 apr.
2455 4837 2508 4880 et
2536 4824 2603 4898 21
2633 4840 2742 4879 om.
2776 4826 2952 4898 [μέθῃ-ἐρ.

2037 4895 2064 4948 i'
2099 4899 2237 5023 Ε’ῗθ
2257 4912 2445 5022 pmnes
2469 4896 2629 4951 codd.
2651 4895 2784 4970 ejus.
2807 4895 2941 4952 Edd.
2967 4912 3092 4962 esse,
3123 4895 3266 4968 quod
3287 4909 3396 4952 non
3424 4895 3563 4952 mul-

2039 4987 2072 5023 ιι
2142 4988 2151 5022 ι
2195 4985 2254 5023 er
2284 5009 2296 5022 .

1962 4979 2072 5025 tum
2099 4973 2296 5024 diiiert.

2033 5040 2060 5078 κ
2101 5041 2297 5106 6-10,
2329 5039 2418 5108 12,
2452 5039 2541 5107 15,
2575 5039 2644 5096 18
2668 5040 2979 5109 deportetur.

2035 5111 2052 5149 ι
2086 5111 2189 5185 G_o.
2233 5112 2284 5165 in
2309 5121 2459 5165 not.:
2494 5131 2512 5185 ᾳ
2553 5112 2658 5167 Pro
2687 5113 2882 5185 patitur
2908 5120 2998 5185 aut
3023 5110 3234 5184 inform

2034 5192 2085 5256 "1A
2104 5183 2205 5238 Go.
2242 5197 2394 5256 prop.
2425 5182 2743 5256 privatarum
2771 5183 2881 5254 (Ri.
2909 5182 3268 5256 privatarum).
3302 5182 3554 5256 Voluith

1964 5253 2203 5328 scribere
2241 5253 2342 5311 Go.
2392 5253 2740 5328 privatarum,
2776 5253 2810 5310 i.
2844 5253 2918 5311 e.'
2944 5270 3123 5311 rerum
3179 5253 3561 5327 privatarum?

1965 5327 2083 5382 Mox
2117 5325 2216 5379 ϐο.
2244 5342 2350 5381 err.
2373 5325 2733 5382 (Emolumenta.

2037 5407 2064 5434 ιι
2087 5396 2243 5452 Rein.
2281 5397 2372 5453 Be.
2407 5414 2515 5453 em.
2545 5397 2901 5465 Constantino,
2927 5407 3097 5456 recte.

2039 5477 2062 5505 ο
2101 5471 2136 5524 4
2155 5469 2371 5542 publice.

2039 5551 2065 5620 Ρ
2093 5539 2444 5620 Restituimus
2471 5556 2533 5596 ex
2556 5539 2711 5620 ϐοά..
2741 5539 2878 5596 Just.
2917 5541 3254 5620 produxerit,
3308 5539 3409 5596 levi
3444 5555 3560 5620 [ne-_-

1967 5613 2086 5669 deln
2120 5655 2134 5679 ,
2191 5627 2312 5673 cum
2344 5613 2556 5682 vulgata
2608 5612 2870 5686 scriptura
2905 5611 3210 5686 perduxerit
3255 5628 3323 5686 ex
3372 5611 3561 5686 cod._4

1973 5692 2188 5753 recepta
2212 5690 2389 5754 aptam
2420 5683 2742 5754 sententiam
2765 5699 2870 5738 non
2905 5683 3115 5739 haheat.
3145 5683 3348 5742 Crebra
3376 5692 3460 5742 est
3485 5683 3559 5740 si—

1975 5756 2181 5828 glorum
2211 5753 2264 5826 p.
2291 5763 2345 5811 et
2371 5773 2424 5828 p.
2461 5755 2513 5810 in
2541 5753 2699 5811 codd.
2730 5753 2997 5812 conlusio.
