4082 6178
510 249 616 308 1‘39

1760 222 2468 295 CONSTANTINLMAGNI

3706 190 3853 277 200‘

511 361 752 420 exhibito
774 374 879 416 non
905 357 1107 415 ferreas
1132 365 1158 393 α
1189 352 1427 411 manicas
1452 357 1507 407 et
1533 346 1858 405 inhaerentes
1887 342 2102 399 ossibus
2128 342 2183 402 Α
2208 338 2474 394 mensium
2521 337 2751 407 spatium
2768 346 2795 374 ει
2835 334 3160 407 computari.
3200 333 3319 389 Dat.
3346 332 3481 390 VIII.
3507 330 3535 373 ιι
3577 331 3667 389 Id.
3695 333 3816 389 Jul.

514 456 656 511 milli
682 452 709 493 Β
738 456 952 521 oportet
973 490 989 518 ,
1012 448 1107 505 sed
1133 445 1459 519 prolixiores
1483 452 1705 497 catenas
1739 449 1761 477 ο
1790 479 1804 503 ,
1829 443 1961 491 utet
1985 448 2107 489 crn-

511 549 673 604 ciatio
695 547 835 603 desit
858 554 916 601 et
939 551 1253 615 permaneat
1280 533 1422 594 tida'l
1450 535 1714 594 custodia.
1732 532 1844 589 Nec
1868 545 1997 586 vero
2022 541 2111 582 se-

511 639 595 696 dis
619 639 821 694 intimae
847 635 1098 693 tenebras
1128 633 1238 705 pati
1267 629 1488 687 debebit
1515 628 1758 684 inclusus
1784 666 1801 693 ,
1826 623 1921 679 sed
1949 635 2109 677 usur-

511 743 636 805 pata
659 733 775 787 luce
800 729 1040 801 vegetari
1069 737 1091 766 ο
1124 768 1138 794 ,
1171 734 1226 783 et
1249 767 1264 793 ,
1297 724 1386 782 ubi
1419 736 1525 778 nox
1548 717 1905 792 geminaverit
1929 721 2113 769 custo-

511 826 654 882 diam
678 867 694 893 ,
720 824 1005 882 vestibulis
1033 836 1313 879 carcerum
1341 830 1395 875 et
1423 815 1731 875 salubribus
1756 814 1891 869 locis
1918 808 2109 879 recipi,

466 930 471 935 ·
511 932 577 974 ae
604 924 912 974 revertente
930 915 1123 971 iterum
1153 912 1263 979 die,
1290 909 1356 967 ad
1382 909 1614 980 primum
1638 905 1768 962 solis
1798 912 1978 960 ortum
1998 942 2013 968 ,
2048 899 2113 955 il—

488 1011 618 1091 {lico
639 1009 704 1066 ad
730 1009 1000 1081 publicum
1028 1007 1211 1062 lumen
1240 1003 1435 1072 educi,
1462 1019 1531 1059 ne
1556 1000 1730 1073 pomis
1757 998 1989 1056 carceris
2018 1009 2114 1066 pe-

514 1104 781 1168 rimatur;
812 1100 956 1173 quod
986 1097 1367 1155 innocentibus
1393 1095 1653 1151 miserum
1685 1090 1860 1147 noxiis
1881 1104 1989 1145 non
2019 1101 2113 1142 sa-

517 1196 585 1252 tis
609 1209 855 1251 severum
882 1207 1003 1249 esse
1031 1189 1374 1263 cognoscitur
1409 1185 1453 1243 τ.
1492 1186 1521 1259 §
1564 1186 1616 1241 1.
1651 1183 1785 1240 Illud
1813 1181 1974 1239 etiam
2018 1180 2117 1235 ob—

516 1287 820 1344 servabitur
852 1327 868 1352 ,
919 1296 974 1340 ut
1002 1299 1177 1355 neque
1203 1283 1328 1351 bis,
1373 1281 1465 1352 qui
1486 1286 1778 1335 stratarum
1828 1273 2116 1344 funguntur

516 1381 696 1439 officio
724 1423 739 1449 ,
771 1393 947 1450 neque
972 1375 1234 1432 ministris
1272 1388 1462 1430 eorum
1484 1371 1685 1427 liceats
1740 1366 2115 1424 crudelitatem

516 1490 669 1532 suam
726 1470 1132 1529 accusatoribus
1164 1467 1397 1525 vendere
1426 1510 1441 1534 ,
1510 1474 1566 1520 et
1611 1464 1929 1519 innocentes
1975 1459 2116 1515 intra

524 1581 799 1623 carcerum
831 1570 985 1635 septa
1011 1562 1158 1617 Ictbo
1197 1559 1350 1625 dare,
1378 1569 1468 1614 aut
1495 1557 1802 1614 subtractos
1831 1552 2118 1610 audientiae

525 1659 684 1731 longa
756 1657 881 1713 tabe
924 1668 1266 1712 consumere.
1322 1651 1439 1708 Non
1499 1650 1641 1707 enim
1707 1643 2119 1703 existimationis

2212 429 2548 486 Constantino
2573 429 2636 484 Α.
2660 428 2748 485 γι.
2773 438 2819 483 et
2846 427 3144 482 Constantio
3165 437 3186 466 ο
3212 425 3273 482 C.
3299 424 3443 483 Cass.
3474 424 3652 499 (520).

2826 557 2894 599 βε
2915 557 3176 598 οιειιιοιε.

2249 632 2392 705 Imp.
2411 633 2771 690 Constantinus
2784 633 2847 688 Α.
2866 634 2936 687 ad
2952 628 3201 689 Bassumd
3218 630 3308 704 Pf.
3330 630 3396 687 Ρ.
3411 631 3547 687 Cum
3561 630 3824 688 constitu-

2214 726 2290 782 tio
2318 725 2548 784 emissae
2566 725 2841 797 praecipiat
2856 725 3060 782 nullum
3080 724 3334 795 deinceps
3350 724 3699 780 decurionem
3735 721 3824 779 vel

2215 834 2281 874 ex
2295 818 2588 874 decurione
2611 816 2948 889 progenitum
2973 816 3058 873 vel
3079 815 3240 872 etiam
3267 815 3589 872 instructum
3610 813 3830 870 idoneis

2216 911 2561 968 facultatibus
2581 921 2741 982 atque
2762 910 3023 967 obeundis
3039 909 3264 982 publicis
3282 909 3596 965 muneribus
3619 922 3823 980 oppor-

2217 1014 2404 1061 tunum
2422 1004 2489 1061 ad
2512 1004 2831 1062 clericorum
2848 1019 3041 1060 nomen
3060 1003 3486 1075 obsequiumque
3502 1001 3820 1074 confugere,

2218 1101 2315 1158 sed
2338 1116 2439 1157 eos
2452 1101 2521 1157 de
2536 1108 2735 1156 cratera
2757 1098 2811 1154 in
2828 1098 3202 1155 defunctorum
3223 1097 3483 1154 duntaxat
3504 1096 3829 1153 clericorum

2219 1191 2339 1248 Ioca
2365 1191 2662 1263 surrogari,
2685 1191 2778 1263 qui
2811 1191 3025 1248 fortuna
3068 1201 3278 1257 tenues,
3311 1206 3485 1261 neque
3512 1188 3832 1247 muneribus

2219 1283 2508 1342 civilibnsl
2534 1293 2815 1341 teneantur
2836 1284 3078 1340 obstricti
3100 1281 3499 1355 :cognovimus,
3519 1283 3642 1339 illos
3662 1283 3832 1340 etiam

2220 1376 2512 1449 inquietari
2533 1388 2559 1426 tt
2595 1376 2706 1448 ,qui
2730 1385 2855 1432 ante
2877 1375 3013 1448 legis
3036 1376 3518 1448 promulgationem
3545 1373 3574 1414 ιι
3593 1376 3833 1433 clerico-

2222 1486 2341 1527 rum
2358 1485 2417 1526 se
2432 1469 2707 1526 consortio
2731 1468 3074 1526 sociaverint.
3105 1469 3336 1540 Ideoque
3358 1468 3720 1541 prmcipimus,
3747 1468 3836 1528 bis

2221 1564 2291 1619 ab
2310 1562 2458 1618 omni
2487 1562 2730 1620 moleSIia
2750 1561 3012 1629 liberatis,
3036 1562 3179 1628 illos,
3205 1562 3299 1633 qui
3326 1572 3446 1632 post
3462 1562 3636 1634 legem
3667 1562 3830 1618 latam

2223 1656 2480 1729 obsequia
2514 1657 2723 1728 publica
2754 1655 3090 1713 declinantes
3111 1655 3179 1712 ad
3194 1656 3514 1713 clericorum
3542 1672 3831 1729 numerum

519 1761 751 1821 tantum,
783 1749 878 1807 sed
912 1750 1073 1806 etiam
1121 1746 1348 1819 periculi
1392 1754 1567 1801 metus
1603 1742 1768 1814 jndici
1797 1737 1827 1777 ιι
1870 1739 2118 1795 immine-
2148 1740 2196 1801 Β
2222 1748 2597 1822 confugerunt,
2628 1750 2814 1820 procul
2843 1748 2914 1805 ab
2947 1764 3014 1805 eo
3042 1764 3270 1821 corpore
3298 1759 3636 1821 segregatos,
3663 1750 3838 1807 curia:

520 1842 640 1912 bit,
698 1842 744 1899 si
789 1842 1022 1912 aliquem
1054 1839 1192 1894 ultra
1226 1835 1473 1893 debitum
1503 1844 1713 1905 tempus
1750 1830 1766 1871 ί
1810 1830 1987 1887 inedia
2029 1837 2122 1884 aut

521 1950 862 2009 quocumque
882 1933 1042 1990 modo
1064 1931 1258 2002 aliquis
1273 1937 1563 1984 stratarum
1595 1924 1923 1991 exhauserit,
1941 1931 1997 1978 et
2014 1936 2119 1978 non

522 2030 705 2086 statim
734 2043 856 2084 eum
893 2067 909 2094 ,
959 2038 1125 2096 penes
1154 2037 1311 2093 quem
1356 2016 1636 2076 ofﬁcinmi
1674 2016 1934 2074 custodite
1990 2023 2074 2070 est
2103 2052 2121 2081 ,

521 2129 682 2193 atque
708 2118 825 2190 ejus
858 2117 1135 2173 ministros
1155 2113 1370 2185 capitali
1399 2126 1572 2179 pretim
1592 2108 1620 2147 ¹ί
1652 2106 1963 2178 subiecerit.
1995 2104 2118 2159 Dat.

523 2213 661 2286 prid.
684 2211 810 2268 Kal.
839 2210 954 2267 Jul.
985 2208 1231 2276 Serdica,
1252 2204 1586 2263 Constantino
1617 2203 1682 2258 A.
1712 2201 1780 2258 VI
1797 2210 1845 2258 et
1867 2199 2121 2255 Constan-

522 2307 596 2363 tia
628 2304 647 2345 ι
673 2304 733 2362 ϐ.
759 2303 904 2362 Cass.
934 2298 1114 2375 (59.0).

1027 2449 1095 2491 DE
1116 2444 1621 2491 APPELLATIONIBUS.

587 2576 727 2653 Imp.
744 2572 1104 2633 Constantinus
1117 2570 1183 2626 Α.
1197 2570 1264 2624 ad
1276 2566 1642 2642 Crispinum“.
1653 2602 1690 2620 ..
1713 2562 1771 2621 Si
1790 2560 1910 2634 quis
1927 2573 2021 2632 per
2033 2558 2128 2616 ab-

524 2673 751 2732 sentiam
796 2668 1104 2726 nominatus
1137 2673 1165 2701 ιι
1202 2663 1269 2718 ad
1300 2658 1698 2733 provocationis
1731 2655 1986 2711 auxilium
2029 2668 2126 2709 eu-

525 2764 779 2832 eurrerit,
795 2778 859 2820 ex
879 2775 946 2816 eo
965 2759 1052 2814 die
1081 2754 1483 2827 interponenda:
1503 2749 1878 2825 appellationis
1899 2747 2126 2803 duorum

529 2859 794 2917 mensium
816 2864 840 2893 ο
877 2862 1115 2925 tempora
1146 2849 1195 2907 ei
1216 2844 1573 2918 computanda
1614 2850 1761 2907 sunt,
1787 2857 1852 2897 ex
1872 2855 1979 2912 quo
2000 2853 2131 2894 con-

528 2962 609 3009 tra
650 2967 711 3008 se
745 2950 1069 3006 celebratam
1113 2941 1532 3001 nominationem
1576 2935 1828 2993 didicisse
1858 2939 2128 2989 monstra-

528 3045 687 3102 verit.
734 3042 867 3097 Nam
913 3037 1189 3111 prtesenti,
1222 3034 1313 3107 qui
1357 3034 1549 3088 factam
1590 3026 2011 3085 nominationem
2038 3037 2131 3079 co-

529 3138 746 3211 gnovit,
776 3143 832 3193 et
869 3134 1142 3207 appellare
1169 3128 1432 3197 voluerit,
1475 3122 1656 3182 statim
1699 3121 1860 3179 debet
1895 3121 2127 3177 duorum
2157 3138 2204 3202 ρ

603 3343 629 3374 ⁸
660 3330 793 3391 ϐοά.
824 3331 965 3389 Just.
983 3327 1091 3386 lnt.
1117 3343 1232 3383 vero
1258 3341 1400 3382 reum
1426 3321 1707 3380 exhibitum
1732 3337 1835 3375 non
1861 3334 1952 3390 per
1975 3321 2126 3391 ferr”

531 3386 693 3481 impr:
713 3386 892 3463 (idet
908 3386 1184 3459 Reinesio.
1209 3398 1307 3455 Hic
1324 3398 1548 3453 vult-rea
1579 3409 1677 3465 pro
1703 3394 1811 3448 viro
1842 3386 1871 3459 ,⁷
1904 3386 2127 3445 ρι’ϐοά.

531 3478 939 3633 ιυῗςιὶξθῖηοείοε
964 3553 1116 3618 putat
1140 3541 1397 3612 scriptum
1428 3537 1594 3594 fuisse
1613 3538 1667 3591 in
1697 3533 1761 3591 C.
1790 3531 1891 3589 Tb.
1915 3531 2060 3599 inici,
2089 3530 2125 3586 i.

577 3663 589 3675 .
612 3638 664 3674 tn
688 3637 733 3673 tc
759 3660 772 3673 .

537 3636 570 3677 e
609 3702 632 3731 ο
659 3638 793 3746 ϐοά
818 3689 958 3745 Just.
986 3687 1052 3743 ad
1075 3686 1119 3742 si
1144 3683 1374 3741 criminis
1400 3680 1628 3755 qualitas
1658 3678 1809 3735 etiam
1837 3683 2132 3729 catenarum

533 3763 859 3818 acerbitatem
879 3758 1232 3830 postulaverit.

606 3832 633 3871 ἀ
654 3830 788 3889 ϐοά.
812 3818 953 3889 Just.
978 3829 1068 3884 sub
1096 3828 1203 3899 [ida
1227 3869 1243 3894 ,
1298 3824 1442 3898 quod
1468 3838 1581 3881 scc.
1609 3821 1709 3879 ϐο.
1743 3818 1962 3876 minime
1989 3830 2126 3888 opus

536 3914 641 4015 es";
667 3976 702 4031 4
722 3973 970 4048 euegetari
993 4014 1040 4048 _,_
1061 3969 1154 4026 sed
1186 3985 1293 4026 em.
1315 3966 1561 4048 regelari.
1593 3964 1652 4021 In
1673 3961 1806 4020 Cod.
1835 3960 1979 4019 Just.
2002 3957 2127 4016 add.

538 4064 600 4104 ac
625 4039 898 4104 sublevari.
927 4039 1132 4100 Ibidem
1156 4056 1277 4097 mox
1308 4039 1361 4093 in
1382 4048 1508 4093 vcst.

616 4118 636 4159 Ῑ
663 4119 797 4175 ϐοά.
824 4116 964 4173 Just.
987 4113 1328 4175 dignoscitur.

616 4132 631 4159 ι
663 4132 797 4175 uoa.
824 4132 964 4173 Just.
987 4132 1328 4184 argnoscuur.

612 4202 638 4239 8
668 4190 784 4247 Fol.
826 4189 881 4246 8.
917 4185 934 4225 ί
964 4186 1088 4243 eod.
1113 4183 1169 4239 4.
1191 4184 1250 4239 In
1281 4182 1386 4238 ima
1415 4178 1607 4254 pagina
1629 4186 1713 4235 est
1743 4177 1956 4247 signum
1997 4188 2134 4246 qna-

539 4260 860 4402 m?
882 4359 954 4371 —
977 4329 1042 4384 Ri
1065 4335 1101 4382 '.
1117 4328 1311 4402 judicii
1334 4368 1351 4397 ,
1374 4322 1472 4402 sed
1500 4322 1596 4379 Be.
1624 4320 1741 4392 jub.
1759 4318 1882 4388 60.:
1905 4331 1972 4374 ex
1998 4315 2133 4374 Cod.

542 4405 682 4463 Just.
712 4400 871 4460 recte
898 4410 1030 4457 rest.
1053 4400 1245 4473 judici.
1410 4400 1415 4407 '
1521 4425 1524 4429 η

619 4475 634 4514 ί
666 4480 795 4534 Aur.
830 4473 1003 4544 Lugd.
1030 4472 1226 4544 tentpui
1250 4484 1404 4544 ,Uerr.
1427 4477 1543 4544 typ.

615 4549 628 4599 i
660 4530 704 4605 ἶ
763 4546 867 4602 Til.
895 4530 967 4586 -ῗ-
992 4543 1055 4598 Ri
1073 4546 1113 4596 ‘.
1135 4530 1316 4614 'a/ﬁcii,
1339 4530 1616 4614 _sed:rcete
1642 4535 1736 4591 Be.
1769 4541 1910 4590 auct.
1937 4530 2039 4588 Go.
2065 4546 2135 4614 ex
2162 4539 2219 4601 D

538 4604 832 4677 Cod..l'ust.
863 4625 996 4672 rest.
1026 4604 1268 4685 oﬁ'icium.
1288 4604 1536 4685 Aliaﬁo.
1554 4608 1637 4685 .cj.
1666 4623 1818 4685 penes
1844 4620 1992 4675 quem
2016 4604 2132 4685 afﬁ-

538 4675 719 4764 c'ngn.
745 4708 799 4764 ρ.
820 4675 1132 4764 οηῑοίςεείᾷιη
1160 4698 1348 4764 senex
1369 4680 1573 4764 οΠίοἱο)
1596 4675 1837 4764 causam
1863 4686 1935 4733 est
1958 4675 2136 4730 minus

540 4749 833 4834 probabilis
848 4767 951 4816 est.
981 4749 1596 4834 Etiqueinesius
1622 4749 1859 4834 alliciunt.

613 4832 640 4871 ¹ί
672 4833 746 4889 Ita
780 4833 873 4887 Be.
896 4846 962 4885 ex
983 4826 1118 4884 ϐοά.
1152 4826 1329 4892 Just.;
1358 4827 1390 4879 4
1419 4866 1435 4889 ,
1460 4821 1565 4877 Til.
1588 4850 1659 4862 —
1679 4821 1744 4892 Ri
1768 4823 1809 4892 ξ.
1832 4833 2002 4892 pinna.

620 4904 639 4942 ι
672 4886 765 4961 Re.
786 4886 847 4956 in
872 4910 982 4956 not.
1012 4909 1158 4955 recte
1187 4886 1669 4967 rep.'Constan_t_i_na
1685 4888 1810 4967 Vid.
1833 4886 2064 4967 'Reland.
2090 4887 2132 4944 1.

541 4992 593 5034 c.
627 4992 680 5046 p.
709 4974 836 5032 506.
860 4972 1150 5046 Perperatn
1174 4961 1300 5046 Ri".
1317 4982 1429 5046 _om.
1548 4963 1632 5019 Vl.
1664 4974 1713 5046 et
1726 4961 2061 5046 Constantia.

587 5031 654 5131 ,ει
685 5031 1256 5131 Eli“'!‘§9d-..’.':S‘;
1283 5031 2138 5131 (inauguratu-M191"

544 5118 755 5200 pinum)
788 5113 931 5200 etc.
956 5112 1061 5168 Th.
1090 5109 1208 5175 xu,
1235 5101 1346 5176 πε
1369 5101 1601 5179 dignitas
1622 5104 1798 5189 .deest.
1825 5103 1883 5159 ιη
1906 5101 2044 5158 ϐοά.
2064 5103 2099 5157 t
2118 5142 2135 5167 ,

542 5190 651 5273 Ξει·
673 5186 886 5273 -βιιιο
929 5184 1002 5273 2i
1026 5180 1479 5273 li’f‘E'P‘£_I‘.“'ll'.‘l'
1508 5173 2041 5273 ‘3§£"l93°'.‘35“.:-9°'
2085 5179 2141 5229 ει

541 5248 880 5387 Ιίἰὶιίιίιειυοῖ·
905 5261 1099 5328 puncta
1122 5258 1344 5352 ponunt,
1369 5250 1434 5304 Ri
1454 5252 1490 5303 ⁸.
1515 5263 1630 5303 sex.
1657 5248 1749 5330 Bc.
1781 5256 1840 5300 ut
1868 5260 1986 5327 nos.

712 5348 745 5387 n
775 5327 911 5385 ϐοά.
939 5326 1085 5401 Just.
1115 5322 1282 5401 add._.
1306 5322 1381 5378 vel
1405 5321 1475 5374 ad
1499 5320 1854 5401 (iuuarent-atus.
1879 5317 2135 5401 altorum-

543 5419 641 5476 que
670 5385 921 5458 bonorum
950 5397 1165 5468 infulas,
1187 5394 1264 5449 vel
1297 5409 1482 5448 munus
1522 5389 1729 5460 aliquod
1752 5385 1902 5515 ίξΜς.
1933 5386 2130 5442 Veron.

545 5473 837 5515 plum-ntuel
868 5478 1099 5515 ιευοειιιιιε
1128 5482 1193 5515 ex
1222 5482 1271 5515 c.
1297 5465 1365 5515 19
1394 5463 1447 5515 h.
1480 5473 1543 5515 ί..
1568 5461 1726 5515 DI'Ob.
1799 5474 1853 5514 0.

545 5461 1099 5600 etuocatugécvocdtus
1128 5461 1193 5522 ex
1222 5482 1271 5521 ο.
1297 5465 1365 5521 19
1394 5463 1447 5518 h.
1480 5473 1543 5528 t.,
1568 5461 1726 5534 prob.
1752 5461 1853 5515 ϐο.

619 5553 644 5581 ο
683 5544 760 5600 Ita
868 5584 881 5596 .
923 5556 995 5598 ex
1020 5538 1153 5597 ϐοά.
1181 5536 1350 5602 Just.,
1391 5534 1485 5590 sed
1513 5549 1614 5588 ms.
1641 5530 1842 5587 Veron.
1873 5543 2139 5584 mensuum

546 5613 647 5698 eti
662 5606 1285 5698 άιιιιηιρῃεηειι.Ἤεξιίοάά.Δ
1296 5615 1421 5663 ante
1446 5603 1727 5698 Bekdununt
1751 5615 1982 5698 mvet't'sun:
2000 5640 2015 5667 ,
2046 5614 2143 5698 ag-

552 5669 695 5810 ti‘qua
725 5669 1008 5756 Scriptura.
1036 5680 1158 5737 vra.
1195 5688 1310 5734 not.
1367 5692 1488 5749 sq.;
1519 5675 1583 5758 ο.
1623 5674 1725 5729 Th.
1777 5670 1905 5756 μοι,
1960 5671 2013 5740 ι,
2070 5669 2139 5737 2;

547 5761 567 5816 I
625 5800 641 5829 ,
673 5756 729 5823 6,
762 5757 817 5823 5,
845 5764 957 5811 not.
988 5770 1040 5810 0.
1062 5751 1193 5811 ϐοά.
1216 5749 1356 5808 Just.
1378 5764 1629 5806 mensium
1656 5754 1822 5818 spatia
1850 5760 1920 5800 et.

2226 1842 2611 1914 ordinibusque
2648 1839 2665 1879 ί
2688 1840 2899 1897 restitui
2914 1841 3226 1897 etcivilibus
3251 1841 3526 1914 obsequiis
3547 1842 3833 1901 inservire.

2226 1933 2346 1989 PP.
2372 1935 2489 1991 XV.
2516 1933 2643 1990 Kal.
2675 1933 2810 2007 Aug.
2827 1933 3159 1991 Constantino
3182 1935 3245 1989 A.
3275 1934 3340 1990 VI
3364 1940 3379 1986 I
3416 1945 3462 1990 et
3485 1934 3787 1991 Constantio
3808 1933 3837 1974 ιι

2225 2027 2287 2084 C.
2322 2025 2340 2065 1
2376 2027 2521 2084 Cass.
2548 2025 2727 2101 (520).

2564 2142 2635 2182 DE
2673 2141 2968 2183 BBRORIBUS
2996 2141 3387 2184 ADVOCATORUI
3417 2136 3477 2181 ω.

2298 2221 2441 2293 Imp.
2486 2218 2850 2277 Constantinus
2885 2220 2951 2277 A.
2997 2219 3214 2276 Furion
3256 2220 3422 2277 Felici
3447 2230 3496 2275 ο.
3526 2220 3838 2279 Advocato-

2229 2330 2348 2372 rum
2378 2328 2592 2371 errores
2616 2314 2714 2369 inp
2751 2314 3079 2384 competenti
3099 2313 3304 2383 judicio
3342 2314 3699 2385 litigatoribus
3727 2330 3839 2372 non

2191 2483 2196 2488 ε
2230 2407 2603 2480 praejudicant.
2644 2405 2764 2461 Dat.
2796 2406 2841 2462 V
2864 2416 2891 2457 ιι
2949 2404 3154 2460 kalend.
3183 2405 3319 2477 Aug.
3355 2404 3690 2462 Constantino
3712 2416 3733 2446 τ
3771 2407 3841 2463 Α.

2231 2502 2303 2560 Vl
2326 2514 2349 2541 ³
2383 2512 2429 2558 et
2457 2501 2789 2558 Constantino
2816 2501 2834 2537 ι
2870 2498 3001 2556 Cats.
3024 2509 3054 2538 ιι
3084 2499 3230 2556 Cass.
3262 2499 3437 2572 (520).

2304 2594 2755 2652 ἰκτειιιδιιετλτιο.
2798 2593 3123 2658 Advocatus,
3164 2593 3211 2646 si
3249 2591 3304 2646 in
3341 2593 3615 2663 susceptiv
3652 2609 3845 2649 caussa

2232 2690 2430 2762 aliquid
2454 2690 2509 2744 in
2529 2687 2887 2761 prwjudicium
2908 2703 2998 2759 per
3018 2702 3244 2743 errorem
3264 2686 3473 2755 dixerit,
3499 2687 3845 2762 prajudicare

2234 2784 2302 2848 ei,
2334 2800 2367 2837 a
2389 2799 2489 2853 qua
2516 2780 2778 2836 adhibitus
2799 2791 2891 2845 est,
2918 2779 3214 2836 nullatenus
3242 2779 3421 2835 debet:
3439 2780 3485 2835 si
3500 2780 3745 2837 continuo
3764 2780 3835 2838 de

2233 2873 2348 2945 ipso
2370 2889 2545 2929 errare
2569 2872 2725 2944 fuerit
2745 2871 3088 2927 reclamatum
3107 2879 3156 2926 ι.

2553 3003 2621 3044 οε
2674 3000 2942 3042 ιετλιιιε
2980 3000 3051 3041 ΕΤ
3089 2999 3445 3043 κετΑιιΑιιιιε
3461 2995 3513 3041 Υ.

2306 3079 2449 3153 Itnp.
2510 3079 2873 3135 Constantinus
2926 3078 2992 3135 Α.
3057 3078 3127 3133 ad
3174 3070 3467 3135 (Maximum
3513 3079 3847 3139 Rationalem

2310 3253 2336 3280 ⁸
2378 3242 2514 3299 ϐοά.
2556 3241 2693 3299 Just.
2733 3241 3111 3313 cognaaerit—
3134 3242 3312 3296 debent
3338 3241 3560 3297 duarum
3588 3244 3844 3299 mensium

2234 3314 2386 3396 (bis.
2409 3315 2605 3396 Yet-on.
2652 3313 2794 3368 debet
2820 3329 3038 3385 quorum
3082 3313 3384 3385 mensuum)
3428 3317 3616 3386 spatia.
3644 3314 3838 3383 4,Til.

2232 3416 2306 3428 ——
2323 3386 2424 3441 Ri‘
2456 3402 2709 3441 mensum.

2305 3455 2334 3495 δ
2374 3458 2475 3512 Ms.
2506 3457 2707 3512 Veron.
2735 3456 2841 3511 VII.

2311 3540 2333 3568 ι’
2376 3529 2450 3583 Ita
2475 3528 2633 3584 etiam
2659 3526 2792 3583 ϐοά.
2816 3526 2993 3592 Just.;
3025 3525 3120 3583 Be.
3150 3541 3256 3581 em.
3282 3524 3640 3595 Constantino,
3663 3536 3837 3586 recte.

2233 3598 2356 3656 νῆά.
2386 3599 2612 3655 Reland.
2644 3599 2683 3655 Ι.
2707 3614 2757 3656 c.
2789 3614 2844 3670 p.
2868 3597 2994 3656 506.
3020 3599 3120 3654 Ms.
3146 3597 3344 3656 Veron.
3375 3599 3551 3654 Const.
3576 3616 3633 3654 a.
3671 3597 3734 3655 V.
3769 3600 3848 3673 (2)

2238 3680 2284 3727 et
2310 3680 2407 3725 ost.
2432 3688 2506 3725 cc.
2540 3687 2639 3725 css.

2306 3738 2334 3781 ἀ
2374 3742 2444 3797 15
2477 3741 2657 3797 Bassa.

2311 3823 2334 3851 ε
2365 3813 2516 3869 Hanc
2556 3829 2607 3870 e.
2651 3812 2876 3885 periisse
2899 3810 2999 3869 ϐο.
3031 3809 3285 3868 afﬁrmat.
3316 3811 3437 3869 Mox
3460 3813 3565 3870 Til.
3592 3843 3666 3855 -—
3692 3813 3762 3871 Ri
3787 3814 3841 3869 *.

2237 3885 2486 3941 decetera.

2312 3955 2332 3995 ί
2366 3959 2400 4013 4
2425 3956 2618 4012 ciuibus
2642 3998 2656 4026 ,
2689 3969 2799 4012 rec.
2842 3970 2988 4011 man.
3021 3968 3164 4010 corr.
3218 3956 3471 4012 civilibus.
3511 3955 3579 4013 15
3605 3955 3846 4013 civilibus

2237 4028 2552 4084 muneribus.

2311 4096 2435 4171 5'15
2465 4099 2791 4171 cognouimus
2815 4098 3079 4171 etiameos
3104 4099 3399 4171 inquietari.

2239 4243 2252 4256 .
2387 4172 2472 4237 I5,
2500 4168 2589 4236 50,
2619 4169 2680 4225 51
2709 4170 2853 4256 .leqis
2898 4168 3274 4226 oblicationem.
3316 4170 3434 4227 Fol.
3465 4170 3573 4228 596
3602 4170 3631 4200 ⁸
3656 4171 3781 4228 cod.
3811 4171 3849 4230 4

2237 4243 2402 4313 incip.
2426 4258 2548 4299 cum
2578 4259 2631 4297 v.
2673 4240 2995 4295 clericorum.

2317 4313 2334 4353 ί
2370 4315 2462 4371 15.
2493 4313 2582 4371 50.
2612 4314 2675 4369 51
2707 4327 2956 4371 om.aue.

2315 4329 2334 4437 ἶ
2368 4329 2462 4441 ii“
2607 4329 2675 4441 ἓῖ
2707 4329 2956 4438 im“

2309 4454 2334 4503 1‘
2374 4457 2441 4512 15
2468 4453 2763 4524 Constante.
2796 4453 2887 4509 Bc.
2914 4468 3024 4510 em.
3058 4452 3416 4524 Constantina,
3446 4466 3617 4513 recte.

2318 4525 2335 4566 1
2363 4528 2453 4594 50,
2481 4524 2543 4581 51
2576 4542 2687 4580 om.
2712 4523 2773 4580 C.
2798 4524 2930 4580 Aur.
2961 4525 3132 4596 Lugd.
3161 4524 3315 4583 Cons.

2311 4608 2352 4636 ιιι
2377 4596 2512 4681 ϐοά.
2531 4597 2685 4681 ηΙυξι.
2713 4598 2778 4651 de
2805 4596 3084 4653 Erroribus
3111 4596 3230 4652 adu.
3261 4598 3339 4654 uel
3367 4598 3565 4656 libellos
3592 4615 3685 4655 seu
3721 4616 3851 4672 pre-

2238 4678 2758 4808 cancigfiqgﬁbm:
2790 4739 2860 4795 3'5
2880 4737 3092 4808 Ruﬁno.

2271 4823 2338 4952 ut"
2492 4809 2876 4897 VicarioaVid.
2919 4825 2970 4866 c.
3018 4810 3056 4865 2
3091 4809 3154 4869 ϐ.
3208 4810 3313 4868 Th.
3356 4811 3428 4870 de
3474 4820 3638 4885 temp.
3679 4827 3847 4871 cursu

2245 4889 2342 5007 (1Ιῦ
2566 4952 2655 5023 16,
2692 4953 2780 5023 17,
2808 4953 2911 5009 Til.
2944 4956 3075 5010 sine.

2314 5024 2633 5161 géﬁﬁ‘itb.
2662 5094 3130 5166 Constantinopoli.
3170 5095 3264 5162 21,
3302 5095 3409 5153 Ttl.
3442 5096 3843 5166 Constantinap.

2316 5178 2338 5206 ε
2374 5169 2461 5234 19,
2488 5169 2579 5235 5),
2606 5168 2676 5225 58
2702 5165 2811 5222 VII.
2838 5168 2931 5233 20,
2949 5165 3043 5232 21,
3065 5166 3269 5234 24,26,
3297 5167 3447 5225 Sicb.
3472 5170 3576 5226 Til.
3603 5185 3715 5225 om.
3747 5165 3839 5225 VI.

2241 5249 2309 5307 et,
2337 5241 2431 5295 sed
2459 5239 2607 5294 Sich.
2639 5241 2691 5294 in
2720 5256 2795 5294 tn.
2825 5239 2950 5293 add.
2974 5239 3045 5295 V.
3067 5248 3123 5293 et
3143 5239 3245 5293 'I‘il.
3275 5239 3329 5294 in
3358 5256 3431 5295 tn.
3464 5241 3551 5296 Vl.

2319 5313 2337 5348 ι
2367 5310 2507 5366 Fere
2533 5324 2723 5365 omnes
2745 5309 2931 5373 codd.,
2958 5310 3078 5378 an.
3111 5310 3138 5365 I
3162 5340 3233 5349 —
3258 5310 3368 5366 Ri'.
3407 5311 3555 5369 Sicb.
3599 5313 3652 5366 in
3683 5327 3758 5365 m.
3789 5319 3852 5368 et

2244 5382 2349 5440 Til.
2379 5382 2432 5436 in
2456 5398 2530 5437 m.
2563 5379 2877 5436 Constantia.
2905 5380 3006 5437 ϐο.
3040 5382 3094 5436 in
3118 5391 3329 5437 annott.
3364 5380 3719 5438 Constantino.

2316 5462 2345 5490 ιι
2373 5452 2507 5508 Cars.
2538 5468 2645 5507 om.
2673 5453 2726 5507 in
2750 5452 2935 5524 multis
2955 5451 3117 5524 codd.
3140 5462 3196 5506 et
3217 5453 3270 5524 in
3291 5451 3410 5524 Cuj.
3441 5455 3492 5509 1.
3517 5454 3649 5509 Aur.
3672 5451 3847 5520 Lugd.

2318 5533 2346 5562 ν
2372 5524 2464 5587 20,
2505 5524 2574 5580 21
2611 5533 2667 5580 et
2705 5524 2796 5579 alii
2841 5522 3025 5590 codd.,
3065 5522 3441 5596 Sicb.an.'I.
3486 5525 3619 5582 Aur.
3671 5524 3848 5597 Lugd.

2248 5613 2363 5706 “3:6
2366 5605 2555 5738 61631.9.
2581 5665 2740 5738 codd.
2762 5664 3161 5738 Aproclamatuut.

2322 5748 2350 5789 γ
2386 5739 2460 5796 25
2487 5736 2567 5796 De
2611 5735 2836 5795 Metellis
2873 5746 2922 5793 ct
2966 5748 3062 5794 cct.
3098 5735 3279 5796 Noun.
3309 5735 3482 5797 Codd.
3522 5739 3854 5800 metaliariis.
