4082 6178
350 249 449 309 209

344 366 460 438 quia
483 365 756 437 pudicitia
774 367 996 438 prtemio
1015 369 1191 449 cessit.
1207 369 1540 427 observanda
1557 382 1660 441 est,
1683 382 1937 444 tanquam
1965 377 2018 438 Α

342 460 385 516 si
413 461 636 515 maritus
662 461 742 517 eis
771 471 796 499 α
827 473 1013 516 natura
1035 505 1049 528 ,
1093 478 1197 517 non
1229 480 1381 533 pmna
1411 467 1723 523 subduxerit
1757 467 1816 533 lt;
1844 483 1935 523 ca-

341 553 586 624 pacitatis
604 554 894 624 privilegio
916 556 1166 611 videlicet
1190 565 1245 611 et
1267 554 1424 613 modo
1448 559 1713 630 inspecto,
1732 571 1788 615 ut
1809 576 1936 617 con-

338 644 626 712 sideretur,
658 647 782 716 quid
808 661 1004 717 capere
1051 650 1240 719 potuit.
1275 649 1301 722 §
1335 651 1383 704 1.
1420 661 1442 690 ο
1470 651 1526 708 Si
1550 652 1678 722 quid
1704 653 1862 709 etiam
1883 654 1935 708 in

338 743 703 812 emancipatos
732 742 931 798 liberos
961 752 1086 799 ante
1115 753 1328 814 tempus
1361 747 1608 802 criminis
1646 762 1710 801 ac
1755 754 1937 802 reatus

337 840 542 905 patrem
587 833 885 890 contulisse
929 835 1204 902 claruerit,
1252 837 1518 908 integrum
1574 838 1762 893 iisdem
1808 837 1835 875 ά
1883 849 1936 894 et

336 928 464 985 citra
508 928 934 999 inquietudinem
969 943 1300 986 reservetur.
1334 931 1444 1003 ξε.
1475 932 1628 1002 Quod
1659 948 1787 988 vero
1836 948 1937 988 nec

338 1038 474 1078 uxor
523 1032 548 1062 θ
591 1038 696 1079 nec
741 1023 1063 1094 emancipati
1109 1025 1262 1080 liberi
1313 1028 1587 1097 potuerint
1637 1027 1932 1096 vindicare,

330 1125 550 1187 captum
579 1125 634 1171 et
663 1117 1062 1186 incorporatum
1093 1117 1166 1172 ita
1199 1116 1220 1155 τ
1250 1118 1316 1172 ad
1349 1135 1434 1174 me
1463 1119 1651 1175 referri
1683 1119 1935 1191 speciali-

326 1219 412 1265 ter
439 1225 665 1278 censeo,
691 1219 751 1265 ut
774 1210 903 1266 illud
934 1227 1149 1283 quoque
1177 1212 1425 1279 addatur,
1458 1223 1636 1268 utrum
1669 1215 1806 1268 ﬁlios
1840 1213 1937 1268 ha-

326 1303 482 1371 beat,
519 1302 612 1373 qui
656 1302 937 1357 damnatus
967 1312 1055 1359 est
1075 1346 1088 1370 ,
1119 1303 1383 1375 simulque
1413 1305 1716 1375 adjiciatur,
1755 1317 1933 1361 utrum

322 1392 495 1450 iidem
523 1405 550 1442 ις
579 1395 719 1466 apud
750 1410 809 1451 se
845 1409 910 1450 ex
937 1409 1100 1451 causa
1125 1395 1434 1452 donationis
1463 1397 1662 1468 aliquid
1691 1397 1931 1453 vindica-

319 1485 458 1541 rint.
509 1484 539 1556 §
581 1486 634 1540 5.
668 1481 700 1522 ¹ι
729 1485 833 1542 Sed
874 1487 925 1541 in
963 1486 1069 1553 his,
1112 1488 1201 1557 qui
1239 1487 1516 1544 ﬁscalibus
1553 1489 1762 1544 aclibus
1809 1491 1934 1546 nexi

319 1588 475 1647 sunt,
504 1588 562 1636 et
588 1595 687 1652 pro
711 1581 1006 1636 ratiociniis
1031 1582 1440 1652 proscribuntur
1484 1591 1538 1640 et
1563 1583 1932 1640 condemnan-

318 1678 414 1731 tu'r
433 1675 655 1746 placuit,
685 1675 730 1731 si
753 1675 878 1747 quid
907 1677 1182 1747 pr0prium
1215 1691 1351 1731 uxor
1378 1675 1564 1732 habuit
1593 1676 1606 1715 ί
1645 1678 1730 1732 vel
1762 1693 1791 1732 a
1819 1693 1934 1732 ma-

1439 254 1756 313 DECRETA
1797 256 1884 313 ET
1924 257 2531 319 CONSTITUTIONES.

3533 263 3640 320 9J0

2513 395 2580 434 DE
2611 394 2932 437 PRIVILEGIIS
2953 395 3132 438 EORUM
3145 425 3156 438 .

2113 467 2253 539 lmp.
2289 459 2653 527 Constantinus
2696 476 2761 528 A.
2811 475 2881 527 ad
2932 473 3135 528 Jutium
3165 473 3353 530 Verum
3383 473 3643 529 Vicnrium

2040 560 2233 618 Italica.
2266 563 2519 619 Palatinis
2562 568 2792 634 nostris,
2826 569 2914 640 qui
2948 570 3017 623 ob
3072 579 3367 639 spectatum
3400 570 3642 625 laborem

2039 656 2151 711 otio
2180 655 2362 711 donati
2391 667 2550 721 sunt,
2577 659 2675 713 sub
2703 660 2925 716 obtentu
2950 661 3391 731 pensitationum,
3416 679 3534 734 qum
3555 679 3642 718 re-

2039 749 2359 818 praesentari
2403 761 2760 818 consuerunt,
2805 753 3088 808 tolerantia
3134 770 3418 809 munerum
3463 755 3640 810 surdi.

2037 841 2230 895 dorum
2272 851 2434 912 atque
2476 843 2679 913 indigni
2726 846 2907 900 oneris
2945 845 3300 916 quorumdam
3339 849 3644 904 temeritate

2039 932 2350 1002 imponitur.
2381 933 2533 1002 Quod
2557 935 2785 1002 facinus,
2804 937 2928 992 licet
2956 938 3202 1005 graviore
3226 954 3381 1010 pmna
3404 942 3645 1010 plecten—

2038 1023 2166 1079 dum
2199 1036 2312 1090 est,
2348 1035 2524 1081 tamen
2549 1027 2620 1081 ita
2656 1028 2906 1082 volumus
2935 1031 3248 1098 emendari,
3300 1041 3357 1086 ut
3408 1034 3645 1104 gravitas

2038 1124 2126 1171 tua
2157 1133 2223 1171 ex
2251 1115 2432 1173 ofﬁcio
2472 1120 2737 1174 rationum
2769 1123 2893 1176 aeris
2924 1123 3158 1193 speciem
3192 1124 3458 1192 postulet,
3491 1134 3546 1178 et
3589 1125 3644 1180 in

2040 1208 2250 1263 tabulas
2291 1210 2342 1264 ei
2385 1209 2625 1265 formatae
2657 1219 2683 1247 ⁸
2715 1211 2845 1281 legis
2875 1211 3035 1282 hujus
3093 1214 3273 1282 apices
3332 1215 3645 1284 imprimat,

2038 1311 2117 1367 ut,
2146 1302 2188 1355 si
2219 1301 2345 1371 quid
2372 1302 2475 1356 tale
2498 1304 2819 1370 sustineant,
2844 1303 2909 1357 ad
2932 1319 3024 1359 eas
3052 1303 3216 1369 illico,
3243 1307 3396 1375 quasi
3424 1307 3490 1360 ad
3515 1322 3648 1377 pra:-

2037 1395 2211 1448 sentia
2240 1395 2499 1461 remedia,
2531 1395 2864 1466 perl‘ugiant,
2906 1407 3070 1468 atque
3091 1398 3158 1452 ab
3180 1398 3446 1453 intentato
3477 1415 3645 1456 onere

2036 1485 2355 1541 liberentur.
2390 1486 2496 1542 PP.
2532 1485 2599 1540 ld
2623 1486 2782 1542 Mart.
2816 1487 3000 1558 Crispo
3031 1487 3096 1564 11,
3129 1498 3174 1543 et
3206 1488 3542 1545 Constantino
3572 1492 3637 1548 11.

2035 1576 2142 1634 CC.
2168 1577 2312 1633 Cass.
2330 1578 2359 1616 ι)
2390 1577 2566 1648 (521).

2155 1688 2222 1728 DE
2261 1688 2700 1742 SUSCEPTORIBUS,
2743 1691 3063 1733 PREPOSITIS
3103 1696 3169 1733 ET
3209 1696 3452 1736 ARCARIIS
3487 1693 3534 1737 θ.

318 1767 434 1824 rito
472 1766 682 1835 datum,
712 1767 764 1822 in
795 1777 1054 1835 quantum
1087 1783 1282 1838 capere
1311 1770 1486 1838 potuit
1515 1773 1528 1820 l
1567 1781 1692 1825 ante
1719 1771 1928 1825 initium
1963 1795 2010 1856 Β
2109 1764 2248 1836 Imp.
2287 1765 2651 1822 Constantinus
2687 1773 2748 1822 Α.
2783 1771 2851 1824 ad
2880 1770 3121 1825 Edictum
3152 1769 3200 1825 ά.
3237 1774 3291 1829 Si
3323 1790 3480 1844 quem
3522 1790 3645 1830 sus-

318 1868 480 1915 actus
505 1857 557 1925 k,
588 1874 654 1914 ex
677 1876 784 1930 quo
820 1860 970 1931 origo
1016 1859 1310 1915 fraudisac
1336 1860 1448 1915 vitii
1471 1861 1522 1914 in
1545 1861 1808 1931 judicium
1839 1863 1934 1918 de-

322 1950 494 2006 ducta
523 1959 630 2016 est,
659 1950 701 2004 si
729 1951 857 2022 quid
889 1950 1084 2005 deinde
1112 1951 1164 2006 in
1190 1951 1562 2021 emancipatos
1592 1952 1728 2007 ﬁlios
1763 1954 1930 2009 d0na-

319 2041 478 2098 tione
517 2041 816 2108 collatum,
865 2050 1152 2112 antequam
1212 2039 1231 2080 1
1283 2051 1404 2097 orto
1450 2059 1588 2097 nexu
1645 2042 1931 2114 suffugium

319 2133 512 2206 potius
533 2149 691 2205 quam
724 2133 1091 2190 muniﬁcentia
1129 2134 1380 2203 l'rausque
1419 2143 1674 2202 tentetur,
1707 2137 1934 2193 inteme-

317 2237 505 2283 ratum
526 2226 666 2298 apud
682 2227 1186 2298 accipientiumjura
1209 2228 1514 2298 persistere;
1538 2232 1931 2301 necquicquam

317 2322 463 2379 ﬁsco
492 2322 548 2376 in
593 2322 836 2392 qualibet
858 2337 1018 2378 causa
1047 2333 1289 2380 teneatur
1315 2324 1632 2390 obnoxium,
1663 2322 1764 2378 nisi
1791 2322 1933 2394 quod

318 2415 376 2472 in
411 2413 658 2470 dominio
686 2417 925 2486 proprio,
955 2431 1074 2471 cum
1098 2417 1323 2487 obligari
1350 2425 1501 2471 ortus
1521 2427 1626 2482 est,
1661 2417 1848 2471 habuit
1867 2427 1930 2483 ω,

319 2508 415 2565 vel
448 2508 592 2579 quod
629 2524 794 2577 agens
824 2518 852 2545 ιι
879 2519 990 2564 tam
1027 2525 1125 2564 suo
1149 2525 1309 2581 quam
1353 2511 1536 2564 uxoris
1576 2511 1662 2565 vel
1701 2509 1930 2565 liliorum

321 2603 414 2660 vel
437 2602 824 2672 cujuscumque
847 2613 1103 2672 praeterea
1124 2603 1340 2658 nomine
1355 2605 1736 2672 comparavitO.
1768 2602 1796 2674 §
1823 2604 1878 2658 4.
1904 2613 1931 2653 ιι

321 2695 591 2766 Exceptis
635 2694 895 2750 duntaxat
935 2693 1256 2749 Caesarianis
1281 2705 1331 2761 τι,
1367 2694 1458 2764 qui
1503 2697 1569 2748 ab
1613 2695 1759 2749 ou'ini
1793 2694 1933 2764 juris

321 2790 597 2847 beneﬁcio
633 2789 990 2844 excluduntur
1017 2799 1065 2856 τ,
1103 2788 1203 2844 nisi
1235 2789 1456 2858 probata
1489 2802 1518 2840 a
1550 2802 1636 2843 me
1678 2797 1930 2858 purgata-

322 2897 442 2955 qne
466 2880 753 2937 ratiocinia
789 2881 1005 2948 fuerint,
1041 2890 1117 2948 ut,
1147 2881 1289 2953 quod
1323 2880 1540 2936 innoxie
1569 2889 1590 2914 -"
1623 2880 1927 2947 habuerint,

321 2972 737 3030 transmittendi
757 2974 966 3043 copiam
990 2973 1243 3028 habeant.
1265 2972 1389 3027 Dat.
1415 2974 1500 3028 Ill.
1517 2974 1621 3027 kat.
1641 2972 1933 3029 Mart.Ser-

323 3066 506 3132 dica‘,
531 3062 712 3136 Crispo
728 3063 790 3119 ll.
821 3063 1224 3121 etConstantino
1244 3065 1309 3120 ll.
1339 3063 1511 3119 Caess.
1547 3070 1690 3118 Loss.
1720 3064 1928 3138 (521)“.

405 3230 433 3258 ⁸
461 3235 513 3276 c.
538 3220 606 3275 24
624 3219 759 3275 Cod.
782 3220 920 3277 Just.
939 3222 1033 3277 cit.
1061 3221 1376 3276 observanda
1391 3221 1769 3274 sit—maritum
1798 3223 1927 3290 ejus.
1958 3189 2004 3253 C

401 3291 432 3332 ³)
453 3307 502 3346 c.
531 3291 605 3346 24
629 3290 760 3346 Cod.
803 3292 943 3348 Just.
989 3294 1083 3347 cit.
1114 3293 1432 3346 subduxerit.
1465 3291 1562 3363 Sin
1606 3303 1774 3345 autem
1801 3309 1934 3363 aqua

325 3375 374 3419 et
401 3365 511 3435 igni
539 3366 586 3418 ei
611 3365 935 3417 interdictum
955 3367 1072 3430 erit,
1101 3365 1177 3418 vel
1205 3363 1490 3435 deportatio
1518 3362 1660 3435 illata
1682 3405 1696 3426 ,
1726 3379 1826 3416 non
1847 3362 1932 3417 ta-

325 3434 447 3489 men
474 3451 612 3490 mors
634 3451 697 3489 ea:
720 3452 867 3504 poma
893 3439 1192 3489 subsecuta:
1218 3434 1514 3488 dunationes
1540 3452 1572 3486 a
1598 3434 1703 3486 viro
1728 3435 1782 3487 in
1803 3451 1934 3488 uxo-

322 3523 437 3561 rem
470 3507 707 3572 collatis,
756 3507 925 3559 adhuc
972 3507 1025 3560 in
1081 3507 1320 3575 pendenti
1364 3515 1603 3557 maneant
1634 3521 1652 3557 :
1679 3507 1797 3574 quia
1845 3521 1934 3559 nec

324 3578 715 3651 matrimonium
740 3579 791 3631 in
823 3578 1117 3651 hujusmodi
1148 3577 1346 3630 casibus
1373 3577 1687 3636 dissolvitur,
1712 3576 1783 3628 ita
1809 3577 1934 3651 utsi

323 3665 491 3719 usque
510 3649 578 3702 ad
604 3653 720 3704 uitta
746 3665 854 3703 sum
879 3649 1075 3718 tempus
1115 3651 1326 3702 maritus
1360 3664 1442 3701 eas
1472 3663 1572 3700 non
1600 3649 1928 3710 revocaverit,

325 3737 395 3774 ea:
426 3729 588 3774 morte
614 3721 725 3792 ejus
749 3721 1157 3788 conﬁrmentur:
1184 3720 1307 3788 ﬁsco
1331 3731 1504 3792 nostro
1533 3719 1602 3770 ad
1629 3719 1827 3772 easdem
1853 3734 1934 3773 res

325 3793 531 3863 nullam
553 3793 610 3845 in
635 3790 895 3863 posterum
920 3792 1321 3863 communionem
1351 3790 1606 3863 habituro.

409 3873 431 3901 ο
456 3862 594 3918 Hinc
619 3860 705 3918 inc
729 3861 780 3920 ξ.
816 3864 837 3918 1
872 3878 920 3917 c.
947 3862 980 3917 9
1005 3860 1138 3917 Cod.
1167 3861 1305 3916 Just.
1340 3862 1432 3915 cit.

407 3932 490 3991 ἀι
515 3933 622 3989 Til.
647 3963 719 3974 —

327 4006 483 4060 citra.

413 4087 435 4115 ε
455 4077 574 4133 Fol.
607 4076 678 4132 62
700 4086 728 4116 α
755 4075 878 4132 cod.
905 4077 962 4131 4.

411 4150 430 4187 τ
458 4165 512 4205 c.
541 4148 730 4204 9Cod.
758 4148 898 4204 Just.
922 4150 1015 4202 cit.
1047 4155 1251 4218 captum
1278 4163 1309 4199 a
1339 4145 1554 4218 publicis
1581 4145 1810 4212 personis
1837 4145 1928 4218 ita.

407 4231 431 4266 ὅ
462 4221 518 4287 4,
549 4219 850 4290 Til.—Cuj.
875 4219 950 4273 2'.
997 4219 1081 4274 lii.
1110 4216 1222 4273 111⁸.
1255 4216 1409 4272 idem.
1454 4217 1552 4271 ϐο.
1582 4219 1721 4281 item,
1756 4217 1850 4271 sed
1877 4216 1930 4271 in

331 4301 444 4346 not.
470 4292 644 4346 iidem.

404 4362 432 4400 ιι
463 4365 600 4418 Hinc
625 4365 731 4418 inc.
760 4363 789 4434 §
819 4361 854 4415 ‘2
875 4376 922 4416 c.
951 4363 985 4417 9
1013 4359 1147 4434 Cod.
1177 4360 1316 4416 Just.
1344 4360 1439 4415 cit.

412 4434 426 4472 ί
459 4452 509 4490 c.
534 4435 566 4490 9
598 4435 733 4489 Cod.
762 4433 903 4488 Just.
930 4433 1180 4488 habuerit.

409 4519 424 4556 ι
459 4507 518 4562 ln
543 4505 677 4561 Cod.
706 4505 845 4561 Just.
884 4507 934 4568 1,
965 4520 1012 4559 c.
1040 4518 1148 4557 om.
1178 4504 1229 4557 in
1255 4519 1303 4566 q.
1333 4519 1379 4555 c.
1413 4519 1466 4572 p.

783 3934 846 3990 i‘.
873 3933 1088 3989 hisdem.
1140 3948 1189 3988 c.
1231 3933 1264 3989 9
1290 3931 1428 3987 Cod.
1455 3931 1593 3988 Just.
1623 3931 1718 3986 cit.
1752 3931 1932 3986 iisdem

2038 1867 2311 1929 ceptorem
2335 1862 2599 1916 evertisse
2627 1863 2931 1918 constiterit
2954 1866 3239 1931 rationem,
3267 1876 3320 1921 et
3346 1868 3411 1921 ad
3434 1868 3650 1925 solven-

2037 1949 2163 2005 dum
2188 1967 2294 2006 non
2318 1967 2440 2008 esse
2465 1953 2739 2018 idoneum,
2769 1969 2982 2011 creator
3001 1956 3121 2026 ejus
3150 1959 3248 2012 hac
3277 1967 3300 1994 θ
3327 1960 3649 2015 necessitate

2036 2051 2306 2109 teneatur,
2332 2054 2409 2112 ut,
2434 2045 2684 2116 quicquid
2708 2046 2798 2102 ille
2819 2046 3152 2119 dilapidavit,
3183 2051 3297 2120 ipse
3323 2051 3389 2106 de
3419 2053 3648 2122 propriis

2036 2135 2199 2190 rebus
2227 2137 2509 2200 instauret,
2543 2139 3008 2211 compellaturque
3050 2141 3302 2196 damnum
3336 2159 3496 2198 omne
3527 2160 3646 2198 sar-

2037 2227 2171 2292 cire,
2201 2229 2342 2297 quod
2379 2228 2397 2266 ί
2437 2239 2583 2284 esset
2623 2231 2852 2297 illatum,
2886 2233 2931 2286 si
2975 2233 3026 2286 in
3066 2233 3273 2287 idoneis
3309 2235 3648 2289 nominandis

2037 2331 2354 2391 competens
2397 2323 2693 2379 adhibitum
2722 2334 2868 2380 esset
2911 2335 2936 2375 Β
2968 2341 3216 2383 examen.
3251 2326 3372 2382 Dat.
3411 2329 3516 2383 Vll.
3555 2329 3643 2383 Id.

2037 2413 2208 2485 April.
2237 2413 2419 2486 Crispo
2446 2416 2509 2471 11.
2537 2428 2586 2472 et
2608 2418 2944 2474 Constantino
2971 2420 3032 2474 11.
3066 2423 3176 2475 ΛΑ.
3214 2419 3239 2459 ¹³
3280 2421 3424 2477 Cass.
3471 2423 3646 2497 (5⁵24.)

2167 2525 2234 2565 nr:
2272 2526 2391 2578 ms,
2434 2526 2521 2576 om
2562 2527 2759 2567 vuum
2798 2529 3006 2569 .marts
3043 2530 3420 2572 IMPETRARUNT
3462 2515 3505 2571 ί.

2110 2601 2249 2672 Imp.
2293 2600 2662 2659 Constantinus
2691 2605 2754 2658 Α.
2787 2607 2856 2659 ad
2907 2605 3156 2660 Verinum
3182 2609 3227 2661 1’.
3256 2607 3458 2664 Omnes
3503 2609 3637 2664 ado-

2110 2725 2136 2753 ει
2165 2715 2267 2772 Go.
2307 2733 2412 2798 em.
2456 2718 2758 2787 elformataz.
2800 2719 2927 2776 Mihi
2965 2721 3146 2793 placet
3183 2727 3294 2796 ejus
3334 2723 3449 2797 (sc.
3491 2727 3646 2798 teris)

2037 2791 2270 2860 formatae
2300 2789 2445 2860 legis.

2110 2858 2137 2897 ι)
2157 2859 2278 2940 Cuj.
2315 2858 2522 2940 i:——Be.
2560 2861 2823 2940 Consulit).
2845 2863 3207 2940 deexotenu
3223 2867 3390 2936 (corr.
3417 2868 3645 2940 obtentu)

2035 2960 2106 2971 -—
2126 2930 2443 3005 plectendum
2473 2934 2732 3005 —_iliquo
2757 2963 2828 2974 —
2849 2935 2964 3005 abq.
2997 2938 3059 2990 ub
3083 2937 3176 2990 int.

2112 3013 2134 3040 ε
2166 3001 2200 3053 4
2230 3005 2519 3071 prepositis.
2552 3001 2727 3058 Noun.
2769 3001 2936 3060 codd.
2973 3006 3289 3072 Propositis,
3324 3009 3410 3063 alii
3443 3011 3641 3063 Archa-

2036 3074 2148 3150 riis.
2177 3073 2298 3150 qui.
2326 3073 2392 3150 2,
2414 3075 2470 3126 2·
2510 3074 2583 3150 in_
2604 3075 2729 3150 ind.
2767 3078 2847 3150 tit.
2881 3079 3110 3150 arcaris.
3141 3080 3210 3133 54
3241 3095 3349 3134 om.
3387 3081 3562 3150 Prtep.
3599 3093 3645 3134 et

2037 3143 2162 3198 Arc.
2191 3144 2340 3220 Sich.
2381 3145 2432 3220 in
2467 3161 2540 3220 nt.
2572 3146 2763 3220 indicis
2803 3149 2908 3202 titt.
2948 3149 3073 3220 huic
3103 3149 3239 3204 libro
3277 3152 3478 3220 praeﬁxi
3507 3143 3559 3206 et
3592 3154 3641 3206 in

2039 3230 2112 3269 m.
2137 3215 2365 3270 rubricae
2402 3217 2560 3284 hujus
2612 3218 2750 3271 tituli
2776 3220 2842 3272 ad
2867 3235 2919 3272 ν.
2950 3219 3255 3285 Prmpositis
3277 3215 3298 3275 ἓ
3318 3233 3364 3275 et
3413 3223 3640 3276 Exacto-

2037 3286 2180 3360 ribus
2211 3295 2257 3339 et
2311 3287 2538 3339 Arcariis
2578 3289 2708 3360 reip.
2767 3290 2820 3343 ln
2855 3290 2976 3344 cod.
3021 3292 3092 3345 43
3131 3308 3193 3344 ex
3233 3292 3460 3360 Explan.
3513 3294 3638 3348 add.

2037 3356 2132 3409 hoc
2153 3372 2200 3480 et.
2219 3367 2510 3480 ixactorum
2533 3357 2750 3427 publicae
2775 3361 2902 3414 citra
2926 3364 3285 3416 conscientiam
3304 3356 3501 3434 iudicis
3528 3365 3642 3434 ﬁeri

2037 3444 2138 3480 non
2197 3447 2222 3480 e
2257 3445 2358 3480 ere.

2035 3444 2138 3481 non
2160 3444 2358 3482 acuere.

2107 3495 2134 3534 ἀ
2160 3499 2319 3554 Rein.
2342 3515 2469 3554 ann.
2499 3516 2512 3552 :
2543 3500 2580 3554 ι.
2600 3500 2668 3554 ad
2697 3499 2964 3554 Ecdicium
2993 3519 3012 3555 ,ο
3040 3503 3116 3556 uel
3143 3500 3374 3558 Ecducu.
3409 3521 3428 3559 :
3477 3504 3541 3560 ν.
3573 3506 3640 3558 ad

2037 3569 2075 3642 ι.
2111 3571 2165 3623 2.
2199 3571 2259 3642 (1.
2294 3572 2370 3640 ὅ.)
2406 3573 2468 3625 de
2495 3574 2756 3626 extraord.
2791 3583 2836 3626 et
2861 3574 3003 3627 sord.
3028 3591 3225 3628 muner.
3270 3575 3391 3630 Vid.
3418 3591 3466 3631 c.
3517 3577 3640 3630 Ede

2040 3640 2322 3767 Extttba'ord.
2384 3657 2429 3696 s.
2485 3642 2630 3697 sord.
2674 3659 2886 3699 muner.
2933 3643 3048 3716 (XI,
3098 3645 3191 3715 16)
3235 3655 3290 3702 et
3337 3645 3405 3714 V,
3443 3648 3532 3712 14,
3582 3649 3636 3711 1,

2040 3727 2105 3767 uo
2193 3755 2205 3767 .

2035 3723 2128 3767 1101
2156 3723 2205 3768 D.

2111 3794 2136 3856 t3
2161 3788 2194 3856 4
2219 3804 2300 3854 ac,
2334 3787 2500 3842 rubro
2526 3787 2631 3842 col.
2659 3785 2783 3840 add.
2817 3786 2851 3838 It
2880 3801 3027 3856 supr.
3061 3806 3113 3841 a.

2112 3853 2132 3892 τ
2163 3855 2263 3912 Go.
2287 3853 2410 3913 addi
2433 3859 2542 3912 vult
2567 3865 2659 3912 aut
2687 3874 2788 3910 non
2811 3866 2902 3913 aut
2922 3853 3090 3915 rescr.
3111 3859 3347 3915 ditatum.
3376 3861 3509 3918 Illud
3531 3861 3632 3919 ϐο.

2035 3928 2274 3996 praefert,
2310 3929 2501 3998 probat
2530 3930 2625 3984 Be.
2657 3939 2710 3983 et
2737 3944 2858 3999 ego.

2108 4007 2136 4070 β
2168 3999 2289 4056 Sec.
2319 3999 2418 4056 ϐο.
2451 4017 2547 4070 pro
2578 4000 2775 4069 fuisset.

2105 4066 2133 4145 ξι
2166 4070 2271 4145 Til.
2301 4101 2372 4145 -τ-
2401 4066 2668 4145 Ιιὶιεᾶζᾼ.
2704 4071 2990 4145 RecteBe.
3023 4087 3119 4142 pro
3146 4074 3258 4129 AA.
3291 4089 3409 4145 rep.
3435 4077 3489 4130 in
3520 4087 3633 4132 not.

2035 4137 2136 4212 CC.
2169 4141 2286 4212 Cuj.
2320 4143 2356 4196 2
2383 4173 2455 4185 --
2484 4137 2570 4196 Ri.
2597 4139 2751 4197 Cons.
2777 4154 2829 4198 et
2853 4144 2970 4198 Rit.
2994 4137 3121 4198 421.

2115 4211 2144 4284 ί-
2166 4210 2483 4284 Complures
2512 4214 2696 4280 codd.,
2730 4215 2781 4268 in
2817 4215 2919 4268 titt.
2959 4215 3071 4268 ind.
3103 4213 3226 4269 edd.
3261 4216 3408 4272 Sich.
3443 4227 3497 4272 et
3527 4218 3632 4273 Til.

2035 4282 2169 4339 Cod.
2197 4282 2784 4362 Justzimpetraverunt.
2829 4286 2884 4353 9,
2907 4284 2978 4340 4:2
3004 4286 3295 4356 impetrant.
3357 4289 3424 4344 19
3474 4290 3632 4362 impe-

2037 4356 2301 4429 traverint.
2335 4357 2434 4429 2οῨ
2453 4358 2792 4429 imperabunt.

2114 4427 2238 4501 J_38
2258 4444 2376 4501 ppo.
2401 4427 2536 4501 Cod.
2562 4428 2699 4501 Just.
2733 4427 2876 4494 PP.,
2902 4428 3133 4498 improb.
3166 4430 3294 4496 ϐο..
3317 4430 3409 4501 qui
3441 4431 3531 4501 Pf.
3561 4431 3628 4486 U.

2039 4497 2163 4566 poni
2194 4497 2325 4560 vult,
2356 4499 2498 4572 quod
2527 4499 2808 4572 ‘léhabet,
2838 4509 2892 4556 et
2923 4497 3217 4555 in’subscr.
3251 4497 3630 4572 corrigendum

407 4576 435 4614 ¹ι
469 4577 542 4633 Ita
570 4577 665 4633 ΒΘ.
710 4593 775 4632 ex
810 4576 945 4631 Cod.
987 4576 1124 4631 Just.
1152 4591 1165 4638 ;
1199 4573 1232 4627 4
1257 4569 1504 4628 Til.—4m
1527 4576 1568 4628 ⁹.
1597 4583 1790 4627 actum.
1827 4572 1928 4630 ϐο.

2043 4583 2157 4642 esse
2187 4579 2338 4642 putat
2362 4569 2544 4642 Crispo
2574 4570 2660 4624 111.
2690 4579 2736 4624 et
2772 4571 3104 4626 Constantino
3132 4572 3222 4626 Ill.
3258 4569 3439 4637 Cossi,
3470 4574 3518 4627 id
3548 4582 3634 4628 est

337 4666 446 4706 em.
469 4650 668 4704 initum.
699 4649 1001 4704 Summaria
1023 4645 1158 4702 Cod.
1186 4645 1392 4700 Theod.
1427 4661 1478 4716 p.
1509 4646 1566 4698 11
1597 4657 1712 4698 ante
1736 4645 1935 4699 initium

337 4734 570 4776 actionis.

419 4791 436 4831 ι
469 4791 601 4848 Cod.
635 4791 777 4847 Just.
807 4791 842 4845 1.
899 4806 947 4845 c.
993 4788 1237 4868 collatum
1279 4797 1372 4868 est“
1392 4796 1516 4868 ante
1550 4803 1704 4868 quam
1745 4787 1936 4868 crimen

339 4865 533 4920 oriatur
572 4867 932 4920 intemeratum
955 4904 968 4926 ,
996 4861 1192 4916 omissa
1214 4901 1227 4922 ,
1255 4867 1314 4913 ut
1334 4858 1434 4914 Go.
1466 4857 1622 4923 dicit,
1651 4857 1935 4926 elegantis-

340 4936 473 4991 sima
499 4935 730 5001 ratione,
758 4951 876 5003 qua:
911 4935 995 4987 hic
1029 4931 1353 4985 continetur.
1395 4928 1746 4999 Til.—Lugd.
1772 4931 1934 4982 cotta-

343 5015 446 5061 tum
471 5019 608 5074 ante,
638 5023 812 5076 quant.
843 5005 928 5059 Ri.
1103 5004 1367 5076 collatum,
1393 5012 1535 5076 ante,
1565 5016 1737 5076 quam.

414 5089 452 5116 ηλ
479 5073 611 5134 Cod.
639 5073 781 5134 Just.
805 5079 840 5130 l.
864 5093 914 5131 c.
940 5074 1155 5143 obligari
1183 5073 1350 5142 erepit,
1383 5073 1631 5126 habuerit.

416 5161 441 5187 ιι
466 5150 498 5204 4
519 5168 660 5221 ages.
686 5149 780 5205 sed
803 5164 910 5204 em.
939 5141 1179 5221 agensab
1205 5141 1659 5221 ipSo,.u_t_videtur
1685 5141 1927 5221 librario.

420 5230 442 5256 ο
471 5213 601 5276 Cod.
633 5222 771 5276 Just.
803 5221 840 5272 1.
875 5234 925 5274 c.
955 5213 1130 5272 uxoris
1154 5231 1262 5269 suae
1288 5213 1365 5269 vel
1385 5213 1928 5285 ﬁl.-——comparaverit.

418 5303 444 5342 Ρ
466 5293 580 5348 Fol.
613 5294 686 5348 ϐξ
706 5291 735 5330 δ
762 5290 886 5346 cod.
915 5290 969 5344 4.

417 5374 442 5414 ιι
465 5364 517 5418 lu
539 5364 674 5419 Cod.
695 5363 834 5417 Just.
863 5361 900 5415 1.
925 5375 973 5415 c.
1004 5358 1128 5414 add.
1152 5358 1229 5413 vel
1257 5357 1641 5413 Catholicianis.

420 5445 440 5471 τ
470 5437 587 5505 Cuj.
619 5437 676 5501 2,
709 5436 766 5489 2'
791 5434 1126 5495 exluduntur,
1156 5430 1433 5505 mendose.

420 5513 440 5540 ⁸
457 5501 710 5561 “tinos-ie
743 5505 965 5569 (iuerint,
984 5505 1077 5558 sed
1101 5517 1208 5556 em.
1232 5501 1300 5555 ab
1321 5510 1433 5556 aut.
1461 5517 1621 5556 manu
1641 5502 1928 5557 habuerint.

423 5579 439 5613 ι
476 5594 524 5633 c.
565 5577 637 5632 24
661 5577 798 5634 Cod.
826 5575 964 5632 Just.
993 5574 1086 5630 cit.
1118 5573 1399 5640 Sardiniaz,
1424 5573 1584 5630 male.
1621 5573 1677 5642 4,
1715 5573 1838 5631 edd.
1867 5572 1929 5630 C.

343 5649 446 5706 Th.
477 5650 725 5706 Serdicae.

420 5731 446 5759 ιι
467 5737 516 5776 c.
540 5719 614 5776 Ἃ
634 5721 765 5777 Cod.
802 5719 939 5776 Just.
969 5733 1076 5775 om.
1112 5715 1277 5774 Caess.
1307 5729 1356 5772 c.
1382 5716 1416 5772 9
1443 5715 1579 5774 Cod.
1602 5715 1740 5776 Just.
1772 5717 1935 5776 habet

346 5795 552 5850 subscr.
587 5806 636 5848 c.
671 5791 740 5850 t5
769 5791 820 5846 h.
857 5799 896 5846 t.
923 5790 1056 5846 Aur.
1085 5787 1255 5860 Lugd.
1285 5798 1435 5844 cons.

2042 4640 2168 4706 594,
2199 4640 2340 4710 quod
2369 4651 2422 4696 et
2459 4641 2561 4695 hoc
2586 4657 2728 4696 anno
2751 4686 2765 4708 ,
2797 4659 2902 4695 non
2943 4654 3120 4696 autem
3167 4659 3310 4697 anno
3341 4645 3439 4699 3Q!
3486 4644 3631 4698 Con-

2041 4712 2733 4785 statutinusg'gl‘hessalmiictn
2762 4721 3124 4785 commoratus
3151 4725 3235 4785 est
3264 4715 3396 4785 (vid.
3430 4731 3478 4770 c.
3511 4715 3545 4768 4
3566 4714 3628 4769 C.

2040 4781 2142 4855 Th.
2196 4783 2262 4836 de
2286 4781 2738 4855 _Navicul.7Xlll,
2785 4785 2817 4837 5
2841 4782 2859 4855 )
2882 4823 2904 4855 ,ν
2927 4792 2980 4836 et
3008 4783 3134 4838 Luc.
3168 4781 3400 4839 Verinus
3432 4785 3523 4854 Pr.
3562 4786 3630 4842 V.

2039 4854 2158 4917 fuit,
2193 4853 2336 4909 unde
2364 4856 2525 4907 etiam
2557 4854 2722 4907 inscr.
2749 4865 2803 4909 et
2831 4853 3039 4908 Subscr.
3067 4869 3116 4908 c.
3148 4855 3168 4908 1
3205 4856 3265 4910 C.
3298 4855 3401 4912 Th.
3436 4853 3627 4912 Famil.

2041 4925 2189 4979 herc.
2225 4924 2340 4994 (11,
2380 4924 2448 4978 24
2474 4923 2504 4998 )_
2537 4923 2924 4998 emendandam
2966 4940 3089 4979 esse
3131 4939 3340 4984 censet.
3382 4931 3512 4995 Qua:
3555 4930 3626 4998 cj.

2038 4994 2684 5068 quamquamprobabilis
2707 5007 2788 5049 est
2817 5038 2830 5061 ,
2861 5005 3037 5050 tamen
3064 5011 3169 5050 non
3205 4999 3376 5068 potuit
3403 4994 3488 5055 me
3515 4994 3634 5054 mo-

2038 5082 2184 5140 vere,
2209 5077 2269 5120 ut
2294 5066 2576 5140 quicquam
2624 5077 2884 5123 mutarem
2913 5107 2926 5129 ,
2954 5082 3096 5140 cum
3136 5066 3215 5140 ne
3245 5085 3385 5124 unus
3414 5071 3632 5140 quidem

2037 5137 2208 5193 codex
2246 5153 2422 5208 neque
2452 5138 2540 5208 hic
2581 5153 2755 5207 neque
2785 5140 2837 5193 in
2867 5155 2914 5192 c.
2943 5139 2968 5193 1
3006 5137 3158 5194 Fam.
3193 5139 3339 5197 here.
3375 5137 3470 5196 cii.
3502 5143 3633 5196 sub-

2037 5207 2387 5281 scriptionem
2431 5224 2461 5264 a
2506 5207 2606 5266 Go.
2640 5209 2971 5280 prepositam
3013 5211 3325 5280 conﬁrmet;
3360 5213 3503 5281 quod
3535 5228 3632 5267 au-

2036 5288 2146 5337 tem
2181 5280 2247 5335 l5
2273 5298 2418 5352 ppm.
2457 5283 2598 5335 urbis
2637 5281 2854 5336 exhibet
2875 5297 2983 5336 non
3022 5284 3154 5337 tanti
3194 5291 3310 5351 est,
3344 5280 3402 5337 ut
3443 5291 3632 5339 contra

2039 5353 2278 5407 omnium
2311 5351 2501 5418 codd.,
2548 5353 2919 5407 auctoritatem
2970 5353 3071 5407 alia
3109 5355 3298 5408 subscr
3323 5391 3338 5407 .
3381 5358 3634 5421 ponenda

2040 5423 2131 5495 sit.
2156 5423 2252 5479 Be.
2277 5435 2366 5478 aut
2388 5422 2532 5495 PPf.
2569 5423 2637 5478 U.
2667 5423 2800 5495 addi
2821 5422 3086 5495 autﬁCoss.
3117 5424 3314 5479 mutari
3343 5425 3497 5492 vult,
3529 5427 3631 5482 sed

2040 5493 2282 5567 Verinus
2310 5495 2471 5565 hujus
2493 5493 2641 5567 'anni_
2666 5493 2735 5548 P.
2768 5494 2860 5567 Pf.
2896 5494 2986 5567 U._
3010 5511 3272 5567 nusquam
3300 5509 3633 5552 commemo-

2041 5578 2212 5631 ratur,
2235 5565 2467 5622 Maximo
2498 5565 2878 5622 I’rzefectura'm
2907 5565 3056 5620 urbis
3081 5565 3138 5638 h.
3171 5582 3222 5621 a.
3255 5579 3498 5638 gerente.
3527 5568 3633 5624 Mo-

2042 5638 2281 5696 nendum
2313 5646 2571 5708 praeterea
2597 5647 2718 5707 est,
2752 5639 2804 5693 in
2840 5654 2891 5694 c.
2933 5638 2960 5691 1
2988 5637 3080 5708 cit.
3109 5637 3301 5694 deesse
3322 5638 3627 5695 Tltessaton.

2045 5707 2324 5766 Caaterum’
2358 5719 2687 5766 memoratur
2732 5707 3074 5765 Constantini
3117 5709 3186 5765 ad
3234 5709 3480 5767 Verinum
3512 5710 3628 5764 Vic.

2049 5782 2241 5853 Africa?
2264 5781 2582 5850 rescriptum
2625 5781 2690 5836 A.
2725 5781 2789 5842 D.
2818 5780 2917 5838 39.1
2950 5781 3002 5836 in
3041 5779 3331 5840 collatione
3359 5780 3640 5852 Carthagi-
