4082 6178
553 283 652 347 23!

1853 269 2306 336 CONSTANTINI
2344 268 2561 332 MAGNI

3745 252 3853 334 ιω

561 406 748 467 petuas
788 393 1152 468 prudentium,
1197 392 1575 450 contentiones
1634 405 1825 448 eruere
1873 392 2153 463 cupientes
2181 392 2231 452 Α
2259 388 2424 454 bitur,
2454 383 2728 456 deportari
2757 397 2880 441 eum
2925 382 2980 440 in
3021 382 3252 440 insulam
3299 383 3599 455 oportebit.
3643 387 3855 442 cunctis

563 490 766 560 Ulpiani
814 503 877 543 ac
909 489 1060 542 Pauli
1093 489 1145 543 in
1174 487 1526 558 Papinianum
1559 495 1738 552 notas,
1770 487 1884 556 qui,
1915 486 2039 540 dum
2074 486 2151 539 in-

569 581 708 652 genii
751 579 965 635 laudent
1007 589 1302 645 sectantur,
1347 594 1454 635 non
1496 589 1601 633 tam
1634 579 1906 648 corrigere
1943 586 1968 613 α
2005 592 2154 642 cum,

560 687 718 742 quam
750 671 1045 742 depravare
1071 671 1099 710 ι)
1146 672 1467 738 maluerunt,
1501 670 1705 726 aboleri
1733 669 2073 740 pra-cipimus
2107 681 2153 723 (ε.

559 761 678 816 Dat.
725 762 813 817 IV.
847 759 874 799 ιι
900 762 1028 818 Kal.
1063 763 1179 821 Oct.
1222 772 1245 800 ο
1276 761 1604 818 Constantino
1633 762 1697 818 II.
1733 771 1779 815 et
1813 759 1994 831 Crispo
2031 757 2049 797 ί
2093 758 2154 813 ll.

561 854 661 911 CC.
692 855 834 912 Cass.
859 855 1032 929 (521).

1098 1029 1166 1070 DE
1195 1027 1360 1070 FALSA
1391 1027 1626 1070 IONETA.

636 1143 776 1220 Imp.
815 1148 1203 1206 Constantinus.
1248 1149 1313 1205 A.
1347 1151 1416 1206 ad
1435 1150 1780 1204 Januarinum
1813 1158 1859 1203 8.
1893 1147 2157 1216 Quoniam

565 1241 806 1295 nonnulli
825 1241 1105 1298 monetarii
1135 1241 1489 1298 adulterinam
1521 1252 1790 1297 monetam
1812 1237 1840 1277 ιι
1868 1240 2159 1296 clandesti-

566 1335 650 1389 nis
682 1334 980 1390 sceleribus
1005 1344 1278 1401 exereent,
1309 1337 1488 1392 cuncti
1527 1345 1878 1406 cognoscant,
1919 1333 2158 1389 necessi-

567 1435 728 1482 tatem
758 1428 860 1483 sibi
882 1428 1194 1482 incumbere
1218 1427 1376 1497 hujus
1400 1428 1544 1482 ntodi
1568 1427 1813 1482 homines
1830 1423 2159 1495 inquirendi,

566 1527 626 1572 ut
651 1519 954 1590 investigati
993 1519 1270 1574 tradantur
1291 1519 1504 1588 judiciis
1536 1517 1581 1587 ί,
1612 1518 1737 1574 facti
1784 1517 2037 1573 conscius
2068 1531 2164 1586 per

568 1619 837 1666 tormenta
858 1609 998 1665 illico
1017 1608 1324 1680 prodituri,t
1351 1625 1415 1664 ac
1437 1609 1515 1666 sic
1527 1610 1702 1680 dignis
1719 1608 1992 1678 suppliciis
2012 1606 2165 1662 addi-

566 1702 742 1758 cendi.
778 1701 806 1773 §
841 1704 892 1756 t.
914 1701 1327 1757 Aecusatoribus
1355 1702 1516 1756 etiam
1544 1715 1731 1756 eorum
1771 1699 2163 1754 immunitatem

2261 481 2378 551 ejus
2404 480 2563 535 rebus
2598 477 2842 550 protinus
2879 476 3267 543 contiscandis;
3311 481 3355 531 si
3399 492 3528 533 vero
3563 491 3629 533 eo
3665 479 3856 549 ignaro

2258 575 2461 630 crimen
2485 574 2834 630 commissum
2867 582 2951 628 est
2979 580 3036 638 ει,
3067 571 3463 641 possessionem
3506 580 3600 626 aut
3631 570 3854 627 domum

2259 668 2422 724 debet
2441 669 2715 734 amittere,
2744 668 2796 721 in
2828 681 2932 738 qua
2962 663 3015 720 id
3045 664 3222 720 scelus
3250 664 3545 721 admissum
3564 675 3664 722 est.
3692 667 3859 722 Actor

2257 759 2405 815 fundi
2437 761 2518 816 vel
2545 775 2765 827 servus,
2797 759 2884 815 vel
2914 758 3122 822 incola,
3153 757 3240 812 vel
3264 757 3490 814 colonus
3517 801 3533 826 ,
3575 759 3669 829 qui
3697 759 3802 816 hoc
3828 759 3858 798 δ

2260 855 2621 912 ministerium
2661 855 2888 926 praebuit
2911 897 2926 922 ,
2957 871 3079 913 cum
3104 873 3169 914 eo
3195 856 3284 927 qui
3314 852 3439 910 fecit
3464 853 3731 924 supplicio
3764 869 3855 909 ea-

2260 947 2410 1020 pitali
2434 947 2717 1018 plectetur,
2747 946 3097 1004 nihilominus
3122 947 3290 1003 fundo
3316 946 3399 1000 vel
3451 945 3614 1001 domo
3638 945 3757 1000 lisci
3784 945 3859 1000 vi-

2261 1041 2411 1098 ribus
2437 1039 2777 1096 vindicanda.
2824 1041 2852 1112 §
2903 1042 2955 1095 5.
2989 1041 3142 1109 Quod
3179 1041 3223 1096 si
3263 1038 3512 1095 dominus
3551 1048 3680 1093 ante
3710 1037 3860 1108 igno-

2262 1147 2420 1198 rans,
2444 1141 2505 1186 ut
2536 1132 2765 1201 primum
2799 1133 3021 1202 reperit,
3053 1143 3074 1170 ο
3110 1133 3286 1188 scelus
3314 1129 3550 1201 prodidit
3575 1137 3864 1201 perpetu-

2265 1234 2398 1289 tum,
2423 1224 2644 1278 minime
2676 1226 2948 1294 possessio
2980 1225 3062 1280 vel
3093 1224 3283 1279 domus
3315 1223 3483 1294 ipsius
3510 1223 3866 1293 proscriptio.

2264 1319 2349 1374 nis
2378 1317 2405 1355 ἀ
2430 1319 2642 1389 injuria:
2677 1318 3009 1388 subjacebit,
3044 1318 3137 1373 sed
3165 1328 3437 1374 auctorem
3462 1333 3524 1373 ac
3553 1317 3866 1372 ministrum

2267 1427 2423 1484 pinna
2452 1411 2695 1482 capitalis
2717 1411 2969 1482 excipiet.
2998 1410 3118 1465 Dat.
3151 1410 3264 1465 ΧΠ.
3299 1409 3424 1468 Kal.
3457 1408 3580 1464 Dec.
3619 1419 3643 1448 ο
3671 1409 3864 1478 Roma,

2267 1502 2447 1574 Crispo
2475 1503 2538 1558 Il.
2564 1511 2608 1557 et
2636 1501 2968 1558 Constantino
2995 1501 3059 1558 ll.
3091 1501 3194 1556 CC.
3219 1499 3363 1557 Cass.
3395 1500 3574 1574 (521).

2919 1633 2987 1672 DE
3006 1631 3205 1672 JUDEIS.

2317 1709 2458 1782 Imp.
2476 1710 2844 1766 Constantinus
2855 1710 2896 1765 Α
2907 1750 2920 1764 .
2945 1709 3314 1764 Decurionibus
3329 1710 3456 1781 Agri
3460 1707 3839 1780 ppiniensibus‘
3849 1750 3866 1766 .

565 1791 998 1863 Permiili'llusl‘.
1026 1796 1182 1863 CUIUS
1197 1792 1412 1859 ηὶοάυεν
1443 1793 1696 1862 quoniam
1723 1791 1907 1857 dispar
1927 1785 2156 1846 census]
2194 1791 2242 1851 Β
2268 1799 2488 1858 Cunctis
2514 1802 2794 1858 ordinibus
2821 1801 3058 1871 generali
3087 1801 3206 1870 lege
3232 1800 3579 1856 concedimus
3597 1842 3612 1867 ,
3645 1800 3868 1858 Judxos

569 1895 672 1953 est,
709 1902 738 1939 a
764 1887 920 1942 nobis
941 1901 1038 1957 per
1060 1888 1298 1958 singulos
1325 1894 1592 1941 statuetur
1617 1894 1681 1940 ιη.
1731 1884 1930 1940 Servos
1960 1883 2121 1938 etiam
2145 1923 2160 1950 ,

566 1979 657 2049 qui
689 1977 793 2033 hoc
839 1977 1130 2034 detulerint
1167 1987 1218 2042 ιι.
1246 1978 1460 2033 civitate
1493 1976 1734 2032 Romana
1776 1976 2073 2040 donamus,
2107 1982 2168 2029 ut

569 2086 758 2126 eorum
791 2070 1000 2124 Domini
1035 2071 1262 2140 pretium
1292 2085 1322 2124 a
1350 2070 1482 2124 fisco
1527 2069 1831 2141 percipiant
1877 2076 1923 2119 ο.
1968 2065 1996 2138 §
2024 2066 2078 2120 2.
2109 2065 2167 2121 Si

568 2161 690 2232 quis
714 2172 894 2218 autem
917 2161 1146 2217 militum
1172 2161 1331 2230 hujus
1354 2160 1496 2215 modi
1521 2174 1802 2230 personam
1821 2167 2122 2227 susceptam
2139 2167 2166 2206 P

568 2255 636 2309 de
659 2253 910 2310 custodia
941 2255 1093 2309 exire
1137 2252 1350 2321 fecerit,
1384 2252 1562 2322 capite
1589 2249 1840 2321 puniatur
1887 2248 1915 2320 §
1961 2249 2014 2304 5.
2049 2249 2164 2318 Ap-

567 2347 805 2418 pellandi
832 2351 993 2403 etiam
1028 2346 1234 2418 privato
1265 2345 1476 2402 licentia
1507 2345 1820 2415 denegetur;
1843 2342 1888 2398 si
1918 2357 2047 2398 vero
2069 2343 2168 2396 mi-

499 2505 503 2509 ,
566 2441 646 2497 les
675 2450 768 2496 aut
805 2449 1086 2512 promotus
1106 2451 1134 2491 (ι
1163 2439 1321 2511 hujus
1352 2437 1498 2494 modi
1539 2437 1745 2492 crimen
1777 2433 2066 2492 incurrerit
2101 2443 2120 2472 ι’
2147 2475 2164 2500 ,

573 2547 738 2601 super
763 2532 878 2602 ejus
904 2533 1125 2588 nomine
1156 2539 1211 2586 et
1245 2529 1413 2602 gradu
1437 2528 1506 2584 ad
1533 2542 1633 2584 nos
1661 2536 1682 2563 ε
1729 2526 2012 2583 referatur.
2058 2523 2085 2596 §
2109 2523 2165 2579 4.

569 2627 589 2661 ί
629 2625 687 2682 Si
719 2625 996 2681 dominum
1023 2626 1171 2681 fundi
1200 2625 1282 2681 vel
1312 2625 1504 2680 domus
1526 2621 1801 2678 conscium
1829 2635 1950 2676 esse
1973 2617 2168 2690 proha-

640 2794 667 2855 t!
706 2783 748 2855 {Si
767 2781 1081 2850 Papianum,
1108 2782 1297 2855 ingenti
1324 2810 1396 2823 —
1424 2788 1646 2837 sectatur
1671 2807 1743 2819 --
1768 2791 1992 2849 corgere.

636 2853 665 2895 δ
706 2853 930 2910 Themis
957 2853 1245 2926 depravari.

639 2938 663 2998 (ξ
704 2926 744 2998 ξ
769 2928 1122 2998 praecepimus.

635 2995 663 3035 (ι
702 2995 1039 3053 Τιιρωί9”111.

641 3079 663 3106 ε
707 3068 844 3122 Αάά.
878 3069 1094 3124 Sirmio.

640 3137 661 3178 τ
703 3138 802 3193 Pu.
849 3140 1065 3212 Crispio.
1101 3139 1366 3212 5iOctob.
1411 3149 1459 3197 et
1492 3137 1825 3195 Constantino
1849 3139 2164 3212 _consul.__et

565 3181 824 3283 ςενίιρᾏξέι
849 3181 1065 3265 ὄὲὲῖνίῑζ
1090 3181 1822 3269 ἕοΓῖέι”εἶῐίίὲἰιῗῖι’ἶ“ὲᾚὶἱὲὶῐ
1848 3181 2164 3281 ιὲἕίῖιῖῖοἶῖ
2192 3181 2237 3246 C

564 3279 630 3335 ll.
654 3279 700 3337 et
727 3281 902 3337 Const.

639 3363 664 3401 8
698 3352 871 3436 Codd.
927 3353 988 3436 I,
1019 3353 1084 3436 ιλ
1115 3352 1461 3436 Ian-namnam
1486 3395 1502 3418 ,
1529 3353 1699 3436 _quod_
1766 3352 1968 3436 recepi.
2024 3351 2161 3436 Εάά.

562 3423 905 3508 Ianuarium,
937 3435 997 3508 tit
1034 3423 1176 3508 ‘Cod.
1209 3426 1346 3508 J_ust.
1389 3423 2055 3508 Dignita‘sndeuest"etiam
2106 3423 2164 3478 in

563 3506 792 3565 utraque
840 3493 973 3552 Cod.
1028 3495 1166 3550 Just.
1235 3497 1353 3567 lege
1401 3493 1480 3552 et'
1515 3496 1568 3550 in
1599 3499 1602 3503 ’
1636 3495 1780 3550 Coll.
1830 3495 1962 3548 Can.
2029 3496 2160 3550 Ans.

564 3567 689 3646 ded.
713 3568 814 3622 ϐο.
849 3583 970 3622 eum
999 3569 1430 3646 a_nit_o_super_iori
1454 3565 2164 3646 agentem‘vicariatn.prae-

570 3637 828 3692 iecturam
859 3639 1116 3706 appellari
1151 3639 1202 3692 in
1233 3635 1282 3694 c.
1313 3639 1348 3693 5
1375 3639 1437 3693 C.
1472 3635 1574 3692 Th.
1607 3638 1673 3691 de
1703 3637 1943 3690 Famosis
1968 3635 2165 3692 libellis

593 3707 696 3779 IX,
716 3707 980 3779 54)7recte
1001 3719 1202 3770 monet,
1234 3710 1330 3765 sed
1361 3709 1668 3763 nominatur
1691 3707 1770 3763 Pl.
1799 3706 2007 3779 Urb.in
2049 3721 2098 3779 e.
2134 3707 2160 3762 1

591 3776 1282 3862 1h.n'l_‘li.'"de.Abolitionibus
1304 3779 1472 3853 (XIX,
1505 3779 1598 3852 57)
1631 3794 1758 3834 ann.
1786 3778 1891 3834 519
1908 3776 2050 3832 data.
2069 3778 2162 3834 lle.

565 3847 982 4005 ex
1008 3929 1252 4005 Iut'r‘oque
1290 3921 1426 4005 ϐοά.
1467 3922 1609 4005 Just.
1646 3923 1764 4005 loco
1787 3966 1801 3991 ,
1846 3936 2020 4005 neque
2041 3921 2160 4005 90.

565 3993 877 4063 displicuit;
914 3992 964 4059 l,
995 3992 1052 4054 4.
1085 3992 1188 4047 Til.
1218 4021 1290 4033 -—-
1316 3992 1434 4048 Ri'.
1465 3994 1757 4048 adulterina
1783 4003 2007 4048 moneta.
2039 3993 2163 4048 Mox

567 4065 604 4120 1.
633 4073 848 4128 exercet,
885 4063 1163 4119 mendose.

645 4135 661 4173 ί
694 4135 828 4191 ϐοά.
861 4135 1000 4190 Just.
1026 4135 1218 4205 judici.

642 4205 656 4258 i
696 4207 815 4262 Fol.
850 4206 920 4262 52
949 4205 977 4244 δ
1004 4207 1127 4261 cod.
1161 4209 1216 4265 4.
1246 4207 1300 4262 In
1332 4207 1440 4262 ima
1470 4207 1658 4278 pagina
1689 4207 1843 4263 litera
1899 4207 2164 4264 indicatur

568 4293 826 4349 numerus
854 4278 1242 4348 quaternionis.
1266 4279 1408 4334 Mox.
1437 4277 1489 4335 1.
1520 4277 1663 4349 digni
1695 4277 1704 4348 |
1849 4279 2000 4334 liciis.

642 4347 670 4387 ¹ί
699 4347 798 4405 ϐο.
848 4347 1386 4421 ιδυιιηννοιπὶιιὶηηιε,
1431 4347 1940 4419 εβθοίοεθοιιίάειη
1991 4365 2163 4421 neque

573 4431 749 4476 tamen
779 4433 944 4476 reete.
972 4420 1068 4474 Est
1096 4422 1240 4475 enim
1271 4422 1607 4489 permittimus
1636 4435 1732 4490 pro
1756 4420 2084 4488 remittimus,
2108 4423 2161 4476 id

570 4503 653 4548 est
680 4491 955 4564 largimur,
987 4489 1269 4558 donamus,
1295 4489 1665 4557 concedimus,
1692 4501 1749 4546 ut
1770 4491 1868 4548 ϐο.
1899 4491 2012 4563 ipse
2031 4507 2163 4548 eon-

467 4633 472 4640 ⁴
569 4564 729 4640 οεξάίιζ

645 4634 664 4708 l
695 4634 836 4708 Cod.
860 4633 1000 4692 Just.
1034 4634 1427 4707 patrimonium,
1457 4633 1553 4691 sed
1583 4645 1822 4692 nostrum
1868 4635 2166 4708 elegantius

569 4707 781 4764 videtur
806 4706 908 4764 ϐο.

645 4789 686 4816 ω
713 4780 844 4834 ϐοά.
872 4778 1011 4834 Just.
1041 4778 1301 4842 statuitur,
1331 4778 1490 4848 impr.
1516 4775 1617 4834 ϐο.

640 4857 670 4886 ιι
700 4851 727 4905 1
757 4851 843 4920 qui
871 4851 932 4906 de
958 4851 1052 4905 hoc
1078 4850 1355 4916 detulerit,
1382 4850 1659 4905 mendose.

644 4930 670 4957 ο
692 4921 826 4976 ϐοά.
857 4921 995 4978 Just.
1025 4937 1134 4976 om.
1168 4921 1712 4992 Set'vosf-percipiant
1737 4964 1750 4987 ,
1793 4920 1889 4977 sed
1920 4921 2163 4992 conjecta

571 5001 656 5048 est
685 4993 801 5047 haec
826 4994 1088 5048 sententia
1112 4993 1164 5047 in
1191 5007 1240 5045 e.
1271 4992 1306 5045 2
1335 4991 1468 5047 ϐοά.
1502 4991 1639 5046 Just.
1675 4993 1780 5046 Pro
1819 4992 1967 5062 quib.
2011 4991 2166 5048 eaus-

572 5066 649 5120 sis
675 5065 816 5120 servi
846 5063 980 5136 (VII,
1011 5066 1102 5132 15)
1134 5082 1146 5116 :
1180 5063 1328 5136 Serui
1356 5064 1440 5132 qui
1463 5064 1773 5118 monetarios
1821 5064 2164 5136 adulterinum

570 5147 824 5192 monetam
854 5134 1182 5190 clandestinis
1208 5134 1482 5188 sceleribus
1511 5144 1796 5188 exercentes
1823 5137 1876 5189 in
1906 5134 2165 5204 publicum

569 5207 872 5274 detulerint,
903 5207 1101 5261 civitate
1127 5205 1359 5260 Romana
1387 5206 1666 5272 donentur,
1692 5215 1746 5258 ut
1769 5220 1944 5260 eorum
1970 5207 2164 5261 domini

569 5281 801 5350 pretium
821 5296 853 5332 a
870 5279 1004 5350 ﬁsco
1023 5278 1343 5349 percipiunt,
1366 5285 1421 5331 et
1447 5292 1530 5350 sq.
1565 5278 1863 5350 subscr._h.
1891 5292 1941 5332 c.

642 5361 670 5400 p
695 5349 830 5405 ϐοά.
860 5348 998 5404 Just.
1024 5346 1332 5418 suspectam,
1365 5347 1463 5402 sed
1493 5356 1738 5401 nostrum
1766 5346 1866 5403 ϐο.
1900 5356 1956 5419 ut
1979 5348 2159 5419 legiti-

569 5437 727 5544 irim];
743 5419 1001 5544 dgfendit.
1030 5419 1371 5489 Receptarum
1397 5434 1730 5489 personarum
1746 5418 1977 5474 custodia
1999 5418 2160 5490 supra

645 5534 834 5618 ἷὶϐδά.
866 5561 1006 5618 Just.
1035 5561 1161 5618 add.
1191 5561 1246 5615 in
1271 5559 1511 5632 gradum.

646 5640 669 5669 τ
692 5632 792 5690 ϐο.
823 5635 1060 5701 incurrit,
1084 5648 1192 5690 err.

648 5710 671 5778 ’ξ
703 5702 833 5778 ϐοά.
862 5705 1013 5778 Just1
1125 5712 1459 5778 competentes
1476 5699 1683 5778 judices
1708 5707 1807 5778 ref.

651 5775 672 5811 ί
701 5773 864 5846 Seqq.
893 5777 947 5832 in
975 5775 1109 5834 Cod.
1142 5773 1280 5834 Just.
1307 5773 1503 5848 partim
1530 5773 1978 5849 mutata,'partim
2003 5792 2068 5836 ex
2107 5792 2156 5835 c.

2269 1914 2464 1955 vocare
2488 1909 2512 1947 Β
2541 1898 2606 1954 ad
2634 1900 2856 1955 curiam.
2890 1897 3087 1952 Verum
3129 1905 3186 1952 ut
3219 1897 3417 1969 aliquid
3464 1899 3591 1968 ipsis
3620 1898 3686 1954 ad
3726 1897 3752 1934 ιι
3781 1913 3872 1953 so-

2272 1995 2458 2050 latium
2511 1995 2752 2065 pristinm
2798 1994 3192 2049 observationis
3235 1991 3250 2030 ί
3288 1992 3660 2064 relinquatur,
3711 1992 3869 2049 binos

2269 2089 2354 2144 vel
2384 2097 2570 2144 ternos
2611 2087 2891 2158 privilegio
2938 2086 3142 2158 perpeti
3186 2087 3456 2156 patimuri
3500 2087 3664 2141 nullis
3693 2087 3871 2142 nomi-

2270 2181 2581 2236 nationibus
2609 2179 2883 2248 occupari.
2915 2177 3039 2232 Dat.
3075 2178 3158 2232 Ill.
3187 2176 3211 2215 ι
3246 2177 3333 2233 Id.
3363 2177 3486 2235 Dec.
3516 2177 3698 2250 Crispo
3723 2178 3789 2234 ll.
3819 2185 3868 2233 et

2270 2270 2601 2328 Constantino
2629 2271 2695 2328 ll.
2721 2270 2882 2326 Ca’ss.
2917 2270 3061 2327 Cass.
3098 2271 3271 2343 (521).

2808 2400 2876 2439 DE
2921 2398 3322 2440 DONATIONIBUS.

2340 2477 2481 2550 Imp.
2505 2478 2866 2534 Constantinus
2889 2478 2951 2531 A.
2983 2476 3229 2532 Petronio
3256 2477 3501 2532 Probino.
3530 2477 3639 2534 Res
3660 2479 3866 2546 uxoris,

2269 2587 2391 2642 qua:
2424 2572 2510 2627 vel
2555 2571 2898 2628 successione
2945 2571 3224 2641 qualibet,
3270 2571 3350 2626 vel
3403 2573 3675 2642 emptione
3705 2611 3721 2639 ,
3780 2571 3868 2628 vel

2271 2662 2478 2736 (etiam)
2515 2663 2799 2735 largitione
2824 2662 2923 2717 viri
2955 2664 3007 2717 in
3039 2678 3156 2718 eam
3185 2672 3310 2718 ante
3340 2674 3548 2720 reatum
3579 2664 3704 2736 jure
3745 2681 3873 2736 per-

2269 2764 2550 2820 venerant,
2574 2755 2828 2810 damnato
2850 2756 2935 2826 (ac
2954 2765 3169 2810 mortuo
3196 2771 3261 2811 ex
3281 2771 3435 2826 poena
3462 2757 3678 2823 marito,
3709 2757 3794 2812 vel
3812 2757 3868 2815 in

2269 2850 2521 2905 servilem
2568 2848 2929 2904 conditionem
2985 2865 3053 2905 ex
3092 2864 3265 2920 poena:
3303 2849 3560 2920 qualitate
3597 2849 3866 2919 deducto)

2269 3002 2304 3058 4
2333 3003 2389 3058 lt.
2425 3012 2465 3058 t.
2495 3013 2650 3058 aucta
2680 3013 2806 3058 sunt
2831 3019 2849 3076 ς
2879 3001 3074 3058 Domus
3095 3019 3209 3059 vero
3230 3004 3309 3059 vel
3331 3005 3546 3076 fundus,
3564 3004 3619 3058 in
3639 3020 3740 3074 quo
3758 3005 3870 3059 [nec

2271 3086 2562 3148 perpetrata
2582 3084 2717 3148 sunt,
2746 3077 2790 3148 si
2817 3075 3131 3148 dominusin
3161 3075 3395 3148 proximo
3425 3077 3734 3130 constitutus
3762 3077 3866 3142 sit,

2271 3146 2421 3219 cujus
2450 3147 2669 3219 incuria,
2697 3146 2774 3200 vel
2801 3147 3111 3219 negligentia
3138 3147 3397 3216 punienda
3418 3157 3512 3214 est,
3533 3149 3625 3202 etsi
3643 3148 3866 3219 ignoret,

2271 3217 2396 3288 ﬁsco
2421 3218 2706 3272 vindicetur
2729 3233 2748 3271 :
2782 3217 2882 3271 nisi
2909 3217 3144 3271 dominus
3171 3230 3287 3272 ante
3315 3219 3560 3288 ignorans
3577 3259 3592 3280 ,
3625 3217 3681 3271 ut
3721 3217 3863 3273 Coll.

2264 3290 2400 3344 Can.
2433 3293 2562 3343 Ans.
2593 3288 2716 3343 ded.
2749 3289 2820 3340 ita
2847 3301 2900 3342 ut
2930 3289 3152 3360 primum
3173 3290 3411 3359 repererit
3431 3290 3594 3344 scelus
3623 3290 3870 3360 prodide-

2266 3361 2331 3414 rit
2360 3369 2699 3431 perpetratum
2730 3375 2748 3412 :
2776 3369 2894 3412 tunc
2922 3358 3054 3412 enim
3079 3358 3348 3430 possessio,
3372 3363 3448 3414 vel
3473 3358 3656 3414 domus
3683 3362 3867 3431 ipsius,

2266 3431 2653 3502 proscriptionis
2670 3431 2858 3502 injurie
2879 3431 3083 3483 minime
3105 3431 3400 3502 subjacebit.
3429 3432 3524 3486 Sin
3548 3447 3666 3485 vero
3695 3437 3786 3496 (ex
3813 3448 3868 3487 c.

2265 3501 2300 3555 4
2319 3502 2380 3575 h.
2395 3507 2458 3570 t.)
2478 3501 2770 3572 longissime
2783 3501 2844 3575 ab
2861 3518 2920 3575 ea
2937 3502 3087 3555 domo
3103 3502 3179 3555 uel
3195 3501 3262 3575 ea;
3286 3504 3600 3575 possessione
3623 3504 3869 3575 abfuerit,

2267 3573 2464 3628 nullum
2482 3571 2727 3644 sustineat
2771 3573 3145 3644 detrimentum
3173 3588 3191 3626 :
3244 3571 3346 3643 (ex
3374 3589 3426 3629 c.
3456 3574 3491 3626 2
3515 3577 3568 3626 h.
3601 3573 3668 3644 t.)
3691 3571 3873 3628 actore

2267 3643 2496 3716 videlicet
2521 3643 2669 3716 fundi
2693 3684 2707 3708 ,
2739 3642 2819 3696 uel
2846 3644 3002 3716 servis
3025 3684 3039 3707 ,
3069 3643 3146 3716 uel
3175 3642 3384 3709 incolis,
3421 3644 3499 3700 vel
3519 3642 3713 3700 colonis
3738 3687 3754 3712 ,
3781 3646 3874 3716 qui

2267 3715 2335 3787 ad
2362 3715 2457 3768 hoc
2481 3715 2818 3787 ministerium
2843 3715 3172 3787 prtebuerint,
3196 3731 3311 3787 eum
3332 3731 3391 3769 eo
3416 3757 3429 3777 ,
3459 3718 3544 3784 qui
3568 3718 3708 3787 fecit,
3742 3733 3874 3786 sup-

2269 3784 2422 3858 plicio
2452 3785 2663 3858 capitali
2688 3786 2994 3858 plectendis._
3012 3809 3072 3832 =
3115 3783 3592 3858 Viduas-credimus
3613 3828 3628 3852 ,
3652 3783 3871 3841 ut—re-

2267 3857 2430 3910 sideat
2457 3854 2587 3927 (vid.
2617 3871 2667 3911 c.
2699 3855 2734 3909 4
2759 3855 2812 3909 lt.
2849 3858 2938 3925 t.).
2968 3854 3264 3926 Impuberes
3291 3873 3406 3912 vero
3425 3888 3496 3898 —
3520 3868 3644 3913 artas
3689 3875 3873 3913 eorum

2269 3931 2288 3996 (
2316 3943 2427 3980 om.
2457 3930 2502 3981 si
2530 3939 2697 3981 tamen
2735 3931 2776 3998 Γ.
2808 3929 2935 3998 imp.
2981 3941 3047 3981 ex
3074 3942 3124 3980 c.
3158 3929 3192 3981 4
3217 3927 3270 3980 h.
3301 3937 3338 3982 t.
3364 3929 3383 3997 )
3434 3929 3557 3997 quid
3605 3929 3873 3986 videat—

2268 3999 2502 4070 proximo
2529 4000 2742 4070 fuerint,
2769 3999 3008 4070 quoniam
3031 3999 3252 4053 --rebus
3279 4001 3465 4066 pupilli
3491 4031 3564 4043 ——
3597 4011 3653 4054 ut
3692 4007 3758 4057 de
3787 4017 3875 4056 re-

2267 4073 2359 4144 bus
2379 4099 2450 4110 -—-
2471 4077 2712 4144 quantum
2735 4085 2768 4122 a
2787 4069 2987 4144 pupillo
3011 4072 3178 4140 fuerat
3203 4071 3520 4144 inferendum
3547 4072 3747 4144 (impr.
3761 4072 3871 4144 Go.

2263 4141 2472 4267 ilnhann.
2500 4156 2549 4198 c.
2578 4143 2613 4195 4
2643 4141 2698 4195 h.
2731 4143 2800 4210 t.)
2830 4141 2982 4208 Dat.,
3015 4149 3071 4196 et
3089 4143 3333 4212 sequitur
3375 4141 3585 4199 subscr.
3631 4159 3680 4198 c.
3726 4143 3765 4198 2
3799 4143 3869 4200 ϐ.

2339 4293 2366 4320 α
2397 4283 2436 4337 l.
2469 4283 2828 4354 conﬁscandisi
2853 4313 2927 4324 --
2953 4283 3144 4338 crimen
3170 4283 3457 4339 admissum
3476 4294 3550 4341 est
3575 4327 3589 4353 ,
3637 4297 3697 4342 ut
3726 4286 3875 4344 infra

2263 4355 2318 4408 id
2343 4355 2512 4409 scelus
2531 4357 2811 4409 admissum
2834 4366 2907 4410 est
2927 4355 3143 4410 dicitur.

2337 4425 2365 4464 ι)
2397 4425 2496 4482 ϐο.
2531 4427 2584 4480 in
2615 4435 2731 4481 not.
2759 4428 2810 4481 in
2841 4429 2958 4494 hoc,
2985 4427 3054 4480 ad
3085 4427 3200 4481 hoc.
3227 4427 3405 4484 Etiam
3437 4428 3574 4484 Cod.
3596 4428 3737 4486 Just.
3771 4429 3878 4488 ha-

2269 4496 2363 4552 bet
2381 4500 2448 4550 ad
2479 4497 2593 4550 hoc.

2309 4505 2363 4552 et
2381 4500 2448 4550 ad
2479 4500 2593 4550 hoc.

2191 4568 2244 4629 D
2346 4579 2368 4645 εξ
2397 4568 2516 4645 lini.
2546 4568 2614 4623 55
2637 4577 2663 4605 εί
2689 4567 2898 4645 cedat
2917 4569 3072 4645 Mox.
3111 4570 3164 4624 1.
3194 4570 3474 4645 prodiderit
3494 4582 3871 4645 perpatratum.

2340 4636 2369 4675 ἀ
2399 4639 2519 4714 lji‘.
2551 4640 2952 4714 proscribitionis
2976 4642 3035 4714 l._
3047 4636 3261 4714 injuria.

2343 4719 2368 4746 ο
2395 4709 2535 4782 Παιζ
2549 4710 2650 4766 ϐο.
2686 4713 2848 4782 habet
2873 4727 2972 4782 pro
2995 4709 3216 4766 Reddita
3245 4730 3290 4767 s.
3319 4712 3617 4782 Proposita.
3647 4715 3785 4771 Cod.
3820 4715 3872 4771 Ι.

2270 4779 2470 4835 Dat.——
2497 4779 2679 4851 Crispo
2705 4793 2750 4837 et
2779 4779 3112 4837 Constantino
3130 4801 3204 4837 cc.
3224 4784 3268 4838 ll
3293 4801 3390 4840 css.
3415 4779 3550 4841 Coll.
3574 4786 3706 4841 Can.
3727 4790 3871 4843 Ans.

2269 4852 2392 4925 ded.
2416 4852 2540 4925 Dat.
2573 4853 2689 4907 XII.
2723 4852 2849 4908 Kal.
2885 4852 3062 4910 Romre
3088 4853 3267 4925 Crispo
3288 4865 3335 4909 et
3364 4856 3656 4912 Constantio
3678 4855 3870 4913 Conss.

2347 4923 2365 4962 ί
2402 4927 2457 5001 ii
2490 4923 2639 5001 Ideni
2668 4925 2736 5001 ad
2762 4923 3441 5001 AgripiniensiumaCuj,2
3463 4968 3476 4992 ,
3502 4929 3580 4982 2⁸.
3611 4931 3873 5001 Agrippi-

2269 4995 2554 5069 niensium._
2572 4994 2672 5050 Gn.
2706 4994 2988 5069 inAChron.
3023 4994 3498 5069 Agrippinensium.

2342 5077 2368 5137 β
2395 5065 2452 5132 4,
2477 5067 2582 5120 'l‘il.
2609 5067 2803 5132 vocari,
2825 5069 2966 5137 quod
3001 5065 3147 5125 recte
3167 5065 3226 5124 se
3255 5069 3434 5125 habet.

2340 5135 2368 5174 ιι
2397 5137 2528 5192 Aur.
2564 5137 2730 5208 Lugd.
2759 5155 2840 5192 ac.

2348 5207 2364 5246 ί
2403 5209 2465 5262 11
2494 5207 2881 5264 obseruationes.

2344 5280 2369 5355 ἱΔ
2400 5280 2463 5335 ll
2495 5280 2758 5355 priuilegio
2783 5281 3090 5355 perpetimus
3107 5280 3262 5355 nullis
3283 5289 3346 5355 et
3362 5281 3484 5354 Cuj.
3509 5281 3568 5348 2,
3593 5282 3630 5337 2
3653 5287 3670 5308 '
3699 5285 3870 5355 privi-

2271 5349 2402 5422 legio
2427 5349 2733 5424 perpetimur
2755 5349 3092 5424 nullis,_etc.,
3123 5353 3282 5423 impr.
3307 5349 3554 5424 ϐοηὴυί
3581 5349 3874 5424 interpun-

2267 5424 2342 5492 git
2365 5423 2582 5491 perpeti,
2608 5424 2832 5494 patimur
2861 5422 3017 5477 nullis
3041 5439 3138 5492 pro
3157 5440 3259 5477 non
3287 5422 3510 5495 patimur
3531 5426 3670 5480 ullis.
3703 5422 3870 5484 (Sol-

2268 5493 2580 5548 licitandutn
2608 5534 2624 5552 .
2657 5493 2827 5552 innuit
2849 5535 2864 5552 .
2897 5493 3038 5549 hunc
3069 5495 3244 5550 locum
3270 5535 3286 5552 .
3318 5496 3440 5552 ideo
3468 5497 3714 5552 nonnulli
3739 5514 3870 5552 cre-

2268 5509 2580 5548 ttcnauoum
2608 5534 2624 5560 ,
2658 5509 2827 5564 inquit
2849 5535 2864 5559 ,
2897 5509 3038 5549 nunc
3069 5509 3244 5550 locum
3270 5535 3286 5561 ,
3318 5509 3440 5552 meo
3468 5509 3714 5552 nonnulli
3739 5514 3871 5554 cre-

2267 5563 2540 5646 diderunt,
2568 5566 2694 5646 quia
2721 5567 2916 5646 perpeti
2939 5566 3030 5646 hic
3059 5579 3157 5646 pro
3192 5567 3303 5638 pati
3322 5581 3605 5646 accepere.
3632 5586 3652 5620 ι
3670 5569 3872 5646 Omnia

2269 5635 2390 5708 h.-|.
2411 5650 2552 5708 sana
2577 5644 2722 5708 sunt.
2754 5635 3108 5708 Til.—i-Lugd.
3143 5635 3338 5708 perpeti
3365 5635 3613 5708 patimur,
3642 5640 3826 5694 nullis.

2339 5702 2364 5744 ¹⁶
2397 5705 2498 5764 ϐο.
2529 5708 2582 5762 in
2619 5706 2875 5778 Chronol.
2909 5702 3047 5778 ιγ.ζ
3072 5702 3168 5767 sed
3205 5702 3330 5766 ann.
3366 5702 3400 5763 ἐ
3451 5725 3471 5762 ι
3499 5711 3572 5766 al.
3601 5702 3696 5767 ιιι.
3724 5729 3745 5765 s
3776 5710 3876 5768 ln-

2271 5777 2352 5833 fra
2378 5778 2440 5834 11
2471 5792 2582 5835 om.
2613 5776 2769 5835 Cum.
2797 5777 2943 5836 Coss.
