4082 6178
321 302 419 356 255

313 507 570 579 adstringi
592 525 813 564 uxorem
841 528 852 563 :
878 525 999 565 cum
1029 513 1268 582 paternis
1292 513 1621 569 maternisve
1644 553 1657 576 ,
1689 528 1753 568 ac
1783 528 1910 582 pro-

310 602 438 672 priis
467 601 625 657 bonis
653 601 757 657 frui
783 619 904 660 eam
931 605 1140 675 integro
1161 605 1360 677 Legum
1383 616 1583 662 statuto
1605 607 1910 675 religiosum

310 693 428 747 sit:
470 703 527 749 et
559 693 783 751 donatio
839 697 1099 752 maritalis
1127 708 1253 754 ante
1299 708 1509 770 tempus
1555 698 1797 754 criminis
1849 713 1912 754 ac

309 795 491 841 reatus
509 787 701 842 collata
725 789 780 843 in
804 804 1024 845 uxorem
1051 832 1065 856 ,
1088 791 1212 861 quia
1237 791 1504 860 pudicitia:
1541 792 1765 861 praemio
1795 805 1914 847 ces-

231 907 241 920 α
309 879 399 941 sit,
430 878 770 964 observanda
796 881 883 946 sit,
922 891 1174 951 tanquam
1205 885 1248 938 si
1278 885 1527 939 maritum
1549 885 1666 954 ejus
1697 894 1910 950 natura,

308 986 414 1026 non
446 987 607 1041 poena
639 975 976 1031 subduxerit.
1009 976 1103 1032 Sin
1135 986 1314 1032 autem
1357 993 1492 1048 aqua
1524 987 1578 1033 et
1609 978 1712 1048 igni
1746 978 1794 1031 ei
1828 978 1914 1032 in-

307 1064 598 1120 terdictum
632 1067 757 1132 erit,
788 1068 872 1122 vel
897 1068 1200 1137 deportatio
1223 1069 1390 1134 illata,
1426 1084 1532 1123 non
1559 1078 1734 1124 tamen
1767 1083 1914 1124 mors

302 1170 368 1212 ex
417 1172 581 1227 paena
627 1159 912 1214 subsecuta
941 1177 955 1212 :
988 1160 1308 1216 donationes
1347 1177 1377 1215 a
1424 1161 1540 1215 viro
1590 1161 1642 1215 in
1691 1176 1911 1216 uxorem

301 1251 539 1315 collatzr,
572 1250 749 1308 adhuc
795 1253 846 1307 in
894 1253 1146 1324 pendenti
1193 1264 1488 1310 maneant:
1522 1255 1644 1325 quia
1677 1270 1775 1310 nec
1802 1270 1915 1310 ma-

301 1341 624 1397 trimonium
651 1344 703 1398 in
733 1343 1037 1414 hujusmodi
1079 1346 1293 1401 casibus
1319 1346 1653 1413 dissolvitur,
1683 1347 1753 1401 ita
1782 1356 1838 1400 ut
1867 1346 1913 1401 si

302 1451 479 1507 usque
502 1435 570 1490 ad
594 1437 716 1492 vitae
738 1453 850 1492 suae
872 1447 1084 1507 tempus
1114 1438 1340 1493 maritus
1365 1454 1458 1493 eas
1488 1455 1594 1494 non
1625 1441 1912 1504 revocarit,

299 1544 366 1583 ex
403 1539 577 1584 morte
603 1529 722 1599 ejus
749 1533 1139 1586 confirmentur
1167 1549 1179 1584 :
1207 1531 1338 1588 lisco
1371 1542 1556 1588 nostro
1587 1533 1653 1588 ad
1693 1533 1910 1588 easdem

300 1636 396 1677 res
419 1623 619 1677 nullam
647 1625 701 1679 in
729 1633 1000 1693 posterum
1026 1624 1460 1681 communionem
1491 1625 1756 1680 habituro.
1786 1625 1910 1680 Dat.

301 1714 393 1770 Ill.
430 1714 643 1770 Calend.
680 1714 839 1770 Mart.
873 1716 1154 1783 Sardinite,
1183 1716 1349 1772 Crisia
1376 1717 1418 1772 ll
1445 1727 1493 1772 et
1522 1716 1817 1774 Constantio
1844 1718 1910 1774 ll.

299 1805 455 1862 Cass.
479 1807 656 1879 (521.)
699 1807 810 1879 (Ea:
834 1807 962 1863 Cod.
994 1808 1160 1877 Just.)

898 1917 965 1958 DE
1003 1917 1330 1959 CONCUBINIS.

371 1993 524 2066 Imp.
555 1994 920 2052 Constantinus
946 1996 1010 2051 Α.
1043 1998 1111 2051 ad
1145 1995 1430 2068 Populum.
1459 1994 1670 2052 Nemini
1699 1997 1911 2053 licentia

297 2088 658 2156 concedatur,
676 2098 963 2146 constante
987 2089 1334 2145 matrimonio
1363 2089 1718 2145 concubinam
1748 2105 1914 2160 penes

295 2196 358 2237 se
399 2181 622 2237 habere.
675 2180 797 2236 Dat.
832 2180 1020 2237 XVIII.
1059 2181 1172 2236 Cal.
1201 2180 1317 2235 Jul.
1362 2181 1741 2249 Canstantinis,
1771 2192 1916 2255 patre

297 2283 344 2328 et
376 2273 516 2342 ﬁlia,
548 2272 694 2329 Cass.
727 2272 850 2345 (521
875 2284 966 2328 aut
988 2271 1140 2345 524.)
1172 2273 1281 2345 (Ea:
1310 2273 1436 2328 Cod.
1460 2272 1630 2345 Just.)

711 2381 757 2423 SI
786 2382 1065 2422 PENDENTE
1091 2381 1510 2422 APPELLATIONB.

372 2459 522 2530 Imp.
544 2458 907 2515 Constantinus
928 2458 992 2514 A.
1018 2459 1086 2513 ad
1107 2457 1325 2514 Bassum
1347 2458 1496 2529 praef.
1516 2459 1631 2514 urbi
1651 2467 1764 2531 post
1785 2459 1909 2514 alia.

297 2556 352 2613 Si
399 2570 538 2611 unus
564 2571 634 2612 ex
665 2555 1022 2627 litigatoribus
1042 2553 1221 2609 adhuc
1248 2553 1519 2626 pendente
1548 2553 1914 2624 appellatione

295 2648 600 2705 defunctus
630 2647 729 2704 sit:
764 2664 871 2703 non
904 2647 1178 2703 residuum
1213 2653 1419 2701 tantum
1444 2647 1707 2715 temporis
1737 2645 1912 2701 haere-

297 2742 406 2798 des
430 2742 549 2812 ejus
582 2741 849 2808 habeant,
902 2740 996 2796 sed
1025 2741 1184 2795 etiam
1227 2740 1363 2795 alios
1393 2749 1626 2810 quatuor
1675 2755 1908 2794 mensus.

296 2833 401 2892 Sin
422 2844 602 2890 autem
620 2833 687 2890 ad
709 2834 1156 2889 deliberationem
1183 2833 1514 2889 hereditatis
1544 2843 1748 2888 certum
1773 2843 1911 2887 tem-

299 2942 410 2998 pus
449 2927 760 2997 indulgetur
783 2967 796 2990 ,
830 2934 952 2997 post
982 2925 1188 2996 lapsum
1234 2926 1349 2997 ejus
1398 2927 1658 2997 temporis
1686 2933 1914 2995 quatuor

296 3023 576 3079 mensium
605 3021 974 3077 numerabitur
1004 3019 1281 3093 (spatium)
1307 3037 1320 3074 :
1353 3037 1424 3076 ne
1467 3019 1778 3091 ignorantes
1809 3034 1909 3074 ne-

299 3115 512 3187 gotium
531 3156 546 3181 ,
575 3114 662 3169 vel
683 3113 843 3170 etiam
867 3112 1277 3184 superadeunda
1326 3112 1641 3168 haereditate
1664 3112 1914 3167 dubitan-

1417 303 1734 360 DECRETA
1775 302 1866 358 ET
1904 275 2504 360 CUNSTITUTIONES.

315 413 544 469 illihatas
565 429 685 470 csse
715 415 990 485 praccipio,
1022 431 1122 473 nec
1149 417 1313 473 alieni
1342 419 1583 474 criminis
1613 418 1906 474 infortunio
1932 424 1985 480 Α

3502 312 3611 368 254

2458 433 2689 475 1³111111.ιῶ
2729 432 3086 475 ειῑειεευιωε.

2089 508 2226 579 Imp.
2278 507 2543 566 Constant.
2593 513 2655 565 A.
2705 512 2772 564 ad
2796 511 3033 567 Bassum.
3085 511 3203 567 PP.
3236 513 3381 570 Inter
3419 531 3611 573 omnes

2015 603 2272 658 duntaxat
2317 605 2562 661 lueredes
2611 620 2775 670 suos,
2818 607 2906 675 qui
2959 621 3022 661 ex
3054 606 3293 677 quolibet
3330 610 3610 666 venientes

2015 695 2212 764 gradu,
2247 705 2427 751 tamen
2461 712 2616 766 pares
2642 697 2896 753 videntur
2916 713 3036 754 esse
3059 740 3071 763 ,
3106 700 3190 753 vel
3215 702 3608 770 emancipatos,

2015 802 2151 856 quos
2205 788 2412 843 Praetor
2458 789 2525 844 ad
2569 790 2967 846 successionem
3007 802 3161 846 vocat
3188 811 3201 847 :
3233 795 3346 848 sive
3372 804 3614 864 emptum

2016 897 2189 951 neque
2242 883 2518 952 impletum
2574 893 2988 953 testamentum,
3037 885 3122 941 vel
3151 887 3464 954 codicillus,
3515 903 3614 945 seu

2015 977 2240 1046 cpistola
2270 980 2506 1048 parentis
2536 995 2659 1037 esse
2689 991 3054 1045 memoratur,
3107 982 3220 1037 sive
3267 999 3612 1054 quocumque

2016 1069 2122 1122 alio
2147 1070 2307 1124 modo
2336 1072 2619 1141 scriptura:
2650 1074 3084 1142 quibuscumque
3114 1074 3294 1128 verbis
3321 1116 3334 1139 ,
3365 1076 3447 1131 vel
3475 1076 3614 1130 indi-

2015 1159 2114 1214 ciis
2144 1161 2486 1216 inveniantur
2522 1164 2727 1218 relicta:
2761 1205 2774 1228 ,
2815 1164 3016 1233 judicio
3040 1165 3257 1220 familia:
3280 1167 3612 1224 erciscundzn

2020 1249 2183 1323 (licet
2214 1253 2281 1307 ab
2313 1254 2566 1311 intestato
2596 1255 2662 1310 ad
2693 1258 3092 1313 successionem
3125 1258 3278 1313 liberi
3311 1260 3608 1331 vocentur)

2017 1354 2230 1398 servato
2258 1343 2357 1400 SC.
2387 1347 2590 1401 auxilio
2611 1389 2624 1410 ,
2653 1347 2888 1403 defuncti
2918 1350 3201 1420 diSpositio
3235 1353 3568 1408 custodiatur
3594 1395 3609 1420 ,

2015 1439 2178 1492 etiam
2209 1439 2253 1492 si
2279 1441 2621 1496 solemnitate
2653 1442 2829 1512 legum
2862 1443 3164 1511 hujusmodi
3188 1444 3471 1516 dispesitio
3495 1447 3613 1504 luc-

2017 1531 2086 1585 rit
2112 1531 2388 1587 destituta.
2411 1533 2465 1589 Si
2497 1549 2626 1590 vero
2655 1537 2705 1590 in
2741 1535 3042 1606 hujusmodi
3064 1538 3337 1595 voluntate
3365 1540 3614 1612 designa-

2018 1624 2088 1676 tis
2114 1623 2299 1678 liberis
2347 1625 2452 1680 alia
2491 1627 2560 1681 sit
2588 1628 2751 1682 mixta
2791 1644 3020 1699 persona
3049 1671 3062 1695 ,
3117 1639 3326 1687 certum
3356 1643 3440 1688 est
3495 1649 3618 1688 eam

2015 1715 2348 1772 voluntatem
2377 1759 2391 1782 ,
2438 1730 2694 1787 quantum
2745 1721 2813 1776 ad
2843 1722 2986 1776 illam
3037 1723 3295 1778 duntaxat
3326 1741 3613 1794 personam

1944 1811 1992 1872 Β
2020 1807 2341 1874 permixtam
2370 1851 2384 1874 ,
2418 1825 2515 1879 pro
2544 1812 2686 1867 nulla
2710 1811 2915 1868 haberi.
2946 1813 3068 1868 Dat.
3105 1813 3304 1871 Romaz.
3359 1817 3461 1874 kal.
3496 1819 3612 1874 Cri-

2013 1915 2108 1971 spo
2136 1901 2202 1955 ll.
2231 1911 2280 1956 et
2299 1900 2635 1960 Constantina
2660 1905 2793 1962 Cors.
2828 1907 2894 1962 ll.
2926 1908 3071 1964 Cass.
3099 1907 3276 1981 (5‘21).

2089 1992 2147 2048 In
2175 1994 2436 2049 Autltent.
2470 1996 2537 2052 de
2568 1998 2749 2053 trient.
2782 2008 2837 2054 et
2866 2001 3083 2055 semiss.
3131 2001 3159 2073 §
3192 2010 3247 2057 et
3276 2005 3418 2074 quod
3444 2022 3611 2078 saepe,

2014 2087 2120 2144 col.
2154 2089 2207 2144 5.
2235 2089 2315 2143 ιίι.
2345 2087 2398 2143 5.
2429 2092 2628 2146 novell.
2665 2092 2750 2147 18.
2795 2108 2914 2163 cap.
2943 2095 2994 2148 7.

2088 2182 2150 2239 Si
2177 2185 2326 2238 modo
2355 2187 2664 2258 subjiciatur
2693 2187 2811 2242 huic
2838 2189 3112 2260 scriptura:
3133 2233 3147 2257 ,
3206 2193 3286 2247 vel
3317 2194 3478 2266 ipsius
3519 2212 3614 2268 pa-

2014 2278 2172 2332 rentis
2195 2319 2210 2342 ,
2240 2279 2320 2332 uel
2346 2280 2572 2333 omnium
2597 2320 2612 2346 ,
2645 2281 2778 2336 inter
2797 2298 2922 2352 quas
2952 2285 3010 2353 ﬁt
3033 2286 3245 2357 partitio
3269 2328 3286 2357 ,
3334 2290 3614 2348 liberorum

2015 2371 2344 2442 subscriptio.
2375 2370 2492 2442 (Ex
2519 2371 2640 2426 cod.
2665 2372 2804 2428 Just.
2830 2371 2850 2445 )

2576 2461 2717 2512 Anno
2739 2463 2938 2516 Domini
2954 2466 3062 2518 322.

2430 2543 2696 2602 Prabiano
2725 2557 2772 2602 et
2804 2548 3018 2606 Juliana
3045 2550 3190 2608 Cass.

2532 2656 2601 2695 DE
2624 2655 3086 2700 ACCUSATIONIBUS.

2088 2729 2226 2801 Imp.
2246 2730 2610 2790 Constantinus
2624 2738 2686 2789 Α.
2701 2737 2769 2790 ad
2790 2739 3158 2808 Agricolamtm
3173 2751 3268 2797 α...
3295 2741 3428 2800 Cum
3443 2744 3470 2784 δ
3491 2745 3610 2818 juse

2016 2823 2237 2880 evidens
2259 2833 2419 2894 atque
2441 2827 2780 2883 manifestum
2804 2832 2893 2896 sit,
2916 2839 2976 2887 ut
2995 2834 3344 2891 intendendi'1
3373 2840 3614 2898 criminis

2015 2916 2215 2986 publici
2257 2918 2560 2975 facultatem
2585 2937 2690 2976 non
2715 2923 2814 2978 nisi
2837 2940 2904 2978 ex
2926 2928 3091 2982 certis
3127 2931 3331 2985 caussis
3361 2934 3616 2990 mulieres

2016 3006 2282 3075 habeant,
2314 3010 2414 3066 hoc
2445 3021 2527 3066 est
2556 3013 2601 3067 si
2631 3029 2783 3068 suam
2815 3031 3146 3090 suorumque
3193 3021 3442 3090 injuriam
3491 3040 3617 3094 per-

2015 3111 2355 3170 sequantur,
2429 3105 2704 3162 observari
2775 3109 3070 3181 antiquitus
3123 3121 3319 3169 statuta
3376 3126 3612 3186 oportet.

302 3217 387 3264 tes
407 3250 423 3274 ,
460 3208 776 3278 priusquam
803 3207 1015 3278 aliquod
1043 3207 1385 3262 commodum
1412 3207 1666 3271 sentiant,
1697 3204 1910 3259 damnis
1939 3193 1984 3256 C
2014 3192 2200 3265 Neque
2235 3197 2377 3251 enim
2416 3196 2494 3253 f118
2524 3210 2627 3266 εει,
2656 3207 2716 3255 ιιι
2743 3203 2943 3272 Ρθεεὶῐη
2969 3205 3282 3264 mulieribus
3323 3210 3616 3266 accusandi

301 3296 446 3351 aﬂici
480 3295 895 3366 compellantur.
931 3282 1034 3348 Pls.
1080 3294 1165 3348 15.
1198 3293 1313 3348 Cal.
1346 3293 1474 3347 Jun.
1505 3292 1687 3346 Sirmii
1730 3289 1912 3360 Crispo

301 3391 364 3448 Il.
394 3402 443 3448 et
475 3390 815 3447 Constantina
842 3389 908 3445 ll.
935 3388 1035 3445 CC.
1066 3385 1209 3443 Cass.
1245 3387 1420 3461 (521.)
1445 3386 1554 3458 (Ex
1584 3385 1712 3441 Cod.
1745 3382 1913 3458 Just.)

798 3526 865 3565 DE
897 3523 1156 3564 JDIFICIIS
1176 3522 1436 3562 ιηιινΑτιε.

371 3625 524 3700 Imp.
556 3625 921 3682 Constantinus
949 3625 1016 3679 Λ.
1046 3623 1258 3690 Elpidia
1296 3622 1465 3693 agenti
1506 3621 1663 3676 t-icem
1694 3618 1810 3674 PP.
1855 3619 1909 3674 Si

303 3723 428 3792 quis
446 3731 572 3791 post
601 3720 740 3775 hanc
764 3719 938 3790 legem
969 3718 1191 3772 civitate
1219 3700 1472 3786 spoliata,
1502 3724 1751 3770 ornatum
1783 3714 1913 3779 (hoc

305 3823 388 3870 est
429 3829 745 3879 marmora,
792 3814 878 3867 vel
923 3809 1224 3881 columnas)
1265 3810 1329 3864 ad
1373 3824 1497 3864 rura
1539 3806 1909 3873 transtulerit,

305 3907 550 3978 privetur
583 3921 646 3961 ea
686 3905 1050 3975 possessione,
1075 3918 1234 3973 quam
1269 3903 1338 3956 ita
1382 3900 1674 3957 ornaverit.
1705 3899 1759 3955 Si
1791 3898 1912 3970 quis

307 4008 491 4054 autem
518 4014 586 4054 ex
615 3998 721 4053 alia
751 3997 806 4052 in
834 3996 995 4050 aliam
1018 3995 1289 4050 civitatem
1320 3992 1616 4049 labentium
1646 3991 1908 4062 parietum

310 4103 586 4144 marmora
621 4088 706 4142 vel
735 4088 1017 4143 columnas
1051 4085 1118 4140 de
1158 4084 1389 4156 propriis
1417 4083 1666 4138 domibus
1702 4081 1753 4136 in
1786 4097 1913 4152 pro-

312 4185 457 4254 prias
502 4181 797 4238 transferre
851 4180 1119 4246 voluerit,
1167 4179 1418 4249 quoniam
1469 4176 1752 4246 utrobique
1793 4175 1913 4231 haec

313 4293 434 4335 esse
476 4277 748 4348 publicum
777 4276 944 4331 decus
970 4283 1072 4341 est,
1103 4274 1327 4329 licenter
1348 4271 1452 4327 hoc
1479 4272 1657 4327 faciat.
1688 4272 1819 4325 Data
1839 4271 1912 4326 si-

312 4370 512 4424 militer
540 4369 791 4423 facultate
809 4367 973 4421 etiam
993 4365 1061 4420 de
1093 4365 1436 4434 possessione
1454 4371 1703 4417 ornatum
1727 4362 1910 4430 hujus—

311 4455 456 4510 modi
496 4455 562 4507 ad
605 4452 999 4522 possessionem
1038 4451 1196 4503 aliam
1237 4447 1623 4508 transferendi,
1663 4448 1910 4518 quamvis

311 4565 410 4619 per
438 4561 642 4612 muros,
673 4545 754 4599 vel
783 4545 942 4599 etiam
969 4558 1066 4614 per
1096 4541 1324 4596 mediam
1353 4540 1627 4596 civitatem
1649 4555 1709 4593 ea
1735 4548 1904 4592 trans-

314 4641 445 4696 ferri
466 4655 688 4696 necesse
711 4638 783 4692 sit
806 4655 818 4691 :
848 4638 920 4692 ita
941 4647 1000 4691 ut
1024 4651 1086 4690 ea
1107 4633 1468 4697 solummodo,
1490 4650 1609 4701 qua:
1632 4633 1775 4688 illata
1798 4632 1912 4688 fue-

312 4734 426 4787 rint
456 4731 786 4791 civitatibus,
833 4737 1205 4797 exponentur.
1257 4725 1376 4779 Dat.
1423 4725 1475 4780 6.
1524 4724 1738 4778 Calend.
1779 4722 1905 4779 Jun.

322 4822 615 4888 Viminacii,
647 4820 828 4890 Crispo
853 4819 910 4873 ll.
943 4827 988 4872 et
1017 4815 1192 4872 Const.
1219 4815 1283 4871 Il.
1314 4803 1456 4869 Cass.
1488 4811 1658 4883 (521).

779 4953 846 4992 DE
867 4948 1215 4999 REQUIBE’SDIS
1236 4945 1373 4985 ιιι-ηε.

393 5051 910 5124 lmp.Cons!antinus
939 5051 1001 5104 A.
1028 5047 1096 5101 ad
1125 5045 1453 5100 Ianuarium.
1487 5042 1818 5112 Quicumque
1843 5055 1911 5096 ex

316 5162 386 5203 eo
412 5147 516 5214 die,
561 5161 668 5215 quo
698 5161 822 5201 rcus
848 5142 1008 5197 fuerit
1032 5141 1082 5195 itt
1124 5138 1327 5208 judicio
1354 5136 1574 5207 petitus,
1622 5135 1757 5188 intra
1782 5134 1909 5187 anni

318 5237 548 5307 spatium
574 5236 810 5292 noluerit
837 5232 1028 5288 adesse
1059 5229 1284 5300 judicio,
1311 5243 1402 5283 res
1439 5227 1557 5295 ejus
1589 5225 1718 5280 fisco
1739 5224 1911 5277 vindi-

314 5339 524 5386 centur.
543 5329 655 5384 Etsi
681 5336 863 5398 postea
893 5332 1161 5395 repertus,
1184 5335 1385 5376 nocens
1421 5320 1580 5376 fuerit
1607 5316 1908 5388 deprehen-

309 5432 434 5483 sus,
453 5419 714 5476 severiori
736 5416 1017 5474 sententiae
1033 5413 1368 5483 subjugetur.
1393 5412 1497 5467 Sed
1514 5412 1557 5466 si
1580 5406 1909 5480 argumentis

313 5512 651 5568 evidentibus
671 5521 727 5566 et
755 5509 1070 5580 probatione
1095 5505 1329 5561 dilucida
1363 5504 1725 5560 innocentiam
1755 5515 1908 5557 suam

313 5608 647 5676 purgaverit,
691 5602 1039 5658 nihilominus
1071 5599 1352 5655 facultates
1381 5597 1500 5666 ejus
1527 5611 1693 5665 penes
1718 5594 1905 5650 fiscum

315 5709 655 5754 remaneant.
691 5697 813 5751 Dat.
849 5695 935 5750 Id.
979 5694 1104 5750 Jan.
1139 5692 1476 5748 Constantino
1506 5690 1572 5746 A.
1616 5689 1667 5745 5.
1697 5699 1741 5744 et
1768 5687 1909 5744 Lici-

313 5792 408 5847 nio
430 5789 528 5848 CC.
552 5791 695 5847 Cass.
728 5788 904 5862 (521.)
933 5789 1035 5857 (Ex
1061 5787 1194 5844 Cod.
1217 5784 1404 5856 Just).

599 5886 874 5946 Ps'ruon.
925 5881 1089 5945 Vill.

2016 3288 2278 3356 permissa
2331 3289 2555 3344 facultas
2607 3293 2724 3359 sit;
2791 3295 3029 3366 alioquin
3091 3300 3142 3353 in
3199 3302 3425 3369 publicis
3483 3304 3613 3358 olim

2015 3380 2401 3448 qumstionihus
2450 3381 2716 3437 interdum
2767 3393 2860 3439 aut
2915 3386 3189 3442 admissa“
3243 3392 3489 3460 probatio
3533 3406 3618 3450 est

2014 3482 2106 3525 aut
2145 3473 2449 3528 accusantis
2486 3475 2796 3530 auctoritas.
2835 3477 3067 3548 Patronif
3096 3480 3255 3534 etiam
3303 3499 3615 3542 raussnrum

2015 3566 2270 3620 monendi
2300 3575 2456 3629 sunt,
2501 3581 2568 3621 ne
2599 3577 2848 3638 respectu
2875 3571 3180 3639 compendii
3212 3572 3440 3630 feminas
3475 3576 3495 3615 τ
3528 3593 3614 3634 sc-

2013 3658 2242 3714 curitate
2288 3658 2511 3713 forsitan
2546 3675 2707 3714 sexus
2752 3661 2803 3715 in
2855 3662 3168 3718 actioncms
3210 3667 3448 3724 illicitam
3491 3687 3616 3740 pro-

2015 3761 2232 3807 ruentes
2274 3761 2475 3807 temere
2524 3753 2841 3822 suscipiant.
2875 3753 2993 3809 PP.
3043 3755 3108 3811 ιν.
3133 3757 3267 3813 Ιά.ῑι
3301 3761 3451 3817 Febr.
3480 3763 3615 3820 Pro-

2015 3842 2166 3896 biano
2194 3853 2239 3897 et
2263 3841 2477 3896 Juliana
2495 3841 2638 3898 Cass.
2672 3842 2684 3881 ί
2724 3843 2894 3916 (522).

2085 3937 2540 3992 ΙΝτεκΡιιετΑτιο.
2562 3935 2791 3994 Feminis
2819 3941 2920 3995 nisi
2943 3943 2995 3996 in
3021 3960 3115 3998 sua
3135 3962 3441 4015 suarumque
3463 3967 3616 4007 caus-

2088 4079 2112 4156 ξι
2151 4070 2208 4138 4,
2233 4069 2335 4156 Til.
2362 4070 2845 4156 Αίνξεοέειηῳηθο,
2871 4072 3340 4156 giiggric‘ulanum.
3374 4082 3445 4136 42
3473 4087 3615 4156 agri-

2014 4144 2204 4197 culam.
2235 4144 2337 4196 An.
2369 4141 2493 4196 add.
2530 4141 2687 4197 [lecte
2709 4142 2911 4198 Prav.?
2946 4141 3063 4200 Vid.
3097 4147 3197 4202 G0.
3241 4151 3292 4202 iu
3333 4164 3442 4207 not.

2085 4211 2114 4253 ι)
2155 4215 2309 4269 Prior
2339 4213 2488 4295 h._c.
2523 4229 2645 4282 pars
2674 4213 2818 4295 innc.
2852 4214 3069 4295 l2_Co_d.
3103 4217 3242 4295 Just.
3271 4221 3488 4295 deliis,
3521 4229 3615 4295 qui

2013 4301 2126 4341 acc.
2156 4303 2208 4338 n.
2260 4300 2312 4354 p.
2339 4284 2561 4338 videtur
2581 4285 2886 4346 Iransiisce;
2925 4286 3117 4353 legitur
3143 4291 3287 4345 enim
3319 4294 3387 4347 ibi
3411 4284 3486 4352 ab.
3509 4284 3616 4354 ini-

2015 4358 2091 4412 tio
2209 4375 2228 4437 ς
2252 4353 2328 4409 De
2347 4357 2559 4410 crimine
2581 4356 2717 4422 quod
2744 4356 3064 4437 publicarum
3091 4363 3246 4437 fuerit
3266 4353 3611 4437 judiciorum,

2013 4430 2219 4483 mulieri
2264 4444 2505 4481 accusare
2533 4443 2633 4479 non
2679 4430 3024 4495 permittitur:
3049 4432 3147 4485 nisi
3177 4430 3325 4488 ceriis
3354 4453 3418 4491 ex.
3443 4430 3614 4496 causis

2013 4500 2067 4573 itl
2095 4507 2165 4553 est
2195 4500 2236 4552 si
2267 4515 2410 4573 suam
2451 4513 2756 4573 suarumque
2786 4510 3115 4570 persequatur
3143 4505 3387 4573 injuriam
3425 4527 3614 4566 secun-

1935 4587 1990 4646 D
2015 4571 2138 4624 dum
2168 4571 2364 4646 antiqui
2383 4571 2738 4646 jurisstatuta
2758 4580 2973 4646 tantum,
3001 4583 3104 4646 nte.

2089 4651 2111 4679 ε
2154 4643 2208 4705 4,
2232 4640 2338 4694 Til.
2371 4643 2618 4712 βημλιιδ,
2646 4641 2739 4693 sed
2778 4641 2828 4694 in
2851 4642 2977 4712 eod.
2997 4639 3032 4694 4
3067 4658 3213 4711 supr.
3242 4646 3337 4701 lin.
3360 4649 3484 4706 add.
3543 4655 3612 4712 ab

2012 4721 2126 4786 ant.
2153 4727 2332 4786 manu.
2450 4710 2772 4786 ejus._Paulo
2806 4721 2927 4786 post
3067 4710 3429 4786 manifestum.

2085 4781 2111 4820 (ι
2151 4783 2320 4864 Codd.
2352 4781 2440 4864 Br:
2467 4783 2550 4864 ᾼΙ.
2582 4782 2865 4864 inmutandi
2895 4791 2950 4836 ut
2973 4782 3144 4864 Sich.,
3174 4781 3229 4864 ξς
3250 4789 3590 4864 intemptandi

2011 4854 2297 4936 itttqmtanli
2325 4862 2379 4907 et
2405 4851 2754 4936 india-dandi:
2789 4869 2912 4936 quae
2947 4840 3610 4936 omnia:dchrsairejus'd:

2015 4941 2065 4978 v.
2101 4925 2460 4994 fortntesunt.
2505 4923 2587 4976 Ri.
2626 4923 2779 4990 prob.
2805 4938 2860 4986 ,v.
2895 4925 3200 4981 intentandi.
3236 4929 3413 4988 Retin.
3448 4923 3616 4994 inten-

2013 4996 2186 5080 detuli.
2204 4984 2336 5080 vid.
2351 4995 2517 5080 ’ςκμΔ
2533 4996 2584 5073 ιιἷ
2614 4984 2652 5080 ις.
2696 4997 2739 5080 si
2763 5036 2777 5058 ,
2805 4984 3270 5080 quod-intenderit.
3294 4984 3614 5080 isteista:

2013 5067 2138 5120 verit
2168 5075 2222 5120 et
2241 5081 2290 5120 e.
2317 5065 2385 5119 15
2414 5065 2467 5116 h.
2502 5071 2544 5120 t.
2566 5065 2858 5136 intendendi
2882 5069 3085 5136 quidem
3103 5074 3373 5130 examinis.

2089 5147 2112 5174 e
2154 5138 2206 5197 9,
2243 5136 2326 5224 1,ρῖ
2367 5136 2440 5224 2t)
2467 5136 2676 5224 amissa.
2709 5135 3018 5224 _l.tnpr.rGo.
3067 5141 3120 5194 in
3147 5157 3344 5203 comm.
3370 5163 3487 5218 eos,
3519 5155 3611 5224 qui

2015 5224 2120 5280 em.
2159 5207 2384 5280 probitas
2402 5223 2513 5280 Apro
2544 5208 2793 5280 probatio.
2931 5253 2938 5257 .

2089 5277 2108 5318 t
2159 5277 2365 5360 :8—10,
2393 5278 2479 5338 12.
2507 5278 2576 5358 16
2600 5281 2810 5351 respecti
2830 5288 2882 5335 et
2904 5280 2969 5337 16
2998 5283 3208 5354 femina.
3238 5287 3309 5344 20
3335 5304 3484 5360 supr.
3512 5296 3609 5355 lin.

2015 5352 2276 5407 severitate
2298 5366 2394 5416 pro
2416 5351 2697 5403 securitate.

2087 5432 2112 5470 ε
2149 5422 2221 5500 29
2239 5422 2799 5500 accessiotte,sed._em.
2823 5425 3036 5478 actione.
3061 5424 3130 5480 15
3161 5428 3212 5480 iu
3233 5437 3330 5482 act.
3356 5434 3616 5500 publicam

2014 5510 2155 5571 pror.
2181 5494 2216 5548 6
2237 5494 2485 5547 inclitam.
2513 5492 2578 5545 19
2608 5494 2819 5549 inlicita.
3356 5492 3366 5500 '

2059 5564 2186 5638 7h‘8
2212 5563 2282 5618 kl.
2311 5563 2596 5638 pro_id.‘24
2621 5566 2756 5634 prid.
2782 5565 2852 5622 40
2873 5570 2949 5638 pf.
2971 5565 3070 5636 [τὸ.
3094 5565 3185 5632 28,
3208 5566 3280 5626 40
3305 5585 3415 5631 om.
3438 5578 3501 5635 ν,
3519 5581 3606 5638 Id.

2016 5637 2082 5693 19
2111 5635 2197 5691 Id.
2229 5632 2357 5706 febr.
2379 5632 2453 5688 X.
2479 5632 2575 5688 Pr.

2093 5711 2119 5789 ξ·
2153 5705 2291 5789 tea
2316 5705 2673 5789 Valentiniano
2697 5724 2743 5762 c.
2768 5708 2868 5764 Go.
2897 5709 3144 5766 consulto
3170 5712 3453 5789 adscripsit
3475 5737 3598 5779 ann.

2015 5780 2142 5851 525,
2167 5782 2324 5850 impr.
2355 5778 2438 5833 lli.

3042 5874 3082 5934 8
