4082 6178
270 274 370 332 211

1346 255 1668 316 DECRETA
1708 254 1796 312 ET
1833 249 2441 310 CONSTITUTIONES.

3456 239 3564 296 242

263 396 374 468 ejus
418 391 586 448 astatis
636 397 684 444 et
713 403 866 442 sexus
897 385 1020 439 dare
1040 391 1250 455 cogatur
1263 390 1313 448 α,
1343 379 1448 434 illis
1469 378 1522 432 in
1546 376 1852 432 condemna-
1879 374 1936 436 Α
1957 371 2037 427 vel
2057 380 2081 408 α
2111 370 2247 442 quod
2274 369 2335 423 ab
2379 369 2458 422 his
2479 366 2507 406 ιι
2535 367 2590 422 in
2617 377 2638 407 ο
2688 365 2887 438 peculio
2936 365 3185 438 reposcit,
3237 360 3563 434 satisfaciat,

267 490 396 544 tione
423 485 450 526 δ
489 502 590 540 non
647 480 1050 536 annumerandis
1075 479 1154 532 his
1182 519 1196 543 ,
1224 477 1312 548 qui
1338 516 1353 541 ,
1381 474 1504 528 dum
1534 487 1716 527 caussa
1741 485 1861 541 pro-

265 581 503 644 trahitur,
532 578 584 630 in
613 577 736 631 litec
771 575 879 628 nati
911 588 1020 627 esse
1047 575 1346 641 probantur.
1369 566 1520 633 Quod
1541 566 1584 618 si
1602 562 1627 601 ‘1
1659 580 1723 619 ea:
1752 563 1854 628 his,

265 673 348 744 qui
375 671 445 724 ad
475 668 770 725 servitutem
800 674 1046 721 vocantur
1064 705 1079 729 ,
1115 664 1238 716 dum
1267 677 1359 731 per
1397 665 1696 713 assertorem
1730 665 1752 692 θ
1778 670 1855 709 re-

263 762 561 833 quirendum
587 769 676 813 aut
713 759 820 812 alia
848 752 1150 811 occasionef
1181 769 1363 807 caussa
1394 749 1728 820 protrahitur,
1761 746 1868 800 ali-.

263 857 348 925 qui
373 854 726 917 morianturs,
755 860 801 904 et
845 849 1068 904 Ittcredrs
1097 863 1271 902 eorum
1311 854 1500 898 statum
1534 840 1858 912 ingenuitatis

264 945 606 1012 obtinuerint,
636 959 731 1015 pro
779 943 918 996 illius
946 956 1183 1012 persona,
1231 952 1346 1008 qua:
1397 933 1498 989 inh
1528 935 1615 988 lite
1658 941 1859 986 mortua

262 1051 352 1105 est,
372 1038 662 1094 Ineredibus
695 1036 800 1090 suis
825 1035 938 1102 eius
965 1032 1326 1100 compensatio,
1361 1029 1490 1082 sicut
1520 1036 1564 1081 et
1594 1043 1686 1098 pro
1711 1024 1853 1088 vivis,

260 1152 290 1191 a
316 1134 554 1207 pulsante
597 1131 861 1186 reddenda
895 1138 989 1184 est.
1023 1125 1085 1182 Si
1116 1142 1232 1180 vero
1256 1125 1344 1178 ille
1369 1122 1648 1188 moriatur,
1677 1119 1767 1192 qui
1794 1119 1857 1172 li-

258 1230 399 1284 beros
426 1228 713 1282 conabatur
737 1223 976 1278 addicere
999 1220 1043 1288 ί,
1077 1231 1122 1274 et
1152 1220 1287 1288 ﬁlios
1312 1227 1398 1272 aut
1432 1215 1656 1270 hwredes
1676 1215 1854 1267 dimit-

256 1333 345 1390 tat,
368 1323 415 1378 si
440 1323 454 1373 i
500 1319 734 1394 persequi
754 1320 781 1358 κ
817 1317 1070 1372 voluerint
1099 1329 1364 1378 caussam,
1399 1327 1552 1374 quam
1583 1318 1730 1380 pater
1768 1315 1857 1361 aut

255 1397 432 1472 uctor
451 1413 470 1452 ι
500 1413 847 1471 inchoaverat,
876 1420 924 1464 et
956 1409 1078 1463 victi
1101 1407 1312 1479 fuerint,
1335 1403 1402 1457 ad
1428 1418 1584 1474 supra
1613 1401 1856 1474 scriptam

255 1509 656 1580 satisfactionem
677 1504 881 1560 tenendi
907 1511 1048 1567 sunt,
1075 1510 1128 1554 ut
1159 1500 1265 1554 alia
1286 1509 1325 1535 ω
1347 1507 1420 1552 tot
1441 1496 1698 1566 mancipia
1723 1493 1858 1548 male

257 1600 474 1674 pulsatis
511 1597 857 1669 satisfaciant.
901 1595 962 1651 Si
1002 1610 1117 1648 vero
1139 1609 1291 1665 agere
1315 1591 1591 1653 noluerint,
1625 1605 1714 1643 nec
1741 1604 1856 1660 per-

259 1697 398 1766 sequi
426 1709 517 1748 eos
540 1691 866 1756 tentaverint,
895 1689 985 1743 sed
1005 1689 1224 1742 etiamin
1241 1684 1527 1740 custodiam
1551 1685 1615 1737 ab
1643 1691 1852 1737 auctore

257 1763 537 1841 redactos“
563 1782 873 1837 absolverint
904 1785 950 1844 °,
985 1788 1133 1835 erunt
1160 1788 1232 1831 ar
1263 1777 1510 1830 mulcth
1547 1774 1861 1828 eondemna-
1889 1763 1938 1825 B

263 1883 392 1935 tione
407 1877 601 1939 securi,
626 1875 746 1946 quia
762 1891 862 1926 non
879 1873 932 1926 in
951 1871 1174 1924 auctoris
1190 1869 1270 1924 sui
1284 1870 1404 1922 vitio
1418 1878 1440 1905 ι’
1461 1874 1788 1940 perstiterunt
1810 1875 1855 1918 ο.

267 1972 410 2041 Quod
433 1972 480 2025 si
512 1975 528 2008 ι
560 1972 695 2042 forte
724 1969 945 2021 minores
969 1967 1093 2033 sint,
1119 1974 1164 2018 et
1197 1974 1337 2018 tutor
1357 1972 1385 1999 ιι
1416 1949 1591 2018 eorum
1611 1961 1686 2015 vel
1707 1977 1862 2014 cura-

268 2079 341 2124 tor
360 2081 571 2122 caussas
597 2079 777 2119 eorum
796 2062 1042 2116 adversus
1071 2059 1433 2131 ingenuitatem
1468 2056 1706 2128 prosequi
1727 2064 1754 2092 ν
1778 2071 1860 2108 ve-

272 2161 348 2227 lit,
377 2171 423 2214 et
451 2157 612 2228 fuerit
634 2166 928 2228 superatus,
962 2154 1072 2225 ipse
1091 2151 1153 2205 de
1185 2150 1396 2223 propria
1425 2148 1672 2217 facultate
1691 2147 1758 2200 ad
1778 2162 1859 2200 sa-

271 2251 604 2324 tisfactionem
631 2246 878 2302 tenendus
910 2254 1004 2299 est.
1039 2243 1098 2298 Si
1123 2258 1237 2297 vero
1268 2250 1381 2313 post
1407 2239 1681 2294 secundam
1707 2253 1860 2309 repa-

271 2347 514 2400 rationem
537 2350 764 2396 assertor
786 2340 1017 2392 inventus
1038 2335 1264 2408 periculo
1283 2350 1376 2386 suo
1396 2341 1421 2369 ι
1451 2331 1644 2385 addicti
1661 2340 1688 2379 Υ
1716 2345 1864 2383 eaus-
1901 2354 1908 2360 -

272 2453 374 2493 sam
393 2435 672 2489 crediderit
711 2431 1082 2502 replicandam,
1111 2437 1185 2491 ut,
1210 2427 1254 2480 si
1289 2426 1520 2478 vincatur
1544 2431 1590 2489 ι,
1607 2421 1861 2491 peculium

273 2539 352 2585 aut
362 2529 572 2583 servitia
583 2535 639 2563 εει
653 2535 1002 2594 susceptorum
1014 2521 1072 2560 δι’
1091 2521 1166 2576 vel
1189 2522 1330 2589 ipsos
1346 2530 1368 2557 ο
1380 2528 1400 2555 ε
1415 2517 1626 2570 reddere
1650 2515 1828 2568 debeat
1845 2530 1864 2569 :

273 2621 503 2677 similiter
521 2629 568 2672 et
591 2618 698 2684 ille,
723 2618 811 2688 qui
835 2616 1026 2684 pulsat,
1045 2616 1164 2666 dato
1195 2612 1495 2688 ﬁdejussore
1506 2604 1564 2644 δά
1601 2606 1865 2676 promittat

275 2712 636 2785 scpraedictum
663 2724 931 2765 numerum
951 2706 1028 2760 vel
1050 2703 1284 2758 meritum
1310 2687 1365 2738 θό
1388 2699 1764 2771 mancipiorum
1786 2694 1862 2765 η,

342 2941 367 2969 ⁸
399 2931 489 2996 10,
517 2929 607 2994 18,
630 2928 722 2996 42,
749 2926 840 2982 alii
874 2939 982 2979 om.
1013 2922 1094 2996 his
1117 2951 1188 2996 -_-
1207 2927 1442 2996 cogatur.

342 3003 370 3043 ι’
392 2986 549 3059 Sich.
580 2986 764 3072 Cujdl
792 3027 862 3039 --
888 2995 1072 3072 Lugd.
1104 2993 1172 3047 ad
1198 2986 1692 3072 condemnationem.
1721 2987 1863 3072 6,"7,
1905 3010 1913 3023 ι

278 3074 336 3129 21
367 3077 433 3129 ad
467 3090 600 3129 serv.
633 3059 878 3127 vocabant
902 3059 1099 3121 -—-‘illis
1134 3080 1235 3117 non
1265 3064 1317 3116 in
1345 3077 1392 3114 c.
1421 3059 1828 3113 adnumerandis
1848 3098 1864 3125 ,

279 3147 479 3218 quidam
507 3160 704 3218 caussa
721 3143 957 3218 trahitur.
1011 3135 1261 3206 Plerique
1281 3131 1440 3189 codd.
1471 3130 1706 3184 trahitur.

351 3229 370 3256 ο
397 3217 544 3271 Multi
571 3214 728 3270 codd.
755 3215 809 3267 in
832 3213 990 3266 litem.

345 3286 372 3328 (ι
405 3289 586 3344 Noun.
637 3285 795 3342 codd.
846 3282 998 3347 Quod
1025 3279 1157 3351 (om.
1189 3277 1278 3347 si).

351 3372 373 3400 ο
404 3359 627 3414 Vocatur
654 3358 710 3412 d.
734 3373 830 3426 pro
849 3364 1121 3409 assertore.

353 3435 374 3476 ί
399 3412 507 3497 6,7
546 3412 638 3483 aut
667 3412 823 3484 aliam
861 3426 1199 3481 occasionem.
1241 3421 1310 3476 M
1336 3433 1425 3488 per
1455 3415 1612 3470 aliam
1641 3412 1869 3469 occasio-

284 3517 646 3643 ”:i’leriqne
672 3569 831 3627 codd.
861 3568 1169 3643 moriuntur.

350 3644 378 3683 ιι
404 3642 746 3701 ΙΙυΙιίίςοάό.
765 3658 875 3697 om.
904 3642 978 3694 in.

359 3737 374 3776 ί
409 3737 529 3804 Cui.
559 3738 582 3792 1
608 3766 681 3778 -
703 3735 875 3806 Lugd.
903 3732 1176 3788 adducere.
1212 3727 1268 3784 In
1315 3723 1566 3796 exemplo
1605 3736 1726 3779 meo
1747 3719 1866 3792 Cuj.

288 3810 312 3865 1
336 3825 362 3860 n
394 3825 553 3864 manu
583 3823 697 3864 rec.
725 3805 868 3862 corr.
898 3805 1164 3858 abducere.

354 3883 369 3932 t
402 3881 572 3937 Noun.
600 3877 758 3935 codd.
786 3878 1038 3948 prosequi.

353 3951 378 3991 ιι
406 3951 475 4006 44
501 3951 627 4008 add.
652 3968 756 4006 eos.

360 4021 376 4062 ι
404 4025 550 4080 Sich.
585 4040 708 4079 cum
735 4019 918 4077 multis
939 4017 1095 4075 codd.
1128 4025 1288 4072 actor.

356 4104 393 4132 ³³
417 4096 565 4151 Sich.
588 4103 709 4150 sunt
737 4110 755 4149 :
777 4101 864 4146 aut
886 4091 1008 4154 alia,
1037 4089 1130 4144 sed
1159 4087 1210 4142 in
1235 4102 1306 4140 m.
1328 4093 1402 4139 ut.

353 4173 380 4202 ³
408 4167 556 4223 Multi
585 4165 745 4222 codd.
774 4167 825 4219 in
848 4162 1079 4219 custodia
1103 4160 1164 4214 ab
1187 4169 1354 4213 actore
1375 4155 1624 4210 redactus.

355 4270 378 4297 °
407 4260 540 4316 Hinc
590 4261 783 4316 iterum
829 4255 1015 4325 incipit
1038 4253 1163 4309 cod.
1195 4249 1286 4308 20.
1314 4247 1436 4304 Vid.
1467 4247 1526 4303 C.
1559 4245 1665 4300 Th.
1701 4242 1782 4299 tit.
1801 4242 1870 4300 de

288 4328 487 4400 Nuptiis
514 4330 627 4403 (lll,
661 4332 739 4402 7),
771 4344 820 4385 c.
850 4329 907 4396 2,
931 4338 1040 4382 not.
1077 4343 1130 4396 p.

357 4413 381 4452 P
407 4403 474 4458 20
504 4420 616 4457 oui.
669 4419 720 4455 a.

358 4483 383 4522 *ι
402 4473 576 4528 Noun.
601 4474 762 4529 codd.
809 4471 990 4526 multa.

363 4553 384 4580 ι
414 4545 465 4604 6.
490 4547 544 4610 7,
569 4545 661 4608 21,
690 4544 779 4609 42,
812 4544 901 4597 alii
929 4543 1125 4596 vitium.

365 4625 384 4652 ³
415 4616 556 4670 Multi
578 4616 737 4671 codd.
769 4615 1110 4684 prestiterunt.

367 4688 384 4721 ¹
409 4687 565 4753 6—9,
597 4688 689 4752 12,
725 4673 812 4748 11,
847 4685 931 4750 17,
963 4683 1030 4739 19
1060 4693 1112 4739 et
1135 4678 1286 4736 multi
1310 4676 1400 4734 alii
1423 4673 1544 4731 Nisi
1572 4677 1724 4746 forte.

368 4765 391 4792 υ
415 4758 482 4814 20
504 4774 664 4829 snpra
697 4759 792 4814 lin.
815 4766 1010 4811 auctor.

368 4838 392 4867 ν
420 4831 485 4883 20
513 4831 760 4900 persequi.

371 4908 394 4937 ⁸
418 4897 549 4957 6—8
577 4897 677 4958 suil
706 4903 778 4957 20
799 4899 1008 4970 periculi
1035 4897 1136 4952 sui.

371 5003 396 5040 γ
418 4994 531 5065 Cuj.
565 4995 591 5050 1
621 5024 692 5035 -
715 4992 888 5064 Lugd.
939 4993 989 5046 in
1019 5006 1095 5065 m._
1124 4985 1351 5065 adducti.
1382 4983 1439 5039 lu
1471 4977 1723 5048 exemplo
1752 4988 1876 5032 meo

308 5061 414 5134 Cuj.
448 5059 524 5122 La
556 5082 703 5121 man.
732 5059 844 5120 rce.
877 5079 1020 5118 corr.
1045 5059 1265 5114 abducti.

377 5165 396 5192 ι
423 5159 491 5212 lla
537 5158 589 5220 6,
618 5160 674 5222 7,
702 5157 798 5221 20,
832 5154 924 5220 42,
959 5152 1050 5218 44,
1085 5151 1198 5216 alii,
1234 5143 1560 5218 Sicli.Cuj.l
1585 5171 1656 5183 —
1678 5137 1877 5209 Lugd.,

306 5229 446 5296 prob.
477 5228 561 5284 Ri.
596 5229 736 5285 Bell.
773 5227 1080 5281 vindicatur.

373 5327 424 5357 ³³⁸
455 5320 626 5375 Noun.
661 5319 819 5374 codd.
855 5316 1131 5371 seruitium.

370 5409 425 5448 bb
453 5412 520 5466 20
547 5412 967 5479 subscriplomm,
993 5407 1092 5479 sed,
1108 5422 1138 5461 a
1156 5419 1299 5460 man.
1319 5417 1428 5458 sec.
1452 5417 1593 5457 corr.
1619 5406 1884 5469 suscepto-

305 5498 430 5536 rum.
453 5484 516 5538 21
552 5478 930 5554 suscepturum,
962 5479 1055 5534 sed
1084 5478 1136 5532 in
1160 5495 1234 5531 ni.
1262 5484 1631 5553 susceptorum.

379 5583 427 5645 ες
456 5575 522 5630 20
549 5576 710 5644 ipsas.
734 5570 1228 5645 Siclt.ipsa._Nonn.
1251 5566 1560 5645 codd.ipsu.

376 5640 430 5681 δά
457 5637 624 5702 Noun.
659 5643 821 5700 codd.
856 5637 987 5698 dalis
1007 5637 1415 5710 fidejussoribus.

382 5724 432 5786 ff
460 5714 571 5786 Cuj.
601 5713 876 5786 i—Lugd.
902 5712 1114 5771 oui.vel
1126 5712 1380 5768 meritum.

383 5782 429 5822 τί
462 5782 824 5842 12’κτυονιιοιῖ.

1896 4535 1952 4597 D

1959 479 2076 518 cum
2101 463 2254 532 fuerit
2277 468 2546 531 superatus
2568 459 2593 496 ά
2608 499 2621 513 .

2067 617 2134 656 DE
2163 611 2665 656 CONSTITUTlONlBUS
2692 606 2714 636 θ
2748 611 3032 653 PRINCIPUM
3072 611 3141 651 ET
3173 607 3382 650 EDICTIS
3407 591 3453 646 ί.

2029 737 2058 793 1
2066 756 2170 810 mp.
2229 738 2592 793 Constantinus
2625 737 2684 790 Α.
2726 737 2796 792 ad
2816 735 3090 790 Lusitanos
3108 743 3155 788 8.
3181 732 3237 789 Si
3266 748 3370 804 qua
3400 739 3551 804 post-

1957 826 2060 888 liac
2085 833 2114 869 ιι
2146 831 2322 887 edicta
2359 831 2373 870 ί
2407 832 2519 886 sive
2565 830 2980 886 constitutiones
3033 826 3188 883 siuei
3226 826 3315 881 die
3343 833 3557 880 etcou-

1956 927 2075 983 sule
2105 925 2305 982 fuerint
2333 925 2664 996 deprehensa
2694 925 2746 991 κ,
2779 922 3103 999 auctoritate
3149 925 3388 976 careant.
3425 917 3544 973 Dat.

2033 1101 2057 1129 ⁸
2091 1092 2339 1147 Nonnulli
2373 1092 2588 1148 codices
2623 1100 2732 1146 aut.

2031 1162 2059 1202 ι’
2093 1165 2237 1218 Multi
2271 1164 2429 1219 codd.
2464 1165 2546 1218 iis.

2035 1247 2055 1272 ε
2088 1235 2180 1298 20,
2214 1235 2278 1290 21
2318 1237 2367 1288 in
2411 1253 2511 1300 ιιι,
2534 1233 2695 1290 Sich.
2729 1233 2850 1301 Cuj.
2885 1233 2909 1288 1
2945 1262 3018 1274 —-
3048 1229 3220 1301 Lugd.
3267 1228 3330 1284 de
3357 1242 3455 1299 pro
3485 1228 3560 1295 in,

1958 1305 2054 1376 set!
2089 1308 2140 1360 in
2174 1323 2245 1360 m.
2281 1306 2402 1376 Cuj.
2444 1309 2460 1359 l
2499 1336 2571 1348 —
2602 1306 2770 1372 Lugd.
2804 1307 2878 1359 in.

2032 1374 2057 1413 ά
2090 1376 2182 1441 44,
2216 1371 2510 1447 εἰειιξϐιῇ.
2538 1378 2562 1431 1
2587 1407 2656 1417 -
2676 1376 2844 1445 Lugd.
2880 1375 3120 1444 reposcit,
3145 1390 3258 1426 cum
3283 1372 3434 1447 fuerit
3456 1371 3559 1425 vic-

1960 1457 2042 1503 tus
2062 1450 2186 1502 satis
2209 1451 2384 1513 faciat.
2414 1443 2530 1513 6,’7
2559 1443 2780 1517 νθροεσίῐ
2820 1443 3113 1517 satisfacere
3149 1461 3263 1497 eum
3303 1443 3343 1511 f.
3385 1459 3560 1517 super.

2034 1529 2057 1556 θ
2083 1519 2217 1574 lluic
2261 1519 2413 1574 titulo
2464 1517 2517 1574 in
2567 1513 2654 1572 llr.
2697 1519 2780 1572 Al.
2812 1513 3158 1587 prmiiiitlilur
3201 1513 3561 1587 commonito-

1959 1588 2125 1654 rium,
2158 1591 2298 1659 quod
2348 1605 2670 1660 quamquam
2719 1583 2827 1644 non
2857 1587 2924 1660 ad
2955 1587 3201 1660 codicem
3229 1583 3564 1660 Theodosia-

1957 1677 2086 1716 num
2124 1654 2378 1730 pertinet,
2411 1654 2588 1716 tamen
2620 1669 2838 1732 prapler
2867 1657 3363 1732 interpretationeu)
3391 1654 3558 1732 Vi_.~ig.

1964 1733 2018 1786 in
2046 1727 2143 1786 liae
2188 1733 2427 1787 editione
2458 1727 2734 1800 receptutii
2780 1731 2830 1784 in
2863 1727 3211 1783 annotatione
3255 1727 3559 1800 addendum

1965 1819 2086 1859 esse
2117 1805 2298 1873 putavi
2343 1821 2406 1858 ex
2437 1797 2753 1858 recensione
2774 1800 2956 1873 Garuli
2981 1801 3048 1854 de
3073 1800 3326 1869 Savigny.
3361 1797 3558 1873 Alarici

1962 1876 2096 1945 regis
2119 1868 2408 1946 'eazemplar
2435 1875 2780 1946 auctoritatis.
2816 1871 2882 1946 l_n
2912 1874 3005 1946 hoc
3028 1885 3242 1946 corpore
3279 1868 3558 1946 continen-

1965 1938 2048 1999 tur
2079 1947 2212 2013 leges
2237 1938 2340 1999 sibe
2361 1947 2554 2014 species
2576 1946 2714 2016 juris
2736 1944 2799 1996 de
2824 1938 3137 2016 Teodosiano
3170 1950 3216 1993 et
3255 1939 3466 1992 diversis
3487 1938 3562 2016 li:

1963 2016 2066 2070 bris
2087 2007 2256 2071 electa:
2282 2027 2352 2081 et,
2379 2007 2508 2070 sicut
2536 2007 2842 2088 piteceptum
2868 2022 2962 2077 est,
2994 2011 3303 2088 capianatee,
3327 2026 3462 2088 anno
3486 2007 3558 2088 22

1964 2099 2208 2157 regnante
2235 2080 2442 2141 domino
2491 2080 2699 2141 Alarico
2748 2101 2884 2156 rege,
2930 2083 3200 2157 ordinante
3220 2083 3326 2157 uiro
3353 2080 3559 2157 inlustri

1964 2151 2205 2212 Goiarico
2233 2159 2443 2212 Comite.
2483 2158 2761 2220 Exemplar
2806 2151 3150 2210 auctoritatis.
3209 2151 3557 2209 Commonito-

1966 2231 2100 2283 rium
2134 2229 2397 2282 Timotheo
2435 2228 2493 2282 V.
2529 2229 2588 2284 S.
2621 2227 2822 2282 Comiti.

2042 2299 2298 2354 Ulililatcs
2324 2301 2501 2371 populi
2545 2305 2705 2355 nostri
2751 2297 2972 2371 propitia
3023 2295 3560 2371 divinitate_tractan-

1968 2380 2042 2424 tes
2092 2373 2186 2424 hoc
2216 2364 2445 2441 quoque,
2493 2371 2630 2442 quod
2652 2364 2942 2442 iit-legibus
2991 2367 3272 2442 videbat_ur_
3302 2364 3556 2442 iniquum,

1967 2442 2166 2496 meliori
2192 2434 2552 2496 deliberatione
2597 2434 2920 2508 corrigimus,
2972 2448 3024 2490 ut
3051 2439 3213 2490 omnis
3255 2437 3420 2504 legum
3451 2434 3557 2488 Ro—

1967 2529 2238 2566 manarum
2283 2524 2329 2566 et
2379 2513 2578 2584 antiqui
2607 2513 2747 2584 juris
2771 2510 3086 2584 obscuritas,
3111 2508 3556 2584 adhibitis_sacer-

1969 2584 2171 2638 datibus
2217 2600 2276 2637 ac
2307 2577 2559 2638 nobilibus
2590 2577 2730 2646 viris,
2761 2584 2814 2634 in
2881 2581 3040 2634 lucem
3068 2577 3417 2648 intelligentiw
3447 2593 3556 2629 me-

1969 2654 2114 2709 lioris
2137 2655 2352 2709 deducta
2370 2654 2710 2725 resplendeat,
2735 2661 2780 2706 et
2806 2651 2934 2725 nihil
2965 2651 3208 2725 habeatur
3236 2648 3554 2725 ambiguum,

1967 2727 2106 2780 unde
2133 2742 2186 2779 se
2214 2717 2459 2779 diuturna
2483 2735 2571 2778 aut
2599 2725 2796 2778 diversa
2833 2723 3159 2792 jurgantium
3185 2722 3446 2792 impugnet
3469 2717 3558 2770 ob-

1959 2798 2138 2866 jectio.
2177 2797 2371 2862 Quibus
2392 2795 2620 2850 omnibus
2648 2789 3092 2866 enucleatis'atque
3110 2792 3164 2844 in
3189 2789 3347 2844 unum
3368 2789 3557 2842 librum

1971 2869 2298 2936 prudentium
2319 2869 2560 2921 electione
2602 2865 2848 2930 collectis,
2872 2865 2980 2917 htec
3006 2878 3122 2936 qua:
3160 2869 3398 2936 excerpta
3417 2868 3559 2936 sunt,

1969 2930 2048 2992 uel
2101 2939 2309 2992 clariori
2359 2938 2772 3009 interpretatione
2798 2976 2810 3000 ,
2864 2935 3141 3009 composita
3195 2930 3556 2985 uenerabilium

1970 3010 2325 3078 episcoporum
2347 3009 2423 3063 vel
2443 3005 2712 3064 electorum
2745 3005 3135 3078 provincialium
3152 3012 3450 3078 nostrorum
3466 3018 3560 3078 ro-

1972 3072 2164 3134 boravit
2207 3081 2474 3135 adsensus.
2512 3080 2574 3133 lit
2614 3072 3114 3145 ideo'subscriptum
3145 3073 3350 3134 librum,
3372 3072 3558 3145 quiin

1891 3147 1935 3210 C
1970 3150 2157 3205 tabulis
2189 3152 2403 3204 habetur
2427 3150 2688 3213 collectus,
2747 3142 2987 3203 Gaiarico
3027 3145 3199 3199 comiti
3227 3161 3318 3211 pro
3347 3142 3559 3196 distrin-

1968 3221 2146 3291 gendis
2199 3222 2413 3292 negotiis
2467 3232 2640 3275 nostra
2678 3219 2839 3293 jussit
2889 3217 3159 3293 clementia
3208 3213 3483 3293 destinari,-
3505 3222 3558 3264 ut

1958 3284 2116 3362 juxta
2137 3293 2248 3356 eius
2263 3284 2456 3345 seriem
2478 3284 2711 3362 universa
2754 3305 3023 3362 causarum
3049 3287 3277 3362 sopiatur
3303 3284 3514 3362 intentio
3537 3300 3555 3336 :

1968 3354 2059 3417 nec
2084 3354 2228 3417 aliud
2257 3362 2459 3416 cuilibet
2482 3372 2569 3416 aut
2603 3361 2666 3415 de
2713 3360 2924 3429 legibus,
2970 3368 3058 3411 aut
3079 3359 3141 3410 de
3186 3358 3301 3429 iure
3328 3354 3474 3429 liceat
3503 3357 3557 3429 in

1968 3434 2382 3502 disceptationem
2410 3449 2711 3503 praponere,
2731 3423 2831 3484 nisi
2857 3429 2994 3498 quod
3020 3429 3194 3503 directi
3223 3426 3338 3503 libri
3369 3435 3416 3503 et
3434 3423 3556 3477 sub-

1968 3496 2146 3573 scripii
2189 3506 2284 3559 viri
2331 3496 2622 3569 spectabilis
2666 3496 2877 3556 Aniani‘
2907 3515 3084 3563 manu,
3115 3499 3241 3550 sicut
3280 3496 3552 3573 jussimus,

1969 3567 2097 3630 ordo
2157 3567 2528 3643 complectitur.
2562 3573 2839 3628 Providere
2892 3587 3009 3643 ergo
3041 3580 3086 3643 te
3138 3567 3385 3643 conuenit,
3419 3575 3472 3643 ut
3503 3567 3557 3643 in

1971 3651 2084 3717 foro
2111 3657 2195 3701 tuo
2238 3636 2383 3701 nulla
2433 3645 2539 3699 alia
2567 3645 2862 3717 lex_neq_ue_
2871 3636 3012 3712 juris
3061 3640 3286 3717 formula
3337 3636 3562 3717 proferri

1970 3709 2051 3771 uel
2073 3719 2227 3789 recipi
2257 3726 2614 3789 prwsttiitatttr.
2642 3709 2791 3789 Quod
2809 3709 2884 3789 ⁸δῖ’
2903 3717 3098 3789 factum
3124 3710 3340 3789 fortasse
3366 3709 3548 3789 con-sti-

1973 3789 2108 3853 terit,
2132 3777 2220 3841 aitt
2257 3777 2333 3840 ἀα
2362 3786 2640 3853 periculum
2663 3777 2846 3853 capitis
2873 3777 2970 3848 tui,
3001 3791 3089 3834 aut
3116 3777 3184 3834 ad
3233 3777 3559 3853 dispendium

1971 3851 2174 3934 tuarum
2202 3851 2406 3934 noveris
2424 3851 2743 3934 facultatum.
2799 3853 2947 3909 lianc
2975 3869 3090 3907 vero
3119 3851 3561 3934 prtereceptionem

1973 3930 2176 3983 directis
2216 3929 2358 3983 libris
2386 3920 2628 3996 iussimus
2660 3927 2936 3991 cohaerere,
2964 3935 3018 3978 ut
3044 3920 3304 3977 universos
3341 3920 3553 3996 ordina-

1975 4001 2128 4054 tionis
2181 3993 2462 4054 nostrae—et
2510 3999 2784 4071 disciplina
2831 4004 3086 4052 teneat-et
3118 4010 3266 4065 penna
3305 3993 3560 4068 constrin-

2007 4082 2078 4124 at.

1972 4088 2275 4196 gai‘inianus
2296 4141 2372 4195 vir
2391 4140 2684 4209 spectabilis
2705 4156 2768 4194 ea:
2797 4137 3133 4209 praeceptione
3152 4133 3223 4209 _D.
3239 4131 3306 4209 ΔΝ
3316 4174 3338 4209 ,Α
3359 4131 3563 4209 Glorio-

1973 4213 2063 4268 sis.
2097 4212 2288 4267 Alarici
2326 4202 2460 4282 regis
2489 4214 2622 4266 hunc
2649 4202 2875 4282 codicem
2899 4202 3338 4282 deiﬁ'l'heod‘osiani
3365 4202 3560 4282 legibus

1973 4296 2124 4352 atque
2151 4273 2409 4338 sententiis
2443 4285 2580 4352 juris
2611 4283 2685 4336 vel
2725 4278 3104 4340 diversislibris
3132 4276 3348 4352 electum
3375 4273 3565 4327 Aduris

1975 4345 2110 4409 anno
2137 4355 2220 4426 22A
2234 4371 2291 4408 eo
2316 4345 2576 4426 regnante,
2607 4353 2746 4426 edidi
2771 4362 2921 4426 atque
2962 4345 3563 4426 subscripsi._Recogno.-

1973 4428 2154 4480 vimus.
2188 4424 2310 4478 Dat.
2340 4414 2432 4479 sub
2453 4426 2535 4478 die
2557 4414 2611 4478 λι.
2648 4422 2790 4478 Non.
2819 4414 2918 4495 feb.
2941 4437 3075 4495 anno
3101 4419 3193 4495 22.
3217 4417 3438 4495 Alarici“
3432 4414 3566 4484 regis

1974 4495 2198 4552 Tolosaz.
2231 4497 2301 4550 Et
2316 4497 2495 4550 iterum
2515 4512 2651 4549 anno
2674 4495 2747 4550 20
2767 4484 3007 4565 regnante
3030 4490 3231 4565 Carolo
3246 4503 3363 4558 rege
3391 4484 3564 4538 Fran-

1976 4585 2154 4622 corum
2203 4579 2250 4623 et
2303 4565 2765 4637 Langobardorum
2799 4559 2857 4637 ξι
2917 4564 3149 4637 patricio
3187 4559 3562 4637 Romanorum.

1973 4627 2492 4766 Pluradinveniesviu
2524 4639 2761 4694 editione
2798 4627 3056 4689 Breuiarii
3088 4627 3378 4686 Alariciani
3419 4642 3449 4681 ει
3477 4641 3566 4681 me

1973 4725 2136 4766 narnu
2179 4727 2230 4766 a.

1972 4725 2230 4780 paranda.

2005 4781 2078 4905 αἱ
2100 4782 2134 4836 5
2164 4797 2272 4838 om.
2306 4779 2596 4838 rubricam.
2627 4774 2761 4832 Cod.
2793 4775 2929 4831 Just.
2964 4771 3038 4827 De
3084 4771 3277 4843 legibus
3315 4778 3363 4825 et
3385 4767 3502 4824 cod.
3526 4777 3574 4823 et

2041 4870 2055 4905 l
2085 4891 2098 4905 .

1973 4863 2098 4907 ιαιι.

2052 4932 2078 4970 8
2105 4924 2159 4990 8,
2191 4921 2282 4987 26,
2323 4922 2414 4987 28,
2445 4919 2700 4974 Lusianas
2732 4935 2760 4990 εί
2791 4917 2880 4990 alii
2931 4911 3572 4990 Lusitanus,_Lusetanos_.

1979 4993 2126 5050 Sich.
2149 4982 2458 5058 'Lusianum,
2493 4992 2542 5045 in
2573 5004 2699 5052 ms.,
2730 4989 3001 5043 Lusitanos
3041 4985 3200 5058 ;cotl_.
3235 4983 3399 5058 Just.,
3424 4982 3578 5058 Lysi-

1980 5075 2148 5135 tanos,
2175 5063 2317 5135 quod
2341 5054 2454 5135 non
2474 5061 2722 5135 displicet
2752 5060 2838 5115 Ri.
2868 5059 2984 5135 Lit):
3002 5073 3106 5111 ms.
3137 5055 3272 5135 ᾨίει.
3302 5054 3470 5135 Ἶιῖίιιη⁸
3491 5054 3572 5107 Pl.

1981 5131 2103 5197 1.’2
2258 5134 2346 5190 ed.
2396 5122 2576 5205 Nbg,
2605 5131 2882 5205 Lisitanus.
2915 5127 3092 5205 _Con_t.
3131 5128 3205 5205 _i_n
3247 5122 3572 5205 ms_._.refe‘rt_,

1981 5192 2458 5330 gliosAiBSCI'ibere
2480 5192 2578 5258 "ad
2629 5202 2850 5259 Bassum
2907 5200 2976 5256 P.
3018 5198 3086 5253 P.
3131 5195 3384 5254 Nonnulli
3414 5192 3571 5249 codd.

2021 5293 2094 5330 m.
2175 5316 2189 5330 .

1982 5290 2094 5333 om.
2126 5290 2189 5330 Α.

2065 5346 2092 5385 h
2121 5347 2189 5418 l9
2230 5343 2774 5418 om.qua.7Plerique
2825 5341 2984 5418 codd.
3014 5342 3121 5397 haec
3146 5349 3238 5394 aut
3283 5337 3392 5389 hec.
3423 5331 3576 5390 Sich.

1991 5419 2097 5476 Til.
2128 5417 2249 5489 Cuj.
2281 5420 2305 5473 1
2333 5414 2462 5472 Aur.
2495 5414 3053 5489 l.ugtl._l|iucm._htec.
3318 5475 3331 5488 .

2072 5474 2094 5528 ί
2125 5474 2225 5555 tt,‘
2246 5490 2332 5554 ts,
2361 5474 2608 5551 50dtcm‘,
2637 5487 2726 5552 59,
2756 5488 2826 5540 45
2852 5485 2985 5540 edita
3026 5491 3083 5538 et
3129 5493 3237 5533 om.
3285 5475 3456 5555 sive...
3511 5474 3578 5531 18

1920 5621 1930 5624 _
1991 5562 2128 5619 edita
2149 5547 2266 5616 sunt
2288 5547 2358 5615 52
2403 5576 2511 5612 om.
2535 5547 2834 5614 edicta'sive
2859 5567 2910 5610 ct
2939 5556 2972 5610 5
2999 5555 3103 5608 sive
3130 5547 3357 5624 consule.

2068 5645 2082 5684 1
2116 5632 2250 5688 Cod.
2273 5631 2411 5686 Just.
2443 5629 2504 5685 Si
2531 5646 2630 5699 qua
2650 5628 2893 5699 beneficia
2915 5620 3204 5699 personalia
3234 5621 3361 5699 sine.

2065 5703 2094 5742 ιε
2116 5705 2171 5772 8,
2199 5703 2254 5768 9,
2289 5701 2520 5772 19—21,
2545 5689 2640 5772 '27,
2665 5689 2784 5766 50,’
2812 5689 3028 5766 52,55,
3059 5693 3127 5749 57
3171 5717 3242 5732 -
3270 5691 3361 5760 59,
3392 5690 3465 5746 M
3483 5689 3577 5744 de-

1995 5768 2276 5845 prehensa.
2292 5768 2359 5827 M
2372 5771 2753 5844 comprehensa.
