4082 6178
237 259 360 316 249

1355 249 1676 309 DECRETA
1719 252 1806 309 ΕΤ
1845 253 2452 316 CONSTITUTIONES.

3433 256 3544 316 250

238 383 325 430 tas
346 381 641 446 ,gestarum
682 386 866 430 rerum
887 381 912 409 ει
936 371 1005 426 ab
1025 369 1220 428 eodem
1245 371 1382 426 ratio
1411 380 1572 440 alque
1600 368 1626 407 ιι
1663 384 1826 425 omne
1856 373 1904 435 Α
1935 372 2127 428 Mart.“
2173 373 2512 429 Dessalonica
2533 373 2583 442 ι),
2662 374 2851 430 Severo
2881 385 2926 430 et
2957 374 3146 445 Ruﬁno
3175 373 3325 430 Cass.
3357 374 3534 446 (325).

231 468 381 539 quod
430 467 714 523 debebitur
740 479 762 506 ο
807 475 1143 536 reposcatur,
1187 461 1297 521 utd
1333 466 1595 521 servitute
1645 465 1833 534 depul-

230 576 329 618 sus
353 571 397 625 ε,
440 561 531 629 qui
586 575 683 628 pro
727 559 950 614 domino
1005 558 1275 630 quondam
1305 556 1323 596 ί
1355 556 1550 624 luerat,
1601 558 1829 623 habeat,

227 653 376 726 quod
393 656 621 708 ut‘servo
633 653 838 708 domini
861 662 885 700 ε
900 653 1022 724 jure
1046 652 1266 722 largitus
1289 659 1395 716 est,
1411 660 1465 706 et
1483 648 1508 687 δ
1531 665 1648 722 qua:
1670 665 1734 706 ex
1749 664 1832 704 ea-

226 765 353 806 rum
383 764 560 804 rerum
586 747 599 785 ί
631 759 842 819 qumstu
875 762 937 802 ac
959 747 1217 801 fructibus
1245 745 1528 800 conciliata
1555 743 1569 794 i
1603 753 1754 807 sunt,
1776 750 1833 797 et

224 859 355 915 quae
380 843 406 880 ι
434 843 498 898 de
520 841 732 897 furtivis
771 841 1106 912 compendiis
1129 839 1357 893 obscure
1387 835 1579 908 capta1
1616 851 1678 892 ac
1711 852 1832 906 par-

220 943 280 990 ta
305 939 348 967 ³⁸
371 945 511 1000 sunt,
535 950 660 989 cum
683 933 910 988 liberum
939 947 1064 987 esse
1090 946 1196 986 nou
1224 938 1491 1001 oporteat,
1516 927 1657 999 quod
1686 927 1829 998 apud

219 1041 444 1082 servum
462 1027 714 1081 dominus
730 1025 918 1096 peculii
939 1025 1156 1080 nomine
1177 1031 1202 1060 η
1231 1023 1614 1078 collocnerst.
1637 1020 1665 1093 ᾗ
1688 1020 1826 1076 6.Ea

217 1134 377 1184 vero,
403 1135 528 1190 qua:
567 1128 892 1174 teSIamento
931 1127 1027 1172 aut
1048 1129 1072 1153 υ
1096 1116 1386 1172 donatione
1409 1117 1632 1186 quzesita
1660 1126 1786 1170 sunt
1810 1157 1824 1182 ,

219 1223 313 1268 aut
337 1223 363 1262 Ρ
385 1229 513 1282 qua:
545 1229 612 1268 ex
633 1228 816 1268 earum
833 1227 1010 1267 rerum
1033 1209 1418 1266 emolumentis
1440 1220 1468 1260 ιι
1493 1217 1675 1279 empta
1697 1223 1829 1265 con-

216 1307 471 1377 iectaque
506 1316 633 1362 sunt
656 1347 670 1370 ,
712 1307 886 1363 eidem
917 1308 1151 1378 ingenuo
1187 1306 1531 1377 deputentur.
1560 1304 1588 1377 ς
1620 1307 1670 1358 7.
1694 1305 1826 1373 Quae

217 1408 398 1455 tamen
421 1399 674 1453 universa
703 1409 893 1454 exacto
916 1398 1184 1454 libertatis
1204 1399 1410 1470 judicio
1429 1399 1475 1463 τ,
1506 1413 1611 1468 quo
1631 1407 1651 1435 ⁸
1678 1414 1705 1451 a
1737 1413 1827 1452 su-

213 1505 308 1562 pra
380 1490 547 1545 dictis
604 1490 766 1546 rebus
824 1490 1202 1545 discernuntur
1246 1487 1301 1556 ‘,
1373 1490 1428 1544 in
1489 1489 1752 1560 sequestri
1797 1499 1826 1529 ιι

212 1597 337 1639 esse
394 1591 658 1652 oportet,
728 1591 824 1649 ut,
891 1583 974 1638 his
1021 1593 1050 1621 ν
1103 1583 1171 1637 ab
1221 1591 1450 1653 utroque
1502 1581 1744 1637 deductis
1795 1591 1821 1620 ι

210 1683 373 1746 atque
431 1673 484 1729 in
535 1675 714 1729 medio
774 1674 897 1745 jure
972 1676 1162 1731 locatis
1206 1684 1256 1741 γ,
1320 1680 1386 1728 ad
1448 1689 1633 1728 eorum
1697 1689 1822 1744 pro-

2009 465 2458 522 ISTERPRETATIO.
2503 466 2676 520 Minor
2724 467 2978 533 venditus,
3026 468 3071 522 si
3123 476 3238 538 post
3278 468 3456 538 viginti
3496 475 3545 522 et

1933 561 2154 632 quinque
2179 561 2343 616 vetatis
2373 575 2483 616 sua:
2507 576 2691 623 annos,
2717 561 2830 630 jam
2860 563 3028 633 major
3060 557 3275 626 effectus
3297 570 3318 598 ο
3351 559 3540 614 servie-

1933 656 1999 709 rit
2025 665 2115 710 aut
2149 657 2202 710 in
2232 656 2380 710 rebus
2414 655 2657 716 emptoris
2695 664 2838 708 actor
2875 664 2963 708 aut
2991 653 3260 728 cujuslibet
3290 653 3363 708 rei
3395 653 3540 708 ardi-

1934 758 2082 804 nator
2128 749 2280 818 fuerit
2317 749 2642 813 constitutus,
2672 763 2787 802 cum
2828 748 2892 802 de
2939 747 3250 818 ingenuitate
3290 762 3384 802 sua
3419 762 3541 818 pro-

1931 836 2295 906 clamaverit“,
2345 840 2456 893 sine
2498 838 2800 909 prwjudicio
2844 839 3096 905 serritiic,
3137 837 3274 909 quod
3301 837 3532 909 gesserit,

1932 934 2199 1000 audiatur,
2252 949 2344 988 nec
2372 933 2468 987 hoc
2495 934 2542 987 ei
2571 933 2934 1006 prajudicium
2967 941 3188 1003 generet,
3220 933 3358 1001 quod
3399 933 3534 1002 ejus,

1931 1043 1964 1081 a
1991 1043 2092 1098 quo
2119 1037 2316 1092 emptus
2338 1035 2433 1090 est,
2465 1027 2672 1080 domum
2712 1035 2802 1079 aut
2842 1025 3088 1080 utilitates
3113 1027 3167 1080 in
3189 1025 3341 1080 annis
3367 1025 3538 1097 majo-

1930 1119 2072 1172 ribus
2099 1117 2119 1156 ί
2176 1119 2369 1189 positus
2415 1119 2552 1173 visus
2615 1127 2692 1172 est
2739 1117 3023 1171 ordinasse.
3099 1116 3216 1172 Hoc
3266 1117 3418 1171 etiam
3473 1117 3538 1172 de

1929 1213 2126 1266 libertis
2153 1212 2236 1266 lex
2262 1213 2371 1266 hac
2410 1214 2651 1282 praecepit
2703 1212 2972 1278 custodiri,
3000 1222 3074 1280 ut,
3103 1213 3192 1283 qui
3237 1213 3372 1266 intra
3413 1229 3540 1283 qua~

1931 1305 2212 1359 tuordecim
2237 1321 2402 1358 annos
2433 1306 2624 1376 fuerint
2669 1305 3014 1359 manumissis
3047 1315 3090 1360 et
3134 1315 3304 1360 actum
3347 1305 3399 1359 in
3427 1321 3538 1360 nta-

1923 1399 2040 1469 jore
2068 1407 2215 1452 aetate
2260 1399 2413 1468 positi
2439 1397 2688 1468 gesserint
2714 1406 3074 1466 patronorum,
3115 1396 3338 1452 libertati
3362 1413 3535 1452 eorunt

1930 1473 2073 1547 actus
2123 1509 2224 1546 non
2275 1492 2574 1565 prwjudicet
2627 1491 2904 1555 servitutis,
2955 1492 3044 1546 sed
3093 1508 3208 1546 cum
3258 1492 3532 1560 voluerint,

1928 1599 2050 1638 suas
2097 1594 2187 1637 aut
2225 1579 2337 1636 hde
2383 1583 2701 1654 ingenuitate
2742 1592 2829 1636 aut
2857 1585 2922 1636 de
2965 1581 3354 1653 ilt'bertinitate,
3397 1586 3535 1644 intra

1931 1684 2161 1748 tempora
2205 1676 2400 1746 legibus
2452 1677 2764 1741 constituta,
2815 1675 3079 1746 proferant
3128 1679 3373 1733 actiones.
3440 1678 3534 1734 Sic

210 1768 502 1840 prietatem
547 1777 773 1840 uterque
824 1768 1117 1826 contendat
1166 1776 1209 1822 ³.
1256 1767 1377 1823 Dat.
1433 1767 1558 1822 XV.
1603 1767 1827 1853 Kalend.
1860 1763 1907 1823 Β
1934 1771 2109 1838 etiam,
2139 1772 2183 1824 si
2223 1771 2336 1841 quis
2367 1771 2533 1824 minor
2556 1772 2809 1839 ingenuus
2837 1788 2868 1824 a
2896 1771 3117 1842 quolibet
3145 1772 3299 1842 fuerit
3335 1773 3531 1828 educa-

212 1987 281 2034 ta.
318 1996 339 2030 ι
391 1975 668 2033 Caeterum
699 1977 807 2032 Ri'.
833 1977 1061 2032 libertus.
1090 1975 1187 2032 Hie
1209 1978 1260 2030 in
1283 1974 1418 2031 Cod.
1441 1975 1581 2031 Just.
1607 1990 1637 2030 e
1657 1989 1820 2045 supe-

213 2050 456 2105 rioribus
495 2050 621 2104 add.
663 2050 906 2120 quoniam
926 2060 972 2103 et
1015 2049 1160 2120 ipsis,
1192 2049 1281 2120 qui
1312 2048 1391 2102 his
1427 2063 1532 2101 rem
1553 2049 1819 2102 commise-

211 2131 356 2186 runt,
396 2120 705 2175 medendum
733 2131 824 2176 est.

282 2202 306 2230 ⁸
332 2192 410 2247 19
444 2191 572 2245 add.
595 2203 766 2261 atque.

274 2263 305 2303 δ
339 2264 442 2327 10,
467 2263 535 2317 18
556 2263 679 2317 add.
706 2265 820 2318 hoc.
854 2261 910 2325 6,
933 2263 964 2315 7
988 2278 1206 2316 omnem.

278 2348 300 2373 ε
327 2333 552 2402 14,19,
581 2335 674 2401 20,
696 2335 830 2390 Cod.
853 2335 990 2390 Just.
1015 2333 1243 2388 debetur.

275 2404 301 2443 ἀ
323 2406 439 2462 Go.
463 2407 624 2475 cj..et.

278 2479 388 2540 e9,
419 2474 513 2541 15,
557 2477 646 2542 19,
691 2476 824 2532 Cod.
865 2476 1004 2533 Just.
1040 2476 1276 2546 depulsa.
1321 2474 1582 2532 Similiter
1618 2478 1736 2532 Bas.
1761 2486 1816 2532 et

211 2547 508 2619 Scholiast.
559 2547 632 2604 20
682 2550 906 2619 repulsa.
931 2548 977 2602 A
1017 2549 1117 2604 Go.
1141 2547 1444 2602 defenditur
1464 2549 1702 2602 servitute
1726 2549 1816 2603 de-

207 2621 419 2690 pulsus.
445 2618 568 2691 Mihi
614 2618 787 2689 placet
824 2620 1060 2691 depulsa,
1103 2619 1244 2690 quod
1281 2635 1330 2672 ν.
1366 2619 1542 2689 aptius
1564 2630 1648 2674 est
1669 2621 1723 2673 lt.
1750 2619 1812 2686 l.,

206 2706 370 2761 quam
396 2690 666 2761 depulsus.

281 2762 298 2800 ί
325 2763 408 2814 20
430 2764 570 2830 quod
596 2763 769 2830 fuerat
798 2761 1178 2816 commendatus
1207 2761 1405 2816 habeat.

276 2843 302 2879 ε
327 2832 510 2898 6—8,
534 2833 625 2896 14,
656 2833 861 2898 16,17,
885 2833 978 2898 20,
1002 2832 1106 2887 Til.
1132 2833 1296 2887 Rths.
1331 2833 1384 2886 iu
1409 2847 1482 2886 tn.
1505 2831 1642 2886 Cod.
1667 2831 1808 2888 Just.

1925 1872 2006 1917 tus
2059 1872 2126 1929 et,
2184 1863 2402 1916 liberum
2432 1879 2541 1920 esse
2588 1879 2643 1917 se
2690 1863 2940 1927 nesciens,
2998 1863 3153 1933 fuerit
3190 1881 3222 1918 a
3278 1865 3531 1921 nutritore

1923 1955 2232 2010 distractus]
2275 1964 2320 2010 et
2345 1965 2514 2009 actum
2542 1956 2620 2010 vel
2641 1956 2908 2010 utilitatem
2946 1955 3109 2024 illius,
3136 1974 3168 2010 a
3197 1973 3298 2026 quo
3325 1965 3527 2028 emptus

1921 2057 2017 2113 est,
2045 2056 2100 2100 ut
2141 2061 2316 2101 servus
2371 2048 2599 2117 gesserit,
2654 2047 2976 2117 priusquam,
3027 2045 3237 2118 triginta
3276 2063 3530 2101 annorum

1920 2139 2224 2211 prwjudicio
2275 2149 2523 2206 teneatur,
2580 2149 2876 2211 potestatem
2925 2139 3108 2216 habeat
3137 2137 3526 2208 reclantandi",

1920 2240 1969 2286 et
2022 2233 2168 2300 quasi
2210 2233 2376 2285 minor
2411 2233 2453 2285 is
2479 2273 2494 2296 ,
2545 2233 2842 2303 priusquam
2884 2240 3113 2300 tempora
3156 2232 3526 2304 suppleantttr,

1919 2323 2162 2376 amissam
2198 2321 2451 2392 recipiatl
2484 2323 2786 2378 libertatem.
2819 2322 3075 2393 Quicquid
3109 2338 3224 2378 vero
3265 2323 3353 2378 ille
3374 2324 3468 2389 eis,
3497 2340 3529 2378 a

1918 2433 2018 2488 quo
2049 2419 2208 2487 empti
2237 2428 2375 2485 sunt,
2435 2417 2514 2471 vel
2544 2416 2768 2473 'tradidit
2813 2418 2890 2470 vel
2919 2417 3128 2471 donavit
3162 2416 3242 2472 vel
3282 2433 3529 2488 quacum-

1917 2526 2014 2581 que
2039 2520 2076 2546 π’
2101 2527 2163 2565 ea:
2193 2511 2264 2564 rei
2306 2526 2411 2565 siue
2454 2509 2896 2563 administratione
2941 2513 3178 2581 profecit,
3209 2519 3369 2563 totum
3395 2511 3490 2565 reti
3502 2541 3518 2551 -

1917 2605 2074 2658 nendi
2104 2621 2165 2658 ac
2202 2603 2471 2659 revocandi
2509 2603 2688 2656 habeat
2743 2611 3062 2672 potestatem.
3099 2601 3162 2656 Si
3183 2617 3299 2656 vero
3345 2604 3528 2674 hujus-

1916 2698 2057 2753 modi
2117 2702 2419 2767 personis.n
2451 2697 2648 2766 aliquid
2700 2715 2730 2751 a
2769 2697 3164 2766 quibuscumque
3213 2697 3360 2762 aliis,
3435 2706 3526 2751 aut

1917 2799 2216 2846 testamento
2255 2800 2344 2844 aut
2381 2790 2657 2843 donatione
2704 2790 2945 2842 collatum
2991 2798 3084 2853 est,
3133 2789 3188 2841 id
3219 2789 3385 2842 solum
3430 2789 3528 2844 sibi

207 2880 417 2968 κη,ξῆ
448 2880 1296 2974 ἦθ’ήίδὶξίηὲξξιῇίξὧδέέῇοῖ
1911 2884 2024 2952 iam
2057 2882 2206 2935 liberi
2230 2881 2485 2936 vindicent
2510 2896 2529 2936 :
2558 2897 2680 2935 nam
2705 2881 2844 2951 quod
2888 2881 2953 2934 de
2980 2897 3036 2934 re
3064 2881 3270 2950 patroni
3316 2880 3526 2935 libertus

205 2991 441 3030 servum.
475 2977 568 3038 10,
594 2977 657 3029 18
680 2986 735 3028 ut
769 2991 939 3030 servos
969 2975 1225 3030 dominus.
1257 2975 1344 3038 15,
1371 2976 1435 3028 15
1467 2986 1521 3027 ut
1547 2991 1690 3028 servo
1719 2975 1814 3029 do-

205 3049 380 3102 minus
395 3045 536 3101 Cod.
555 3045 690 3102 Just.
713 3047 946 3100 dominii.
963 3046 1146 3102 Schol.
1165 3047 1284 3100 Bas.
1305 3045 1479 3104 δικαίω
1492 3044 1808 3108 δεσποτείας.

203 3116 290 3187 W.
329 3129 526 3172 tttetur
549 3129 787 3172 nostram
817 3119 1157 3187 scripturam.
1821 3123 1824 3126 ”

275 3186 302 3226 ιι
347 3190 450 3254 10,
484 3190 552 3244 18
580 3189 795 3262 largitus
837 3186 989 3244 estin
1018 3206 1072 3242 re
1109 3199 1278 3260 atque.
1313 3189 1378 3245 19
1405 3188 1622 3260 largitus
1648 3192 1812 3259 fuerat

202 3260 293 3316 hec
321 3276 452 3332 que.
663 3260 673 3262 ἡ

278 3332 458 3414 ‘_G_c_v.
651 3331 774 3387 Ri‘.
819 3346 928 3388 om.
959 3348 1154 3399 rerum,
1207 3346 1318 3386 err.
1365 3339 1506 3403 typ.,
1540 3331 1637 3388 sed
1686 3329 1815 3385 add.

203 3404 344 3476 apud
367 3403 475 3476 illi.
510 3405 560 3476 in
596 3417 741 3459 corr.

281 3478 295 3527 i
346 3475 496 3546 God.
525 3474 666 3530 Just.
699 3484 1025 3546 congregata.

273 3545 300 3583 ¹ι
340 3544 556 3616 Copula
611 3547 763 3602 deest
796 3543 899 3602 'in'
941 3544 1192 3600 omnibus
1251 3543 1409 3601 codd.
1467 3552 1666 3615 printer
1722 3544 1812 3601 15.

202 3617 371 3672 Deest
425 3619 588 3673 etiam
621 3618 672 3672 in
715 3616 838 3672 edd.
887 3617 1035 3673 Siclt.
1060 3647 1131 3658 —
1161 3617 1324 3684 Ri‘.;
1379 3617 1473 3672 Be.
1508 3626 1640 3672 rest.
1672 3625 1720 3671 et
1747 3632 1812 3672 ex

201 3687 334 3761 Cod.
377 3687 526 3744 Just.
551 3705 565 3752 ;
593 3687 694 3744 Go.
727 3689 797 3761 ej.
831 3704 1058 3758 quisque.

275 3760 292 3798 ι
342 3761 442 3823 10,
479 3762 544 3816 18
575 3771 739 3816 cauta.

269 3841 310 3869 π·
352 3831 417 3896 9,
469 3832 560 3897 16,
613 3833 701 3896 19,
746 3831 836 3901 20,
887 3830 1018 3886 (ἷού.
1067 3829 1205 3887 Just.
1253 3841 1450 3903 parata.
1505 3830 1570 3885 14
1601 3829 1811 3901 partita.

200 3903 270 3960 20
295 3919 458 3974 supr.
495 3903 590 3958 litt.
623 3917 854 3972 pervasa.

271 3985 298 4012 ³³
357 3975 426 4032 10
457 3989 571 4029 om.
599 3976 818 4028 nomine.

276 4055 300 4080 °
347 4047 435 4111 19,
473 4045 569 4111 20,
599 4043 734 4100 Cod.
765 4044 907 4101 Just.
937 4046 1034 4100 vel.

275 4127 302 4167 P
343 4121 378 4173 9
413 4126 474 4170 ut
506 4131 638 4185 quae.

276 4199 304 4236 ς
346 4188 383 4242 8
430 4197 526 4241 aut
568 4188 656 4252 qui
697 4203 762 4241 ea:
811 4185 1088 4242 earundem
1119 4188 1192 4243 rei
1231 4185 1385 4242 emol.
1417 4186 1488 4244 20
1514 4186 1811 4242 earundem.

200 4258 258 4324 6,
289 4261 321 4312 7
354 4260 638 4312 earundem
663 4259 758 4314 rei.

279 4341 299 4367 ι’
344 4331 401 4394 7,
436 4339 496 4396 δ,
545 4331 633 4395 10,
691 4328 779 4396 14,
838 4329 1105 4394 16—18,
1135 4330 1239 4384 Til.
1293 4337 1470 4384 exacto
1521 4327 1817 4398 liberalique

194 4400 316 4471 jud.
371 4403 407 4455 6
460 4417 512 4473 ετ
566 4401 884 4473 libertatique
922 4401 1047 4473 jud.
1080 4403 1113 4457 9
1148 4400 1285 4471 quod
1314 4412 1483 4473 tamen
1523 4401 1814 4473 Au._exac_tio

202 4471 537 4543 liberalitatis
576 4472 688 4535 iud.
723 4470 805 4527 21⁷
834 4483 888 4527 ct
923 4470 983 4526 in
1016 4487 1087 4526 tu.
1132 4470 1250 4543 Cuj.
1293 4473 1314 4528 1
1341 4500 1413 4513 —
1436 4471 1556 4542 Cuj.
1589 4470 1654 4525 2“
1685 4471 1810 4526 libe-

201 4545 450 4597 ralitatts.
484 4542 585 4598 ϐο.
612 4543 663 4596 itt
689 4552 799 4598 not.
831 4543 1035 4603 liberali.
1050 4543 1170 4614 jud.

277 4641 298 4668 '
345 4634 380 4689 9
407 4634 546 4698 quod
563 4651 582 4698 ;
614 4634 752 4705 item,
781 4634 867 4699 15,
899 4635 994 4689 scd
1033 4649 1142 4689 out.
1182 4651 1234 4689 α.
1259 4633 1331 4688 20
1357 4651 1475 4705 qusa
1501 4650 1647 4704 supr.
1671 4633 1806 4689 Cod.

201 4703 343 4777 Just.
378 4715 653 4775 quatenus.
682 4704 773 4760 W.
803 4706 958 4769 dicit,
985 4722 1083 4772 quo
1116 4722 1211 4777 pro
1247 4703 1433 4775 quoad,
1472 4703 1630 4760 donec
1657 4707 1805 4776 poni.

202 4775 303 4831 Go.
342 4792 444 4846 pro
474 4793 630 4846 usque
648 4794 745 4846 quo
771 4777 966 4848 accipit
986 4778 1072 4833 vel
1099 4775 1221 4847 poni
1246 4783 1357 4832 vult
1384 4777 1576 4847 quoad.

279 4870 296 4903 ¹
347 4868 418 4923 15
454 4867 779 4924 discernitur.

273 4947 303 4974 ιι
349 4939 440 5005 15,
472 4937 604 4992 Cod.
632 4938 773 4995 Just.
818 4940 873 4994 in
901 4950 1179 5010 sequestro.
1223 4938 1294 4996 20
1339 4939 1476 4995 intra
1517 4940 1614 4996 lin.
1647 4941 1726 4996 vel
1754 4956 1811 4996 ro

199 5025 302 5074 res,
339 5011 464 5084 i_._e.
483 5022 754 5084 sequestro
782 5028 860 5084 res
890 5022 1111 5084 Oportet.

271 5092 300 5119 τ
342 5080 494 5153 Multi
523 5081 706 5153 codd.,
735 5082 884 5138 Siclt.
915 5080 1034 5153 Cuj.
1072 5082 1260 5138 1—Ri.
1294 5081 1411 5138 hiis.
1445 5081 1510 5138 Ri
1531 5086 1568 5136 ‘.
1601 5083 1683 5139 iis.

271 5162 302 5192 ι
347 5151 454 5208 Go.
487 5152 558 5222 ej.
589 5154 833 5210 diductis.

268 5256 301 5295 ι’
348 5245 443 5319 W.
495 5261 619 5301 ann.
655 5264 668 5300 :
707 5265 727 5300 ι
762 5247 992 5319 Vulgata
1025 5248 1076 5303 in
1102 5245 1392 5303 Cod.Just.
1424 5247 1478 5300 in
1507 5247 1673 5302 media
1702 5247 1810 5302 col-

196 5317 407 5382 locatis,
442 5331 551 5372 oni.
605 5332 735 5372 voce
782 5317 915 5383 iure.
960 5319 1066 5374 Sed
1112 5330 1166 5374 et
1209 5319 1393 5375 Schol.
1450 5319 1614 5373 Basil.
1666 5319 1702 5372 Ι.
1753 5334 1802 5374 c.

197 5387 481 5463 habetfv
513 5390 654 5463 pia-cp
707 5388 882 5463 διναίῳ
910 5399 967 5446 et
993 5390 1174 5463 (.‘ujac.
1215 5391 1474 5463 Observv.
1517 5389 1645 5463 ΑΧΙΙ,
1671 5391 1703 5444 o‘
1752 5391 1802 5444 itt

192 5469 335 5532 vett.
371 5458 675 5514 Cod.'Jus't.
729 5458 882 5517 libris
927 5463 980 5516 in
1032 5462 1201 5516 medio
1249 5463 1372 5532 jure
1427 5461 1528 5532 legi
1581 5471 1808 5516 testatur

190 5531 478 5657 :Lium‘qeue
517 5532 674 5587 all’ert
720 5533 896 5588 locum
937 5534 1189 5589 sinttletn.
1226 5531 1258 5586 t
1280 5533 1400 5588 Mox
1425 5531 1498 5588 20
1526 5549 1674 5603 supr.
1704 5533 1800 5589 litt.

283 5619 349 5656 ea
424 5639 439 5655 .

283 5617 439 5656 εααε.

269 5703 293 5732 ι
329 5694 734 5768 _9_contendant.
771 5697 859 5764 19,
891 5697 964 5754 20
986 5701 1281 5756 concedant.
1331 5699 1518 5767 6—8,
1570 5697 1657 5768 10,
1707 5698 1797 5768 12,

192 5762 284 5830 14.
318 5766 414 5830 16,
445 5767 512 5822 18
535 5767 795 5822 concedatt

1915 2974 1994 3029 vel
2022 2975 2267 3043 emptoris
2323 2975 2597 3045 ingenuus,
2632 2975 2757 3027 dum
2803 2975 3032 3040 serviret,
3067 2974 3280 3045 profecit
3295 2974 3336 3039 °,
3373 2973 3526 3028 liber-

1916 3067 2010 3120 tati
2037 3067 2267 3120 redditus
2299 3067 2506 3122 libertus
2537 3076 2779 3138 patrono,
2834 3067 3085 3138 ingenuus
3129 3067 3346 3139 emptori
3373 3068 3524 3121 resti-

1839 3155 1884 3218 C
1919 3166 2047 3212 tuat.
2083 3156 2154 3210 Hi
2193 3172 2332 3225 vero,
2371 3158 2458 3227 qui
2486 3158 2539 3211 in
2557 3169 2583 3206 P
2610 3159 2760 3212 annis
2787 3157 3068 3227 majoribus
3095 3159 3359 3214 constituti
3383 3168 3522 3226 sunt,

1919 3249 2132 3304 scientes
2183 3265 2238 3303 se
2285 3265 2394 3304 esse
2440 3249 2687 3321 ingenuos
2747 3251 2870 3304 velq
2925 3251 3205 3313 libertinos.
3271 3251 3317 3304 si
3377 3253 3525 3306 vendi

1921 3340 2279 3411 acquieverint,
2327 3341 2381 3392 in
2426 3356 2506 3405 ea,
2549 3341 2618 3393 ad
2642 3356 2794 3411 quam
2818 3351 2840 3378 τ
2873 3341 3090 3395 scientes
3134 3357 3227 3395 sua
3267 3341 3526 3398 voluntate

1922 3439 2207 3499 transeunt,
2235 3430 2476 3486 servitute
2496 3440 2846 3502 permaneant.

1994 3575 2020 3603 ⁸
2059 3565 2115 3633 9,
2148 3564 2237 3631 15,
2267 3566 2357 3628 19,
2385 3565 2478 3630 24,
2513 3565 2602 3627 50.
2637 3567 2729 3633 55,
2755 3567 2844 3633 31,
2873 3567 2963 3630 50,
2997 3567 3085 3630 40,
3118 3565 3208 3628 44.
3239 3565 3361 3633 Cuj.
3395 3566 3524 3620 2—

1921 3636 1984 3692 Ri
2004 3641 2042 3690 '.
2077 3647 2129 3693 et
2152 3639 2204 3691 in
2227 3655 2297 3692 ut.
2330 3636 2476 3692 Siclt.
2511 3636 2630 3707 Cuj.
2666 3640 2685 3693 1
2714 3667 2783 3676 —
2807 3637 2974 3707 Lugd.
3002 3637 3128 3692 Jan.
3158 3637 3393 3696 27-29,
3422 3639 3514 3704 51,

1921 3708 2015 3775 42,
2047 3722 2096 3763 e.
2151 3708 2220 3762 10
2249 3707 2382 3762 Cod.
2435 3707 2574 3762 Just.
2607 3710 2698 3762 cit.
2749 3707 2842 3762 Be.
2892 3707 3057 3772 Jun.;
3110 3709 3203 3762 Bo.
3255 3709 3307 3762 in
3356 3710 3520 3766 inscr.

1917 3779 2131 3906 gqpxlui.
2160 3781 2274 3833 vult
2304 3776 2395 3849 ΡΙ.
2448 3777 2515 3832 Ρ.
2565 3794 2662 3848 pro
2695 3777 2782 3848 ΡῙ.
2839 3778 2930 3844 υ.,
2967 3781 3124 3850 itttpr.
3161 3778 3247 3835 W.
3301 3781 3371 3836 55
3399 3779 3517 3836 Jul.

2079 3867 2150 3903 at.

2021 3867 2070 3902 ΠΙ
2138 3889 2150 3902 .

1991 3919 2019 3958 ιι
2060 3867 2134 3974 1ῗέ
2184 3921 2429 3992 plerique
2472 3919 2666 3986 codd.;
2701 3921 2752 3976 in
2795 3935 3118 3992 nonn.ﬁom.
3165 3920 3347 3976 Thess.
3378 3921 3519 3977 Rell.

1919 3991 2100 4046 Thess.
2131 3990 2224 4046 aut
2263 3990 2524 4054 Thessal.,
2573 4001 2630 4046 ut
2659 3993 2783 4047 edd.
2815 4003 2938 4047 ante
2965 3991 3080 4058 W.,
3113 3994 3202 4059 qui
3255 3994 3369 4061 ipse
3397 4009 3518 4046 cum

1919 4063 2054 4133 Cod.
2088 4062 2227 4118 Just.
2280 4061 2672 4118 Thessalonicae.
2721 4063 2885 4118 Paulo
2932 4071 3053 4133 post
3097 4062 3300 4133 aliquot
3349 4063 3510 4118 codd.

1918 4132 2059 4204 Rufo
2089 4149 2184 4202 pro
2216 4134 2425 4199 Ruﬁno.
2802 4207 2832 4219 η
2936 4132 2942 4133 ⁷
3047 4205 3061 4218 ο

1995 4217 2017 4244 ο
2058 4204 2220 4271 6—9,
2251 4205 2480 4271 19-21,
2514 4205 2600 4271 42,
2625 4204 2716 4269 41.
2743 4205 2833 4260 altt
2865 4204 2990 4259 add.
3014 4221 3077 4258 ss.

1989 4273 2018 4315 ά
2057 4279 2109 4336 9.
2145 4277 2231 4342 10,
2262 4277 2328 4332 18
2357 4294 2464 4332 om.
2495 4275 3125 4345 constitutus—prodant.

1993 4357 2017 4384 ο
2058 4347 2202 4402 Siclt.
2233 4349 2508 4404 servitutis.

1996 4417 2016 4456 ί
2057 4419 2148 4485 20,
2180 4418 2243 4472 21
2281 4420 2332 4473 in
2362 4437 2434 4476 ttt.
2464 4419 2762 4474 minoribus.

1990 4498 2016 4537 8
2055 4489 2229 4544 Noun.
2279 4491 2440 4546 codd.
2497 4508 2649 4558 quam
2700 4493 2812 4562 ejus
2863 4490 3258 4546 utilitatibus—
3288 4489 3518 4562 pracipit

1837 4555 1892 4617 D
1914 4561 2170 4634 custodire
2220 4573 2306 4634 aut
2359 4564 2446 4633 qui
2473 4555 2541 4603 —
2573 4555 3401 4634 fuerit'manumissus—gesserit
3444 4555 3519 4617 20

1913 4633 2186 4704 prapositi.
2223 4631 2380 4704 [demi
2419 4631 2582 4703 paulo
2605 4644 2723 4704 post
2769 4643 3042 4704 patronum
3067 4631 3516 4704 (co_r;rf.__patrouo-

1912 4701 2728 4831 tuliqt‘s-psrtwii‘giciit'ogujIn}
2758 4701 3131 4829 ξέιιχιέιὲἀωῖἷι
3142 4701 3366 4830 vcod
3421 4773 3482 4831 21

1992 4844 2008 4884 ί
2053 4846 2124 4900 20
2145 4861 2254 4899 om.
2287 4846 2369 4899 de.

1989 4916 2004 4968 i
2054 4916 2230 4971 Noun.
2254 4916 2411 4971 codd.
2443 4918 2692 4988 ingenuus
2722 4916 3207 4972 minor—liberum
3245 4933 3300 4972 se
3319 4933 3426 4973 esse
3444 4947 3513 4960 —

1913 4987 2192 5042 detractus.

1988 5057 2015 5131 ξι
2052 5059 2534 5131 Qoiproelamandi.
2571 5058 2690 5113 Mox
2720 5057 2782 5113 21
2815 5060 2966 5131 quasi
2998 5059 3212 5114 minoris
3236 5076 3288 5130 p.

1990 5127 2008 5168 ι
2051 5131 2106 5195 6,
2137 5127 2190 5189 7.
2218 5130 2309 5196 20,
2342 5131 2406 5186 21
2437 5132 2703 5198 recipiant.

1982 5210 2022 5238 ω
2057 5200 2219 5274 6-9,
2253 5201 2343 5270 20,
2372 5203 2464 5267 21,
2489 5202 2578 5268 42,
2605 5199 2676 5254 41
2705 5202 2777 5256 eis
2800 5201 3310 5274 ille—quiscumque.

1981 5281 2008 5309 ιι
2048 5271 2120 5329 20
2157 5274 2376 5342 proﬁcer
2395 5289 2719 5343 —‘persona.

1985 5351 2010 5379 ο
2049 5343 2226 5398 Νοηη.
2259 5345 2420 5399 codd.
2455 5353 2809 5399 testamentum
2830 5354 2920 5399 aut
2949 5345 3366 5402 donationem—
3387 5359 3507 5413 pro-

1908 5414 2037 5484 ﬁcit.
2071 5415 2134 5468 et
2167 5417 2376 5470 libertis.

1979 5495 2007 5534 P
2047 5485 2165 5540 Ri‘.
2200 5485 2250 5540 Ii
2281 5502 2396 5542 vero
2420 5487 2508 5557 qui
2535 5495 2587 5541 et
2615 5501 2724 5539 om.
2758 5486 2832 5541 in.

1980 5558 2117 5631 920
2137 5557 2264 5631 add.
2294 5560 2390 5631 vel.
2414 5557 2611 5631 8—10,
2637 5557 2725 5631 18,
2755 5558 2842 5613 alii
2868 5558 3083 5631 codices
3111 5572 3219 5613 out.
3254 5558 3504 5631 ingenuos

1903 5628 1983 5681 vel
2002 5628 2091 5682 lib.
2126 5628 2181 5693 6,
2207 5631 2259 5694 7,
2303 5629 2395 5696 20,
2422 5631 2512 5693 ill,
2543 5628 2690 5684 Siclt.
2716 5629 2771 5682 in
2809 5646 2880 5684 tn.
2909 5629 3132 5684 libertas.

1979 5708 2001 5735 τ
2043 5699 2112 5753 20
2136 5700 2368 5755 vendenti
2386 5729 2460 5744 —
2479 5702 2533 5756 in
2555 5702 2730 5756 eadem
2763 5699 2883 5771 adq.
2911 5701 2978 5754 21
3013 5702 3059 5756 si
3087 5701 3374 5772 vendendi,
3405 5703 3501 5760 sed

1903 5765 1956 5823 in
1983 5786 2054 5824 tn.
2080 5787 2133 5824 se
2159 5770 2325 5824 vendt'.

1926 5783 1956 5823 11
1983 5786 2054 5824 ιη.
2080 5787 2133 5826 se
2159 5783 2325 5826 venat.
