4082 6178
549 273 664 333 255

1845 254 2302 317 CONSTANTINI
2342 251 2557 311 MAGNI

3754 242 3859 300 256

545 389 791 467 ἔχοντας.
818 387 928 445 νυνί
957 387 1011 447 δέ
1047 389 1130 445 καί
1158 386 1342 461 μᾶλλον
1365 382 1791 458 έπιφανεστέραις
1819 379 2153 467 πράξεσι-καὶ

2269 373 2337 427 tis
2391 370 2560 426 multo
2608 364 3012 434 illustrioribus,
3045 372 3157 420 tum
3193 361 3543 420 dubitationis
3570 361 3740 433 ipsius
3768 361 3862 415 ab-

545 465 903 563 κατορθώμασι
929 483 1329 558 λαμπροτέροις,
1359 477 1417 534 τό
1455 497 1512 532 τε
1545 484 1638 536 τῆς
1682 471 1980 546 ἀμφιϐολίας
2028 465 2146 524 ἅλο-

543 599 634 655 γον
662 577 1041 639 ἀποδέδεικται,
1093 579 1176 631 καὶ
1222 572 1389 632 ὁπόση
1435 576 1517 632 τις
1567 571 1704 626 ἐστιν
1739 569 1771 626 ἡ
1807 570 1898 621 τοῦ
1925 562 2144 637 μεγάλου

545 677 670 729 Θεοῦ
699 669 930 744 δύναμις,
957 671 1099 728 ἡνίκα
1122 674 1232 728 τοῖς
1383 669 1582 724 πιστῶς
1611 661 1696 717 τόν
1724 657 2030 731 σεμνότατον
2058 654 2146 708 σέο

548 767 707 823 ϐουσι
727 765 898 838 νόμον,
943 764 1032 818 καί
1066 759 1221 834 μηδὲν
1247 766 1346 815 τῶν
1386 754 1832 832 παραγγελμάτων
1868 747 2150 826 παραλύειν

543 863 828 936 τολμῶσιν,
857 857 1046 933 ἄφθονα
1093 860 1162 914 τά
1204 857 1389 929 ἀγαθὰ,
1437 853 1676 929 καὶπρὸς
1703 850 1796 909 τάς
1825 847 2151 920 έγχειρήσεις

545 957 711 1028 ἰσχύς
739 955 948 1030 ἀρίστη,
980 955 1064 1006 καί
1096 947 1206 1022 μετ’
1235 945 1448 1004 ἐλπίδων
1493 945 1688 1018 ἀγαθῶν
1715 943 2020 996 ἀπαντῶσα⁹
2044 941 2150 994 τοῖς

546 1046 605 1105 δέ
642 1052 734 1107 τήν
765 1046 926 1105 ἀσεϐῆ
969 1044 1192 1100 λαϐοῦσι
1234 1044 1437 1116 γνώμην
1464 1080 1479 1105 ,
1531 1046 1661 1114 πρὸς
1697 1036 1793 1095 τὰς
1829 1030 2152 1109 προαιρέσεις

546 1140 793 1196 ἀκόλουθα
834 1139 917 1192 καί
961 1138 1030 1192 τά
1075 1135 1445 1190 ἀποϐαίνοντα.
1503 1133 1582 1191 τίς
1627 1129 1728 1204 γὰρ
1758 1126 1946 1201 ἀγαθοῦ
1990 1123 2152 1194 τύχοι

556 1234 713 1297 τινός,
740 1232 829 1286 τόν
851 1236 952 1284 τῶν
981 1229 1179 1304 ἀγαθῶν
1197 1223 1353 1281 αἴτιον
1369 1224 1487 1281 Θεὸν
1506 1219 1623 1277 οὔτε
1642 1220 1918 1295 γνωρίζων,
1943 1211 2060 1270 οὔτε
2087 1212 2152 1268 τά

547 1326 870 1400 προσήκοντα
915 1319 1082 1376 σέϐειν
1122 1317 1327 1382 έθέλων;
1382 1317 1560 1372 πίστιν
1629 1317 1704 1386 τῷ
1737 1310 1936 1385 ῥηθέντι
1960 1309 2046 1362 καί
2086 1306 2154 1362 τά

547 1411 675 1492 ἔργα
699 1410 931 1469 δίδωσιν.

2250 463 2506 526 surditas,
2536 472 2647 516 tum
2674 466 2869 531 quanta
2902 459 2974 512 sit
3019 457 3212 512 summi
3253 455 3347 510 Dei
3379 456 3638 526 potentia,
3669 453 3854 509 decla-

2255 569 2428 614 ratur.
2461 555 2672 627 Quippe
2699 554 2780 609 his
2811 553 3028 622 quidem
3059 553 3147 622 qui
3193 549 3560 605 venerandam
3592 549 3766 618 legem
3804 547 3866 601 ﬁ-

2253 649 2446 706 deliter
2493 649 2697 711 colunt,
2749 645 3065 714 nullumque
3119 643 3235 713 ejus
3285 651 3608 712 praeceptum
3663 640 3866 696 audent

2254 741 2578 807 dissolvere,
2623 740 2864 794 omnium
2913 737 3178 792 bonorum
3224 734 3400 805 copia,
3447 744 3500 788 et
3529 733 3595 787 ad
3624 748 3685 787 ea
3740 747 3863 802 qua;

2258 833 2496 906 aggressi
2525 841 2651 887 sunt
2675 829 2998 900 perﬁcienda
3027 829 3170 884 vires
3193 827 3403 882 idoneae
3445 842 3570 881 cum
3599 827 3740 881 bona
3767 840 3862 896 spe

2259 941 2324 982 ac
2355 925 2546 1004 ﬁducia
2573 931 2884 994 suppetunt.
2913 921 2982 977 lis
3014 936 3144 977 vero
3171 921 3260 990 qui
3291 918 3505 990 impiam
3535 919 3861 974 sententiam

2257 1018 2490 1090 amplexi
2523 1027 2667 1080 sunt,
2702 1015 3088 1072 convenientes
3116 1027 3302 1068 rerum
3364 1020 3586 1066 eventus
3607 1011 3859 1081 contige-

2259 1121 2403 1168 runt.
2437 1111 2567 1166 Nam
2593 1110 2712 1182 quis
2741 1118 2846 1177 est,
2878 1109 2970 1179 qui
3019 1122 3141 1162 cum
3173 1107 3341 1161 Deum
3369 1105 3633 1160 bonorum
3677 1114 3866 1158 aucto-

2259 1219 2375 1260 rem
2405 1219 2508 1259 non
2542 1211 2821 1273 agnoscat,
2851 1215 3083 1272 eumque
3112 1199 3294 1254 debito
3322 1198 3469 1252 cultu
3499 1196 3748 1252 venerari
3777 1211 3866 1252 re-

2257 1307 2410 1354 cuset
2455 1297 2740 1370 quicquam
2794 1295 2917 1349 boni
2999 1308 3230 1364 unquam
3303 1298 3722 1362 consequatur:
3775 1301 3868 1344 res

2259 1403 2406 1451 certe
2438 1392 2570 1463 ipsa:
2599 1391 2760 1446 dictis
2782 1388 2982 1444 nostris
3011 1387 3172 1442 ﬁdem
3203 1385 3428 1442 faciunt.

1717 1508 2003 1553 EXBIPLUI
2034 1509 2068 1549 Α
2094 1506 2350 1548 νετυετιε
2372 1505 2721 1546 τεινοιιιιιυε.

620 1620 657 1661 ll
666 1646 678 1659 .
695 1605 873 1679 Είγοῦν
892 1625 971 1666 τις
983 1602 1054 1664 είς
1064 1601 1185 1665 τούς
1198 1597 1382 1656 ἄνωθεν
1393 1597 1480 1653 καί
1499 1597 1569 1658 είς
1589 1593 1736 1671 δεῦρο
1747 1592 2150 1670 παρατείναντας
2183 1591 2228 1651 Β

547 1697 771 1774 χρόνους
818 1693 1100 1773 ἀναδράμοι
1157 1700 1230 1767 τῷ
1268 1699 1359 1765 νῷ,
1389 1690 1593 1752 καὶτὰς
1616 1687 1861 1763 πρότερον
1887 1683 2152 1759 γενομένας

545 1791 758 1867 πράξεις
781 1785 974 1844 κατίδοι
1008 1793 1083 1860 τῷ
1109 1786 1362 1859 λογισμῷ,
1407 1783 1604 1842 πάντας
1631 1775 1690 1834 ἂν
1718 1778 1859 1856 εὖροι
1894 1778 2016 1839 τούς
2060 1777 2152 1848 μέν
2195 1800 2200 1804 ·

546 1884 661 1944 ὅσοι
705 1885 892 1942 δικαίαν
918 1885 1003 1940 καί
1036 1883 1224 1957 ἀγαθήν
1253 1876 1721 1953 προκατεϐάλλοντο
1759 1881 1859 1930 τῶν
1907 1873 2149 1948 πραγμά-

545 2000 648 2037 των
673 1976 925 2056 κρηπῖδα,
948 1978 1020 2038 είς
1049 1974 1224 2049 ἀγαθὸν
1251 1975 1336 2029 καὶ
1381 1967 1763 2047 προαγαγόντας
1787 1967 1881 2026 τὰς
1909 1965 2149 2039 ἔγχειρή-

548 2095 683 2138 σεως
707 2071 1006 2150 πέρας,¹ξκαί
1024 2065 1125 2125 οἷον
1143 2068 1245 2124 ἀπὸ
1263 2067 1407 2143 ῥίζης
1429 2065 1560 2124 τινός
1590 2061 1762 2122 ἡδείας
1779 2059 2148 2132 κομισαμένους

545 2171 634 2223 καί
675 2167 762 2222 τόν
791 2166 984 2242 καρπὸν
1007 2163 1214 2238 γλυκὺν⁶
1243 2161 1364 2220 τούς
1395 2156 1440 2213 δ’
1475 2153 1665 2216 ἀδίκοις
1710 2155 2149 2227 ἐπιχειρήσαντας

545 2259 777 2331 τόλμαις,
804 2240 892 2314 καὶ
916 2255 947 2318 ἣ
977 2257 1110 2333 πρὸς
1147 2253 1207 2310 τό
1245 2259 1475 2328 κρεῖττον
1511 2250 1737 2308 ἀνοήτως
1765 2245 2086 2318 έκμανέντας,
2118 2240 2148 2302 ἦ

545 2352 678 2428 πρὸς
702 2352 762 2407 τό
783 2351 1088 2426 ἀνθρώπινον
1103 2347 1241 2420 γένος
1261 2344 1503 2417 λογισμόν
1518 2338 1656 2397 ὅσιον
1678 2338 1851 2396 οὐδένα
1875 2337 2143 2396 λαϐόντας’

545 2427 673 2502 ἀλλά
697 2443 882 2516 φυγάς,
908 2443 1138 2512 ἀτιμίας,
1165 2435 1464 2509 δημεύσεις,
1489 2437 1714 2508 σφαγὰς,
1738 2435 1956 2486 τοιαῦτα
1988 2427 2149 2483 πολλά

544 2536 926 2607 τολμήσανταςσ
956 2536 1042 2588 καί
1071 2529 1189 2588 ούδέ
1237 2528 1669 2604 μεταμεληθέντας
1711 2524 1859 2590 ποτέ,
1901 2519 2016 2577 ούδέ
2070 2521 2150 2576 τόν

544 2633 664 2683 νοῦν
693 2625 1103 2704 ἐπιστρέψαντας
1130 2625 1260 2698 πρὸς
1280 2624 1346 2678 τά
1372 2621 1575 2683 καλλίω,
1596 2615 1724 2673 ἴσων
1768 2618 1853 2672 καί
1878 2623 1977 2670 τῶν
1998 2616 2139 2687 ἀμοιι

549 2722 705 2778 ϐαίων
733 2719 1011 2792 τυχόντας-⁸
1039 2721 1125 2773 καὶ
1149 2718 1314 2775 ταῦτά
1347 2735 1405 2790 γε
1449 2715 1536 2770 οὐκ
1582 2709 1881 2778 ἀπεικότως,
1931 2707 2040 2765 οὐδ’
2087 2703 2148 2764 ἀν

545 2816 647 2873 ἀπὸ
669 2813 816 2890 λόγου
846 2812 1147 2887 συμϐαίνοι.

2327 1604 2385 1643 ιι.
2415 1585 2568 1654 Quod
2590 1586 2632 1640 si
2655 1585 2775 1656 quis
2792 1585 3074 1655 superiora
3104 1592 3345 1654 tempora
3377 1581 3444 1638 ad
3459 1598 3555 1638 nos
3577 1597 3750 1654 usque
3773 1581 3872 1638 de-

2262 1680 2423 1736 ducta
2451 1679 2775 1751 cogitatione
2796 1687 3024 1748 repetat,
3059 1687 3111 1733 et
3140 1693 3226 1734 res
3256 1677 3383 1731 olim
3415 1686 3593 1748 gestas
3621 1685 3873 1731 contem-

2262 1776 2437 1846 pietur
2480 1777 2682 1839 animo,
2708 1772 2929 1830 omnino
2955 1773 3223 1845 reperiet;
3265 1786 3358 1827 eos
3381 1771 3598 1842 quidem
3621 1772 3711 1841 qui
3743 1771 3862 1841 jus-

2261 1870 2432 1925 titiam
2466 1884 2530 1926 ac
2557 1868 2878 1938 probitatem
2919 1865 3324 1921 fundamentum
3352 1866 3452 1920 sibi
3481 1881 3660 1919 rerum
3688 1879 3866 1935 agen-

2256 1959 2445 2016 darum
2492 1961 2933 2026 constituerunt,
2992 1957 3204 2013 felicem
3256 1956 3603 2012 consiliorum
3651 1956 3866 2012 exitum

2213 2053 2476 2110 .sortitos
2507 2067 2650 2119 esse,
2703 2059 2760 2107 et
2810 2060 3061 2122 tanquam
3112 2066 3177 2106 ex
3223 2048 3363 2104 dulci
3391 2049 3635 2122 quodam
3676 2048 3868 2104 radice

2253 2147 2634 2220 suavissimum
2683 2161 2898 2217 quoque
2940 2145 3170 2200 fructum
3201 2145 3532 2216 percepisse.
3574 2143 3699 2199 Illos
3726 2157 3866 2200 vero

2251 2243 2343 2312 qui
2376 2240 2566 2312 injusta
2601 2239 2837 2296 facinora
2891 2255 3027 2294 ausu
3059 2239 3350 2296 temerario
3403 2239 3744 2304 attentarint,
3801 2248 3864 2295 et

2252 2334 2344 2406 qui
2391 2334 2655 2389 adversus
2700 2333 2868 2388 Deum
2919 2333 3090 2403 ipsum
3143 2331 3362 2387 vesania
3419 2337 3619 2386 mentis
3660 2331 3865 2387 fuerint

2252 2427 2400 2493 elati,
2425 2426 2736 2496 nullumque
2782 2426 2997 2495 pietatis
3026 2439 3152 2494 erga
3183 2439 3354 2495 genus
3399 2423 3692 2480 humanum
3723 2440 3863 2481 sen-

2252 2534 2371 2575 sum
2401 2518 2684 2575 habuerint
2714 2535 2729 2586 ;
2762 2519 2855 2575 sed
2907 2517 3088 2583 exilia,
3140 2517 3435 2584 infamiam,
3464 2517 3731 2573 bonorum
3760 2535 3866 2590 pne

2251 2613 2590 2680 blicationes,
2611 2611 2788 2667 ozedes
2809 2619 2863 2666 et
2879 2610 3185 2680 liujusmodi
3215 2611 3441 2678 plurima
3459 2610 3859 2681 irrogaverint;

2251 2708 2450 2778 quique
2498 2720 2598 2762 nec
2649 2703 3020 2774 paenitentiam
3072 2703 3281 2773 egerint
3334 2717 3611 2772 unquam,
3659 2717 3762 2758 nec
3788 2703 3864 2757 ad

2250 2801 2531 2859 meliorem
2574 2795 2779 2868 frugem
2827 2795 3068 2850 animum
3113 2808 3270 2848 suum
3325 2793 3725 2857 revocaverint,
3759 2808 3864 2864 pa-

2250 2909 2367 2950 rem
2389 2906 2606 2965 quoquc
2636 2887 2940 2944 mercedem
2973 2885 3243 2942 retulisse.
3272 2886 3447 2956 Atque
3475 2883 3593 2942 haec
3621 2899 3730 2940 non
3761 2884 3868 2940 ab-

2179 2975 2226 3040 C
2256 2986 2440 3053 surde,
2470 2984 2569 3040 nec
2599 2991 2793 3054 prmter
2814 2979 3078 3034 rationem
3108 2977 3385 3034 eveniunt.

1287 3110 1354 3152 υε
1377 3108 1442 3151 IIS
1469 3108 1556 3160 QUI
1597 3104 2043 3150 PERSBCU'I'IONEI
2069 3100 2211 3143 PASSI
2243 3098 2398 3148 SUNT,
2439 3097 2507 3136 ΕΤ
2546 3095 2612 3134 οε
2650 3089 3122 3133 Ρειιδεουτοιιωυε.

549 3197 558 3205 ’
618 3210 696 3255 ιιι.
718 3193 868 3253 Ὀσοι
890 3196 980 3269 μέν
1010 3195 1108 3270 γάρ
1137 3193 1268 3267 μετά
1283 3190 1478 3252 δικαίας
1503 3192 1702 3265 γνώμης
1723 3189 1955 3248 έπίτινας
1971 3185 2154 3264 ἔρχον-

543 3313 634 3349 ται
657 3291 886 3355 πράξεις.
917 3291 1002 3344 καί
1031 3288 1118 3343 τόν
1136 3291 1226 3342 τοῦ
1255 3286 1539 3362 κρείττονος
1560 3282 1709 3354 φόϐον
1741 3278 1975 3340 διηνεκῶς
1993 3276 2154 3350 ἔχου·

547 3405 632 3442 σιν
660 3385 711 3438 έν
738 3389 827 3455 νῷ,
857 3381 1068 3453 βεϐαίαν
1116 3384 1207 3438 τήν
1236 3381 1357 3453 περὶ
1387 3377 1543 3433 αὐτὸν
1577 3375 1903 3446 φυλάττοντες
1937 3373 2114 3427 πίστιν
2134 3408 2149 3434 ,

545 3477 630 3531 καὶ
667 3477 789 3535 τούς
817 3472 1081 3551 παρόντας
1120 3469 1305 3543 φόϐους
1343 3487 1399 3524 τε
1446 3469 1534 3522 καί
1560 3463 1820 3525 κινδύνους
1848 3465 1936 3519 ούκ
1964 3459 2151 3535 ἄγουσι

547 3573 649 3622 τῶν
676 3549 961 3638 μελλουσῶν
1005 3563 1203 3618 ἐκείνων
1246 3557 1460 3615 ἐλπίδων
1502 3555 1927 3635 προτιμοτέρους⁶
1973 3549 2069 3626 κᾷν
2107 3555 2152 3608 ει

547 3658 681 3732 πρὸς
717 3656 891 3731 καιρόν
937 3653 1216 3731 δυσχερῶν
1257 3658 1404 3708 τινῶν
1445 3650 1747 3727 πειραθεῖεν,
1795 3655 1870 3720 τῷ
1923 3648 2148 3714 μείζονας

551 3749 750 3808 έαυτοῖς
783 3747 1075 3802 ἀποκεῖσθαι
1115 3746 1377 3800 πιστεύειν
1423 3743 1595 3814 τιμὰς,
1647 3737 1758 3795 ούδέ
1807 3740 1876 3795 τά
1918 3759 2150 3814 προσπε-

551 3840 709 3898 σόντα
733 3838 933 3914 βαρέως
960 3837 1188 3910 ἤνεγκαν,
1241 3835 1366 3889 ἀλλά
1405 3831 1625 3905 τοιούτῳ
1650 3831 2008 3908 λαμπροτέρας
2035 3827 2150 3886 ἴτυο

552 3952 653 4005 χον
677 3929 917 3990 εὐκλείας,
947 3925 1055 4002 ὅσῳ
1100 3929 1181 3981 καί
1217 3926 1514 4001 βαρυτέρων
1547 3931 1647 3979 τῶν
1682 3924 1927 3996 χαλεπῶν
1947 3922 2149 3998 ἐπειρά-

550 4026 727 4084 θησαν.
782 4018 893 4079 ὅσοι
933 4019 988 4076 δέ
1040 4020 1098 4075 τό
1127 4020 1312 4078 δίκαιον
1339 4019 1534 4088 ἀτίμως
1560 4014 1816 4092 παρεῖδον,
1841 4013 1872 4077 ἢ
1895 4015 1953 4070 τό
1979 4020 2152 4090 κρεῖτ-

550 4135 635 4172 τον
656 4115 744 4169 ούκ
762 4111 1012 4187 ἔγνωσαν,
1037 4113 1122 4166 καί
1148 4112 1270 4170 τούς
1286 4113 1450 4165 τοῦτο
1464 4114 1663 4167 πιστῶς
1679 4106 1938 4178 μετιόντας
1963 4105 2150 4181 ὕϐρεσι

550 4211 632 4264 καί
659 4208 927 4263 κολάσεσιν
955 4207 1242 4266 ἀνηκέστοις
1267 4203 1541 4260 ὑποϐαλεῖν
1587 4202 1884 4274 ἐτόλμησαν,
1923 4204 2008 4255 καὶ
2045 4201 2147 4270 οὐχ

552 4301 765 4361 ἔαυτούς
809 4302 901 4373 μέν
939 4300 1138 4360 ἀθλίους
1165 4298 1237 4371 έφ’
1265 4292 1336 4358 οἷς
1366 4295 1452 4351 διά
1492 4296 1589 4355 τάς
1630 4294 1874 4353 τοιαύτας
1923 4291 2150 4356 ἐκόλαζον

2331 3191 2408 3232 ut.
2437 3174 2568 3229 Nam
2600 3172 2924 3242 quicumque
2956 3183 3077 3223 cum
3105 3167 3252 3237 justo
3271 3166 3435 3224 animi
3468 3165 3750 3237 preposito
3789 3167 3863 3223 ad

2255 3270 2524 3342 agendum
2555 3266 2853 3345 accedunt,
2900 3273 2956 3321 et
3004 3265 3253 3319 timorem
3306 3263 3398 3318 Dei
3453 3272 3717 3333 perpetuo
3746 3278 3862 3334 prae

2255 3363 2428 3420 oculis
2480 3361 2721 3427 habent,
2784 3365 3122 3414 constantem
3173 3369 3299 3424 erga
3358 3354 3507 3410 illum
3556 3358 3864 3412 retinentes

2256 3457 2449 3522 ﬁdem;
2498 3455 2696 3525 quique
2736 3451 3026 3525 praesentis
3068 3451 3195 3507 vita:
3245 3450 3417 3505 minas
3461 3465 3525 3506 ac
3590 3451 3862 3520 pcricula,

2253 3548 2370 3620 spei
2431 3548 2729 3604 futurorum
2775 3546 3039 3602 bonorum
3089 3541 3312 3600 minime
3364 3553 3750 3614 anteponunt:
3807 3546 3865 3602 bi

2255 3642 2504 3713 quamvis
2549 3640 2713 3695 multa
2766 3639 2957 3694 acerba
3008 3650 3072 3692 ac
3110 3634 3336 3691 molesta
3398 3635 3547 3693 brevi
3598 3640 3867 3707 temporis

2255 3736 2432 3806 spatio
2456 3735 2662 3804 experti
2709 3732 2836 3796 sint,
2870 3737 3048 3786 tamen
3084 3743 3183 3800 spe
3214 3729 3478 3797 majorum
3507 3731 3863 3800 praemiorum

2256 3843 2376 3899 qum
2397 3827 2501 3883 sibi
2524 3824 2798 3882 recondita
2839 3836 2960 3879 esse
2986 3819 3296 3876 ﬁrmissime
3319 3820 3568 3885 credunt,
3600 3820 3869 3890 ingruen-

2258 3919 2330 3976 tia
2383 3919 2521 3973 mala
2553 3931 2891 3987 nequaquam
2949 3929 3095 3985 {egro
3124 3913 3307 3968 animo
3358 3913 3719 3982 pertulerunt.
3748 3915 3863 3972 Sed

2257 4026 2366 4083 quo
2415 4010 2693 4082 graviores
2719 4006 2928 4077 experti
2958 4015 3087 4061 sunt
3137 4003 3494 4070 calamitates,
3543 4019 3610 4060 eo
3661 4005 3865 4062 clario-

2260 4120 2376 4163 rem
2407 4103 2630 4173 glorium
2661 4107 3026 4171 reportarunt.
3052 4095 3154 4166 Qui
3179 4112 3306 4152 vero
3327 4097 3585 4168 justitiam
3610 4107 3663 4154 et
3683 4101 3862 4169 tequi-

2257 4206 2421 4254 tatem
2445 4201 2931 4264 contempserunt,
2965 4201 3013 4246 et
3045 4191 3134 4261 qui
3181 4205 3282 4246 nec
3319 4190 3489 4246 Deum
3537 4189 3637 4260 ipsi
3688 4206 3864 4262 agno-

2254 4297 2471 4358 verunt,
2505 4304 2602 4344 nec
2648 4300 2743 4342 cos
2786 4283 2877 4356 qui
2907 4284 3074 4339 Deum
3107 4281 3340 4338 ﬁdeliter
3366 4282 3631 4347 colerent,
3661 4293 3865 4340 contu.

551 4393 832 4469 προφάσεις
859 4390 1073 4470 ἔκριναν.
1104 4388 1402 4462 εὐδαίμονας
1427 4385 1482 4444 δὲ
1504 4388 1593 4443 καί
1617 4386 1964 4462 μοοίαριστούς
1982 4419 2012 4448 ,-
2030 4385 2151 4444 τούς

2264 4383 2434 4439 meliis
2455 4396 2519 4437 ac
2543 4379 2821 4451 suppliciis
2851 4376 3218 4434 acerbissimis
3245 4374 3467 4434 afﬁcere
3494 4375 3818 4434 dubitarunt
3845 4397 3860 4434 :

1943 4474 2214 4532 VALESII
2250 4472 2484 4531 NOTAE.

624 4583 1068 4652 Καταφρονητικῶς
1118 4573 1356 4652 ἔχοντας.
1411 4571 1629 4652 codex_
1651 4568 1943 4652 Medicteus
1997 4569 2157 4627 habet

551 4648 697 4722 ἔχειν
723 4641 995 4715 ἐθέλοντας,
1019 4641 1391 4717 (ιιιοάί·ειειὶυε
1420 4642 1552 4698 mihi
1581 4641 1808 4698 videtur.

628 4744 717 4796 ttat
742 4744 809 4798 τὰ
837 4741 1196 4796 ἀποϐαίνοντα.
1252 4735 1435 4808 Longe
1484 4734 1683 4808 rectior
1709 4742 1794 4808 est
1817 4730 2016 4808 codicis
2036 4730 2157 4808 Mef

554 4809 708 4865 ἀίοςυὶ
757 4812 1052 4881 Scriptura.
1105 4810 1195 4864 Sic
1245 4803 1395 4881 enini
1422 4806 1581 4881 habet
1606 4803 1918 4881 {lutiloan
1965 4806 2048 4858 καί
2093 4805 2158 4881 τά

555 4874 901 4939 ἀποϐαίνΜά
925 4880 1000 4943 ἧν.
1032 4883 1110 4954 τίς
1136 4883 1238 4954 γὰρ
1339 4879 1527 4954 ἀγαθοῦ
1543 4876 1729 4954 ⁸τύχοι
1751 4877 1886 4938 τινός
1909 4917 1924 4941 ,
1955 4887 2060 4930 etc.
2093 4875 2156 4954 Et

555 4963 681 5036 post
755 4969 964 5036 Vocem.
1016 4949 1217 5008 ἐθέλων
1262 4949 1424 5005 habet
1484 4949 1671 5004 etiam
1716 4963 1838 5018 qua:
1891 4954 2015 5000 nota
2075 4953 2159 5001 est

557 5025 1016 5096 interrogationis.

631 5084 805 5177 Πίστίν
829 5127 922 5190 τῷ.
957 5118 1135 5190 Longe
1153 5115 1454 5190 elegantius
1481 5111 1655 5167 codex
1675 5084 1962 5167 Mediezeus
1988 5110 2160 5181 scrip-

561 5199 673 5246 tum
700 5191 862 5257 habet
876 5186 1051 5245 πίστιν
1077 5187 1130 5242 δέ
1155 5196 1230 5260 τῷ
1253 5186 1471 5261 ῥηθέντι.

629 5281 843 5338 ’Δνωθεν
873 5283 957 5334 καί
985 5281 1056 5352 είς
1074 5277 1240 5352 δεῦρο.
1269 5274 1527 5332 l’articnla
1555 5275 1642 5352 καί
1675 5271 1826 5352 deest
1875 5274 1956 5352 in_
1975 5272 2161 5352 codice

559 5353 838 5416 Medicum,
867 5365 965 5405 nec
994 5344 1280 5403 admodum
1305 5349 1604 5402 necessaria
1628 5353 1727 5399 est.
1760 5344 1878 5398 Mox
1907 5344 1995 5416 ubi
2026 5344 2160 5415 legi-

561 5433 650 5480 tur
673 5443 686 5481 :
717 5425 803 5480 καί
826 5415 918 5484 τάς
941 5421 1190 5498 πρότερον
1216 5421 1501 5498 γενομένας,
1521 5416 1660 5470 idem
1687 5417 1859 5498 codex
1885 5415 2046 5498 habet
2071 5418 2160 5498 καί

559 5498 656 5557 τάς
677 5500 881 5552 πώποτε
911 5518 962 5568 γ.
983 5486 1118 5552 ἶιριιὶ
1149 5486 1245 5560 ι)τὸ
1269 5486 1619 5568 έγχειρήσεως
1638 5488 1818 5568 πέρας3
1846 5486 2032 5568 scribit
2066 5489 2158 5568 τὰς

563 5556 890 5644 ἐγχειρήσας
919 5556 1109 5644 τιάρας.
1150 5556 1430 5644 quani-udo
1461 5559 1624 5614 etiam
1657 5556 1714 5612 iu'
1740 5556 1956 5613 schedis
1985 5560 2157 5629 scrip-

563 5631 676 5693 utin
708 5631 904 5707 reperi,
933 5631 1062 5692 ct'in
1091 5635 1276 5689 codice
1303 5631 1438 5707 Fuit.

638 5711 727 5763 καί
771 5697 902 5784 πρὸς
928 5709 988 5765 τὸ
1005 5708 1318 5784 ,ἀνθρωπινον
1362 5704 1523 5784 γένος.
1553 5699 1770 5784 Mutilus
1792 5705 1933 5784 erat
1953 5697 2040 5755 hic
2059 5700 2157 5784 tio:

564 5791 682 5845 cus,
711 5771 895 5850 qni'et
921 5771 1111 5835 codice'
1136 5771 1389 5832 Medicwo
1419 5777 1490 5831 ita
1531 5771 1747 5832 restitui
1777 5771 1939 5829 debet
1970 5774 2095 5829 ειάὶ
2121 5771 2152 5832 ἢ

2258 4570 2390 4646 πρὸς
2408 4570 2482 4647 τό.
2498 4575 2726 4647 κρεῖττον
2755 4569 2977 4647 ἀνοήτως
2999 4564 3397 4647 ἐκμανέντμςὶῇ
3418 4567 3549 4641 πρὸς
3577 4568 3636 4622 τὸ

2257 4636 2568 4714 πὶνονζγένός
2594 4641 2832 4714 λογισμόν
2861 4636 2998 4714 ὅσιον
3233 4636 3640 4714 λαϐόνταςηοιρ.

2330 4706 2446 4765 Ούκ⁷
2465 4706 2761 4772 ἀπεικότως.
2783 4710 2839 4764 iu
2867 4706 3054 4764 codice
3083 4708 3336 4763 Medicam
3366 4709 3618 4763 scribitur
3657 4711 3753 4764 ούκ
3797 4706 3863 4766 ἂν

2260 4783 2564 4846 ἀπεικότως,
2587 4780 2690 4837 οὐδ’
2722 4777 2781 4836 ἂν
2823 4783 2925 4837 ἀπὸ
2959 4781 3112 4854 λόγου
3138 4780 3438 4854 συμϐαίνοι.
3478 4777 3637 4835 Certe
3684 4780 3858 4837 codex

2257 4858 2438 4925 regius
2467 4853 2739 4925 συμϐαίνοι
2769 4867 2981 4925 quoque
3011 4851 3268 4925 Scriptum
3303 4851 3483 4906 habet.

2328 4920 2592 5000 '_t_)ao¢_;£é_v
2617 4926 2734 5000 γὰρ.
2768 4920 3187 5000 Ab_bis_verbis
3217 4922 3319 4978 hoc
3354 4937 3475 4993 cap.
3503 4920 3759 4980 inchoavi
3788 4938 3861 4980 ex

2256 4995 2442 5052 codice
2470 4993 2605 5050 Fuk.
2623 4993 2694 5049 ἐί
2718 4995 2934 5050 schedis
2963 4993 3097 5064 Reg.

2328 5064 2474 5122 Ὀσοι
2504 5065 2558 5122 δέ
2587 5069 2646 5122 τό
2673 5065 2859 5122 δίκαιον
2885 5063 3099 5138 ἀτίμως.
3141 5063 3448 5138 Rectiusin
3471 5064 3656 5120 codice
3683 5064 3860 5120 Medi-

2258 5152 2374 5194 caeo
2401 5139 2596 5207 legitur
2641 5139 2743 5190 hoc
2799 5133 2998 5190 modo":
3031 5133 3142 5207 ὅσοι
3172 5135 3225 5190 δέ
3264 5135 3295 5196 ἦ
3329 5137 3386 5191 τὸ
3427 5134 3615 5193 δίκαιον
3657 5140 3860 5207 ἀτίμως

2261 5193 2526 5285 παρεῖδξν,
2609 5209 2668 5285 τὸ
2701 5214 2930 5285 κρεῖττον
2972 5209 3064 5262 ούκ
3117 5193 3380 5285 ἔγνωσαν.-
3410 5207 3522 5263 lloc
3576 5217 3660 5285 est
3701 5193 3860 5285 quod

2265 5277 2425 5348 supra
2453 5280 2587 5334 dixit
2615 5281 2666 5332 in
2697 5277 2817 5347 cup.
2847 5278 2937 5342 '25,
2955 5289 3010 5331 ut
3030 5277 3188 5343 supra
3206 5279 3406 5342 notavi,
3437 5282 3558 5339 τούς
3586 5277 3628 5334 δ’
3659 5278 3862 5342 ἀδίκοις

2266 5353 2697 5426 έπιχειρήσαντας
2724 5351 2957 5426 τολμαῖς,
2980 5351 3065 5426 καί
3091 5348 3121 5407 ἦ
3145 5351 3276 5426 πρὸς
3295 5353 3353 5426 τό
3379 5358 3609 5426 κρεῖττον
3627 5352 3862 5426 ἀνοητως

2262 5419 2588 5548 έέἕξανέίἆταὲι,
2615 5421 2646 5480 ἦ
2672 5419 2887 5497 πρόςτό
2912 5419 3216 5494 ἀνθρώπινον
3252 5421 3392 5494 γένος
3413 5419 3672 5495 ’λογισμὸν
3712 5419 3862 5478 ὅσιον

2262 5514 2285 5548 ο
2347 5515 2431 5548 ενα
2485 5515 2517 5547 α
2556 5514 2721 5548 οντας.

2257 5492 2431 5550 οὐδένα
2453 5492 2721 5555 λαϐόνταςζ

2331 5563 2578 5641 ἰξκόλαζον
2603 5565 2901 5641 προφάσεις.
2921 5561 3002 5641 in
3028 5561 3216 5616 codice
3261 5561 3534 5641 Medicago:
3551 5561 3744 5641 legitur
3781 5563 3868 5641 ἔφξ

2257 5631 2560 5712 οἶς-διά-τάς
2583 5631 2842 5712 τοιαύτας.
2866 5633 3147 5712 κολάζοιντο
3186 5637 3456 5712 προφάσεις
3469 5674 3496 5699 ,,
3551 5631 3750 5712 rectius
3804 5631 3866 5690 lii

2257 5705 2433 5761 fallor.
2449 5706 2566 5760 Mox
2581 5706 2721 5775 idem
2744 5703 2916 5775 codex
2930 5704 3106 5772 habet,
3137 5712 3195 5760 ut
3216 5703 3268 5762 i'u
3293 5703 3453 5775 Supra
3481 5705 3658 5774 posito
3680 5710 3864 5773 textu,

2260 5779 2332 5837 εἰς
2344 5778 2629 5847 αἰσχίστην
2649 5772 2816 5840 ἔληξεν
2835 5773 3010 5835 ﬁt"th
