4082 6178
207 342 320 396 ἳόῗ

1319 331 1499 389 DECR
1511 330 1640 388 ETA
1686 331 1775 388 ΕΤ
1810 330 2433 392 CONSTITUTIONES.

3412 339 3520 399 258

207 463 264 509 et
293 454 376 524 qui
407 453 614 522 seipsos
650 451 887 522 quidem,
917 450 1007 521 qui
1032 450 1100 504 ob
1123 447 1431 519 hujusmodi
1463 463 1679 503 causam
1705 447 1804 503 ho-

1910 453 1988 504 καί
2016 450 2183 526 μέχρι
2207 457 2307 505 τῶν
2336 450 2582 505 τοιούτων
2606 451 2698 508 την
2727 451 2857 524 πρὸς
2897 451 2954 506 τὸ
2996 455 3228 527 κρεῖττον
3263 449 3519 519 διασωζο-

205 545 449 600 minesin
472 545 734 614 judicium
766 543 1027 598 adductos
1059 556 1214 612 paena
1239 540 1542 607 aflicerent,
1578 541 1809 595 miseros

203 652 327 693 esse
347 651 452 692 non
471 635 783 705 judicarunt
806 652 821 701 ;
847 635 967 691 illos
985 649 1114 690 vero
1141 633 1232 703 qui
1263 633 1316 686 in
1348 633 1511 686 tantis
1538 631 1694 686 malis
1717 632 1805 687 in-

203 738 408 800 tegram
439 744 565 799 erga
605 729 773 783 Deum
822 729 1076 796 pietatem
1119 724 1470 780 nihilominus
1517 739 1808 778 conserva-

199 831 344 887 rent,
375 819 560 875 felices
590 834 657 875 ac
683 819 873 875 beatos
901 833 1022 876 esse
1050 835 1064 872 :
1093 816 1284 870 horum
1306 815 1579 872 exercitus
1607 815 1807 885 partim

199 913 350 978 επεὶ,
376 913 570 984 partim
618 913 674 968 in
729 912 908 984 fugam
954 911 1118 967 versi.
1150 907 1372 964 Cunctis
1396 909 1626 980 denique
1671 924 1805 979 prte-

196 1005 287 1061 liis
312 1005 458 1072 victi,
480 1005 585 1076 ipsi
613 1005 832 1062 tandem
857 1004 1282 1061 succubuerunt.

1908 547 2086 618 μένους
2130 545 2416 610 εύσέϐειαν,
2463 545 2659 601 τούτων
2695 543 2877 600 πολλαί
2902 546 2992 616 μέν
3025 543 3211 601 ἔπεσον
3250 548 3514 622 στρατιαὶ,

1905 637 2084 692 πολλαί
2107 635 2155 692 δ’
2181 640 2251 698 εἰς
2281 641 2439 711 φυγήν
2468 637 2784 710 ἐτράπησαν,
2813 642 2964 692 πᾶσα
2997 635 3050 692 δέ
3071 639 3267 694 τούτων
3293 638 3517 709 πολέμου

1909 731 2197 805 παράταξις
2237 731 2308 792 είς
2337 730 2580 802 ἐσχάτην
2605 725 2784 795 ἔληξεν
2815 726 2995 790 ἧτταν.

911 1113 1050 1164 QUOD
1071 1113 1393 1156 PERSECU'I’IO
1410 1110 1620 1152 BBLLUI
1641 1109 1968 1155 caueamus
1988 1115 2240 1157 IALORUI
2261 1115 2430 1158 CAUSA
2455 1117 2796 1159 EXSTITBBIT.

268 1210 345 1252 tv.
366 1195 446 1251 Ex
469 1193 1082 1266 hujusmodisceleribus
1095 1204 1211 1248 orta
1234 1201 1356 1248 sunt
1371 1192 1505 1248 bella
1522 1189 1726 1262 gravia,
1750 1199 1805 1245 et

199 1289 448 1346 exitiales
473 1288 821 1342 vastationes.
855 1285 989 1342 lline
1019 1303 1199 1341 rerum
1238 1285 1454 1356 quidem
1509 1283 1576 1338 ad
1626 1280 1805 1352 quotio

197 1382 422 1437 dianum
447 1381 571 1435 vita:
595 1395 748 1434 usum
777 1381 1202 1434 necessariarum
1237 1378 1460 1449 penuria
1490 1392 1506 1442 ;
1536 1376 1798 1430 malorum

195 1491 323 1530 vero
350 1475 724 1545 ingruentium
750 1473 927 1542 copia.
957 1472 1094 1527 Hinc
1118 1481 1204 1526 est
1229 1471 1372 1542 quod
1406 1478 1567 1524 tantae
1611 1465 1801 1538 impie-

197 1572 321 1625 tatis
348 1579 605 1624 auctores
656 1568 708 1622 in
755 1577 1026 1623 extremas
1079 1567 1282 1638 delapsi
1324 1565 1680 1630 calamitates,
1704 1567 1798 1615 aut

193 1662 442 1718 funditus
486 1659 686 1715 infelici
736 1660 881 1714 exitu
931 1658 1258 1730 perierunt,
1307 1667 1396 1711 aut
1445 1656 1608 1710 vitam
1673 1668 1798 1708 cum

188 1769 411 1810 summo
438 1752 707 1808 dedecore
747 1749 1026 1817 ducentes,
1070 1765 1188 1804 eam
1219 1750 1406 1819 quavis
1437 1756 1612 1802 morte
1638 1760 1797 1800 acer-

189 1849 408 1905 biorem
459 1862 583 1904 esse
629 1845 865 1901 confessi
916 1853 1070 1908 sunt,
1101 1853 1156 1898 et
1187 1842 1385 1912 injuste
1428 1850 1546 1895 acta
1575 1837 1794 1909 paribus

187 1942 428 2013 quodam
454 1939 618 1994 modo
637 1937 914 2009 suppliciis
940 1936 1326 2007 rependeruut.
1357 1933 1491 1989 Nam
1508 1931 1798 2002 unusquis-

1982 1209 2056 1249 tv.
2081 1196 2164 1250 Ἐκ
2190 1203 2290 1252 τῶν
2315 1195 2556 1253 τοιούτων
2587 1200 2854 1273 ἀνεφύοντο
2878 1199 3087 1272 πόλεμοι
3106 1198 3309 1276 βαρεῖς,
3339 1197 3392 1254 ἐκ
3415 1207 3514 1255 τῶν

1909 1287 2158 1341 τοιούτων
2182 1289 2461 1364 πορθήσεις
2495 1291 2818 1366 πανώλεθροι·
2847 1291 3069 1347 ἐντεῦθεν
3094 1292 3401 1352 ἐλαττώσεις

1907 1385 2008 1432 τῶν
2031 1379 2163 1454 πρὸς
2192 1383 2287 1441 τάς
2317 1383 2502 1456 χρείας
2528 1383 2824 1455 ἀναγκαίων,
2848 1382 3035 1444 πλῆθος
3062 1381 3117 1438 δέ
3157 1391 3254 1438 τῶν
3291 1385 3515 1458 ἐπηρτη-

1907 1470 2066 1540 μένων
2094 1478 2278 1526 κακῶν
2306 1473 2533 1526 ἐντεῦθεν
2571 1473 2616 1527 οί
2644 1483 2735 1534 τῆς
2765 1472 3026 1535 τοσαύτης
3053 1476 3283 1549 ἀρχηγοὶ
3325 1473 3516 1530 δυσσε-

1908 1561 2072 1635 ϐείας,
2126 1562 2157 1622 ἦ
2199 1564 2503 1627 ἀνατλάθτες
2552 1566 2618 1621 τά
2668 1565 2897 1638 ἔσχατα,
2946 1569 3150 1623 θάνατον
3193 1567 3514 1641 πανώλεθρον

1903 1653 2302 1726 ἐδυστύχησαν,
2322 1654 2352 1715 ἢ
2380 1660 2510 1722 ζωὴν
2537 1659 2824 1729 αἰσχίστην
2855 1656 3132 1732 διάγοντες,
3155 1660 3362 1713 θανάτου
3382 1656 3514 1713 ταύ-

1902 1767 1994 1804 την
2016 1747 2308 1825 βαρυτέραν
2335 1749 2646 1824 ἐπέγνωσαν,
2680 1753 2767 1805 καί
2793 1747 2894 1805 οἷον
2916 1752 3225 1828 ἰσομέτρους
3254 1758 3370 1811 ταῖς
3394 1749 3510 1805 άδι-⁸

1901 1841 2034 1903 κίαις
2060 1843 2156 1901 τάς
2183 1845 2430 1917 τιμωρίας
2481 1845 2802 1915 ἐκομίσαντο·
2843 1851 3090 1900 τοσοῦτον
3141 1846 3240 1920 γὰρ
3295 1845 3512 1904 ἕκαστος

1901 1931 2117 2008 εὕραντο
2145 1939 2439 2011 συμφορᾶς,
2463 1931 2582 1989 ὅσον
2604 1955 2683 1996 τις
2709 1937 2796 1990 καί
2815 1937 3243 2009 καταπολεμῆσαι
3263 1937 3349 1992 τὸν
3375 1937 3512 1990 θεῖον

186 2052 287 2106 que
336 2049 537 2091 eorum
567 2048 636 2090 eo
687 2031 1024 2102 gravioribus
1066 2028 1291 2084 allectus
1349 2036 1434 2082 est
1483 2023 1664 2089 malis,
1692 2037 1798 2093 quo

1910 2027 1972 2086 ὡς
2003 2025 2127 2099 ᾤετο
2143 2025 2292 2098 νόμον
2319 2026 2410 2082 ὑπ’
2435 2027 2644 2101 ἀλογίας
2673 2029 2939 2104 προήχθη·
2971 2029 3098 2086 ὥστ’
3121 2030 3300 2091 αὐτοῖς
3331 2034 3401 2102 μὴ
3441 2031 3510 2086 τά

184 2125 572 2182 vehementius
610 2122 847 2179 divinam
885 2135 1197 2192 expugnare
1226 2120 1434 2189 legem,
1466 2125 1523 2171 ut
1577 2113 1794 2186 quidem

186 2221 470 2290 sperabat,
505 2233 603 2288 per
632 2231 900 2271 summam
933 2214 1258 2269 dementiam
1289 2212 1616 2266 instituerat.
1647 2205 1796 2262 Adeo

184 2325 244 2371 ut
270 2329 386 2369 non
435 2312 613 2368 solum
645 2311 929 2381 praesentis
957 2309 1081 2363 vitae
1110 2307 1251 2362 mala
1293 2304 1372 2362 eis
1407 2303 1632 2359 molesta
1675 2315 1798 2357 esse

187 2408 545 2472 viderentur;
571 2419 756 2460 verum
785 2404 946 2460 etiam
973 2402 1362 2473 suppliciorum
1386 2415 1506 2470 qua:
1539 2396 1686 2467 apud
1717 2396 1799 2451 iu-

185 2498 326 2555 feros
357 2507 492 2553 sunt
543 2507 722 2554 metus
745 2506 907 2567 atque
935 2493 1294 2566 exspectatio,
1337 2491 1510 2548 multo
1551 2489 1800 2546 acerbius

181 2594 333 2666 ipsos
365 2599 674 2664 torqueret.

1904 2119 2025 2193 πιρί
2051 2122 2141 2176 τὴν
2168 2121 2298 2183 ζωήν
2324 2113 2451 2173 εἶναι
2485 2118 2649 2194 βαρέα
2683 2119 2848 2190 μόνον.
2879 2120 3004 2175 ἀλλά
3028 2122 3116 2175 καί
3156 2127 3256 2176 τῶν
3281 2121 3384 2177 ύπὸ
3411 2129 3506 2194 γῆς

1903 2209 2244 2286 κολαστηρίων
2265 2211 2636 2282 χαλεπώτατον
2658 2208 3049 2288 προσδοκᾶσθαι
3072 2212 3158 2269 τὸν
3196 2212 3372 2287 φόϐον.

1066 2675 1203 2726 QUOD
1226 2675 1357 2716 υευε
1379 2670 1785 2714 CONSTANTINUI
1803 2666 2053 2714 BONOBUI
2073 2673 2358 2715 IIINlS‘I‘RUH
2389 2671 2603 2715 ELEGI‘I‘.

252 2777 308 2815 v.
361 2759 540 2815 Porro
559 2773 683 2813 cum
713 2766 859 2813 tanta
887 2766 1103 2828 tamque
1125 2755 1305 2827 gravis
1324 2753 1574 2824 impietas
1602 2751 1795 2806 huma-

182 2871 306 2910 num
339 2868 521 2925 genus
571 2859 886 2920 occuparet,
937 2859 991 2905 et
1041 2847 1345 2920 respublica
1403 2845 1548 2900 velut
1605 2841 1795 2898 lethali

182 2949 421 3020 quadam
469 2948 559 3002 lue
590 2955 893 3015 grassante,
929 2944 980 2997 itt
1029 2951 1332 2999 extremum
1365 2940 1552 2995 salutis
1599 2937 1796 2992 discri~

180 3055 304 3095 men
331 3049 488 3095 esset
509 3037 764 3099 adducta,
793 3045 954 3106 atque
980 3034 1185 3090 idcirco
1225 3049 1416 3103 magna
1444 3031 1721 3087 curatione
1744 3038 1797 3085 et

179 3133 416 3189 salutari
447 3146 554 3199 one
605 3129 870 3201 indigeret
918 3147 932 3195 ;
979 3128 1252 3198 quodnam
1301 3127 1552 3182 solatium
1587 3167 1602 3192 ,
1650 3123 1796 3195 quod

179 3225 498 3282 remedium
521 3223 974 3294 echgitavittum
1021 3221 1181 3287 Deus,
1208 3229 1264 3273 ut
1296 3219 1380 3273 his
1418 3234 1516 3274 nos
1561 3217 1717 3272 malis
1741 3216 1802 3269 li-

181 3319 460 3376 beraret?
488 3317 653 3372 Deum
681 3331 812 3371 vero
841 3331 962 3372 cum
993 3314 1140 3378 dico,
1181 3313 1332 3367 illum
1378 3311 1604 3381 intelligi
1633 3324 1800 3380 opor-

185 3421 258 3467 tet
283 3411 391 3483 qui
421 3409 567 3465 solus
590 3423 775 3463 revera
803 3418 884 3462 est
919 3407 1077 3469 Deus,
1100 3415 1153 3460 et
1183 3405 1274 3473 qui
1304 3411 1616 3474 perpetuam
1646 3399 1793 3454 omni

183 3519 300 3559 aevo
331 3502 549 3557 obtinet
573 3507 915 3571 potestatem.
951 3497 1137 3565 Neque
1164 3511 1293 3551 vero
1317 3494 1642 3565 arrogantia:
1677 3492 1795 3546 fue-

183 3595 268 3658 rit,
292 3609 437 3649 eum
461 3592 549 3660 qui
571 3592 806 3660 przestita
831 3607 858 3644 a
887 3590 998 3645 Deo
1024 3587 1284 3644 beneficia
1312 3585 1562 3651 fateatur,
1589 3583 1796 3653 magni-

182 3684 285 3741 fiee
337 3684 520 3753 loqui.
552 3683 756 3738 Revera
805 3683 946 3736 enim
995 3681 1134 3736 Deus
1181 3680 1536 3734 ministerium
1592 3692 1790 3742 meum,

183 3789 454 3849 tanquam
499 3776 744 3831 idoneum
785 3775 852 3829 ad
900 3774 1233 3828 voluntatem
1275 3786 1427 3826 suam
1454 3768 1787 3840 implendam

184 3869 451 3940 expetiit,
481 3878 769 3938 nostraque
791 3880 953 3936 opera
980 3865 1056 3920 uti
1077 3864 1341 3920 decrevit.
1365 3863 1466 3930 Qui
1493 3862 1560 3916 ab
1590 3873 1795 3916 oceano

177 3963 278 4018 illo
312 3962 654 4025 Britannico,
686 3967 742 4015 et
768 3961 836 4014 ab
862 3958 927 4014 iis
971 3957 1284 4028 regionibus
1310 3956 1397 4010 ubi
1429 3955 1597 4009 solem
1628 3953 1795 4024 mergi

184 4052 376 4107 fatalis
411 4050 887 4119 necessitasjuhct,
921 4049 1073 4104 initio
1093 4049 1255 4103 ducto
1283 4062 1297 4114 ;
1328 4046 1533 4102 cmlesti
1563 4044 1792 4115 quadam

183 4145 421 4203 virtute.
438 4153 620 4198 cuncta
636 4159 752 4213 quin
765 4143 952 4197 orbem
971 4150 1232 4196 terrarum
1247 4146 1639 4207 occupaverant
1653 4136 1792 4190 mala

182 4242 481 4312 expellens
509 4254 570 4295 ac
593 4238 879 4308 dissipans,
897 4250 1006 4292 tum
1037 4245 1096 4291 ut
1121 4236 1410 4290 humanum
1442 4246 1612 4304 genus
1637 4229 1791 4285 mini-

190 4337 382 4393 sterio
404 4343 584 4388 nostro
607 4333 906 4388 institutum
929 4341 1089 4400 atque
1108 4329 1451 4384 informatum
1475 4325 1541 4381 ad
1570 4325 1796 4380 sanctis‘

182 4431 350 4483 sima
384 4425 519 4495 legis
542 4422 935 4479 observantiam
965 4428 1309 4477 revocaretur
1333 4460 1348 4484 ,
1380 4428 1490 4474 tum
1517 4426 1576 4472 ut
1601 4415 1802 4474 beatis-

188 4521 328 4574 sima
355 4517 492 4573 fides
513 4516 617 4572 Deo
645 4531 807 4571 manu
828 4514 1062 4570 ducente
1089 4513 1478 4570 incrementum
1506 4511 1796 4580 acciperet.

1969 2769 2021 2808 ν.
2053 2752 2305 2815 Τοιαύτης
2328 2751 2390 2814 δή
2419 2756 2503 2808 καί
2527 2750 2662 2808 οὕτω
2683 2752 2890 2828 βαρείας
2912 2749 3222 2815 δυσσεϐείας
3233 2754 3299 2810 τά
3311 2754 3508 2829 ἀνθρώ⁴

1898 2869 2020 2903 πινα
2043 2850 2406 2918 κατεχούσης,
2441 2849 2528 2903 καί
2553 2854 2652 2901 τῶν
2681 2853 2851 2903 κοινῶν
2881 2843 2977 2901 οἷον
3003 2847 3107 2901 ύπὸ
3148 2847 3298 2903 νόσου
3323 2847 3508 2919 λοιμώο

1898 2937 2022 3001 δους
2051 2939 2184 3000 τινὸς
2220 2935 2380 3016 ἄρδην
2419 2935 2751 3017 διαφθαρῆναι
2798 2936 3195 3004 κινδυνευόντων,
3242 2941 3329 2994 καί
3352 2940 3505 3014 θερα-

1899 3035 2048 3092 πείας
2084 3033 2340 3108 σωτηρίου
2398 3034 2485 3086 καί
2533 3031 2720 3093 πολλῆς
2760 3031 3080 3108 χρηζόντων,
3127 3032 3241 3088 τίνα
3280 3035 3340 3089 τὸ
3376 3035 3508 3089 θεῖον

1903 3125 2093 3179 ἐπινοεῖ
2112 3125 2407 3197 κουφισμὸν,
2438 3126 2550 3178 τίνα
2574 3131 2675 3178 τῶν
2701 3122 2872 3180 δεινῶν
2893 3124 3185 3198 ἀπαλλαγήν
3209 3140 3224 3189 ;
3274 3125 3432 3180 ἐκεῖνο
3452 3123 3508 3180 δέ

1902 3219 2108 3278 πάντως
2152 3217 2400 3274 ἐννοητέον
2448 3216 2607 3278 θεῖον,
2656 3213 2683 3270 δ
2727 3217 2880 3289 μόνον
2923 3219 3004 3271 καί
3050 3213 3208 3277 ὄντως
3253 3217 3386 3282 ἐστί,
3429 3217 3512 3272 καί

1902 3306 2082 3384 διαρκῆ
2117 3308 2245 3362 κατά
2281 3307 2469 3366 παντὸς
2510 3305 2630 3377 ἔχει
2657 3313 2748 3360 τοῦ
2779 3308 2982 3381 χρόνου
3008 3313 3100 3367 τήν
3120 3305 3347 3379 δύναμιν.
3381 3311 3512 3362 πάν-

1899 3423 2001 3463 τως
2023 3400 2078 3457 δὲ
2097 3401 2285 3474 κόμπος
2312 3396 2371 3456 ἂν
2392 3398 2565 3466 εἴη,’τό
2577 3405 2668 3460 τήν
2695 3401 2840 3477 παρά
2865 3406 2955 3457 τοῦ
2983 3402 3258 3478 κρείττονος
3287 3398 3510 3455 εὐποιΐαν

1900 3493 2236 3568 ὁμολογοῦντα
2287 3492 2722 3566 σεμνολογεῐσθαν
2776 3494 2874 3569 γάρ
2917 3497 3008 3552 τήν
3062 3492 3182 3564 ἐμήν
3227 3492 3511 3568 ὑπηρεσίαν

1898 3592 2032 3665 πρὸς
2077 3594 2167 3648 τήν
2212 3588 2398 3644 ἐαυτοῦ
2449 3589 2686 3659 βούλησιν
2728 3585 3018 3645 ἐπιτηδείαν
3060 3585 3275 3650 ἐζήτησέ
3321 3606 3376 3640 τε
3430 3586 3511 3641 καί

1900 3683 2105 3762 ἔκρινεν.
2141 3682 2196 3745 ὃς
2227 3685 2328 3740 ἀπὸ
2365 3692 2457 3744 τῆς
2506 3684 2638 3759 πρὸς
2689 3688 2981 3756 Βρεττανοῖς
3021 3681 3204 3741 ἐκείνης
3249 3680 3513 3742 θαλάσσης

1901 3778 2198 3853 ἀρξάμενος,
2231 3779 2316 3831 καί
2343 3781 2442 3830 τῶν
2469 3781 2637 3846 μερῶν
2656 3771 2771 3827 ἔνθα
2795 3771 3004 3828 δύεσθαι
3030 3774 3118 3827 τὸν
3157 3773 3291 3831 ἥλιον
3319 3773 3512 3848 ἀνάγκη

1897 3874 1994 3926 τινί
2046 3872 2306 3935 τέτακται,
2361 3870 2608 3945 κρείττονί
2649 3889 2746 3924 τινι
2782 3865 2991 3940 δυνάμει
3033 3868 3387 3940 ἀπωθούμενος
3431 3868 3513 3922 καί

1897 3959 2262 4022 διασκεδαννύς
2306 3963 2373 4017 τά
2424 3962 2704 4033 κατέχοντα
2757 3963 2923 4017 πάντα
2971 3958 3130 4023 δεινά,
3178 3958 3370 4033 ἶν’ἇμα

1895 4056 2195 4112 ἀνακαλοῖτο
2247 4055 2305 4111 τὸ
2334 4055 2641 4132 ἀνθρώπινον
2669 4055 2812 4128 γένος
2840 4055 2912 4116 εἷς
2937 4060 3028 4114 την
3073 4057 3195 4128 περὶ
3221 4054 3305 4108 τὸν
3333 4061 3515 4125 σεμνό-
3576 4095 3579 4102 .

1895 4169 2045 4204 τατον
2066 4147 2211 4220 νόμον
2226 4151 2514 4225 θεραπείαν,
2543 4155 2606 4220 τῇ
2632 4145 2756 4222 παρ’
2784 4146 2906 4218 ἐμοῦ
2932 4143 3288 4218 παιδευόμενον
3313 4143 3512 4220 ύπουρο

1893 4247 2002 4320 γίᾳ,
2036 4243 2142 4317 ἅμα
2168 4243 2223 4300 δέ
2247 4247 2277 4304 ἡ
2304 4249 2593 4322 μακαριστὴ
2622 4249 2799 4306 πίστις
2834 4240 3040 4310 αὔξοιτο
3069 4244 3172 4300 ύπὸ
3199 4249 3512 4320 χειραγωγῷ

1896 4346 1970 4414 τῷ
1981 4342 2250 4416 κρείττονι.

1604 4599 1876 4657 VALESII
1912 4600 2146 4658 ΝΟΤλΕ.

262 4706 654 4781 Ἐπηρτημένων
702 4712 887 4781 κακῶν..
923 4701 1104 4781 Codex
1137 4701 1418 4781 Mediemus
1463 4699 1801 4781 habetat-np.

1910 4696 2059 4781 dium
2093 4697 2308 4781 redigit:

191 4772 413 4833 ama-a7
434 4772 509 4829 Et
525 4777 679 4841 paulo
709 4787 835 4831 ante
865 4777 918 4830 iu
949 4775 1144 4832 eodem
1173 4775 1360 4830 codice
1394 4773 1588 4843 legitur
1621 4772 1674 4825 ἐκ
1700 4772 1803 4826 τῶν

188 4849 448 4906 τοιούτων
468 4848 786 4919 ἀναφύονται,
819 4856 924 4902 etc.

269 4914 608 4995 Πανὼλεθρολδ.
641 4919 833 4995 Codex_
875 4919 1164 4995 hlediezpus
1195 4918 1322 4995 legit
1348 4924 1407 4969 ut
1426 4923 1511 4995 est
1532 4914 1802 4995 in‘nostro

193 5000 361 5067 textu
384 5008 405 5067 ,ε
445 4985 650 5067 θάνατον
680 4991 997 5067 πανώλεθρον
1034 4985 1421 5067 ἐδυστύχησαν.
1446 4985 1640 5067 _Pauln
1683 4993 1804 5067 post

189 5064 250 5116 in
286 5061 488 5115 eodem
515 5063 697 5116 Codice
724 5055 979 5139 scribitur
1007 5055 1271 5139 τοσούτοῖ
1293 5062 1394 5139 γάρ
1442 5059 1663 5118 ἕκαστος
1709 5055 1799 5112 εὖ·

193 5154 367 5210 pan-ro
393 5141 680 5210 συμφορῶν,
712 5135 918 5210 rectius
936 5131 1054 5188 sine
1078 5133 1263 5210 dubio.

264 5208 353 5280 τά
385 5201 667 5280 ἀνθρώπινα
692 5205 1043 5280 κατεχούσης.
1075 5202 1254 5280 Codex
1295 5201 1577 5280 Medicazus
1614 5201 1680 5255 τά
1719 5201 1804 5280 ἀν-

187 5275 489 5360 θρώπεια..
522 5275 581 5328 ΕΙ
635 5275 962 5360 βριιιοῼροει
1015 5275 1175 5330 habet
1221 5276 1491 5351 θεραπείας
1543 5275 1802 5348 σωτηρίου

188 5356 389 5406 ποβῆς
417 5361 534 5400 sme
554 5356 954 5416 conjuncltone.

266 5417 567 5476 Ἐννοητέον.
623 5415 678 5471 lu
723 5418 911 5472 cndicc
964 5416 1226 5474 Mediemo’
1253 5415 1477 5484 simplex
1527 5429 1623 5484 pro
1653 5429 1802 5469 com-

189 5496 381 5558 posito
408 5488 600 5558 legitur
626 5491 846 5549 νοητέον.
878 5491 1016 5556 quod
1047 5489 1308 5542 minorem
1343 5486 1802 5558 liabet__asperita-

190 5554 334 5614 tem.
354 5554 632 5633 Mox'idem
654 5561 823 5633 Codex
843 5554 1192 5633 Ιιέίᾉιθιᾷμόνον
1214 5581 1267 5633 τε
1296 5563 1378 5614 καὶ
1404 5561 1472 5633 ᾡς
1497 5554 1794 5633 ὄντος-ἐστί.

267 5634 482 5692 Πάντως
505 5629 559 5686 δέ
579 5633 776 5702 κόμπος
794 5627 855 5687 ἂν
884 5630 980 5690 εἴη.
1015 5627 1232 5702 Rectius
1255 5632 1304 5684 itt
1329 5629 1516 5684 codice
1546 5627 1799 5702 Medicam

193 5703 406 5772 legitur
441 5699 719 5763 πάντως-δέ
746 5705 806 5757 ού
851 5703 1044 5772 κόμπος
1065 5699 1124 5757 ἂν
1154 5701 1228 5761 εἴη
1256 5705 1316 5758 τὸ
1361 5706 1452 5774 τήν
1496 5700 1639 5774 παρά
1685 5705 1796 5774 τού,

363 5789 526 5844 quam
581 5771 1006 5828 emt-ndatimuun
1055 5779 1337 5828 continuat
1373 5771 1708 5844 Sozontetttts
1747 5771 1798 5824 in

194 5843 299 5901 lib.
333 5843 521 5916 πίθοι).
554 5844 610 5914 8,
641 5845 732 5902 ubi
750 5846 925 5917 legem
948 5844 1083 5901 hanc
1105 5843 1438 5902 Constantini
1462 5843 1518 5901 in
1543 5855 1800 5914 compen-

1981 4777 2079 4851 Τήν
2122 4775 2228 4851 ςγάρ
2248 4846 2258 4851 _
2278 4773 2399 4845 έμήν
2443 4771 2749 4849 ὑπηρεσίαν.
2774 4771 2833 4826 1η
2865 4771 3050 4851 chice
3078 4772 3334 4851 Medique
3360 4773 3513 4834 deest

1909 4845 2169 4911 particula
2197 4844 2322 4917 ινάρ,
2352 4859 2472 4917 qua!
2499 4844 2728 4917 prorsus
2742 4844 3011 4912 superflua
3041 4845 3171 4900 mihi
3204 4845 3434 4902 videtur.

1979 4914 2389 4990 Kpri'r-ro-Ji'nvt
2432 4914 2658 4990 δυνάμει.
2712 4915 2838 4970 Dum
2885 4923 3172 4986 postrema:
3210 4932 3370 4990 voces
3411 4919 3510 4974 de-

1905 4985 2031 5039 sunt
2059 4988 2109 5038 in
2130 4986 2319 5041 codice
2346 4985 2718 5065 Medicam-et
2755 5002 2858 5042 vox
2890 4985 3137 5065 κρείττονι
3182 4989 3414 5046 refertur
3441 4989 3510 5045 ad

1904 5069 2093 5133 vocem
2121 5073 2242 5133 qua:
2271 5058 2580 5133 pra'gessit,
2623 5058 2833 5133 ἀνάγκηΪ

1977 5129 2138 5186 Πάντα
2182 5127 2340 5184 δεινά.
2379 5127 2510 5183 Post
2561 5127 2676 5184 haec
2718 5127 2884 5184 verba
2911 5129 3078 5185 codex
3107 5130 3245 5186 Fuk.
3271 5131 3507 5188 'l‘urnebi

1907 5212 1970 5254 ac
2023 5199 2209 5254 Savilii
2262 5200 2395 5254 duas
2453 5213 2613 5253 voces
2674 5199 2878 5254 addunt
2931 5201 3156 5258 ἐκποδῶν
3202 5205 3509 5263 ἐποιήσατο.

1906 5271 2085 5341 Atque
2111 5271 2180 5326 ita
2212 5270 2342 5341 legit
2365 5269 2918 5340 Christophorsonus,
2941 5283 2999 5326 ut
3019 5290 3086 5327 ex
3119 5275 3368 5330 versione
3392 5274 3509 5341 ejus

1906 5291 2085 5341 Atque
2111 5291 2180 5326 lla
2212 5291 2342 5341 leg".
2365 5291 2918 5340 hlll‘lSlOpﬂOl’SOllllS,
2941 5291 2999 5326 υι
3019 5291 3086 5327 8X
3119 5291 3368 5330 γενειοηο
3392 5291 3422 5327 Θ
3446 5291 3508 5328 IIS

1905 5351 2158 5410 apparet,
2182 5357 2303 5412 quae
2334 5342 2385 5395 in
2436 5342 2538 5412 hoc
2580 5341 2701 5397 loco
2741 5342 2898 5397 valde
2934 5343 3185 5399 intricata
3233 5357 3336 5400 est.
3391 5291 3508 5412 lego

1907 5427 2042 5492 vero
2085 5410 2244 5492 verba
2287 5413 2384 5492 ΔξΙΔΙεε
2427 5410 2480 5476 ὃς
2506 5414 2609 5470 ἀπὸ
2655 5415 2915 5492 τῆς-πρρς
2963 5413 3260 5492 βρεττανοῖς
3306 5410 3507 5492 ἐκείνοις

1904 5485 2160 5564 θαλάσσης
2217 5486 2514 5564 ἀρξάμενος,
2569 5492 2704 5564 ete._,
2741 5484 2809 5540 de
2830 5484 3192 5540 Constantino
3236 5487 3364 5564 ipso
3399 5485 3508 5564 dici

1906 5557 2178 5625 existimo,
2218 5555 2323 5610 n'on
2350 5555 2546 5609 autem
2569 5555 2637 5609 de
2672 5556 2802 5616 Deo.
2850 5564 2907 5610 ιιι
2951 5565 3202 5625 putarunt
3235 5557 3509 5614 Musculus

1907 5624 2526 5695 etChristnphorsonus.
2558 5626 2735 5692 Quare
2769 5626 2900 5681 nihil
2929 5624 3066 5695 opus
3094 5635 3177 5681 est
3199 5627 3376 5683 verbis
3404 5629 3509 5684 illis

1908 5698 2128 5755 ἐκποδῶν
2150 5701 2604 5768 ἐποιήσατοηιιιιω
2634 5712 2734 5752 nec
2768 5699 2818 5768 in
2842 5696 3111 5768 Med._ttec
3129 5697 3181 5751 in
3214 5697 3383 5768 Regio
3413 5714 3509 5756 co-

1922 5769 2043 5824 dice
2068 5757 2338 5841 leguntur,
2389 5757 2586 5841 nee-iu
2631 5767 2904 5824 veteribus
2931 5765 3167 5841 uchedis,
3208 5757 3504 5841 iuuiscrtttn

1907 5855 2030 5898 cum
2057 5839 2313 5914 seclualur
2342 5840 2499 5913 paulo
2527 5849 2650 5912 post
2675 5841 2840 5917 μέχρι
2865 5845 2964 5898 τῶν
2982 5839 3120 5918 έῲων
3140 5839 3362 5920 πρόειμι.
