4082 6178
286 198 382 256 9.65
413 250 418 253 _

1353 195 1670 254 DECRETA
1715 197 1800 254 ET
1832 196 2441 259 CONSTlTlJTlO-NES.

3464 209 3573 268 266

282 321 396 368 sunt
431 328 443 364 :
474 310 709 382 denique
736 312 782 368 si
808 311 901 381 qui
928 312 1142 382 capitali
1175 313 1439 368 sententia
1473 313 1693 368 minime
1720 312 1859 368 dam-

1977 314 2284 386 γνωσθέντες
2315 317 2543 381 θάνατον,
2577 317 2818 391 στέρησιν
2859 315 3236 390 ἐδυστύχησαν
3261 327 3361 376 τῶν
3394 316 3574 377 ὄντων’

279 406 402 470 nati,
433 405 697 460 bonorum
740 415 914 460 tamen
941 405 1208 474 jacturam
1235 406 1643 462 sustinuerunt:
1679 408 1869 462 horum

278 497 510 553 omnium
535 497 900 556 [nereditatem
923 500 1186 571 proximis
1214 499 1370 555 tribui
1385 499 1655 570 jubemus.
1674 499 1862 566 Porro,

275 604 392 645 cum
419 590 568 662 leges
611 590 813 648 diserte
839 593 1156 663 praecipiant
1205 601 1265 647 ut
1303 608 1371 648 ex
1409 592 1652 662 cognatis
1685 591 1867 662 proxi-

275 685 471 741 miores
512 685 882 743 hereditatem
900 687 1188 758 accipiant,
1229 687 1384 742 facile
1424 696 1508 742 est
1546 685 1867 756 dignoscere

274 781 484 836 cuinam
517 778 806 835 haereditas
840 779 1121 836 deheatur.
1165 779 1365 835 Adhaec
1407 778 1603 834 rationi
1631 791 1866 833 consen-

275 883 488 929 laneum
539 881 625 927 est
661 881 720 927 ιιι
750 872 784 927 ii
814 872 880 927 ad
905 875 1306 928 successionem
1335 874 1591 938 veniant,
1617 870 1706 940 qui
1739 883 1866 939 pro-

274 965 586 1038 pinquiores
612 973 770 1021 erant
798 963 985 1032 futuri,
1017 965 1060 1019 si
1091 964 1165 1019 illi
1193 978 1288 1019 sua
1317 972 1490 1018 morte
1511 962 1790 1018 obiissent.

1975 409 2171 461 τούτων
2223 416 2331 468 τοῖς
2374 409 2502 486 πρὸς
2540 410 2716 483 γένους
2766 411 3140 486 προσνέμεσθαι
3190 415 3312 475 τοὺς
3358 413 3576 490 κλήρους

1973 501 2382 574 προστάττομεν.
2419 503 2624 564 πάντως
2652 501 2705 558 δὲ
2743 501 3139 580 διαγορευόντων
3166 512 3265 560 τῶν
3285 506 3447 577 νόμων
3472 513 3574 562 τῶν

1971 592 2272 666 ἁγχιστίων
2323 596 2445 655 τοὺς
2495 596 2838 671 ὶγγυτέρους,
2889 593 3063 670 ῥᾴδιον
3113 593 3456 669 διαγινώσκειν
3499 593 3576 660 οἷς

1973 691 2326 762 προσήκουσιν
2362 687 2407 742 οί
2440 689 2634 766 κλῆροι,
2661 694 2744 745 καί
2778 686 2856 746 ὅτι
2886 687 3028 744 οὗτοι
3052 692 3180 746 κατά
3201 690 3346 764 λόγον
3373 693 3458 746 ἐπί
3483 695 3575 751 τήν

1973 775 2223 850 διαδοχήν
2250 776 2430 835 ἴλθοιεν
2468 775 2560 847 ἂν,
2594 783 2741 858 οἷπερ
2775 779 2909 841 ἦσαν
2948 782 3270 859 οἰκειότεροι,
3299 786 3384 838 καί
3426 784 3577 843 αὐτο-

1976 872 2122 944 μάτῳ
2152 875 2496 948 χρησαμένων
2517 877 2714 931 ἐκείνων
2738 882 2813 950 τῷ
2835 877 2983 933 τέλει.

636 1073 704 1113 UT
724 1071 1125 1112 DEFICIENTIBUS
1145 1069 1402 1112 COGNATIS
1421 1069 1671 1110 BCCLESIA
1690 1065 1859 1107 ILEIiI-Il

1968 1067 2086 1108 .TEI
2107 1066 2321 1120 CAPIA'I',
2341 1069 2516 1118 UTQUE
2537 1069 2744 1112 LEGATA
2764 1069 2924 1110 FIRIA
2945 1071 3217 1113 HANEANT.

338 1169 458 1207 xui.
485 1151 640 1220 Quod
661 1153 705 1207 si
725 1151 901 1206 nullus
927 1159 1189 1220 cognatus
1214 1149 1450 1219 supersit
1479 1148 1566 1218 qui
1600 1155 1756 1218 prout
1782 1161 1870 1199 ra-

272 1247 403 1301 tioni
431 1253 854 1301 censentaneutn
887 1253 971 1298 est
1006 1241 1376 1297 hccreditatcm
1409 1246 1656 1309 capessat
1682 1253 1868 1292 eorum

268 1357 406 1413 quos
425 1357 592 1410 supra
619 1325 930 1404 memoravi,
958 1347 1252 1409 martyrum
1285 1335 1490 1392 scilicet
1509 1343 1564 1390 et
1591 1333 1871 1389 confesso-

267 1449 411 1500 rum,
444 1441 540 1488 aut
567 1433 775 1489 illorum
804 1432 895 1504 qui
926 1431 994 1486 ob
1018 1429 1326 1501 hujusmodi
1353 1441 1570 1484 causam
1604 1441 1670 1482 ex
1701 1427 1867 1496 patria

267 1524 638 1596 migraverunt
662 1565 677 1592 ,
711 1524 968 1596 cujusque
1007 1524 1108 1578 loci
1144 1521 1439 1577 Ecclesiain
1493 1517 1863 1575 lizcreditatem

266 1618 418 1674 adire
475 1616 842 1677 decernimus.
886 1630 984 1671 nec
1034 1613 1300 1670 defunctis
1347 1612 1533 1682 utique
1581 1609 1866 1666 molestum

263 1709 401 1776 erit,
449 1709 498 1763 si
529 1707 680 1781 cujus
724 1708 893 1778 gratia
941 1707 1145 1760 nullum
1193 1720 1297 1760 non
1344 1703 1634 1760 discrimen
1683 1703 1866 1757 subic-

2049 1161 2164 1200 xui.
2197 1149 2252 1202 Ei
2277 1146 2331 1203 δὲ
2352 1153 2453 1202 τῶν
2477 1149 2774 1220 ἁγχιστέων
2808 1146 2984 1220 μηδείς
3009 1149 3336 1206 ὑπολείποιτο
3361 1147 3575 1222 μηδενός

1973 1244 2074 1317 τῶν
2114 1243 2488 1317 προειρημένων
2514 1244 2645 1297 κατὰ
2669 1241 2811 1315 λόγον
2849 1236 2909 1296 ἂν
2934 1243 3195 1316 γενόμενος
3231 1243 3538 1317 κληρονόμος
3556 1287 3574 1311 ,

1970 1316 2102 1403 ξιήτε
2121 1342 2223 1389 τῶν
2243 1337 2522 1410 μαρτύρων
2545 1339 2692 1409 φημὶ,
2714 1340 2840 1408 μήτε
2863 1343 2962 1392 τῶν
2983 1335 3423 1410 ὁμολογησάντων,
3448 1345 3576 1412 μήτε

1972 1431 2072 1480 τῶν
2109 1430 2354 1499 μετοίκων
2382 1437 2481 1484 τῶν
2523 1430 2606 1484 ἐπί
2643 1438 2705 1501 τῇ
2731 1426 2948 1506 τοιαύτῃ
2983 1432 3347 1501 μεταστάντων
3375 1434 3576 1507 προφά·

1973 1539 2054 1576 σει
2073 1562 2086 1586 ,
2119 1525 2150 1581 ἡ
2191 1523 2298 1578 καθ’
2329 1524 2582 1585 ἑκάστους
2612 1526 2691 1580 ἀεὶ
2725 1525 2918 1586 τόπους
2949 1524 3191 1583 ἐκκλησία
3234 1523 3578 1597 διαδέχεσθαι

1971 1614 2213 1686 τετάχθω
2255 1618 2341 1672 τόν
2382 1617 2582 1691 κλῆρον·
2625 1619 2718 1672 οὐκ
2756 1615 2904 1673 ἔσται
2943 1615 2997 1672 δὲ
3036 1622 3190 1673 τοῦτο
3213 1619 3420 1680 πάντως
3463 1618 3579 1674 οὐδὲ

1971 1712 2085 1768 τοῖς
2109 1708 2387 1764 ἀπελθοῦσι
2417 1710 2584 1786 βαρὺ,
2614 1707 2758 1786 εἴπερ
2783 1709 2842 1771 ἧς
2867 1707 3011 1765 ἕνεκα
3048 1712 3243 1772 πάντας
3280 1713 3576 1772 ὑπέστησαν

263 1809 432 1869 runt,
468 1817 590 1858 eam
643 1802 775 1870 ipsis
824 1799 1090 1856 harredem
1142 1797 1342 1853 habere
1389 1799 1684 1868 contingat.
1730 1794 1859 1851 lllnd

1969 1800 2177 1868 πόνους,
2206 1802 2504 1881 κληρονόμον
2529 1805 2802 1876 εὐτυχοῖεν
2827 1806 3040 1862 ταύτην.
3063 1806 3364 1882 προκεῖσθαί
3382 1826 3438 1878 γε
3479 1799 3584 1877 μήν’

262 1911 481 1966 quoque
514 1892 824 1950 necessario
850 1891 1209 1962 adjiciendum
1237 1899 1320 1946 est
1346 1931 1359 1955 ,
1391 1901 1449 1944 ut
1476 1890 1520 1943 si
1564 1889 1652 1959 qui
1677 1903 1742 1945 cx
1773 1904 1864 1943 su-

259 2003 346 2059 pra
371 1988 699 2043 memoratis
726 1983 929 2055 aliquid
960 1983 1029 2039 de
1057 1983 1215 2038 bonis
1265 1981 1378 2036 suis
1429 1979 1655 2036 cuilibet
1700 1981 1869 2036 dona-

261 2080 474 2144 verint,
505 2080 555 2135 ei
587 2077 886 2134 dominium
910 2119 926 2145 ,
960 2085 1120 2149 prout
1143 2091 1355 2147 acquum
1383 2065 1496 2143 est,
1522 2077 1733 2130 firmum
1783 2093 1869 2131 ra-

260 2181 489 2245 tumque
529 2180 864 2245 permaneat.

1969 1899 2245 1970 ἀναγκαῖον
2273 1903 2358 1954 καί
2398 1898 2535 1964 τόδε,
2565 1902 2632 1961 ὡς
2662 1906 2761 1956 τῶν
2789 1902 3164 1978 προειρημένων
3207 1897 3258 1953 εἴ
3284 1919 3415 1960 τινες
3458 1898 3578 1954 ἐδω-

1970 1993 2193 2067 ρήσαντό
2221 2016 2272 2050 τε
2295 2000 2396 2050 τῶν
2423 1990 2578 2049 ὄντων
2607 1990 2682 2055 οἷς
2711 1994 2977 2049 ἐϐούλοντο
2998 2035 3012 2060 ,
3040 1995 3242 2054 τούτοις
3266 1997 3356 2052 τήν
3390 1990 3577 2048 δεσπο-

1969 2088 2106 2141 τείαν
2131 2078 2333 2161 εὔλογον
2359 2090 2540 2164 κυρίαν
2563 2089 2754 2160 μένειν.

643 2259 716 2300 UT
735 2259 821 2308 QUI
840 2255 1130 2314 ιιωιιειιοῐιι
1150 2254 1306 2308 ιοεΑ,
1332 2255 1501 2306 ΒΒΕΞ,
1521 2254 1726 2298 BORTOS
1743 2248 2166 2312 οεουῐιλνειιιιιτ,
2190 2261 2258 2300 ΕΛ
2280 2259 2636 2310 ιιεετιτωιιτ,
2662 2256 2919 2300 ειεερτιε
2938 2255 3250 2299 Ριιυοτιιιυε.

323 2354 443 2395 xxv.
482 2337 684 2404 Porro,
726 2347 783 2394 ut
818 2338 869 2392 in
912 2345 1182 2409 praecepto
1210 2345 1398 2392 nostro
1439 2333 1588 2390 nulla
1617 2334 1871 2404 ambages

254 2440 538 2504 appareat,
568 2430 666 2487 sed
694 2429 913 2486 cuilibet
937 2430 990 2484 in
1016 2437 1265 2500 promptu
1288 2428 1358 2483 sit
1385 2426 1438 2483 id
1459 2427 1602 2499 quod
1620 2427 1758 2497 juris
1785 2434 1871 2482 est

255 2535 624 2595 pernoscere,
677 2537 868 2578 omnes
908 2520 1243 2592 intelligant,
1287 2519 1401 2576 sive
1446 2519 1707 2588 fundum,
1750 2519 1866 2576 sive

253 2618 430 2684 :edes,
466 2617 588 2672 sive
616 2616 830 2671 hortum
851 2656 866 2682 ,
897 2615 1015 2670 sive
1044 2613 1185 2669 aliud
1214 2614 1340 2684 quid
1384 2628 1452 2669 ex
1480 2613 1636 2668 bonis
1675 2627 1862 2669 eorum

253 2724 384 2780 quos
411 2724 583 2779 supra
632 2707 925 2763 memoravi
956 2706 1236 2772 detinent,
1287 2715 1438 2762 recte
1477 2713 1638 2776 atque
1674 2704 1863 2761 ordine

2044 2354 2152 2393 xw.
2175 2335 2351 2401 Ὀπως
2367 2335 2422 2394 δὲ
2442 2343 2512 2411 μὴ
2539 2335 2594 2393 δέ
2619 2337 2780 2396 πλάνη
2801 2357 2881 2398 τις
2900 2337 3189 2410 ἐμφαίνοιτο
3214 2339 3288 2411 τῷ
3311 2335 3575 2412 προστάγ-

1969 2452 2113 2503 ματι,
2157 2429 2263 2486 ἀλλ’
2285 2429 2487 2500 ἕτοιμον
2509 2425 2540 2505 ᾖ
2561 2429 2618 2484 τό
2642 2426 2832 2484 δίκαιον
2859 2433 2993 2483 πᾶσι
3017 2430 3296 2502 γινώσκειν,
3325 2426 3575 2482 ίδίτωσαν

1970 2523 2217 2590 ἅπαντες,
2245 2521 2296 2578 εἴ
2309 2544 2363 2581 τε
2383 2525 2578 2598 χωρίον
2596 2562 2611 2588 ,
2632 2519 2914 2586 εἵτόίκίαν,
2941 2519 3050 2577 εἴτε
3064 2530 3243 2585 κῆπον,
3268 2515 3318 2575 εἴ
3328 2541 3380 2575 τε
3399 2520 3573 2597 ἔτερόν

1966 2639 2018 2675 τι
2043 2627 2144 2676 τῶν
2163 2618 2540 2696 προειρημένων
2560 2617 2830 2688 κατέχοιεν
2849 2655 2863 2682 ,
2896 2615 3041 2670 καλὸν
3076 2618 3163 2670 καί
3187 2615 3447 2678 λυσιτελές
3475 2615 3572 2669 αὖ·

1965 2719 2071 2772 τοῖς
2111 2706 2234 2766 εἶναι
2268 2714 2353 2764 καί
2390 2708 2652 2782 ὁμολογεῖν
2693 2709 2870 2770 αὐτοῖς
2907 2710 2992 2762 καί
3034 2707 3430 2763 ἀποκαθιστάναι
3477 2709 3574 2761 σὺν

252 2779 308 2858 se
331 2817 463 2857 esse
496 2801 766 2865 facturos,
795 2800 840 2854 si
871 2799 1080 2870 seipsos
1124 2798 1268 2853 ultro
1311 2797 1592 2863 deferant,
1642 2807 1697 2854 et
1741 2813 1854 2854 rem

1968 2805 2104 2876 πάσῃ
2133 2813 2206 2875 τῇ
2226 2811 2507 2874 ταχυτῆτι.
2538 2800 2615 2857 διὸ
2645 2803 2688 2855 εί
2727 2803 2810 2855 καί
2850 2801 2917 2857 τά
2946 2800 3171 2873 μάλιστα
3209 2808 3399 2874 φανεῖὲν
3441 2820 3575 2860 τινες

251 2891 461 2964 absque
509 2891 622 2947 ulla
675 2891 932 2947 dilatione
977 2892 1286 2946 restituant.
1333 2888 1414 2945 Ac
1460 2891 1675 2946 tametsi
1720 2905 1858 2945 non-

251 2987 376 3042 nulli
392 2985 821 3056 haudquaquam
843 3001 909 3041 ex
927 2984 1070 3056 justa
1089 2983 1449 3055 possessionis
1461 2999 1624 3041 causa
1639 3000 1863 3057 magnos

249 3078 461 3136 fructus
488 3095 679 3135 earum
709 3094 890 3135 rerum
933 3079 1243 3150 percepisse
1292 3078 1602 3147 videantur,
1652 3095 1747 3137 eos
1776 3089 1857 3136 ta-

248 3181 372 3222 men
401 3166 622 3222 fructus
649 3164 718 3221 ab
750 3165 856 3223 illis
887 3166 1054 3238 repeti
1092 3165 1314 3223 minime
1361 3182 1576 3238 mquum
1625 3167 1860 3225 arbitra-

249 3273 392 3314 mur.

1965 2898 2017 2964 ἐξ
2046 2899 2208 2952 αὐτῶν
2237 2896 2339 2951 ἀπὸ
2378 2903 2470 2956 τῆς
2506 2896 2564 2949 οὐ
2593 2892 2790 2956 δικαίας
2816 2889 3124 2956 δεσποτείας
3161 2893 3323 2949 πολλὰ
3362 2913 3576 2967 καρπω-

1969 2993 2213 3064 σάμενοι,
2242 2994 2326 3045 καὶ
2361 2990 2590 3065 γενέσθαι
2629 2990 2824 3044 τούτων
2867 2991 2958 3047 τὴν
3005 2989 3286 3048 ἀπαίτησιν
3329 2989 3474 3060 ἡμεῖς
3516 2987 3576 3042 οὐ

1969 3084 2169 3145 δικαίαν
2198 3089 2448 3161 κρίνομεν.

1291 3369 1540 3420 ρυοὶιουο
1556 3371 1721 3414 SUPER
1740 3372 1824 3416 IIIS
1846 3369 2096 3416 ιιιιιιιιοε
2113 3367 2238 3411 ΒΑΜ
2260 3365 2562 3408 θροιιτελτ.

316 3463 410 3505 xv.
432 3446 642 3505 Verum
669 3446 771 3520 ipsi
799 3445 940 3504 unde
969 3454 1024 3504 et
1051 3455 1284 3520 quantos
1309 3449 1513 3505 fructus
1539 3450 1858 3522 collegerint

2034 3465 2143 3506 XVI.
2172 3443 2350 3522 Ὀμως
2371 3466 2429 3521 γε
2445 3449 2546 3518 μὴν
2571 3444 2716 3500 αὐτοί
2730 3441 2899 3501 ὁπόσα
2912 3461 2967 3500 τε
2994 3443 3082 3498 καί
3109 3439 3285 3499 ὁπόθεν
3304 3445 3571 3511 συνέλεξαν

1651 3583 1929 3644 VALESII
1962 3583 2197 3642 NOTIE.

317 3697 734 3773 Διαγορευόντων
770 3703 871 3773 τῷν
890 3695 1055 3773 νόμων
1080 3701 1180 3752 τῶν
1216 3696 1513 3773 ἁγχιστέων
1547 3698 1671 3758 τοὺς
1695 3699 1862 3773 i772)-

249 3769 452 3848 τέρους.
479 3769 546 3826 ἰιι
576 3769 1004 3848 successi_onib_u_s
1029 3769 1420 3848 itttestzituruiii,
1452 3770 1533 3848 lex
1556 3769 1860 3848 proximum

248 3838 521 3912 quemque
549 3856 615 3894 cx
645 3841 852 3910 agnatis
875 3840 942 3912 ad
970 3838 1350 3912 Ιιτιιιιλίιώιτιιιιιιι⁸
1367 3839 1614 3912 νοςξιιιεί
1639 3840 1721 3912 sui
1753 3841 1860 3912 hac-

248 3907 409 3967 redes
430 3907 740 3976 defuerint,
773 3918 829 3965 ut
857 3909 1014 3964 docet
1054 3907 1219 3964 Gaius
1250 3910 1301 3963 in
1329 3909 1752 3965 institutionibus
1792 3911 1860 3965 ti-

249 3985 357 4036 tulo
376 3983 599 4038 decimo
619 3992 795 4037 sexto.
820 3982 954 4035 Hinc
975 3981 1149 4050 agnati
1177 3979 1394 4049 legitimi
1426 3980 1651 4036 heredes
1671 3981 1859 4038 dicitu-

251 4061 333 4107 tur
353 4055 407 4108 in
425 4055 573 4122 jure,
600 4069 666 4108 eo
687 4051 827 4120 quod
847 4052 928 4106 his
945 4053 1075 4105 solis
1099 4051 1189 4122 lex,
1203 4050 1436 4106 deferret
1459 4051 1852 4108 haereditatem.

246 4121 475 4195 Cognati
513 4125 660 4180 enim
685 4123 808 4192 jure
837 4123 982 4195 civili
1015 4121 1404 4195 lt:eredes_esse
1438 4139 1541 4176 non
1572 4134 1852 4195 poterant,

249 4192 348 4249 sed
360 4197 488 4266 jurc
511 4207 719 4250 tantum
741 4194 994 4266 prretorio
1017 4192 1082 4246 ad
1110 4192 1477 4266 lizercditatetn
1506 4192 1852 4266 voeahantur,

249 4267 321 4320 uti
338 4263 946 4332 docentjnrisconsnlti.
970 4264 1136 4318 Porro
1153 4263 1204 4326 in
1223 4266 1486 4334 cognatis,
1506 4263 1552 4317 is
1566 4266 1654 4334 qtti
1672 4267 1858 4334 proxi-

247 4351 364 4391 mus
385 4347 508 4392 erat
537 4336 906 4390 lizcrcdiiatem
930 4335 1195 4404 capiebat,
1223 4335 1442 4402 perinde
1471 4345 1527 4388 ιιι
1554 4337 1603 4387 in
1625 4339 1852 4404 agnatis,

246 4409 339 4462 sed
365 4408 665 4462 difﬁcultas
695 4415 778 4461 est
805 4406 908 4462 hoc
936 4407 1086 4471 loco,
1109 4409 1324 4476 quinam
1369 4406 1591 4476 intelligi
1623 4407 1857 4463 debeant

247 4482 551 4553 ἀγχιστὲων
584 4479 839 4553 vocabulo
862 4521 878 4542 ,
911 4486 1083 4553 utrum
1129 4477 1304 4553 agnati
1335 4492 1404 4531 an
1433 4479 1664 4553 cognati.
1699 4478 1856 4534 Certe

245 4548 507 4620 si'leguin
542 4551 758 4604 nomine
804 4552 948 4619 leges
995 4548 1067 4620 12
1110 4549 1405 4620 tabularum
1456 4549 1850 4620 intelligamus,

247 4618 478 4691 agnatos
509 4636 732 4676 necesse
758 4618 873 4676 erit
905 4619 1151 4690 intelligi.
1191 4618 1522 4675 Sozomenus
1550 4618 1706 4675 habet
1746 4629 1854 4682 τοῖς

246 4695 512 4768 ienuit-ﬁgo;
542 4695 740 4768 γένους.

316 4760 416 4819 kat
437 4760 632 4819 ’ὄτι.Ἰιι
654 4761 839 4817 codice
862 4762 1026 4831 Regio
1049 4761 1242 4832 legitur
1266 4765 1350 4817 καί
1375 4760 1469 4826 ἔτι,
1500 4777 1656 4830 quam
1683 4762 1856 4833 scrip-

248 4842 428 4890 turam
463 4837 513 4888 in
555 4835 997 4902 interpretatione
1026 4850 1140 4889 mea
1171 4849 1288 4888 snin
1319 4843 1558 4888 secutus.
1589 4834 1745 4888 Prius
1776 4847 1850 4888 ta-

246 4922 374 4961 men
410 4907 466 4958 in
513 4921 579 4960 eo
609 4907 794 4960 codice
829 4907 1086 4974 scriptum
1119 4915 1235 4960 erat
1274 4904 1380 4970 ὅτι,
1414 4920 1476 4960 ac
1521 4905 1714 4959 deinde
1763 4921 1851 4961 re-

245 4979 497 5053 centiore
524 4992 687 5053 tnanu
714 4975 1058 5053 emendatum
1089 4986 1171 5031 est
1194 4974 1290 5053 ἔτι.

317 5050 488 5126 Οἶπερ
517 5045 646 5107 ἦσαν
674 5052 772 5126 καί
788 5049 1106 5126 οἰκειότεροι3
1153 5045 1256 5126 uati;
1280 5049 1551 5126 αρτομάτῳ
1581 5051 1855 5124 χρησαμ-

241 5142 344 5196 νων
382 5117 579 5196 ἐκέίνων
600 5129 674 5193 τῷ
702 5121 848 5196 τῇιι.
885 5120 941 5173 Ιιι
984 5117 1168 5196 codice
1207 5117 1462 5196 Medicam}
1492 5117 1852 5196 legitnrp‘insp

241 5189 379 5264 ἦσαν
409 5189 857 5264 οἰκειότεροιηΕδι
877 5199 1054 5264 autem
1076 5189 1362 5264 admodum
1399 5189 1657 5244 obscurus
1684 5189 1854 5264 hujus

241 5263 349 5317 loci
385 5277 603 5317 sensus.
621 5260 1148 5330 'Cliristophorsonus
1177 5261 1393 5330 quidem
1445 5263 1512 5314 ita
1563 5263 1750 5316 vertit:
1783 5260 1852 5316 Et

239 5333 386 5401 quod
417 5334 614 5387 ratione
642 5333 796 5386 etiam
821 5341 1016 5403 oportet
1047 5349 1130 5387 eos
1170 5331 1466 5397 succedere,
1511 5333 1599 5401 qui
1627 5332 1728 5385 sint
1755 5332 1849 5386 do-

237 5403 465 5458 mestica
487 5403 850 5458 consuetudine
876 5404 1280 5474 conjunctiores,
1309 5413 1504 5458 constat
1527 5421 1540 5456 :
1569 5405 1849 5472 prtesertiin

234 5492 361 5529 cunt
383 5475 469 5528 illi
493 5475 592 5545 ipsi
620 5485 870 5544 martyres
889 5515 902 5537 ,
923 5491 1025 5528 non
1055 5474 1286 5528 criminis
1308 5474 1463 5527 ullius
1489 5475 1727 5536 convicti,
1757 5475 1848 5545 sed

234 5563 334 5602 sua
386 5544 585 5599 inducti
624 5551 883 5599 voluntate
921 5555 1130 5599 mortem
1160 5545 1514 5615 oppetiverint.
1544 5545 1650 5600 Sed
1681 5544 1847 5600 inulta

233 5623 369 5672 sunt
403 5617 464 5670 in
509 5616 603 5671 hac
657 5618 1099 5684 interpretatione
1153 5615 1617 5687 reprehendenda.
1665 5615 1848 5671 Primo

235 5689 391 5745 eiiim
444 5690 725 5762 αὐτόματον
770 5689 908 5749 τᾶος
959 5688 1026 5743 de
1079 5685 1402 5758 martyribus
1447 5685 1552 5743 dici
1597 5701 1703 5742 non
1748 5700 1848 5756 po-

682 5783 956 5841 ΡΑτιιοιη
1020 5779 1186 5841 VIII.

1971 3702 2095 3771 test.
2132 3693 2334 3771 Deinde
2363 3692 2565 3771 nonde
2593 3692 2724 3771 solis
2764 3694 3090 3771 martyribus
3115 3693 3202 3752 hic
3234 3711 3420 3771 sermo
3448 3712 3526 3758 est
3549 3745 3563 3771 ,

1968 3769 2064 3823 sed
2093 3768 2254 3822 etiam
2279 3767 2346 3820 de
2361 3761 2767 3837 confessoribns
2788 3774 2844 3837 et
2864 3761 3128 3837 profugis,
3157 3769 3246 3837 qui
3275 3786 3367 3825 sua
3393 3761 3567 3830 morte

1967 3839 2236 3894 obierant.
2286 3837 2467 3905 Itaque
2495 3843 2710 3902 praestat
2754 3833 2840 3890 hic
2867 3833 3098 3894 vertere
3140 3833 3236 3894 sua
3265 3852 3311 3895 et
3342 3846 3569 3898 naturali

1967 3919 2145 3964 morte.
2180 3908 2270 3964 Sic
2314 3909 2455 3960 enim
2486 3905 2657 3960 (ἱεωοί
2690 3907 2832 3977 loqui
2881 3908 3093 3974 solent,
3149 3920 3205 3965 ct
3253 3914 3564 3970 nominatim

1966 3980 2227 4060 Eusebius
2257 3985 2458 4060 noster,
2499 3977 2553 4031 ni
2584 3977 2760 4060 fallor.
2807 3978 3048 4060 Qenique
3078 3985 3410 4060 οἰκειοτέρους
3429 4003 3565 4060 pes-

1965 4055 2099 4125 sime
2123 4052 2505 4125 interpretatus
2525 4058 2608 4125 est
2635 4048 3300 4125 domesticaeonsugtudiné
3319 4048 3566 4125 conjunc-

1961 4123 2151 4186 tiores,
2179 4136 2299 4176 cum
2327 4118 2736 4193 propinquiores
2759 4120 3042 4188 signiticet.
3071 4121 3260 4176 Totum
3293 4118 3453 4193 igitur
3485 4128 3564 4180 ln-

1960 4209 2082 4248 cum
2121 4193 2191 4247 ita
2221 4202 2408 4247 verto:
2469 4190 2674 4244 Rationi
2709 4201 3098 4245 consentaneum
3145 4203 3246 4256 est,
3286 4190 3337 4247 ut
3391 4198 3446 4250 Iri
3491 4200 3562 4252 ad

1958 4263 2325 4320 successionem
2349 4261 2578 4334 veniant,
2611 4263 2696 4332 qui
2761 4261 3145 4334 propinquiores
3174 4275 3318 4317 erant
3364 4268 3559 4334 futuri,

1958 4337 2004 4388 si
2047 4336 2152 4391 illis
2178 4352 2272 4388 sua
2301 4343 2462 4387 morte
2486 4333 2747 4386 obiissent.
2789 4332 3147 4388 Conlirinatur
3169 4347 3346 4391 autent
3365 4332 3560 4395 nostra

1959 4406 2330 4475 interpretatio
2355 4444 2369 4469 ,
2400 4415 2509 4458 tum
2541 4419 2608 4459 ex
2648 4403 2710 4460 iis
2736 4419 2855 4475 qua:
2880 4419 3040 4471 supra
3069 4405 3214 4472 dixi,
3250 4415 3359 4461 tuin
3397 4425 3460 4464 ex
3492 4426 3561 4465 eo

1959 4472 2584 4554 quoddicit_liitperator
2612 4472 2917 4554 οἷπερ-ᾖσαν
2941 4477 3260 4554 οἰκειότεροι,
3294 4494 3398 4532 ιιοιι
3430 4497 3560 4536 vero

1960 4551 2103 4604 εἰσὶν.
2131 4547 2236 4602 Per
2263 4547 2383 4602 illos
2412 4555 2589 4600 autem
2608 4587 2624 4609 ,
2658 4547 2903 4616 intelligit
2933 4547 3214 4616 martyres.

2031 4623 2138 4675 οὐκ
2163 4619 2308 4676 ἔσται
2343 4620 2567 4680 πάντως.
2599 4617 2784 4671 Scribe
2827 4632 2894 4670 ex
2933 4617 3118 4671 codice
3157 4618 3437 4684 Medicmo,
3471 4625 3560 4679 οὐκ

1959 4689 2201 4766 ἴσταιῄδέ-
2223 4693 2446 4750 πάντως.
2489 4687 2654 4766 Paulo
2684 4695 2808 4766 ante
2838 4687 2979 4742 idem
3017 4688 3187 4766 codex
3218 4690 3400 4744 scribit
3430 4698 3558 4766 μήτε

1959 4769 2058 4816 τῶν
2095 4761 2430 4834 ὁμολογητών,
2462 4759 2660 4812 rectius
2697 4764 2755 4810 ut.
2790 4757 2843 4811 in
2871 4771 2990 4827 cap.
3022 4757 3113 4812 '55.
3146 4760 3273 4814 Item
3308 4757 3439 4833 μήτε
3458 4773 3558 4821 τῶν

1959 4837 2202 4904 μετοίκων
2230 4835 2320 4904 μὲν
2346 4850 2447 4894 τοι,
2468 4836 2587 4892 τῶν,
2618 4838 2724 4904 e_t_c.

2030 4898 2326 4977 Προκεῖσθαι
2368 4921 2425 4974 γε
2439 4905 2594 4977 Ἀμήν...
2638 4898 2847 4955 Mallem
2878 4899 3136 4977 scribere
3187 4907 3554 4977 προσκεῖσθαι,

1960 4985 2020 5028 ιιι
2051 4970 2335 5028 'l‘urnebus
2359 4970 2412 5026 et
2436 4970 2664 5041 savilius
2700 4970 3076 5026 emendarunt.
3105 4970 3280 5041 Atque
3310 4976 3382 5029 ita
3421 4970 3555 5032 serii-

1958 5046 2103 5100 bitur
2148 5047 2200 5098 in
2245 5043 2432 5098 codice
2460 5039 2594 5096 [θυι.
2630 5042 2794 5098 Paulo
2818 5051 2938 5112 post
2983 5044 3034 5097 in
3066 5039 3253 5101 codice
3299 5047 3556 5104 Medicam

1959 5117 2154 5191 legitur
2181 5117 2252 5176 ὡς
2281 5117 2324 5191 εί
2349 5121 2450 5191 ⁸τῶν
2469 5117 2843 5191 προειρημένων
2865 5135 3014 5191 ςι-ινεςΣ

2026 5184 2109 5243 Διὸ
2139 5191 2185 5242 εί
2215 5189 2298 5260 καί
2324 5187 2390 5260 τά
2417 5184 2654 5257 μάλιστα.
2685 5184 2743 5239 In
2783 5186 2968 5260 codice
2999 5184 3254 5243 Medicina
3293 5187 3486 5260 legitur
3508 5196 3555 5247 εἱ

1955 5262 2052 5337 γάρ
2080 5262 2170 5337 καί
2202 5259 2267 5314 τὰ
2303 5257 2550 5337 μάλιστα.
2574 5265 2765 5329 φανεῖεν
2804 5259 2854 5322 ἐξ
2885 5259 3056 5337 ἀὐτῶν
3083 5279 3244 5337 τινες-,Ξ
3278 5257 3366 5337 Iit:
3397 5264 3554 5327 paulo

1958 5329 2078 5399 pn'st
2110 5331 2247 5405 idem
2273 5329 2438 5405 codex
2466 5329 2628 5382 habet
2649 5332 3062 5405 καρπωσάμενοι.
3091 5333 3414 5405 καὶ-γίνεσθαι
3438 5337 3555 5387 τού-

1955 5398 2056 5457 των
2089 5407 2181 5461 τήν
2207 5403 2503 5464 ἀπαίτησιν,
2531 5406 2636 5453 etc.
2671 5398 2991 5467 O'ptitne’ut
3042 5398 3287 5469 equitium
3332 5415 3550 5458 censeo.

1959 5473 2052 5528 Est
2079 5476 2223 5528 enim
2254 5473 2355 5525 hoc
2381 5471 2679 5538 secundum
2711 5471 3009 5525 membrum
3032 5470 3259 5538 periodi.
3294 5471 3552 5531 Ultimum

1953 5553 2132 5600 autem
2166 5544 2463 5614 membrum
2489 5537 2738 5614 estigne
2761 5563 2818 5614 γε
2844 5547 2962 5613 μὴν,
2995 5537 3124 5605 etc.,
3157 5541 3299 5614 quod
3331 5545 3382 5595 in
3435 5548 3551 5601 vnt-

1953 5616 2090 5685 gatis
2135 5613 2460 5685 editionihus
2491 5611 2637 5667 male
2674 5611 2943 5667 divulsiim
2972 5619 3090 5677 est,
3141 5611 3278 5668 etin
3315 5627 3551 5685 sequens

1953 5683 2112 5758 caput
2142 5683 2478 5741 translatum.

3034 5776 3074 5834 9
