4082 6178
320 371 421 428 275

1404 372 1722 430 DECRETA
1761 372 1850 430 ET
1887 371 2496 434 CONSTITUTIONES.

3501 384 3610 442 274

315 525 487 565 veram
528 510 826 566 doctrinam
869 511 1265 567 subvertentes.
1311 512 1497 580 Porro,
1545 512 1891 583 improbitatis

2009 523 2116 576 τοῖς
2144 517 2174 574 ri
2200 513 2422 579 δεινότης
2447 519 2518 579 εἰς
2542 523 2790 575 τοσοῦτον
2819 521 3060 585 ἐξήπτετο
3079 561 3093 589 ,
3127 522 3196 584 ὡς
3232 525 3439 580 πάντων
3475 523 3606 597 ὁμοῦ

312 603 544 672 ipsorum
571 613 848 673 tantopere
875 603 1027 660 furor
1067 607 1297 672 exarsit,
1346 616 1406 661 ut
1439 607 1648 662 eunetis
1685 615 1790 661 tam
1823 607 1902 661 di-

310 696 447 750 vinis
470 711 627 766 quam
660 695 910 752 humanis
945 698 1106 753 rebus
1149 699 1200 753 in
1245 713 1452 756 summa
1483 714 1613 770 pace
1642 700 1901 756 constitu-

311 788 400 857 tis,
427 789 525 860 ipsi
551 788 689 845 bella
722 789 895 846 civilia
919 792 1232 847 excitarent.

2009 615 2108 663 τῶν
2133 611 2272 663 θείων
2299 631 2354 666 τε
2383 612 2469 664 καί
2505 612 2824 687 ἀνθρωπίνων
2846 615 3164 689 πραγμάτων
3193 617 3606 691 είρηνευομίνων,

2009 702 2279 774 ἐμφυλίους
2309 703 2399 757 ὐπ’
2421 704 2617 758 ἐκείνων
2640 705 2893 778 πολέμους
2922 707 3367 781 ἀναρῥιπίζεσθαι.

342 949 472 998 ρυοο
500 949 568 988 EI
592 949 862 990 APOLLINIS
883 949 1141 996 URACULO,
1167 949 1254 997 QUI
1275 949 1338 988 OB
1359 949 1547 990 JUS'I'OS
1566 947 1794 989 BOIINES
1812 945 2070 989 IIESI’ONSA
2094 947 2317 988 AMPLIUS
2339 948 2513 987 EDERE
2535 948 2634 988 NON
2661 929 2919 998 POTERA'I‘,
2947 948 3088 989 MOTA
3112 949 3196 989 SIT
3216 951 3562 993 PERSECU'I'IO.

372 1064 449 1104 nt.
475 1050 686 1121 Quippe
707 1050 1011 1121 Apollinem
1041 1061 1166 1108 tunc
1191 1055 1446 1122 temporis
1474 1069 1538 1108 ex
1561 1064 1718 1108 antro
1742 1063 1796 1109 ct
1820 1062 1894 1108 te-

301 1144 537 1199 nebroso
557 1145 787 1213 quodam
810 1161 995 1214 specu,
1023 1163 1128 1200 non
1160 1163 1224 1201 ex
1251 1146 1483 1201 hominis
1503 1162 1598 1202 ore
1620 1149 1893 1202 oraculum

298 1237 537 1294 edidisse
558 1237 857 1304 ferebatur;
884 1255 988 1307 quo
1003 1239 1180 1309 justos
1206 1240 1352 1294 viros
1375 1240 1424 1293 in
1456 1239 1615 1295 terris
1639 1239 1896 1309 degentes

295 1331 518 1386 obstare
559 1331 661 1386 sibi
699 1331 875 1386 aiebat
903 1346 1010 1401 quo
1054 1333 1232 1386 minus
1272 1348 1399 1386 vera
1429 1331 1769 1401 praediceret;
1813 1341 1898 1386 at-

293 1439 394 1494 que
427 1423 634 1480 idcirco
676 1423 808 1480 falsa
847 1439 912 1479 ex
937 1423 1146 1494 tripode
1171 1425 1388 1480 oracula
1431 1424 1602 1479 reddi.
1644 1425 1792 1479 llanc
1829 1424 1898 1478 ob

291 1531 513 1572 causam
549 1516 638 1572 ille
665 1530 873 1572 comam
902 1516 1156 1572 incultam
1197 1515 1432 1580 demisit,
1458 1525 1533 1582 et,
1566 1515 1791 1587 expulsa
1825 1515 1899 1570 di-

299 1609 526 1664 vinandi
548 1619 665 1665 arte
688 1652 704 1676 ,
741 1618 943 1664 tantum
973 1609 1114 1664 inter
1135 1609 1382 1665 homines
1417 1610 1615 1665 malum
1639 1610 1900 1666 lamenta-

289 1702 470 1761 batur.
498 1701 606 1760 Sed
626 1701 906 1759 videamus
927 1718 1087 1774 quem
1112 1703 1214 1758 ista
1241 1704 1444 1761 exitum
1476 1701 1782 1759 habuerint.

2070 1069 2144 1107 Ill.
2177 1055 2270 1108 Τὸν
2293 1054 2512 1109 Ἀπόλλω
2525 1057 2582 1111 τὸ
2592 1062 2876 1114 τηνικαῦτα
2887 1055 3082 1128 ἔφασαν
3096 1058 3146 1121 ἐξ
3161 1054 3346 1133 ἄντρου
3372 1058 3504 1118 τινός
3516 1061 3607 1112 καί

2000 1149 2206 1202 σκοτίου
2238 1153 2442 1220 μυχοῦ,
2477 1150 2604 1219 οὐχί
2627 1147 2671 1203 δ’
2699 1150 2750 1213 ἐξ
2779 1150 3044 1224 ἀνθρώπου
3077 1157 3300 1224 χρῆσαι,
3333 1152 3402 1210 ὡς
3429 1147 3535 1224 ἄρα
3557 1151 3606 1205 οί

2000 1241 2086 1294 ἐπὶ
2113 1249 2204 1300 τῆς
2231 1249 2324 1311 γῆς
2360 1239 2545 1294 δίκαιοι
2579 1239 2819 1311 ἐμπόδιον
2859 1236 2954 1296 εἶεν
2991 1247 3085 1296 τοῦ
3129 1241 3385 1299 ἀληθεύειν
3425 1243 3602 1307 αὐτὸν,

2001 1336 2088 1386 καί
2137 1331 2222 1388 διά
2270 1339 2458 1395 τοῦτο.
2511 1331 2718 1405 ψευδεῖς
2766 1342 2866 1388 τῶν
2922 1332 3179 1410 τριπόδων
3219 1337 3313 1394 τάς
3360 1337 3605 1404 μαντείας

2001 1427 2270 1479 ποιεῖσθαι.
2305 1430 2460 1479 τοῦτο
2489 1427 2648 1479 αὐτοῦ
2669 1433 2914 1497 κατηφεῖς
2945 1429 3068 1486 τοὺς
3090 1425 3386 1498 πλοκάμους
3414 1427 3605 1481 ἀνεῖναι

1997 1519 2264 1581 πεποίηκε,
2292 1526 2384 1578 τῆς
2409 1521 2652 1589 μαντείας
2679 1518 2725 1573 τ’
2755 1519 3118 1590 ἐλαυνομένης,
3149 1521 3206 1574 τὸ
3235 1520 3282 1572 ἐν
3311 1520 3600 1592 ἀνθρώποις

1996 1609 2150 1664 κακὸν
2192 1607 2516 1686 ἀπωδύρετο.
2550 1609 2655 1664 ἀλλ’
2683 1607 2870 1683 ἴδωμεν
2917 1617 3085 1668 ταῦτα
3122 1613 3192 1672 είς
3234 1610 3412 1668 ὁποῖον
3459 1612 3602 1675 τέλος

1924 1695 1975 1756 Β
1999 1703 2248 1768 ἐξώκειλε.

875 1854 1121 1907 ρυοκουο
1141 1856 1532 1898 CONSTAN'I‘INUS
1555 1859 1726 1901 ADIIUC
1746 1857 2082 1900 ADOLESCBNS
2099 1859 2292 1900 JUSTOS
2314 1859 2438 1900 ESSE
2457 1859 2804 1901 CHRISTIANOS
2823 1860 3058 1900 AUDIVIT.

353 1998 424 2036 tv.
449 1983 532 2038 Te
547 1999 687 2038 nunc
703 1993 892 2040 testem
913 1987 1144 2058 appello,
1162 1985 1303 2040 Deus
1323 1982 1607 2037 altissime.
1624 1981 1741 2036 Seis
1759 1995 1892 2051 qua-

281 2072 402 2129 liter
441 2090 550 2146 ego
594 2089 716 2131 tunc
759 2080 1017 2149 temporis
1057 2077 1345 2133 admodum
1370 2075 1708 2138 adolescens,
1739 2073 1890 2128 illum

284 2169 368 2237 qui
399 2168 553 2224 inter
575 2170 928 2243 imperatores
969 2172 1242 2228 Romanos
1265 2171 1526 2241 potiorem
1562 2169 1738 2224 locum
1764 2177 1891 2224 tunc

282 2260 592 2327 obtinebat,
626 2266 904 2333 miserum,
936 2268 1174 2336 profecto
1205 2266 1461 2321 miserum
1485 2307 1500 2332 ,
1531 2262 1664 2318 falso
1695 2263 1890 2318 mentis

283 2368 475 2410 errore
505 2353 825 2426 deceptum,
861 2374 925 2412 ex
963 2358 1358 2428 protectoribus
1399 2355 1510 2412 suis
1535 2358 1747 2411 curiose
1788 2357 1891 2410 sci-

281 2448 574 2504 scitantem
603 2451 864 2505 audierim
888 2493 902 2519 ,
930 2453 1149 2515 quinam
1179 2451 1251 2505 illi
1294 2460 1472 2506 essent
1491 2449 1620 2520 justi
1649 2449 1699 2503 in
1732 2450 1890 2504 terris

281 2541 550 2614 degentes
579 2559 594 2608 ;
619 2555 673 2599 et
697 2545 978 2615 quemdam
1006 2561 1073 2601 ex
1105 2545 1417 2601 sacriﬁculis
1449 2545 1536 2614 qui
1564 2545 1709 2599 circa
1737 2543 1888 2598 illum

281 2648 432 2691 erant
509 2640 858 2708 respondisse
923 2655 1017 2695 eos
1066 2655 1185 2696 esse
1241 2638 1594 2696 Christianos.
1654 2638 1751 2694 Ille
1805 2655 1888 2695 re-

283 2743 488 2798 sponso
531 2730 769 2785 hominis
795 2733 945 2802 quasi
971 2733 1129 2786 melle
1150 2732 1380 2803 quodam
1405 2732 1560 2786 avide
1587 2732 1845 2802 absorpto
1873 2773 1887 2797 ,

281 2823 494 2892 gladios
534 2822 604 2877 ad
631 2823 894 2892 punienda
921 2824 1149 2878 crimina
1175 2833 1387 2894 paratos
1433 2824 1692 2880 adversus
1734 2839 1889 2879 sanc-

286 2915 497 2970 titatem
529 2916 678 2970 omni
721 2916 1141 2986 reprehensione
1180 2932 1402 2972 vacuam
1433 2916 1723 2971 distrinxit.
1767 2915 1888 2970 Sta-

283 3007 374 3062 tim
398 3007 574 3079 igitur
601 3009 1006 3078 sangninolenta
1041 3008 1212 3065 edicta
1235 3009 1492 3074 cruentis,
1531 3017 1587 3062 ut
1630 3010 1700 3062 ita
1729 3007 1885 3063 dixe.

283 3100 401 3162 rim,
438 3101 802 3156 mucronibus
843 3101 1076 3172 scripsit,
1111 3111 1164 3156 et
1215 3100 1484 3171 iudicibus
1517 3100 1770 3170 praecepit
1831 3107 1889 3154 ut

285 3193 490 3263 ingenii
521 3193 798 3250 solertiam
828 3195 931 3251 sibi
961 3210 990 3249 a
1022 3205 1211 3251 natura
1261 3195 1474 3250 insitam
1516 3194 1584 3251 ad
1609 3192 1886 3252 acerbiora

283 3285 550 3357 supplicia
582 3287 935 3359 excogitanda
961 3286 1328 3344 intenderent.

1916 3255 1963 3318 Ο
1980 3300 1983 3302 ,

2074 1995 2144 2034 Iv.
2163 1983 2218 2034 Σὲ
2243 1986 2330 2034 νῦν
2347 1981 2429 2036 τόν
2463 1981 2680 2053 ὕψιστον
2695 1982 2814 2038 Θεὸν
2827 1982 2980 2050 καλῶ,
2996 1983 3265 2057 ἠκροώμην
3277 1980 3392 2038 τότε
3417 1981 3600 2058 κομιδῇ

1999 2082 2121 2134 παῖς
2150 2073 2427 2150 ὑπάρχων,
2458 2083 2568 2135 πῶς
2598 2074 2623 2130 ὁ
2652 2076 2762 2128 κατ’
2794 2075 2947 2128 έκεῖνο
2968 2081 3149 2150 καιροῦ
3173 2077 3319 2149 παρά
3343 2082 3452 2136 τοῖς
3475 2074 3598 2128 Ῥω-

1998 2168 2159 2238 μαίων
2189 2168 2594 2241 αὐτοκράτορσιν
2621 2164 2762 2238 ἕχων
2787 2168 2855 2222 τὰ
2883 2174 3133 2242 πρωτεῖα,
3163 2165 3380 2230 δείλαιος
3406 2168 3601 2229 ἀληθῶς

1997 2255 2234 2321 δείλαιος,
2263 2257 2428 2330 πλάνῃ
2452 2263 2542 2316 τήν
2567 2257 2750 2329 ψυχὴν
2775 2259 3120 2328 ἡπατημένος.
3147 2260 3293 2334 παρά
3317 2267 3417 2314 τῶν
3444 2257 3598 2330 δορυ-

1999 2353 2285 2427 φορούντων
2316 2353 2490 2418 «ora»,
2516 2353 2648 2411 τίνες
2679 2346 2738 2404 ἀν
2764 2347 2860 2405 εἷεν
2890 2353 2936 2405 οί
2959 2353 3087 2427 πρὸς
3110 2361 3172 2423 τῇ
3297 2351 3480 2408 δίκαιοι
3499 2374 3599 2407 ποι

1998 2444 2368 2520 λυπραγμονῶν
2398 2444 2728 2498 ἐπυνθάνετο.
2771 2447 2857 2498 καί
2885 2465 2964 2504 τις
3002 2452 3102 2498 τῶν
3138 2448 3259 2520 περὶ
3303 2446 3454 2500 αὐτόν
3481 2446 3598 2503 Θυη-

1998 2540 2164 2594 πόλων
2203 2541 2521 2613 ἀποκριθεὶς,
2565 2541 2858 2614 χριστιανοί
2897 2536 3145 2596 δήπουθεν
3189 2535 3297 2612 ἔφη.
3342 2536 3367 2592 ό
3412 2535 3466 2592 δὲ
3505 2541 3596 2596 τήν

1999 2633 2267 2707 ἀπόκρισιν
2297 2635 2472 2708 ὥσπέρ
2501 2654 2553 2688 τι
2594 2634 2903 2709 βροχθήσας
2932 2631 3061 2703 μέλι.
3095 2633 3162 2686 τά
3187 2632 3322 2685 κατά
3356 2637 3457 2685 τῶν
3484 2629 3594 2685 ἀδι-

1998 2728 2238 2799 κημάτων
2268 2728 2532 2804 εὑρεθέντα
2561 2729 2701 2799 ξίφη,
2743 2729 2876 2783 κατά
2904 2735 2996 2788 τῆς
3024 2725 3368 2784 ἀνεπιλήπτου
3391 2723 3595 2784 ὁσιότη-

1993 2843 2081 2882 τος
2105 2824 2361 2886 ἐξέτεινεν.
2395 2822 2581 2876 αῦτίκα
2607 2820 2666 2880 δή
2694 2816 2780 2875 οῦν
2815 2819 3145 2894 διατάγματα
3177 2819 3368 2895 λύθρων
3399 2820 3597 2892 μιαιφό-

1992 2937 2096 2975 νοις
2119 2917 2187 2975 ὡς
2209 2917 2364 2970 εἰπεῖν
2395 2916 2618 2976 ἀκωκαῖς
2638 2917 2936 2976 συνέταττε,
2965 2921 3075 2973 τοῖς
3095 2934 3148 2967 τε
3177 2911 3471 2976 δικασταῖς,
3501 2917 3591 2970 τήν

1992 3009 2127 3062 κατά
2157 3007 2307 3078 φύσιν
2336 3007 2608 3079 ἀγχίνοιαν
2646 3007 2718 3066 είς
2747 3004 2948 3082 εὕρεσιν
2983 3003 3337 3079 κολαστηρίων
3377 3000 3593 3060 δεινοτέ-

1995 3115 2102 3171 ρων
2125 3099 2353 3155 ἐκτείνειν
2380 3097 2772 3173 παρεκελεύετο.

722 3439 857 3488 QL'O'I'
877 3437 1268 3480 TOBHENTORUM
1289 3438 1353 3478 ET
1376 3435 1758 3478 ευριιωοιοιιυκ
1775 3435 1891 3476 GENI

2023 3433 2294 3476 Αῡνειιευε
2313 3431 2655 3475 οῐιιιιετιΑΝοε
2669 3431 3003 3475 EXCOGI'I‘ATA
3023 3431 3161 3473 SINT.

350 3557 405 3596 v.
423 3539 608 3597 Licuit
634 3547 779 3605 tunc,
804 3540 1045 3611 inquam,
1065 3538 1246 3595 videre
1267 3547 1461 3610 quanta
1493 3554 1614 3594 cum
1639 3537 1887 3594 libertate

284 3632 629 3689 venerabiles
665 3631 759 3688 Dei
798 3631 1034 3688 cultores
1072 3631 1140 3687 ob
1177 3631 1478 3686 continuam
1514 3629 1888 3686 crudelitatem

284 3726 642 3797 gravissimas
674 3724 912 3795 quotidie
954 3723 1310 3780 contumelias
1338 3707 1653 3778 tolerarent.
1679 3722 1887 3791 Quippe

285 3817 607 3874 modestiam
635 3858 650 3882 ,
683 3832 842 3886 quam
872 3830 972 3872 nec
995 3816 1177 3871 hostes
1218 3815 1316 3885 ipsi
1351 3814 1452 3868 ulla
1483 3829 1716 3885 unquam
1757 3813 1889 3870 alie-

285 3919 472 3966 cerunt
510 3909 713 3978 injuria
737 3949 754 3978 ,
783 3908 989 3964 eﬂ'erati
1014 3907 1160 3963 cives
1196 3907 1409 3978 probris
1437 3909 1686 3964 omnibus
1715 3908 1888 3963 inces-

286 4019 402 4059 sere
423 4018 528 4076 pro
557 4000 726 4057 nihilo
749 4001 1039 4057 duxerunt.
1074 4000 1352 4068 Quodnam
1392 3999 1718 4068 incendium,
1742 4000 1885 4071 quod

286 4099 618 4152 crueiatuum
648 4105 706 4152 et
746 4104 1136 4151 tormentorum
1182 4109 1350 4164 genus
1377 4094 1546 4149 cuivis
1576 4093 1788 4162 corpori
1833 4101 1888 4150 et

287 4188 428 4246 relati
461 4189 670 4261 absque
697 4186 806 4245 ullo
828 4185 1138 4244 discriminc
1182 4185 1455 4245 admotum
1489 4200 1596 4242 non
1626 4185 1771 4243 fuit?
1813 4186 1884 4242 Ea

2065 3553 2116 3591 ν.
2132 3534 2369 3604 Ἦντότε,
2383 3533 2441 3597 ἦν
2454 3534 2580 3592 ἰδεῖν
2598 3535 2706 3607 μεθ’
2727 3533 2853 3596 ὅσης
2876 3535 3149 3600 έξουσίαςή
3163 3533 3414 3606 σεμνότης
3435 3535 3592 3593 ἐκείνη

1994 3639 2086 3693 τῆς
2112 3632 2395 3691 θεοσεϐείας
2414 3671 2427 3695 ,
2465 3638 2528 3704 τῇ
2556 3638 2649 3690 τῆς
2682 3629 2946 3700 ὠμότητος
2991 3630 3274 3702 συνεχείᾳ,
3303 3629 3362 3680 οὐ
3387 3628 3480 3687 τὰς
3507 3648 3594 3682 τυ-

1997 3724 2206 3794 χούσας
2232 3721 2538 3794 ἐφ’έκάστης
2559 3722 2751 3794 ἡμέρας
2775 3717 2952 3793 ὕϐρεις
2971 3717 3244 3791 ὑφίστατο.
3286 3717 3591 3793 σωφροσύνη

1997 3813 2044 3870 δ’
2056 3815 2113 3873 ἣν
2126 3821 2224 3868 τῶν
2238 3813 2484 3884 πολεμίων
2503 3809 2666 3871 οὐδεὶς
2681 3809 2888 3870 ἠδίκησε
2900 3813 3132 3876 πώποτε,
3152 3810 3362 3886 ὀργίλων
3375 3811 3593 3866 πολιτῶν

1992 3910 2256 3984 παροινίας
2282 3907 2542 3982 πάρεργον
2574 3905 2779 3978 ἐγίνετο.
2831 3912 2974 3960 ποῖον
3003 3910 3132 3978 πῦρ,
3171 3912 3316 3959 ποῖαι
3350 3905 3592 3977 βάσανοι,

1993 4006 2134 4056 ποῖον
2161 3999 2582 4075 στρεϐλωτηρίων
2619 3991 2783 4064 εἶδος,
2809 3997 2936 4068 οὐχί
2959 3999 3115 4051 παντί
3141 3997 3346 4068 σώματι
3374 4000 3462 4051 καί
3495 3996 3595 4053 ἡλι-

1995 4098 2081 4170 κίᾳ
2114 4095 2260 4167 πάσῃ
2288 4089 2594 4168 ἀδιακρίτως
2627 4093 2949 4166 προσήγετο;
2983 4092 3043 4145 τὸ
3071 4095 3346 4148 τηνικαῦτα
3381 4087 3593 4163 ἐδάκρυε

1994 4187 2084 4258 μέν
2127 4183 2479 4258 ἀναμφιϐόλως
2518 4185 2548 4243 ἡ
2586 4191 2672 4255 γῆ.
2722 4181 2749 4238 ὁ
2798 4179 2852 4239 δέ
2899 4183 2968 4240 τά
3009 4181 3291 4254 σύμπαντα
3331 4181 3594 4258 περιέχων

1663 4322 1935 4380 VALESII
1971 4321 2204 4382 NOTAE.

352 4444 654 4517 Ἐμφυλίους
673 4516 678 4517 ί
699 4439 1216 4517 1:0).épou;.___Civilia_
1242 4438 1380 4517 bella
1425 4445 1579 4517 vocat
1612 4451 1871 4517 persecu-

2002 4452 2124 4494 mno
2144 4437 2342 4517 Christi
2369 4438 2472 4517 55]
2503 4437 2698 4517 tetatis.
2731 4450 2842 4492 suae
2869 4435 3108 4517 secundo
3133 4439 3580 4517 acOscxagesimo.

287 4503 464 4573 tiones
481 4503 942 4570 Christianorum.
966 4511 1103 4568 Nihil
1132 4512 1275 4567 enim
1322 4510 1550 4564 similius
1574 4503 1718 4564 civili
1757 4509 1873 4564 bel-

288 4588 361 4658 lo,
385 4603 547 4658 quam
573 4603 694 4642 cmn
736 4584 1027 4658 Christiani
1074 4583 1126 4638 in
1156 4582 1378 4658 singulis
1397 4579 1739 4658 civitatibus,
1765 4595 1870 4634 non

290 4651 518 4713 hostium
547 4669 637 4711 aut
677 4657 1026 4710 barbarorum
1051 4697 1064 4719 ,
1092 4653 1185 4708 sed
1212 4651 1406 4707 civium
1445 4666 1666 4706 suorum
1697 4651 1877 4706 incur-

290 4732 444 4784 sione
475 4729 790 4798 fugaliantnr
815 4743 878 4783 ac
907 4726 1294 4798 mactabantur.

357 4794 704 4856 τοῦτο-αὐτοῦ
744 4806 999 4871 κατῆφεῐς.
1042 4794 1394 4851 Scribt‘tidum
1433 4803 1516 4850 est
1542 4795 1879 4871 τοῦτοαύτοῦ

291 4882 562 4948 προφῆτις,
591 4871 750 4948 vel_si
781 4865 950 4923 mavis
967 4870 1127 4945 ἷερεια
1152 4872 1577 4948 euenerit-Aquam
1595 4865 1880 4919 lectionem

294 4938 345 4996 iii
366 4938 806 5011 interpretatione
826 4955 942 4994 mea
963 4938 1080 4994 su'm
1107 4938 1342 5011 secutus.
1376 4938 1648 5011 Portesius
1676 4950 1889 5011 quoque

295 5024 344 5067 et
380 5006 616 5068 Morinos
649 5012 734 5083 de
763 5011 950 5083 Pythia
999 5025 1093 5066 seu
1146 5008 1437 5083 sacerdote
1463 5006 1736 5083 Apollinis
1775 5007 1890 5083 lucc

296 5081 769 5139 intellexeruntJn
793 5075 999 5152 optimo
1025 5090 1202 5134 tamen
1234 5077 1439 5132 Fuketii
1463 5078 1600 5132 libro
1629 5085 1771 5152 totus
1804 5075 1892 5152 hic

296 5154 449 5209 locus
485 5155 550 5208 ita
579 5149 878 5209 sorihitur':
905 5160 1067 5208 Τοῦτο
1106 5154 1264 5206 αὐτοῦ
1295 5158 1527 5223 κατηφεῖς
1555 5151 1677 5223 τοῦς
1701 5149 1894 5205 πλοκά-

295 5249 427 5298 μους
453 5229 634 5282 ἀνεῑναι
655 5221 1362 5298 πεποίηκείτῆςμαντείας-τ’
1391 5221 1738 5298 ξλαυωμέιης,
1760 5228 1890 5298 etc,

293 5290 379 5352 cui
405 5299 681 5359 consentit
709 5298 875 5350 codex
916 5290 1120 5350 Savil'ti.
1157 5292 1274 5346 Mox
1303 5292 1357 5346 in
1399 5290 1588 5347 iisdem
1617 5290 1896 5346 codicibus

294 5367 494 5439 legitur
518 5373 585 5428 είς
611 5369 788 5423 ὁποῖον
815 5367 954 5427 τέλος
983 5365 1262 5439 κατέληξεν.
1373 5433 1404 5439 __
1519 5376 1523 5378 ‘

367 5430 552 5511 ὶὶομιδῇ
582 5447 707 5499 παῖς
733 5439 1012 5511 ὑπάρχων.
1044 5437 1256 5490 [tectius
1284 5433 1608 5488 scriberetur
1632 5435 1760 5511 νέος.
1793 5430 1899 5511 N9-

334 5526 400 5564 ue
430 5501 569 5563 etaim
599 5501 986 5563 Constantinus
1015 5521 1147 5577 puer
1175 5513 1302 5558 tunc
1329 5514 1473 5577 erat_,
1518 5519 1647 5577 eum
1695 5504 1748 5558 in
1777 5502 1898 5557 aula

345 5580 610 5634 ioeletiani
641 5578 847 5634 obsidis
893 5575 1026 5631 loco
1052 5587 1379 5632 versaretur.
1430 5575 1639 5644 Quippe
1688 5589 1715 5625 a
1747 5583 1900 5644 patre

291 5650 610 5706 Constantio
638 5649 867 5704 traditus
891 5659 972 5702 est
1006 5648 1356 5712 Diocletiano,
1383 5661 1525 5700 anno
1539 5643 1742 5699 Christi
1771 5643 1897 5711 £91,

291 5737 422 5778 cum
445 5720 792 5789 Constantius
820 5735 848 5773 a
882 5719 1207 5774 Diocletiano
1257 5718 1440 5772 Caesar
1495 5715 1666 5772 factus
1697 5714 1903 5789 fuisset.

295 5793 420 5862 Quo
450 5786 660 5862 quidem
692 5801 934 5862 tempore
962 5789 1356 5862 Constantinus
1370 5801 1569 5862 annum
1596 5787 1770 5842 aetatis
1799 5786 1906 5862 cir-

332 5856 441 5920 iter
471 5856 725 5933 'quiutum
770 5856 1037 5919 decimum
1085 5860 1293 5930 agebat.
1341 5859 1579 5916 Mortuus
1630 5866 1714 5914 est
1762 5856 1905 5912 enim

2055 4511 2360 4583 Βροχθήσας
2389 4510 2521 4583 μέλι,
2553 4507 2609 4583 In
2642 4508 3019 4583 manuscriptis
3049 4507 3336 4583 codicibus
3370 4507 3585 4583 Fuketii

1981 4589 2037 4637 et
2065 4579 2477 4657 Saii'liireet'pts
2512 4580 3043 4657 iegilllr_ﬁpoxeiaac'
3068 4592 3241 4648 neque
3269 4579 3424 4634 aliter
3443 4581 3580 4635 scri-

1985 4663 2131 4724 ptum
2154 4651 2371 4707 exhibet
2393 4649 2592 4719 Regius
2619 4649 2810 4724 eodeit.

2055 4725 2339 4798 Μιαιφόνοις
2390 4724 2630 4798 ἀκωκαῖς.
2689 4721 2890 4798 Al‘Iudit
2948 4720 3016 4798 ad
3069 4733 3380 4798 mucronem
3436 4723 3589 4794 styli‘

1988 4794 2158 4849 Porro
2182 4789 2459 4861 eleganter
2486 4789 2870 4846 Constantinus
2893 4833 2908 4856 ,
2953 4791 3102 4862 leges
3147 4790 3268 4845 illas
3301 4790 3368 4846 de
3399 4789 3589 4862 per'se:

1990 4867 2203 4921 cutione
2239 4853 2666 4935 Christianorum
2704 4853 2933 4935 scriptas
2983 4853 3149 4935 fuisse
3187 4862 3316 4935 dicit
3345 4853 3594 4935 cr'uentis

1990 4936 2289 5007 gladiorum
2341 4934 2707 4988 mucronibus.
2759 4933 2849 5007 Sic
2903 4933 3391 5007 Draconisleges,
3446 4933 3592 4990 san—-

1993 5003 2174 5134 guine,
2206 5020 2312 5060 non
2331 5012 2652 5071 atramento,
2678 5005 2905 5075 scriptas
2921 5003 3086 5059 fuisse
3102 5003 3318 5076 quidam
3339 5015 3526 5064 veteru
3541 5023 3598 5064 ιη

2034 5086 2264 5132 txerunt.

2034 5079 2264 5132 ixerunt.

2063 5149 2318 5225 Ἐκτείνειν
2330 5148 2727 5225 ’παρεκελεύετοο
2757 5145 2971 5204 Mallem
3006 5145 3188 5205 dicere
3212 5150 3504 5218 ἐπιτείνειν,
3535 5157 3598 5204 ιιι

1995 5221 2142 5290 loqui
2168 5220 2304 5274 solet
2330 5215 2610 5280 Eusebius.

2075 5287 2338 5367 Παροινίας
2359 5293 2623 5367 πάρεργον
2661 5292 2872 5367 ἐγίνετο.
2900 5287 3009 5356 Sic,
3049 5290 3123 5367 in
3148 5290 3294 5367 libro
3330 5292 3502 5367 primo
3516 5290 3598 5367 _de

2003 5359 2204 5440 severo
2237 5359 2450 5440 Caesare
2479 5359 2613 5416 diiit
2661 5359 2946 5440 Eusebius,
2989 5365 3247 5440 πάρεργον
3276 5363 3466 5440 ἐγένετο
3510 5362 3601 5419 θα-

2004 5437 2190 5498 νάτου,
2222 5431 2315 5488 ubi
2342 5431 2463 5487 vide
2490 5441 2610 5503 quae
2651 5432 2721 5503 de
2757 5431 2859 5503 hac
2894 5431 3178 5488 locutione
3197 5431 3596 5490 annotavintus.

2003 5505 2136 5561 Nam
2166 5504 2487 5571 interpretes
2509 5501 2641 5556 nihil
2673 5502 2761 5556 hic
2780 5502 3054 5557 viderunt.

2075 5575 2355 5649 natamus?
2380 5572 2766 5649 némlcodex
2810 5571 3021 5649 Fulgetii
3068 5572 3338 5649 scriptum
3380 5574 3601 5649 exhibet

2007 5650 2116 5719 οὐχ
2144 5647 2310 5720 ἡλικίᾳ
2332 5641 2508 5720 πάσῃ(
2535 5643 2702 5720 Paulo
2742 5651 2865 5720 post
2907 5641 2960 5698 in
3000 5641 3189 5697 eodem
3219 5645 3406 5720 codice
3447 5657 3504 5700 et
3545 5646 3600 5700 in

2013 5713 2229 5794 scliedis
2251 5713 2436 5794 Regiis
2452 5713 2720 5794 scribitur
2745 5713 2808 5794 ut
2849 5713 2903 5794 in
2934 5720 3118 5794 nostro
3144 5722 3316 5788 textu,
3349 5719 3382 5777 ἦ
3422 5737 3477 5794 γε
3507 5722 3604 5788 μὴν

2015 5791 2180 5866 ἡμέρα
2205 5783 2434 5857 αὐτή’τῷ
2454 5788 2620 5844 πένθει
2638 5792 2730 5845 τοῦ
2761 5787 2809 5844 Θ.
2841 5783 3218 5845 ἐνεκαλύπτετο.
