4082 6178
169 152 210 204 ,ί

234 306 337 364 9.85

1355 309 1673 373 DECRETA
1717 310 1807 373 ET
1844 310 2453 375 CONSTITUTIONES.

3418 321 3531 379 ρετ

228 442 274 483 ει
301 442 399 483 rea
426 442 523 482 vtu
543 469 559 495 ,
614 443 719 484 γει,
749 442 872 485 Αιιο
900 443 1040 485 nono
1068 442 1321 487 ABSENTIS
1358 445 1705 497 remouens
1740 446 1825 495 st'r
1852 432 1904 497 Α
1934 450 2074 507 mag.
2102 432 2277 493 Italia
2308 443 2355 498 τι.
2387 434 2515 492 Post
2537 435 2677 495 alia:
2701 433 2781 493 Ne
2800 434 2827 474 ιι
2852 444 2940 492 tua
2961 435 3200 507 gravitas
3228 438 3474 509 occupati
3492 458 3535 490 2-

871 535 1159 579 POSSESSIO.
1240 550 1245 556 ·

291 611 436 688 Imp.
466 609 834 670 Constantinus
878 615 943 671 Α.
988 615 1196 671 Severo.
1226 613 1443 671 iudices
1481 615 1782 673 absentium
1808 659 1823 686 ,

226 706 313 778 qui
334 703 625 778 cujuslibet
655 705 734 765 rei
757 707 1101 781 possessione
1123 707 1315 783 privati
1344 716 1505 778 sunt,
1528 707 1827 781 suscipiant

221 797 276 854 in
300 798 424 868 jure
448 812 712 869 personas
737 841 751 865 ,
778 807 833 855 et
852 801 1184 859 auctoritatis
1213 815 1325 857 suae
1355 800 1699 863 formidabile
1726 801 1828 861 mi-

226 888 509 944 nisterium
538 890 832 962 objiciunt:
867 898 1025 967 atque
1066 893 1137 949 ita
1164 900 1414 949 tueantur
1440 893 1694 951 absentes
1718 935 1732 961 ,
1767 901 1828 951 ut

220 978 277 1035 id
306 980 480 1035 solum
526 980 822 1052 diligenter
847 983 1149 1055 inquirant,
1185 1000 1250 1040 an
1276 985 1393 1057 ejus
1415 1028 1429 1054 ,
1469 986 1559 1058 qui
1589 985 1828 1057 quolibet

220 1073 385 1129 modo
421 1076 826 1146 peregrinatur,
858 1078 1129 1150 possessio
1159 1078 1334 1137 ablata
1375 1080 1479 1146 sit,
1512 1095 1673 1153 quam
1701 1095 1826 1152 pro—

220 1168 457 1240 pinquus
478 1210 496 1237 ,
529 1170 618 1226 vel
644 1185 842 1240 parens
866 1213 881 1240 ,
907 1171 995 1227 vel
1026 1172 1302 1245 proximus
1325 1215 1339 1241 ,
1369 1174 1457 1229 vel
1485 1173 1709 1242 amicus,
1742 1174 1826 1230 vel

218 1260 444 1319 colonus
466 1301 485 1329 ,
516 1261 603 1317 vel
634 1261 858 1320 libertus
887 1279 982 1319 seu
1011 1279 1198 1321 servus
1240 1264 1482 1341 quolibet
1509 1265 1664 1321 titulo
1696 1259 1826 1331 reti-

216 1353 413 1420 nebat;
441 1369 545 1410 nec
578 1369 707 1424 eos,
740 1356 831 1429 qui
856 1356 1051 1430 dejecti
1090 1367 1246 1433 sunt,
1277 1359 1579 1416 absentium
1607 1360 1827 1419 nomine

211 1447 561 1517 possidentes
583 1490 598 1515 ,
625 1449 751 1520 quia
794 1450 1012 1509 minime
1055 1452 1186 1523 ipsis
1230 1451 1433 1511 deeisio
1459 1467 1637 1510 causa:
1667 1469 1823 1509 man-

212 1535 331 1594 data
364 1540 476 1605 sit,
521 1538 590 1594 ab
637 1541 967 1612 experiunda
1012 1558 1071 1599 re
1100 1542 1417 1599 secludant:
1453 1558 1573 1612 nec,
1607 1544 1651 1601 si
1681 1544 1825 1603 servi

208 1633 311 1689 sint
333 1675 351 1699 ,
401 1647 592 1689 eorum
636 1635 886 1705 rejieiant
916 1637 968 1691 in
994 1636 1118 1708 jure
1150 1653 1444 1709 personas,
1483 1640 1607 1712 quia
1637 1638 1825 1713 hujus-

206 1724 354 1781 modi
391 1720 718 1803 conditionis
758 1727 1068 1785 hominibus
1096 1744 1287 1787 causas
1320 1745 1577 1805 perorare
1608 1731 1684 1787 las
1713 1747 1822 1791 non

202 1818 286 1874 sit.
313 1818 434 1875 Sed
464 1806 587 1889 post
618 1820 801 1891 elapsa
832 1838 1046 1897 quoque
1071 1824 1245 1897 spatia
1285 1825 1667 1896 recuperanda:
1698 1841 1824 1901 pos-
1852 1838 1902 1903 Β

200 1911 466 1969 sessionis
497 1912 704 1985 legibus
729 1916 1064 1987 prmstituta,
1096 1915 1321 1988 litigium
1356 1918 1433 1974 eis
1458 1917 1813 1979 inferentibus

200 2003 392 2074 largiri
413 2006 703 2062 convenit:
737 2015 796 2062 ut
823 2022 917 2064 eos
946 2009 1317 2066 momentariae
1348 2010 1572 2082 perinde
1603 2026 1814 2083 posscs-

199 2094 332 2151 sioni
370 2095 516 2168 (sine
559 2097 664 2153 ulla
693 2092 1053 2173 cunctatione)
1100 2102 1421 2170 restituant,
1464 2118 1527 2163 ac
1554 2103 1601 2160 si
1633 2119 1815 2165 rever-

198 2202 285 2245 sos
313 2188 581 2245 dominus
608 2191 893 2263 litigasset.
924 2190 1023 2255 Cui
1067 2200 1248 2249 tamen
1279 2193 1546 2268 (domino)
1572 2196 1815 2270 quolibet

201 2290 455 2353 tempore
477 2298 700 2340 reverso
720 2326 735 2352 ,
757 2284 1025 2340 actionem
1052 2287 1411 2361 possessionis
1431 2290 1814 2359 recuperanda:

201 2374 590 2453 indulgemus;
648 2376 771 2447 quia
804 2376 918 2433 tleri
966 2385 1141 2447 potest
1180 2385 1241 2432 ut
1281 2379 1547 2436 restitutio
1596 2389 1815 2452 propter

201 2482 403 2524 servos
430 2468 706 2535 infideles,
741 2467 824 2523 vel
850 2469 1180 2540 negligentes
1213 2471 1573 2542 propinquos,
1605 2473 1688 2528 vel
1721 2490 1813 2545 pa-

196 2550 428 2627 rentes.
460 2561 547 2622 vel
575 2561 884 2635 proximos,
918 2561 1002 2623 vel
1040 2562 1275 2633 amicos,
1304 2563 1387 2623 vel
1432 2564 1655 2625 colonos
1679 2608 1693 2631 ,
1728 2566 1814 2621 vel

196 2653 435 2711 libertos
466 2654 670 2709 interea
701 2654 1004 2718 differatur.
1055 2655 1381 2717 Abscntibus
1420 2657 1564 2713 enim
1594 2657 1814 2716 ofilcere

200 2762 302 2805 non
342 2746 517 2803 debet
545 2757 754 2819 tempus
773 2762 1077 2817 emensum,
1101 2748 1243 2819 quod
1274 2749 1658 2820 recuperanda:
1689 2765 1815 2825 pos-

199 2841 445 2901 sessioni
471 2840 673 2919 legibus
695 2842 1051 2913 prmstitutum
1074 2849 1191 2911 est:
1217 2841 1312 2900 sed
1336 2842 1628 2903 reformato
1648 2852 1812 2915 statu,

200 2938 285 3009 qui
355 2951 463 3010 per
493 2935 738 3007 iniuriam
781 2935 1029 2997 sublatus
1056 2946 1139 2993 est
1164 2979 1178 3003 ,
1210 2937 1389 2997 omnia
1436 2953 1557 3009 quia
1594 2954 1816 3010 supere-

205 3038 336 3085 runt
395 3027 463 3083 ad
514 3027 957 3107 disceptationem
1006 3029 1158 3100 litigii
1222 3029 1544 3086 immutilata
1595 3046 1815 3102 perma-

200 3131 378 3187 neant
399 3138 414 3184 ;
432 3120 635 3193 judicio
659 3131 876 3183 servato
891 3121 1051 3195 jnstis
1073 3122 1433 3201 legitimisque
1456 3124 1816 3199 (absentibus)

1929 525 2085 585 uibus
2114 527 2235 587 aliis
2265 527 2511 591 districta
2545 528 2850 599 hujusmodi
2878 529 3267 601 rescriptorum
3294 531 3526 592 cumulis

1932 628 2208 685 oneretur,
2258 619 2457 690 placuit
2506 619 2603 675 has
2644 620 2787 676 solas
2854 635 3076 678 caussas
3129 623 3373 694 gravitati
3427 631 3534 679 tum

1927 709 2245 782 injnngere,
2277 710 2335 767 in
2381 711 2575 782 quibus
2615 726 2847 782 persona
2897 713 3171 783 potentior
3216 712 3529 771 inferiorem

1920 816 2021 867 aut
2047 805 2312 865 minorem
2335 805 2572 878 judieem
2603 823 2849 878 premere
2870 817 3079 878 potest,
3110 818 3201 864 aut
3236 809 3340 865 tale
3366 824 3534 880 nego-

1929 898 2064 959 tium
2091 902 2356 972 emergit,
2404 899 2549 972 quod
2596 900 2648 957 in
2680 901 2974 972 prtesidiali
3016 902 3223 973 judicio
3253 904 3532 963 terminari

1926 991 2009 1051 fas
2034 1007 2141 1051 non
2171 1001 2290 1062 est,
2342 1000 2436 1059 ut,
2487 991 2631 1065 quod
2662 1004 2686 1033 ο
2721 1009 2818 1065 per
2864 994 3088 1050 eosdem
3134 995 3393 1066 praesides
3441 996 3533 1052 ditt

1927 1094 2215 1147 tractatum
2244 1083 2305 1155 ἀ,
2355 1088 2497 1159 apud
2528 1095 2580 1144 te
2625 1086 2873 1144 debeate
2913 1089 3211 1146 terminari.
3269 1090 3397 1147 Dat.
3465 1090 3526 1147 V.

1928 1178 2055 1250 Kal.
2106 1179 2269 1241 Hart.
2319 1178 2673 1249 Nicomedia,
2723 1179 2970 1239 Paullino
3027 1191 3073 1238 et
3122 1183 3340 1239 Iuliano
3384 1184 3528 1242 Cass.

1930 1271 2144 1407 (ῗὲὄιζίδ
2181 1358 2300 1419 ρυλε
2334 1342 2351 1387 ί
2384 1359 2454 1407 ει
2492 1361 2714 1405 ινυιιιιελ
2752 1360 3080 1407 οοιωτιοη
3118 1364 3311 1409 tum
3350 1365 3491 1411 sum

2498 1432 2599 1473 NON
2638 1434 2977 1477 USURPANDIS.

1998 1507 2142 1595 Imp.
2194 1507 2560 1565 Constantinus
2805 1521 2830 1563 6
2876 1511 3064 1567 Nullus
3106 1512 3346 1585 jndieum
3396 1514 3447 1569 id
3481 1511 3533 1582 ιι,

1928 1600 2072 1681 quod
2103 1618 2131 1657 a
2160 1617 2221 1658 re
2250 1602 2458 1674 publica
2491 1619 2557 1661 ex
2584 1604 2872 1663 collatione
2900 1606 3221 1679 susceperit,
3255 1609 3420 1665 mutui
3453 1610 3535 1673 in-

1941 1698 2278 1755 terventione
2312 1699 2553 1771 Opposita
2591 1699 2673 1756 vel
2702 1699 2958 1763 invadat.
3008 1700 3095 1757 vel
3133 1710 3355 1759 conetur
3386 1702 3536 1759 inva-

1926 1789 2074 1845 dere.
2097 1789 2216 1848 Dat.
2232 1789 2369 1860 prid.
2387 1789 2530 1847 Non.
2558 1790 2718 1853 Mart.
2756 1791 2975 1849 Treviris
3003 1792 3043 1865 ί,
3070 1792 3315 1853 Paullino
3336 1794 3349 1846 i
3372 1804 3418 1853 et
3439 1794 3539 1853 .Itt-

1928 1882 2074 1949 liano
2105 1884 2252 1945 Cass.
2281 1885 2455 1961 (325),

2521 1996 2589 2043 DE
2610 1996 2966 2043 POSTULANDO.

1989 2072 2130 2149 Imp.
2154 2073 2517 2130 Constantinus
2538 2075 2603 2133 Α.
2628 2074 2677 2131 Η
2685 2075 2889 2133 elladio.
2908 2075 3114 2151 Saepius
3130 2075 3533 2147 clariusque...k

1916 2164 2195 2225 advticatis
2238 2165 2624 2225 existimationi
2673 2183 2785 2225 sua:
2829 2168 3091 2227 immensa
3137 2177 3299 2243 atque
3346 2168 3535 2226 illicita

1914 2257 2232 2335 compendia
2259 2257 2608 2331 praetulissel,
2634 2259 2851 2315 nomine
2875 2259 3350 2330 honorariorumm,
3367 2277 3430 2317 ex
3454 2263 3536 2335 ip—

1914 2352 1986 2406 sis
2013 2351 2250 2425 negotiis,
2288 2366 2404 2423 qua:
2442 2349 2632 2409 tuenda
2668 2351 3021 2422 susceperint,
3065 2350 3406 2408 emolumenta
3438 2353 3535 2409 sibi

1914 2453 2066 2499 certa:
2102 2443 2266 2517 partis
2300 2458 2414 2499 cum
2461 2442 2605 2514 gravi
2632 2441 2822 2501 damno
2864 2444 3138 2516 litigatoris
3178 2452 3224 2499 et
3268 2442 3536 2515 deprwda-

1945 2539 2061 2594 iane
2091 2550 2414 2611 poscentes“.
2446 2538 2654 2605 Placuit
2685 2541 2895 2621 igitur°,
2923 2552 2981 2599 ut
3009 2518 3205 2610 omnes,
3235 2542 3324 2617 qui
3358 2541 3535 2601 inim.

1931 2651 2109 2725 dicata
2159 2652 2324 2711 fuisse
2352 2653 2587 2725 dignitas
2616 2655 2733 2725 ejus
2759 2696 2773 2722 ,
2807 2665 2863 2711 ut
2912 2653 3130 2712 Paullus
3174 2670 3283 2711 non
3333 2655 3405 2712 sit
3433 2669 3533 2715 no-

1922 2724 2266 2797 men_$ilvii,
2302 2726 2396 2781 sed
2418 2724 2530 2781 alia
2559 2724 2810 2797 persona.

1996 2804 2021 2833 ει
2052 2795 2199 2868 Mag.
2224 2797 2529 2867 signiﬁcare
2548 2795 2721 2867 potest
2745 2808 2799 2851 et
2821 2798 3119 2868 magistrum
3147 2796 3288 2867 quod
3313 2796 3529 2866 W.’ed.,

1916 2875 1972 2943 et
1997 2868 2395 2943 magistratum,
2427 2869 2696 2943 quod_Pu.
2754 2868 3267 2943 habet._Utrumquc
3320 2870 3532 2943 videtur

1917 2937 2143 3013 dubium
2174 2955 2297 3013 esse
2320 2982 2334 3004 ,
2369 2937 2491 3013 nam
2544 2939 2783 3013 Magistri
2833 2937 3008 2996 Italia:
3035 2937 3297 3011 nusquam
3330 2942 3531 2997 mentio

1920 3011 1980 3067 ﬁt
2005 3051 2018 3075 ,
2050 3021 2127 3083 ‘et
2158 3011 2301 3083 quod
2342 3011 2409 3067 ad
2441 3011 2798 3082 magistratum
2847 3013 3072 3075 attinet,
3121 3021 3273 3067 erant
3313 3027 3445 3068 sane
3477 3014 3527 3068 in

1920 3080 2362 3153 partibus'llalim
2394 3080 2740 3154 magistratus
2760 3124 2774 3149 ,
2806 3092 2865 3137 ut
2891 3084 3239 3148 consulares,
3272 3094 3528 3151 rectores,

1924 3153 2285 3236 magistratum
2331 3153 2510 3211 autem
2541 3154 2729 3236 Italia:
2749 3196 2764 3223 ,
2797 3169 2895 3236 pro
2922 3155 3180 3236 dignitate
3211 3154 3323 3224 ipsa
3347 3196 3361 3221 ,
3392 3170 3445 3209 ν.
3479 3172 3529 3236 e.

205 3214 466 3292 personis
493 3233 506 3272 :
536 3228 655 3271 eum
705 3214 861 3271 valde
889 3214 1122 3274 sufﬁciat
1152 3219 1551 3287 possessionem
1587 3220 1818 3281 tonenti-
1843 3228 1889 3295 ο
1926 3214 2586 3307 οοιῖευιιπὶ..θοι-ιχεςςιιοχξς
2611 3226 2671 3307 in
2696 3214 3137 3307 inseriptio't'tibus
3160 3214 3528 3307 legum'poni,

208 3307 305 3366 bus
344 3308 651 3363 absentium
683 3308 901 3364 nomine
920 3319 1108 3364 contra
1137 3309 1487 3380 praesentium
1513 3310 1823 3368 violentiam

204 3398 515 3457 subveniri.
564 3399 690 3454 Dat.
724 3399 813 3463 10,
859 3399 1073 3455 Calend.
1104 3400 1383 3459 Novembr.
1430 3402 1824 3475 Constantinop.

164 3550 173 3553 -
208 3497 549 3554 Constantino
582 3494 677 3557 γη
702 3504 749 3558 ot
799 3494 1074 3562 Constante
1119 3493 1178 3555 C.
1212 3494 1281 3557 Ill
1335 3492 1477 3555 Cass.
1511 3495 1663 3570 (526)
1721 3498 1830 3572 (Ea:

210 3592 346 3651 Cod.
377 3590 570 3662 Just).
780 3661 923 3721 Anno
942 3661 1140 3718 Domini
1160 3661 1271 3713 895.

646 3745 876 3801 Paulino
903 3754 950 3801 et
970 3745 1184 3800 Iuliano
1214 3743 1361 3801 Coos.

794 3855 865 3896 DE
887 3853 1246 3899 INPIBIILNDIS.

294 3934 666 3994 Constantinus
687 3932 752 3993 Α.
774 3932 844 3991 ad
863 3932 1126 3991 universos
1148 3929 1519 3993 Provinciales.
1543 3931 1823 4006 Tyranan
1908 3968 1919 3983 ρ

220 4040 276 4086 et
325 4029 569 4101 jndieum
621 4027 741 4098 ejus
767 4025 933 4098 gestis
961 4024 1262 4105 inﬁrmatis,
1312 4039 1473 4081 nemo
1498 4039 1595 4096 per
1618 4023 1826 4081 calum-

217 4122 360 4179 niam
385 4119 557 4177 velitb
614 4118 755 4195 quod
780 4127 972 4192 sponte
1003 4117 1118 4191 ipse
1143 4128 1166 4157 ο
1198 4117 1326 4173 iecit
1358 4126 1604 4174 evertere
1618 4114 1671 4186 ἀ,
1729 4132 1830 4175 nec

216 4212 361 4285 quod
404 4213 640 4284 legitime
685 4220 893 4283 gestum
939 4219 1092 4267 esto.
1148 4208 1275 4273 Dat.
1322 4210 1462 4281 prid.
1498 4209 1585 4271 Id.
1614 4208 1771 4271 Febr.
1805 4208 1826 4251 τ

224 4304 476 4363 Paullino
501 4313 548 4363 ct
577 4303 795 4363 Iuliane
816 4302 960 4361 Cass.
983 4300 1160 4376 (525.)

239 4389 337 4399 ﬂ
756 4414 827 4457 ne
851 4412 1067 4459 ornato
1090 4412 1321 4457 VIG‘ABII.

295 4491 439 4569 Imp.
470 4492 832 4559 Constantinus
873 4494 936 4553 Α.
971 4494 1041 4556 ad
1085 4491 1477 4555 Silvium.......
1513 4491 1827 4562 {Paullum

224 4653 507 4728 ﬂImACod.
541 4655 976 4728 Just._Cartltag.i
995 4662 1050 4715 οι
1076 4655 1209 4728 Aur.
1235 4654 1404 4728 Lugd.
1434 4654 1589 4728 Cons.

295 4736 327 4798 il
362 4726 570 4798 Licinii.
616 4726 763 4785 inira
793 4726 931 4788 Aur.
955 4727 1127 4798 Lugd.
1157 4727 1497 4792 inﬁrmitatis.

294 4796 326 4837 δ
364 4797 398 4853 4
426 4801 575 4855 relid.
605 4798 939 4867 Til.—Ri',
969 4796 1149 4857 veliti.
1210 4798 1377 4855 Recte
1404 4798 1498 4853 Be.
1530 4796 1598 4854 de
1620 4797 1689 4868 cj.
1718 4797 1822 4854 Ge.

222 4868 315 4927 ed.
346 4872 481 4938 velit,
504 4872 648 4941 quod
675 4879 1100 4941 consentaneum
1129 4882 1217 4941 est
1239 4868 1643 4941 orthographim
1670 4870 1823 4925 codi-

225 4884 315 4927 βα.
346 4884 481 4938 rem,
504 4884 648 4941 quoa
675 4884 1100 4941 consentaneum
1129 4884 1214 4925 εει
1239 4884 1643 4996 orthographia)
1670 4885 1685 4924 t

225 4942 332 4995 cis.
374 4941 494 5013 Yid.
526 4954 638 4997 not.
669 4960 702 5013 g
733 4957 816 5012 sq.
847 4950 902 4996 et
931 4940 1070 5013 infra
1100 4940 1242 5013 XVI,
1272 4941 1328 5006 8,
1362 4942 1387 5013 ρ
1435 4982 1453 5013 ,
1483 4952 1598 5013 not.
1630 4944 1685 5013 te.

304 5023 331 5049 ε
369 5012 442 5085 Ita
470 5015 542 5079 4;
598 5011 710 5085 ipse
734 5011 914 5081 sponte
940 5020 1021 5070 est
1050 5012 1103 5074 in
1135 5011 1467 5083 Til.——-Cuj.
1496 5012 1590 5067 2‘.
1631 5012 1717 5067 Ri.
1751 5043 1824 5054 -—

224 5081 335 5155 Bo:
362 5101 377 5149 ;
400 5084 497 5141 ϐο.
529 5081 641 5143 om.
672 5085 803 5155 ipse.

304 5150 340 5192 ἀ
378 5155 486 5213 Pol.
515 5156 622 5212 589
644 5165 672 5193 α
694 5150 824 5215 eod.
853 5156 909 5213 4.

310 5235 338 5264 ⁸
374 5224 429 5283 In
449 5227 570 5284 cod.
595 5227 632 5283 4
662 5235 785 5297 post
810 5236 883 5283 est
901 5225 1027 5283 add.
1050 5226 1344 5283 asteriscus
1381 5225 1677 5297 rubroicol.
1712 5226 1824 5281 Eo-

229 5297 363 5354 dem
389 5298 501 5354 loco
525 5308 609 5381 est
639 5296 933 5380 asteriseus
959 5300 1010 5381 in
1041 5297 1165 5355 edd.
1191 5297 1508 5380 Tii_.—-Cuj.
1534 5296 1605 5352 2"
1630 5297 1821 5422 seu.)

235 5368 497 5422 Putabant
516 5385 664 5422 enim
695 5385 852 5422 nrtmt
891 5369 1128 5422 editores
1182 5380 1447 5422 scriptura
1497 5370 1574 5422 vel
1651 5371 1685 5422 tl
1737 5386 1821 5422 m-

235 5368 497 5427 Putabant
516 5371 664 5426 enim
695 5369 852 5439 primi
891 5369 1128 5426 editores
1182 5368 1447 5439 scriptura
1497 5370 1574 5423 vel
1630 5368 1685 5423 id
1737 5368 1825 5425 in-

232 5440 386 5513 ducti
410 5440 537 5513 (vid.
569 5438 828 5513 not.’uu),
880 5441 1071 5497 deesse
1100 5438 1303 5512 aliquid
1328 5440 1384 5496 in
1408 5448 1650 5496 extrema
1682 5441 1819 5513 lege.

230 5510 362 5567 1am
386 5510 551 5568 oratio
578 5510 829 5568 absoluta
859 5522 960 5568 est.

313 5580 339 5621 ί
380 5580 472 5654 Go.
501 5585 558 5640 in
582 5585 786 5654 Chron.
820 5584 876 5638 b.
901 5597 952 5640 e.
985 5581 1302 5640 Nicomedia:
1326 5582 1505 5639 datam
1557 5596 1680 5640 esse
1725 5598 1823 5654 pu-

230 5662 341 5708 tat.
371 5652 424 5725 4,
451 5655 571 5725 edd.
606 5653 853 5711 Paulino.
1250 5717 1262 5725 ,

311 5734 339 5771 8
369 5724 439 5783 ita
466 5724 515 5780 5.
558 5725 892 5800 Εεςῇόβιιυιιι
917 5741 1047 5800 ergo
1067 5727 1121 5800 in
1169 5724 1414 5785 extremo
1436 5741 1599 5793 versu
1627 5741 1822 5800 novent

232 5794 557 5883 ῑίξςςαῖνρξι
605 5796 829 5883 Silvis.“
848 5839 871 5883 ι,
903 5794 1443 5883 Esquilinae»!!er
1462 5843 1478 5869 ς
1498 5799 1822 5883 thesim"

232 5869 717 5944 essescripturam.
745 5867 879 5929 Post
906 5867 1133 5933 Silvium
1166 5867 1379 5933 videtur
1409 5867 1472 5940 in
1493 5871 1558 5932 C.
1603 5870 1705 5930 Th.
1736 5869 1822 5931 ἰη-

1932 3311 2039 3352 non
2072 3297 2347 3352 recordor.
2376 3297 2457 3353 Cl.
2499 3296 2758 3355 Vicurium
2792 3294 2996 3359 Italico,
3030 3295 3171 3366 quod
3208 3294 3425 3354 nimis—a
3457 3296 3533 3355 si-

1931 3366 2020 3438 glo
2046 3366 2247 3438 ctsdicis
2274 3378 2536 3423 remotum
2566 3378 2666 3424 est.
2704 3368 2953 3438 Fortasse
2984 3367 3037 3423 in
3066 3366 3252 3424 Codice
3271 3367 3528 3438 scriptum

1933 3436 2049 3512 ét‘at
2074 3436 2190 3512 ῖῆῑῖ.
2224 3456 2288 3497 ex
2307 3456 2420 3512 quo
2448 3442 2698 3497 librarius
2722 3437 2845 3494 fecit
2874 3438 3083 3512 paulum
3110 3454 3247 3510 mag.
3279 3437 3434 3512 lianc
3456 3438 3526 3507 cj.

1972 3507 2267 3569 rubabilem
2298 3507 2423 3571 facit
2449 3528 2554 3569 non
2576 3513 2750 3571 solum
2772 3528 2826 3566 v.
2852 3507 3074 3580 gravitas
3090 3507 3218 3580 tua,
3243 3507 3337 3563 sed
3366 3510 3528 3580 etiam

1972 3526 2267 3569 runauuem
2298 3526 2423 3571 taett
2449 3528 2554 3569 non
2576 3526 2750 3571 selum
2772 3528 2826 3566 v.
2852 3526 3074 3580 gravitas
3100 3526 3218 3573 tua,
3243 3526 3337 3563 seu
3366 3526 3528 3563 etiam

1935 3526 2063 3641 illud
2087 3624 2101 3649 ,
2134 3584 2277 3653 quod
2305 3583 2463 3653 hujus
2489 3599 2540 3643 a.
2576 3583 2753 3639 nullus
2788 3582 2927 3653 alius
2966 3579 3248 3653 prmfectus
3278 3571 3533 3653 praelorl'o

1932 3652 2099 3725 itali-.1:
2125 3650 2501 3725 cognitus'est.
2535 3655 2738 3709 Tamen
2784 3652 2837 3725 in
2869 3668 2928 3708 re
2970 3650 3155 3725 dubia_
3184 3651 3533 3722 acquiescen-

1933 3722 2215 3855 όυέηὸθεῧό
2243 3726 2428 3798 putavi
2456 3727 2511 3789 in
2545 3725 2662 3798 ipsa
2692 3723 2959 3796 scripturo
2989 3722 3210 3783 codicis.

2180 3814 2225 3855 ϐ.

2180 3814 2225 3855 ϐ.

2010 3878 2033 3940 ξ
2058 3868 2095 3940 5
2122 3885 2268 3940 quos.
2300 3869 2397 3929 Pu.
2429 3886 2553 3938 qua.

2007 3935 2034 3976 ἀ
2065 3934 2178 4012 Ba.
2207 3940 2277 4012 cj.
2311 3934 2550 3997 tractum.
2584 3938 2691 3998 Sed
2719 3938 2830 3997 vid.
2887 3952 2938 4001 c.
2965 3936 3000 3994 4
3022 3979 3038 4007 ,
3095 3936 3196 4005 ιο.
3240 3935 3345 4009 i2,
3372 3937 3439 3995 15
3467 3934 3531 3995 C.

1936 4009 2040 4071 Th.
2071 4011 2140 4073 de
2165 4009 2381 4082 Legatis
2412 4013 2527 4082 (Xll
2548 4056 2561 4080 ,
2595 4012 2707 4085 η).

2012 4093 2034 4155 (Ξ
2066 4086 2099 4143 5
2125 4079 2356 4143 debeant.
2387 4079 2485 4153 Plu.
2516 4079 2703 4143 errore
2732 4092 2843 4155 lyp.
2872 4080 3045 4149 debet,
3073 4081 3205 4152 imp.
3243 4079 3433 4139 Schro.

2010 4151 2032 4192 ί
2072 4156 2106 4229 ᾇ
2133 4157 2243 4228 qui,
2275 4151 2439 4213 rubro
2465 4158 2571 4211 col.
2604 4172 2720 4229 em.
2742 4151 2875 4229 qum.

2009 4234 2035 4277 8
2070 4220 2416 4306 Qe'estotiam
2449 4230 2502 4306 in
2522 4228 2665 4306 ⁵(ὲοά.
2692 4220 2859 4306 ,ιιῐξιζ
2889 4223 3213 4306 ἰξιθςὶηῳιεξη
3241 4221 3295 4306 It.
3329 4237 3379 4278 c.
3410 4220 3532 4279 data

1935 4307 2038 4431 ξ(ξὲ
2069 4300 2234 4427 Ετῶοτ
2262 4301 2422 4372 igitur
2449 4300 2662 4358 videtur
2688 4300 2792 4372 ipsi
2820 4295 3004 4360 Codici
3029 4295 3132 4355 Th.
3167 4295 3361 4355 insitus
3389 4309 3531 4353 esse.

1988 4387 2000 4427 ι
2046 4388 2126 4428 .n
2189 4414 2202 4427 .
2237 4390 2308 4431 nt.

1988 4379 2058 4429 td.
2088 4379 2202 4428 not.
2237 4390 2308 4431 nt.

2007 4438 2037 4524 ξ
2075 4443 2207 4524 god.
2240 4444 2377 4524 J_ust.
2408 4459 2518 4524 om.
2543 4444 2626 4524 id._
2705 4520 2747 4524 _
2848 4520 2858 4524 _
2896 4519 2908 4524 _
3119 4512 3142 4524 ﬂ
3175 4512 3186 4524 ι

2014 4512 2032 4555 ί
2074 4514 2211 4593 θοάς
2251 4515 2388 4593 Just:
2424 4515 2677 4593 Treveris.
2704 4519 2941 4593 Treviris
2975 4530 3083 4593 non
3115 4512 3215 4593 fuit
3254 4511 3358 4593 hoc
3390 4525 3532 4592 anno

1935 4584 2319 4643 Constantinus
2338 4588 2433 4651 M.,
2460 4603 2645 4647 verum
2669 4592 2722 4648 in
2752 4590 3062 4647 Macedonia
3092 4594 3148 4640 et
3177 4585 3229 4639 in
3260 4582 3531 4653 Bithynia.

1848 4630 1904 4694 D
1931 4630 2251 4733 ᾇᾷῗῖξίίῖίξ
2259 4630 2645 4733 3:55.1312'.’
2658 4630 2722 4733 ᾖξ’
2743 4630 3235 4733 ἧῖἰῖἔιὲἒέἦῖὐιὲὶζ
3261 4630 3535 4724 ῖιὶ-Β’⁴ἠ’έᾶὶ

1929 4729 2038 4785 dita
2065 4729 2181 4787 scil.
2214 4729 2296 4785 Pl".
2328 4729 2389 4787 P.
2421 4729 2736 4788 Galliarum.

2004 4803 2017 4851 i
2067 4801 2122 4864 4,
2158 4800 2279 4855 edd.
2313 4801 2445 4856 Cod.
2474 4800 2614 4856 Just.
2643 4803 2889 4859 Paulino.
2921 4801 3039 4857 Fol.
3070 4799 3209 4856 285“
3235 4796 3357 4853 cod.
3387 4798 3444 4852 4.

2000 4868 2027 4913 ἰ
2071 4871 2274 4929 Desunt
2305 4874 2405 4927 hac
2435 4871 2573 4935 loco,
2601 4876 2746 4931 serie
2774 4876 3046 4932 literarum
3078 4866 3199 4927 eod.
3236 4871 3261 4924 1
3294 4886 3322 4922 a
3344 4868 3406 4923 P.
3440 4884 3536 4923 ex-

1929 4941 2085 4999 hibiti
2111 4953 2347 5012 spectata
2376 4943 2612 5012 quinque
2637 4947 2857 5013 litterae,
2884 4946 2985 5002 etsi
3009 4945 3069 4999 P.
3093 4943 3339 4997 lacunam
3362 4939 3532 4995 tribus

1926 5022 2133 5090 tantum
2158 5014 2368 5090 punctis
2396 5014 2619 5090 indicat.
2643 5018 2704 5074 P.
2729 5033 2887 5090 quem
2910 5017 3009 5073 Pu.
3036 5025 3251 5070 secutus
3277 5023 3382 5079 est,
3399 5025 3533 5090 sup-

1927 5085 2039 5161 plet
2066 5083 2274 5161 accidit,
2316 5087 2472 5158 impr.
2504 5084 2619 5156 W.,
2660 5083 2760 5161 qui
2795 5104 2948 5158 prop.
2982 5096 3264 5161 noscuntur
3301 5099 3349 5161 s_.
3371 5083 3532 5161 juvee

1930 5153 2421 5231 niunturatlvocati,
2467 5153 2653 5216 conlra
2677 5153 3014 5231 scripturam
3054 5157 3201 5231 eod.,
3244 5156 3340 5231 qui
3365 5153 3533 5231 habet

1927 5228 2384 5301 advocatis.|Ego,
2411 5233 2664 5301 quoniam
2686 5225 2823 5288 nihil
2851 5230 3077 5287 inveniri
3110 5225 3273 5301 posse
3294 5225 3525 5301 videtur,

1970 5299 2072 5354 uod
2096 5296 2394 5374 conveniat
2418 5296 2443 5370 ,⁷
2477 5303 2717 5361 codicem
2765 5296 3164 5374 repraesentata.
3205 5298 3342 5355 Cod.
3382 5296 3522 5351 Just.

1930 5314 2072 5427 guou
2111 5314 2434 5370 conventat,
2477 5314 2717 5361 coaicem
2765 5319 2909 5374 repra

1977 5374 1993 5424 i
2019 5372 2106 5441 qui
2130 5372 2496 5428 advocatorum
2525 5375 2909 5431 existimationi.

2004 5440 2024 5485 ι
2065 5440 2201 5501 Cod.
2240 5443 2379 5501 Just.
2403 5444 2529 5503 add.
2552 5448 2669 5503 sub.

2111 5460 2201 5499 θα.
2240 5460 2379 5501 ωει.
2403 5460 2529 5503 που.
2552 5460 2669 5503 που.

1999 5523 2040 5552 ω
2082 5515 2136 5569 ln
2160 5531 2212 5568 ν.
2255 5515 2561 5573 honorarior
2589 5518 2786 5574 desinit
2817 5517 3001 5575 folium
3036 5515 3249 5572 tertium
3291 5510 3413 5567 cod.
3461 5512 3524 5578 i;

1926 5600 2047 5658 (iure
2073 5597 2372 5657 sequuntur
2393 5589 2563 5646 literis
2585 5590 2856 5646 inclinatis
2884 5583 3260 5658 impressa,W.
3290 5585 3527 5639 restituit

1929 5671 1994 5713 ex
2016 5656 2165 5714 Cod.
2193 5660 2357 5725 Just.,
2392 5661 2464 5717 ita
2489 5672 2687 5726 tamen,
2710 5669 2769 5717 ut
2786 5656 3107 5717 sententiam
3148 5664 3350 5711 tantum
3373 5671 3527 5710 secn-

1929 5736 2013 5783 lus
2043 5729 2146 5801 sit,
2181 5741 2397 5800 propter
2424 5743 2680 5788 mutatam
2706 5732 2868 5788 totius
2893 5729 3157 5787 orationis
3179 5736 3522 5801 structuram.

1998 5807 2028 5837 τι
2066 5800 2199 5873 Cod.
2227 5801 2363 5873 Just.
2398 5802 2523 5859 add.
2549 5805 2738 5873 fuerint
2760 5803 2969 5860 inventi.

1925 5926 1937 5932 -
2002 5880 2027 5908 ο
2065 5871 2198 5930 Cod.
2234 5872 2370 5939 Just.
2397 5889 2505 5933 om.
2533 5871 2708 5947 igitur.
