4112 6184
659 211 800 266 i025

1889 205 2081 262 MAR"
2127 204 2464 262 \‘lCTORlNI
2517 206 2680 262 AFRI

3759 221 3856 278 10'“

657 333 970 398 paruerunt.
1011 324 1389 396 Apparuerunt
1431 330 1613 379 autem
1641 330 1695 378 et
1719 327 1790 396 μή
1828 319 1974 378 ὄντα.
2007 321 2250 392 Ipsorum
2279 323 2332 383 Α
2357 331 2504 389 sunt,
2533 338 2642 378 non
2672 337 2793 394 qua:
2821 339 2953 381 vere
2979 333 3123 380 sunt.
3153 325 3343 382 Anima
3372 326 3525 398 igitur
3542 333 3860 401 comprehendit

661 427 840 475 autem
870 433 990 490 qua:
1025 427 1189 482 sunt,
1236 417 1338 474 alia
1366 425 1494 472 sunt
1521 431 1648 472 vere
1671 431 1793 486 qua:
1819 423 1975 480 sunt,
2009 415 2111 470 alia
2134 429 2252 485 qua}

663 521 808 573 sunt,
831 510 932 564 alia
961 524 1081 580 quae
1098 524 1204 564 non
1228 524 1354 564 vere
1383 524 1487 565 non
1517 515 1663 576 sunt,
1693 507 1796 562 alia
1824 522 1943 578 qua:
1970 522 2077 562 non
2104 516 2272 560 sunt.-

664 605 733 659 At
759 601 849 656 illa
885 617 1006 672 qua:
1032 615 1159 655 vere
1189 616 1295 654 non
1325 610 1472 666 sunt,
1504 613 1607 653 non
1639 598 1829 667 recipit
1857 598 1910 652 in
1937 611 2059 652 esse
2085 597 2256 667 pleni-

664 695 794 751 tudo
825 695 938 749 Dei.
967 693 1126 749 Juxta
1153 693 1294 748 enim
1321 693 1372 746 id
1393 692 1535 762 quod
1567 701 1650 747 est
1677 707 1822 755 esse,
1849 700 1905 746 et
1928 691 1980 745 id
2005 691 2148 761 quod
2175 700 2259 746 est

663 788 843 858 aliquo
870 786 1031 841 modo
1061 800 1200 849 esse,
1237 783 1510 854 plenitudo
1543 783 1656 838 Dei.
1683 782 1968 839 Plenitudo
1995 783 2141 837 enim
2177 791 2260 837 est

663 892 727 960 τῇ
753 883 878 958 μόνῃ
904 883 1119 956 ἐμφάσει
1141 880 1406 934 existente
1437 879 1487 932 in
1520 878 1868 947 intelligentia
1901 891 2088 933 eorum
2140 891 2260 946 qua:

665 989 792 1030 vere
822 988 926 1028 non
957 981 1082 1026 sunt
1115 988 1129 1025 :
1163 986 1282 1041 qua:
1311 969 1463 1040 juxta
1490 970 1906 1040 subjectionem,
1935 969 2004 1022 ab
2035 969 2116 1024 his
2143 983 2262 1038 qua:

667 1082 776 1122 non
818 1080 943 1121 vere
989 1063 1204 1134 quidem
1254 1073 1399 1117 sunt.
1432 1062 1673 1130 Quodam
1708 1071 1885 1116 tamen
1937 1061 2099 1116 modo
2145 1068 2263 1122 νοῦς

669 1169 861 1214 cuncta
917 1156 1176 1227 incipiens
1199 1197 1215 1224 ,
1263 1155 1550 1227 imaginata
1580 1164 1662 1211 est
1697 1155 1838 1211 circa
1871 1154 1924 1210 id
1968 1154 2110 1226 quod
2139 1167 2266 1210 vere

673 1266 780 1308 non
812 1260 915 1307 08L

747 1344 858 1399 VII.
890 1343 1026 1399 Audi
1052 1342 1500 1414 quemadmodum
1527 1341 1670 1398 dico.
1701 1343 1835 1399 Sunt
1857 1343 2099 1414 quaedam
2125 1345 2268 1415 ejus-

672 1436 842 1502 modi,
869 1450 989 1506 qua}
1020 1445 1146 1490 sunt
1177 1444 1362 1489 natura
1395 1435 1698 1502 manifesta,
1728 1435 1868 1490 sicut
1901 1452 2020 1504 qua:
2051 1446 2180 1490 sunt
2215 1446 2269 1492 et

673 1529 856 1585 omnia
886 1527 1289 1597 supercmlestia
1319 1545 1332 1581 :
1364 1536 1420 1581 ut
1465 1529 1525 1584 τὸ
1575 1534 1801 1601 πνεῦμα,
1849 1531 1937 1583 καὶ
1989 1527 2016 1583 ὁ
2051 1534 2194 1594 νοῦς,
2238 1530 2270 1587 ἡ

674 1624 852 1697 ψυχή,
881 1624 939 1680 τὸ
961 1623 1144 1696 νόημα,
1173 1624 1204 1681 ἡ
1233 1621 1470 1688 παιδεία,
1498 1625 1529 1681 ἡ
1557 1624 1738 1698 ἀρετὴ,
1768 1621 1962 1696 ὁλὸγος
1987 1665 2002 1689 ,
2052 1623 2267 1691 Opinio,

2359 430 2480 487 qua:
2507 431 2631 472 vere
2667 425 2791 471 sunt
2821 435 2834 470 :
2865 419 3118 486 quoniam
3159 420 3203 473 si
3243 419 3530 490 ingreditur
3563 431 3664 486 νοῦς
3698 426 3740 480 in
3775 432 3859 483 ani-

2361 523 2500 562 mam
2553 507 2964 565 intellectualem
2995 552 3008 575 ,
3084 511 3486 580 comprehendit
3541 513 3651 570 item
3699 527 3740 572 et
3775 517 3863 579 im

2360 602 2550 662 ἀληθῶς
2595 602 2880 671 :intelligit
2918 602 3060 658 enim
3106 604 3282 658 anima
3312 606 3556 674 quoniam
3597 609 3740 662 anima
3770 626 3860 670 est:

2361 702 2415 749 et
2455 693 2532 748 sic
2557 695 2625 748 ab
2657 695 2720 749 iis
2748 695 2803 765 ἀί
2822 696 3012 759 ἀληθῶς
3037 693 3160 754 ὄντα
3183 701 3313 763 εἰσὶ,
3347 699 3672 770 intelligentia
3701 703 3866 762 efﬁcitur

2364 800 2551 842 eorum
2591 803 2711 856 qum
2750 798 2896 842 sunt.
2948 789 3020 844 At
3065 805 3194 844 vero
3233 791 3331 844 alia
3374 807 3490 860 quae
3535 809 3629 847 non
3667 811 3769 850 rere
3795 814 3862 854 non

2365 887 2510 943 sunt,
2542 886 2595 932 et
2622 893 2742 948 quae
2769 893 2872 932 non
2901 890 3043 946 sunt,
3078 881 3148 933 ab
3175 881 3292 935 istis
3320 881 3696 953 intelligentiam
3714 901 3867 946 sumunt

2368 984 2464 1040 per
2512 972 2926 1026 conversionem
2978 973 3346 1043 intelligentite
3390 981 3479 1030 τοῦ
3523 973 3667 1037 ὄντος.
3724 978 3867 1035 Etenim

2368 1081 2475 1120 non
2504 1065 2816 1135 intelligitur
2843 1068 2900 1122 τὸ
2929 1072 2999 1139 μή
3019 1063 3072 1122 ὃν
3093 1067 3388 1122 secundum
3410 1068 3546 1136 quod
3573 1083 3665 1123 non
3690 1085 3767 1125 ens
3787 1076 3867 1129 :sed

2363 1160 2514 1232 juxta
2537 1163 2594 1217 τὸ
2618 1156 2670 1215 ὂν
2693 1161 3005 1230 intelligitur
3025 1163 3082 1218 τὸ
3097 1167 3167 1234 μὴ
3192 1158 3263 1216 ὂν.
3288 1161 3556 1231 Accipiter
3573 1177 3685 1234 ergo
3699 1167 3747 1220 τὸ
3760 1172 3810 1235 μή
3823 1162 3866 1230 ‘w,

2370 1256 2520 1328 quasi
2548 1255 2793 1326 qumdam
2823 1255 3194 1310 exterminatio
3233 1262 3322 1312 τοῦ
3365 1253 3524 1318 ὄντος.
3569 1256 3867 1314 Exterminatio

2371 1358 2548 1404 autem
2594 1348 2938 1417 intiguratum
2979 1346 3248 1418 quoddam
3296 1357 3402 1411 εει,
3437 1357 3491 1401 et
3540 1363 3635 1402 non
3660 1358 3730 1403 est
3763 1359 3804 1404 ut
3822 1349 3869 1404 ὃν.

2373 1440 2546 1496 Omne
2565 1440 2707 1494 enim
2728 1441 2788 1496 τὸ
2811 1439 2864 1494 ὂν
2885 1440 2936 1494 in
2963 1439 3244 1494 existentia
3274 1439 3358 1494 vel
3399 1439 3868 1511 qualitateﬁguratum

2373 1542 2428 1590 et
2470 1533 2774 1587 vultuatum
2826 1541 2926 1587 est.
3000 1531 3344 1601 Inliguratum
3413 1544 3620 1594 autem.
3683 1533 3868 1603 quoddam

2374 1624 2574 1694 aliquid
2602 1633 2722 1679 est:
2755 1623 2875 1678 ideo
2917 1625 2974 1680 τὸ
3013 1630 3083 1696 μή
3123 1622 3177 1678 ὂν
3219 1624 3420 1694 aliquid
3445 1624 3790 1694 quodammodo
3805 1637 3867 1681 est.

674 1715 959 1790 perfectio,
993 1715 1280 1781 sententia,
1304 1715 1430 1778 vita,
1465 1715 1813 1785 intelligentia
1845 1732 1857 1768 :
1891 1724 1945 1769 et
1972 1714 2147 1769 adhuc
2173 1730 2266 1769 su-
2300 1725 2346 1784 B
2371 1716 2508 1774 Sunt
2545 1731 2674 1786 ergo
2702 1720 2768 1773 τὰ
2792 1721 2862 1777 μὴ
2901 1714 3021 1774 ὅντα
3050 1734 3063 1770 :
3097 1727 3151 1772 et
3179 1716 3301 1772 ideo
3339 1715 3500 1772 etiam
3532 1726 3645 1770 sunt
3683 1733 3869 1787 quatere

677 1809 894 1880 perius,
945 1806 1388 1874 existentialitas,
1425 1805 1686 1870 vitalitas,
1741 1805 2182 1876 intelligentitas:
2215 1815 2271 1860 et

677 1901 855 1956 adhuc
897 1916 1061 1970 super
1089 1901 1266 1955 omnia
1308 1901 1406 1955 ista
1428 1942 1441 1965 ,
1472 1897 1524 1955 ὂν
1548 1900 1696 1973 μόνον
1726 1917 1738 1952 :
1771 1907 1825 1954 et
1854 1899 1992 1954 istud
2019 1896 2047 1954 ὅ
2076 1901 2188 1955 ἐστι
2219 1898 2270 1954 ἓν

679 1997 828 2070 μόνον
869 1992 945 2050 ὅν.
990 1995 1046 2050 1η
1089 1995 1188 2050 ista
1215 1995 1260 2050 si
1282 1997 1423 2067 ἡμῶν
1450 2000 1567 2056 νοῦς
1597 2003 1742 2049 recte
1773 1993 2093 2063 ingreditur,
2124 2008 2273 2047 com-

681 2087 963 2160 prehendit
992 2088 1088 2142 ista
1116 2096 1170 2142 et
1198 2087 1265 2142 ab
1291 2086 1373 2140 his
1401 2088 1661 2141 formatur
1687 2103 1700 2139 :
1730 2095 1784 2142 et
1817 2095 1922 2140 stat
1968 2085 2274 2156 intelligen-

681 2184 776 2251 tia,
799 2182 911 2252 jam
955 2196 1057 2235 non
1087 2180 1138 2235 in
1163 2181 1478 2236 confusione
1500 2179 1856 2251 inquisitionis
1883 2181 2139 2236 existens.
2167 2179 2273 2236 Sed

679 2276 931 2347 quoniam
961 2274 1310 2344 intelligentia
1341 2273 1462 2328 talis
1490 2273 1559 2328 de
1584 2274 1755 2329 altero
1784 2281 1888 2340 est,
1920 2272 2276 2342 comprehen-

681 2371 766 2426 sio
799 2379 856 2425 et
893 2368 1135 2425 deﬁnitio
1163 2367 1408 2440 quaedam
1456 2367 1710 2423 efﬁcitur.
1762 2367 1882 2424 Alia
1928 2365 2052 2424 ὄντα
2097 2367 2272 2425 solum

682 2459 806 2519 ὄντα
831 2475 951 2516 esse
981 2460 1329 2531 intelligimus
1361 2479 1375 2515 :
1400 2459 1652 2531 quoniam
1673 2461 1725 2515 in
1751 2475 1818 2516 eo
1849 2460 1993 2530 quod
2019 2459 2276 2531 quidquid

685 2554 790 2610 tale
817 2563 898 2608 est
917 2593 934 2618 ,
980 2553 1202 2607 alterius
1229 2561 1314 2608 est
1341 2561 1397 2606 et
1425 2551 1564 2606 aliud
1583 2593 1596 2613 ,
1629 2561 1687 2607 ut
1718 2552 2080 2607 intellectuale
2103 2551 2169 2606 ad
2197 2552 2279 2606 in-

684 2645 1018 2704 telleCtibile.
1071 2647 1214 2717 Ergo
1251 2645 1635 2701 intellectibilia
1682 2655 1808 2700 sunt
1864 2661 1925 2701 ea
1978 2661 2098 2718 quae
2151 2662 2278 2701 vere

685 2753 812 2799 sunt
840 2761 852 2797 :
885 2743 988 2798 alia
1020 2759 1139 2813 quae
1168 2750 1371 2798 tantum
1399 2751 1544 2807 sunt,
1581 2741 1978 2798 intellectualia.
2011 2741 2147 2796 Sunt
2185 2757 2281 2794 att-

689 2845 795 2892 tem
820 2837 918 2890 ista
945 2836 1147 2902 omnia,
1180 2835 1479 2890 animarum
1507 2834 1560 2889 in
1597 2843 1782 2888 natura
1816 2833 2277 2898 intellectualium,

688 2930 926 2986 nondum
959 2929 1291 2985 intellectum
1333 2928 1677 2991 habentium;
1725 2943 1843 2997 quae
1885 2935 2041 2993 sunt,
2091 2927 2186 2981 sed
2213 2926 2278 2980 ad

690 3022 1097 3092 intelligentiam
1135 3019 1560 3076 accommodata.
1593 3019 1868 3074 Excitatus
1893 3019 2035 3074 cnim
2084 3019 2134 3073 in
2165 3017 2280 3072 ani-

2376 1826 2482 1866 non
2503 1819 2629 1865 sunt
2661 1829 2674 1866 :
2697 1820 2750 1865 et
2775 1811 2984 1880 petiora
3004 1820 3126 1864 sunt
3151 1810 3216 1864 ad
3242 1810 3291 1865 id
3320 1809 3466 1881 quod
3494 1820 3720 1877 estesse,
3737 1826 3868 1881 eaque

2374 1917 2481 1958 non
2508 1917 2635 1958 vere
2661 1917 2766 1956 non
2795 1912 2956 1968 sunt,
2990 1917 3150 1973 quam
3181 1919 3299 1972 quae
3327 1909 3400 1976 μή
3427 1901 3550 1960 ὄντα
3573 1913 3701 1958 sunt.
3721 1903 3869 1974 Pmptct

2373 1997 2516 2068 quod
2567 1995 2796 2052 efﬁcitur
2845 2005 2945 2054 τῶν
2965 1993 3122 2053 ὄντων
3157 1997 3376 2068 quidam
3416 1998 3660 2053 naturalis
3684 1998 3785 2053 ordo
3816 2006 3867 2053 τσῦ

2377 2089 2535 2156 ὄντος,
2560 2093 2624 2147 τὰ
2649 2088 2791 2148 ὄντα.

2447 2183 2538 2239 ΙΧ.
2571 2183 2815 2239 Diximus
2865 2199 2995 2253 ergo
3043 2198 3163 2254 qua:
3191 2192 3346 2250 sunt,
3380 2193 3439 2240 et
3470 2184 3623 2238 etiam
3665 2198 3760 2255 qua:
3794 2198 3870 2238 vere

2376 2283 2520 2331 sunt.
2551 2275 2802 2329 Dicamus
2833 2289 2976 2329 nunc
3002 2290 3122 2346 qua:
3151 2275 3262 2330 sint
3285 2290 3410 2346 quae
3449 2290 3573 2332 vere
3595 2290 3686 2331 non
3709 2283 3820 2340 sunt,
3839 2286 3867 2329 et

2377 2383 2499 2439 qua:
2523 2367 2632 2422 sint
2653 2383 2770 2438 qttu‘
2798 2383 2904 2422 non
2935 2376 3084 2423 sunt.

2450 2461 2802 2532 Intelligibilis
2845 2471 2900 2517 et
2939 2461 3318 2518 intellectualis
3361 2478 3489 2519 cum
3540 2462 3606 2518 sit
3640 2463 3720 2518 Dei
3751 2475 3870 2517 essen-

2382 2556 2454 2611 tia
2511 2564 2566 2611 et
2641 2555 2912 2626 potenlia,
2954 2555 3102 2623 juxta
3151 2555 3557 2626 intelligentiam
3612 2562 3871 2626 apparuerunt

2380 2657 2572 2704 cuncta
2595 2663 2714 2717 qure
2737 2656 2881 2702 sunt.
2903 2647 3009 2704 Sed
3027 2648 3376 2719 intelligentia
3395 2650 3665 2720 dupliciter
3677 2656 3869 2718 opentur:

2382 2753 2476 2793 sua
2508 2739 2720 2810 prepria
2755 2741 2988 2807 potentia
3035 2739 3381 2795 intellectuali
3410 2782 3426 2808 ,
3455 2749 3508 2797 et
3528 2741 3665 2812 juxta
3691 2737 3873 2793 limitatio-

2384 2844 2506 2885 nem
2540 2829 2890 2900 intelligendi,
2925 2831 3088 2885 etiam
3112 2845 3295 2888 sensu.
3330 2832 3538 2889 Rursus
3565 2843 3717 2887 autem
3736 2843 3872 2892 sensus,

2384 2924 2727 2979 simulacrum
2797 2938 2916 2978 cum
2983 2925 3053 2978 sit
3113 2925 3366 2980 intellecti
3451 2935 3508 2981 et
3572 2925 3873 2980 lintitamentum

2387 3015 2734 3086 intelligendi,
2751 3015 2793 3069 si
2809 3015 3040 3086 perfecte
3055 3018 3281 3086 percipit
3293 3019 3650 3088 operationem
3662 3016 3871 3085 intelligen-

691 3115 819 3172 ηιθὸ
846 3121 998 3181 νοῦς,
1046 3113 1461 3169 intellectualem
1503 3112 1796 3183 potentiam
1827 3111 2020 3166 anima:
2050 3111 2282 3166 illustrat
2307 3121 2352 3183 ρ
2386 3107 2472 3162 tiae
2496 3123 2614 3178 qua:
2640 3108 2790 3162 illum
2840 3107 3093 3163 fortiﬁcat
3120 3110 3174 3165 in
3204 3112 3420 3180 cperari
3453 3123 3606 3182 atque
3641 3125 3781 3180 agere,
3803 3104 3872 3159 elﬁ-

691 3220 746 3265 et
776 3210 1039 3264 illuminat
1064 3249 1077 3272 ,
1114 3217 1169 3263 et
1195 3207 1530 3262 intellectual
1559 3221 1621 3261 ac
1650 3207 1838 3276 figurat
1863 3225 1874 3259 :
1902 3214 1958 3260 et
1987 3205 2282 3260 innascitur

691 3291 890 3359 animm
916 3301 1267 3372 intelligentia
1297 3310 1457 3372 atque
1488 3299 1762 3368 perfectio.
1807 3297 2014 3353 Idcirco
2056 3305 2110 3352 et
2156 3297 2286 3352 sub-

694 3398 889 3453 stantia
908 3396 1103 3450 dicitur
1123 3395 1325 3461 anima,
1356 3394 1608 3462 quoniam
1637 3395 1813 3447 omnis
1844 3391 2139 3447 substantia
2159 3391 2287 3445 sub-

689 3491 890 3562 jectum
931 3497 1034 3544 est.
1076 3487 1388 3558 Sobjectum
1424 3494 1604 3541 autem
1634 3484 1788 3539 alteri
1816 3483 1974 3539 alicui
2008 3483 2284 3552 subjaeet:

702 3583 938 3652 subjaeet
979 3589 1161 3636 autem
1210 3579 1387 3634 anima
1431 3587 1506 3653 τῷ
1550 3578 1672 3642 νόει,
1726 3586 1779 3632 et
1826 3579 2079 3648 πνεύματι
2103 3575 2232 3649 ἁγίῳ
2259 3578 2289 3636 ἡ

703 3675 923 3749 ὕπαρξις
951 3682 1042 3735 τῆς
1067 3671 1273 3751 ψυχῆς.
1303 3671 1608 3727 Snbstantia
1634 3671 1794 3739 igitur
1813 3667 2014 3722 anima.

767 3763 912 3836 ,VlIl.
940 3762 1132 3820 Omnia
1175 3779 1302 3834 ergo
1330 3779 1450 3835 qure
1498 3762 1711 3831 animae,
1739 3768 1901 3829 sunt,
1951 3760 2126 3816 solum
2172 3756 2298 3815 ὄντα

2385 3200 2524 3256 citur
2561 3215 2752 3255 sensus
2798 3202 3130 3273 propinquus
3159 3212 3318 3274 atque
3345 3204 3555 3259 vicinus
3595 3218 3718 3274 porte
3752 3197 3875 3254 intelli-

2385 3293 2599 3364 gentia.
2635 3293 2700 3348 Et
2727 3295 2824 3348 ista
2861 3305 2940 3348 est
2960 3310 3080 3364 qua:
3107 3295 3348 3351 caelestia
3389 3293 3875 3365 comprehendit,etei

2391 3403 2511 3454 quae
2547 3387 2601 3441 in
2643 3387 2867 3452 esthere,
2903 3395 2957 3441 et
2987 3402 3052 3440 ea
3087 3403 3206 3458 qua:
3254 3388 3306 3443 in
3353 3397 3542 3443 natura
3577 3397 3627 3442 et
3655 3402 3706 3440 ea
3745 3396 3826 3453 qua
3849 3381 3876 3430 in

2393 3478 2486 3554 ὕλῃ
2513 3480 2802 3548 gignuntur
2823 3487 2876 3533 et
2902 3479 3280 3549 regignuntur,
3319 3492 3372 3533 et
3396 3481 3503 3534 alia
3529 3475 3874 3549 hujusmodiquo-

2396 3588 2514 3627 rum
2555 3581 2637 3626 est
2673 3572 2906 3642 potentia
2930 3572 2980 3626 in
3003 3572 3236 3627 sensuali
3257 3570 3604 3644 intelligentia
3637 3560 3874 3626 :etestillud

2398 3680 2519 3721 esse
2541 3665 2935 3735 quodammodo
2955 3679 3075 3720 esse
3096 3675 3276 3720 etnon
3298 3681 3442 3721 esse.
3465 3665 3658 3721 Cretum
3679 3661 3878 3720 eteniml

2402 3759 2583 3815 omnia
2611 3760 2663 3813 in
2693 3773 2784 3824 eo,
2809 3768 2861 3814 et
2893 3757 3173 3814 universus
3211 3758 3447 3814 tnundus
3470 3775 3536 3816 ex
3565 3759 3649 3833 ὕλῃ
3677 3753 3878 3811 consistens

2039 3896 2403 3957 VARIORUM
2440 3897 2671 3954 NOTAE.

774 4020 893 4075 Alia
915 4034 1031 4090 qua:
1054 4033 1154 4072 non
1176 4033 1290 4090 vere
1309 4033 1411 4090 non
1435 4025 1570 4071 sunt.
1606 4015 1679 4071 Ita
1703 4015 1832 4072 edit.
1857 4015 2062 4090 Manili.
2089 4021 2158 4088 μὴ
2175 4017 2294 4090 ἀλῃ-

701 4096 799 4155 θῶς
827 4097 898 4166 uri
928 4086 1068 4154 ὄντα,
1098 4099 1156 4144 ιιι
1183 4089 1326 4166 infra
1353 4089 1819 4166 ipsemet-auctor.
1853 4086 2153 4166 Orthodox.
2174 4087 2297 4166 alia

703 4158 934 4234 qtuenon
968 4179 1082 4216 vere
1108 4171 1245 4216 sunt.
1281 4161 1399 4234 Mox
1435 4159 1631 4234 Mabill.
1663 4159 1840 4234 minus
1879 4168 2025 4213 recte
2056 4176 2068 4210 :
2105 4158 2298 4234 Atlan

704 4229 878 4289 Q—non
904 4235 1090 4303 recepit
1107 4229 1477 4288 esse—Juxta
1497 4231 1630 4284 enim
1657 4229 1793 4301 quod
1816 4238 1888 4283 est
1904 4244 2029 4296 esse,
2054 4239 2101 4283 et
2124 4229 2298 4300 aliqua

706 4307 858 4362 modo
890 4321 997 4359 esse
1019 4305 1305 4373 plenitudo.

779 4385 856 4454 Tfi
879 4378 1006 4452 μόνῃ
1021 4371 1249 4452 ἐμφάσει
1271 4374 1532 4428 existente.
1552 4371 1777 4438 Mabill.,
1800 4371 1914 4427 sola
1930 4372 2161 4442 emphasi
2191 4372 2299 4428 exi-

707 4451 920 4504 steniite.

782 4483 1179 4594 Sugectiouent.
1211 4515 1531 4594 Orthoilox”
1564 4512 1829 4594 subjectio.
1862 4512 1944 4594 ᾼη
1964 4513 2298 4594 subiectum?
2328 4493 2376 4552 ί)
2405 4483 2463 4520 su

782 4585 1210 4659 VIN—Quadam
1231 4598 1354 4643 tam.
1380 4587 1509 4642 Ileic
1528 4585 1684 4656 plane
1707 4585 1940 4640 ctecutiit
1963 4585 2300 4639 Mabillonia-

712 4679 811 4719 nus
834 4665 1154 4729 exscriptor.

788 4726 1070 4790 Sententia.
1105 4731 1302 4788 Mabill.
1331 4730 1614 4784 existentia.
1645 4727 1820 4796 Atque
1849 4726 2153 4796 hujusmodi
2196 4726 2302 4782 lcc-

716 4807 788 4859 tio
817 4805 1122 4860 confirmari
1156 4801 1366 4857 videtur
1393 4817 1456 4855 ex
1498 4801 1563 4855 iis
1591 4815 1710 4867 quae
1740 4807 2070 4867 sequuntur,
2105 4813 2306 4866 praece-

715 4875 963 4930 tlcntibtts
986 4876 1188 4940 at‘ﬁnia,
1219 4873 1470 4928 nimirum
1517 4884 1993 4927 extsrstv'rtau'ras
2013 4911 2028 4936 ,
2059 4870 2302 4935 vitalitas,

716 4947 1118 5017 intelligentitas.

794 5011 937 5072 Esse.
972 5019 1045 5071 Ex
1070 5016 1268 5071 Mabill.
1305 5016 1442 5069 hanc
1463 5030 1647 5069 vocem
1667 5029 1851 5069 sumus
1881 5012 2140 5068 mutuati:
2162 5011 2301 5083 apud

717 5103 876 5159 quem
902 5098 1076 5159 tamen
1104 5089 1326 5159 deesset
1345 5087 1684 5159 subsequens
1710 5085 2061 5158 intelligimus.

791 5159 946 5212 Enim
975 5157 1110 5212 Male
1139 5159 1188 5210 in
1219 5157 1514 5211 Ortltodox.
1541 5167 1634 5210 est.

794 5229 1142 5284 Intellectum.
1170 5228 1750 5290 Mahil!on.,invultuat.
1780 5226 2030 5282 Fortasse
2062 5226 2263 5282 rectius
2288 5243 2302 5280 :

718 5304 796 5359 sic
821 5303 963 5356 enim
998 5298 1134 5354 infra
1167 5299 1195 5369 ᾗ
1223 5298 1275 5366 8,
1315 5299 1456 5368 loqui
1486 5309 1630 5351 amat
1679 5307 1902 5353 auctor:
1934 5300 2212 5370 ﬁguratum
2261 5308 2308 5352 et

717 5376 1000 5430 vultuatum
1017 5379 1115 5426 est.

792 5445 978 5500 Alicui.
1006 5440 1231 5502 Mabill.,
1261 5439 1449 5493 alicubi
1478 5458 1491 5491 :
1525 5438 1665 5509 quod
1690 5453 1796 5492 non
1821 5439 2012 5508 placet.
2040 5437 2162 5494 Mox
2181 5455 2310 5494 vero

720 5518 940 5591 ibidem,
969 5523 1044 5591 τῷ
1067 5513 1170 5571 νόει
1201 5522 1246 5567 et
1277 5511 1481 5582 spiritui
1509 5510 1788 5565 dumtaxat
1807 5509 2074 5582 ,jreliqnis
2105 5510 2310 5566 Graecis

720 5601 956 5643 OHIISSIS.

720 5725 738 5784 1
793 5656 1092 5785 ιὲιώῖιαᾶιιὶα
1122 5657 1278 5729 igitur
1302 5654 1494 5710 anima.
1526 5652 1652 5709 "th
1672 5651 1947 5709 Mabillont
1974 5665 2093 5724 qua:
2117 5649 2312 5707 desunt

745 5748 774 5785 tt
852 5740 894 5784 rt
920 5740 972 5784 to
1013 5741 1099 5782 ua.

745 5748 774 5785 tt
802 5740 1099 5785 Urtltouoa.

2479 4015 2616 4071 VIII.
2650 4015 2940 4089 -ηριηηὶα
2968 4031 3090 4089 ergo
3111 4034 3312 4089 _—_non
3344 4034 3462 4089 quae
3483 4033 3589 4072 vere
3603 4022 3718 4072 sunt.
3739 4009 3882 4089 litaret

2403 4087 2560 4143 lectio
2591 4083 2866 4142 Mabillon.
2911 4089 2978 4160 ᾼι
3008 4087 3335 4154 Ortltodox.,
3355 4083 3557 4143 'Omnia
3582 4103 3688 4160 ergo
3708 4096 3794 4160 ηιξ
3821 4083 3884 4160 ‘F'l

2405 4169 2452 4214 et
2474 4160 2680 4222 (minue,
2711 4161 2876 4212 solum
2915 4155 3038 4215 ὅντα
3063 4168 3200 4222 sunt.
3232 4152 3348 4228 qua:
3368 4177 3473 4214 non
3500 4176 3608 4215 vere
3633 4152 3884 4228 ὶαηιηδωυω

2404 4245 2534 4286 vero
2569 4231 2771 4285 Mahill.
2801 4231 2986 4284 Anima
3013 4231 3168 4301 igitur
3196 4225 3299 4285 non
3323 4249 3482 4287 causa
3509 4225 3805 4302 apprehendit.

2479 4323 2546 4377 Et
2593 4321 2733 4380 ὄντα.
2791 4322 2987 4378 Illaltill.
3018 4333 3064 4377 et
3093 4321 3248 4387 ὄντα.
3298 4325 3392 4378 hoc
3445 4334 3537 4388 est,
3584 4326 3684 4391 ipsa
3715 4307 3884 4371 illaittltl'

2406 4395 2661 4449 lectualia.
2686 4395 2854 4449 Paulo
2877 4403 2996 4464 post
3019 4394 3312 4450 Orthodox.
3341 4397 3404 4449 At
3428 4413 3539 4450 vero
3562 4395 3657 4449 alia
3679 4399 3716 4445 et
3735 4400 3816 4457 qut!
3833 4393 3888 4432 κοί

2469 4476 2544 4531 nt,
2577 4466 2638 4519 ab
2659 4468 2788 4532 istis,
2815 4474 2920 4521 etc.
2945 4465 3310 4521 Mahillonium
3335 4469 3622 4539 sequimur.

2477 4558 2698 4623 Etenim,
2745 4567 2848 4613 etc.
2903 4557 3118 4612 Mutilus
3172 4569 3228 4614 et
3273 4560 3561 4614 mendosus
3587 4539 3887 4623 hiclocusattufl

2404 4630 2606 4686 Mabill.
2637 4619 2838 4702 ubisit:
2867 4645 2892 4702 :_
2917 4628 3114 4702 Etenim
3138 4646 3238 4684 non
3260 4631 3574 4702 intelligit__rti
3600 4634 3662 4700 μὴ
3680 4619 3888 4702 ita}???

2405 4718 2524 4773 ergo
2544 4704 2603 4757 τὸ
2631 4707 2700 4773 μή
2727 4699 2798 4766 ὂν,
2817 4700 2972 4755 veluti
2993 4702 3344 4756 exterminatio
3373 4692 3464 4758 τοξι
3493 4692 3626 4761 ὄντοέ
3645 4707 3721 4752 est.
3743 4692 3887 4746 Exim-"-

2484 4795 2544 4848 Ιῖι
2587 4811 2686 4847 non
2715 4803 2787 4848 est
2811 4803 2863 4847 ut
2887 4792 3202 4862 ὄν.Μει1›ἱΙΙ.,
3228 4795 3318 4849 sed
3368 4805 3532 4849 tamen
3569 4802 3653 4856 est,
3681 4803 3761 4862 non
3793 4789 3888 4862 tanta

2406 4846 2540 4921 sicut
2569 4846 2758 4921 seu?
2789 4846 2929 4921 ne);
2963 4846 3202 4934 indas;
3227 4846 3653 4922 inmetata
3670 4857 3770 4915 etin
3790 4846 3888 4922 ᾳιηιί·

2412 4947 2515 4992 tate
2526 4979 2539 4991 .

2481 5027 2846 5101 lnﬁguratum.
2868 5030 3035 5085 Paulo
3047 5029 3206 5085 aliter
3227 5029 3427 5085 Manili.
3449 5027 3580 5101 apud
3601 5037 3734 5098 quem
3755 5013 3888 5076 mox.“

2408 5100 2601 5154 idcirco
2626 5113 2765 5165 sunt,
2789 5117 2903 5172 qua:
2932 5119 3032 5156 non
3053 5117 3167 5154 uere
3190 5118 3292 5156 non
3316 5113 3453 5157 sunt.

2483 5192 2705 5258 Quidam
2753 5203 2925 5246 natur.
2983 5192 3188 5248 Mabill.
3243 5194 3337 5246 iste
3367 5193 3607 5247 naturalis
3649 5185 3751 5242 ordo
3787 5176 3884 5232 ὄντες.

2415 5259 2534 5320 ὅντα
2562 5261 2715 5329 ὄντας
2743 5269 2813 5339 μή
2851 5261 3016 5330 ὄντος,
3047 5270 3116 5336 μή
3145 5261 3383 5338 ὄντανμὴ
3411 5262 3544 5320 ὂντα.
3856 5331 3863 5341 ⁸

2489 5355 2579 5411 ΙΧ.
2612 5384 2683 5396 --
2712 5353 2967 5420 Diximus,
3013 5365 3110 5410 etc.
3145 5355 3218 5410 Ita
3242 5357 3572 5412 continenter
3597 5347 3758 5420 Mabill.
3791 5340 3834 5420 1}!

2416 5410 2716 5484 Orthodox.
2739 5410 3019 5497 perperam
3049 5410 3382 5497 transposita
3402 5410 3668 5482 occurrunt
3688 5418 3767 5474 sub
3787 5410 3883 5465 ﬁnt‘m

2419 5515 2538 5570 pag.
2569 5497 2694 5563 462,
2724 5509 2782 5553 ut
2804 5496 3052 5567 superius
3074 5497 3140 5552 ad
3168 5496 3196 5568 ς
3223 5498 3279 5561 5,
3306 5498 3676 5554 admonuimus.

2491 5576 2560 5630 Et
2582 5577 2827 5647 potentia.
2864 5576 2998 5647 Hac,
3017 5576 3214 5647 desunt
3244 5579 3385 5646 apud
3413 5577 3600 5633 Maltill.

2494 5621 2559 5700 Εἰ
2583 5621 3385 5714 Zaiiiiifet'c'f'u'avniiio}.3'5;
3399 5621 3642 5705 ἇᾶὶὶὲἶᾶὶι
3673 5642 3716 5699 iu
3740 5633 3817 5692 ὕλη.
3847 5621 3885 5678 Et

2421 5733 2542 5775 mox
2584 5735 2596 5772 :
2627 5724 2673 5771 et
2703 5726 2774 5771 est
2800 5715 2904 5772 illis
2924 5731 3049 5773 esse.
3085 5714 3245 5775 Forte
3261 5713 3469 5777 meliust
