  <div class='ocr_page' id='page_1' title='image "/cluster/home/n/w/nwhite01/storage/ocr_20150623/8/hvd.32044096580360/526.png"; bbox 0 0 4112 6184; ppageno 0'>
   <div class='ocr_carea' id='block_1_1' title="bbox 212 364 346 423">
    <p class='ocr_par' dir='ltr' id='par_1_1' title="bbox 212 364 346 423">
     <span class='ocr_line' id='line_1_1' title="bbox 212 364 346 423; baseline -0.007 0"><span class='ocrx_word' id='word_1_1' title='bbox 212 364 346 423; x_wconf 73' lang='grc'><strong>1025</strong></span> 
     </span>
    </p>
   </div>
   <div class='ocr_carea' id='block_1_2' title="bbox 1170 360 2527 422">
    <p class='ocr_par' dir='ltr' id='par_1_2' title="bbox 1170 360 2527 422">
     <span class='ocr_line' id='line_1_2' title="bbox 1170 360 2527 422; baseline 0.001 -4"><span class='ocrx_word' id='word_1_2' title='bbox 1170 363 1370 420; x_wconf 82' lang='lat' dir='ltr'><strong>LIBER</strong></span> <span class='ocrx_word' id='word_1_3' title='bbox 1402 363 1488 419; x_wconf 86' lang='lat' dir='ltr'><strong>DE</strong></span> <span class='ocrx_word' id='word_1_4' title='bbox 1528 360 2012 419; x_wconf 80' lang='lat' dir='ltr'><strong>GENERATIONE</strong></span> <span class='ocrx_word' id='word_1_5' title='bbox 2057 363 2258 420; x_wconf 80' lang='lat' dir='ltr'><strong>VERBI</strong></span> <span class='ocrx_word' id='word_1_6' title='bbox 2301 364 2527 422; x_wconf 81' lang='lat' dir='ltr'><strong>DlVlNl.</strong></span> 
     </span>
    </p>
   </div>
   <div class='ocr_carea' id='block_1_3' title="bbox 3368 369 3508 430">
    <p class='ocr_par' dir='ltr' id='par_1_3' title="bbox 3368 369 3508 430">
     <span class='ocr_line' id='line_1_3' title="bbox 3368 369 3508 430; baseline 0 -1"><span class='ocrx_word' id='word_1_7' title='bbox 3368 369 3508 430; x_wconf 71' lang='grc'>1026</span> 
     </span>
    </p>
   </div>
   <div class='ocr_carea' id='block_1_4' title="bbox 207 477 3508 553">
    <p class='ocr_par' dir='ltr' id='par_1_4' title="bbox 207 477 3508 553">
     <span class='ocr_line' id='line_1_4' title="bbox 207 477 3508 553; baseline -0 -17"><span class='ocrx_word' id='word_1_8' title='bbox 207 491 258 536; x_wconf 91' lang='lat' dir='ltr'><strong>et</strong></span> <span class='ocrx_word' id='word_1_9' title='bbox 304 478 516 550; x_wconf 90' lang='lat' dir='ltr'><strong>specie,</strong></span> <span class='ocrx_word' id='word_1_10' title='bbox 565 478 616 534; x_wconf 92' lang='lat' dir='ltr'><strong>in</strong></span> <span class='ocrx_word' id='word_1_11' title='bbox 667 477 1049 535; x_wconf 83' lang='lat' dir='ltr'><strong>commixtione</strong></span> <span class='ocrx_word' id='word_1_12' title='bbox 1101 488 1184 534; x_wconf 90' lang='lat' dir='ltr'><strong>est</strong></span> <span class='ocrx_word' id='word_1_13' title='bbox 1212 499 1225 534; x_wconf 93' lang='lat'>:</span> <span class='ocrx_word' id='word_1_14' title='bbox 1256 495 1385 551; x_wconf 86' lang='lat' dir='ltr'><strong>ergo</strong></span> <span class='ocrx_word' id='word_1_15' title='bbox 1417 495 1522 534; x_wconf 89' lang='lat' dir='ltr'><strong>nou</strong></span> <span class='ocrx_word' id='word_1_16' title='bbox 1570 486 1655 532; x_wconf 80' lang='lat' dir='ltr'><strong>est</strong></span> <span class='ocrx_word' id='word_1_17' title='bbox 1682 477 1808 531; x_wconf 87' lang='lat' dir='ltr'><strong>sim-</strong></span> <span class='ocrx_word' id='word_1_18' title='bbox 1835 484 1890 544; x_wconf 79' lang='grc' dir='ltr'><strong>Α</strong></span> <span class='ocrx_word' id='word_1_19' title='bbox 1913 480 2038 535; x_wconf 92' lang='lat' dir='ltr'><strong>dum</strong></span> <span class='ocrx_word' id='word_1_20' title='bbox 2062 481 2333 548; x_wconf 90' lang='lat' dir='ltr'><strong>accidens,</strong></span> <span class='ocrx_word' id='word_1_21' title='bbox 2352 481 2450 536; x_wconf 91' lang='lat' dir='ltr'><strong>ista</strong></span> <span class='ocrx_word' id='word_1_22' title='bbox 2469 481 2645 535; x_wconf 88' lang='lat' dir='ltr'><strong>anima</strong></span> <span class='ocrx_word' id='word_1_23' title='bbox 2672 480 2884 546; x_wconf 87' lang='lat' dir='ltr'><strong>est,sed</strong></span> <span class='ocrx_word' id='word_1_24' title='bbox 2904 481 3044 551; x_wconf 88' lang='lat' dir='ltr'><strong>quod</strong></span> <span class='ocrx_word' id='word_1_25' title='bbox 3068 481 3183 536; x_wconf 69' lang='lat' dir='ltr'><strong>ista:</strong></span> <span class='ocrx_word' id='word_1_26' title='bbox 3200 482 3508 553; x_wconf 66' lang='lat' dir='ltr'><strong>qualitates,</strong></span> 
     </span>
    </p>
   </div>
   <div class='ocr_carea' id='block_1_5' title="bbox 209 567 1804 642">
    <p class='ocr_par' dir='ltr' id='par_1_5' title="bbox 209 567 1804 642">
     <span class='ocr_line' id='line_1_5' title="bbox 209 567 1804 642; baseline -0.003 -18"><span class='ocrx_word' id='word_1_27' title='bbox 209 571 435 642; x_wconf 88' lang='lat' dir='ltr'><strong>pliciter.</strong></span> <span class='ocrx_word' id='word_1_28' title='bbox 468 571 635 641; x_wconf 84' lang='lat' dir='ltr'><strong>Hujus</strong></span> <span class='ocrx_word' id='word_1_29' title='bbox 664 586 792 642; x_wconf 88' lang='lat' dir='ltr'><strong>ergo</strong></span> <span class='ocrx_word' id='word_1_30' title='bbox 830 571 1012 626; x_wconf 89' lang='lat' dir='ltr'><strong>tnundi</strong></span> <span class='ocrx_word' id='word_1_31' title='bbox 1036 586 1152 640; x_wconf 75' lang='lat' dir='ltr'><strong>qua:</strong></span> <span class='ocrx_word' id='word_1_32' title='bbox 1193 579 1374 640; x_wconf 89' lang='lat' dir='ltr'><strong>partes</strong></span> <span class='ocrx_word' id='word_1_33' title='bbox 1413 579 1556 636; x_wconf 90' lang='lat' dir='ltr'><strong>sunt,</strong></span> <span class='ocrx_word' id='word_1_34' title='bbox 1589 567 1804 637; x_wconf 84' lang='lat' dir='ltr'><strong>partici-</strong></span> 
     </span>
    </p>
   </div>
   <div class='ocr_carea' id='block_1_6' title="bbox 209 661 1805 733">
    <p class='ocr_par' dir='ltr' id='par_1_6' title="bbox 209 661 1805 733">
     <span class='ocr_line' id='line_1_6' title="bbox 209 661 1805 733; baseline -0.004 -17"><span class='ocrx_word' id='word_1_35' title='bbox 209 673 401 733; x_wconf 90' lang='lat' dir='ltr'><strong>pantes</strong></span> <span class='ocrx_word' id='word_1_36' title='bbox 427 662 619 717; x_wconf 64' lang='lat' dir='ltr'><strong>animae</strong></span> <span class='ocrx_word' id='word_1_37' title='bbox 645 661 1020 718; x_wconf 73' lang='lat' dir='ltr'><strong>intellectualis</strong></span> <span class='ocrx_word' id='word_1_38' title='bbox 1048 661 1301 731; x_wconf 69' lang='lat' dir='ltr'><strong>potentiae</strong></span> <span class='ocrx_word' id='word_1_39' title='bbox 1331 669 1386 716; x_wconf 91' lang='lat' dir='ltr'><strong>et</strong></span> <span class='ocrx_word' id='word_1_40' title='bbox 1411 669 1615 714; x_wconf 69' lang='lat' dir='ltr'><strong>natura:</strong></span> <span class='ocrx_word' id='word_1_41' title='bbox 1638 699 1652 724; x_wconf 90' lang='lat'><strong>,</strong></span> <span class='ocrx_word' id='word_1_42' title='bbox 1683 665 1805 712; x_wconf 92' lang='lat' dir='ltr'><strong>sunt</strong></span> 
     </span>
    </p>
   </div>
   <div class='ocr_carea' id='block_1_7' title="bbox 208 749 1808 826">
    <p class='ocr_par' dir='ltr' id='par_1_7' title="bbox 208 749 1808 826">
     <span class='ocr_line' id='line_1_7' title="bbox 208 749 1808 826; baseline -0.005 -16"><span class='ocrx_word' id='word_1_43' title='bbox 208 755 262 810; x_wconf 89' lang='lat' dir='ltr'><strong>in</strong></span> <span class='ocrx_word' id='word_1_44' title='bbox 285 764 470 811; x_wconf 88' lang='lat' dir='ltr'><strong>natura</strong></span> <span class='ocrx_word' id='word_1_45' title='bbox 486 770 671 810; x_wconf 90' lang='lat' dir='ltr'><strong>eorum</strong></span> <span class='ocrx_word' id='word_1_46' title='bbox 695 770 814 826; x_wconf 65' lang='lat' dir='ltr'><strong>qua:</strong></span> <span class='ocrx_word' id='word_1_47' title='bbox 838 769 942 809; x_wconf 92' lang='lat' dir='ltr'><strong>non</strong></span> <span class='ocrx_word' id='word_1_48' title='bbox 965 769 1094 808; x_wconf 87' lang='lat' dir='ltr'><strong>vere</strong></span> <span class='ocrx_word' id='word_1_49' title='bbox 1115 768 1222 808; x_wconf 91' lang='lat' dir='ltr'><strong>nou</strong></span> <span class='ocrx_word' id='word_1_50' title='bbox 1237 760 1384 808; x_wconf 92' lang='lat' dir='ltr'><strong>sunt.</strong></span> <span class='ocrx_word' id='word_1_51' title='bbox 1409 751 1643 808; x_wconf 87' lang='lat' dir='ltr'><strong>Utuntur</strong></span> <span class='ocrx_word' id='word_1_52' title='bbox 1663 749 1808 804; x_wconf 89' lang='lat' dir='ltr'><strong>enim</strong></span> 
     </span>
    </p>
   </div>
   <div class='ocr_carea' id='block_1_8' title="bbox 210 844 1812 918">
    <p class='ocr_par' dir='ltr' id='par_1_8' title="bbox 210 844 1812 918">
     <span class='ocr_line' id='line_1_8' title="bbox 210 844 1812 918; baseline -0.006 -13"><span class='ocrx_word' id='word_1_53' title='bbox 210 847 593 918; x_wconf 82' lang='lat' dir='ltr'><strong>intelligentia,</strong></span> <span class='ocrx_word' id='word_1_54' title='bbox 637 847 730 903; x_wconf 91' lang='lat' dir='ltr'><strong>sed</strong></span> <span class='ocrx_word' id='word_1_55' title='bbox 752 847 899 918; x_wconf 87' lang='lat' dir='ltr'><strong>juxta</strong></span> <span class='ocrx_word' id='word_1_56' title='bbox 945 860 1164 902; x_wconf 88' lang='lat' dir='ltr'><strong>sensum</strong></span> <span class='ocrx_word' id='word_1_57' title='bbox 1211 844 1580 915; x_wconf 88' lang='lat' dir='ltr'><strong>intelligentia,</strong></span> <span class='ocrx_word' id='word_1_58' title='bbox 1612 849 1812 898; x_wconf 87' lang='lat' dir='ltr'><strong>etsunt</strong></span> 
     </span>
    </p>
   </div>
   <div class='ocr_carea' id='block_1_9' title="bbox 209 935 1812 1012">
    <p class='ocr_par' dir='ltr' id='par_1_9' title="bbox 209 935 1812 1012">
     <span class='ocr_line' id='line_1_9' title="bbox 209 935 1812 1012; baseline -0.004 -16"><span class='ocrx_word' id='word_1_59' title='bbox 209 939 359 1012; x_wconf 81' lang='lat' dir='ltr'><strong>juxta</strong></span> <span class='ocrx_word' id='word_1_60' title='bbox 385 955 605 996; x_wconf 83' lang='lat' dir='ltr'><strong>sensum</strong></span> <span class='ocrx_word' id='word_1_61' title='bbox 638 938 910 995; x_wconf 89' lang='lat' dir='ltr'><strong>versibilia</strong></span> <span class='ocrx_word' id='word_1_62' title='bbox 955 949 1009 994; x_wconf 90' lang='lat' dir='ltr'><strong>et</strong></span> <span class='ocrx_word' id='word_1_63' title='bbox 1053 938 1352 1004; x_wconf 86' lang='lat' dir='ltr'><strong>mutabilia,</strong></span> <span class='ocrx_word' id='word_1_64' title='bbox 1379 937 1532 1008; x_wconf 77' lang='lat' dir='ltr'><strong>juxta</strong></span> <span class='ocrx_word' id='word_1_65' title='bbox 1571 950 1701 991; x_wconf 84' lang='lat' dir='ltr'><strong>vero</strong></span> <span class='ocrx_word' id='word_1_66' title='bbox 1731 935 1812 989; x_wconf 84' lang='lat' dir='ltr'><strong>in-</strong></span> 
     </span>
    </p>
   </div>
   <div class='ocr_carea' id='block_1_10' title="bbox 215 1025 1814 1104">
    <p class='ocr_par' dir='ltr' id='par_1_10' title="bbox 215 1025 1814 1104">
     <span class='ocr_line' id='line_1_10' title="bbox 215 1025 1814 1104; baseline -0.005 -16"><span class='ocrx_word' id='word_1_67' title='bbox 215 1033 562 1104; x_wconf 84' lang='lat' dir='ltr'><strong>telligentiam</strong></span> <span class='ocrx_word' id='word_1_68' title='bbox 619 1031 950 1086; x_wconf 88' lang='lat' dir='ltr'><strong>inversibilia</strong></span> <span class='ocrx_word' id='word_1_69' title='bbox 996 1039 1052 1085; x_wconf 90' lang='lat' dir='ltr'><strong>et</strong></span> <span class='ocrx_word' id='word_1_70' title='bbox 1106 1029 1482 1084; x_wconf 86' lang='lat' dir='ltr'><strong>immutabilia.</strong></span> <span class='ocrx_word' id='word_1_71' title='bbox 1530 1025 1814 1095; x_wconf 84' lang='lat' dir='ltr'><strong>Quomodo</strong></span> 
     </span>
    </p>
   </div>
   <div class='ocr_carea' id='block_1_11' title="bbox 215 1121 1815 1195">
    <p class='ocr_par' dir='ltr' id='par_1_11' title="bbox 215 1121 1815 1195">
     <span class='ocr_line' id='line_1_11' title="bbox 215 1121 1815 1195; baseline -0.006 -13"><span class='ocrx_word' id='word_1_72' title='bbox 215 1138 394 1184; x_wconf 86' lang='lat' dir='ltr'><strong>autem</strong></span> <span class='ocrx_word' id='word_1_73' title='bbox 421 1141 614 1182; x_wconf 89' lang='lat' dir='ltr'><strong>sensus</strong></span> <span class='ocrx_word' id='word_1_74' title='bbox 637 1125 780 1181; x_wconf 86' lang='lat' dir='ltr'><strong>istud</strong></span> <span class='ocrx_word' id='word_1_75' title='bbox 808 1122 1197 1195; x_wconf 74' lang='lat' dir='ltr'><strong>apprehendit?</strong></span> <span class='ocrx_word' id='word_1_76' title='bbox 1223 1121 1330 1178; x_wconf 86' lang='lat' dir='ltr'><strong>Sed</strong></span> <span class='ocrx_word' id='word_1_77' title='bbox 1363 1137 1469 1176; x_wconf 87' lang='lat' dir='ltr'><strong>non</strong></span> <span class='ocrx_word' id='word_1_78' title='bbox 1510 1121 1815 1191; x_wconf 88' lang='lat' dir='ltr'><strong>apprehen-</strong></span> 
     </span>
    </p>
   </div>
   <div class='ocr_carea' id='block_1_12' title="bbox 215 1211 1815 1290">
    <p class='ocr_par' dir='ltr' id='par_1_12' title="bbox 215 1211 1815 1290">
     <span class='ocr_line' id='line_1_12' title="bbox 215 1211 1815 1290; baseline -0.008 -14"><span class='ocrx_word' id='word_1_79' title='bbox 215 1221 293 1276; x_wconf 87' lang='lat' dir='ltr'><strong>dit</strong></span> <span class='ocrx_word' id='word_1_80' title='bbox 321 1220 421 1276; x_wconf 92' lang='lat' dir='ltr'><strong>uisi</strong></span> <span class='ocrx_word' id='word_1_81' title='bbox 451 1219 774 1290; x_wconf 85' lang='lat' dir='ltr'><strong>qualitates;</strong></span> <span class='ocrx_word' id='word_1_82' title='bbox 813 1216 1167 1272; x_wconf 88' lang='lat' dir='ltr'><strong>substantiam</strong></span> <span class='ocrx_word' id='word_1_83' title='bbox 1185 1224 1387 1276; x_wconf 88' lang='lat' dir='ltr'><strong>autem,</strong></span> <span class='ocrx_word' id='word_1_84' title='bbox 1414 1212 1466 1268; x_wconf 91' lang='lat' dir='ltr'><strong>id</strong></span> <span class='ocrx_word' id='word_1_85' title='bbox 1491 1221 1576 1268; x_wconf 91' lang='lat' dir='ltr'><strong>est</strong></span> <span class='ocrx_word' id='word_1_86' title='bbox 1601 1211 1815 1281; x_wconf 89' lang='lat' dir='ltr'><strong>subjec-</strong></span> 
     </span>
    </p>
   </div>
   <div class='ocr_carea' id='block_1_13' title="bbox 221 1305 1814 1385">
    <p class='ocr_par' dir='ltr' id='par_1_13' title="bbox 221 1305 1814 1385">
     <span class='ocr_line' id='line_1_13' title="bbox 221 1305 1814 1385; baseline -0.008 -15"><span class='ocrx_word' id='word_1_87' title='bbox 221 1325 355 1384; x_wconf 92' lang='lat' dir='ltr'><strong>tum,</strong></span> <span class='ocrx_word' id='word_1_88' title='bbox 389 1330 490 1370; x_wconf 90' lang='lat' dir='ltr'><strong>ncc</strong></span> <span class='ocrx_word' id='word_1_89' title='bbox 529 1313 755 1385; x_wconf 87' lang='lat' dir='ltr'><strong>percipit</strong></span> <span class='ocrx_word' id='word_1_90' title='bbox 785 1327 884 1368; x_wconf 94' lang='lat' dir='ltr'><strong>nec</strong></span> <span class='ocrx_word' id='word_1_91' title='bbox 923 1310 1275 1382; x_wconf 86' lang='lat' dir='ltr'><strong>apprehendit</strong></span> <span class='ocrx_word' id='word_1_92' title='bbox 1307 1307 1630 1364; x_wconf 89' lang='lat' dir='ltr'><strong>:versibiles</strong></span> <span class='ocrx_word' id='word_1_93' title='bbox 1673 1305 1814 1361; x_wconf 90' lang='lat' dir='ltr'><strong>enim</strong></span> 
     </span>
    </p>
   </div>
   <div class='ocr_carea' id='block_1_14' title="bbox 216 1403 1818 1480">
    <p class='ocr_par' dir='ltr' id='par_1_14' title="bbox 216 1403 1818 1480">
     <span class='ocr_line' id='line_1_14' title="bbox 216 1403 1818 1480; baseline -0.007 -14"><span class='ocrx_word' id='word_1_94' title='bbox 216 1419 341 1466; x_wconf 91' lang='lat' dir='ltr'><strong>sunt</strong></span> <span class='ocrx_word' id='word_1_95' title='bbox 361 1409 667 1480; x_wconf 87' lang='lat' dir='ltr'><strong>qualitates;</strong></span> <span class='ocrx_word' id='word_1_96' title='bbox 685 1407 980 1463; x_wconf 85' lang='lat' dir='ltr'><strong>substantia</strong></span> <span class='ocrx_word' id='word_1_97' title='bbox 994 1420 1120 1460; x_wconf 87' lang='lat' dir='ltr'><strong>vero</strong></span> <span class='ocrx_word' id='word_1_98' title='bbox 1133 1403 1475 1460; x_wconf 85' lang='lat' dir='ltr'><strong>inversibilis.</strong></span> <span class='ocrx_word' id='word_1_99' title='bbox 1490 1403 1621 1458; x_wconf 82' lang='lat' dir='ltr'><strong>Cum</strong></span> <span class='ocrx_word' id='word_1_100' title='bbox 1640 1408 1818 1454; x_wconf 90' lang='lat' dir='ltr'><strong>autem</strong></span> 
     </span>
    </p>
   </div>
   <div class='ocr_carea' id='block_1_15' title="bbox 215 1493 1820 1568">
    <p class='ocr_par' dir='ltr' id='par_1_15' title="bbox 215 1493 1820 1568">
     <span class='ocr_line' id='line_1_15' title="bbox 215 1493 1820 1568; baseline -0.006 -11"><span class='ocrx_word' id='word_1_101' title='bbox 215 1504 396 1559; x_wconf 89' lang='lat' dir='ltr'><strong>anima</strong></span> <span class='ocrx_word' id='word_1_102' title='bbox 445 1505 516 1559; x_wconf 89' lang='lat' dir='ltr'><strong>sit</strong></span> <span class='ocrx_word' id='word_1_103' title='bbox 543 1503 858 1568; x_wconf 89' lang='lat' dir='ltr'><strong>substantia,</strong></span> <span class='ocrx_word' id='word_1_104' title='bbox 913 1511 1090 1556; x_wconf 91' lang='lat' dir='ltr'><strong>tamen</strong></span> <span class='ocrx_word' id='word_1_105' title='bbox 1121 1509 1203 1554; x_wconf 83' lang='lat' dir='ltr'><strong>est</strong></span> <span class='ocrx_word' id='word_1_106' title='bbox 1226 1497 1512 1554; x_wconf 89' lang='lat' dir='ltr'><strong>versibilis.</strong></span> <span class='ocrx_word' id='word_1_107' title='bbox 1539 1493 1820 1565; x_wconf 88' lang='lat' dir='ltr'><strong>Quomodo</strong></span> 
     </span>
    </p>
   </div>
   <div class='ocr_carea' id='block_1_16' title="bbox 219 1596 781 1654">
    <p class='ocr_par' dir='ltr' id='par_1_16' title="bbox 219 1596 781 1654">
     <span class='ocr_line' id='line_1_16' title="bbox 219 1596 781 1654; baseline 0 -2"><span class='ocrx_word' id='word_1_108' title='bbox 219 1596 404 1653; x_wconf 76' lang='lat' dir='ltr'><strong>istud?</strong></span> <span class='ocrx_word' id='word_1_109' title='bbox 445 1597 536 1654; x_wconf 90' lang='lat' dir='ltr'><strong>Sic</strong></span> <span class='ocrx_word' id='word_1_110' title='bbox 563 1596 781 1652; x_wconf 83' lang='lat' dir='ltr'><strong>habeto.</strong></span> 
     </span>
    </p>
   </div>
   <div class='ocr_carea' id='block_1_17' title="bbox 292 1678 1819 1758">
    <p class='ocr_par' dir='ltr' id='par_1_17' title="bbox 292 1678 1819 1758">
     <span class='ocr_line' id='line_1_17' title="bbox 292 1678 1819 1758; baseline -0.008 -14"><span class='ocrx_word' id='word_1_111' title='bbox 292 1689 360 1745; x_wconf 84' lang='lat' dir='ltr'><strong>X.</strong></span> <span class='ocrx_word' id='word_1_112' title='bbox 411 1689 544 1744; x_wconf 83' lang='lat' dir='ltr'><strong>Cum</strong></span> <span class='ocrx_word' id='word_1_113' title='bbox 586 1688 809 1758; x_wconf 91' lang='lat' dir='ltr'><strong>suscipit</strong></span> <span class='ocrx_word' id='word_1_114' title='bbox 849 1686 1029 1742; x_wconf 88' lang='lat' dir='ltr'><strong>anima</strong></span> <span class='ocrx_word' id='word_1_115' title='bbox 1085 1695 1139 1742; x_wconf 92' lang='lat' dir='ltr'><strong>et</strong></span> <span class='ocrx_word' id='word_1_116' title='bbox 1187 1683 1438 1754; x_wconf 80' lang='lat' dir='ltr'><strong>intelligit</strong></span> <span class='ocrx_word' id='word_1_117' title='bbox 1463 1697 1584 1753; x_wconf 76' lang='lat' dir='ltr'><strong>qua:</strong></span> <span class='ocrx_word' id='word_1_118' title='bbox 1612 1687 1738 1735; x_wconf 90' lang='lat' dir='ltr'><strong>sunt</strong></span> <span class='ocrx_word' id='word_1_119' title='bbox 1766 1678 1819 1733; x_wconf 93' lang='lat' dir='ltr'><strong>in</strong></span> 
     </span>
    </p>
   </div>
   <div class='ocr_carea' id='block_1_18' title="bbox 218 1773 1819 1851">
    <p class='ocr_par' dir='ltr' id='par_1_18' title="bbox 218 1773 1819 1851">
     <span class='ocr_line' id='line_1_18' title="bbox 218 1773 1819 1851; baseline -0.009 -14"><span class='ocrx_word' id='word_1_120' title='bbox 218 1781 440 1850; x_wconf 91' lang='lat' dir='ltr'><strong>mundo,</strong></span> <span class='ocrx_word' id='word_1_121' title='bbox 469 1782 514 1835; x_wconf 92' lang='lat' dir='ltr'><strong>si</strong></span> <span class='ocrx_word' id='word_1_122' title='bbox 535 1781 624 1836; x_wconf 88' lang='lat' dir='ltr'><strong>illa</strong></span> <span class='ocrx_word' id='word_1_123' title='bbox 649 1779 896 1851; x_wconf 91' lang='lat' dir='ltr'><strong>intelligit</strong></span> <span class='ocrx_word' id='word_1_124' title='bbox 915 1794 1035 1850; x_wconf 77' lang='lat' dir='ltr'><strong>qua:</strong></span> <span class='ocrx_word' id='word_1_125' title='bbox 1062 1785 1188 1832; x_wconf 90' lang='lat' dir='ltr'><strong>sunt</strong></span> <span class='ocrx_word' id='word_1_126' title='bbox 1210 1776 1460 1831; x_wconf 87' lang='lat' dir='ltr'><strong>animalia</strong></span> <span class='ocrx_word' id='word_1_127' title='bbox 1485 1783 1540 1830; x_wconf 88' lang='lat' dir='ltr'><strong>et</strong></span> <span class='ocrx_word' id='word_1_128' title='bbox 1561 1773 1819 1835; x_wconf 87' lang='lat' dir='ltr'><strong>animata;</strong></span> 
     </span>
    </p>
   </div>
   <div class='ocr_carea' id='block_1_19' title="bbox 1909 571 3506 643">
    <p class='ocr_par' dir='ltr' id='par_1_19' title="bbox 1909 571 3506 643">
     <span class='ocr_line' id='line_1_19' title="bbox 1909 571 3506 643; baseline 0.001 -17"><span class='ocrx_word' id='word_1_129' title='bbox 1909 573 2210 626; x_wconf 85' lang='lat' dir='ltr'><strong>substantia</strong></span> <span class='ocrx_word' id='word_1_130' title='bbox 2253 580 2337 626; x_wconf 91' lang='lat' dir='ltr'><strong>est</strong></span> <span class='ocrx_word' id='word_1_131' title='bbox 2377 573 2578 626; x_wconf 88' lang='lat' dir='ltr'><strong>anima.</strong></span> <span class='ocrx_word' id='word_1_132' title='bbox 2613 571 2702 628; x_wconf 85' lang='lat' dir='ltr'><strong>Sic</strong></span> <span class='ocrx_word' id='word_1_133' title='bbox 2741 574 2901 628; x_wconf 90' lang='lat' dir='ltr'><strong>etiam</strong></span> <span class='ocrx_word' id='word_1_134' title='bbox 2955 573 3048 632; x_wconf 88' lang='grc' dir='ltr'>ὕλη</span> <span class='ocrx_word' id='word_1_135' title='bbox 3094 573 3210 641; x_wconf 88' lang='lat' dir='ltr'><strong>ipsa</strong></span> <span class='ocrx_word' id='word_1_136' title='bbox 3256 575 3506 643; x_wconf 89' lang='lat' dir='ltr'><strong>qualitas,</strong></span> 
     </span>
    </p>
   </div>
   <div class='ocr_carea' id='block_1_20' title="bbox 1910 663 3513 742">
    <p class='ocr_par' dir='ltr' id='par_1_20' title="bbox 1910 663 3513 742">
     <span class='ocr_line' id='line_1_20' title="bbox 1910 663 3513 742; baseline 0.002 -24"><span class='ocrx_word' id='word_1_137' title='bbox 1910 663 2022 734; x_wconf 90' lang='lat' dir='ltr'><strong>ipsa</strong></span> <span class='ocrx_word' id='word_1_138' title='bbox 2041 663 2335 718; x_wconf 89' lang='lat' dir='ltr'><strong>substantia</strong></span> <span class='ocrx_word' id='word_1_139' title='bbox 2358 663 2470 724; x_wconf 82' lang='grc' dir='ltr'>ὕλη.</span> <span class='ocrx_word' id='word_1_140' title='bbox 2497 663 2682 720; x_wconf 79' lang='lat' dir='ltr'><strong>Diliert</strong></span> <span class='ocrx_word' id='word_1_141' title='bbox 2703 675 2880 719; x_wconf 90' lang='lat' dir='ltr'><strong>autem</strong></span> <span class='ocrx_word' id='word_1_142' title='bbox 2903 667 3078 720; x_wconf 88' lang='lat' dir='ltr'><strong>anima</strong></span> <span class='ocrx_word' id='word_1_143' title='bbox 3095 665 3163 721; x_wconf 86' lang='lat' dir='ltr'><strong>ab</strong></span> <span class='ocrx_word' id='word_1_144' title='bbox 3180 665 3291 742; x_wconf 79' lang='grc' dir='ltr'>ὕλῃ.</span> <span class='ocrx_word' id='word_1_145' title='bbox 3320 666 3513 722; x_wconf 86' lang='lat' dir='ltr'><strong>Dicunt</strong></span> 
     </span>
    </p>
   </div>
   <div class='ocr_carea' id='block_1_21' title="bbox 1911 754 3512 827">
    <p class='ocr_par' dir='ltr' id='par_1_21' title="bbox 1911 754 3512 827">
     <span class='ocr_line' id='line_1_21' title="bbox 1911 754 3512 827; baseline 0.003 -18"><span class='ocrx_word' id='word_1_146' title='bbox 1911 755 2054 809; x_wconf 91' lang='lat' dir='ltr'><strong>enim</strong></span> <span class='ocrx_word' id='word_1_147' title='bbox 2081 754 2321 824; x_wconf 84' lang='lat' dir='ltr'><strong>quidam,</strong></span> <span class='ocrx_word' id='word_1_148' title='bbox 2349 755 2489 825; x_wconf 88' lang='lat' dir='ltr'><strong>quod</strong></span> <span class='ocrx_word' id='word_1_149' title='bbox 2518 755 2692 810; x_wconf 85' lang='lat' dir='ltr'><strong>anima</strong></span> <span class='ocrx_word' id='word_1_150' title='bbox 2712 757 2804 816; x_wconf 87' lang='grc' dir='ltr'>ὕλη</span> <span class='ocrx_word' id='word_1_151' title='bbox 2832 767 2934 822; x_wconf 92' lang='lat' dir='ltr'><strong>est;</strong></span> <span class='ocrx_word' id='word_1_152' title='bbox 2965 757 3104 826; x_wconf 88' lang='lat' dir='ltr'><strong>quod</strong></span> <span class='ocrx_word' id='word_1_153' title='bbox 3134 759 3432 827; x_wconf 88' lang='lat' dir='ltr'><strong>subjectum</strong></span> <span class='ocrx_word' id='word_1_154' title='bbox 3457 768 3512 816; x_wconf 87' lang='lat' dir='ltr'><strong>ct</strong></span> 
     </span>
    </p>
   </div>
   <div class='ocr_carea' id='block_1_22' title="bbox 1911 848 3510 922">
    <p class='ocr_par' dir='ltr' id='par_1_22' title="bbox 1911 848 3510 922">
     <span class='ocr_line' id='line_1_22' title="bbox 1911 848 3510 922; baseline 0.005 -21"><span class='ocrx_word' id='word_1_155' title='bbox 1911 848 2141 918; x_wconf 85' lang='lat' dir='ltr'><strong>qualitas</strong></span> <span class='ocrx_word' id='word_1_156' title='bbox 2189 848 2376 902; x_wconf 87' lang='lat' dir='ltr'><strong>eadem</strong></span> <span class='ocrx_word' id='word_1_157' title='bbox 2428 849 2498 903; x_wconf 90' lang='lat' dir='ltr'><strong>sit</strong></span> <span class='ocrx_word' id='word_1_158' title='bbox 2533 848 2864 914; x_wconf 88' lang='lat' dir='ltr'><strong>substantia,</strong></span> <span class='ocrx_word' id='word_1_159' title='bbox 2925 850 3220 922; x_wconf 89' lang='lat' dir='ltr'><strong>eademque</strong></span> <span class='ocrx_word' id='word_1_160' title='bbox 3269 853 3337 906; x_wconf 91' lang='lat' dir='ltr'><strong>sit</strong></span> <span class='ocrx_word' id='word_1_161' title='bbox 3381 854 3510 910; x_wconf 88' lang='lat' dir='ltr'><strong>sub-</strong></span> 
     </span>
    </p>
   </div>
   <div class='ocr_carea' id='block_1_23' title="bbox 1913 938 3511 1013">
    <p class='ocr_par' dir='ltr' id='par_1_23' title="bbox 1913 938 3511 1013">
     <span class='ocr_line' id='line_1_23' title="bbox 1913 938 3511 1013; baseline 0.003 -20"><span class='ocrx_word' id='word_1_162' title='bbox 1913 939 2108 993; x_wconf 82' lang='lat' dir='ltr'><strong>stantia</strong></span> <span class='ocrx_word' id='word_1_163' title='bbox 2153 949 2208 993; x_wconf 92' lang='lat' dir='ltr'><strong>et</strong></span> <span class='ocrx_word' id='word_1_164' title='bbox 2247 938 2421 992; x_wconf 88' lang='lat' dir='ltr'><strong>anima</strong></span> <span class='ocrx_word' id='word_1_165' title='bbox 2474 947 2527 994; x_wconf 93' lang='lat' dir='ltr'><strong>et</strong></span> <span class='ocrx_word' id='word_1_166' title='bbox 2553 939 2666 998; x_wconf 82' lang='grc' dir='ltr'>ὕλη.</span> <span class='ocrx_word' id='word_1_167' title='bbox 2702 939 2806 996; x_wconf 91' lang='lat' dir='ltr'><strong>Sed</strong></span> <span class='ocrx_word' id='word_1_168' title='bbox 2853 939 3032 995; x_wconf 89' lang='lat' dir='ltr'><strong>dill&#39;ert</strong></span> <span class='ocrx_word' id='word_1_169' title='bbox 3055 981 3070 1008; x_wconf 95' lang='lat'><strong>,</strong></span> <span class='ocrx_word' id='word_1_170' title='bbox 3105 951 3160 996; x_wconf 92' lang='lat' dir='ltr'><strong>ut</strong></span> <span class='ocrx_word' id='word_1_171' title='bbox 3183 941 3293 997; x_wconf 85' lang='lat' dir='ltr'><strong>dixi</strong></span> <span class='ocrx_word' id='word_1_172' title='bbox 3327 960 3340 995; x_wconf 88' lang='lat'><strong>:</strong></span> <span class='ocrx_word' id='word_1_173' title='bbox 3374 960 3511 1013; x_wconf 91' lang='lat' dir='ltr'><strong>quo-</strong></span> 
     </span>
    </p>
   </div>
   <div class='ocr_carea' id='block_1_24' title="bbox 1916 1028 3518 1104">
    <p class='ocr_par' dir='ltr' id='par_1_24' title="bbox 1916 1028 3518 1104">
     <span class='ocr_line' id='line_1_24' title="bbox 1916 1028 3518 1104; baseline 0.006 -21"><span class='ocrx_word' id='word_1_174' title='bbox 1916 1029 2057 1083; x_wconf 85' lang='lat' dir='ltr'><strong>niam</strong></span> <span class='ocrx_word' id='word_1_175' title='bbox 2101 1028 2277 1083; x_wconf 88' lang='lat' dir='ltr'><strong>anima</strong></span> <span class='ocrx_word' id='word_1_176' title='bbox 2310 1029 2689 1086; x_wconf 89' lang='lat' dir='ltr'><strong>intellectualis</strong></span> <span class='ocrx_word' id='word_1_177' title='bbox 2737 1045 2858 1086; x_wconf 91' lang='lat' dir='ltr'><strong>cum</strong></span> <span class='ocrx_word' id='word_1_178' title='bbox 2887 1032 2988 1098; x_wconf 90' lang='lat' dir='ltr'><strong>sit,</strong></span> <span class='ocrx_word' id='word_1_179' title='bbox 3022 1032 3268 1104; x_wconf 80' lang='lat' dir='ltr'><strong>intelligit</strong></span> <span class='ocrx_word' id='word_1_180' title='bbox 3317 1045 3518 1092; x_wconf 90' lang='lat' dir='ltr'><strong>semet-</strong></span> 
     </span>
    </p>
   </div>
   <div class='ocr_carea' id='block_1_25' title="bbox 1916 1120 3514 1200">
    <p class='ocr_par' dir='ltr' id='par_1_25' title="bbox 1916 1120 3514 1200">
     <span class='ocr_line' id='line_1_25' title="bbox 1916 1120 3514 1200; baseline 0.006 -24"><span class='ocrx_word' id='word_1_181' title='bbox 1916 1120 2106 1190; x_wconf 90' lang='lat' dir='ltr'><strong>ipsam.</strong></span> <span class='ocrx_word' id='word_1_182' title='bbox 2162 1121 2232 1177; x_wconf 88' lang='lat' dir='ltr'><strong>At</strong></span> <span class='ocrx_word' id='word_1_183' title='bbox 2283 1137 2414 1178; x_wconf 90' lang='lat' dir='ltr'><strong>vero</strong></span> <span class='ocrx_word' id='word_1_184' title='bbox 2486 1123 2578 1183; x_wconf 84' lang='grc' dir='ltr'>ὕλη</span> <span class='ocrx_word' id='word_1_185' title='bbox 2628 1123 2952 1180; x_wconf 85' lang='lat' dir='ltr'><strong>omnimodis</strong></span> <span class='ocrx_word' id='word_1_186' title='bbox 3018 1127 3319 1200; x_wconf 76' lang='lat' dir='ltr'><strong>intelligens</strong></span> <span class='ocrx_word' id='word_1_187' title='bbox 3392 1145 3514 1186; x_wconf 89' lang='lat' dir='ltr'><strong>cum</strong></span> 
     </span>
    </p>
   </div>
   <div class='ocr_carea' id='block_1_26' title="bbox 1917 1212 3517 1287">
    <p class='ocr_par' dir='ltr' id='par_1_26' title="bbox 1917 1212 3517 1287">
     <span class='ocr_line' id='line_1_26' title="bbox 1917 1212 3517 1287; baseline 0.007 -21"><span class='ocrx_word' id='word_1_188' title='bbox 1917 1212 2009 1279; x_wconf 89' lang='lat' dir='ltr'><strong>sit,</strong></span> <span class='ocrx_word' id='word_1_189' title='bbox 2056 1228 2232 1284; x_wconf 88' lang='lat' dir='ltr'><strong>neque</strong></span> <span class='ocrx_word' id='word_1_190' title='bbox 2277 1214 2678 1283; x_wconf 81' lang='lat' dir='ltr'><strong>intelligentiam</strong></span> <span class='ocrx_word' id='word_1_191' title='bbox 2729 1232 2904 1287; x_wconf 90' lang='lat' dir='ltr'><strong>neque</strong></span> <span class='ocrx_word' id='word_1_192' title='bbox 2971 1231 3186 1274; x_wconf 90' lang='lat' dir='ltr'><strong>sensum</strong></span> <span class='ocrx_word' id='word_1_193' title='bbox 3256 1221 3308 1276; x_wconf 91' lang='lat' dir='ltr'><strong>in</strong></span> <span class='ocrx_word' id='word_1_194' title='bbox 3355 1237 3517 1278; x_wconf 88' lang='lat' dir='ltr'><strong>sensu</strong></span> 
     </span>
    </p>
   </div>
   <div class='ocr_carea' id='block_1_27' title="bbox 1920 1306 3514 1384">
    <p class='ocr_par' dir='ltr' id='par_1_27' title="bbox 1920 1306 3514 1384">
     <span class='ocr_line' id='line_1_27' title="bbox 1920 1306 3514 1384; baseline 0.006 -24"><span class='ocrx_word' id='word_1_195' title='bbox 1920 1306 2086 1361; x_wconf 90' lang='lat' dir='ltr'><strong>ullum</strong></span> <span class='ocrx_word' id='word_1_196' title='bbox 2115 1307 2293 1362; x_wconf 90' lang='lat' dir='ltr'><strong>habet.</strong></span> <span class='ocrx_word' id='word_1_197' title='bbox 2337 1307 2407 1362; x_wconf 87' lang='lat' dir='ltr'><strong>Et</strong></span> <span class='ocrx_word' id='word_1_198' title='bbox 2453 1307 2654 1365; x_wconf 88' lang='lat' dir='ltr'><strong>idcirco</strong></span> <span class='ocrx_word' id='word_1_199' title='bbox 2706 1310 2882 1364; x_wconf 88' lang='lat' dir='ltr'><strong>anima</strong></span> <span class='ocrx_word' id='word_1_200' title='bbox 2935 1327 2998 1366; x_wconf 87' lang='lat' dir='ltr'><strong>ea</strong></span> <span class='ocrx_word' id='word_1_201' title='bbox 3046 1321 3130 1368; x_wconf 89' lang='lat' dir='ltr'><strong>est</strong></span> <span class='ocrx_word' id='word_1_202' title='bbox 3182 1328 3302 1384; x_wconf 66' lang='lat' dir='ltr'><strong>qua:</strong></span> <span class='ocrx_word' id='word_1_203' title='bbox 3346 1322 3514 1370; x_wconf 87' lang='lat' dir='ltr'><strong>sunt:</strong></span> 
     </span>
    </p>
   </div>
   <div class='ocr_carea' id='block_1_28' title="bbox 1921 1401 3520 1477">
    <p class='ocr_par' dir='ltr' id='par_1_28' title="bbox 1921 1401 3520 1477">
     <span class='ocr_line' id='line_1_28' title="bbox 1921 1401 3520 1477; baseline 0.008 -23"><span class='ocrx_word' id='word_1_204' title='bbox 1921 1414 2044 1454; x_wconf 90' lang='lat' dir='ltr'><strong>cum</strong></span> <span class='ocrx_word' id='word_1_205' title='bbox 2073 1401 2184 1470; x_wconf 91' lang='lat' dir='ltr'><strong>ipsa</strong></span> <span class='ocrx_word' id='word_1_206' title='bbox 2215 1402 2330 1456; x_wconf 88' lang='lat' dir='ltr'><strong>sola</strong></span> <span class='ocrx_word' id='word_1_207' title='bbox 2361 1412 2565 1473; x_wconf 88' lang='lat' dir='ltr'><strong>etpura</strong></span> <span class='ocrx_word' id='word_1_208' title='bbox 2590 1412 2692 1469; x_wconf 88' lang='lat' dir='ltr'><strong>cst,</strong></span> <span class='ocrx_word' id='word_1_209' title='bbox 2722 1419 2786 1459; x_wconf 80' lang='lat' dir='ltr'><strong>ex</strong></span> <span class='ocrx_word' id='word_1_210' title='bbox 2813 1405 2878 1459; x_wconf 90' lang='lat' dir='ltr'><strong>iis</strong></span> <span class='ocrx_word' id='word_1_211' title='bbox 2903 1416 2984 1460; x_wconf 90' lang='lat' dir='ltr'><strong>est</strong></span> <span class='ocrx_word' id='word_1_212' title='bbox 3011 1422 3131 1477; x_wconf 74' lang='lat' dir='ltr'><strong>qua:</strong></span> <span class='ocrx_word' id='word_1_213' title='bbox 3157 1418 3281 1463; x_wconf 91' lang='lat' dir='ltr'><strong>sunt</strong></span> <span class='ocrx_word' id='word_1_214' title='bbox 3309 1426 3320 1462; x_wconf 93' lang='lat'>:</span> <span class='ocrx_word' id='word_1_215' title='bbox 3351 1410 3520 1466; x_wconf 74' lang='lat' dir='ltr'><strong>mixta</strong></span> 
     </span>
    </p>
   </div>
   <div class='ocr_carea' id='block_1_29' title="bbox 1922 1495 3522 1571">
    <p class='ocr_par' dir='ltr' id='par_1_29' title="bbox 1922 1495 3522 1571">
     <span class='ocr_line' id='line_1_29' title="bbox 1922 1495 3522 1571; baseline 0.009 -23"><span class='ocrx_word' id='word_1_216' title='bbox 1922 1509 2052 1549; x_wconf 91' lang='lat' dir='ltr'><strong>vero</strong></span> <span class='ocrx_word' id='word_1_217' title='bbox 2078 1504 2141 1571; x_wconf 75' lang='grc' dir='ltr'>τῇ</span> <span class='ocrx_word' id='word_1_218' title='bbox 2164 1495 2278 1569; x_wconf 79' lang='grc' dir='ltr'>ὕλῃ,</span> <span class='ocrx_word' id='word_1_219' title='bbox 2339 1512 2405 1551; x_wconf 85' lang='lat' dir='ltr'><strong>ex</strong></span> <span class='ocrx_word' id='word_1_220' title='bbox 2445 1497 2510 1552; x_wconf 91' lang='lat' dir='ltr'><strong>iis</strong></span> <span class='ocrx_word' id='word_1_221' title='bbox 2534 1509 2617 1553; x_wconf 91' lang='lat' dir='ltr'><strong>est</strong></span> <span class='ocrx_word' id='word_1_222' title='bbox 2647 1515 2765 1568; x_wconf 70' lang='lat' dir='ltr'><strong>qua:</strong></span> <span class='ocrx_word' id='word_1_223' title='bbox 2790 1515 2897 1555; x_wconf 87' lang='lat' dir='ltr'><strong>non</strong></span> <span class='ocrx_word' id='word_1_224' title='bbox 2935 1517 3059 1558; x_wconf 88' lang='lat' dir='ltr'><strong>vere</strong></span> <span class='ocrx_word' id='word_1_225' title='bbox 3089 1518 3197 1558; x_wconf 92' lang='lat' dir='ltr'><strong>non</strong></span> <span class='ocrx_word' id='word_1_226' title='bbox 3224 1515 3366 1559; x_wconf 90' lang='lat' dir='ltr'><strong>sunt.</strong></span> <span class='ocrx_word' id='word_1_227' title='bbox 3395 1505 3522 1562; x_wconf 88' lang='lat' dir='ltr'><strong>Sola</strong></span> 
     </span>
    </p>
   </div>
   <div class='ocr_carea' id='block_1_30' title="bbox 1922 1590 3521 1662">
    <p class='ocr_par' dir='ltr' id='par_1_30' title="bbox 1922 1590 3521 1662">
     <span class='ocr_line' id='line_1_30' title="bbox 1922 1590 3521 1662; baseline 0.008 -19"><span class='ocrx_word' id='word_1_228' title='bbox 1922 1599 2099 1644; x_wconf 89' lang='lat' dir='ltr'><strong>autem</strong></span> <span class='ocrx_word' id='word_1_229' title='bbox 2122 1592 2152 1648; x_wconf 80' lang='grc' dir='ltr'>ἡ</span> <span class='ocrx_word' id='word_1_230' title='bbox 2172 1590 2265 1650; x_wconf 87' lang='grc' dir='ltr'>ὕλη</span> <span class='ocrx_word' id='word_1_231' title='bbox 2293 1592 2532 1646; x_wconf 89' lang='lat' dir='ltr'><strong>omnium</strong></span> <span class='ocrx_word' id='word_1_232' title='bbox 2558 1607 2678 1662; x_wconf 71' lang='lat' dir='ltr'><strong>qua:</strong></span> <span class='ocrx_word' id='word_1_233' title='bbox 2701 1609 2806 1648; x_wconf 93' lang='lat' dir='ltr'><strong>non</strong></span> <span class='ocrx_word' id='word_1_234' title='bbox 2831 1604 2954 1650; x_wconf 91' lang='lat' dir='ltr'><strong>sunt</strong></span> <span class='ocrx_word' id='word_1_235' title='bbox 2985 1597 3160 1652; x_wconf 80' lang='lat' dir='ltr'><strong>nutrix</strong></span> <span class='ocrx_word' id='word_1_236' title='bbox 3185 1609 3286 1653; x_wconf 68' lang='lat' dir='ltr'><strong>est.</strong></span> <span class='ocrx_word' id='word_1_237' title='bbox 3330 1600 3521 1656; x_wconf 83' lang='lat' dir='ltr'><strong>Anima</strong></span> 
     </span>
    </p>
   </div>
   <div class='ocr_carea' id='block_1_31' title="bbox 1922 1685 3522 1764">
    <p class='ocr_par' dir='ltr' id='par_1_31' title="bbox 1922 1685 3522 1764">
     <span class='ocr_line' id='line_1_31' title="bbox 1922 1685 3522 1764; baseline 0.006 -25"><span class='ocrx_word' id='word_1_238' title='bbox 1922 1698 2054 1740; x_wconf 87' lang='lat' dir='ltr'><strong>vero</strong></span> <span class='ocrx_word' id='word_1_239' title='bbox 2083 1694 2134 1740; x_wconf 90' lang='lat' dir='ltr'><strong>et</strong></span> <span class='ocrx_word' id='word_1_240' title='bbox 2162 1687 2192 1744; x_wconf 82' lang='grc' dir='ltr'>ἡ</span> <span class='ocrx_word' id='word_1_241' title='bbox 2223 1685 2336 1750; x_wconf 77' lang='grc' dir='ltr'>ὕλη,</span> <span class='ocrx_word' id='word_1_242' title='bbox 2361 1687 2602 1742; x_wconf 89' lang='lat' dir='ltr'><strong>omnium</strong></span> <span class='ocrx_word' id='word_1_243' title='bbox 2628 1688 2805 1743; x_wconf 85' lang='lat' dir='ltr'><strong>nutrix</strong></span> <span class='ocrx_word' id='word_1_244' title='bbox 2835 1700 2938 1757; x_wconf 90' lang='lat' dir='ltr'><strong>est,</strong></span> <span class='ocrx_word' id='word_1_245' title='bbox 2969 1690 3064 1746; x_wconf 86' lang='lat' dir='ltr'><strong>sed</strong></span> <span class='ocrx_word' id='word_1_246' title='bbox 3088 1691 3286 1759; x_wconf 91' lang='lat' dir='ltr'><strong>anima,</strong></span> <span class='ocrx_word' id='word_1_247' title='bbox 3309 1696 3522 1764; x_wconf 89' lang='lat' dir='ltr'><strong>pr0pria</strong></span> 
     </span>
    </p>
   </div>
   <div class='ocr_carea' id='block_1_32' title="bbox 1926 1777 3521 1856">
    <p class='ocr_par' dir='ltr' id='par_1_32' title="bbox 1926 1777 3521 1856">
     <span class='ocr_line' id='line_1_32' title="bbox 1926 1777 3521 1856; baseline 0.009 -26"><span class='ocrx_word' id='word_1_248' title='bbox 1926 1777 2122 1832; x_wconf 90' lang='lat' dir='ltr'><strong>virtute</strong></span> <span class='ocrx_word' id='word_1_249' title='bbox 2149 1779 2389 1834; x_wconf 91' lang='lat' dir='ltr'><strong>omnium</strong></span> <span class='ocrx_word' id='word_1_250' title='bbox 2435 1781 2618 1834; x_wconf 83' lang='lat' dir='ltr'><strong>nutrix</strong></span> <span class='ocrx_word' id='word_1_251' title='bbox 2660 1791 2744 1837; x_wconf 89' lang='lat' dir='ltr'><strong>est</strong></span> <span class='ocrx_word' id='word_1_252' title='bbox 2769 1792 2824 1837; x_wconf 93' lang='lat' dir='ltr'><strong>et</strong></span> <span class='ocrx_word' id='word_1_253' title='bbox 2848 1783 2972 1839; x_wconf 68' lang='lat' dir='ltr'><strong>vitee</strong></span> <span class='ocrx_word' id='word_1_254' title='bbox 2997 1788 3300 1856; x_wconf 84' lang='lat' dir='ltr'><strong>generatrix</strong></span> <span class='ocrx_word' id='word_1_255' title='bbox 3328 1804 3342 1840; x_wconf 88' lang='lat'><strong>:</strong></span> <span class='ocrx_word' id='word_1_256' title='bbox 3375 1793 3404 1848; x_wconf 80' lang='grc' dir='ltr'><em>ή</em></span> <span class='ocrx_word' id='word_1_257' title='bbox 3428 1788 3521 1847; x_wconf 84' lang='grc' dir='ltr'>ὕλη</span> 
     </span>
    </p>
   </div>
   <div class='ocr_carea' id='block_1_33' title="bbox 217 1869 3520 1945">
    <p class='ocr_par' dir='ltr' id='par_1_33' title="bbox 217 1869 3520 1945">
     <span class='ocr_line' id='line_1_33' title="bbox 217 1869 3520 1945; baseline -0.002 -15"><span class='ocrx_word' id='word_1_258' title='bbox 217 1871 270 1930; x_wconf 91' lang='lat' dir='ltr'><strong>in</strong></span> <span class='ocrx_word' id='word_1_259' title='bbox 299 1888 367 1930; x_wconf 90' lang='lat' dir='ltr'><strong>eo</strong></span> <span class='ocrx_word' id='word_1_260' title='bbox 392 1873 538 1944; x_wconf 91' lang='lat' dir='ltr'><strong>quod</strong></span> <span class='ocrx_word' id='word_1_261' title='bbox 566 1883 650 1929; x_wconf 91' lang='lat' dir='ltr'><strong>est</strong></span> <span class='ocrx_word' id='word_1_262' title='bbox 695 1873 895 1928; x_wconf 88' lang='lat' dir='ltr'><strong>habere</strong></span> <span class='ocrx_word' id='word_1_263' title='bbox 934 1871 1188 1937; x_wconf 89' lang='lat' dir='ltr'><strong>animam,</strong></span> <span class='ocrx_word' id='word_1_264' title='bbox 1217 1877 1362 1923; x_wconf 82' lang='lat' dir='ltr'><strong>.suut</strong></span> <span class='ocrx_word' id='word_1_265' title='bbox 1390 1882 1511 1939; x_wconf 73' lang='lat' dir='ltr'><strong>qua:</strong></span> <span class='ocrx_word' id='word_1_266' title='bbox 1561 1881 1664 1920; x_wconf 90' lang='lat' dir='ltr'><strong>non</strong></span> <span class='ocrx_word' id='word_1_267' title='bbox 1697 1877 1823 1918; x_wconf 87' lang='lat' dir='ltr'><strong>vere</strong></span> <span class='ocrx_word' id='word_1_268' title='bbox 1853 1876 1901 1936; x_wconf 83' lang='grc' dir='ltr'><strong>Β</strong></span> <span class='ocrx_word' id='word_1_269' title='bbox 1929 1883 2058 1924; x_wconf 89' lang='lat' dir='ltr'><strong>vero</strong></span> <span class='ocrx_word' id='word_1_270' title='bbox 2101 1869 2217 1924; x_wconf 90' lang='lat' dir='ltr'><strong>sine</strong></span> <span class='ocrx_word' id='word_1_271' title='bbox 2246 1872 2445 1938; x_wconf 90' lang='lat' dir='ltr'><strong>anima,</strong></span> <span class='ocrx_word' id='word_1_272' title='bbox 2478 1871 2636 1927; x_wconf 80' lang='lat' dir='ltr'><strong>effeta</strong></span> <span class='ocrx_word' id='word_1_273' title='bbox 2664 1883 2716 1928; x_wconf 90' lang='lat' dir='ltr'><strong>et</strong></span> <span class='ocrx_word' id='word_1_274' title='bbox 2760 1873 2924 1929; x_wconf 91' lang='lat' dir='ltr'><strong>densa</strong></span> <span class='ocrx_word' id='word_1_275' title='bbox 2971 1876 3106 1932; x_wconf 81' lang='lat' dir='ltr'><strong>facta</strong></span> <span class='ocrx_word' id='word_1_276' title='bbox 3132 1919 3147 1945; x_wconf 81' lang='lat'><strong>,</strong></span> <span class='ocrx_word' id='word_1_277' title='bbox 3177 1878 3228 1932; x_wconf 73' lang='lat' dir='ltr'><strong>in</strong></span> <span class='ocrx_word' id='word_1_278' title='bbox 3260 1889 3520 1935; x_wconf 69' lang='grc' dir='ltr'><strong>ωιετηυηι</strong></span> 
     </span>
    </p>
   </div>
   <div class='ocr_carea' id='block_1_34' title="bbox 219 1957 1821 2034">
    <p class='ocr_par' dir='ltr' id='par_1_34' title="bbox 219 1957 1821 2034">
     <span class='ocr_line' id='line_1_34' title="bbox 219 1957 1821 2034; baseline -0.007 -12"><span class='ocrx_word' id='word_1_279' title='bbox 219 1981 331 2024; x_wconf 90' lang='lat' dir='ltr'><strong>non</strong></span> <span class='ocrx_word' id='word_1_280' title='bbox 357 1975 501 2022; x_wconf 84' lang='lat' dir='ltr'><strong>sunt.</strong></span> <span class='ocrx_word' id='word_1_281' title='bbox 535 1965 778 2034; x_wconf 87' lang='lat' dir='ltr'><strong>Quodam</strong></span> <span class='ocrx_word' id='word_1_282' title='bbox 805 1966 951 2021; x_wconf 90' lang='lat' dir='ltr'><strong>enim</strong></span> <span class='ocrx_word' id='word_1_283' title='bbox 982 1963 1144 2019; x_wconf 90' lang='lat' dir='ltr'><strong>modo</strong></span> <span class='ocrx_word' id='word_1_284' title='bbox 1192 1968 1262 2034; x_wconf 74' lang='grc' dir='ltr'><strong>μὴ</strong></span> <span class='ocrx_word' id='word_1_285' title='bbox 1307 1959 1434 2016; x_wconf 79' lang='grc' dir='ltr'><strong>ὄντα</strong></span> <span class='ocrx_word' id='word_1_286' title='bbox 1456 2002 1471 2027; x_wconf 96' lang='grc'><strong>,</strong></span> <span class='ocrx_word' id='word_1_287' title='bbox 1501 1959 1650 2030; x_wconf 80' lang='lat' dir='ltr'><strong>juxta</strong></span> <span class='ocrx_word' id='word_1_288' title='bbox 1679 1957 1821 2028; x_wconf 90' lang='lat' dir='ltr'><strong>quod</strong></span> 
     </span>
    </p>
   </div>
   <div class='ocr_carea' id='block_1_35' title="bbox 221 2049 1827 2128">
    <p class='ocr_par' dir='ltr' id='par_1_35' title="bbox 221 2049 1827 2128">
     <span class='ocr_line' id='line_1_35' title="bbox 221 2049 1827 2128; baseline -0.006 -13"><span class='ocrx_word' id='word_1_289' title='bbox 221 2063 458 2116; x_wconf 89' lang='lat' dir='ltr'><strong>animam</strong></span> <span class='ocrx_word' id='word_1_290' title='bbox 488 2060 688 2114; x_wconf 88' lang='lat' dir='ltr'><strong>habent</strong></span> <span class='ocrx_word' id='word_1_291' title='bbox 730 2075 743 2111; x_wconf 90' lang='lat'><strong>:</strong></span> <span class='ocrx_word' id='word_1_292' title='bbox 787 2057 1020 2128; x_wconf 87' lang='lat' dir='ltr'><strong>quodam</strong></span> <span class='ocrx_word' id='word_1_293' title='bbox 1065 2056 1227 2111; x_wconf 91' lang='lat' dir='ltr'><strong>modo</strong></span> <span class='ocrx_word' id='word_1_294' title='bbox 1272 2061 1342 2128; x_wconf 78' lang='grc' dir='ltr'><strong>μή</strong></span> <span class='ocrx_word' id='word_1_295' title='bbox 1398 2051 1522 2109; x_wconf 80' lang='grc' dir='ltr'><strong>ὄντα</strong></span> <span class='ocrx_word' id='word_1_296' title='bbox 1566 2053 1717 2122; x_wconf 78' lang='lat' dir='ltr'><strong>juxta</strong></span> <span class='ocrx_word' id='word_1_297' title='bbox 1773 2049 1827 2106; x_wconf 92' lang='lat' dir='ltr'><strong>id</strong></span> 
     </span>
    </p>
   </div>
   <div class='ocr_carea' id='block_1_36' title="bbox 225 2146 1828 2226">
    <p class='ocr_par' dir='ltr' id='par_1_36' title="bbox 225 2146 1828 2226">
     <span class='ocr_line' id='line_1_36' title="bbox 225 2146 1828 2226; baseline -0.006 -17"><span class='ocrx_word' id='word_1_298' title='bbox 225 2153 372 2226; x_wconf 88' lang='lat' dir='ltr'><strong>quod</strong></span> <span class='ocrx_word' id='word_1_299' title='bbox 420 2151 833 2210; x_wconf 88' lang='lat' dir='ltr'><strong>conversibilem</strong></span> <span class='ocrx_word' id='word_1_300' title='bbox 891 2151 1012 2210; x_wconf 84' lang='grc' dir='ltr'>ὕλην</span> <span class='ocrx_word' id='word_1_301' title='bbox 1048 2149 1250 2204; x_wconf 89' lang='lat' dir='ltr'><strong>habent</strong></span> <span class='ocrx_word' id='word_1_302' title='bbox 1294 2157 1348 2204; x_wconf 90' lang='lat' dir='ltr'><strong>ct</strong></span> <span class='ocrx_word' id='word_1_303' title='bbox 1391 2146 1676 2218; x_wconf 83' lang='lat' dir='ltr'><strong>qualitates</strong></span> <span class='ocrx_word' id='word_1_304' title='bbox 1705 2160 1828 2200; x_wconf 87' lang='lat' dir='ltr'><strong>ver-</strong></span> 
     </span>
    </p>
   </div>
   <div class='ocr_carea' id='block_1_37' title="bbox 229 2237 1828 2316">
    <p class='ocr_par' dir='ltr' id='par_1_37' title="bbox 229 2237 1828 2316">
     <span class='ocr_line' id='line_1_37' title="bbox 229 2237 1828 2316; baseline -0.007 -12"><span class='ocrx_word' id='word_1_305' title='bbox 229 2249 417 2305; x_wconf 81' lang='lat' dir='ltr'><strong>sibiles</strong></span> <span class='ocrx_word' id='word_1_306' title='bbox 471 2266 485 2302; x_wconf 91' lang='lat'><strong>:</strong></span> <span class='ocrx_word' id='word_1_307' title='bbox 531 2257 587 2304; x_wconf 89' lang='lat' dir='ltr'><strong>et</strong></span> <span class='ocrx_word' id='word_1_308' title='bbox 630 2256 756 2302; x_wconf 88' lang='lat' dir='ltr'><strong>sunt</strong></span> <span class='ocrx_word' id='word_1_309' title='bbox 799 2245 916 2300; x_wconf 65' lang='lat' dir='ltr'><strong>haec</strong></span> <span class='ocrx_word' id='word_1_310' title='bbox 961 2260 1083 2316; x_wconf 68' lang='lat' dir='ltr'><strong>qua:</strong></span> <span class='ocrx_word' id='word_1_311' title='bbox 1139 2243 1372 2298; x_wconf 85' lang='lat' dir='ltr'><strong>diximus</strong></span> <span class='ocrx_word' id='word_1_312' title='bbox 1413 2247 1494 2315; x_wconf 79' lang='grc' dir='ltr'><strong>¹μή</strong></span> <span class='ocrx_word' id='word_1_313' title='bbox 1540 2237 1696 2301; x_wconf 81' lang='grc' dir='ltr'>ὅντως</span> <span class='ocrx_word' id='word_1_314' title='bbox 1759 2243 1828 2311; x_wconf 74' lang='grc' dir='ltr'><strong>μὴ</strong></span> 
     </span>
    </p>
   </div>
   <div class='ocr_carea' id='block_1_38' title="bbox 231 2331 1829 2407">
    <p class='ocr_par' dir='ltr' id='par_1_38' title="bbox 231 2331 1829 2407">
     <span class='ocr_line' id='line_1_38' title="bbox 231 2331 1829 2407; baseline -0.008 -9"><span class='ocrx_word' id='word_1_315' title='bbox 231 2338 372 2398; x_wconf 81' lang='grc' dir='ltr'>ὄντα.</span> <span class='ocrx_word' id='word_1_316' title='bbox 410 2338 544 2395; x_wconf 87' lang='lat' dir='ltr'><strong>Cum</strong></span> <span class='ocrx_word' id='word_1_317' title='bbox 585 2348 764 2394; x_wconf 89' lang='lat' dir='ltr'><strong>autem</strong></span> <span class='ocrx_word' id='word_1_318' title='bbox 804 2337 1154 2407; x_wconf 76' lang='lat' dir='ltr'><strong>intelligimus</strong></span> <span class='ocrx_word' id='word_1_319' title='bbox 1193 2335 1292 2390; x_wconf 91' lang='lat' dir='ltr'><strong>sub</strong></span> <span class='ocrx_word' id='word_1_320' title='bbox 1333 2334 1509 2388; x_wconf 88' lang='lat' dir='ltr'><strong>anima</strong></span> <span class='ocrx_word' id='word_1_321' title='bbox 1555 2333 1676 2393; x_wconf 81' lang='grc' dir='ltr'>ὕλην</span> <span class='ocrx_word' id='word_1_322' title='bbox 1724 2331 1743 2403; x_wconf 96' lang='grc'>(</span> <span class='ocrx_word' id='word_1_323' title='bbox 1777 2335 1829 2386; x_wconf 92' lang='lat' dir='ltr'><strong>in</strong></span> 
     </span>
    </p>
   </div>
   <div class='ocr_carea' id='block_1_39' title="bbox 230 2424 1831 2503">
    <p class='ocr_par' dir='ltr' id='par_1_39' title="bbox 230 2424 1831 2503">
     <span class='ocr_line' id='line_1_39' title="bbox 230 2424 1831 2503; baseline -0.007 -12"><span class='ocrx_word' id='word_1_324' title='bbox 230 2436 410 2491; x_wconf 90' lang='lat' dir='ltr'><strong>anima</strong></span> <span class='ocrx_word' id='word_1_325' title='bbox 458 2433 581 2489; x_wconf 86' lang='lat' dir='ltr'><strong>dico</strong></span> <span class='ocrx_word' id='word_1_326' title='bbox 607 2433 746 2500; x_wconf 81' lang='grc' dir='ltr'>ὕλην,</span> <span class='ocrx_word' id='word_1_327' title='bbox 805 2429 1062 2503; x_wconf 92' lang='lat' dir='ltr'><strong>quidquid</strong></span> <span class='ocrx_word' id='word_1_328' title='bbox 1101 2431 1217 2484; x_wconf 91' lang='lat' dir='ltr'><strong>sine</strong></span> <span class='ocrx_word' id='word_1_329' title='bbox 1263 2427 1604 2483; x_wconf 89' lang='lat' dir='ltr'><strong>intellectuali</strong></span> <span class='ocrx_word' id='word_1_330' title='bbox 1654 2424 1831 2480; x_wconf 88' lang='lat' dir='ltr'><strong>anima</strong></span> 
     </span>
    </p>
   </div>
   <div class='ocr_carea' id='block_1_40' title="bbox 231 2521 1832 2596">
    <p class='ocr_par' dir='ltr' id='par_1_40' title="bbox 231 2521 1832 2596">
     <span class='ocr_line' id='line_1_40' title="bbox 231 2521 1832 2596; baseline -0.007 -12"><span class='ocrx_word' id='word_1_331' title='bbox 231 2538 336 2595; x_wconf 82' lang='lat' dir='ltr'><strong>est,</strong></span> <span class='ocrx_word' id='word_1_332' title='bbox 391 2528 706 2584; x_wconf 89' lang='lat' dir='ltr'><strong>circumlato</strong></span> <span class='ocrx_word' id='word_1_333' title='bbox 733 2523 919 2595; x_wconf 91' lang='lat' dir='ltr'><strong>sensu)</strong></span> <span class='ocrx_word' id='word_1_334' title='bbox 953 2526 1065 2596; x_wconf 84' lang='lat' dir='ltr'><strong>ipsa</strong></span> <span class='ocrx_word' id='word_1_335' title='bbox 1095 2521 1502 2593; x_wconf 90' lang='lat' dir='ltr'><strong>comprehendit</strong></span> <span class='ocrx_word' id='word_1_336' title='bbox 1529 2521 1670 2576; x_wconf 90' lang='lat' dir='ltr'><strong>circa</strong></span> <span class='ocrx_word' id='word_1_337' title='bbox 1697 2535 1832 2590; x_wconf 86' lang='lat' dir='ltr'><strong>qua-</strong></span> 
     </span>
    </p>
   </div>
   <div class='ocr_carea' id='block_1_41' title="bbox 234 2611 1836 2694">
    <p class='ocr_par' dir='ltr' id='par_1_41' title="bbox 234 2611 1836 2694">
     <span class='ocr_line' id='line_1_41' title="bbox 234 2611 1836 2694; baseline -0.007 -18"><span class='ocrx_word' id='word_1_338' title='bbox 234 2621 410 2676; x_wconf 87' lang='lat' dir='ltr'><strong>litates</strong></span> <span class='ocrx_word' id='word_1_339' title='bbox 437 2620 590 2692; x_wconf 90' lang='lat' dir='ltr'><strong>quasi</strong></span> <span class='ocrx_word' id='word_1_340' title='bbox 611 2625 683 2694; x_wconf 74' lang='grc' dir='ltr'><strong>μὴ</strong></span> <span class='ocrx_word' id='word_1_341' title='bbox 713 2615 834 2675; x_wconf 71' lang='grc' dir='ltr'><strong>ὄντα</strong></span> <span class='ocrx_word' id='word_1_342' title='bbox 861 2633 979 2687; x_wconf 78' lang='lat' dir='ltr'><strong>qure</strong></span> <span class='ocrx_word' id='word_1_343' title='bbox 1023 2625 1148 2672; x_wconf 90' lang='lat' dir='ltr'><strong>sunt</strong></span> <span class='ocrx_word' id='word_1_344' title='bbox 1181 2634 1195 2671; x_wconf 92' lang='lat'>:</span> <span class='ocrx_word' id='word_1_345' title='bbox 1227 2627 1354 2670; x_wconf 89' lang='lat' dir='ltr'><strong>sunt</strong></span> <span class='ocrx_word' id='word_1_346' title='bbox 1382 2614 1524 2670; x_wconf 91' lang='lat' dir='ltr'><strong>enim</strong></span> <span class='ocrx_word' id='word_1_347' title='bbox 1555 2611 1836 2669; x_wconf 86' lang='lat' dir='ltr'><strong>versibiles</strong></span> 
     </span>
    </p>
   </div>
   <div class='ocr_carea' id='block_1_42' title="bbox 235 2706 1838 2786">
    <p class='ocr_par' dir='ltr' id='par_1_42' title="bbox 235 2706 1838 2786">
     <span class='ocr_line' id='line_1_42' title="bbox 235 2706 1838 2786; baseline -0.006 -16"><span class='ocrx_word' id='word_1_348' title='bbox 235 2714 539 2786; x_wconf 76' lang='lat' dir='ltr'><strong>qualitates;</strong></span> <span class='ocrx_word' id='word_1_349' title='bbox 560 2724 613 2769; x_wconf 90' lang='lat' dir='ltr'><strong>et</strong></span> <span class='ocrx_word' id='word_1_350' title='bbox 623 2713 773 2784; x_wconf 88' lang='lat' dir='ltr'><strong>juxta</strong></span> <span class='ocrx_word' id='word_1_351' title='bbox 793 2712 913 2777; x_wconf 88' lang='lat' dir='ltr'><strong>hoc,</strong></span> <span class='ocrx_word' id='word_1_352' title='bbox 933 2716 1001 2784; x_wconf 79' lang='grc' dir='ltr'><strong>μή</strong></span> <span class='ocrx_word' id='word_1_353' title='bbox 1020 2707 1160 2767; x_wconf 75' lang='grc' dir='ltr'><strong>ὄντα.</strong></span> <span class='ocrx_word' id='word_1_354' title='bbox 1190 2708 1404 2764; x_wconf 88' lang='lat' dir='ltr'><strong>Etenim</strong></span> <span class='ocrx_word' id='word_1_355' title='bbox 1430 2709 1603 2778; x_wconf 91' lang='lat' dir='ltr'><strong>ipsum</strong></span> <span class='ocrx_word' id='word_1_356' title='bbox 1627 2706 1838 2776; x_wconf 84' lang='lat' dir='ltr'><strong>subjec-</strong></span> 
     </span>
    </p>
   </div>
   <div class='ocr_carea' id='block_1_43' title="bbox 237 2799 1839 2879">
    <p class='ocr_par' dir='ltr' id='par_1_43' title="bbox 237 2799 1839 2879">
     <span class='ocr_line' id='line_1_43' title="bbox 237 2799 1839 2879; baseline -0.006 -15"><span class='ocrx_word' id='word_1_357' title='bbox 237 2817 348 2865; x_wconf 91' lang='lat' dir='ltr'><strong>tum</strong></span> <span class='ocrx_word' id='word_1_358' title='bbox 400 2823 520 2879; x_wconf 79' lang='lat' dir='ltr'><strong>quae</strong></span> <span class='ocrx_word' id='word_1_359' title='bbox 563 2807 656 2866; x_wconf 81' lang='grc' dir='ltr'>ὕλη</span> <span class='ocrx_word' id='word_1_360' title='bbox 700 2806 916 2871; x_wconf 92' lang='lat' dir='ltr'><strong>dicitur,</strong></span> <span class='ocrx_word' id='word_1_361' title='bbox 975 2803 1444 2859; x_wconf 89' lang='lat' dir='ltr'><strong>indeterminatum</strong></span> <span class='ocrx_word' id='word_1_362' title='bbox 1489 2811 1591 2865; x_wconf 90' lang='lat' dir='ltr'><strong>est;</strong></span> <span class='ocrx_word' id='word_1_363' title='bbox 1637 2808 1692 2856; x_wconf 85' lang='lat' dir='ltr'><strong>et</strong></span> <span class='ocrx_word' id='word_1_364' title='bbox 1719 2799 1839 2854; x_wconf 91' lang='lat' dir='ltr'><strong>ideo</strong></span> 
     </span>
    </p>
   </div>
   <div class='ocr_carea' id='block_1_44' title="bbox 237 2892 1840 2972">
    <p class='ocr_par' dir='ltr' id='par_1_44' title="bbox 237 2892 1840 2972">
     <span class='ocr_line' id='line_1_44' title="bbox 237 2892 1840 2972; baseline -0.006 -15"><span class='ocrx_word' id='word_1_365' title='bbox 237 2901 355 2957; x_wconf 88' lang='lat' dir='ltr'><strong>sine</strong></span> <span class='ocrx_word' id='word_1_366' title='bbox 379 2899 633 2972; x_wconf 90' lang='lat' dir='ltr'><strong>qualitate</strong></span> <span class='ocrx_word' id='word_1_367' title='bbox 661 2898 874 2953; x_wconf 89' lang='lat' dir='ltr'><strong>dicitur.</strong></span> <span class='ocrx_word' id='word_1_368' title='bbox 898 2897 952 2953; x_wconf 93' lang='lat' dir='ltr'><strong>Si</strong></span> <span class='ocrx_word' id='word_1_369' title='bbox 971 2907 1147 2952; x_wconf 88' lang='lat' dir='ltr'><strong>autem</strong></span> <span class='ocrx_word' id='word_1_370' title='bbox 1171 2893 1585 2960; x_wconf 88' lang='lat' dir='ltr'><strong>determinatur,</strong></span> <span class='ocrx_word' id='word_1_371' title='bbox 1607 2892 1840 2964; x_wconf 82' lang='lat' dir='ltr'><strong>qualitas</strong></span> 
     </span>
    </p>
   </div>
   <div class='ocr_carea' id='block_1_45' title="bbox 239 2986 1843 3062">
    <p class='ocr_par' dir='ltr' id='par_1_45' title="bbox 239 2986 1843 3062">
     <span class='ocr_line' id='line_1_45' title="bbox 239 2986 1843 3062; baseline -0.006 -12"><span class='ocrx_word' id='word_1_372' title='bbox 239 2993 456 3061; x_wconf 89' lang='lat' dir='ltr'><strong>dicitur,</strong></span> <span class='ocrx_word' id='word_1_373' title='bbox 489 3001 545 3048; x_wconf 89' lang='lat' dir='ltr'><strong>et</strong></span> <span class='ocrx_word' id='word_1_374' title='bbox 567 3007 672 3046; x_wconf 90' lang='lat' dir='ltr'><strong>non</strong></span> <span class='ocrx_word' id='word_1_375' title='bbox 704 2989 877 3062; x_wconf 91' lang='lat' dir='ltr'><strong>qualis</strong></span> <span class='ocrx_word' id='word_1_376' title='bbox 907 2989 1022 3048; x_wconf 87' lang='grc' dir='ltr'>ὕλη.</span> <span class='ocrx_word' id='word_1_377' title='bbox 1055 2989 1160 3045; x_wconf 88' lang='lat' dir='ltr'><strong>Sed</strong></span> <span class='ocrx_word' id='word_1_378' title='bbox 1191 2995 1316 3043; x_wconf 90' lang='lat' dir='ltr'><strong>sunt</strong></span> <span class='ocrx_word' id='word_1_379' title='bbox 1346 2988 1534 3059; x_wconf 72' lang='lat' dir='ltr'><strong>prima:</strong></span> <span class='ocrx_word' id='word_1_380' title='bbox 1559 2986 1843 3057; x_wconf 89' lang='lat' dir='ltr'><strong>qualitates</strong></span> 
     </span>
    </p>
   </div>
   <div class='ocr_carea' id='block_1_46' title="bbox 241 3082 1844 3157">
    <p class='ocr_par' dir='ltr' id='par_1_46' title="bbox 241 3082 1844 3157">
     <span class='ocr_line' id='line_1_46' title="bbox 241 3082 1844 3157; baseline -0.007 -15"><span class='ocrx_word' id='word_1_381' title='bbox 241 3087 296 3143; x_wconf 89' lang='lat' dir='ltr'><strong>in</strong></span> <span class='ocrx_word' id='word_1_382' title='bbox 322 3085 640 3157; x_wconf 90' lang='lat' dir='ltr'><strong>corporibus</strong></span> <span class='ocrx_word' id='word_1_383' title='bbox 688 3083 876 3154; x_wconf 84' lang='lat' dir='ltr'><strong>primis</strong></span> <span class='ocrx_word' id='word_1_384' title='bbox 900 3123 916 3149; x_wconf 96' lang='lat'><strong>,</strong></span> <span class='ocrx_word' id='word_1_385' title='bbox 947 3082 1067 3152; x_wconf 90' lang='lat' dir='ltr'><strong>igne</strong></span> <span class='ocrx_word' id='word_1_386' title='bbox 1089 3122 1104 3147; x_wconf 92' lang='lat'><strong>,</strong></span> <span class='ocrx_word' id='word_1_387' title='bbox 1136 3096 1293 3146; x_wconf 91' lang='lat' dir='ltr'><strong>aere,</strong></span> <span class='ocrx_word' id='word_1_388' title='bbox 1321 3095 1478 3150; x_wconf 88' lang='lat' dir='ltr'><strong>aqua,</strong></span> <span class='ocrx_word' id='word_1_389' title='bbox 1508 3089 1648 3134; x_wconf 90' lang='lat' dir='ltr'><strong>terra</strong></span> <span class='ocrx_word' id='word_1_390' title='bbox 1681 3096 1694 3133; x_wconf 90' lang='lat'>:</span> <span class='ocrx_word' id='word_1_391' title='bbox 1725 3091 1844 3147; x_wconf 72' lang='lat' dir='ltr'><strong>quze</strong></span> 
     </span>
    </p>
   </div>
   <div class='ocr_carea' id='block_1_47' title="bbox 244 3171 1847 3249">
    <p class='ocr_par' dir='ltr' id='par_1_47' title="bbox 244 3171 1847 3249">
     <span class='ocr_line' id='line_1_47' title="bbox 244 3171 1847 3249; baseline -0.009 -9"><span class='ocrx_word' id='word_1_392' title='bbox 244 3191 400 3249; x_wconf 87' lang='lat' dir='ltr'><strong>sunt,</strong></span> <span class='ocrx_word' id='word_1_393' title='bbox 455 3180 550 3237; x_wconf 89' lang='lat' dir='ltr'><strong>sed</strong></span> <span class='ocrx_word' id='word_1_394' title='bbox 609 3194 708 3249; x_wconf 91' lang='lat' dir='ltr'><strong>pcr</strong></span> <span class='ocrx_word' id='word_1_395' title='bbox 753 3193 841 3243; x_wconf 90' lang='lat' dir='ltr'><strong>se,</strong></span> <span class='ocrx_word' id='word_1_396' title='bbox 900 3177 1018 3231; x_wconf 87' lang='lat' dir='ltr'><strong>sine</strong></span> <span class='ocrx_word' id='word_1_397' title='bbox 1061 3175 1444 3230; x_wconf 81' lang='lat' dir='ltr'><strong>commixtione</strong></span> <span class='ocrx_word' id='word_1_398' title='bbox 1484 3173 1571 3228; x_wconf 85' lang='lat' dir='ltr'><strong>vel</strong></span> <span class='ocrx_word' id='word_1_399' title='bbox 1619 3171 1847 3240; x_wconf 84' lang='lat' dir='ltr'><strong>alicujus</strong></span> 
     </span>
    </p>
   </div>
   <div class='ocr_carea' id='block_1_48' title="bbox 1929 1962 3525 2043">
    <p class='ocr_par' dir='ltr' id='par_1_48' title="bbox 1929 1962 3525 2043">
     <span class='ocr_line' id='line_1_48' title="bbox 1929 1962 3525 2043; baseline 0.008 -27"><span class='ocrx_word' id='word_1_400' title='bbox 1929 1970 2132 2028; x_wconf 88' lang='lat' dir='ltr'><strong>manet,</strong></span> <span class='ocrx_word' id='word_1_401' title='bbox 2161 1962 2540 2018; x_wconf 85' lang='lat' dir='ltr'><strong>animationem</strong></span> <span class='ocrx_word' id='word_1_402' title='bbox 2565 1965 2634 2020; x_wconf 88' lang='lat' dir='ltr'><strong>ab</strong></span> <span class='ocrx_word' id='word_1_403' title='bbox 2663 1965 2838 2021; x_wconf 88' lang='lat' dir='ltr'><strong>anima</strong></span> <span class='ocrx_word' id='word_1_404' title='bbox 2865 1967 3090 2026; x_wconf 88' lang='lat' dir='ltr'><strong>habens.</strong></span> <span class='ocrx_word' id='word_1_405' title='bbox 3121 1969 3258 2026; x_wconf 92' lang='lat' dir='ltr'><strong>Sunt</strong></span> <span class='ocrx_word' id='word_1_406' title='bbox 3287 1972 3445 2043; x_wconf 82' lang='lat' dir='ltr'><strong>igitur</strong></span> <span class='ocrx_word' id='word_1_407' title='bbox 3470 1983 3525 2028; x_wconf 93' lang='lat' dir='ltr'><strong>ct</strong></span> 
     </span>
    </p>
   </div>
   <div class='ocr_carea' id='block_1_49' title="bbox 1930 2055 3524 2134">
    <p class='ocr_par' dir='ltr' id='par_1_49' title="bbox 1930 2055 3524 2134">
     <span class='ocr_line' id='line_1_49' title="bbox 1930 2055 3524 2134; baseline 0.008 -24"><span class='ocrx_word' id='word_1_408' title='bbox 1930 2055 2179 2111; x_wconf 91' lang='lat' dir='ltr'><strong>dicuntur</strong></span> <span class='ocrx_word' id='word_1_409' title='bbox 2205 2056 2325 2125; x_wconf 89' lang='lat' dir='ltr'><strong>ista,</strong></span> <span class='ocrx_word' id='word_1_410' title='bbox 2357 2063 2426 2130; x_wconf 78' lang='grc' dir='ltr'><strong>μή</strong></span> <span class='ocrx_word' id='word_1_411' title='bbox 2460 2055 2600 2115; x_wconf 80' lang='grc' dir='ltr'><strong>ὄντα.</strong></span> <span class='ocrx_word' id='word_1_412' title='bbox 2629 2059 2703 2115; x_wconf 92' lang='lat' dir='ltr'><strong>De</strong></span> <span class='ocrx_word' id='word_1_413' title='bbox 2735 2061 2800 2116; x_wconf 91' lang='lat' dir='ltr'><strong>iis</strong></span> <span class='ocrx_word' id='word_1_414' title='bbox 2829 2077 2958 2133; x_wconf 89' lang='lat' dir='ltr'><strong>ergo</strong></span> <span class='ocrx_word' id='word_1_415' title='bbox 2986 2079 3105 2134; x_wconf 67' lang='lat' dir='ltr'><strong>quin</strong></span> <span class='ocrx_word' id='word_1_416' title='bbox 3142 2080 3248 2121; x_wconf 92' lang='lat' dir='ltr'><strong>non</strong></span> <span class='ocrx_word' id='word_1_417' title='bbox 3277 2077 3420 2132; x_wconf 89' lang='lat' dir='ltr'><strong>sunt,</strong></span> <span class='ocrx_word' id='word_1_418' title='bbox 3452 2067 3524 2124; x_wconf 89' lang='lat' dir='ltr'><strong>ita</strong></span> 
     </span>
    </p>
   </div>
   <div class='ocr_carea' id='block_1_50' title="bbox 1932 2148 2202 2206">
    <p class='ocr_par' dir='ltr' id='par_1_50' title="bbox 1932 2148 2202 2206">
     <span class='ocr_line' id='line_1_50' title="bbox 1932 2148 2202 2206; baseline -0.004 -3"><span class='ocrx_word' id='word_1_419' title='bbox 1932 2163 1992 2203; x_wconf 91' lang='lat' dir='ltr'><strong>se</strong></span> <span class='ocrx_word' id='word_1_420' title='bbox 2025 2148 2202 2206; x_wconf 88' lang='lat' dir='ltr'><strong>habet.</strong></span> 
     </span>
    </p>
   </div>
   <div class='ocr_carea' id='block_1_51' title="bbox 2005 2241 3530 2323">
    <p class='ocr_par' dir='ltr' id='par_1_51' title="bbox 2005 2241 3530 2323">
     <span class='ocr_line' id='line_1_51' title="bbox 2005 2241 3530 2323; baseline 0.009 -28"><span class='ocrx_word' id='word_1_421' title='bbox 2005 2241 2099 2297; x_wconf 85' lang='grc' dir='ltr'><strong>ΧΙ.</strong></span> <span class='ocrx_word' id='word_1_422' title='bbox 2152 2242 2332 2299; x_wconf 86' lang='lat' dir='ltr'><strong>Habes</strong></span> <span class='ocrx_word' id='word_1_423' title='bbox 2378 2243 2538 2315; x_wconf 85' lang='lat' dir='ltr'><strong>igitur</strong></span> <span class='ocrx_word' id='word_1_424' title='bbox 2581 2255 2812 2316; x_wconf 89' lang='lat' dir='ltr'><strong>quatuor</strong></span> <span class='ocrx_word' id='word_1_425' title='bbox 2841 2266 2855 2304; x_wconf 89' lang='lat'><strong>:</strong></span> <span class='ocrx_word' id='word_1_426' title='bbox 2883 2263 3004 2319; x_wconf 74' lang='lat' dir='ltr'><strong>qua:</strong></span> <span class='ocrx_word' id='word_1_427' title='bbox 3051 2264 3178 2306; x_wconf 85' lang='lat' dir='ltr'><strong>vere</strong></span> <span class='ocrx_word' id='word_1_428' title='bbox 3217 2259 3360 2317; x_wconf 91' lang='lat' dir='ltr'><strong>sunt,</strong></span> <span class='ocrx_word' id='word_1_429' title='bbox 3410 2267 3530 2323; x_wconf 69' lang='lat' dir='ltr'><strong>qutc</strong></span> 
     </span>
    </p>
   </div>
   <div class='ocr_carea' id='block_1_52' title="bbox 1934 2343 3536 2411">
    <p class='ocr_par' dir='ltr' id='par_1_52' title="bbox 1934 2343 3536 2411">
     <span class='ocr_line' id='line_1_52' title="bbox 1934 2343 3536 2411; baseline 0.007 -23"><span class='ocrx_word' id='word_1_430' title='bbox 1934 2343 2082 2404; x_wconf 87' lang='lat' dir='ltr'><strong>sunt,</strong></span> <span class='ocrx_word' id='word_1_431' title='bbox 2133 2351 2256 2406; x_wconf 63' lang='lat' dir='ltr'><strong>quae</strong></span> <span class='ocrx_word' id='word_1_432' title='bbox 2307 2351 2412 2392; x_wconf 91' lang='lat' dir='ltr'><strong>non</strong></span> <span class='ocrx_word' id='word_1_433' title='bbox 2445 2352 2574 2393; x_wconf 85' lang='lat' dir='ltr'><strong>vere</strong></span> <span class='ocrx_word' id='word_1_434' title='bbox 2604 2355 2710 2393; x_wconf 90' lang='lat' dir='ltr'><strong>non</strong></span> <span class='ocrx_word' id='word_1_435' title='bbox 2742 2349 2868 2394; x_wconf 91' lang='lat' dir='ltr'><strong>sunt</strong></span> <span class='ocrx_word' id='word_1_436' title='bbox 2894 2382 2908 2404; x_wconf 86' lang='lat'><strong>,</strong></span> <span class='ocrx_word' id='word_1_437' title='bbox 2936 2357 3056 2411; x_wconf 64' lang='lat' dir='ltr'><strong>qua:</strong></span> <span class='ocrx_word' id='word_1_438' title='bbox 3085 2357 3191 2397; x_wconf 89' lang='lat' dir='ltr'><strong>non</strong></span> <span class='ocrx_word' id='word_1_439' title='bbox 3240 2353 3382 2398; x_wconf 86' lang='lat' dir='ltr'><strong>sunt.</strong></span> <span class='ocrx_word' id='word_1_440' title='bbox 3432 2343 3536 2399; x_wconf 86' lang='lat' dir='ltr'><strong>Per</strong></span> 
     </span>
    </p>
   </div>
   <div class='ocr_carea' id='block_1_53' title="bbox 1934 2428 3537 2504">
    <p class='ocr_par' dir='ltr' id='par_1_53' title="bbox 1934 2428 3537 2504">
     <span class='ocr_line' id='line_1_53' title="bbox 1934 2428 3537 2504; baseline 0.007 -22"><span class='ocrx_word' id='word_1_441' title='bbox 1934 2428 2342 2484; x_wconf 91' lang='lat' dir='ltr'><strong>conversionem</strong></span> <span class='ocrx_word' id='word_1_442' title='bbox 2376 2438 2554 2485; x_wconf 91' lang='lat' dir='ltr'><strong>autem</strong></span> <span class='ocrx_word' id='word_1_443' title='bbox 2585 2442 2640 2487; x_wconf 90' lang='lat' dir='ltr'><strong>et</strong></span> <span class='ocrx_word' id='word_1_444' title='bbox 2664 2433 3094 2504; x_wconf 81' lang='lat' dir='ltr'><strong>complexionem</strong></span> <span class='ocrx_word' id='word_1_445' title='bbox 3142 2433 3333 2490; x_wconf 89' lang='lat' dir='ltr'><strong>horum</strong></span> <span class='ocrx_word' id='word_1_446' title='bbox 3365 2439 3537 2492; x_wconf 90' lang='lat' dir='ltr'><strong>nomi-</strong></span> 
     </span>
    </p>
   </div>
   <div class='ocr_carea' id='block_1_54' title="bbox 1937 2521 3536 2600">
    <p class='ocr_par' dir='ltr' id='par_1_54' title="bbox 1937 2521 3536 2600">
     <span class='ocr_line' id='line_1_54' title="bbox 1937 2521 3536 2600; baseline 0.008 -26"><span class='ocrx_word' id='word_1_447' title='bbox 1937 2535 2104 2588; x_wconf 91' lang='lat' dir='ltr'><strong>num,</strong></span> <span class='ocrx_word' id='word_1_448' title='bbox 2175 2521 2351 2578; x_wconf 90' lang='lat' dir='ltr'><strong>adhuc</strong></span> <span class='ocrx_word' id='word_1_449' title='bbox 2403 2523 2509 2578; x_wconf 93' lang='lat' dir='ltr'><strong>duo</strong></span> <span class='ocrx_word' id='word_1_450' title='bbox 2566 2524 2712 2580; x_wconf 87' lang='lat' dir='ltr'><strong>modi</strong></span> <span class='ocrx_word' id='word_1_451' title='bbox 2763 2526 3155 2583; x_wconf 69' lang='lat' dir='ltr'><strong>&#39;subaudiuntur</strong></span> <span class='ocrx_word' id='word_1_452' title='bbox 3196 2545 3210 2582; x_wconf 88' lang='lat'><strong>:</strong></span> <span class='ocrx_word' id='word_1_453' title='bbox 3257 2545 3376 2600; x_wconf 73' lang='lat' dir='ltr'><strong>qua:</strong></span> <span class='ocrx_word' id='word_1_454' title='bbox 3431 2545 3536 2587; x_wconf 93' lang='lat' dir='ltr'><strong>non</strong></span> 
     </span>
    </p>
   </div>
   <div class='ocr_carea' id='block_1_55' title="bbox 1935 2620 3539 2694">
    <p class='ocr_par' dir='ltr' id='par_1_55' title="bbox 1935 2620 3539 2694">
     <span class='ocr_line' id='line_1_55' title="bbox 1935 2620 3539 2694; baseline 0.008 -26"><span class='ocrx_word' id='word_1_455' title='bbox 1935 2629 2064 2670; x_wconf 89' lang='lat' dir='ltr'><strong>vere</strong></span> <span class='ocrx_word' id='word_1_456' title='bbox 2091 2624 2256 2682; x_wconf 90' lang='lat' dir='ltr'><strong>sunt,</strong></span> <span class='ocrx_word' id='word_1_457' title='bbox 2297 2626 2352 2671; x_wconf 91' lang='lat' dir='ltr'><strong>et</strong></span> <span class='ocrx_word' id='word_1_458' title='bbox 2380 2632 2509 2672; x_wconf 89' lang='lat' dir='ltr'><strong>vere</strong></span> <span class='ocrx_word' id='word_1_459' title='bbox 2537 2633 2660 2689; x_wconf 69' lang='lat' dir='ltr'><strong>qum</strong></span> <span class='ocrx_word' id='word_1_460' title='bbox 2691 2634 2796 2674; x_wconf 88' lang='lat' dir='ltr'><strong>non</strong></span> <span class='ocrx_word' id='word_1_461' title='bbox 2839 2629 2986 2675; x_wconf 90' lang='lat' dir='ltr'><strong>sunt.</strong></span> <span class='ocrx_word' id='word_1_462' title='bbox 3041 2620 3294 2677; x_wconf 87' lang='lat' dir='ltr'><strong>Sedeuim</strong></span> <span class='ocrx_word' id='word_1_463' title='bbox 3323 2639 3384 2680; x_wconf 89' lang='lat' dir='ltr'><strong>ea</strong></span> <span class='ocrx_word' id='word_1_464' title='bbox 3417 2640 3539 2694; x_wconf 74' lang='lat' dir='ltr'><strong>qua:</strong></span> 
     </span>
    </p>
   </div>
   <div class='ocr_carea' id='block_1_56' title="bbox 1940 2713 3537 2785">
    <p class='ocr_par' dir='ltr' id='par_1_56' title="bbox 1940 2713 3537 2785">
     <span class='ocr_line' id='line_1_56' title="bbox 1940 2713 3537 2785; baseline 0.008 -25"><span class='ocrx_word' id='word_1_465' title='bbox 1940 2721 2047 2762; x_wconf 90' lang='lat' dir='ltr'><strong>non</strong></span> <span class='ocrx_word' id='word_1_466' title='bbox 2102 2722 2230 2763; x_wconf 87' lang='lat' dir='ltr'><strong>vere</strong></span> <span class='ocrx_word' id='word_1_467' title='bbox 2279 2716 2427 2775; x_wconf 92' lang='lat' dir='ltr'><strong>sunt,</strong></span> <span class='ocrx_word' id='word_1_468' title='bbox 2479 2724 2545 2765; x_wconf 90' lang='lat' dir='ltr'><strong>ea</strong></span> <span class='ocrx_word' id='word_1_469' title='bbox 2599 2718 2803 2766; x_wconf 86' lang='lat' dir='ltr'><strong>tantum</strong></span> <span class='ocrx_word' id='word_1_470' title='bbox 2857 2728 2978 2783; x_wconf 71' lang='lat' dir='ltr'><strong>qua:</strong></span> <span class='ocrx_word' id='word_1_471' title='bbox 3024 2723 3150 2768; x_wconf 89' lang='lat' dir='ltr'><strong>sunt</strong></span> <span class='ocrx_word' id='word_1_472' title='bbox 3180 2713 3537 2785; x_wconf 82' lang='lat' dir='ltr'><strong>signiﬁcant:</strong></span> 
     </span>
    </p>
   </div>
   <div class='ocr_carea' id='block_1_57' title="bbox 1941 2802 3544 2882">
    <p class='ocr_par' dir='ltr' id='par_1_57' title="bbox 1941 2802 3544 2882">
     <span class='ocr_line' id='line_1_57' title="bbox 1941 2802 3544 2882; baseline 0.007 -25"><span class='ocrx_word' id='word_1_473' title='bbox 1941 2802 2114 2857; x_wconf 92' lang='lat' dir='ltr'><strong>solum</strong></span> <span class='ocrx_word' id='word_1_474' title='bbox 2144 2802 2287 2857; x_wconf 92' lang='lat' dir='ltr'><strong>enim</strong></span> <span class='ocrx_word' id='word_1_475' title='bbox 2316 2813 2462 2870; x_wconf 90' lang='lat' dir='ltr'><strong>sunt,</strong></span> <span class='ocrx_word' id='word_1_476' title='bbox 2493 2820 2612 2874; x_wconf 68' lang='lat' dir='ltr'><strong>quae</strong></span> <span class='ocrx_word' id='word_1_477' title='bbox 2641 2817 2745 2862; x_wconf 80' lang='lat' dir='ltr'><strong>nan</strong></span> <span class='ocrx_word' id='word_1_478' title='bbox 2793 2821 2921 2862; x_wconf 90' lang='lat' dir='ltr'><strong>vere</strong></span> <span class='ocrx_word' id='word_1_479' title='bbox 2949 2817 3095 2863; x_wconf 90' lang='lat' dir='ltr'><strong>sunt.</strong></span> <span class='ocrx_word' id='word_1_480' title='bbox 3138 2807 3209 2863; x_wconf 83' lang='lat' dir='ltr'><strong>At</strong></span> <span class='ocrx_word' id='word_1_481' title='bbox 3248 2825 3380 2866; x_wconf 89' lang='lat' dir='ltr'><strong>vero</strong></span> <span class='ocrx_word' id='word_1_482' title='bbox 3421 2828 3544 2882; x_wconf 62' lang='lat' dir='ltr'><strong>qua:</strong></span> 
     </span>
    </p>
   </div>
   <div class='ocr_carea' id='block_1_58' title="bbox 1943 2897 3545 2966">
    <p class='ocr_par' dir='ltr' id='par_1_58' title="bbox 1943 2897 3545 2966">
     <span class='ocr_line' id='line_1_58' title="bbox 1943 2897 3545 2966; baseline 0.009 -19"><span class='ocrx_word' id='word_1_483' title='bbox 1943 2910 2071 2950; x_wconf 87' lang='lat' dir='ltr'><strong>vere</strong></span> <span class='ocrx_word' id='word_1_484' title='bbox 2101 2910 2206 2948; x_wconf 89' lang='lat' dir='ltr'><strong>non</strong></span> <span class='ocrx_word' id='word_1_485' title='bbox 2239 2905 2382 2963; x_wconf 90' lang='lat' dir='ltr'><strong>sunt,</strong></span> <span class='ocrx_word' id='word_1_486' title='bbox 2413 2897 2478 2951; x_wconf 93' lang='lat' dir='ltr'><strong>ad</strong></span> <span class='ocrx_word' id='word_1_487' title='bbox 2510 2897 2563 2952; x_wconf 91' lang='lat' dir='ltr'><strong>id</strong></span> <span class='ocrx_word' id='word_1_488' title='bbox 2594 2908 2651 2952; x_wconf 92' lang='lat' dir='ltr'><strong>ut</strong></span> <span class='ocrx_word' id='word_1_489' title='bbox 2676 2897 2806 2966; x_wconf 87' lang='lat' dir='ltr'><strong>sint,</strong></span> <span class='ocrx_word' id='word_1_490' title='bbox 2841 2901 3014 2956; x_wconf 91' lang='lat' dir='ltr'><strong>locum</strong></span> <span class='ocrx_word' id='word_1_491' title='bbox 3039 2917 3144 2956; x_wconf 94' lang='lat' dir='ltr'><strong>non</strong></span> <span class='ocrx_word' id='word_1_492' title='bbox 3178 2901 3397 2960; x_wconf 88' lang='lat' dir='ltr'><strong>habent.</strong></span> <span class='ocrx_word' id='word_1_493' title='bbox 3431 2905 3545 2961; x_wconf 91' lang='lat' dir='ltr'><strong>Deo</strong></span> 
     </span>
    </p>
   </div>
   <div class='ocr_carea' id='block_1_59' title="bbox 1944 2985 3547 3066">
    <p class='ocr_par' dir='ltr' id='par_1_59' title="bbox 1944 2985 3547 3066">
     <span class='ocr_line' id='line_1_59' title="bbox 1944 2985 3547 3066; baseline 0.006 -23"><span class='ocrx_word' id='word_1_494' title='bbox 1944 2986 2087 3043; x_wconf 89' lang='lat' dir='ltr'><strong>enim</strong></span> <span class='ocrx_word' id='word_1_495' title='bbox 2120 2985 2294 3058; x_wconf 84' lang='lat' dir='ltr'><strong>plenis</strong></span> <span class='ocrx_word' id='word_1_496' title='bbox 2320 2987 2591 3056; x_wconf 89' lang='lat' dir='ltr'><strong>omnibus,</strong></span> <span class='ocrx_word' id='word_1_497' title='bbox 2621 2991 2768 3047; x_wconf 82' lang='lat' dir='ltr'><strong>nefas</strong></span> <span class='ocrx_word' id='word_1_498' title='bbox 2809 3001 2861 3047; x_wconf 90' lang='lat' dir='ltr'><strong>et</strong></span> <span class='ocrx_word' id='word_1_499' title='bbox 2887 2991 3241 3062; x_wconf 78' lang='lat' dir='ltr'><strong>impossibile,</strong></span> <span class='ocrx_word' id='word_1_500' title='bbox 3273 3011 3394 3066; x_wconf 74' lang='lat' dir='ltr'><strong>qua:</strong></span> <span class='ocrx_word' id='word_1_501' title='bbox 3423 3013 3547 3053; x_wconf 78' lang='lat' dir='ltr'><strong>vere</strong></span> 
     </span>
    </p>
   </div>
   <div class='ocr_carea' id='block_1_60' title="bbox 1947 3081 3550 3158">
    <p class='ocr_par' dir='ltr' id='par_1_60' title="bbox 1947 3081 3550 3158">
     <span class='ocr_line' id='line_1_60' title="bbox 1947 3081 3550 3158; baseline 0.006 -22"><span class='ocrx_word' id='word_1_502' title='bbox 1947 3096 2052 3136; x_wconf 91' lang='lat' dir='ltr'><strong>non</strong></span> <span class='ocrx_word' id='word_1_503' title='bbox 2078 3081 2203 3145; x_wconf 86' lang='lat' dir='ltr'><strong>sint,</strong></span> <span class='ocrx_word' id='word_1_504' title='bbox 2233 3090 2287 3136; x_wconf 92' lang='lat' dir='ltr'><strong>et</strong></span> <span class='ocrx_word' id='word_1_505' title='bbox 2311 3082 2418 3138; x_wconf 90' lang='lat' dir='ltr'><strong>dici</strong></span> <span class='ocrx_word' id='word_1_506' title='bbox 2447 3092 2502 3138; x_wconf 89' lang='lat' dir='ltr'><strong>et</strong></span> <span class='ocrx_word' id='word_1_507' title='bbox 2525 3098 2647 3140; x_wconf 90' lang='lat' dir='ltr'><strong>esse</strong></span> <span class='ocrx_word' id='word_1_508' title='bbox 2680 3102 2692 3138; x_wconf 92' lang='lat'>:</span> <span class='ocrx_word' id='word_1_509' title='bbox 2718 3100 2837 3155; x_wconf 81' lang='lat' dir='ltr'><strong>quae</strong></span> <span class='ocrx_word' id='word_1_510' title='bbox 2868 3084 3218 3158; x_wconf 79' lang='lat' dir='ltr'><strong>intelligentia</strong></span> <span class='ocrx_word' id='word_1_511' title='bbox 3244 3090 3380 3155; x_wconf 85' lang='lat' dir='ltr'><strong>sola,</strong></span> <span class='ocrx_word' id='word_1_512' title='bbox 3407 3089 3550 3146; x_wconf 90' lang='lat' dir='ltr'><strong>sicut</strong></span> 
     </span>
    </p>
   </div>
   <div class='ocr_carea' id='block_1_61' title="bbox 1950 3173 3550 3250">
    <p class='ocr_par' dir='ltr' id='par_1_61' title="bbox 1950 3173 3550 3250">
     <span class='ocr_line' id='line_1_61' title="bbox 1950 3173 3550 3250; baseline 0.008 -23"><span class='ocrx_word' id='word_1_513' title='bbox 1950 3173 2363 3241; x_wconf 88' lang='lat' dir='ltr'><strong>declaravimus,</strong></span> <span class='ocrx_word' id='word_1_514' title='bbox 2387 3174 2663 3243; x_wconf 81' lang='lat' dir='ltr'><strong>dill&#39;erunt,</strong></span> <span class='ocrx_word' id='word_1_515' title='bbox 2688 3193 2792 3232; x_wconf 91' lang='lat' dir='ltr'><strong>nou</strong></span> <span class='ocrx_word' id='word_1_516' title='bbox 2821 3178 2974 3233; x_wconf 80' lang='lat' dir='ltr'><strong>abiis</strong></span> <span class='ocrx_word' id='word_1_517' title='bbox 3001 3196 3123 3250; x_wconf 77' lang='lat' dir='ltr'><strong>qua:</strong></span> <span class='ocrx_word' id='word_1_518' title='bbox 3153 3197 3258 3236; x_wconf 91' lang='lat' dir='ltr'><strong>non</strong></span> <span class='ocrx_word' id='word_1_519' title='bbox 3287 3191 3430 3249; x_wconf 90' lang='lat' dir='ltr'><strong>sunt,</strong></span> <span class='ocrx_word' id='word_1_520' title='bbox 3454 3182 3550 3239; x_wconf 87' lang='lat' dir='ltr'><strong>sed</strong></span> 
     </span>
    </p>
   </div>
   <div class='ocr_carea' id='block_1_62' title="bbox 245 3261 3552 3340">
    <p class='ocr_par' dir='ltr' id='par_1_62' title="bbox 245 3261 3552 3340">
     <span class='ocr_line' id='line_1_62' title="bbox 245 3261 3552 3340; baseline 0 -10"><span class='ocrx_word' id='word_1_521' title='bbox 245 3273 464 3330; x_wconf 87' lang='lat' dir='ltr'><strong>unione.</strong></span> <span class='ocrx_word' id='word_1_522' title='bbox 491 3273 548 3330; x_wconf 91' lang='lat' dir='ltr'><strong>Si</strong></span> <span class='ocrx_word' id='word_1_523' title='bbox 569 3273 714 3327; x_wconf 86' lang='lat' dir='ltr'><strong>enim</strong></span> <span class='ocrx_word' id='word_1_524' title='bbox 736 3271 860 3336; x_wconf 87' lang='lat' dir='ltr'><strong>ista,</strong></span> <span class='ocrx_word' id='word_1_525' title='bbox 892 3267 1196 3340; x_wconf 87' lang='lat' dir='ltr'><strong>qualitates;</strong></span> <span class='ocrx_word' id='word_1_526' title='bbox 1215 3275 1266 3321; x_wconf 90' lang='lat' dir='ltr'><strong>et</strong></span> <span class='ocrx_word' id='word_1_527' title='bbox 1287 3268 1404 3328; x_wconf 87' lang='lat' dir='ltr'><strong>ista.</strong></span> <span class='ocrx_word' id='word_1_528' title='bbox 1428 3264 1854 3335; x_wconf 58' lang='lat' dir='ltr'><strong>ﬁlnzqualitates</strong></span> <span class='ocrx_word' id='word_1_529' title='bbox 1881 3261 1926 3324; x_wconf 88' lang='lat' dir='ltr'>C</span> <span class='ocrx_word' id='word_1_530' title='bbox 1957 3267 2024 3322; x_wconf 90' lang='lat' dir='ltr'><strong>ab</strong></span> <span class='ocrx_word' id='word_1_531' title='bbox 2077 3266 2144 3321; x_wconf 89' lang='lat' dir='ltr'><strong>iis</strong></span> <span class='ocrx_word' id='word_1_532' title='bbox 2175 3283 2292 3338; x_wconf 67' lang='lat' dir='ltr'><strong>qua:</strong></span> <span class='ocrx_word' id='word_1_533' title='bbox 2340 3277 2467 3322; x_wconf 87' lang='lat' dir='ltr'><strong>sunt</strong></span> <span class='ocrx_word' id='word_1_534' title='bbox 2507 3269 2799 3325; x_wconf 84' lang='lat' dir='ltr'><strong>secundum</strong></span> <span class='ocrx_word' id='word_1_535' title='bbox 2856 3271 3208 3340; x_wconf 87' lang='lat' dir='ltr'><strong>privationem</strong></span> <span class='ocrx_word' id='word_1_536' title='bbox 3249 3275 3552 3330; x_wconf 85' lang='lat' dir='ltr'><strong>adnascun-</strong></span> 
     </span>
    </p>
   </div>
   <div class='ocr_carea' id='block_1_63' title="bbox 248 3359 1849 3444">
    <p class='ocr_par' dir='ltr' id='par_1_63' title="bbox 248 3359 1849 3444">
     <span class='ocr_line' id='line_1_63' title="bbox 248 3359 1849 3444; baseline -0.009 -17"><span class='ocrx_word' id='word_1_537' title='bbox 248 3371 410 3444; x_wconf 89' lang='lat' dir='ltr'><strong>igitur</strong></span> <span class='ocrx_word' id='word_1_538' title='bbox 433 3370 546 3428; x_wconf 83' lang='grc' dir='ltr'>ὕλη.</span> <span class='ocrx_word' id='word_1_539' title='bbox 581 3368 696 3423; x_wconf 88' lang='lat' dir='ltr'><strong>Non</strong></span> <span class='ocrx_word' id='word_1_540' title='bbox 744 3365 887 3423; x_wconf 92' lang='lat' dir='ltr'><strong>enim</strong></span> <span class='ocrx_word' id='word_1_541' title='bbox 916 3375 974 3420; x_wconf 91' lang='lat' dir='ltr'><strong>ut</strong></span> <span class='ocrx_word' id='word_1_542' title='bbox 1001 3364 1253 3420; x_wconf 88' lang='lat' dir='ltr'><strong>accidens</strong></span> <span class='ocrx_word' id='word_1_543' title='bbox 1290 3363 1486 3418; x_wconf 91' lang='lat' dir='ltr'><strong>accidit</strong></span> <span class='ocrx_word' id='word_1_544' title='bbox 1509 3371 1572 3437; x_wconf 77' lang='grc' dir='ltr'><strong>τῇ</strong></span> <span class='ocrx_word' id='word_1_545' title='bbox 1600 3362 1725 3437; x_wconf 72' lang='grc' dir='ltr'>ὕλῃς</span> <span class='ocrx_word' id='word_1_546' title='bbox 1755 3359 1849 3414; x_wconf 91' lang='lat' dir='ltr'><strong>sed</strong></span> 
     </span>
    </p>
   </div>
   <div class='ocr_carea' id='block_1_64' title="bbox 247 3453 1852 3534">
    <p class='ocr_par' dir='ltr' id='par_1_64' title="bbox 247 3453 1852 3534">
     <span class='ocr_line' id='line_1_64' title="bbox 247 3453 1852 3534; baseline -0.009 -15"><span class='ocrx_word' id='word_1_547' title='bbox 247 3464 364 3534; x_wconf 90' lang='lat' dir='ltr'><strong>ipsa</strong></span> <span class='ocrx_word' id='word_1_548' title='bbox 415 3475 498 3518; x_wconf 89' lang='lat' dir='ltr'><strong>est</strong></span> <span class='ocrx_word' id='word_1_549' title='bbox 555 3459 781 3532; x_wconf 89' lang='lat' dir='ltr'><strong>qualitas</strong></span> <span class='ocrx_word' id='word_1_550' title='bbox 825 3473 976 3513; x_wconf 91' lang='lat' dir='ltr'><strong>:non</strong></span> <span class='ocrx_word' id='word_1_551' title='bbox 1024 3465 1200 3528; x_wconf 86' lang='lat' dir='ltr'><strong>potest</strong></span> <span class='ocrx_word' id='word_1_552' title='bbox 1237 3456 1381 3510; x_wconf 90' lang='lat' dir='ltr'><strong>enim</strong></span> <span class='ocrx_word' id='word_1_553' title='bbox 1429 3469 1550 3510; x_wconf 86' lang='lat' dir='ltr'><strong>esse</strong></span> <span class='ocrx_word' id='word_1_554' title='bbox 1601 3453 1852 3523; x_wconf 87' lang='lat' dir='ltr'><strong>qualitas,</strong></span> 
     </span>
    </p>
   </div>
   <div class='ocr_carea' id='block_1_65' title="bbox 245 3547 1850 3626">
    <p class='ocr_par' dir='ltr' id='par_1_65' title="bbox 245 3547 1850 3626">
     <span class='ocr_line' id='line_1_65' title="bbox 245 3547 1850 3626; baseline -0.007 -15"><span class='ocrx_word' id='word_1_555' title='bbox 245 3555 366 3626; x_wconf 84' lang='lat' dir='ltr'><strong>ipsa</strong></span> <span class='ocrx_word' id='word_1_556' title='bbox 393 3569 489 3625; x_wconf 90' lang='lat' dir='ltr'><strong>per</strong></span> <span class='ocrx_word' id='word_1_557' title='bbox 513 3561 724 3616; x_wconf 86' lang='lat' dir='ltr'><strong>semet,</strong></span> <span class='ocrx_word' id='word_1_558' title='bbox 757 3550 852 3606; x_wconf 90' lang='lat' dir='ltr'><strong>scd</strong></span> <span class='ocrx_word' id='word_1_559' title='bbox 883 3566 948 3605; x_wconf 92' lang='lat' dir='ltr'><strong>eo</strong></span> <span class='ocrx_word' id='word_1_560' title='bbox 978 3549 1120 3620; x_wconf 90' lang='lat' dir='ltr'><strong>quod</strong></span> <span class='ocrx_word' id='word_1_561' title='bbox 1163 3558 1278 3615; x_wconf 90' lang='lat' dir='ltr'><strong>est;</strong></span> <span class='ocrx_word' id='word_1_562' title='bbox 1326 3549 1428 3603; x_wconf 92' lang='lat' dir='ltr'><strong>hoc</strong></span> <span class='ocrx_word' id='word_1_563' title='bbox 1474 3549 1592 3618; x_wconf 90' lang='lat' dir='ltr'><strong>ipso</strong></span> <span class='ocrx_word' id='word_1_564' title='bbox 1616 3547 1708 3605; x_wconf 85' lang='grc' dir='ltr'>ὕλη</span> <span class='ocrx_word' id='word_1_565' title='bbox 1747 3555 1850 3601; x_wconf 88' lang='lat' dir='ltr'><strong>est.</strong></span> 
     </span>
    </p>
   </div>
   <div class='ocr_carea' id='block_1_66' title="bbox 251 3641 1852 3719">
    <p class='ocr_par' dir='ltr' id='par_1_66' title="bbox 251 3641 1852 3719">
     <span class='ocr_line' id='line_1_66' title="bbox 251 3641 1852 3719; baseline -0.007 -13"><span class='ocrx_word' id='word_1_566' title='bbox 251 3649 321 3706; x_wconf 86' lang='lat' dir='ltr'><strong>Et</strong></span> <span class='ocrx_word' id='word_1_567' title='bbox 355 3663 571 3719; x_wconf 87' lang='lat' dir='ltr'><strong>semper</strong></span> <span class='ocrx_word' id='word_1_568' title='bbox 604 3644 818 3718; x_wconf 87' lang='lat' dir='ltr'><strong>quidem</strong></span> <span class='ocrx_word' id='word_1_569' title='bbox 860 3646 1001 3704; x_wconf 75' lang='grc' dir='ltr'><strong>ὑλική</strong></span> <span class='ocrx_word' id='word_1_570' title='bbox 1027 3659 1147 3700; x_wconf 93' lang='lat' dir='ltr'><strong>cum</strong></span> <span class='ocrx_word' id='word_1_571' title='bbox 1175 3643 1281 3708; x_wconf 92' lang='lat' dir='ltr'><strong>sit,</strong></span> <span class='ocrx_word' id='word_1_572' title='bbox 1330 3641 1463 3696; x_wconf 87' lang='lat' dir='ltr'><strong>nihil</strong></span> <span class='ocrx_word' id='word_1_573' title='bbox 1495 3641 1636 3700; x_wconf 88' lang='lat' dir='ltr'><strong>aliud</strong></span> <span class='ocrx_word' id='word_1_574' title='bbox 1691 3655 1852 3710; x_wconf 89' lang='lat' dir='ltr'><strong>quam</strong></span> 
     </span>
    </p>
   </div>
   <div class='ocr_carea' id='block_1_67' title="bbox 249 3736 1853 3808">
    <p class='ocr_par' dir='ltr' id='par_1_67' title="bbox 249 3736 1853 3808">
     <span class='ocr_line' id='line_1_67' title="bbox 249 3736 1853 3808; baseline -0.006 -10"><span class='ocrx_word' id='word_1_575' title='bbox 249 3743 346 3803; x_wconf 82' lang='grc' dir='ltr'>ὕλη</span> <span class='ocrx_word' id='word_1_576' title='bbox 369 3750 473 3798; x_wconf 82' lang='lat' dir='ltr'><strong>est.</strong></span> <span class='ocrx_word' id='word_1_577' title='bbox 507 3742 655 3798; x_wconf 89' lang='lat' dir='ltr'><strong>Sicut</strong></span> <span class='ocrx_word' id='word_1_578' title='bbox 682 3750 737 3795; x_wconf 90' lang='lat' dir='ltr'><strong>et</strong></span> <span class='ocrx_word' id='word_1_579' title='bbox 760 3740 957 3804; x_wconf 89' lang='lat' dir='ltr'><strong>anima,</strong></span> <span class='ocrx_word' id='word_1_580' title='bbox 986 3738 1140 3808; x_wconf 88' lang='lat' dir='ltr'><strong>juxta</strong></span> <span class='ocrx_word' id='word_1_581' title='bbox 1172 3736 1315 3808; x_wconf 91' lang='lat' dir='ltr'><strong>quod</strong></span> <span class='ocrx_word' id='word_1_582' title='bbox 1344 3736 1720 3792; x_wconf 84' lang='lat' dir='ltr'><strong>intellectualis</strong></span> <span class='ocrx_word' id='word_1_583' title='bbox 1751 3743 1853 3801; x_wconf 91' lang='lat' dir='ltr'><strong>est,</strong></span> 
     </span>
    </p>
   </div>
   <div class='ocr_carea' id='block_1_68' title="bbox 254 3831 1857 3904">
    <p class='ocr_par' dir='ltr' id='par_1_68' title="bbox 254 3831 1857 3904">
     <span class='ocr_line' id='line_1_68' title="bbox 254 3831 1857 3904; baseline -0.005 -12"><span class='ocrx_word' id='word_1_584' title='bbox 254 3839 433 3892; x_wconf 88' lang='lat' dir='ltr'><strong>anima</strong></span> <span class='ocrx_word' id='word_1_585' title='bbox 470 3845 586 3900; x_wconf 90' lang='lat' dir='ltr'><strong>est;</strong></span> <span class='ocrx_word' id='word_1_586' title='bbox 640 3844 694 3889; x_wconf 86' lang='lat' dir='ltr'><strong>et</strong></span> <span class='ocrx_word' id='word_1_587' title='bbox 731 3834 883 3904; x_wconf 90' lang='lat' dir='ltr'><strong>juxta</strong></span> <span class='ocrx_word' id='word_1_588' title='bbox 921 3831 1065 3902; x_wconf 90' lang='lat' dir='ltr'><strong>quod</strong></span> <span class='ocrx_word' id='word_1_589' title='bbox 1111 3846 1327 3902; x_wconf 90' lang='lat' dir='ltr'><strong>scmper</strong></span> <span class='ocrx_word' id='word_1_590' title='bbox 1363 3839 1611 3885; x_wconf 88' lang='lat' dir='ltr'><strong>movetur</strong></span> <span class='ocrx_word' id='word_1_591' title='bbox 1649 3839 1702 3884; x_wconf 89' lang='lat' dir='ltr'><strong>et</strong></span> <span class='ocrx_word' id='word_1_592' title='bbox 1731 3843 1760 3883; x_wconf 91' lang='lat' dir='ltr'><strong>a</strong></span> <span class='ocrx_word' id='word_1_593' title='bbox 1797 3844 1857 3884; x_wconf 85' lang='lat' dir='ltr'><strong>se</strong></span> 
     </span>
    </p>
   </div>
   <div class='ocr_carea' id='block_1_69' title="bbox 255 3922 1860 3997">
    <p class='ocr_par' dir='ltr' id='par_1_69' title="bbox 255 3922 1860 3997">
     <span class='ocr_line' id='line_1_69' title="bbox 255 3922 1860 3997; baseline -0.009 -10"><span class='ocrx_word' id='word_1_594' title='bbox 255 3936 525 3997; x_wconf 90' lang='lat' dir='ltr'><strong>movetur,</strong></span> <span class='ocrx_word' id='word_1_595' title='bbox 555 3941 663 3982; x_wconf 91' lang='lat' dir='ltr'><strong>non</strong></span> <span class='ocrx_word' id='word_1_596' title='bbox 693 3923 988 3981; x_wconf 87' lang='lat' dir='ltr'><strong>secundum</strong></span> <span class='ocrx_word' id='word_1_597' title='bbox 1014 3922 1432 3992; x_wconf 89' lang='lat' dir='ltr'><strong>duplicationem</strong></span> <span class='ocrx_word' id='word_1_598' title='bbox 1463 3936 1638 3992; x_wconf 89' lang='lat' dir='ltr'><strong>neque</strong></span> <span class='ocrx_word' id='word_1_599' title='bbox 1665 3934 1860 3977; x_wconf 85' lang='lat' dir='ltr'><strong>secun-</strong></span> 
     </span>
    </p>
   </div>
   <div class='ocr_carea' id='block_1_70' title="bbox 1955 3357 3557 3438">
    <p class='ocr_par' dir='ltr' id='par_1_70' title="bbox 1955 3357 3557 3438">
     <span class='ocr_line' id='line_1_70' title="bbox 1955 3357 3557 3438; baseline 0.006 -25"><span class='ocrx_word' id='word_1_600' title='bbox 1955 3366 2040 3414; x_wconf 90' lang='lat' dir='ltr'><strong>tur</strong></span> <span class='ocrx_word' id='word_1_601' title='bbox 2067 3357 2122 3413; x_wconf 89' lang='lat' dir='ltr'><strong>in</strong></span> <span class='ocrx_word' id='word_1_602' title='bbox 2152 3358 2354 3426; x_wconf 86' lang='lat' dir='ltr'><strong>anima,</strong></span> <span class='ocrx_word' id='word_1_603' title='bbox 2381 3375 2554 3431; x_wconf 91' lang='lat' dir='ltr'><strong>neque</strong></span> <span class='ocrx_word' id='word_1_604' title='bbox 2580 3359 2634 3416; x_wconf 91' lang='lat' dir='ltr'><strong>iu</strong></span> <span class='ocrx_word' id='word_1_605' title='bbox 2665 3377 2759 3416; x_wconf 87' lang='lat' dir='ltr'><strong>sua</strong></span> <span class='ocrx_word' id='word_1_606' title='bbox 2781 3362 3100 3432; x_wconf 90' lang='lat' dir='ltr'><strong>substantia,</strong></span> <span class='ocrx_word' id='word_1_607' title='bbox 3123 3381 3295 3438; x_wconf 89' lang='lat' dir='ltr'><strong>neque</strong></span> <span class='ocrx_word' id='word_1_608' title='bbox 3318 3366 3372 3422; x_wconf 92' lang='lat' dir='ltr'><strong>in</strong></span> <span class='ocrx_word' id='word_1_609' title='bbox 3404 3366 3557 3423; x_wconf 86' lang='lat' dir='ltr'><strong>intel-</strong></span> 
     </span>
    </p>
   </div>
   <div class='ocr_carea' id='block_1_71' title="bbox 1953 3451 3016 3524">
    <p class='ocr_par' dir='ltr' id='par_1_71' title="bbox 1953 3451 3016 3524">
     <span class='ocr_line' id='line_1_71' title="bbox 1953 3451 3016 3524; baseline 0.006 -18"><span class='ocrx_word' id='word_1_610' title='bbox 1953 3451 2170 3522; x_wconf 79' lang='lat' dir='ltr'><strong>ligentia</strong></span> <span class='ocrx_word' id='word_1_611' title='bbox 2205 3453 2395 3524; x_wconf 68' lang='lat' dir='ltr'><strong>po.~itis</strong></span> <span class='ocrx_word' id='word_1_612' title='bbox 2423 3470 2543 3524; x_wconf 73' lang='lat' dir='ltr'><strong>qua:</strong></span> <span class='ocrx_word' id='word_1_613' title='bbox 2585 3471 2715 3512; x_wconf 85' lang='lat' dir='ltr'><strong>vere</strong></span> <span class='ocrx_word' id='word_1_614' title='bbox 2737 3473 2844 3511; x_wconf 92' lang='lat' dir='ltr'><strong>non</strong></span> <span class='ocrx_word' id='word_1_615' title='bbox 2871 3468 3016 3513; x_wconf 89' lang='lat' dir='ltr'><strong>sunt.</strong></span> 
     </span>
    </p>
   </div>
   <div class='ocr_carea' id='block_1_72' title="bbox 2027 3545 3560 3622">
    <p class='ocr_par' dir='ltr' id='par_1_72' title="bbox 2027 3545 3560 3622">
     <span class='ocr_line' id='line_1_72' title="bbox 2027 3545 3560 3622; baseline 0.006 -21"><span class='ocrx_word' id='word_1_616' title='bbox 2027 3545 2144 3601; x_wconf 82' lang='grc' dir='ltr'><strong>ΧΙΙ.</strong></span> <span class='ocrx_word' id='word_1_617' title='bbox 2178 3546 2378 3602; x_wconf 85' lang='lat' dir='ltr'><strong>Eamus</strong></span> <span class='ocrx_word' id='word_1_618' title='bbox 2405 3547 2568 3618; x_wconf 70' lang='lat' dir='ltr'><strong>igitur</strong></span> <span class='ocrx_word' id='word_1_619' title='bbox 2595 3549 2661 3603; x_wconf 90' lang='lat' dir='ltr'><strong>ad</strong></span> <span class='ocrx_word' id='word_1_620' title='bbox 2691 3549 3003 3617; x_wconf 89' lang='lat' dir='ltr'><strong>videndum,</strong></span> <span class='ocrx_word' id='word_1_621' title='bbox 3047 3549 3175 3622; x_wconf 90' lang='lat' dir='ltr'><strong>quid</strong></span> <span class='ocrx_word' id='word_1_622' title='bbox 3207 3552 3277 3608; x_wconf 90' lang='lat' dir='ltr'><strong>sit</strong></span> <span class='ocrx_word' id='word_1_623' title='bbox 3308 3553 3470 3620; x_wconf 88' lang='lat' dir='ltr'><strong>Deus,</strong></span> <span class='ocrx_word' id='word_1_624' title='bbox 3503 3563 3560 3612; x_wconf 89' lang='lat' dir='ltr'><strong>et</strong></span> 
     </span>
    </p>
   </div>
   <div class='ocr_carea' id='block_1_73' title="bbox 1957 3639 3556 3718">
    <p class='ocr_par' dir='ltr' id='par_1_73' title="bbox 1957 3639 3556 3718">
     <span class='ocr_line' id='line_1_73' title="bbox 1957 3639 3556 3718; baseline 0.006 -24"><span class='ocrx_word' id='word_1_625' title='bbox 1957 3639 2010 3694; x_wconf 91' lang='lat' dir='ltr'><strong>in</strong></span> <span class='ocrx_word' id='word_1_626' title='bbox 2041 3639 2236 3711; x_wconf 86' lang='lat' dir='ltr'><strong>quibus</strong></span> <span class='ocrx_word' id='word_1_627' title='bbox 2281 3651 2381 3696; x_wconf 87' lang='lat' dir='ltr'><strong>est.</strong></span> <span class='ocrx_word' id='word_1_628' title='bbox 2415 3641 2545 3710; x_wconf 75' lang='lat' dir='ltr'><strong>Qua:</strong></span> <span class='ocrx_word' id='word_1_629' title='bbox 2577 3657 2702 3698; x_wconf 77' lang='lat' dir='ltr'><strong>vere</strong></span> <span class='ocrx_word' id='word_1_630' title='bbox 2733 3642 2901 3712; x_wconf 86' lang='lat' dir='ltr'><strong>prima</strong></span> <span class='ocrx_word' id='word_1_631' title='bbox 2932 3654 2987 3700; x_wconf 86' lang='lat' dir='ltr'><strong>et</strong></span> <span class='ocrx_word' id='word_1_632' title='bbox 3011 3643 3357 3703; x_wconf 85' lang='lat' dir='ltr'><strong>honoratiora</strong></span> <span class='ocrx_word' id='word_1_633' title='bbox 3408 3657 3556 3718; x_wconf 90' lang='lat' dir='ltr'><strong>sunt,</strong></span> 
     </span>
    </p>
   </div>
   <div class='ocr_carea' id='block_1_74' title="bbox 1959 3733 3559 3813">
    <p class='ocr_par' dir='ltr' id='par_1_74' title="bbox 1959 3733 3559 3813">
     <span class='ocr_line' id='line_1_74' title="bbox 1959 3733 3559 3813; baseline 0.006 -26"><span class='ocrx_word' id='word_1_634' title='bbox 1959 3733 2215 3804; x_wconf 85' lang='lat' dir='ltr'><strong>numquid</strong></span> <span class='ocrx_word' id='word_1_635' title='bbox 2242 3733 2294 3787; x_wconf 86' lang='lat' dir='ltr'><strong>iu</strong></span> <span class='ocrx_word' id='word_1_636' title='bbox 2327 3733 2460 3802; x_wconf 81' lang='lat' dir='ltr'><strong>ipsis</strong></span> <span class='ocrx_word' id='word_1_637' title='bbox 2486 3735 2660 3789; x_wconf 89' lang='lat' dir='ltr'><strong>Deus?</strong></span> <span class='ocrx_word' id='word_1_638' title='bbox 2689 3734 2796 3792; x_wconf 90' lang='lat' dir='ltr'><strong>Sed</strong></span> <span class='ocrx_word' id='word_1_639' title='bbox 2823 3746 2877 3792; x_wconf 91' lang='lat' dir='ltr'><strong>et</strong></span> <span class='ocrx_word' id='word_1_640' title='bbox 2916 3737 2999 3792; x_wconf 82' lang='lat' dir='ltr'><strong>his</strong></span> <span class='ocrx_word' id='word_1_641' title='bbox 3029 3754 3187 3796; x_wconf 88' lang='lat' dir='ltr'><strong>causa</strong></span> <span class='ocrx_word' id='word_1_642' title='bbox 3239 3752 3342 3807; x_wconf 86' lang='lat' dir='ltr'><strong>est,</strong></span> <span class='ocrx_word' id='word_1_643' title='bbox 3391 3754 3446 3798; x_wconf 91' lang='lat' dir='ltr'><strong>et</strong></span> <span class='ocrx_word' id='word_1_644' title='bbox 3475 3742 3559 3813; x_wconf 84' lang='lat' dir='ltr'><strong>ip-</strong></span> 
     </span>
    </p>
   </div>
   <div class='ocr_carea' id='block_1_75' title="bbox 1959 3825 3563 3902">
    <p class='ocr_par' dir='ltr' id='par_1_75' title="bbox 1959 3825 3563 3902">
     <span class='ocr_line' id='line_1_75' title="bbox 1959 3825 3563 3902; baseline 0.007 -22"><span class='ocrx_word' id='word_1_645' title='bbox 1959 3838 2142 3880; x_wconf 90' lang='lat' dir='ltr'><strong>sorum</strong></span> <span class='ocrx_word' id='word_1_646' title='bbox 2200 3825 2355 3879; x_wconf 90' lang='lat' dir='ltr'><strong>dator</strong></span> <span class='ocrx_word' id='word_1_647' title='bbox 2393 3834 2448 3881; x_wconf 89' lang='lat' dir='ltr'><strong>et</strong></span> <span class='ocrx_word' id='word_1_648' title='bbox 2489 3836 2660 3896; x_wconf 87' lang='lat' dir='ltr'><strong>pater.</strong></span> <span class='ocrx_word' id='word_1_649' title='bbox 2709 3827 2820 3884; x_wconf 87' lang='lat' dir='ltr'><strong>Nec</strong></span> <span class='ocrx_word' id='word_1_650' title='bbox 2847 3837 2930 3884; x_wconf 89' lang='lat' dir='ltr'><strong>est</strong></span> <span class='ocrx_word' id='word_1_651' title='bbox 2961 3829 3162 3898; x_wconf 90' lang='lat' dir='ltr'><strong>dicere,</strong></span> <span class='ocrx_word' id='word_1_652' title='bbox 3217 3833 3394 3902; x_wconf 88' lang='lat' dir='ltr'><strong>ipsum</strong></span> <span class='ocrx_word' id='word_1_653' title='bbox 3440 3851 3563 3892; x_wconf 89' lang='lat' dir='ltr'><strong>esse</strong></span> 
     </span>
    </p>
   </div>
   <div class='ocr_carea' id='block_1_76' title="bbox 1960 3915 3563 3989">
    <p class='ocr_par' dir='ltr' id='par_1_76' title="bbox 1960 3915 3563 3989">
     <span class='ocr_line' id='line_1_76' title="bbox 1960 3915 3563 3989; baseline 0.007 -17"><span class='ocrx_word' id='word_1_654' title='bbox 1960 3917 2098 3980; x_wconf 64' lang='lat' dir='ltr'><strong>haec,</strong></span> <span class='ocrx_word' id='word_1_655' title='bbox 2146 3915 2342 3987; x_wconf 88' lang='lat' dir='ltr'><strong>quibus</strong></span> <span class='ocrx_word' id='word_1_656' title='bbox 2373 3916 2489 3989; x_wconf 88' lang='lat' dir='ltr'><strong>ipse</strong></span> <span class='ocrx_word' id='word_1_657' title='bbox 2519 3918 2669 3976; x_wconf 88' lang='lat' dir='ltr'><strong>dedit</strong></span> <span class='ocrx_word' id='word_1_658' title='bbox 2713 3929 2773 3976; x_wconf 93' lang='lat' dir='ltr'><strong>ut</strong></span> <span class='ocrx_word' id='word_1_659' title='bbox 2813 3931 3015 3978; x_wconf 86' lang='lat' dir='ltr'><strong>essent.</strong></span> <span class='ocrx_word' id='word_1_660' title='bbox 3043 3923 3176 3980; x_wconf 87' lang='lat' dir='ltr'><strong>Cum</strong></span> <span class='ocrx_word' id='word_1_661' title='bbox 3223 3926 3368 3982; x_wconf 89' lang='lat' dir='ltr'><strong>enim</strong></span> <span class='ocrx_word' id='word_1_662' title='bbox 3424 3943 3563 3984; x_wconf 87' lang='lat' dir='ltr'><strong>unus</strong></span> 
     </span>
    </p>
   </div>
   <div class='ocr_carea' id='block_1_77' title="bbox 1602 4080 2236 4140">
    <p class='ocr_par' dir='ltr' id='par_1_77' title="bbox 1602 4080 2236 4140">
     <span class='ocr_line' id='line_1_77' title="bbox 1602 4080 2236 4140; baseline -0.002 -1"><span class='ocrx_word' id='word_1_663' title='bbox 1602 4081 1969 4140; x_wconf 80' lang='lat' dir='ltr'><strong>VARIORUM</strong></span> <span class='ocrx_word' id='word_1_664' title='bbox 2008 4080 2236 4139; x_wconf 68' lang='grc' dir='ltr'><strong>ΝΟΤᾸΞ.</strong></span> 
     </span>
    </p>
   </div>
   <div class='ocr_carea' id='block_1_78' title="bbox 334 4241 1854 4325">
    <p class='ocr_par' dir='ltr' id='par_1_78' title="bbox 334 4241 1854 4325">
     <span class='ocr_line' id='line_1_78' title="bbox 334 4241 1854 4325; baseline -0.01 -15"><span class='ocrx_word' id='word_1_665' title='bbox 334 4250 662 4325; x_wconf 79' lang='lat' dir='ltr'><strong>Simpliciter.</strong></span> <span class='ocrx_word' id='word_1_666' title='bbox 717 4243 997 4325; x_wconf 56' lang='lat' dir='ltr'><strong>hiabillon.</strong></span> <span class='ocrx_word' id='word_1_667' title='bbox 1046 4243 1300 4312; x_wconf 76' lang='lat' dir='ltr'><strong>Simplex.</strong></span> <span class='ocrx_word' id='word_1_668' title='bbox 1352 4243 1422 4325; x_wconf 76' lang='lat' dir='ltr'><strong>Et</strong></span> <span class='ocrx_word' id='word_1_669' title='bbox 1455 4243 1654 4325; x_wconf 67' lang='lat' dir='ltr'><strong>statim</strong></span> <span class='ocrx_word' id='word_1_670' title='bbox 1687 4259 1700 4296; x_wconf 93' lang='lat'>:</span> <span class='ocrx_word' id='word_1_671' title='bbox 1739 4241 1854 4325; x_wconf 66' lang='lat' dir='ltr'><strong>llu-</strong></span> 
     </span>
    </p>
   </div>
   <div class='ocr_carea' id='block_1_79' title="bbox 250 4315 1859 4402">
    <p class='ocr_par' dir='ltr' id='par_1_79' title="bbox 250 4315 1859 4402">
     <span class='ocr_line' id='line_1_79' title="bbox 250 4315 1859 4402; baseline -0.008 -21"><span class='ocrx_word' id='word_1_672' title='bbox 250 4327 345 4402; x_wconf 81' lang='lat' dir='ltr'><strong>jus</strong></span> <span class='ocrx_word' id='word_1_673' title='bbox 374 4315 528 4402; x_wconf 67' lang='lat' dir='ltr'><strong>igiiur</strong></span> <span class='ocrx_word' id='word_1_674' title='bbox 562 4320 746 4402; x_wconf 68' lang='lat' dir='ltr'><strong>mundi</strong></span> <span class='ocrx_word' id='word_1_675' title='bbox 769 4333 882 4387; x_wconf 74' lang='lat' dir='ltr'><strong>qua:</strong></span> <span class='ocrx_word' id='word_1_676' title='bbox 911 4327 1100 4400; x_wconf 45' lang='lat' dir='ltr'><strong>partes.</strong></span> <span class='ocrx_word' id='word_1_677' title='bbox 1124 4327 1255 4402; x_wconf 71' lang='lat' dir='ltr'><strong>sunt</strong></span> <span class='ocrx_word' id='word_1_678' title='bbox 1281 4315 1646 4402; x_wconf 70' lang='lat' dir='ltr'><strong>participantes</strong></span> <span class='ocrx_word' id='word_1_679' title='bbox 1673 4316 1859 4368; x_wconf 78' lang='lat' dir='ltr'><strong>anima:</strong></span> 
     </span>
    </p>
   </div>
   <div class='ocr_carea' id='block_1_80' title="bbox 262 4389 1859 4462">
    <p class='ocr_par' dir='ltr' id='par_1_80' title="bbox 262 4389 1859 4462">
     <span class='ocr_line' id='line_1_80' title="bbox 262 4389 1859 4462; baseline -0.009 -8"><span class='ocrx_word' id='word_1_680' title='bbox 262 4389 642 4456; x_wconf 69' lang='lat' dir='ltr'><strong>intellectualis,</strong></span> <span class='ocrx_word' id='word_1_681' title='bbox 672 4393 727 4445; x_wconf 87' lang='lat' dir='ltr'><strong>in</strong></span> <span class='ocrx_word' id='word_1_682' title='bbox 747 4390 973 4462; x_wconf 86' lang='lat' dir='ltr'><strong>potentia</strong></span> <span class='ocrx_word' id='word_1_683' title='bbox 1011 4400 1059 4444; x_wconf 85' lang='lat' dir='ltr'><strong>et</strong></span> <span class='ocrx_word' id='word_1_684' title='bbox 1084 4389 1138 4442; x_wconf 87' lang='lat' dir='ltr'><strong>in</strong></span> <span class='ocrx_word' id='word_1_685' title='bbox 1167 4398 1354 4462; x_wconf 72' lang='lat' dir='ltr'><strong>natura</strong></span> <span class='ocrx_word' id='word_1_686' title='bbox 1381 4397 1500 4442; x_wconf 85' lang='lat' dir='ltr'><strong>sunt</strong></span> <span class='ocrx_word' id='word_1_687' title='bbox 1525 4403 1700 4462; x_wconf 68' lang='lat' dir='ltr'><strong>eorum</strong></span> <span class='ocrx_word' id='word_1_688' title='bbox 1745 4401 1859 4462; x_wconf 70' lang='lat' dir='ltr'><strong>qua:</strong></span> 
     </span>
    </p>
   </div>
   <div class='ocr_carea' id='block_1_81' title="bbox 265 4457 1859 4526">
    <p class='ocr_par' dir='ltr' id='par_1_81' title="bbox 265 4457 1859 4526">
     <span class='ocr_line' id='line_1_81' title="bbox 265 4457 1859 4526; baseline -0.007 -2"><span class='ocrx_word' id='word_1_689' title='bbox 265 4486 374 4524; x_wconf 73' lang='lat' dir='ltr'><strong>uere</strong></span> <span class='ocrx_word' id='word_1_690' title='bbox 400 4483 501 4522; x_wconf 84' lang='lat' dir='ltr'><strong>non</strong></span> <span class='ocrx_word' id='word_1_691' title='bbox 526 4475 664 4519; x_wconf 87' lang='lat' dir='ltr'><strong>sunt.</strong></span> <span class='ocrx_word' id='word_1_692' title='bbox 709 4457 882 4516; x_wconf 73' lang='lat' dir='ltr'><strong>Minus</strong></span> <span class='ocrx_word' id='word_1_693' title='bbox 910 4470 1056 4516; x_wconf 91' lang='lat' dir='ltr'><strong>recte</strong></span> <span class='ocrx_word' id='word_1_694' title='bbox 1077 4501 1093 4526; x_wconf 95' lang='lat'><strong>,</strong></span> <span class='ocrx_word' id='word_1_695' title='bbox 1124 4469 1182 4514; x_wconf 94' lang='lat' dir='ltr'><strong>ut</strong></span> <span class='ocrx_word' id='word_1_696' title='bbox 1206 4458 1438 4526; x_wconf 86' lang='lat' dir='ltr'><strong>videtur,</strong></span> <span class='ocrx_word' id='word_1_697' title='bbox 1468 4473 1591 4513; x_wconf 91' lang='lat' dir='ltr'><strong>cum</strong></span> <span class='ocrx_word' id='word_1_698' title='bbox 1633 4457 1859 4513; x_wconf 86' lang='lat' dir='ltr'><strong>distinc-</strong></span> 
     </span>
    </p>
   </div>
   <div class='ocr_carea' id='block_1_82' title="bbox 263 4535 856 4605">
    <p class='ocr_par' dir='ltr' id='par_1_82' title="bbox 263 4535 856 4605">
     <span class='ocr_line' id='line_1_82' title="bbox 263 4535 856 4605; baseline -0.019 -9"><span class='ocrx_word' id='word_1_699' title='bbox 263 4540 434 4605; x_wconf 81' lang='lat' dir='ltr'><strong>tione,</strong></span> <span class='ocrx_word' id='word_1_700' title='bbox 463 4549 573 4593; x_wconf 87' lang='lat' dir='ltr'><strong>tum</strong></span> <span class='ocrx_word' id='word_1_701' title='bbox 608 4535 660 4589; x_wconf 92' lang='lat' dir='ltr'><strong>iu</strong></span> <span class='ocrx_word' id='word_1_702' title='bbox 688 4543 856 4589; x_wconf 74' lang='lat' dir='ltr'><strong>textu.</strong></span> 
     </span>
    </p>
   </div>
   <div class='ocr_carea' id='block_1_83' title="bbox 336 4621 1860 4691">
    <p class='ocr_par' dir='ltr' id='par_1_83' title="bbox 336 4621 1860 4691">
     <span class='ocr_line' id='line_1_83' title="bbox 336 4621 1860 4691; baseline -0.007 -3"><span class='ocrx_word' id='word_1_703' title='bbox 336 4633 465 4688; x_wconf 81' lang='lat' dir='ltr'><strong>Cum</strong></span> <span class='ocrx_word' id='word_1_704' title='bbox 507 4640 671 4684; x_wconf 86' lang='lat' dir='ltr'><strong>autem</strong></span> <span class='ocrx_word' id='word_1_705' title='bbox 727 4626 920 4691; x_wconf 88' lang='lat' dir='ltr'><strong>anima,</strong></span> <span class='ocrx_word' id='word_1_706' title='bbox 983 4633 1088 4680; x_wconf 92' lang='lat' dir='ltr'><strong>etc.</strong></span> <span class='ocrx_word' id='word_1_707' title='bbox 1137 4623 1227 4680; x_wconf 86' lang='lat' dir='ltr'><strong>Sic</strong></span> <span class='ocrx_word' id='word_1_708' title='bbox 1280 4621 1482 4678; x_wconf 82' lang='lat' dir='ltr'><strong>Mabill.</strong></span> <span class='ocrx_word' id='word_1_709' title='bbox 1545 4624 1615 4678; x_wconf 85' lang='lat' dir='ltr'><strong>At</strong></span> <span class='ocrx_word' id='word_1_710' title='bbox 1663 4621 1860 4678; x_wconf 82' lang='lat' dir='ltr'><strong>Ortho-</strong></span> 
     </span>
    </p>
   </div>
   <div class='ocr_carea' id='block_1_84' title="bbox 268 4695 1869 4760">
    <p class='ocr_par' dir='ltr' id='par_1_84' title="bbox 268 4695 1869 4760">
     <span class='ocr_line' id='line_1_84' title="bbox 268 4695 1869 4760; baseline -0.006 0"><span class='ocrx_word' id='word_1_711' title='bbox 268 4705 394 4760; x_wconf 85' lang='lat' dir='ltr'><strong>dox.</strong></span> <span class='ocrx_word' id='word_1_712' title='bbox 432 4701 600 4756; x_wconf 83' lang='lat' dir='ltr'><strong>:Cnm</strong></span> <span class='ocrx_word' id='word_1_713' title='bbox 645 4708 812 4752; x_wconf 85' lang='lat' dir='ltr'><strong>autent</strong></span> <span class='ocrx_word' id='word_1_714' title='bbox 854 4697 920 4750; x_wconf 88' lang='lat' dir='ltr'><strong>sit</strong></span> <span class='ocrx_word' id='word_1_715' title='bbox 974 4697 1278 4759; x_wconf 77' lang='lat' dir='ltr'><strong>substantia,</strong></span> <span class='ocrx_word' id='word_1_716' title='bbox 1314 4704 1480 4748; x_wconf 86' lang='lat' dir='ltr'><strong>tamen</strong></span> <span class='ocrx_word' id='word_1_717' title='bbox 1504 4707 1578 4750; x_wconf 86' lang='lat' dir='ltr'><strong>est</strong></span> <span class='ocrx_word' id='word_1_718' title='bbox 1603 4695 1869 4750; x_wconf 75' lang='lat' dir='ltr'><strong>rersibilis.</strong></span> 
     </span>
    </p>
   </div>
   <div class='ocr_carea' id='block_1_85' title="bbox 273 4765 1870 4844">
    <p class='ocr_par' dir='ltr' id='par_1_85' title="bbox 273 4765 1870 4844">
     <span class='ocr_line' id='line_1_85' title="bbox 273 4765 1870 4844; baseline -0.006 -15"><span class='ocrx_word' id='word_1_719' title='bbox 273 4776 539 4844; x_wconf 76' lang='lat' dir='ltr'><strong>Quomodo</strong></span> <span class='ocrx_word' id='word_1_720' title='bbox 562 4770 696 4825; x_wconf 87' lang='lat' dir='ltr'><strong>istud</strong></span> <span class='ocrx_word' id='word_1_721' title='bbox 721 4786 776 4844; x_wconf 79' lang='lat' dir='ltr'><strong>se</strong></span> <span class='ocrx_word' id='word_1_722' title='bbox 794 4767 980 4821; x_wconf 85' lang='lat' dir='ltr'><strong>habet?</strong></span> <span class='ocrx_word' id='word_1_723' title='bbox 1003 4765 1130 4844; x_wconf 79' lang='lat' dir='ltr'><strong>Cum</strong></span> <span class='ocrx_word' id='word_1_724' title='bbox 1161 4766 1374 4844; x_wconf 77' lang='lat' dir='ltr'><strong>suscipit</strong></span> <span class='ocrx_word' id='word_1_725' title='bbox 1400 4767 1572 4821; x_wconf 88' lang='lat' dir='ltr'><strong>anima</strong></span> <span class='ocrx_word' id='word_1_726' title='bbox 1620 4776 1666 4820; x_wconf 92' lang='lat' dir='ltr'><strong>et</strong></span> <span class='ocrx_word' id='word_1_727' title='bbox 1720 4765 1870 4820; x_wconf 75' lang='lat' dir='ltr'><strong>intel~</strong></span> 
     </span>
    </p>
   </div>
   <div class='ocr_carea' id='block_1_86' title="bbox 271 4837 1434 4917">
    <p class='ocr_par' dir='ltr' id='par_1_86' title="bbox 271 4837 1434 4917">
     <span class='ocr_line' id='line_1_86' title="bbox 271 4837 1434 4917; baseline -0.007 -17"><span class='ocrx_word' id='word_1_728' title='bbox 271 4837 383 4917; x_wconf 75' lang='lat' dir='ltr'><strong>ligit</strong></span> <span class='ocrx_word' id='word_1_729' title='bbox 410 4859 524 4914; x_wconf 72' lang='lat' dir='ltr'><strong>qua:</strong></span> <span class='ocrx_word' id='word_1_730' title='bbox 547 4851 664 4896; x_wconf 88' lang='lat' dir='ltr'><strong>sunt</strong></span> <span class='ocrx_word' id='word_1_731' title='bbox 691 4841 918 4894; x_wconf 89' lang='lat' dir='ltr'><strong>animata</strong></span> <span class='ocrx_word' id='word_1_732' title='bbox 945 4848 994 4892; x_wconf 89' lang='lat' dir='ltr'><strong>et</strong></span> <span class='ocrx_word' id='word_1_733' title='bbox 1022 4837 1269 4892; x_wconf 84' lang='lat' dir='ltr'><strong>animalia</strong></span> <span class='ocrx_word' id='word_1_734' title='bbox 1286 4878 1300 4902; x_wconf 92' lang='lat'><strong>,</strong></span> <span class='ocrx_word' id='word_1_735' title='bbox 1328 4847 1434 4892; x_wconf 90' lang='lat' dir='ltr'><strong>etc.</strong></span> 
     </span>
    </p>
   </div>
   <div class='ocr_carea' id='block_1_87' title="bbox 345 4928 1872 4989">
    <p class='ocr_par' dir='ltr' id='par_1_87' title="bbox 345 4928 1872 4989">
     <span class='ocr_line' id='line_1_87' title="bbox 345 4928 1872 4989; baseline -0.003 0"><span class='ocrx_word' id='word_1_736' title='bbox 345 4934 413 4989; x_wconf 76' lang='grc' dir='ltr'><strong>Χ.</strong></span> <span class='ocrx_word' id='word_1_737' title='bbox 433 4931 901 4987; x_wconf 82' lang='lat' dir='ltr'><strong>—Couversibilem.</strong></span> <span class='ocrx_word' id='word_1_738' title='bbox 928 4929 1075 4984; x_wconf 88' lang='lat' dir='ltr'><strong>Hanc</strong></span> <span class='ocrx_word' id='word_1_739' title='bbox 1094 4944 1280 4984; x_wconf 85' lang='lat' dir='ltr'><strong>vocem</strong></span> <span class='ocrx_word' id='word_1_740' title='bbox 1301 4930 1556 4984; x_wconf 89' lang='lat' dir='ltr'><strong>omittunt</strong></span> <span class='ocrx_word' id='word_1_741' title='bbox 1573 4928 1872 4985; x_wconf 84' lang='lat' dir='ltr'><strong>Orthodux.</strong></span> 
     </span>
    </p>
   </div>
   <div class='ocr_carea' id='block_1_88' title="bbox 344 5020 1874 5096">
    <p class='ocr_par' dir='ltr' id='par_1_88' title="bbox 344 5020 1874 5096">
     <span class='ocr_line' id='line_1_88' title="bbox 344 5020 1874 5096; baseline -0.005 -12"><span class='ocrx_word' id='word_1_742' title='bbox 344 5033 421 5086; x_wconf 75' lang='grc' dir='ltr'><strong>Μὴ</strong></span> <span class='ocrx_word' id='word_1_743' title='bbox 449 5023 606 5087; x_wconf 83' lang='grc' dir='ltr'><strong>ὅντως</strong></span> <span class='ocrx_word' id='word_1_744' title='bbox 629 5031 696 5096; x_wconf 76' lang='grc' dir='ltr'><strong>μὴ</strong></span> <span class='ocrx_word' id='word_1_745' title='bbox 717 5021 856 5079; x_wconf 83' lang='grc' dir='ltr'><strong>ὄντα.</strong></span> <span class='ocrx_word' id='word_1_746' title='bbox 883 5023 956 5096; x_wconf 85' lang='lat' dir='ltr'><strong>Ita</strong></span> <span class='ocrx_word' id='word_1_747' title='bbox 979 5020 1372 5096; x_wconf 68' lang='lat' dir='ltr'><strong>rescripsimus,</strong></span> <span class='ocrx_word' id='word_1_748' title='bbox 1389 5032 1660 5077; x_wconf 91' lang='lat' dir='ltr'><strong>auctorem</strong></span> <span class='ocrx_word' id='word_1_749' title='bbox 1683 5021 1874 5088; x_wconf 85' lang='lat' dir='ltr'><strong>secuti,</strong></span> 
     </span>
    </p>
   </div>
   <div class='ocr_carea' id='block_1_89' title="bbox 274 5090 1269 5171">
    <p class='ocr_par' dir='ltr' id='par_1_89' title="bbox 274 5090 1269 5171">
     <span class='ocr_line' id='line_1_89' title="bbox 274 5090 1269 5171; baseline -0.006 -18"><span class='ocrx_word' id='word_1_750' title='bbox 274 5099 366 5171; x_wconf 88' lang='lat' dir='ltr'><strong>qui</strong></span> <span class='ocrx_word' id='word_1_751' title='bbox 392 5097 519 5152; x_wconf 88' lang='lat' dir='ltr'><strong>alibi</strong></span> <span class='ocrx_word' id='word_1_752' title='bbox 546 5090 682 5150; x_wconf 70' lang='lat' dir='ltr'><strong>dixit</strong></span> <span class='ocrx_word' id='word_1_753' title='bbox 709 5101 777 5168; x_wconf 79' lang='grc' dir='ltr'><strong>μὴ</strong></span> <span class='ocrx_word' id='word_1_754' title='bbox 805 5095 996 5156; x_wconf 80' lang='grc' dir='ltr'><strong>ἀληθῶς</strong></span> <span class='ocrx_word' id='word_1_755' title='bbox 1017 5090 1238 5171; x_wconf 39' lang='grc' dir='ltr'><strong>μνᾶ-ὅντε</strong></span> <span class='ocrx_word' id='word_1_756' title='bbox 1255 5136 1269 5157; x_wconf 95' lang='grc'><strong>,</strong></span> 
     </span>
    </p>
   </div>
   <div class='ocr_carea' id='block_1_90' title="bbox 283 5307 1873 5378">
    <p class='ocr_par' dir='ltr' id='par_1_90' title="bbox 283 5307 1873 5378">
     <span class='ocr_line' id='line_1_90' title="bbox 283 5307 1873 5378; baseline -0.006 -10"><span class='ocrx_word' id='word_1_757' title='bbox 283 5307 376 5368; x_wconf 73' lang='grc' dir='ltr'><strong>ἰίιυ</strong></span> <span class='ocrx_word' id='word_1_758' title='bbox 401 5312 587 5366; x_wconf 89' lang='lat' dir='ltr'><strong>eadem</strong></span> <span class='ocrx_word' id='word_1_759' title='bbox 609 5307 1150 5378; x_wconf 78' lang='lat' dir='ltr'><strong>Orthudoxograplia,</strong></span> <span class='ocrx_word' id='word_1_760' title='bbox 1171 5321 1289 5378; x_wconf 87' lang='lat' dir='ltr'><strong>pag.</strong></span> <span class='ocrx_word' id='word_1_761' title='bbox 1305 5307 1432 5373; x_wconf 74' lang='grc'>465,</span> <span class='ocrx_word' id='word_1_762' title='bbox 1450 5307 1588 5362; x_wconf 86' lang='lat' dir='ltr'><strong>circa</strong></span> <span class='ocrx_word' id='word_1_763' title='bbox 1618 5308 1873 5372; x_wconf 77' lang='lat' dir='ltr'><strong>medium,</strong></span> 
     </span>
    </p>
   </div>
   <div class='ocr_carea' id='block_1_91' title="bbox 283 5377 1876 5455">
    <p class='ocr_par' dir='ltr' id='par_1_91' title="bbox 283 5377 1876 5455">
     <span class='ocr_line' id='line_1_91' title="bbox 283 5377 1876 5455; baseline -0.003 -18"><span class='ocrx_word' id='word_1_764' title='bbox 283 5395 405 5455; x_wconf 88' lang='lat' dir='ltr'><strong>post</strong></span> <span class='ocrx_word' id='word_1_765' title='bbox 433 5383 598 5438; x_wconf 85' lang='lat' dir='ltr'><strong>verba</strong></span> <span class='ocrx_word' id='word_1_766' title='bbox 636 5385 704 5454; x_wconf 81' lang='grc' dir='ltr'><strong>μή</strong></span> <span class='ocrx_word' id='word_1_767' title='bbox 731 5377 892 5455; x_wconf 65' lang='grc' dir='ltr'>ὄντος.</span> <span class='ocrx_word' id='word_1_768' title='bbox 911 5379 1157 5455; x_wconf 72' lang='lat' dir='ltr'><strong>subdunt</strong></span> <span class='ocrx_word' id='word_1_769' title='bbox 1179 5395 1207 5455; x_wconf 84' lang='lat'><strong>_:</strong></span> <span class='ocrx_word' id='word_1_770' title='bbox 1233 5377 1293 5432; x_wconf 86' lang='lat' dir='ltr'><strong>ea</strong></span> <span class='ocrx_word' id='word_1_771' title='bbox 1317 5395 1430 5450; x_wconf 78' lang='lat' dir='ltr'><strong>qua:</strong></span> <span class='ocrx_word' id='word_1_772' title='bbox 1458 5379 1632 5448; x_wconf 78' lang='lat' dir='ltr'><strong>futura</strong></span> <span class='ocrx_word' id='word_1_773' title='bbox 1661 5389 1800 5444; x_wconf 87' lang='lat' dir='ltr'><strong>sunt,</strong></span> <span class='ocrx_word' id='word_1_774' title='bbox 1831 5388 1876 5432; x_wconf 90' lang='lat' dir='ltr'><strong>et</strong></span> 
     </span>
    </p>
   </div>
   <div class='ocr_carea' id='block_1_92' title="bbox 281 5449 1716 5526">
    <p class='ocr_par' dir='ltr' id='par_1_92' title="bbox 281 5449 1716 5526">
     <span class='ocr_line' id='line_1_92' title="bbox 281 5449 1716 5526; baseline -0.005 -17"><span class='ocrx_word' id='word_1_775' title='bbox 281 5449 501 5526; x_wconf 65' lang='lat' dir='ltr'><strong>quorum</strong></span> <span class='ocrx_word' id='word_1_776' title='bbox 536 5467 608 5507; x_wconf 85' lang='lat' dir='ltr'><strong>est</strong></span> <span class='ocrx_word' id='word_1_777' title='bbox 636 5449 810 5526; x_wconf 73' lang='lat' dir='ltr'><strong>causa.</strong></span> <span class='ocrx_word' id='word_1_778' title='bbox 840 5449 925 5526; x_wconf 73' lang='lat' dir='ltr'><strong>Atl</strong></span> <span class='ocrx_word' id='word_1_779' title='bbox 965 5449 1360 5526; x_wconf 52' lang='lat' dir='ltr'><strong>generationenr</strong></span> <span class='ocrx_word' id='word_1_780' title='bbox 1379 5461 1716 5526; x_wconf 30' lang='lat' dir='ltr'><strong>autenthetc.</strong></span> 
     </span>
    </p>
   </div>
   <div class='ocr_carea' id='block_1_93' title="bbox 286 5825 470 5894">
    <p class='ocr_par' dir='ltr' id='par_1_93' title="bbox 286 5825 470 5894">
     <span class='ocr_line' id='line_1_93' title="bbox 286 5825 470 5894; baseline 0 0"><span class='ocrx_word' id='word_1_781' title='bbox 286 5825 470 5894; x_wconf 51' lang='lat' dir='ltr'><strong>90ml)?</strong></span> 
     </span>
    </p>
   </div>
   <div class='ocr_carea' id='block_1_94' title="bbox 290 5893 528 5941">
    <p class='ocr_par' dir='ltr' id='par_1_94' title="bbox 290 5893 528 5941">
     <span class='ocr_line' id='line_1_94' title="bbox 290 5893 528 5941; baseline -0.017 0"><span class='ocrx_word' id='word_1_782' title='bbox 290 5893 528 5941; x_wconf 76' lang='lat' dir='ltr'><strong>tuscttta.</strong></span> 
     </span>
    </p>
   </div>
   <div class='ocr_carea' id='block_1_95' title="bbox 1321 5109 1878 5164">
    <p class='ocr_par' dir='ltr' id='par_1_95' title="bbox 1321 5109 1878 5164">
     <span class='ocr_line' id='line_1_95' title="bbox 1321 5109 1878 5164; baseline 0.004 -18"><span class='ocrx_word' id='word_1_783' title='bbox 1321 5109 1436 5164; x_wconf 74' lang='lat' dir='ltr'><strong>quae</strong></span> <span class='ocrx_word' id='word_1_784' title='bbox 1476 5111 1577 5147; x_wconf 89' lang='lat' dir='ltr'><strong>non</strong></span> <span class='ocrx_word' id='word_1_785' title='bbox 1627 5109 1761 5164; x_wconf 13' lang='lat' dir='ltr'><strong>verer</strong></span> <span class='ocrx_word' id='word_1_786' title='bbox 1778 5111 1878 5148; x_wconf 85' lang='lat' dir='ltr'><strong>non</strong></span> 
     </span>
    </p>
   </div>
   <div class='ocr_carea' id='block_1_96' title="bbox 271 5163 1880 5238">
    <p class='ocr_par' dir='ltr' id='par_1_96' title="bbox 271 5163 1880 5238">
     <span class='ocr_line' id='line_1_96' title="bbox 271 5163 1880 5238; baseline -0.004 -12"><span class='ocrx_word' id='word_1_787' title='bbox 271 5163 417 5226; x_wconf 65' lang='lat' dir='ltr'><strong>sunt.</strong></span> <span class='ocrx_word' id='word_1_788' title='bbox 450 5163 735 5238; x_wconf 79' lang='lat' dir='ltr'><strong>l’erperaui</strong></span> <span class='ocrx_word' id='word_1_789' title='bbox 753 5179 970 5235; x_wconf 81' lang='lat' dir='ltr'><strong>utraque</strong></span> <span class='ocrx_word' id='word_1_790' title='bbox 984 5163 1166 5220; x_wconf 85' lang='lat' dir='ltr'><strong>editio.</strong></span> <span class='ocrx_word' id='word_1_791' title='bbox 1190 5163 1464 5238; x_wconf 69' lang='lat' dir='ltr'><strong>ltlabillon.</strong></span> <span class='ocrx_word' id='word_1_792' title='bbox 1487 5169 1716 5236; x_wconf 60' lang='lat' dir='ltr'><strong>euimpr‘;</strong></span> <span class='ocrx_word' id='word_1_793' title='bbox 1736 5163 1880 5228; x_wconf 78' lang='grc' dir='ltr'>ὄντος</span> 
     </span>
    </p>
   </div>
   <div class='ocr_carea' id='block_1_97' title="bbox 281 5232 1880 5316">
    <p class='ocr_par' dir='ltr' id='par_1_97' title="bbox 281 5232 1880 5316">
     <span class='ocr_line' id='line_1_97' title="bbox 281 5232 1880 5316; baseline -0.004 -19"><span class='ocrx_word' id='word_1_794' title='bbox 281 5249 350 5316; x_wconf 69' lang='grc' dir='ltr'><strong>μή</strong></span> <span class='ocrx_word' id='word_1_795' title='bbox 378 5238 501 5316; x_wconf 61' lang='grc' dir='ltr'><strong>ὄντος</strong></span> <span class='ocrx_word' id='word_1_796' title='bbox 533 5232 1155 5316; x_wconf 41' lang='grc' dir='ltr'><strong>ςὈξιΙιράφιξνετοκμὴ</strong></span> <span class='ocrx_word' id='word_1_797' title='bbox 1185 5232 1332 5316; x_wconf 60' lang='grc' dir='ltr'><strong>δ’ποῦ</strong></span> <span class='ocrx_word' id='word_1_798' title='bbox 1347 5232 1654 5316; x_wconf 50' lang='lat' dir='ltr'><strong>inuitant.</strong></span> <span class='ocrx_word' id='word_1_799' title='bbox 1683 5239 1880 5316; x_wconf 34' lang='lat' dir='ltr'><strong>lit-sta-</strong></span> 
     </span>
    </p>
   </div>
   <div class='ocr_carea' id='block_1_98' title="bbox 1767 5465 1887 5519">
    <p class='ocr_par' dir='ltr' id='par_1_98' title="bbox 1767 5465 1887 5519">
     <span class='ocr_line' id='line_1_98' title="bbox 1767 5465 1887 5519; baseline -0.008 -15"><span class='ocrx_word' id='word_1_800' title='bbox 1767 5465 1887 5519; x_wconf 74' lang='lat' dir='ltr'><strong>qua:</strong></span> 
     </span>
    </p>
   </div>
   <div class='ocr_carea' id='block_1_99' title="bbox 285 5518 1886 5598">
    <p class='ocr_par' dir='ltr' id='par_1_99' title="bbox 285 5518 1886 5598">
     <span class='ocr_line' id='line_1_99' title="bbox 285 5518 1886 5598; baseline -0.006 -15"><span class='ocrx_word' id='word_1_801' title='bbox 285 5518 536 5598; x_wconf 78' lang='lat' dir='ltr'><strong>leguntur</strong></span> <span class='ocrx_word' id='word_1_802' title='bbox 575 5523 822 5598; x_wconf 74' lang='lat' dir='ltr'><strong>superius</strong></span> <span class='ocrx_word' id='word_1_803' title='bbox 846 5521 946 5598; x_wconf 81' lang='lat' dir='ltr'><strong>sub</strong></span> <span class='ocrx_word' id='word_1_804' title='bbox 969 5518 1131 5573; x_wconf 88' lang='lat' dir='ltr'><strong>linem</strong></span> <span class='ocrx_word' id='word_1_805' title='bbox 1188 5518 1216 5589; x_wconf 83' lang='lat'>§</span> <span class='ocrx_word' id='word_1_806' title='bbox 1247 5521 1404 5598; x_wconf 43' lang='lat' dir='ltr'><strong>4.1M.</strong></span> <span class='ocrx_word' id='word_1_807' title='bbox 1454 5518 1886 5598; x_wconf 70' lang='lat' dir='ltr'><strong>Mabilloniamun</strong></span> 
     </span>
    </p>
   </div>
   <div class='ocr_carea' id='block_1_100' title="bbox 286 5589 1889 5666">
    <p class='ocr_par' dir='ltr' id='par_1_100' title="bbox 286 5589 1889 5666">
     <span class='ocr_line' id='line_1_100' title="bbox 286 5589 1889 5666; baseline -0.004 -13"><span class='ocrx_word' id='word_1_808' title='bbox 286 5589 562 5666; x_wconf 56' lang='lat' dir='ltr'><strong>ex&#39;cuiplar</strong></span> <span class='ocrx_word' id='word_1_809' title='bbox 581 5589 721 5664; x_wconf 84' lang='lat' dir='ltr'><strong>quod</strong></span> <span class='ocrx_word' id='word_1_810' title='bbox 747 5591 1043 5658; x_wconf 87' lang='lat' dir='ltr'><strong>sequimur,</strong></span> <span class='ocrx_word' id='word_1_811' title='bbox 1071 5597 1294 5666; x_wconf 48' lang='grc' dir='ltr'><strong>ρςιει-μή</strong></span> <span class='ocrx_word' id='word_1_812' title='bbox 1324 5589 1446 5666; x_wconf 46' lang='grc' dir='ltr'><strong>ὄντα</strong></span> <span class='ocrx_word' id='word_1_813' title='bbox 1475 5590 1692 5666; x_wconf 84' lang='lat' dir='ltr'><strong>s_ubjicit</strong></span> <span class='ocrx_word' id='word_1_814' title='bbox 1723 5608 1737 5647; x_wconf 89' lang='lat'><strong>:</strong></span> <span class='ocrx_word' id='word_1_815' title='bbox 1762 5592 1889 5666; x_wconf 65' lang='lat' dir='ltr'><strong>(lunt</strong></span> 
     </span>
    </p>
   </div>
   <div class='ocr_carea' id='block_1_101' title="bbox 285 5661 1886 5736">
    <p class='ocr_par' dir='ltr' id='par_1_101' title="bbox 285 5661 1886 5736">
     <span class='ocr_line' id='line_1_101' title="bbox 285 5661 1886 5736; baseline -0.004 -12"><span class='ocrx_word' id='word_1_816' title='bbox 285 5661 462 5724; x_wconf 74' lang='lat' dir='ltr'><strong>autem</strong></span> <span class='ocrx_word' id='word_1_817' title='bbox 472 5661 946 5736; x_wconf 80' lang='lat' dir='ltr'><strong>intelligimus,__etc.</strong></span> <span class='ocrx_word' id='word_1_818' title='bbox 959 5661 1167 5736; x_wconf 63' lang='lat' dir='ltr'><strong>,qumip</strong></span> <span class='ocrx_word' id='word_1_819' title='bbox 1183 5661 1477 5736; x_wconf 63' lang='lat' dir='ltr'><strong>orthodox.</strong></span> <span class='ocrx_word' id='word_1_820' title='bbox 1498 5663 1745 5736; x_wconf 83' lang='lat' dir='ltr'><strong>leguntur</strong></span> <span class='ocrx_word' id='word_1_821' title='bbox 1756 5661 1886 5736; x_wconf 63' lang='grc'>464,</span> 
     </span>
    </p>
   </div>
   <div class='ocr_carea' id='block_1_102' title="bbox 289 5729 1891 5806">
    <p class='ocr_par' dir='ltr' id='par_1_102' title="bbox 289 5729 1891 5806">
     <span class='ocr_line' id='line_1_102' title="bbox 289 5729 1891 5806; baseline -0.004 -10"><span class='ocrx_word' id='word_1_822' title='bbox 289 5741 386 5796; x_wconf 92' lang='lat' dir='ltr'><strong>lin.</strong></span> <span class='ocrx_word' id='word_1_823' title='bbox 414 5740 512 5794; x_wconf 90' lang='lat' dir='ltr'><strong>ult.</strong></span> <span class='ocrx_word' id='word_1_824' title='bbox 542 5748 596 5793; x_wconf 90' lang='lat' dir='ltr'><strong>et</strong></span> <span class='ocrx_word' id='word_1_825' title='bbox 628 5729 778 5806; x_wconf 75' lang='lat' dir='ltr'><strong>seqq.</strong></span> <span class='ocrx_word' id='word_1_826' title='bbox 816 5729 1724 5806; x_wconf 65' lang='lat' dir='ltr'><strong>Omniascilicetperturbatasive</strong></span> <span class='ocrx_word' id='word_1_827' title='bbox 1754 5734 1891 5790; x_wconf 86' lang='lat' dir='ltr'><strong>male</strong></span> 
     </span>
    </p>
   </div>
   <div class='ocr_carea' id='block_1_103' title="bbox 413 5803 1887 5894">
    <p class='ocr_par' dir='ltr' id='par_1_103' title="bbox 413 5803 1887 5894">
     <span class='ocr_line' id='line_1_103' title="bbox 413 5803 1887 5894; baseline -0.006 -26"><span class='ocrx_word' id='word_1_828' title='bbox 413 5803 1120 5894; x_wconf 58' lang='lat' dir='ltr'><strong>pactorum&#39;éxemplarium</strong></span> <span class='ocrx_word' id='word_1_829' title='bbox 1168 5803 1336 5873; x_wconf 90' lang='lat' dir='ltr'><strong>vitio,</strong></span> <span class='ocrx_word' id='word_1_830' title='bbox 1379 5805 1495 5861; x_wconf 88' lang='lat' dir='ltr'><strong>sive</strong></span> <span class='ocrx_word' id='word_1_831' title='bbox 1549 5804 1887 5863; x_wconf 89' lang='lat' dir='ltr'><strong>librariorum</strong></span> 
     </span>
    </p>
   </div>
   <div class='ocr_carea' id='block_1_104' title="bbox 1995 4240 3571 4326">
    <p class='ocr_par' dir='ltr' id='par_1_104' title="bbox 1995 4240 3571 4326">
     <span class='ocr_line' id='line_1_104' title="bbox 1995 4240 3571 4326; baseline 0.011 -32"><span class='ocrx_word' id='word_1_832' title='bbox 1995 4240 2216 4326; x_wconf 44' lang='lat' dir='ltr'><strong>.Qnaa.“</strong></span> <span class='ocrx_word' id='word_1_833' title='bbox 2235 4240 2399 4326; x_wconf 82' lang='lat' dir='ltr'><strong>Forte</strong></span> <span class='ocrx_word' id='word_1_834' title='bbox 2437 4243 2598 4326; x_wconf 43' lang='lat' dir='ltr'><strong>quael</strong></span> <span class='ocrx_word' id='word_1_835' title='bbox 2621 4245 2926 4326; x_wconf 66' lang='lat' dir='ltr'><strong>scripsisset</strong></span> <span class='ocrx_word' id='word_1_836' title='bbox 2975 4251 3110 4308; x_wconf 86' lang='lat' dir='ltr'><strong>alius</strong></span> <span class='ocrx_word' id='word_1_837' title='bbox 3176 4269 3334 4326; x_wconf 85' lang='lat' dir='ltr'><strong>quam</strong></span> <span class='ocrx_word' id='word_1_838' title='bbox 3390 4255 3571 4312; x_wconf 86' lang='lat' dir='ltr'><strong>Victo-</strong></span> 
     </span>
    </p>
   </div>
   <div class='ocr_carea' id='block_1_105' title="bbox 1963 4313 3568 4396">
    <p class='ocr_par' dir='ltr' id='par_1_105' title="bbox 1963 4313 3568 4396">
     <span class='ocr_line' id='line_1_105' title="bbox 1963 4313 3568 4396; baseline 0.011 -30"><span class='ocrx_word' id='word_1_839' title='bbox 1963 4313 2134 4396; x_wconf 75' lang='lat' dir='ltr'><strong>rinus.</strong></span> <span class='ocrx_word' id='word_1_840' title='bbox 2177 4313 2341 4369; x_wconf 90' lang='lat' dir='ltr'><strong>Paulo</strong></span> <span class='ocrx_word' id='word_1_841' title='bbox 2387 4313 2508 4384; x_wconf 82' lang='lat' dir='ltr'><strong>post</strong></span> <span class='ocrx_word' id='word_1_842' title='bbox 2553 4313 2754 4396; x_wconf 47' lang='lat' dir='ltr'><strong>Mabill&#39;.</strong></span> <span class='ocrx_word' id='word_1_843' title='bbox 2789 4317 2858 4372; x_wconf 84' lang='lat' dir='ltr'><strong>Et</strong></span> <span class='ocrx_word' id='word_1_844' title='bbox 2888 4333 3006 4396; x_wconf 84' lang='lat' dir='ltr'><strong>sunt</strong></span> <span class='ocrx_word' id='word_1_845' title='bbox 3045 4313 3224 4395; x_wconf 71' lang='lat' dir='ltr'><strong>prima:</strong></span> <span class='ocrx_word' id='word_1_846' title='bbox 3276 4330 3568 4396; x_wconf 72' lang='lat' dir='ltr'><strong>qualitates,</strong></span> 
     </span>
    </p>
   </div>
   <div class='ocr_carea' id='block_1_106' title="bbox 1963 4384 3571 4509">
    <p class='ocr_par' dir='ltr' id='par_1_106' title="bbox 1963 4384 3571 4509">
     <span class='ocr_line' id='line_1_106' title="bbox 1963 4384 3571 4509; baseline 0.012 -73"><span class='ocrx_word' id='word_1_847' title='bbox 1963 4384 2117 4509; x_wconf 56' lang='lat' dir='ltr'><strong>ignis,</strong></span> <span class='ocrx_word' id='word_1_848' title='bbox 2150 4401 2256 4453; x_wconf 86' lang='lat' dir='ltr'><strong>aer,</strong></span> <span class='ocrx_word' id='word_1_849' title='bbox 2287 4403 2442 4458; x_wconf 88' lang='lat' dir='ltr'><strong>aqua,</strong></span> <span class='ocrx_word' id='word_1_850' title='bbox 2474 4398 2629 4456; x_wconf 86' lang='lat' dir='ltr'><strong>terra,</strong></span> <span class='ocrx_word' id='word_1_851' title='bbox 2659 4390 2772 4460; x_wconf 83' lang='lat' dir='ltr'><strong>ipsa</strong></span> <span class='ocrx_word' id='word_1_852' title='bbox 2791 4384 3070 4450; x_wconf 76' lang='lat' dir='ltr'><strong>secundum</strong></span> <span class='ocrx_word' id='word_1_853' title='bbox 3095 4415 3150 4452; x_wconf 85' lang='lat' dir='ltr'><strong>se</strong></span> <span class='ocrx_word' id='word_1_854' title='bbox 3169 4384 3299 4454; x_wconf 46' lang='lat' dir='ltr'><strong>sine,</strong></span> <span class='ocrx_word' id='word_1_855' title='bbox 3322 4384 3571 4455; x_wconf 54' lang='lat' dir='ltr'><strong>commix;</strong></span> 
     </span>
     <span class='ocr_line' id='line_1_107' title="bbox 1987 4473 2121 4509; baseline 0.007 -1"><span class='ocrx_word' id='word_1_856' title='bbox 1987 4473 2121 4509; x_wconf 72' lang='lat' dir='ltr'><strong>iane.</strong></span> 
     </span>
    </p>
   </div>
   <div class='ocr_carea' id='block_1_107' title="bbox 1987 4473 2121 4512">
    <p class='ocr_par' dir='ltr' id='par_1_107' title="bbox 1987 4473 2121 4512">
     <span class='ocr_line' id='line_1_108' title="bbox 1987 4473 2121 4512; baseline 0.022 -4"><span class='ocrx_word' id='word_1_857' title='bbox 1987 4473 2121 4512; x_wconf 73' lang='lat' dir='ltr'><strong>iane.</strong></span> 
     </span>
    </p>
   </div>
   <div class='ocr_carea' id='block_1_108' title="bbox 2041 4526 3424 4604">
    <p class='ocr_par' dir='ltr' id='par_1_108' title="bbox 2041 4526 3424 4604">
     <span class='ocr_line' id='line_1_109' title="bbox 2041 4526 3424 4604; baseline 0.012 -24"><span class='ocrx_word' id='word_1_858' title='bbox 2041 4526 2260 4604; x_wconf 85' lang='lat' dir='ltr'><strong>l_]_nione.</strong></span> <span class='ocrx_word' id='word_1_859' title='bbox 2295 4529 2386 4585; x_wconf 90' lang='lat' dir='ltr'><strong>Sic</strong></span> <span class='ocrx_word' id='word_1_860' title='bbox 2409 4545 2478 4584; x_wconf 82' lang='lat' dir='ltr'><strong>ex</strong></span> <span class='ocrx_word' id='word_1_861' title='bbox 2515 4529 2787 4588; x_wconf 82' lang='lat' dir='ltr'><strong>Mabillou.</strong></span> <span class='ocrx_word' id='word_1_862' title='bbox 2817 4549 2918 4604; x_wconf 91' lang='lat' dir='ltr'><strong>pro</strong></span> <span class='ocrx_word' id='word_1_863' title='bbox 2947 4537 3100 4594; x_wconf 83' lang='lat' dir='ltr'><strong>unius</strong></span> <span class='ocrx_word' id='word_1_864' title='bbox 3125 4540 3424 4599; x_wconf 86' lang='lat' dir='ltr'><strong>Orthodox.</strong></span> 
     </span>
    </p>
   </div>
   <div class='ocr_carea' id='block_1_109' title="bbox 2042 4597 3576 4682">
    <p class='ocr_par' dir='ltr' id='par_1_109' title="bbox 2042 4597 3576 4682">
     <span class='ocr_line' id='line_1_110' title="bbox 2042 4597 3576 4682; baseline 0.014 -32"><span class='ocrx_word' id='word_1_865' title='bbox 2042 4597 2162 4682; x_wconf 49' lang='lat' dir='ltr'><strong>Non</strong></span> <span class='ocrx_word' id='word_1_866' title='bbox 2223 4611 2388 4682; x_wconf 76' lang='lat' dir='ltr'><strong>potest</strong></span> <span class='ocrx_word' id='word_1_867' title='bbox 2456 4604 2742 4682; x_wconf 46' lang='lat' dir='ltr'><strong>enimnesse</strong></span> <span class='ocrx_word' id='word_1_868' title='bbox 2783 4597 3028 4682; x_wconf 53' lang='lat' dir='ltr'><strong>qualitas.</strong></span> <span class='ocrx_word' id='word_1_869' title='bbox 3083 4611 3186 4665; x_wconf 80' lang='lat' dir='ltr'><strong>Ista</strong></span> <span class='ocrx_word' id='word_1_870' title='bbox 3241 4597 3576 4682; x_wconf 19' lang='lat' dir='ltr'><strong>qum—iltabet</strong></span> 
     </span>
    </p>
   </div>
   <div class='ocr_carea' id='block_1_110' title="bbox 1977 4669 3575 4795">
    <p class='ocr_par' dir='ltr' id='par_1_110' title="bbox 1977 4669 3575 4795">
     <span class='ocr_line' id='line_1_111' title="bbox 1977 4669 3575 4795; baseline 0.011 -71"><span class='ocrx_word' id='word_1_871' title='bbox 1977 4669 2252 4795; x_wconf 44' lang='lat' dir='ltr'><strong>Malpllon&#39;.</strong></span> <span class='ocrx_word' id='word_1_872' title='bbox 2280 4671 2475 4728; x_wconf 91' lang='lat' dir='ltr'><strong>desunt</strong></span> <span class='ocrx_word' id='word_1_873' title='bbox 2503 4673 2560 4728; x_wconf 90' lang='lat' dir='ltr'><strong>in</strong></span> <span class='ocrx_word' id='word_1_874' title='bbox 2590 4669 2889 4732; x_wconf 73' lang='lat' dir='ltr'><strong>Orthodox.</strong></span> <span class='ocrx_word' id='word_1_875' title='bbox 2923 4681 3148 4738; x_wconf 80' lang='lat' dir='ltr'><strong>fortasse</strong></span> <span class='ocrx_word' id='word_1_876' title='bbox 3193 4669 3272 4740; x_wconf 43' lang='lat' dir='ltr'><strong>ob.</strong></span> <span class='ocrx_word' id='word_1_877' title='bbox 3291 4669 3575 4756; x_wconf 76' lang='lat' dir='ltr'><strong>repetitum</strong></span> 
     </span>
     <span class='ocr_line' id='line_1_112' title="bbox 1977 4758 2216 4795; baseline 0 0"><span class='ocrx_word' id='word_1_878' title='bbox 1977 4758 2074 4795; x_wconf 87' lang='lat' dir='ltr'><strong>aua</strong></span> <span class='ocrx_word' id='word_1_879' title='bbox 2101 4759 2114 4792; x_wconf 82' lang='lat' dir='ltr'><strong>l</strong></span> <span class='ocrx_word' id='word_1_880' title='bbox 2139 4759 2216 4795; x_wconf 71' lang='grc' dir='ltr'><strong>αδ.</strong></span> 
     </span>
    </p>
   </div>
   <div class='ocr_carea' id='block_1_111' title="bbox 1975 4758 2216 4812">
    <p class='ocr_par' dir='ltr' id='par_1_111' title="bbox 1975 4758 2216 4812">
     <span class='ocr_line' id='line_1_113' title="bbox 1975 4758 2216 4812; baseline 0.008 -19"><span class='ocrx_word' id='word_1_881' title='bbox 1975 4758 2216 4812; x_wconf 81' lang='lat' dir='ltr'><strong>quantas.</strong></span> 
     </span>
    </p>
   </div>
   <div class='ocr_carea' id='block_1_112' title="bbox 2053 4813 3578 4886">
    <p class='ocr_par' dir='ltr' id='par_1_112' title="bbox 2053 4813 3578 4886">
     <span class='ocr_line' id='line_1_114' title="bbox 2053 4813 3578 4886; baseline 0.014 -21"><span class='ocrx_word' id='word_1_882' title='bbox 2053 4813 2250 4868; x_wconf 79' lang='lat' dir='ltr'><strong>Eadem</strong></span> <span class='ocrx_word' id='word_1_883' title='bbox 2296 4814 2364 4868; x_wconf 85' lang='lat' dir='ltr'><strong>sit</strong></span> <span class='ocrx_word' id='word_1_884' title='bbox 2405 4815 2687 4872; x_wconf 84' lang='lat' dir='ltr'><strong>substantia</strong></span> <span class='ocrx_word' id='word_1_885' title='bbox 2737 4851 2806 4862; x_wconf 91' lang='lat'><strong>——</strong></span> <span class='ocrx_word' id='word_1_886' title='bbox 2858 4831 2906 4876; x_wconf 92' lang='lat' dir='ltr'><strong>et</strong></span> <span class='ocrx_word' id='word_1_887' title='bbox 2957 4822 3072 4884; x_wconf 84' lang='grc' dir='ltr'>ὕλη.</span> <span class='ocrx_word' id='word_1_888' title='bbox 3128 4824 3398 4883; x_wconf 84' lang='lat' dir='ltr'><strong>Mabillon.</strong></span> <span class='ocrx_word' id='word_1_889' title='bbox 3457 4828 3578 4886; x_wconf 88' lang='lat' dir='ltr'><strong>heic</strong></span> 
     </span>
    </p>
   </div>
   <div class='ocr_carea' id='block_1_113' title="bbox 1900 4883 3581 4968">
    <p class='ocr_par' dir='ltr' id='par_1_113' title="bbox 1900 4883 3581 4968">
     <span class='ocr_line' id='line_1_115' title="bbox 1900 4883 3581 4968; baseline 0.011 -31"><span class='ocrx_word' id='word_1_890' title='bbox 1900 4885 1953 4945; x_wconf 76' lang='grc' dir='ltr'><strong>Ι)</strong></span> <span class='ocrx_word' id='word_1_891' title='bbox 1979 4883 2300 4968; x_wconf 67' lang='lat' dir='ltr'><strong>deserimus,</strong></span> <span class='ocrx_word' id='word_1_892' title='bbox 2331 4887 2489 4968; x_wconf 39' lang='lat' dir='ltr'><strong>napud</strong></span> <span class='ocrx_word' id='word_1_893' title='bbox 2534 4904 2692 4956; x_wconf 87' lang='lat' dir='ltr'><strong>quem</strong></span> <span class='ocrx_word' id='word_1_894' title='bbox 2720 4893 2798 4968; x_wconf 85' lang='lat' dir='ltr'><strong>s_i_c</strong></span> <span class='ocrx_word' id='word_1_895' title='bbox 2825 4910 2841 4950; x_wconf 87' lang='lat'><strong>:</strong></span> <span class='ocrx_word' id='word_1_896' title='bbox 2869 4883 3044 4949; x_wconf 82' lang='lat' dir='ltr'><strong>eadem</strong></span> <span class='ocrx_word' id='word_1_897' title='bbox 3069 4898 3185 4968; x_wconf 87' lang='lat' dir='ltr'><strong>ipsa</strong></span> <span class='ocrx_word' id='word_1_898' title='bbox 3205 4901 3268 4954; x_wconf 84' lang='lat' dir='ltr'><strong>sit</strong></span> <span class='ocrx_word' id='word_1_899' title='bbox 3292 4883 3581 4957; x_wconf 75' lang='lat' dir='ltr'><strong>substantia</strong></span> 
     </span>
    </p>
   </div>
   <div class='ocr_carea' id='block_1_114' title="bbox 1980 4956 2862 5027">
    <p class='ocr_par' dir='ltr' id='par_1_114' title="bbox 1980 4956 2862 5027">
     <span class='ocr_line' id='line_1_116' title="bbox 1980 4956 2862 5027; baseline 0.016 -22"><span class='ocrx_word' id='word_1_900' title='bbox 1980 4967 2027 5010; x_wconf 89' lang='lat' dir='ltr'><strong>et</strong></span> <span class='ocrx_word' id='word_1_901' title='bbox 2051 4957 2236 5027; x_wconf 76' lang='lat' dir='ltr'><strong>anima:</strong></span> <span class='ocrx_word' id='word_1_902' title='bbox 2255 4965 2301 5009; x_wconf 88' lang='lat' dir='ltr'><strong>et</strong></span> <span class='ocrx_word' id='word_1_903' title='bbox 2325 4956 2439 5020; x_wconf 88' lang='grc' dir='ltr'>ὕλη,</span> <span class='ocrx_word' id='word_1_904' title='bbox 2470 4958 2694 5016; x_wconf 79' lang='lat' dir='ltr'><strong>fortasse</strong></span> <span class='ocrx_word' id='word_1_905' title='bbox 2721 4963 2862 5027; x_wconf 82' lang='grc' dir='ltr'>ὕλης.</span> 
     </span>
    </p>
   </div>
   <div class='ocr_carea' id='block_1_115' title="bbox 2057 5025 3583 5100">
    <p class='ocr_par' dir='ltr' id='par_1_115' title="bbox 2057 5025 3583 5100">
     <span class='ocr_line' id='line_1_117' title="bbox 2057 5025 3583 5100; baseline 0.014 -23"><span class='ocrx_word' id='word_1_906' title='bbox 2057 5025 2374 5100; x_wconf 76' lang='lat' dir='ltr'><strong>()mnimodis</strong></span> <span class='ocrx_word' id='word_1_907' title='bbox 2414 5029 2720 5100; x_wconf 86' lang='lat' dir='ltr'><strong>intelligens.</strong></span> <span class='ocrx_word' id='word_1_908' title='bbox 2769 5025 2942 5090; x_wconf 75' lang='lat' dir='ltr'><strong>Malim</strong></span> <span class='ocrx_word' id='word_1_909' title='bbox 2975 5040 3278 5098; x_wconf 81' lang='lat' dir='ltr'><strong>omnimodis</strong></span> <span class='ocrx_word' id='word_1_910' title='bbox 3307 5059 3408 5100; x_wconf 70' lang='lat' dir='ltr'><strong>non</strong></span> <span class='ocrx_word' id='word_1_911' title='bbox 3435 5045 3583 5100; x_wconf 88' lang='lat' dir='ltr'><strong>intel-</strong></span> 
     </span>
    </p>
   </div>
   <div class='ocr_carea' id='block_1_116' title="bbox 1984 5097 3364 5184">
    <p class='ocr_par' dir='ltr' id='par_1_116' title="bbox 1984 5097 3364 5184">
     <span class='ocr_line' id='line_1_118' title="bbox 1984 5097 3364 5184; baseline 0.014 -33"><span class='ocrx_word' id='word_1_912' title='bbox 1984 5097 2164 5184; x_wconf 55' lang='lat' dir='ltr'><strong>ligens.</strong></span> <span class='ocrx_word' id='word_1_913' title='bbox 2187 5097 2485 5184; x_wconf 49' lang='lat' dir='ltr'><strong>Mabillonp</strong></span> <span class='ocrx_word' id='word_1_914' title='bbox 2512 5097 3041 5184; x_wconf 66' lang='lat' dir='ltr'><strong>o:tiniua_odis_omn_ino</strong></span> <span class='ocrx_word' id='word_1_915' title='bbox 3058 5097 3364 5184; x_wconf 57' lang='lat' dir='ltr'><strong>intelligens:</strong></span> 
     </span>
    </p>
   </div>
   <div class='ocr_carea' id='block_1_117' title="bbox 1984 5167 3582 5311">
    <p class='ocr_par' dir='ltr' id='par_1_117' title="bbox 1984 5167 3582 5311">
     <span class='ocr_line' id='line_1_119' title="bbox 1984 5167 3582 5311; baseline 0.015 -92"><span class='ocrx_word' id='word_1_916' title='bbox 1984 5167 2182 5311; x_wconf 57' lang='lat' dir='ltr'><strong>pkﬁum</strong></span> <span class='ocrx_word' id='word_1_917' title='bbox 2223 5170 2336 5240; x_wconf 84' lang='lat' dir='ltr'><strong>ipsa</strong></span> <span class='ocrx_word' id='word_1_918' title='bbox 2369 5169 2502 5240; x_wconf 86' lang='lat' dir='ltr'><strong>sola,</strong></span> <span class='ocrx_word' id='word_1_919' title='bbox 2535 5183 2639 5229; x_wconf 90' lang='lat' dir='ltr'><strong>etc.</strong></span> <span class='ocrx_word' id='word_1_920' title='bbox 2679 5177 2919 5235; x_wconf 88' lang='lat' dir='ltr'><strong>Pessime</strong></span> <span class='ocrx_word' id='word_1_921' title='bbox 2948 5179 3065 5236; x_wconf 89' lang='lat' dir='ltr'><strong>heic</strong></span> <span class='ocrx_word' id='word_1_922' title='bbox 3087 5167 3364 5242; x_wconf 60' lang='lat' dir='ltr'><strong>Mabfl&#39;lon.</strong></span> <span class='ocrx_word' id='word_1_923' title='bbox 3395 5203 3582 5244; x_wconf 78' lang='lat' dir='ltr'><strong>exem-</strong></span> 
     </span>
    </p>
   </div>
   <div class='ocr_carea' id='block_1_118' title="bbox 2029 5310 3586 5392">
    <p class='ocr_par' dir='ltr' id='par_1_118' title="bbox 2029 5310 3586 5392">
     <span class='ocr_line' id='line_1_120' title="bbox 2029 5310 3586 5392; baseline 0.014 -30"><span class='ocrx_word' id='word_1_924' title='bbox 2029 5310 2639 5392; x_wconf 50' lang='lat' dir='ltr'><strong>n)_il.-—_Cqmp_lemionem</strong></span> <span class='ocrx_word' id='word_1_925' title='bbox 2661 5320 2843 5375; x_wconf 82' lang='lat' dir='ltr'><strong>horum</strong></span> <span class='ocrx_word' id='word_1_926' title='bbox 2870 5324 3152 5380; x_wconf 86' lang='lat' dir='ltr'><strong>nominum.</strong></span> <span class='ocrx_word' id='word_1_927' title='bbox 3181 5329 3271 5384; x_wconf 91' lang='lat' dir='ltr'><strong>Sic</strong></span> <span class='ocrx_word' id='word_1_928' title='bbox 3298 5341 3442 5386; x_wconf 89' lang='lat' dir='ltr'><strong>recte</strong></span> <span class='ocrx_word' id='word_1_929' title='bbox 3469 5331 3586 5384; x_wconf 85' lang='lat' dir='ltr'><strong>Ma-</strong></span> 
     </span>
    </p>
   </div>
   <div class='ocr_carea' id='block_1_119' title="bbox 1990 5381 3582 5469">
    <p class='ocr_par' dir='ltr' id='par_1_119' title="bbox 1990 5381 3582 5469">
     <span class='ocr_line' id='line_1_121' title="bbox 1990 5381 3582 5469; baseline 0.013 -34"><span class='ocrx_word' id='word_1_930' title='bbox 1990 5381 2178 5469; x_wconf 80' lang='lat' dir='ltr'><strong>billon.</strong></span> <span class='ocrx_word' id='word_1_931' title='bbox 2200 5381 2719 5469; x_wconf 34' lang='lat' dir='ltr'><strong>AItOrtltodIoLpag.</strong></span> <span class='ocrx_word' id='word_1_932' title='bbox 2741 5392 2868 5469; x_wconf 53' lang='grc'>465,</span> <span class='ocrx_word' id='word_1_933' title='bbox 2903 5395 3042 5451; x_wconf 87' lang='lat' dir='ltr'><strong>circa</strong></span> <span class='ocrx_word' id='word_1_934' title='bbox 3076 5381 3582 5469; x_wconf 51' lang='lat' dir='ltr'><strong>meafiuiéii&#39;oééin</strong></span> 
     </span>
    </p>
   </div>
   <div class='ocr_carea' id='block_1_120' title="bbox 1989 5456 3583 5542">
    <p class='ocr_par' dir='ltr' id='par_1_120' title="bbox 1989 5456 3583 5542">
     <span class='ocr_line' id='line_1_122' title="bbox 1989 5456 3583 5542; baseline 0.016 -39"><span class='ocrx_word' id='word_1_935' title='bbox 1989 5456 2385 5542; x_wconf 40' lang='lat' dir='ltr'><strong>complexionem</strong></span> <span class='ocrx_word' id='word_1_936' title='bbox 2412 5456 2817 5542; x_wconf 55' lang='lat' dir='ltr'><strong>Italte_t,_et_solus</strong></span> <span class='ocrx_word' id='word_1_937' title='bbox 2843 5456 2992 5521; x_wconf 81' lang='lat' dir='ltr'><strong>natus</strong></span> <span class='ocrx_word' id='word_1_938' title='bbox 3015 5470 3177 5542; x_wconf 70' lang='lat' dir='ltr'><strong>ﬁlius,</strong></span> <span class='ocrx_word' id='word_1_939' title='bbox 3209 5456 3338 5536; x_wconf 58' lang='lat' dir='ltr'><strong>et&#39;c.,</strong></span> <span class='ocrx_word' id='word_1_940' title='bbox 3357 5489 3476 5542; x_wconf 74' lang='lat' dir='ltr'><strong>qua:</strong></span> <span class='ocrx_word' id='word_1_941' title='bbox 3501 5474 3583 5528; x_wconf 82' lang='lat' dir='ltr'><strong>in-</strong></span> 
     </span>
    </p>
   </div>
   <div class='ocr_carea' id='block_1_121' title="bbox 1991 5525 3588 5600">
    <p class='ocr_par' dir='ltr' id='par_1_121' title="bbox 1991 5525 3588 5600">
     <span class='ocr_line' id='line_1_123' title="bbox 1991 5525 3588 5600; baseline 0.014 -24"><span class='ocrx_word' id='word_1_942' title='bbox 1991 5525 2154 5578; x_wconf 77' lang='lat' dir='ltr'><strong>ferius</strong></span> <span class='ocrx_word' id='word_1_943' title='bbox 2181 5525 2447 5582; x_wconf 87' lang='lat' dir='ltr'><strong>habentur</strong></span> <span class='ocrx_word' id='word_1_944' title='bbox 2473 5528 2502 5600; x_wconf 82' lang='lat'>§</span> <span class='ocrx_word' id='word_1_945' title='bbox 2534 5533 2620 5588; x_wconf 83' lang='grc'><strong>15.</strong></span> <span class='ocrx_word' id='word_1_946' title='bbox 2655 5534 2748 5589; x_wconf 89' lang='lat' dir='ltr'><strong>llla</strong></span> <span class='ocrx_word' id='word_1_947' title='bbox 2804 5549 2984 5592; x_wconf 88' lang='lat' dir='ltr'><strong>autem</strong></span> <span class='ocrx_word' id='word_1_948' title='bbox 3015 5525 3588 5599; x_wconf 16' lang='lat' dir='ltr'><strong>&#39;Itoruntinominuut—et</strong></span> 
     </span>
    </p>
   </div>
   <div class='ocr_carea' id='block_1_122' title="bbox 1990 5605 3587 5680">
    <p class='ocr_par' dir='ltr' id='par_1_122' title="bbox 1990 5605 3587 5680">
     <span class='ocr_line' id='line_1_124' title="bbox 1990 5605 3587 5680; baseline 0.014 -32"><span class='ocrx_word' id='word_1_949' title='bbox 1990 5611 2109 5680; x_wconf 56' lang='lat' dir='ltr'><strong>quae</strong></span> <span class='ocrx_word' id='word_1_950' title='bbox 2135 5609 2464 5680; x_wconf 60' lang='lat' dir='ltr'><strong>sequuntur,</strong></span> <span class='ocrx_word' id='word_1_951' title='bbox 2492 5614 2677 5680; x_wconf 72' lang='lat' dir='ltr'><strong>extant</strong></span> <span class='ocrx_word' id='word_1_952' title='bbox 2706 5605 2859 5673; x_wconf 87' lang='lat' dir='ltr'><strong>ibid.,</strong></span> <span class='ocrx_word' id='word_1_953' title='bbox 2889 5625 3008 5680; x_wconf 79' lang='lat' dir='ltr'><strong>pag.</strong></span> <span class='ocrx_word' id='word_1_954' title='bbox 3040 5609 3168 5676; x_wconf 71' lang='grc'>464,</span> <span class='ocrx_word' id='word_1_955' title='bbox 3215 5615 3330 5675; x_wconf 70' lang='lat' dir='ltr'><strong>Sub,</strong></span> <span class='ocrx_word' id='word_1_956' title='bbox 3354 5615 3587 5671; x_wconf 85' lang='lat' dir='ltr'><strong>initium.</strong></span> 
     </span>
    </p>
   </div>
   <div class='ocr_carea' id='block_1_123' title="bbox 1991 5663 2840 5750">
    <p class='ocr_par' dir='ltr' id='par_1_123' title="bbox 1991 5663 2840 5750">
     <span class='ocr_line' id='line_1_125' title="bbox 1991 5663 2840 5750; baseline 0.015 -31"><span class='ocrx_word' id='word_1_957' title='bbox 1991 5663 2180 5750; x_wconf 54' lang='lat' dir='ltr'><strong>Omnia</strong></span> <span class='ocrx_word' id='word_1_958' title='bbox 2207 5663 2421 5750; x_wconf 70' lang='lat' dir='ltr'><strong>scilicet</strong></span> <span class='ocrx_word' id='word_1_959' title='bbox 2443 5663 2591 5750; x_wconf 68' lang='lat' dir='ltr'><strong>Rede</strong></span> <span class='ocrx_word' id='word_1_960' title='bbox 2606 5676 2840 5733; x_wconf 84' lang='lat' dir='ltr'><strong>inversa.</strong></span> 
     </span>
    </p>
   </div>
   <div class='ocr_carea' id='block_1_124' title="bbox 2070 5737 3410 5823">
    <p class='ocr_par' dir='ltr' id='par_1_124' title="bbox 2070 5737 3410 5823">
     <span class='ocr_line' id='line_1_126' title="bbox 2070 5737 3410 5823; baseline 0.017 -32"><span class='ocrx_word' id='word_1_961' title='bbox 2070 5737 2352 5823; x_wconf 70' lang='lat' dir='ltr'><strong>Qi/Ierunt.</strong></span> <span class='ocrx_word' id='word_1_962' title='bbox 2390 5743 2548 5823; x_wconf 80' lang='lat' dir='ltr'><strong>Deest</strong></span> <span class='ocrx_word' id='word_1_963' title='bbox 2579 5745 2934 5823; x_wconf 56' lang='lat' dir='ltr'><strong>hocverbum</strong></span> <span class='ocrx_word' id='word_1_964' title='bbox 2965 5753 3103 5823; x_wconf 90' lang='lat' dir='ltr'><strong>apud</strong></span> <span class='ocrx_word' id='word_1_965' title='bbox 3135 5755 3410 5813; x_wconf 88' lang='lat' dir='ltr'><strong>Mabillon.</strong></span> 
     </span>
    </p>
   </div>
   <div class='ocr_carea' id='block_1_125' title="bbox 2055 5808 3594 5894">
    <p class='ocr_par' dir='ltr' id='par_1_125' title="bbox 2055 5808 3594 5894">
     <span class='ocr_line' id='line_1_127' title="bbox 2055 5808 3594 5894; baseline 0.016 -31"><span class='ocrx_word' id='word_1_966' title='bbox 2055 5808 2366 5894; x_wconf 43' lang='lat' dir='ltr'><strong>.Secuntlum</strong></span> <span class='ocrx_word' id='word_1_967' title='bbox 2411 5815 2594 5894; x_wconf 67' lang='lat' dir='ltr'><strong>privat.</strong></span> <span class='ocrx_word' id='word_1_968' title='bbox 2649 5817 2740 5875; x_wconf 86' lang='lat' dir='ltr'><strong>Sic</strong></span> <span class='ocrx_word' id='word_1_969' title='bbox 2767 5808 3015 5894; x_wconf 50' lang='lat' dir='ltr'><strong>utraque.</strong></span> <span class='ocrx_word' id='word_1_970' title='bbox 3044 5808 3594 5894; x_wconf 36' lang='lat' dir='ltr'><strong>ediii‘oiﬁbiutamcn</strong></span> 
     </span>
    </p>
   </div>
   <div class='ocr_carea' id='block_1_126' title="bbox 1995 5879 3267 5953">
    <p class='ocr_par' dir='ltr' id='par_1_126' title="bbox 1995 5879 3267 5953">
     <span class='ocr_line' id='line_1_128' title="bbox 1995 5879 3267 5953; baseline 0.006 -17"><span class='ocrx_word' id='word_1_971' title='bbox 1995 5879 2202 5953; x_wconf 88' lang='lat' dir='ltr'><strong>aliquid</strong></span> <span class='ocrx_word' id='word_1_972' title='bbox 2232 5879 2424 5942; x_wconf 80' lang='lat' dir='ltr'><strong>deesse</strong></span> <span class='ocrx_word' id='word_1_973' title='bbox 2451 5884 2680 5944; x_wconf 87' lang='lat' dir='ltr'><strong>videtur.</strong></span> <span class='ocrx_word' id='word_1_974' title='bbox 2907 5879 2922 5894; x_wconf 90' lang='grc'><em>’</em></span> <span class='ocrx_word' id='word_1_975' title='bbox 2975 5879 2985 5881; x_wconf 51' lang='grc'><em>’</em></span> <span class='ocrx_word' id='word_1_976' title='bbox 3232 5879 3267 5900; x_wconf 64' lang='grc'><strong>’“</strong></span> 
     </span>
    </p>
   </div>
  </div>
