4018 6184
240 323 354 383 ιιςθ

1102 318 1308 393 LIBER
1346 328 1433 383 DE
1472 322 1966 385 GENERATlONE
2006 326 2209 385 VERBI
2250 329 2477 388 DIVINI.

3379 331 3518 390 1050

237 442 527 513 frequenter
564 449 620 499 et
684 443 741 500 in
800 442 986 499 multis
1028 443 1315 500 declaravi.
1375 444 1578 499 Rursus
1631 442 2133 512 JesumAgeuitus
2170 455 2252 501 est
2320 448 2485 520 λόγος,
2545 461 2667 501 cum
2715 446 2855 502 Deus
2900 446 3014 517 ipse
3053 446 3201 520 λόγος
3256 446 3361 514 sit,
3417 448 3514 502 sed

235 537 489 596 Christum
514 542 574 598 τό
600 536 653 596 ὂν
682 540 995 597 naturaliter
1023 541 1164 596 circa
1196 541 1361 595 Deum
1389 554 1533 606 esse,
1563 548 1614 594 et
1646 538 1815 608 magis

236 642 285 689 et
310 634 356 688 iu
385 632 648 703 principio
667 634 835 708 λόγον,
866 641 923 688 et
951 634 1124 704 ipsum
1154 634 1313 689 istum
1337 634 1479 707 λόγον
1504 633 1815 686 Dcum'esse

235 728 465 783 dicimus.
547 728 749 784 Deinde
808 737 917 783 tres
981 741 1076 798 per
1144 726 1458 805 κερουχίδια
1513 725 1812 792 Joannem,

237 823 452 881 αἰωνίους
477 836 596 889 qua:
620 820 985 875 conﬁtemur:
1018 829 1071 873 et
1100 819 1330 873 dicimus
1372 821 1470 872 ilOC
1510 818 1578 873 ita
1616 833 1675 873 se
1718 816 1813 872 lia-

241 911 371 968 bere.
405 913 612 967 Dictum
640 921 724 968 est
751 913 894 967 enim
936 910 1078 981 quod
1109 913 1159 965 in
1210 910 1473 981 principio
1519 912 1588 965 sit
1637 911 1815 983 λόγος,

239 1015 288 1062 ct
326 1016 380 1061 ut
421 1016 474 1063 tu
519 1007 655 1061 dicis
681 1047 699 1072 ,
745 1023 850 1061 non
900 1015 984 1061 est
1026 1006 1345 1076 principium
1380 1005 1521 1075 quod
1566 1005 1820 1073 praecedit

240 1099 372 1156 aliud
402 1100 722 1171 principium
753 1117 766 1153 :
796 1100 912 1155 sine
934 1099 1199 1170 principio
1225 1099 1370 1153 enim
1402 1098 1742 1167 principium,
1772 1096 1818 1151 si

239 1193 443 1264 quidem
467 1202 522 1248 et
549 1202 632 1249 est
660 1193 854 1248 dicitur
884 1190 1231 1263 principium.
1268 1190 1369 1259 Qui
1402 1190 1562 1260 igitur
1592 1189 1645 1244 in
1669 1190 1820 1259 prin-

241 1288 370 1356 cipio
398 1285 537 1353 fuit,
591 1302 658 1342 ex
702 1289 877 1347 αἰῶνος
903 1294 1021 1352 est,
1075 1285 1190 1340 sive
1232 1284 1286 1338 in
1354 1283 1467 1338 Deo
1524 1283 1636 1337 sive
1679 1282 1821 1337 circa

240 1380 395 1435 Deum
425 1378 600 1452 (Joan.
632 1395 673 1446 ι,
722 1380 798 1449 1).
856 1378 986 1434 Erat
1044 1378 1187 1433 enim
1235 1376 1375 1432 circa
1427 1378 1593 1432 Deum
1640 1378 1819 1450 λόγος,

241 1482 291 1529 et
328 1473 381 1529 in
426 1474 705 1544 principio.
752 1474 899 1544 Ergo
938 1488 1154 1540 semper
1194 1471 1309 1527 fuit.
1354 1471 1410 1527 Si
1449 1486 1665 1541 semper
1693 1470 1820 1536 fuit,

242 1581 453 1622 necesse
479 1583 601 1621 eum
628 1576 713 1623 est
741 1581 866 1622 esse
891 1608 907 1633 ,
959 1580 1065 1620 non
1106 1579 1230 1619 cum
1274 1565 1338 1619 iis
1375 1579 1495 1634 quae
1526 1578 1632 1618 non
1662 1572 1823 1629 sunt,

241 1674 404 1730 neque
429 1660 626 1716 factum
654 1674 800 1716 esse.
834 1659 972 1714 Dicit
994 1660 1227 1714 Joannes
1261 1656 1426 1729 (Ibid.
1476 1654 1567 1727 18)
1613 1672 1625 1709 :
1657 1653 1827 1710 Deum

242 1768 376 1806 nemo
417 1752 544 1806 uidit
582 1768 847 1821 umquam.
898 1752 1104 1806 Rursus
1133 1748 1364 1822 (Ibid.):
1400 1747 1703 1819 Unigenitus
1728 1744 1827 1800 Dei

1918 536 2201 604 quiescens
2243 547 2297 592 et
2344 540 2515 595 silens
2563 540 2706 612 λόγος
2750 555 2764 593 :
2809 547 2866 593 ut
2911 538 3091 593 videas
3137 539 3513 595 necessitatem

1918 631 2275 696 cognoscendi
2303 673 2316 697 ,
2369 650 2472 686 non
2524 633 2761 702 genitum
2802 648 2924 688 esse
2960 633 3104 705 λόγον
3133 633 3306 689 multo
3346 635 3516 705 magis

1924 736 2083 789 quam
2120 723 2292 791 ipsum
2318 724 2432 779 ﬁeri
2461 740 2526 780 ex
2561 725 2625 780 iis
2657 742 2776 794 qua:
2810 741 2915 781 non
2939 738 3085 782 sunt.

1992 812 2179 870 XVIII.
2220 816 2358 884 Quid
2391 818 2586 873 deinde
2636 820 3016 888 cognoscenda
3056 820 3274 876 nostra?
3319 835 3509 891 quem-

1920 909 2207 965 admodum
2276 909 2486 966 fertur?
2545 912 2815 981 quomodo
2858 923 3101 968 movetur
3142 913 3284 968 circa
3329 913 3513 985 λόγονῖ

1921 1003 2036 1060 Non
2069 1005 2147 1059 sic
2170 1005 2313 1071 λόγον
2341 1005 2517 1071 videt,
2546 1006 2697 1074 quasi
2724 1016 2815 1059 aut
2844 1017 3062 1075 propter
3101 1005 3244 1061 aliud
3273 1016 3354 1060 est
3379 1047 3395 1072 ,
3428 1013 3521 1059 aut

1922 1095 2143 1150 alterius
2174 1104 2257 1151 est
2276 1098 2429 1167 juxta
2460 1097 2601 1166 quod
2629 1105 2730 1151 est.
2756 1096 2835 1152 Ad
2866 1097 2970 1153 hoc
2996 1110 3112 1165 est,
3138 1108 3196 1153 ut
3230 1097 3373 1153 aliud
3402 1112 3524 1175 esse

1922 1188 2234 1253 constituat,
2267 1199 2320 1244 et
2349 1190 2570 1247 omnino
2597 1204 2700 1244 non
2730 1190 2907 1245 aliter.
2956 1190 3119 1245 Pater
3159 1205 3289 1260 ergo
3332 1199 3389 1245 et
3432 1205 3527 1260 ge-

1926 1290 2142 1337 nerator
2165 1282 2406 1338 omnium
2435 1284 2601 1355 λόγος,
2636 1299 2732 1353 per
2759 1266 2919 1353 quem
2948 1285 3124 1338 omnia
3153 1284 3345 1339 elfecta
3376 1272 3523 1352 sunt,

1924 1386 1976 1430 et
1998 1376 2114 1430 sine
2138 1391 2244 1445 quo
2272 1376 2469 1432 factum
2502 1389 2589 1433 est
2618 1378 2768 1432 nihil.
2798 1378 2905 1433 Sed
2930 1380 3092 1434 αὐτοῦ
3121 1384 3214 1434 τοῦ
3242 1378 3394 1453 λόγου
3425 1392 3525 1447 p0-

1927 1471 2189 1538 tcntiam,
2248 1470 2396 1526 aliud
2437 1472 2800 1527 constituendi
2842 1483 2896 1527 et
2936 1471 3163 1528 faciendi
3194 1472 3525 1541 potentiam,

1926 1562 2005 1616 sic
2034 1577 2139 1617 non
2165 1573 2380 1632 Oportet
2413 1564 2714 1634 intelligere
2751 1572 2805 1618 et
2844 1562 3032 1617 audire
3059 1604 3073 1629 ,
3127 1564 3268 1618 sicut
3312 1564 3363 1618 in
3406 1546 3525 1618 om;

1928 1656 2074 1710 nium
2130 1670 2313 1711 causa.
2369 1654 2489 1725 Ipse
2540 1658 2682 1711 enim
2736 1656 3059 1711 constitutus
3114 1663 3200 1711 est
3248 1656 3409 1711 etiam
3478 1662 3533 1709 et

1928 1751 2084 1804 αὐτοῦ
2124 1755 2215 1804 τοῦ
2259 1749 2429 1823 λόγου.
2459 1749 2515 1804 Si
2541 1749 2682 1805 enim
2736 1750 2907 1819 prima
2935 1764 3094 1805 causa
3122 1789 3137 1815 ,
3190 1764 3296 1803 non
3349 1748 3525 1803 solum

242 1843 372 1914 ﬁlius
410 1846 497 1916 qui
538 1853 609 1900 est
644 1845 699 1898 in
743 1844 938 1916 gremio
982 1844 1176 1915 patris,
1205 1844 1318 1909 ipse
1344 1840 1620 1896 enarravit.
1656 1840 1826 1894 llabe~
1858 1832 1906 1890 B
1933 1842 2158 1896 aliorum
2206 1844 2445 1898 omnium
2474 1859 2633 1899 causa
2660 1886 2675 1910 ,
2718 1843 2814 1899 sed
2862 1846 2941 1898 sui
2993 1844 3161 1914 ipsius
3215 1852 3301 1899 est
3348 1858 3529 1898 causa.

243 1952 356 1992 mus
396 1939 557 2008 igitur
615 1938 715 1993 ista
772 1937 1002 2003 eadem,
1056 1935 1308 2006 quoidam
1379 1935 1540 1991 Jesus
1583 1933 1830 1990 Christus

245 2026 296 2083 ὂν
328 2032 435 2091 est,“
465 2031 716 2098 quoniam
737 2029 884 2102 λόγος
906 2037 1009 2094 est,
1039 2028 1290 2097 quoniam
1323 2027 1377 2081 in
1409 2027 1669 2095 principio
1694 2025 1827 2091 fuit,

246 2121 494 2190 quoniam
522 2121 663 2173 circa
699 2120 866 2174 Deum
900 2119 1033 2183 luit,
1058 2119 1311 2187 quoniam
1340 2120 1393 2172 in
1425 2118 1632 2187 gremio
1658 2117 1758 2171 fuit
1780 2127 1833 2173 et

248 2225 345 2267 est.
376 2211 496 2281 Ipsa
524 2211 704 2266 omnia
729 2224 908 2266 nonne
953 2210 1237 2265 manifeste
1272 2220 1326 2265 et
1357 2209 1587 2265 dilucide
1626 2209 1831 2281 signiti-

249 2315 387 2369 cant,
422 2304 591 2359 ﬁlium
626 2305 719 2359 Dei
750 2317 870 2358 esse
898 2304 984 2358 cui
1007 2304 1374 2359 attribuuntur
1395 2302 1515 2370 ista,
1551 2298 1607 2358 ὂν
1631 2313 1683 2358 et
1712 2314 1835 2359 ante

249 2397 424 2453 Omnia
454 2394 544 2460 ὅτις
575 2397 618 2451 si
654 2406 802 2466 pater
827 2396 968 2452 Deos
990 2436 1005 2462 ,
1033 2406 1317 2466 antequam
1359 2407 1441 2450 est
1479 2393 1558 2462 ὃν,
1591 2410 1710 2451 esse
1739 2412 1833 2465 po-

251 2491 408 2545 tentia
437 2488 698 2558 accipitur
722 2490 890 2560 ipsius
915 2488 1056 2559 quod
1084 2484 1138 2544 ὂν
1156 2488 1278 2543 est?
1304 2488 1457 2555 Quod
1488 2488 1702 2558 quidem
1730 2484 1782 2543 ὃν
1808 2503 1836 2542 a

249 2599 339 2638 sua
373 2582 607 2653 potentia
642 2583 696 2636 in
719 2597 818 2636 suo
851 2590 1001 2650 patre
1029 2581 1302 2645 exsilivit;
1335 2582 1509 2650 ipsum
1543 2583 1604 2636 τό
1644 2576 1697 2635 ὂν
1726 2596 1837 2635 ma-

251 2677 645 2732 nifesmtionem
689 2675 1000 2746 accipiens,
1044 2674 1185 2744 quod
1231 2674 1419 2730 fuisset
1446 2675 1714 2729 occultum
1745 2692 1758 2726 :
1787 2684 1841 2730 et

251 2773 347 2827 ista
370 2814 385 2839 ,
415 2771 594 2827 divina
624 2778 681 2826 et
702 2769 991 2827 ineli‘abilis
1018 2769 1297 2839 generatio
1319 2777 1421 2824 est.
1458 2767 1843 2823 Exteriuinau-

250 2864 377 2920 dum
398 2863 560 2934 igitur
586 2862 778 2934 dogma
804 2873 924 2928 est,
947 2878 1017 2918 ex
1062 2862 1125 2918 iis
1174 2877 1295 2932 qua:
1352 2877 1458 2916 non
1509 2868 1667 2927 sunt,
1698 2874 1843 2924 esse

251 2959 364 3012 sive
394 2956 660 3026 prodiisse
683 2954 891 3011 Jesum.

322 3052 484 3108 XVII.
527 3050 822 3106 Videamus
872 3064 1061 3105 rursus
1099 3048 1267 3104 aliud.
1318 3050 1480 3124 Λόγος
1534 3056 1618 3103 est
1665 3046 1843 3103 Jesus.

252 3144 390 3212 Quid
433 3145 596 3215 igitur
636 3153 721 3210 est
760 3143 949 3218 λόγοςτ
997 3142 1156 3208 Dico;
1209 3143 1463 3212 quoniam
1510 3150 1593 3195 est
1645 3141 1845 3209 pati-ica

1939 1936 2079 1991 Deus
2106 1951 2235 2006 ergo
2263 1952 2293 1991 a
2323 1938 2615 2007 semetipso
2636 1977 2653 2004 ,
2704 1947 2760 1993 et
2815 1937 2956 1993 Deus
3011 1945 3115 1992 est.

2006 2027 2150 2083 XIX.
2194 2029 2302 2084 Sed
2332 2030 2585 2100 quoniam
2609 2045 2731 2085 esse
2758 2029 2863 2084 hoc
2893 2031 3066 2099 ipsum
3092 2070 3106 2094 ,
3140 2026 3282 2098 quod
3312 2035 3396 2081 est
3422 2040 3537 2082 mo-

1939 2123 2054 2175 veri
2096 2131 2148 2174 et
2197 2122 2532 2192 intelligere,
2579 2122 2686 2176 hoc
2717 2131 2801 2178 est
2827 2137 3018 2192 agere;
3053 2122 3281 2191 primum
3323 2129 3405 2175 est
3444 2134 3539 2189 po-

1943 2213 2145 2277 tentia;
2175 2223 2230 2267 et
2249 2216 2594 2269 constitutiva
2610 2216 2866 2284 potentia,
2893 2216 3145 2285 primum,
3163 2215 3401 2285 inquam,
3427 2221 3527 2268 est.

1938 2303 2257 2359 Necessario
2297 2307 2457 2376 igitur
2502 2309 2673 2378 ipsum
2718 2323 2839 2363 esse
2881 2308 3157 2377 pra-cedit.
3207 2308 3353 2378 Ergo
3381 2308 3545 2375 etin—

1941 2397 2183 2465 telligcre
2211 2406 2265 2453 et
2292 2397 2502 2453 moveri
2531 2408 2586 2454 et
2611 2414 2772 2470 agere
2801 2399 2870 2455 ab
2889 2414 2956 2454 eo
2981 2409 3087 2466 est,
3111 2398 3256 2469 quod
3279 2408 3363 2454 est
3392 2413 3534 2453 esse.

1942 2490 2040 2545 Est
2085 2502 2263 2546 autem
2313 2492 2615 2548 secundum
2654 2493 2798 2563 quod
2840 2501 2924 2547 cst
2951 2534 2968 2558 ,
3017 2493 3069 2547 in
3099 2499 3223 2548 actu
3248 2507 3409 2548 esse:
3440 2491 3544 2547 hoc

1941 2595 2026 2640 est
2066 2627 2080 2649 ,
2115 2587 2280 2641 ﬁlium
2299 2602 2457 2652 esse;
2488 2596 2541 2643 et
2569 2589 2739 2659 magis
2757 2586 2894 2642 istud
2918 2627 2935 2652 ,
3007 2602 3167 2655 quam
3197 2586 3326 2641 illud
3371 2585 3546 2656 ipsum

1945 2694 2065 2733 esse
2133 2681 2274 2748 quod
2336 2689 2420 2736 est
2478 2690 2629 2750 pater
2685 2701 2702 2745 ς
2757 2680 2898 2751 quod
2954 2690 3036 2735 est
3088 2695 3246 2744 esse,
3300 2678 3406 2734 hoc
3463 2685 3547 2734 est

1943 2787 2104 2843 agere
2129 2781 2184 2827 et
2209 2775 2444 2842 Operuri.
2472 2774 2585 2828 Non
2609 2774 2753 2829 enim
2774 2773 2917 2827 aliud
2944 2773 3015 2828 ibi
3041 2787 3163 2828 esse
3184 2812 3200 2838 ,
3237 2770 3382 2827 aliud
3418 2785 3551 2840 ope-

1945 2865 2075 2918 rari.
2109 2863 2348 2933 Simplex
2380 2864 2522 2919 enim
2563 2864 2695 2919 illud
2741 2879 2905 2941 unum
2927 2904 2941 2929 ,
2971 2874 3025 2917 et
3055 2878 3217 2919 unum
3266 2870 3325 2917 et
3371 2860 3548 2917 solum

1949 2972 2186 3025 semper.
2220 2956 2278 3011 lu
2309 2968 2460 3027 patre
2488 2958 2649 3027 igitur
2679 2958 2818 3011 ﬁlius
2839 2997 2855 3024 ,
2889 2968 2944 3013 et
2976 2958 3027 3013 in
3058 2956 3171 3011 lilio
3205 2966 3378 3027 pater.

2020 3046 2139 3102 XX.
2183 3049 2468 3115 Quomodo
2494 3050 2658 3120 igitur
2683 3049 2932 3105 ell'ectum
2956 3059 3038 3106 est
3060 3050 3083 3102 ?
3107 3048 3382 3120 quomodo
3406 3047 3551 3104 ﬁlius

1949 3152 2005 3198 et
2052 3154 2240 3211 pater,
2294 3143 2339 3196 si
2381 3143 2582 3198 simul?
2612 3143 2796 3214 Neque
2838 3144 3016 3198 solum
3047 3143 3207 3198 simul
3235 3142 3429 3208 ambo,
3458 3143 3554 3198 sed

252 3235 496 3307 quardam
540 3234 713 3290 activa
773 3216 1042 3305 potestas,
1100 3244 1156 3290 et
1204 3249 1325 3304 quae
1401 3235 1622 3287 immota
1658 3234 1758 3296 sit,
1791 3216 1916 3287 etC
1953 3252 2113 3290 unum
2170 3244 2226 3291 et
2278 3237 2452 3290 solum
2504 3244 2560 3290 et
2608 3237 2857 3307 simplex.
2916 3236 3023 3293 Sal
3095 3239 3197 3291 hoc
3238 3253 3345 3292 non
3386 3251 3552 3306 opor-

251 3344 372 3399 qute
401 3331 460 3383 se
490 3329 662 3399 ipsam
693 3327 1061 3393 constituunt,
1096 3335 1150 3379 ut
1178 3326 1248 3378 sit
1276 3325 1328 3379 in
1352 3331 1496 3389 actu,
1526 3341 1632 3378 non
1658 3324 1710 3377 in
1746 3339 1841 3392 po-

252 3422 441 3477 tentia.
488 3420 546 3477 Si
591 3435 721 3491 ergo
766 3420 906 3474 istud
956 3420 1033 3474 sic
1079 3427 1204 3485 est,
1251 3433 1419 3487 quare
1460 3417 1487 3473 ό
1529 3417 1673 3490 λόγος
1702 3415 1844 3471 circa

254 3515 421 3569 Deum
463 3513 619 3568 erat?
654 3512 974 3569 Necessario
1000 3513 1142 3567 circa
1174 3511 1225 3567 id
1254 3512 1425 3581 ipsum
1447 3551 1463 3577 ,
1496 3521 1551 3564 ut
1576 3526 1669 3578 per
1692 3510 1846 3566 αὐτόν

248 3606 395 3680 λόγον
418 3606 595 3662 omnia
625 3608 1001 3676 gignerentur,
1033 3614 1088 3660 et
1115 3605 1229 3660 sine
1262 3606 1377 3673 ipso
1400 3604 1553 3658 nihil.
1581 3603 1848 3672 Operatur

250 3715 382 3770 ergo
408 3700 548 3754 Deus
584 3715 676 3769 per
708 3699 855 3773 λόγον
876 3739 891 3765 ,
920 3708 974 3754 et
1004 3713 1219 3769 semper
1262 3706 1514 3767 operatur
1547 3698 1710 3771 λόγος.
1757 3696 1851 3751 Est

249 3809 383 3864 ergo
412 3794 584 3847 activa
616 3796 852 3862 potentia
884 3793 1104 3846 immota
1126 3832 1141 3857 ,
1186 3800 1243 3846 et
1267 3807 1386 3860 qum
1415 3806 1632 3859 semper
1656 3805 1848 3859 opere-

252 3897 342 3943 tur
369 3927 384 3953 ,
412 3894 465 3940 et
508 3902 624 3955 quae
670 3885 999 3949 constituat,
1060 3891 1119 3938 ut
1173 3886 1244 3938 sit
1292 3885 1502 3938 actione
1546 3882 1689 3951 quod
1748 3882 1849 3936 fuit

250 3979 516 4050 potentia.
546 3977 712 4033 Istum
737 3993 869 4048 ergo
891 3966 1147 4043 dicimus,
1190 3978 1330 4048 quod
1360 3978 1413 4032 in
1441 3976 1704 4047 principio
1732 3975 1846 4029 fuit.

217 4134 227 4143 ,
252 4072 312 4128 In
348 4071 610 4142 principio
636 4079 819 4126 autem
849 4085 992 4137 esse,
1025 4080 1129 4124 non
1159 4080 1474 4141 generatum
1497 4086 1619 4125 esse
1648 4067 1853 4139 signiﬁ-

250 4175 362 4220 cat.
408 4165 476 4219 Et
531 4180 660 4222 vere
715 4168 1000 4235 propterea
1045 4164 1185 4220 Deus
1230 4175 1313 4221 est
1362 4166 1546 4237 λόγος,
1596 4164 1849 4234 quoniam

251 4257 308 4313 in
345 4258 608 4331 principio
636 4257 736 4313 fuit
764 4258 903 4313 sicut
933 4257 1096 4326 Deus,
1132 4266 1187 4313 et
1211 4257 1353 4313 circa
1385 4257 1557 4312 Deum
1582 4255 1702 4312 fuit.
1733 4256 1851 4312 Non

1955 3334 2319 3398 terqua-rere,
2379 3327 2578 3384 sufﬁcit
2620 3330 2762 3383 enim
2804 3328 3048 3384 credere.
3083 3328 3330 3385 Dicamus
3357 3329 3554 3399 igitur,

1954 3436 2075 3475 cum
2123 3421 2202 3475 las
2250 3429 2352 3476 est.
2407 3421 2647 3476 Primum
2706 3420 3049 3477 manifestum
3117 3431 3234 3490 est;
3301 3423 3556 3492 quoniam

1953 3515 2100 3590 λόγος
2138 3531 2315 3585 neque
2354 3516 2499 3570 aliud
2521 3558 2536 3581 ,
2571 3532 2745 3585 neque
2793 3516 2861 3570 ab
2892 3517 2999 3570 alio
3024 3558 3039 3581 ,
3068 3515 3163 3571 sed
3192 3516 3337 3570 circa
3367 3516 3553 3571 Deum.

1958 3608 2096 3662 Dicit
2152 3610 2293 3663 enim
2344 3609 2688 3679 Evangelium
2732 3626 2746 3661 :
2790 3608 2854 3661 lu
2909 3609 3163 3679 principio
3225 3618 3331 3664 erat
3374 3609 3554 3682 λόγος,

1956 3710 2003 3753 et
2042 3701 2187 3774 λόγος
2225 3709 2332 3753 erat
2377 3700 2515 3752 circa
2545 3699 2707 3753 Deum
2740 3699 2918 3769 (Joan.
2954 3716 2992 3765 ι,
3026 3699 3101 3772 1).
3138 3701 3342 3756 Rursus
3378 3701 3508 3757 dicit
3542 3718 3556 3755 :
3614 3760 3617 3765 ν

1959 3790 2263 3861 Unigmitus
2299 3791 2438 3859 ﬁlius
2478 3792 2563 3861 qui
2601 3802 2672 3844 est
2703 3793 2757 3845 in
2805 3793 2996 3861 gremio
3033 3793 3193 3864 patris
3222 3791 3398 3864 (Ibid.
3431 3792 3556 3864 18).

1956 3884 2239 3952 Quomodo
2320 3885 2421 3937 ista
2477 3884 2620 3938 dicta
2687 3892 2779 3938 aut
2851 3886 3051 3956 accipis
3113 3895 3204 3940 aut
3270 3884 3562 3954 intelligis?

1958 3978 2186 4032 Romani
2213 3979 2342 4053 πρὸς
2371 3979 2456 4033 τὸν
2484 3979 2606 4033 Θεὸν
2629 4019 2644 4044 ,
2674 3978 2815 4050 apud
2847 3977 3012 4034 Deum
3050 3979 3270 4044 dicunt,
3314 3979 3466 4048 quasi
3495 3976 3562 4032 ad

1959 4072 2122 4136 intus,
2156 4072 2238 4126 vel
2269 4073 2478 4142 penitus
2505 4071 2671 4139 intus,
2735 4072 2788 4127 id
2831 4082 2913 4128 est
2966 4073 3019 4128 in
3075 4073 3171 4128 Dei
3224 4073 3559 4128 existentia:

1961 4178 2014 4221 et
2059 4166 2161 4221 hoc
2203 4161 2412 4221 verum.
2447 4165 2504 4221 In
2555 4181 2621 4221 eo
2661 4166 2808 4222 enim
2849 4167 2994 4238 quod
3045 4175 3131 4222 est
3170 4182 3292 4224 esse
3316 4168 3458 4223 inest
3509 4175 3567 4224 et

1961 4259 2201 4330 operari.
2258 4257 2316 4314 In
2341 4258 2454 4316 Deo
2482 4258 2631 4315 enim
2660 4260 2808 4336 λόγος
2840 4276 2853 4314 ;
2886 4270 2939 4316 et
2967 4260 3046 4316 sic
3085 4259 3141 4317 in
3200 4268 3351 4332 patre
3399 4259 3562 4316 ﬁlius.

1585 4395 1949 4453 VARIURUM
1989 4394 2215 4452 NOTAE.

327 4516 545 4573 XVI.—
577 4514 795 4577 Rursus,
824 4522 928 4569 etc.
952 4513 1223 4568 Mabillon.
1247 4512 1467 4567 Rursum
1502 4527 1619 4565 vero
1646 4511 1859 4579 Jesum,
1887 4511 1940 4571 Ι)
2048 4510 2301 4568 Potrnlia.
2332 4509 2533 4564 Mabill.
2559 4511 2611 4564 in
2634 4512 2879 4581 potentia.

254 4605 370 4664 non»
386 4590 533 4664 λόγον
565 4590 703 4641 circa
728 4584 893 4664 Deum
924 4585 1297 4664 essediximus:

332 4653 546 4725 Deinde,
591 4670 694 4713 etc.
729 4658 852 4711 ilarc
904 4667 987 4711 est
1040 4657 1200 4710 lectio
1258 4656 1553 4709 Orthodox.
1610 4653 1850 4725 AtﬁMa-

258 4732 480 4786 IJillon.:
499 4728 696 4784 Clamat
722 4730 924 4800 resipsa
954 4745 1041 4797 per
1067 4727 1307 4800 cerriccm
1334 4726 1585 4800 Joannem
1610 4741 1627 4778 :
1652 4724 1851 4781 lEones

253 4803 418 4857 etiam
472 4804 775 4868 conﬁtentur
813 4797 950 4854 istud
980 4800 1052 4854 sic
1080 4814 1133 4853 se
1156 4797 1359 4852 habere.
1396 4797 1691 4868 Utrobique
1721 4813 1851 4853 sane

253 4874 539 4927 mendose.
1101 4905 1104 4908 η

331 4943 419 4997 Ea:
436 4947 633 5005 αἰῶνος.
669 4943 865 4999 Mabill.
898 4958 961 4998 ea:
987 4952 1198 4998 caterua.

329 5014 460 5090 _Erat
513 5016 646 5090 enim
699 5017 834 5090 circa
895 5012 1071 5090 ‘Deum-
1118 5015 1285 5090 λόγος.
1331 5012 1460 5090 Huic
1501 5010 1667 5090 dubio
1728 5026 1848 5090 pro-

247 5086 347 5141 cul
389 5088 453 5140 ad
497 5086 633 5140 Joan
680 5103 718 5152 t,
763 5087 815 5141 1.
866 5083 1101 5155 respexit
1158 5083 1459 5139 Victorinus
1492 5101 1506 5135 :
1539 5083 1634 5137 sed
1674 5083 1850 5155 minus

249 5167 409 5213 recte
451 5168 559 5212 tum
606 5158 725 5212 hcic
753 5169 859 5212 tum
889 5154 1087 5226 sacpius
1115 5155 1247 5210 infra
1271 5197 1286 5222 ,
1318 5155 1457 5210 sacri
1485 5163 1659 5226 textus
1688 5154 1853 5207 verba

248 5232 394 5306 πρὸς
419 5232 512 5306 τὸν.
531 5231 651 5285 Θεὸν
668 5230 851 5306 ,__ci_rca
882 5224 1044 5306 Deum
1068 5229 1297 5306 vertisse
1338 5227 1565 5306 videtur.
1598 5224 1853 5306 Agnoscit

252 5295 443 5356 tamen
504 5303 616 5370 ipse
677 5300 915 5370 Vulgatm
960 5298 1243 5353 lectionem
1294 5298 1435 5370 apud
1487 5295 1651 5351 Deum
1714 5297 1852 5351 inlra

251 5371 285 5444 §
320 5372 416 5437 20,
448 5368 703 5444 illamque
724 5368 861 5444 circa
890 5368 1054 5444 Deum
1082 5371 1285 5444 respuit
1317 5368 1344 5441 §
1373 5370 1466 5424 ‘20.

334 5444 592 5509 Quoniam
616 5436 775 5496 Vesus
801 5439 1052 5513 Christus.
1096 5436 1589 5513 Mabill.,ﬁuoniam
1624 5437 1759 5494 Deus
1801 5436 1853 5492 ὃν

247 5526 354 5570 est.
406 5515 474 5570 Et
512 5531 632 5568 tuo:
663 5517 712 5566 in
735 5514 924 5585 gremio
948 5510 1045 5565 Dei
1066 5524 1159 5566 est.

329 5595 463 5650 Esse
499 5600 599 5648 sive
631 5593 880 5660 prodiisse
907 5590 1107 5645 Iesum.
1142 5590 1337 5645 Mabill.
1369 5607 1476 5645 esse
1497 5589 1683 5645 Deum.

331 5685 601 5745 XVII.—I
614 5683 1447 5756 mmota.Perpernmlllabillheic
1464 5694 1513 5739 et
1530 5684 1688 5756 paulo
1710 5692 1856 5756 post,

243 5762 311 5817 in
335 5771 479 5816 motu
521 5776 539 5815 :
578 5761 719 5829 apud
764 5773 923 5830 quem
975 5757 1134 5827 paulo
1166 5764 1299 5830 ante
1330 5765 1483 5830 recte
1516 5757 1715 5830 patrica
1741 5756 1854 5812 sive

247 5834 459 5904 patria,
493 5847 589 5902 pro
616 5826 723 5903 quo
750 5826 1009 5887 mendose
1039 5827 1259 5899 patriam
1289 5828 1345 5887 in
1369 5826 1669 5886 Orthodox.

2038 4582 2176 4636 Deus
2206 4593 2310 4658 est
2361 4582 2525 4658 λόγος.
2596 4580 2687 4637 Sic
2750 4581 3025 4637 Mabillon.
3077 4580 3213 4636 Male
3264 4580 3562 4637 Orthodox.

1966 4654 2376 4729 Deeratne;-

2032 4722 2566 4807 XV’IIL—LQunomodo
2579 4722 2996 4807 .tnov.§11nilltin.
3022 4723 3095 4807 ita
3116 4723 3424 4807 distinguit:
3440 4741 3566 4793 quo-

1956 4798 2107 4879 modo
2128 4796 2392 4850 moretur?
2406 4796 2560 4863 juxta
2579 4795 2760 4869 λόγονῖ
2787 4795 2853 4850 Et
2879 4811 3004 4850 mox
3032 4796 3160 4865 legit
3189 4797 3430 4866 quoniam
3469 4811 3568 4867 pro
3636 4858 3639 4861 λ

1957 4884 2127 4938 quasi.

2026 4955 2209 5009 Causa.
2243 4954 2469 5022 Mabill.,
2501 4953 2763 5008 causando
2793 4970 2813 5008 :
2840 4953 2981 5025 quod
3010 4968 3114 5009 non
3132 4953 3325 5025 placet.
3351 4954 3418 5010 Et
3440 4969 3567 5011 mox

1954 5028 2302 5080 constitutivus
2326 5066 2340 5093 ,
2373 5041 2469 5096 pro
2510 5026 2831 5080 constitutus.
2865 5024 3079 5096 Optime
3103 5024 3139 5093 ,ί
3177 5042 3298 5082 meo
3349 5026 3569 5098 quidem

1951 5098 2173 5168 judicio.

2031 5190 2127 5245 Sui
2163 5190 2344 5260 ipsius.
2404 5189 2675 5245 Maliillon.
2728 5190 2826 5245 sibi
2877 5190 2976 5261 ipsi
3009 5221 3076 5230 —
3121 5208 3153 5245 α
3205 5192 3472 5261 semetipso
3516 5197 3565 5244 et

1955 5262 2126 5336 λόγος,
2161 5273 2206 5315 et
2238 5262 2376 5317 Deus
2406 5272 2498 5317 est.
2850 5302 2855 5307 .

2038 5352 2444 5427 Κικέρωνι.
2478 5353 2552 5408 Ita
2579 5369 2698 5409 cum
2732 5354 2939 5410 Mabill.
2970 5354 3148 5427 legere
3174 5353 3383 5421 malim,
3406 5365 3569 5423 quam

1970 5440 2089 5480 cum
2121 5426 2417 5481 Orthodox.
2444 5427 2705 5497 quoniam.

2037 5517 2158 5575 XX.
2180 5548 2249 5560 -—~
2267 5519 2372 5574 Sed
2394 5520 2509 5584 hoc,
2532 5518 2940 5585 etc.Male,apud
2959 5516 3161 5574 Mabill.
3186 5516 3230 5571 si
3247 5517 3342 5571 hoc
3368 5525 3569 5590 Oportet

1966 5592 2231 5661 quwrere?
2252 5591 2372 5645 Mox
2393 5590 2524 5645 ibid.
2557 5590 2805 5645 Dicamus
2837 5591 2889 5644 in
2912 5599 3162 5660 quantum
3195 5590 3274 5660 fas
3304 5601 3399 5644 est.

2035 5684 2273 5746 Romani,
2307 5693 2412 5737 etc.
2444 5682 2535 5737 Sic
2560 5682 2759 5738 Mabill.
2789 5682 2929 5752 apud
2958 5695 3118 5749 quem
3147 5690 3328 5739 tamen
3373 5680 3567 5752 desunt

1958 5762 2103 5825 quasi
2151 5756 2219 5810 ad
2283 5755 2444 5828 intus.
2490 5753 2787 5811 Ortltodox.
2825 5749 3057 5807 Romani
3120 5755 3252 5828 πρός
3302 5754 3391 5809 τόν
3440 5749 3567 5812 ὄντος

1958 5829 2131 5883 dicunt
2150 5827 2297 5898 quasi
2323 5826 2390 5879 ad
2414 5827 2573 5893 intus,
2601 5833 2705 5881 etc.
