4018 6184
655 296 791 355 1051
1912 292 2101 349 MARII
2148 286 2487 348 VICTORINI
2525 290 2688 348 AFRI
3707 306 3798 364 tm

651 413 821 471 Causa
876 412 1017 468 enim
1061 418 1173 479 est,
1222 411 1396 482 ipsum
1426 425 1547 467 esse
1576 409 1642 466 ad
1700 410 1965 466 actionem
1996 430 2008 466 :
2041 418 2254 481 oportet
2280 411 2334 470 Α
2364 416 2447 462 ter
2474 407 2570 462 ista
2614 408 2721 463 duo
2761 407 2843 467 τὸ”
2866 408 3174 485 ὁμοούσιον’;
3206 410 3331 482 quia
3354 411 3473 470 idem
3498 424 3580 483 est,
3600 423 3701 491 quod
3717 428 3799 481 sub.

653 508 795 563 enim
827 522 949 562 esse
999 505 1260 576 primum,
1299 506 1383 560 cui
1413 506 1554 569 inest
1590 506 1801 575 operari
1862 522 1876 560 :
1926 515 1980 560 et
2028 507 2129 561 hoc
2169 515 2253 561 est
2360 502 2576 556 stantia:
2623 504 2781 558 unius
2828 504 3068 575 ejusdem
3119 516 3222 562 est.
3276 506 3435 563 Unum
3473 511 3620 581 utique
3654 527 3805 574 estuua

652 599 811 655 Deus.
840 600 945 655 Ista
980 614 1108 670 ergo
1139 598 1278 664 duo,
1307 597 1415 653 duo
1444 597 1567 652 dico
1618 597 1915 653 secundum
1950 596 2201 652 virtutem
2230 614 2245 651 :
2355 595 2500 647 actio
2535 610 2550 647 :
2583 596 2781 665 quippe
2825 610 2945 651 cum
2980 599 3155 668 ipsum
3181 613 3343 669 agere
3365 608 3542 657 etesse
3562 605 3633 658 sit.
3658 607 3724 663 llic
3751 621 3805 665 est

645 691 944 748 secundum
994 699 1173 746 autem
1226 690 1631 761 intelligentiam
1678 689 2037 760 simplicitatis
2059 729 2075 755 ,
2125 688 2247 743 dico
2350 682 2515 752 ﬁlius,
2551 685 2635 770 hic
2657 701 2688 740 a
2717 697 2892 757 patre,
2925 688 3013 744 hic
3039 691 3185 745 circa
3215 691 3395 758 Deum,
3420 692 3495 747 hic
3518 696 3592 765 qui
3613 698 3654 751 in
3672 703 3807 768 gremio

645 799 812 840 unum
889 784 1082 840 solum.
1159 784 1215 839 Si
1275 784 1455 855 igitur
1547 782 1862 853 principium
1937 796 2099 837 causa
2163 789 2246 837 est
2348 776 2539 847 patris,
2575 777 2665 833 hic
2694 789 2778 835 est
2808 782 2972 847 intus,
3003 781 3090 837 hic
3117 792 3203 837 est
3224 782 3370 838 foris.
3394 782 3546 853 Opere
3567 790 3679 843 enim
3702 790 3806 859 loris,

644 878 819 949 ipsum
847 876 968 934 esse
1014 878 1080 933 ad
1105 877 1475 949 operationem
1524 885 1580 931 et
1617 877 1922 943 actionem,
1956 881 2244 945 generatur
2349 872 2402 924 in
2431 885 2500 926 eo
2522 872 2664 942 quod
2693 882 2779 928 est
2807 888 2928 930 esse
2954 873 3098 931 intus
3124 893 3138 929 :
3168 886 3224 932 ct
3269 877 3321 931 in
3371 877 3512 935 Patre
3551 881 3644 951 ipse
3663 883 3809 941 Deusin

642 986 804 1041 agere
829 974 896 1027 ab
925 986 990 1028 eo
1015 971 1159 1042 quod
1205 981 1289 1026 est
1331 985 1474 1026 esse.
1522 970 1657 1026 Esse
1705 980 1883 1025 autem
1925 977 2077 1041 pater
2116 977 2238 1023 est:
2347 963 2490 1030 Deo,
2542 969 2631 1036 qui
2677 966 2816 1022 idem
2856 970 3075 1024 omnino
3118 981 3202 1026 est
3238 970 3332 1026 ei:
3381 972 3565 1029 actione
3606 983 3737 1031 autem
3757 980 3809 1049 qui

645 1063 863 1132 aperari
894 1077 1024 1133 ergo
1050 1061 1211 1116 ﬁlius.
1818 1089 1830 1105 ι
2322 1056 2413 1123 ,sit
2440 1057 2601 1114 ﬁlius.
2627 1060 2692 1115 Et
2724 1061 3044 1134 ubicumque
3071 1071 3183 1128 est,
3213 1073 3268 1119 et
3289 1079 3406 1120 esse
3432 1076 3507 1121 est
3528 1076 3576 1122 et
3594 1075 3704 1125 actio
3742 1088 3754 1123 :
3781 1081 3813 1127 et

709 1153 852 1209 XXI.
914 1157 1046 1221 Quae
1094 1153 1253 1224 igitur
1292 1153 1568 1224 generatio
1619 1162 1741 1221 est,
1789 1160 1883 1207 aut
1928 1150 2240 1222 apparentia
2340 1147 2639 1216 istomodo,
2659 1160 2715 1207 et
2737 1161 3054 1222 paterestet
3076 1154 3215 1209 Deus
3236 1165 3340 1223 est,
3362 1155 3547 1212 etﬁlius
3569 1168 3637 1214 est
3658 1162 3811 1234 eum.

637 1245 1044 1318 generationis?
1073 1245 1309 1301 Primum
1338 1257 1516 1302 autem
1546 1247 1592 1301 si
1623 1256 1836 1316 oportet
1862 1245 2002 1300 istud
2029 1243 2233 1309 dicere,
2410 1239 2603 1297 XXIV.
2646 1242 2750 1300 Ubi
2792 1246 2951 1314 igitur
2989 1255 3074 1301 est
3117 1247 3207 1302 ille
3257 1247 3483 1303 nefarius
3522 1251 3757 1306 intellectus
3780 1265 3813 1307 et

636 1357 706 1398 ne
733 1342 852 1413 quis
878 1340 1094 1417 ἔμφασιν
1126 1341 1385 1411 temporis
1425 1339 1673 1411 accipiat.
1704 1338 1943 1393 Primum
1967 1378 1983 1403 ,
2038 1351 2233 1393 secun-
2335 1331 2727 1404 blasphemus?
2749 1336 2848 1392 Ubi
2880 1337 3040 1393 habet
3070 1340 3245 1394 locum
3278 1340 3420 1395 aliud
3451 1342 3565 1411 quid
3586 1358 3699 1411 esse,
3722 1346 3814 1399 (tali

633 1434 760 1491 dum
816 1434 1223 1505 intelligentiam
1289 1433 1427 1489 dico.
1496 1432 1736 1487 Primum
1791 1432 1953 1502 igitur
1999 1430 2231 1486 dicimus
2332 1424 2440 1479 alio
2514 1426 2680 1482 habet
2743 1429 2966 1484 locum?
3014 1428 3116 1486 Ubi
3181 1441 3264 1486 es!
3323 1432 3462 1503 (ιυοά
3486 1433 3677 1503 amplius
3708 1434 3812 1501 didi.

629 1527 685 1583 in
710 1528 1065 1598 semetipsum
1120 1542 1446 1582 conversum
1467 1567 1480 1590 ,
1515 1534 1572 1580 et
1594 1525 1797 1580 moveri
1834 1534 1889 1579 et
1925 1522 2228 1593 intelligere
2332 1531 2397 1572 ex
2426 1518 2595 1574 nihilo
2622 1535 2745 1575 esse
2773 1520 2959 1576 Jesum
2987 1521 3261 1578 Christum
3282 1564 3298 1590 ,
3345 1525 3505 1579 lilium
3545 1525 3658 1581 Dei?
3679 1525 3751 1581 Ubi
3769 1536 3815 1582 est

632 1620 778 1675 intus
815 1620 868 1674 in
912 1619 1099 1689 requie
1154 1620 1382 1689 positam
1429 1617 1813 1672 beatitudinem
1840 1657 1854 1683 ,
1900 1614 2225 1670 omnimodis
2330 1612 2481 1681 illud,
2507 1615 2649 1685 quod
2680 1615 2904 1671 nihilum
2941 1620 3061 1673 est?
3083 1618 3368 1686 Quomodo
3394 1620 3525 1690 quod
3550 1619 3730 1675 nihilum
3747 1630 3814 1686 est,

630 1714 923 1786 perfectam
954 1713 1298 1770 custoditam.
1332 1713 1431 1768 Est
1454 1719 1632 1766 autem
1671 1711 1844 1781 ipsum
1877 1708 2224 1764 beatitudinis
2330 1716 2501 1775 potest
2547 1708 2786 1765 incidere
2818 1712 2868 1767 in
2905 1712 3068 1767 Deum
3119 1723 3213 1768 aut
3253 1713 3308 1768 in
3359 1715 3699 1786 cogitationem
3735 1715 3818 1770 llei?

626 1815 682 1863 et
721 1806 1104 1879 magnitudinis
1139 1806 1268 1873 Dei,
1297 1815 1351 1860 et
1371 1805 1514 1859 intus
1544 1814 1599 1859 et
1627 1802 1794 1870 foris,
1826 1811 1881 1857 et
1912 1801 2115 1856 moveri
2166 1810 2219 1856 et
2252 1802 2299 1862 B
2328 1798 2466 1855 Vera
2495 1802 2635 1856 enim
2663 1804 3007 1875 excogitatio,
3038 1822 3101 1862 ex
3127 1808 3274 1862 veris
3298 1818 3405 1863 est.
3441 1808 3595 1864 Porro
3613 1809 3721 1878 quod
3741 1823 3817 1863 vere

627 1901 864 1971 operari.
891 1898 1064 1957 Omne
1099 1899 1244 1955 enim
1264 1897 1406 1969 quod
1435 1907 1518 1952 est
1542 1911 1725 1961 omne,
1755 1905 1810 1951 et
1833 1895 1978 1951 intus
2006 1905 2060 1952 et
2091 1894 2221 1975 foris
2325 1910 2433 1949 non
2462 1905 2566 1963 est,
2597 1897 2789 1953 falsum
2818 1910 2919 1954 est.
2953 1899 3070 1955 Non
3098 1900 3261 1971 igitur
3287 1903 3557 1974 excogitat
3579 1904 3708 1969 Deus,
3730 1902 3817 1973 quod

627 2001 730 2047 est.
770 1990 1053 2059 Quomodo
1083 1989 1223 2045 istud
1246 2032 1261 2057 ,
1286 1998 1341 2044 et
1366 1988 1509 2043 intus
1535 1996 1591 2043 et
1614 1986 1744 2042 foris
1772 2029 1787 2052 ,
1822 1986 1932 2041 Deo
1953 1984 2220 2042 existente
2325 2000 2453 2043 vere
2478 2003 2586 2044 non
2607 1999 2713 2045 est.
2742 1990 2846 2047 Sed
2894 2007 2992 2047 nos
3025 1991 3182 2059 fallit,
3237 1996 3491 2066 quoniam
3540 1994 3623 2050 Dei
3662 1995 3817 2064 potentis

620 2095 673 2141 et
718 2085 770 2140 in
819 2085 966 2140 omni
995 2093 1049 2139 et
1079 2083 1133 2138 in
1164 2092 1309 2151 toto,
1337 2092 1525 2154 postea
1548 2081 1859 2137 dicendum.
2322 2076 2375 2132 in
2408 2079 2511 2134 isto
2534 2082 2703 2151 magis
2732 2084 3036 2152 credimus,
3067 2086 3115 2140 si
3144 2087 3212 2141 ab
3239 2087 3305 2141 iis
3332 2103 3455 2158 qua:
3485 2102 3603 2143 vere
3628 2103 3710 2143 non
3731 2097 3818 2155 sunt,

691 2175 859 2232 XXII.
914 2175 1065 2231 Nunc
1129 2182 1308 2229 autem
1366 2174 1551 2244 accipe
1599 2186 1799 2229 causas
1845 2172 2212 2244 intelligendi,
2319 2169 2520 2226 efﬁciat
2550 2187 2613 2228 ea
2662 2190 2781 2243 qua:
2830 2190 2962 2231 vere
3001 2188 3144 2231 sunt.
3175 2177 3283 2233 Sed
3332 2184 3385 2232 iu
3416 2189 3656 2249 quantum
3675 2179 3818 2248 Deipo~

616 2269 837 2346 ἔμφασιν
883 2269 1143 2340 temporis
1192 2268 1406 2339 penitus
1453 2267 1665 2333 abesse,
1713 2272 1758 2321 si
1781 2266 1937 2337 juxta
1977 2269 2125 2336 prius
2160 2273 2216 2321 et
2320 2263 2483 2317 lentia
2507 2265 2688 2320 omnia
2721 2274 2937 2337 potest,
2991 2269 3043 2323 iu
3075 2278 3280 2325 tantum
3328 2270 3486 2341 juxta
3516 2272 3642 2342 quod
3666 2271 3822 2341 potenti:

616 2364 925 2435 posterius,
972 2363 1194 2419 omnino
1236 2361 1356 2416 sine
1402 2371 1644 2431 tempore
1690 2359 1898 2416 eﬁ‘ectis
1937 2360 2207 2415 omnibus.
2315 2365 2417 2422 est,
2451 2355 2583 2411 nihil
2614 2358 2758 2413 aliud
2781 2371 3006 2430 generat
3034 2378 3193 2433 quam
3221 2379 3456 2434 quorum
3491 2366 3700 2434 potentia
3718 2370 3821 2418 estut

612 2457 695 2512 Ex
734 2467 938 2514 veterno
967 2458 1112 2513 enim
1141 2455 1340 2511 omnia.
1369 2454 1510 2511 Deus
1540 2456 1705 2525 igitur
1732 2452 2059 2508 omnimodis
2092 2465 2211 2515 per-
2313 2447 2441 2503 sint.
2476 2449 2677 2507 Eorum
2720 2465 2900 2509 autem
2939 2472 3059 2525 qua:
3091 2472 3219 2513 vere
3249 2473 3361 2513 non
3394 2469 3518 2514 sunt
3550 2452 3824 2523 omnimodis,

611 2550 806 2618 fectus,
844 2563 899 2608 et
923 2567 1087 2623 super
1113 2549 1440 2605 omnimodis
1488 2547 1727 2619 perfecta
1779 2566 1793 2602 :
1849 2546 1894 2601 is
1942 2548 2032 2617 qui
2086 2559 2207 2598 om-
2313 2543 2535 2597 omuiuo
2559 2544 2705 2599 nulla
2738 2546 2979 2615 potentia
3004 2559 3107 2603 est.

611 2646 701 2702 uia
728 2646 970 2713 creavit,
1021 2653 1077 2702 et
1122 2646 1211 2717 qui
1249 2645 1489 2700 omnium
1534 2657 1696 2707 causa
1742 2649 1867 2697 est:
1902 2655 2009 2695 non
2074 2638 2205 2694 illud
2382 2632 2551 2692 XXV.
2612 2638 2893 2706 Quomodo
2949 2656 3078 2711 ergo
3142 2643 3289 2698 nulla
3357 2644 3622 2701 existente
3667 2641 3828 2714 potentia

605 2738 783 2811 ipsum
840 2739 1012 2794 solum
1039 2780 1054 2804 ,
1112 2738 1253 2808 quod
1306 2752 1468 2793 unum
1516 2736 1616 2792 fuit
1671 2746 1724 2792 et
1767 2736 1978 2800 solum;
2011 2732 2105 2788 sed
2151 2738 2207 2787 et
2309 2740 2496 2781 eorum
2528 2743 2647 2799 qua:
2691 2746 2817 2787 vere
2862 2746 2969 2787 non
2998 2742 3161 2801 sunt,
3192 2734 3386 2791 eﬁ'ecta
3434 2749 3518 2793 est
3559 2737 3683 2793 actio
3705 2748 3826 2790 eorum

605 2832 774 2886 multa
802 2838 857 2887 et
881 2830 1063 2887 omnia
1101 2845 1224 2901 quae
1280 2831 1518 2901 potentia
1587 2837 1722 2885 sunt‘
1774 2841 1928 2896 esse,
1990 2826 2087 2880 fuit
2148 2832 2204 2880 et
2307 2821 2624 2890 quaesout?
2677 2822 2888 2895 Quippe
2937 2826 2983 2880 si
3032 2836 3117 2882 est
3160 2828 3251 2883 Dei
3302 2831 3667 2900 potentia,iit
3686 2828 3832 2882 adesse

602 2924 772 2979 voluit
797 2937 920 2980 esse
944 2922 1146 2985 omnia.
1177 2922 1294 2978 Alia
1324 2937 1488 2987 vero,
1522 2920 1640 2977 sine
1668 2920 1898 2983 actione,
1927 2915 2200 2988 quomodo
2304 2912 2569 2967 ducantur
2597 2930 2659 2969 ea
2705 2932 2824 2986 qua:
2863 2932 2984 2973 esse
3016 2935 3125 2985 non
3156 2932 3412 2989 possunt,
3461 2924 3573 2995 jam
3616 2920 3828 2978 secundum

605 3014 861 3086 possibile
917 3013 1016 3068 fuit
1060 3014 1223 3070 esse?
1276 3011 1528 3068 Exsilivit
1578 3012 1736 3082 igitur
1782 3010 1877 3065 Dei
1919 3008 2200 3065 voluntate
2302 3006 2597 3073 potentiam
2654 3007 2853 3063 habent
2904 3026 3061 3078 esse,
3120 3014 3206 3070 vel
3258 3027 3396 3071 sunt
3452 3014 3611 3080 ὄντα,
3654 3015 3727 3070 illa
3761 3013 3833 3082 ipsa

604 3106 788 3162 actio:
822 3107 940 3177 ipsa
966 3113 1144 3160 autem
1172 3104 1341 3170 actio,
1377 3105 1467 3159 Dei
1497 3104 1743 3159 voluntas
1795 3101 1930 3157 fuit:
1960 3100 2189 3170 simplex
2299 3110 2420 3164 quae
2449 3099 2670 3154 omnino
2722 3103 2823 3157 εἰσὶ
2862 3109 2933 3174 μή
2984 3102 3128 3161 ὄντα.
3160 3106 3226 3162 Ει
3254 3107 3471 3164 idcirco
3510 3123 3614 3164 uou
3652 3121 3750 3164 esse
3778 3105 3832 3158 illi

597 3198 742 3254 enim
772 3213 933 3253 omne
955 3197 1046 3252 ibi.
1079 3197 1237 3272 Λόγος
1262 3212 1392 3268 ergo
1414 3196 1503 3268 qui
1535 3206 1617 3251 est
1638 3191 1699 3251 in
1729 3196 1838 3250 Deo
1857 3236 1872 3261 ,
1905 3195 2021 3264 ipse
2052 3194 2194 3249 Deus
2219 3192 2265 3257 C
2297 3186 2531 3244 diximus
2554 3233 2570 3259 ,
2618 3209 2738 3262 qua:
2785 3195 2837 3250 in
2888 3196 3206 3255 abscondito
3243 3203 3431 3271 posita
3460 3213 3518 3259 et
3544 3203 3600 3259 in
3630 3200 3832 3273 potentia,

595 3298 717 3358 est,
752 3292 866 3362 ipse
893 3291 1141 3347 voluntas
1162 3332 1178 3357 ,
1231 3290 1348 3361 ipse
1389 3288 1742 3359 intelligentia
1762 3328 1778 3354 ,
1827 3287 1944 3357 ipse
1968 3295 2024 3342 et
2046 3286 2154 3340 vita
2172 3325 2189 3353 ,
2294 3282 2533 3338 nondum
2558 3292 2738 3341 tamen
2763 3302 3134 3358 apparuerunt
3153 3294 3204 3347 in
3232 3295 3482 3350 actione.
3512 3291 3833 3350 Fueruntenin

596 3385 712 3457 ipse
740 3384 881 3441 actio
912 3402 928 3439 :
962 3400 1029 3441 ex
1056 3399 1116 3440 se
1141 3384 1324 3455 genito
1353 3389 1500 3438 motu
1524 3423 1541 3449 ,
1574 3383 1641 3436 ab
1667 3396 1733 3436 eo
1762 3379 1904 3451 quod
1929 3387 2011 3435 est
2035 3393 2187 3445 esse,
2294 3377 2477 3429 omnia
2525 3376 2579 3430 in
2636 3377 2771 3434 Deo.
2823 3380 3022 3435 Eorum
3073 3383 3220 3438 enim
3268 3389 3528 3443 omnium
3580 3401 3692 3458 qua:
3725 3391 3836 3446 sum.

594 3477 860 3550 processit
888 3478 939 3532 in
968 3491 1089 3533 esse
1118 3491 1273 3533 suum
1304 3474 1579 3546 proprium
1611 3491 1626 3527 :
1654 3472 1707 3528 id
1738 3481 1854 3541 est,
1896 3472 1948 3527 in
1974 3486 2083 3542 quo
2106 3479 2191 3525 est
2292 3468 2437 3543 λόγος
2479 3485 2667 3527 semen
2708 3482 2811 3529 est.
2841 3476 3006 3549 Λόγος
3032 3478 3176 3533 enim
3207 3479 3260 3534 in
3292 3480 3416 3537 Deo
3447 3499 3463 3535 :
3493 3483 3547 3536 in
3570 3478 3833 3550 operatione,

592 3586 786 3644 agere;
834 3571 1081 3641 apparuit
1131 3571 1304 3640 ipsum
1360 3581 1552 3637 agere,
1583 3564 1725 3637 quod
1752 3564 1970 3636 quidem
2009 3562 2188 3618 eﬁ‘ecit
2290 3558 2344 3613 id
2374 3563 2540 3617 estin
2574 3564 2773 3621 virtute
2797 3566 2927 3635 Dei,
2962 3570 3049 3638 qui
3073 3578 3161 3626 est
3202 3570 3350 3629 ﬁlius
3385 3573 3525 3641 Dei,
3553 3574 3840 3645 apparuerunt

588 3663 792 3719 omnia.
814 3663 993 3732 Ipsum
1014 3676 1147 3718 vero
1172 3669 1354 3717 natum
1373 3667 1458 3715 est
1484 3658 1554 3714 ab
1597 3674 1664 3714 eo
1713 3655 1855 3728 quod
1905 3665 1989 3711 est
2042 3669 2183 3724 esse,
2297 3652 2478 3706 omnia
2505 3669 2628 3725 quae
2661 3655 2801 3713 facta
2829 3669 2975 3714 sunt.

590 3755 646 3818 in
678 3755 731 3810 id
758 3755 901 3825 quod
931 3766 1014 3811 est
1039 3771 1234 3824 agere;
1267 3755 1472 3810 habens
1504 3754 1554 3807 in
1585 3768 1651 3808 eo
1677 3750 1821 3822 quod
1866 3761 1950 3806 est
1991 3765 2183 3821 agere,
2361 3741 2554 3799 XXVI.
2597 3745 2701 3802 Sed
2756 3748 2943 3804 dicunt
3009 3752 3228 3822 quidam
3278 3756 3548 3829 sacrilegi
3596 3774 3613 3814 :
3656 3754 3708 3812 Si
3746 3750 3841 3809 circa

585 3859 642 3907 et
668 3863 808 3905 esse.
830 3848 983 3905 Sicut
1002 3847 1132 3907 illud
1160 3862 1308 3912 esse,
1354 3855 1408 3901 et
1462 3860 1621 3917 agere
1665 3844 1827 3900 habet
1874 3853 1929 3900 et
1983 3858 2105 3899 esse
2164 3859 2178 3897 :
2290 3834 2456 3891 Deum
2507 3838 2605 3893 fuit
2651 3840 2838 3915 λόγος,
2898 3850 2954 3898 ct
3000 3859 3163 3914 supra
3191 3849 3478 3916 gremium
3512 3846 3608 3903 Dei
3643 3846 3840 3903 exsistam

582 3942 673 4000 Sic
699 3942 822 4010 hoc,
854 3957 1015 4013 agere
1046 3939 1208 3995 habet
1247 3949 1301 3994 et
1344 3953 1482 3994 esse.
1530 3938 1708 4007 Ipsum
1756 3945 1936 3991 autem
1979 3949 2170 4006 agere,
2284 3929 2447 3999 ﬁlius,
2497 3948 2605 3989 non
2652 3935 2798 3990 intus
2844 3936 2897 3991 in
2947 3938 3176 4009 gremio,
3215 3940 3313 3995 sed
3371 3941 3516 3998 foris
3568 3938 3840 4009 intelligitur.

580 4035 685 4092 hoc
706 4045 790 4092 est
809 4050 963 4101 esse;
994 4044 1050 4088 ut
1068 4031 1199 4096 illud
1219 4046 1362 4097 esse,
1390 4030 1493 4085 hoc
1512 4028 1756 4100 estquod
1785 4044 1967 4100 agere.
1994 4028 2176 4085 Unum
2284 4024 2421 4092 Quid
2453 4028 2622 4083 vero?
2648 4027 2842 4085 Anima
2871 4028 3075 4085 homini
3099 4030 3400 4101 inspiravit
3444 4035 3596 4091 Deus
3620 4049 3680 4089 ex
3710 4045 3782 4095 se,
3800 4040 3842 4079 ει

578 4144 709 4201 ergo
733 4138 789 4184 et
814 4128 1041 4199 simplex
1063 4166 1078 4193 ,
1109 4126 1213 4181 ista
1240 4125 1367 4181 duo.
2281 4118 2423 4174 intus
2462 4137 2477 4173 :
2516 4122 2761 4177 omnium
2811 4132 2993 4178 autem
3046 4134 3356 4181 creatorem
3387 4169 3407 4197 ,
3455 4129 3779 4186 liberatorem
3804 4132 3843 4173 at

578 4260 582 4263 -
649 4218 840 4275 XXIII.
882 4219 939 4274 Id
961 4219 1008 4274 si
1036 4218 1111 4273 ita
1138 4225 1242 4285 est,
1273 4230 1448 4288 neque
1477 4230 1542 4271 ex
1572 4212 1742 4269 nihilo
1764 4212 1941 4278 Jesus,
1984 4211 2077 4284 qui
2104 4210 2173 4268 ab
2279 4212 2731 4269 sanctiﬁcatorem
2789 4212 2937 4270 illius
2959 4216 3126 4286 ipsius
3157 4218 3364 4275 animae
3390 4263 3408 4287 ,
3442 4231 3505 4277 et
3533 4222 3691 4277 totius
3705 4228 3843 4284 corpo-

578 4327 646 4370 eo
680 4311 822 4385 quod
844 4318 929 4367 est
962 4324 1107 4377 esse,
1151 4310 1400 4380 apparuit
1438 4308 1577 4363 actio
1622 4322 1638 4373 ;
1681 4320 1802 4361 cum
1841 4307 1954 4377 ipsa
1998 4305 2159 4369 actio,
2276 4306 2352 4360 ris
2414 4306 2810 4379 redemptorem
2877 4317 2933 4365 et
2979 4318 3315 4379 erectorcm,
3396 4331 3519 4371 non
3588 4330 3654 4371 ex
3713 4302 3843 4366 intus?

575 4416 631 4465 et
658 4407 762 4463 hoc
789 4403 889 4460 fuit
912 4401 1055 4475 quod
1092 4409 1176 4458 est
1237 4415 1359 4457 esse
1409 4417 1424 4454 :
1481 4414 1657 4470 neque
1709 4413 1818 4454 non
1874 4407 1958 4454 est
2009 4413 2170 4469 prop-
2275 4397 2466 4457 Nonne
2508 4400 2805 4473 angelicam
2856 4411 3104 4459 naturam
3131 4419 3199 4460 ex
3230 4405 3391 4463 intus
3425 4399 3847 4474 emisitiQuando

1891 4512 2255 4572 VARIORUM
2294 4514 2520 4572 NOTAE.

645 4614 713 4671 Et
734 4615 829 4671 hoc
848 4624 924 4670 est
953 4611 1119 4686 Deus.
1140 4611 1266 4668 Haec
1284 4610 1482 4668 desunt
1509 4608 1648 4682 apud
1675 4608 1899 4676 Mabill.,
1924 4609 2166 4667 fortassis
2192 4617 2289 4686 D7
2343 4608 2407 4663 In
2448 4610 2503 4686 id
2545 4612 2682 4680 quod
2729 4622 2804 4668 est
2849 4614 3018 4686 agere.
3074 4615 3165 4671 Sic
3212 4615 3438 4674 Mahill.
3485 4619 3562 4675 At
3603 4614 3843 4676 Ortbodox.

572 4685 775 4741 Incuria
804 4684 1174 4756 exseriptoris.
1236 4755 1242 4756 7
1397 4754 1407 4756 7
1545 4679 1559 4682 ’
1796 4755 1806 4756 7
1848 4753 1891 4756 77
1933 4754 1941 4756 7
2103 4755 2114 4756 7
2270 4679 2325 4733 in
2352 4681 2498 4756 quod
2521 4679 2595 4736 est
2621 4699 2793 4754 agere.

646 4752 999 4828 Principiumf
1030 4757 1189 4812 Deest
1232 4755 1360 4811 item
1395 4754 1511 4810 haec
1538 4769 1641 4810 vox
1669 4755 1812 4826 apud
1837 4753 2042 4828 Mabill.
2098 4755 2166 4810 Et
2291 4821 2302 4828 _
2341 4752 2432 4807 Sic
2471 4754 2567 4806 hoc
2615 4752 2764 4826 agere
2814 4755 2960 4811 habet
3009 4767 3055 4811 et
3102 4775 3230 4813 esse.
3263 4757 3408 4816 llaec
3462 4762 3668 4820 desunt
3703 4762 3748 4815 in
3782 4758 3848 4813 0r-

569 4842 693 4883 mox
722 4821 851 4881 ibid.
901 4831 1093 4896 legitur
1139 4828 1210 4881 ad
1259 4830 1509 4881 actionem
1558 4821 1785 4882 tantum.
1834 4826 2003 4882 Paulo
2046 4836 2165 4898 post
2268 4821 2513 4898 tltodox_._,
2544 4821 3021 4898 qu:é_sutupsimus
3058 4845 3121 4884 ex
3152 4830 3367 4885 Mabill.

566 4893 998 4979 ibidzgener’atur
1018 4908 1185 4979 au_tem_
1211 4898 1606 4979 genere._Male.
1653 4969 1667 4979 _
1739 4970 1784 4979 η
2046 4893 2059 4898 ⁷
2338 4893 2524 4979 XXIII.
2550 4893 2621 4936 '—
2652 4896 2719 4952 Et
2749 4893 2846 4979 hoc
2875 4902 2999 4979 fuit1
3010 4900 3225 4979 _M7a_l_)_ill.
3255 4911 3303 4955 et
3337 4903 3403 4957 in
3438 4920 3505 4959 eo
3535 4907 3659 4979 fuit.

640 4966 1230 5049 XXIaZGenerationisi
1255 4969 1455 5024 Mabill.
1477 4969 1711 5025 actionis.
1737 4970 1856 5026 Mox
1878 4984 2036 5038 neque
2062 4986 2160 5025 em.
2338 4966 2516 5048 ἔνειμε
2558 4985 2661 5022 ηοη
2679 4978 2799 5049 7est,_
2825 4966 2931 5024 etc.
2956 4971 3206 5049 _lllahill.,
3238 4988 3423 5043 neque
3453 4966 3567 5031 non
3617 4978 3844 5049 ὁμοὺσωντ

564 5039 787 5121 phasim.
822 5038 938 5121 Non
961 5051 1194 5121 recte.“
1576 5052 1607 5121 ‘7
1849 5113 1860 5121 7
2088 5112 2147 5121 κ
2262 5038 2386 5105 quia
2414 5056 2523 5121 esse
2552 5040 2690 5121 quod
2720 5040 3051 5098 substantiola
3088 5038 3201 5112 est,
3239 5038 3423 5099 unism
3465 5038 3677 5121 utrique
3711 5048 3847 5111 cum

636 5109 706 5165 In
752 5111 1092 5183 semetipsum.
1144 5110 1386 5177 Mabill.,
1431 5128 1539 5166 esse
1588 5113 1643 5167 in
1688 5113 2031 5182 semetipsum.
2088 5112 2157 5167 Et
2261 5123 2371 5183 una
2389 5112 2523 5164 actio
2552 5112 2760 5183 quippe,
2806 5122 2911 5167 etc.

564 5199 688 5262 mox
711 5181 935 5262 custodit
959 5196 1060 5262 pro
1081 5182 1411 5262 custoditam.
1434 5253 1446 5262 _
1614 5253 1626 5262 7
1656 5260 1661 5262 Α
1720 5251 1754 5262 Α
1815 5253 1829 5262 7
1863 5179 1873 5182 “
1905 5253 1918 5262 7
2073 5254 2083 5262 7
2260 5248 2273 5262 7
2298 5179 2434 5262 "Qui
2490 5179 2652 5236 idem'
2677 5184 2884 5239 omnino
2925 5193 3000 5239 est
3047 5186 3111 5240 ei.
3162 5185 3288 5242 Haec
3354 5187 3578 5246 desunt
3605 5190 3737 5262 apud
3768 5188 3844 5242 Μει-

636 5253 704 5309 ln
748 5253 907 5308 omni.
958 5248 1047 5308 Sic
1093 5254 1295 5322 uptime
1345 5252 1547 5309 Mabill.
1599 5253 1670 5308 At
1714 5251 2012 5309 Orthodox.
2060 5254 2152 5309 Ιιο-
2258 5248 2372 5305 hill.

561 5327 710 5381 mini.
742 5325 1001 5381 Pessime.
2306 5322 2519 5395 7XXIV.
2548 5352 2619 5367 -—
2648 5324 2813 5380 Habet
2831 5327 3021 5381 locunt.
3049 5328 3152 5384 Ista
3180 5328 3520 5390 redundare
3538 5337 3792 5395 videntur,
3814 5328 3846 5380 si

632 5419 798 5475 xxn.
832 5449 905 5461 -
930 5416 1143 5472 Penitus
1182 5416 1373 5472 abesse.
1403 5415 1529 5489 Haec
1555 5416 1752 5471 omittit
1781 5417 1979 5473 Mabill.
2010 5419 2149 5489 apud
2255 5391 3354 5489 ef'gtj},lalur,iggfrma"?-Masisplasgl
3381 5391 3844 5489 ιιυιιιεηκςιιίέεέίέιξ

596 5463 902 5546 neiis-paulo
930 5463 1171 5546 1.351;";
1182 5463 2149 5546 assiduitas};"33135;."“‘
2255 5463 2457 5520 Mm"-
2492 5485 2505 5522 τ
2541 5463 2814 5546 ωῖίᾹιαίζεῖ
2834 5470 3001 5546 locum
3022 5463 3182 5525 αῖέαιί
3199 5472 3327 5542 quid
3352 5463 3485 5530 eser
3502 5491 3559 5533 ει
3593 5478 3660 5533 ab
3677 5463 3796 5539 aiio.
3817 5478 3849 5523 τι

557 5504 715 5562 quem
745 5503 902 5562 paulo
950 5503 1092 5561 poet,
1125 5503 1171 5543 et
1191 5503 1403 5543 (eterna.
1438 5503 1734 5558 Utrumque
1760 5504 1866 5543 non
1895 5503 2047 5545 bene.
2255 5503 2457 5520 "‘“W'”
2492 5509 2505 5522 ’
2541 5503 2805 5552 υ,ν⁵,““ν“
2834 5503 3001 5524 ιυυιυη
3022 5503 3167 5554 "fw"
3199 5503 3325 5542 ιιαιυ
3352 5503 3482 5557 δέδιε
3502 5503 3547 5533 ει

635 5579 863 5611 D_,.M,_
965 5580 1154 5611 unum.
1193 5580 1404 5611 “manu.
1447 5577 1563 5611 κω
1614 5578 1775 5611 Lm,“
1843 5579 2117 5611 unum,“
2253 5553 2509 5611 magism:
2538 5540 2698 5593 nihilo
2726 5537 2910 5594 Iesum
2937 5541 3193 5596 Christum
3224 5552 3267 5597 et
3297 5546 3547 5611 lilium?

626 5579 901 5688 5:58.512.
928 5580 1409 5688 animum
1447 5577 1564 5634 ιιεεο
3186 5577 3630 5688 «suasa...
3669 5634 3731 5676 ει
3764 5613 3845 5671 ιη-

549 5652 1467 5757 ιιυξιπξιιεεῖεδίθωιιοηετίέειυεμ
1855 5746 1888 5757 η
2014 5748 2101 5757 7_
2241 5652 2514 5757 mea...
2557 5652 3630 5757 estiussus;‘5:;|'.'.a:;:""-’°""“°

619 5744 944 5833 βαηιζιξιᾳξε
968 5760 1086 5833 7vox
1111 5745 1311 5833 "abest
1334 5756 1368 5798 a
1398 5744 1618 5833 7Mabil7l.
1644 5745 1929 5833 immerito
1968 5755 2029 5805 ut
2053 5748 2134 5805 vi-
2273 5749 2378 5830 7E7t
2405 5744 2699 5833 erectoreiu,
2728 5765 2834 5810 etc.
2862 5754 3040 5833 Maluit
3084 5765 3128 5811 et
3157 5766 3481 5815 uectorem
3507 5763 3569 5819 in
3601 5760 3846 5833 angelica“

545 5815 725 5875 detur.
756 5816 882 5873 Mox
910 5814 1039 5873 ibid.
1071 5814 1177 5871 alia
1201 5831 1319 5874 vero
1344 5819 1519 5872 omnia
1544 5818 1652 5874 sine
1675 5818 1894 5874 actione.
2235 5819 2479 5892 uirginem
2501 5839 2603 5880 non
2636 5814 2774 5881 intus
2810 5827 2974 5883 emisit
2989 5828 3017 5883 γ
3014 5852 3046 5900 λ
