4018 6184
243 262 356 319 1035

862 256 927 266 ”
1290 260 1494 317 LIBER
1536 260 1624 316 DE
1663 257 2148 318 GENERATIONE
2191 257 2442 316 DIVINA.

3372 264 3514 320 1054

242 383 391 429 autem
422 371 698 427 hominem
743 371 812 428 de
855 379 995 426 terra
1028 371 1310 440 formavit,
1342 383 1396 429 et
1425 375 1595 430 altera
1623 391 1814 446 pecora
1845 379 1896 438 Λ
1925 375 2188 430 habentes
2218 377 2269 430 in
2301 375 2570 432 intellectu
2593 419 2607 442 ,
2627 376 2891 446 quoniam
2937 393 3040 433 non
3075 379 3289 449 proprie
3337 384 3514 438 nomi-

239 466 722 538 ctqnadrupedia,
787 476 840 520 et
907 482 1095 521 rursus
1165 483 1232 522 ex
1305 483 1444 539 aqua
1516 471 1811 525 animantia

239 573 426 628 cuneta,
455 571 509 616 et
537 573 856 615 czvterortnu
886 560 938 614 iu
970 575 1096 615 aere
1123 575 1186 614 ea
1232 576 1298 616 ex
1343 561 1452 616 alio
1477 563 1528 616 in
1554 563 1731 627 aliud,
1757 574 1812 618 et

239 654 351 710 illud
395 671 462 710 ex
510 670 614 724 quo
660 654 890 724 primum
927 669 994 709 ex
1026 655 1091 708 iis
1115 670 1235 724 qua:
1282 671 1387 708 non
1432 666 1558 710 sunt
1585 675 1597 709 :
1625 655 1810 711 Jesum

238 763 348 804 vero
391 747 532 802 unde
583 746 761 802 dicis?
809 748 950 802 Ante
994 747 1176 800 omnia
1204 761 1436 817 namque
1485 747 1646 803 lilius.
1673 747 1810 803 Num

240 857 349 912 ergo
389 841 458 896 ab
506 839 692 905 inani,
727 849 781 894 et
810 840 1031 895 omnino
1073 838 1142 893 de
1171 839 1354 894 nullo?
1387 840 1586 895 Deinde
1616 855 1812 911 corpus

239 934 338 1004 ejus
363 931 890 988 formavitzanitnam
919 946 1050 987 vero
1069 941 1161 986 aut
1191 933 1439 1002 spiritqu
1479 947 1676 1002 corpus
1698 950 1806 988 non

240 1025 729 1095 babuit,antequam
779 1026 831 1079 in
863 1024 1117 1079 mundum
1146 1024 1562 1095 ingrederetur?
1595 1025 1814 1081 Habuit-

241 1135 298 1175 uo
324 1119 590 1173 animam?
620 1119 748 1172 Eam
775 1119 934 1188 igitur
961 1115 1258 1172 insufﬂavit
1280 1157 1293 1175 .
1329 1117 1444 1171 sive
1471 1116 1765 1172 insibilavit
1796 1136 1808 1171 :

239 1229 392 1282 neque
415 1213 560 1266 enim
589 1211 641 1265 in
668 1226 811 1266 eum.
846 1211 1131 1278 Quomodo
1162 1208 1303 1264 enim
1353 1209 1405 1263 in
1450 1208 1622 1280 ipsum
1645 1251 1659 1273 ,
1689 1225 1811 1265 cum

237 1306 456 1360 nomium
485 1304 710 1359 haberet
733 1304 965 1373 corpus?
997 1302 1104 1357 Sed
1126 1302 1170 1356 si
1201 1301 1342 1372 quod
1378 1302 1693 1364 insibilavit.
1721 1303 1816 1357 fuit

235 1397 281 1453 id
302 1397 467 1468 ipsum
501 1397 663 1451 ﬁlius.
689 1395 747 1452 Si
776 1393 919 1450 istud
947 1395 1018 1448 ita
1043 1403 1146 1459 est,
1180 1407 1261 1449 est
1289 1410 1418 1464 ergo
1442 1409 1473 1448 a
1501 1395 1609 1448 Deo
1639 1394 1812 1449 lilins:

236 1491 306 1546 sic
345 1500 399 1547 et
445 1489 688 1560 Spiritus.
717 1488 833 1544 Non
876 1489 1018 1543 enim
1065 1503 1132 1542 ex
1179 1487 1347 1542 nihilo
1392 1488 1633 1558 spiritus.
1677 1487 1811 1543 Dicit

243 1585 372 1640 enim
443 1584 586 1638 Deus
615 1581 758 1653 (lsa.
819 1598 952 1648 xui,
989 1581 1113 1652 5):
1164 1580 1379 1635 Omnem
1431 1582 1670 1651 spiritum
1721 1597 1815 1651 ego

233 1677 380 1730 emisi.
412 1674 740 1730 lnsul‘llando
767 1690 897 1745 ergo
916 1717 930 1740 ,
957 1689 1120 1742 super
1141 1691 1199 1728 se
1231 1673 1523 1728 insulllavit
1552 1675 1692 1729 Deus
1713 1716 1726 1736 ,
1761 1683 1817 1729 ct

1916 484 2104 522 namus
2163 485 2262 525 nec
2306 471 2637 538 appellamus
2683 487 2695 521 :
2745 471 3194 538 quemadmodum
3243 473 3511 542 dicimus,

1918 559 2061 616 Vivit
2101 561 2241 616 Deus
2262 603 2275 625 ,
2321 561 2572 628 intelligit
2605 562 2768 616 Deus.
2810 561 3045 618 Proinde
3068 581 3095 615 a
3125 565 3324 618 nostris
3351 567 3516 619 actio-

1915 652 2074 706 nibus
2099 654 2441 707 nominamus
2467 654 2707 708 acuones
2750 655 2875 722 Dei,
2921 657 3188 712 existente
3219 668 3395 712 tamen
3423 657 3519 714 illo

1915 759 2077 813 super
2121 746 2336 809 omnia;
2393 761 2565 816 neque
2619 755 2823 801 tantum
2878 747 3161 815 existente,
3223 750 3316 802 sed
3367 751 3520 819 quasi

1914 838 2202 904 existente,
2251 838 2363 895 οὐδέ
2429 836 2586 898 ὅντως
2617 841 2974 915 ὑπάρχοντος,
3009 842 3134 896 ἀλλά
3161 838 3305 902 ὄντος
3331 849 3517 916 μικροῦ

1918 930 2285 1006 ὑπάρχοντος,
2322 930 2430 984 Isto
2453 933 2616 985 etiam
2648 932 2808 986 modo
2849 932 3235 997 substantiam,
3278 937 3521 988 existen-

1919 1022 2068 1087 tiam,
2119 1033 2169 1076 et
2201 1032 2396 1076 cavlem
2447 1024 2752 1092 hnjusntodi
2810 1026 3130 1094 apponimus
3175 1026 3302 1090 Deo,
3328 1035 3382 1080 et
3406 1026 3522 1096 ejus

1917 1118 2166 1172 essentia-
2190 1120 2371 1173 οὐσίαν
2401 1117 2557 1171 aliter
2589 1117 2836 1184 dicimus,
2865 1119 3024 1172 aliter
3045 1133 3105 1173 se
3132 1118 3362 1173 habente
3393 1122 3518 1174 ειιιιο

1919 1212 2117 1265 stantia
2150 1223 2332 1266 creata
2363 1210 2426 1264 ad
2459 1211 2602 1281 quod
2645 1212 2784 1267 inest
2812 1209 2944 1277 sibi,
2978 1223 3032 1266 et
3072 1212 3139 1266 ad
3170 1229 3325 1268 suum
3356 1213 3516 1269 etiam

1921 1318 2065 1359 8580.

1991 1393 2184 1450 XXIX.
2225 1395 2486 1451 Similiter
2523 1404 2579 1450 et
2622 1410 2740 1450 cum
2772 1394 3034 1462 dicimus,
3083 1396 3224 1466 quod
3269 1397 3408 1451 Deus
3438 1396 3521 1451 I'a-

1917 1495 2036 1543 ctus
2083 1498 2166 1543 est
2219 1486 2468 1542 Christus
2497 1489 2578 1543 vel
2624 1488 2785 1543 homo
2816 1506 2829 1543 :
2863 1505 2970 1542 non
3015 1490 3158 1560 quod
3188 1491 3514 1545 vere-lactus

1917 1582 2016 1650 sit,
2046 1580 2139 1636 sed
2162 1581 2417 1652 quoniam
2447 1596 2586 1635 unus
2609 1582 2708 1645 sit,
2742 1593 2793 1637 et
2822 1582 2873 1635 in
2907 1583 3160 1636 omnibus
3185 1583 3285 1649 sit,
3315 1591 3370 1637 et
3400 1597 3520 1637 om-

1919 1688 2016 1727 nes
2057 1673 2109 1727 iu
2143 1673 2261 1742 ipso
2292 1690 2303 1724 :
2337 1672 2643 1741 idcircoque
2693 1673 2902 1728 dicatur
2927 1675 3178 1728 onmibus
3207 1676 3383 1729 omnia
3418 1677 3524 1730 Iac-

230 1768 302 1824 sic
339 1780 492 1824 natus
538 1778 617 1823 est
663 1767 804 1822 ﬁlius
835 1786 846 1821 :
879 1782 985 1822 non
1009 1783 1136 1837 ergo
1166 1765 1294 1822 fecit
1325 1769 1472 1821 illum
1503 1768 1666 1822 Deus.
1689 1767 1805 1822 Non
1839 1770 1888 1830 B
1917 1774 2023 1830 tus,
2052 1774 2110 1818 ut
2130 1775 2312 1819 essent
2337 1782 2351 1818 :
2378 1779 2484 1818 non
2515 1765 2656 1834 quod
2687 1765 2854 1820 factus
2876 1765 2946 1819 sit
2977 1775 3035 1818 ut
3060 1776 3202 1821 esset
3223 1807 3237 1832 ,
3264 1767 3358 1821 sed
3382 1767 3524 1837 quod

228 1878 348 1934 ergo
383 1864 528 1918 circa
574 1861 739 1917 Deum
774 1863 853 1917 vel
886 1877 1048 1931 Supra
1096 1861 1360 1932 gremium
1392 1860 1524 1915 foris
1551 1871 1632 1915 est
1658 1902 1673 1926 ,
1717 1861 1814 1916 Sed

229 1955 378 2010 intus.
436 1953 732 2024 Utrumque
789 1954 1100 2009 teSIiIicatur
1153 1953 1322 2008 David
1391 1953 1578 2009 dicens
1631 1954 1812 2027 (Zach.

227 2063 313 2113 xu,
347 2049 442 2119 1);
487 2046 750 2101 Eructavit
785 2065 874 2101 cor
920 2064 1085 2100 meum
1149 2047 1370 2101 Verbum
1427 2048 1638 2101 bonum.
1699 2049 1813 2104 Non

228 2155 368 2210 ergo,
393 2140 537 2210 quod
569 2153 652 2194 est
680 2141 844 2203 lilius,
873 2141 1069 2193 factum
1099 2148 1181 2194 est
1203 2182 1216 2204 ,
1247 2139 1388 2195 sicut
1419 2142 1599 2195 omnia
1636 2159 1650 2194 :
1681 2158 1815 2197 con-

225 2240 304 2286 tra
327 2231 376 2285 id
397 2231 538 2302 quod
567 2231 696 2286 dicit
729 2231 888 2286 Dens.
918 2230 1048 2286 Nam
1077 2233 1120 2288 si
1153 2231 1326 2288 lactus
1374 2242 1491 2300 est;
1527 2246 1815 2305 antequam

225 2323 393 2386 ﬁeret,
428 2338 535 2377 non
562 2334 677 2378 erat
710 2322 946 2378 Verbum
980 2324 1091 2378 Dei.

290 2417 500 2474 XXVII.
543 2418 680 2487 Quid
723 2420 882 2488 igitur
911 2419 1180 2474 dicimus?
1207 2420 1395 2476 Nonne
1432 2432 1517 2476 est
1555 2437 1818 2480 necessa-

220 2511 352 2577 rium
423 2511 705 2575 conﬁteri,
745 2510 791 2564 si
851 2509 1081 2565 Verbum
1131 2511 1254 2566 fecit
1305 2515 1531 2581 omnia,
1583 2515 1814 2585 primum

219 2604 453 2659 omnium
515 2618 636 2658 esse
679 2602 951 2667 Verbum,
1002 2603 1146 2658 velut
1192 2604 1423 2660 Verbqu
1492 2609 1817 2664 omnimodis

221 2696 488 2762 Verbum,
523 2695 759 2751 Verbum
791 2695 934 2766 quod
979 2713 1077 2752 nos
1107 2705 1158 2752 et
1191 2699 1468 2768 prOphette
1498 2712 1550 2756 et
1587 2718 1819 2772 evange-

222 2789 356 2844 listze
402 2789 742 2845 nominamus
784 2791 928 2864 λόγον
971 2797 1026 2844 ct
1072 2789 1279 2846 lilium?
1334 2793 1510 2849 Moses
1559 2796 1638 2850 sic
1689 2796 1818 2850 dicit

223 2878 386 2952 (Gen.
416 2895 465 2942 ι,
496 2879 551 2948 1)
579 2898 592 2935 :
624 2879 687 2934 In
710 2883 964 2952 principio
988 2881 1106 2952 fecit
1135 2881 1274 2937 Deus
1315 2887 1496 2939 caelum
1526 2895 1574 2939 et
1603 2896 1810 2942 terram.

216 2971 521 3027 Secundum
561 2971 808 3041 Aquilam
859 2972 960 3028 hoc
1009 2974 1148 3029 idem
1196 2974 1404 3030 sic:ln
1430 2979 1655 3044 capitulo
1697 2981 1814 3051 fecit

216 3061 354 3116 Deus
397 3078 416 3115 :
459 3073 517 3116 ut
565 3061 772 3140 llebrwi
816 3063 978 3119 Mosis
1029 3065 1230 3121 dictum
1284 3072 1672 3137 pronuntiant:
1701 3073 1815 3126 sive

1918 1858 2145 1915 ell'ectus
2185 1858 2257 1913 sit
2293 1856 2360 1912 ad
2392 1859 2460 1911 ita
2484 1873 2624 1913 esse.
2655 1858 2933 1928 Siquidem
2983 1876 3087 1914 non
3116 1861 3333 1926 dicitur,
3363 1859 3527 1915 Filius

1922 1957 2017 2012 Dei
2053 1959 2223 2010 laetus
2253 1964 2354 2015 est,
2385 1954 2478 2008 sed
2515 1953 2660 2026 (Act.
2691 1971 2758 2020 tt,
2789 1955 2890 2026 56)
2922 1955 3064 2025 quod
3095 1965 3177 2010 est
3214 1957 3386 2010 factus
3419 1970 3516 2011 no-

1917 2049 2000 2103 bis
2031 2047 2322 2112 Dominus;
2372 2047 2508 2099 sicut
2539 2046 2792 2100 Salomon
2822 2045 2948 2100 dit-it
2977 2046 3166 2118 (Prov.
3215 2063 3337 2107 VIII,
3370 2047 3474 2116 22)
3501 2065 3514 2100 :

1922 2140 1986 2194 Et
2022 2141 2201 2211 fecisse
2229 2156 2308 2193 me
2335 2157 2494 2208 supra
2522 2142 2630 2193 vias
2659 2149 2794 2192 tuas.
2820 2140 2950 2194 Nam
2983 2141 3052 2195 de
3077 2153 3274 2194 :etvrna
3303 2140 3516 2195 divina-

1918 2249 2023 2305 que
2049 2235 2396 2304 generatione
2426 2233 2678 2301 supponit
2707 2235 2884 2285 statim
2915 2236 2931 2300 (
2955 2232 3091 2286 Ibid.
3125 2234 3160 2297 ἄν
3186 2271 3198 2285 .
3225 2233 3328 2305 '25)
3356 2252 3368 2288 :
3393 2233 3524 2286 Ante

1919 2343 2091 2382 omnes
2131 2342 2210 2378 me
2247 2326 2418 2395 genuit
2447 2323 2719 2378 Dominus.
2751 2326 2992 2393 Dicitque
3044 2325 3281 2380 Joannes
3322 2325 3521 2395 (Jonn.

1919 2436 1968 2484 1,
1998 2419 2053 2483 5,
2094 2419 2188 2476 4):
2229 2417 2378 2481 Quod
2418 2416 2610 2483 [aetum
2659 2426 2760 2483 est,
2814 2417 2866 2470 in
2914 2417 3027 2488 ipso
3057 2419 3159 2471 vita
3203 2428 3332 2472 erat.
3382 2419 3520 2487 Quid

1919 2512 2154 2569 deinde?
2185 2513 2376 2568 Nonne
2408 2513 2548 2568 Deus
2575 2522 2875 2568 creaturam
2910 2504 3066 2578 fecit,
3100 2523 3154 2567 et
3192 2516 3241 2566 in
3273 2524 3520 2569 creatura

1920 2607 2150 2676 primum
2180 2607 2377 2661 caelum
2411 2615 2466 2660 et
2494 2605 2729 2659 terram?
2754 2603 2869 2658 Non
2899 2619 3029 2674 ergo
3076 2604 3198 2659 fecit
3230 2603 3522 2660 Christum.

1917 2697 2088 2753 Natus
2134 2709 2216 2753 eSt
2265 2713 2392 2768 ergo
2456 2695 2734 2758 Christus.
2786 2714 2891 2751 nun
2947 2699 3135 2751 lactus.
3189 2697 3524 2769 Ubicumque

1919 2792 2063 2844 enim
2104 2789 2300 2845 dicitur
2328 2791 2517 2854 factus,
2565 2800 2683 2858 post
2711 2789 2938 2859 ptimum
2979 2798 3033 2843 et
3072 2801 3330 2844 wtcrnum
3357 2787 3525 2859 gene-

1920 2882 2026 2937 rari
2049 2923 2064 2944 ,
2100 2883 2293 2936 dicitur
2317 2892 2440 2954 post
2466 2882 2688 2937 ell'eetus
2713 2897 2854 2938 esse.
2890 2878 3222 2949 Sicutdb‘al.
3252 2877 3325 2946 ι’ν,
3354 2885 3423 2955 4)
3457 2884 3524 2938 de

1920 2976 2148 3030 muliere
2185 2975 2380 3029 dicitur
2418 2975 2623 3040 factus;
2677 2986 2728 3029 et
2778 2977 2828 3029 iu
2880 2974 3102 3031 Actibus
3140 2975 3523 3045 Apostolorum

1920 3067 2067 3137 (Act.
2087 3085 2142 3134 ll,
2160 3069 2260 3140 ’56)
2287 3085 2299 3122 :
2330 3065 2622 3123 Certissime
2644 3070 2801 3139 igitur
2830 3081 3102 3140 cognoscat
3122 3071 3304 3125 domus
3327 3070 3516 3136 Israel,

214 3154 268 3207 in
316 3153 592 3223 principio,
611 3155 723 3208 sive
769 3155 823 3208 in
865 3157 1113 3224 capitulo,
1156 3157 1208 3211 in
1258 3159 1473 3214 Christo
1516 3178 1639 3215 cum
1690 3164 1810 3218 fecit
1838 3158 1885 3222 C
1916 3163 2158 3232 quoniam
2232 3163 2382 3216 istum
2420 3162 2677 3216 Christum
2736 3162 2876 3218 Deus
2931 3164 3077 3234 fecit,
3127 3182 3274 3235 quem
3336 3167 3524 3222 tulistis

217 3247 381 3304 Dens.
409 3247 737 3319 Principiqu
761 3263 890 3320 ergo
918 3259 973 3304 et
997 3261 1175 3320 caput,
1205 3249 1472 3308 Christus.
1497 3255 1563 3308 Et
1585 3255 1688 3310 hoc
1713 3255 1819 3310 fre-

214 3349 444 3409 quenter
465 3339 662 3395 dicitur
689 3339 922 3395 :Creavit
951 3343 1124 3396 omnia
1155 3343 1206 3396 in
1236 3341 1460 3399 Christo.
1488 3347 1644 3420 Λόγος
1676 3348 1819 3402 enim

213 3431 461 3489 Christus
485 3443 541 3488 ut
565 3449 750 3489 semen
776 3445 858 3488 est
881 3437 1140 3491 omnium.
1169 3436 1378 3492 Primus
1399 3455 1526 3508 ergo
1547 3440 1816 3495 Christus:

211 3536 341 3582 ante
400 3527 544 3582 enim
621 3544 835 3583 omnem
889 3542 1191 3585 creaturam
1255 3531 1370 3587 fuit.
1431 3533 1584 3590 Unde
1647 3535 1816 3605 igitur

211 3620 502 3676 Christus?
525 3620 580 3677 Si
617 3620 845 3676 Verbum
867 3632 972 3688 est,
1005 3638 1032 3676 a
1069 3623 1176 3678 Deo
1202 3645 1215 3679 :
1239 3626 1284 3678 si
1311 3625 1572 3691 voluntas,
1603 3642 1631 3679 a
1659 3627 1766 3681 Deo
1801 3645 1814 3681 :

211 3715 258 3769 si
289 3725 469 3771 autem
499 3725 676 3770 motus
705 3725 796 3769 aut
832 3716 996 3780 actio,
1029 3731 1060 3771 a
1100 3717 1209 3772 Deo
1242 3734 1254 3770 :
1286 3727 1340 3772 et
1381 3718 1426 3773 si
1455 3721 1630 3788 ipsum
1660 3735 1821 3791 agere

211 3817 268 3864 et
301 3822 426 3863 esse
454 3816 570 3872 est,
601 3809 754 3876 juxta
794 3808 965 3876 ipsum
995 3824 1117 3864 esse
1148 3818 1298 3877 pater
1324 3818 1438 3877 est,
1471 3811 1609 3865 ﬁlius
1641 3825 1818 3867 autem

210 3901 362 3956 actio
387 3908 468 3955 est
501 3907 591 3954 :et
613 3899 865 3970 quoniam
905 3900 1077 3968 ipsum
1118 3917 1238 3956 esse
1259 3902 1399 3956 actio
1429 3911 1542 3967 est,
1577 3914 1631 3958 ct
1660 3919 1820 3974 agere

208 4003 300 4048 est
330 4007 488 4057 esse;
519 3991 718 4047 idcirco
747 3991 1018 4065 ὁμοούσιον
1038 4002 1094 4047 et
1120 4006 1273 4062 pater
1299 3997 1450 4057 αὐτὸς
1474 3997 1636 4070 λόγος.

285 4081 529 4139 XXVIII.
574 4082 680 4140 Sed
709 4084 980 4154 quomodo
1019 4083 1308 4157 ὁμοούσιον,
1361 4086 1598 4142 nondum
1646 4088 1818 4144 exsis-

209 4185 369 4232 tente
397 4176 741 4232 snb~tantia?
789 4175 1015 4231 Nomina
1046 4192 1175 4232 vero
1204 4180 1272 4232 ab
1302 4179 1367 4232 iis
1399 4196 1517 4249 qua:
1549 4182 1818 4251 posterius

207 4279 378 4336 sunt,
421 4280 475 4325 et
523 4271 592 4326 ab
637 4271 700 4325 iis
746 4286 865 4341 qua:
915 4281 1035 4341 post
1065 4272 1261 4336 Deum,
1297 4280 1352 4327 et
1397 4273 1610 4329 inventa
1640 4283 1694 4330 et
1730 4289 1817 4330 as-

207 4373 434 4435 sumpta
461 4373 605 4418 sunt.
626 4363 694 4418 Et
723 4364 974 4434 quOniam
1003 4380 1108 4419 non
1135 4375 1220 4420 est
1249 4366 1490 4421 invenire
1517 4383 1713 4424 nomen
1737 4369 1817 4423 di-

207 4470 383 4526 gnum
414 4455 542 4524 Deo,
570 4456 640 4512 ab
691 4456 760 4512 iis
797 4471 916 4526 qua:
963 4455 1164 4512 scimus
1223 4459 1563 4515 nominamus
1612 4461 1815 4526 Deum;

1925 3257 1980 3308 in
2025 3257 2164 3325 ligno
2187 3256 2370 3310 crucis.
2406 3256 2507 3311 Ista
2540 3257 2720 3310 omnia
2771 3267 2888 3324 post
2917 3260 3324 3328 generationem
3352 3301 3367 3325 ,
3404 3276 3525 3330 qua:

1929 3364 2034 3403 una
2075 3357 2158 3403 est
2185 3357 2237 3403 et
2277 3357 2458 3404 Sancta
2505 3358 2558 3403 et
2604 3348 2916 3412 ineﬂ'abiiis,
2958 3351 3072 3404 haec
3100 3350 3314 3420 inquam
3347 3353 3526 3407 omnia

1929 3441 2196 3496 dicuntur.
2223 3441 2340 3496 Non
2371 3443 2469 3495 ista
2501 3441 2755 3496 dicuntur
2786 3441 2836 3494 in
2873 3441 2991 3510 ejus
3028 3442 3397 3508 cxisreutiam,
3430 3443 3526 3499 sed

1929 3535 1982 3590 in
2011 3545 2164 3591 actus
2195 3544 2248 3589 et
2267 3533 2783 3589 administrationem
2810 3533 3062 3602 potentia:
3079 3546 3131 3589 et
3153 3534 3362 3590 virtutis
3385 3537 3524 3605 ejus.
3558 3539 3570 3600 ἰ

1927 3627 2002 3682 De
2033 3628 2378 3698 generatione
2411 3625 2570 3694 igitur
2609 3640 2728 3693 quae
2754 3633 2839 3678 est
2867 3624 3007 3678 ﬁlius
3036 3624 3148 3690 Dei,
3183 3626 3524 3682 manifestum

1923 3733 2003 3777 est
2033 3731 2090 3776 et
2127 3721 2270 3791 quod
2301 3721 2576 3792 ὁμοούσιον
2606 3719 2900 3772 substantit
2933 3718 3080 3788 ejus,
3115 3719 3166 3772 in
3206 3721 3485 3789 majestate
3507 3762 3523 3788 ,

1925 3813 1978 3868 in
2031 3815 2246 3883 probria
2291 3811 2646 3882 signiﬁcantia
2715 3809 3202 3882 intelligentiaque,
3253 3812 3524 3868 intellecta

1924 3905 2220 3961 secundmn
2275 3919 2394 3958 esse
2449 3901 2754 3957 existentiae
2801 3901 3130 3956 substantias.
3176 3901 3246 3956 Et
3289 3902 3369 3957 sic
3428 3904 3523 3958 de-

1928 4005 2285 4052 monstratum
2308 4034 2323 4058 ,
2350 3993 2618 4062 quomodo
2640 3993 2927 4066 ὁμοούσιον.

1999 4086 2168 4141 XXX.
2233 4085 2440 4150 Habes,
2471 4084 2543 4138 mi
2597 4084 2869 4148 Candide,
2920 4083 3063 4154 quod
3117 4083 3380 4153 reliquum
3437 4095 3522 4141 est

1924 4180 2124 4235 dicere.
2160 4178 2217 4232 Si
2263 4176 2401 4231 (ilius
2455 4175 2543 4230 Dei
2593 4173 2779 4241 Jesus,
2831 4174 3179 4243 generatione
3234 4176 3389 4230 lilius.
3429 4176 3520 4230 Di-

1923 4273 2000 4327 cis
2026 4272 2166 4326 enitu
2200 4289 2212 4322 :
2243 4287 2261 4321 ‹
2303 4268 2356 4325 Si
2383 4267 2659 4339 generatio
2709 4277 2915 4333 motus,
2937 4274 2992 4320 cl.
3036 4277 3211 4320 motus
3266 4269 3519 4335 mutatio;

1926 4363 2280 4419 mutationem
2327 4370 2504 4415 autem
2538 4360 2588 4413 in
2621 4359 2733 4414 Deo
2763 4373 2882 4414 esse
2904 4399 2918 4422 ,
2952 4359 3285 4429 impossibile
3315 4370 3398 4416 est
3438 4362 3519 4415 iu-

1925 4459 2167 4529 telligere
2201 4475 2214 4508 :
2254 4470 2384 4525 ergo
2423 4452 2575 4509 nefas
2627 4451 2811 4508 dicere
2851 4467 3072 4508 necesse
3121 4461 3234 4520 est,
3278 4453 3519 4508 nonnihil

1534 4597 1622 4653 VA
1633 4597 1896 4656 RIORUM
1933 4593 2162 4652 ΝΟΤᾸΕ.

290 4710 367 4764 Et
405 4727 602 4774 rursus,
621 4719 730 4784 etc.
773 4707 975 4784 Mabill.
1025 4719 1072 4763 et
1098 4725 1274 4784 rursus
1320 4727 1384 4766 ea:
1415 4728 1546 4782 aqua
1586 4712 1812 4765 animant
1840 4723 1893 4784 D
1991 4706 2294 4784 Sednqurtst'
2341 4705 2488 4759 exist.
2546 4702 2824 4784 Mabillon.
2884 4704 2976 4758 sed
3052 4705 3198 4774 quasi
3254 4708 3515 4779 existente,

206 4784 473 4838 viventem
550 4782 749 4842 arium.
799 4791 845 4834 et
921 4778 1146 4834 altorum
1203 4783 1254 4834 in
1319 4778 1486 4851 aqua;
1525 4789 1708 4837 ethoc
1748 4790 1811 4836 ab

207 4854 330 4906 alio
361 4857 414 4905 in
437 4853 618 4919 aliud;
649 4862 695 4906 et
734 4852 829 4906 hoc
856 4862 926 4905 est
956 4851 1018 4905 ab
1045 4852 1122 4905 his
1151 4868 1265 4923 qua:
1289 4869 1388 4907 non
1431 4866 1546 4908 sunt
1571 4871 1588 4908 :
1632 4853 1811 4908 Jesum

205 4938 366 4985 υενο,
399 4935 502 4977 CIC.

297 4995 517 5066 Omnem
543 4995 668 5066 spir.
701 4995 898 5048 Mabill.
946 4994 1132 5048 Omnes
1181 4995 1389 5066 spiritus
1432 5013 1522 5066 ego
1566 4996 1707 5051 emisi
1735 5012 1817 5049 m-

212 5065 504 5136 ari/ﬂando.
541 5065 601 5118 Si
643 5067 752 5134 ipse
797 5067 1080 5136 illati/ﬂule
1111 5082 1184 5118 :u
1224 5065 1329 5121 Deo
1372 5065 1513 5129 ﬁlius
1570 5079 1615 5120 et
1668 5077 1818 5121 natus

204 5150 292 5191 est
325 5137 471 5204 [ilius
498 5152 516 5189 :
547 5152 647 5189 non
678 5139 793 5204 fecit
819 5137 968 5190 illum
998 5137 1153 5192 Deus.

296 5208 537 5260 Primum
578 5224 717 5261 onm.
774 5208 968 5261 Mabill.
1035 5206 1267 5262 l’rtmnm
1328 5225 1436 5262 esse
1490 5209 1741 5274 Verbum,
1773 5216 1820 5261 et

203 5276 324 5333 Dei
367 5279 689 5349 generatione
727 5295 838 5349 esse
851 5278 1079 5349 ‘Verbum
1119 5282 1421 5346 universale,
1467 5279 1680 5334 Verbum
1709 5296 1821 5333 ont-

203 5347 487 5421 ηἰιιιυὶιὶξ3
520 5352 794 5421 perfectum
826 5347 1081 5421 Verbum,
1104 5351 1260 5421 quod,
1285 5360 1391 5405 etc.

296 5420 376 5476 Ut
437 5412 620 5474 Hebr:
644 5412 843 5474 Mabill.

202 5493 427 5563 sivgin
446 5492 719 5561 principio,
748 5492 799 5544 in
822 5490 1025 5563 Christo
1055 5497 1172 5563 fecit
1201 5493 1361 5546 Deus.

297 5561 460 5618 Unde
501 5563 658 5632 igitur
701 5563 823 5618 (.‘hr.
877 5561 1078 5616 Mabill.
1129 5565 1415 5618 lectionem
1446 5574 1500 5620 et
1544 5565 1827 5634 interpun-

203 5633 466 5690 ctionetn
496 5635 582 5689 Inc
614 5637 907 5701 sequimur.

294 5707 532 5763 Scimus.
586 5705 786 5761 Mabill.
841 5720 1036 5761 sumus.
1084 5704 1292 5763 Caetera
1319 5722 1467 5775 vero,
1515 5708 1628 5765 sive
1681 5721 1830 5764 meu-

199 5775 399 5845 dosa,
436 5776 551 5833 sive
581 5775 724 5832 male
757 5776 1114 5846 interpuncta.

674 5869 946 5931 ΡΑτιιοι..
999 5868 1162 5931 VIII.

921 5431 968 5474 et
1036 5419 1434 5477 Hebrwi:8ive
1499 5424 1552 5476 in
1602 5421 1825 5492 capitulo

1917 4797 2074 4849 neque
2101 4771 2639 4849 Evrexistenteﬁedut
2666 4771 2739 4828 ὄν.
2776 4774 2883 4849 Isto
2913 4785 3017 4830 etc.

1996 4845 2059 4904 Et
2087 4853 2196 4919 ejus
2231 4857 2410 4920 essent.
2447 4845 2644 4920 illabill.
2692 4855 2738 4920 et
2767 4846 3025 4920 ejus_esse
3070 4849 3244 4903 οὐσίαν
3283 4852 3516 4920 dicimus,

1920 4925 2068 4976 aliter
2106 4917 2168 4973 se
2206 4918 2408 4972 habenti
2460 4917 2528 4970 ad
2575 4919 2711 4984 quod
2738 4929 2808 4969 est
2855 4918 2900 4969 ei
2946 4934 3067 4970 esse.
3112 4919 3380 4985 Similiter,
3410 4917 3514 4978 etc.

1998 4992 2216 5060 Quod...
2253 4989 2331 5042 vel
2361 4989 2532 5055 homo,
2564 4987 2761 5041 Mabill.
2789 5003 3028 5057 quoniam
3052 4993 3220 5062 factus
3245 5005 3317 5047 est
3371 4995 3522 5051 Citri-

1920 5075 2180 5187 mihi"...
2238 5131 2373 5186 Cum
2421 5128 2622 5185 Mabill.
2681 5129 2754 5183 ita
2799 5129 3043 5200 legimus.
3090 5130 3383 5192 Orthodox.
3427 5138 3520 5194 Je-

1929 5223 2062 5262 sum.

2004 5275 2305 5330 Existentia:
2357 5271 2672 5327 substantiis.
2727 5271 2925 5328 Mabill.
2979 5276 3220 5332 existente
3277 5279 3517 5333 substan-

1933 5359 2022 5403 tta.

2007 5413 2548 5491 'Ouoobmov._Mabill.
2574 5414 2860 5491 ὁμορύσιος.
2897 5415 2962 5491 Et
2991 5417 3068 5472 sic
3097 5419 3252 5486 paulo
3276 5429 3400 5475 ante
3430 5438 3517 5479 re-

1935 5486 2272 5546 scribendum
2300 5488 2506 5540 videtur
2527 5486 2817 5558 ὁμὸούσιος,
2845 5488 3142 5540 substantia.

2010 5561 2070 5616 Si
2116 5561 2253 5628 ﬁlius
2292 5572 2396 5612 etc.
2434 5559 2560 5612 llaec
2610 5574 2749 5623 |lIXIa
2799 5558 2997 5610 Mal-ill.
3022 5569 3147 5628 sunt
3185 5561 3340 5614 verba
3373 5564 3517 5618 Ca"-

1939 5633 2044 5688 didi
2073 5626 2276 5688 Ariani.
2312 5631 2401 5685 Sic
2420 5630 2560 5684 enim
2590 5629 2658 5682 ibi
2687 5646 2699 5677 :
2733 5629 2790 5683 Si
2833 5629 2970 5696 ﬁlius
3002 5626 3176 5701 Jesus,
3203 5640 3520 5701 generatione

1940 5705 2107 5783 ﬁlius:
2121 5704 2163 5759 si
2189 5712 2369 5783 atatem.
2397 5702 2694 5783 generatio,
2730 5709 2916 5783 motus:
2969 5707 3073 5753 etc.
3108 5700 3239 5758 Vide
3275 5708 3520 5775 superius

1940 5769 2178 5845 ejusdem
2206 5769 2432 5829 Candidi
2458 5771 2770 5842 opusculum
2803 5769 2852 5839 §.
2885 5770 2935 5822 7.

2934 5861 3012 5922 33

3558 3571 3567 3600 Ι
