4018 6184
604 233 628 286 1
641 231 747 290 039

1850 214 2043 270 MAltll
2089 208 2427 268 \‘lCTORINl
2470 206 2634 264 AFlll

3688 201 3785 257 10άο

603 349 745 404 Vere
787 346 835 401 id
865 345 1006 400 enim
1055 341 1194 413 quod
1221 339 1289 393 ab
1316 337 1553 409 ingenito
1574 336 1813 390 existens
1842 340 1926 387 est
1956 373 1971 398 ,
2017 328 2200 384 candi-
2231 333 2282 394 Α
2315 324 2667 394 unicujusque
2697 333 2884 375 eorum
2912 331 3031 388 qua:
3059 323 3307 385 generata
3337 321 3450 366 sunt
3472 354 3484 377 ,
3530 328 3584 368 ex
3608 314 3694 385 ejus
3722 335 3788 371 ro-

607 452 719 496 tum
763 439 990 508 amplius
1041 435 1109 489 ab
1132 434 1338 499 altero,
1368 430 1506 484 vela
1540 429 1741 496 seipso,
1795 435 1885 479 aut
1930 422 2204 476 fundatum

605 549 713 589 non
742 532 942 594 fuisse,
996 527 1312 599 apriueipio
1359 523 1651 594 ingenitum
1693 519 1837 589 quod
1886 517 2100 570 fuisset.
2151 513 2208 570 Si

603 634 784 681 autem
837 631 1020 677 natum
1072 619 1200 675 illud
1225 619 1407 672 dicere
1440 658 1455 682 ,
1509 612 1865 669 substantiam
1919 617 2205 679 quamdam

605 726 864 789 praestare
923 727 1050 781 est,
1104 713 1264 767 voluti
1293 729 1358 766 ex
1403 708 1700 765 substantia
1761 715 1980 775 paterna
2032 703 2206 770 ipsum

604 811 818 875 fuisset,
843 819 897 865 et
924 809 1125 864 habere
1140 823 1201 862 ex
1224 807 1341 877 ipso
1371 802 1700 858 idenlitatem
1728 810 1956 860 naturm,
1978 809 2208 865 cognos-

606 903 780 959 cimus
809 901 950 973 quod
976 899 1169 954 nonde
1200 900 1314 968 ipso
1337 897 1455 950 solo
1473 906 1654 950 natum
1684 907 1803 947 esse
1825 886 2207 953 dixeritsrripo

603 1005 755 1061 tura,
789 994 916 1058 sed,
936 1003 991 1048 et
1018 993 1068 1048 in
1100 989 1452 1046 dissimilibus
1476 987 1572 1054 ipsi
1603 987 1655 1038 in
1687 983 1937 1038 omnibus
1961 976 2210 1032 naturali-

603 1100 707 1147 ter.
758 1089 968 1145 Etenim
997 1098 1050 1140 et
1078 1087 1129 1139 in
1155 1083 1459 1138 hominibus
1480 1081 1613 1136 dicit
1656 1078 1793 1150 (lsa.
1836 1092 1874 1142 ι,
1919 1075 1995 1135 2)
2037 1071 2204 1125 Filios

607 1183 760 1255 genui
781 1191 825 1237 et
847 1180 1088 1240 exaltavi.
1115 1180 1210 1251 ipsi
1238 1187 1406 1230 autem
1429 1191 1508 1228 me
1534 1179 1858 1242 respuerant.
1890 1169 1954 1222 Et
1980 1185 1992 1218 :
2026 1164 2204 1238 (Deut.

607 1292 779 1341 xxxu,
820 1275 880 1331 18
911 1275 930 1346 )
968 1293 980 1326 :
1015 1272 1176 1326 Deum
1207 1271 1294 1340 qui
1326 1279 1372 1323 te
1391 1268 1597 1340 genuit,
1625 1263 1954 1334 dereliquisti.
1989 1260 2057 1314 Et
2083 1256 2208 1311 alibi

609 1369 751 1442 (Job.
779 1383 1002 1423 suum.
1031 1365 1126 1431 28)
1154 1383 1168 1419 :
1202 1363 1329 1431 Quis
1352 1404 1368 1429 ,
1394 1362 1585 1431 inquit,
1610 1369 1684 1415 est
1708 1358 1794 1428 qui
1825 1354 2019 1427 peperit
2038 1354 2209 1423 glebas

607 1461 742 1516 roris
763 1461 789 1514 ?
813 1459 929 1514 Non
958 1465 1202 1513 naturam
1234 1471 1299 1511 ex
1332 1465 1520 1509 natura
1551 1465 1860 1522 exponens,
1887 1446 1980 1502 sed
2005 1455 2210 1499 naturas

2311 421 2518 474 luntate
2544 414 2952 487 generationem
2983 430 2994 464 :
3051 410 3183 465 nihil
3230 419 3306 464 est
3330 407 3458 462 enim
3482 407 3540 462 de
3576 411 3790 465 substantia

2311 515 2462 582 ejus:
2496 523 2686 566 cuncta
2717 516 2895 563 autem
2921 505 3197 558 voluntate
3227 503 3339 570 ejus
3369 500 3522 562 facta,
3546 505 3794 572 unutuqtud-

2309 623 2414 676 que
2439 617 2489 659 ut
2519 617 2574 660 et
2596 603 2840 658 ell‘ectuin
2866 609 2967 655 est.
3001 599 3064 653 Et
3093 597 3180 652 ille
3203 594 3411 666 quidem
3438 594 3584 649 Deus:
3621 597 3792 662 quadam

2313 711 2490 753 autem
2532 697 2596 751 ad
2625 693 3033 751 similitudinem
3065 689 3181 760 ejus
3210 704 3302 757 per
3345 687 3506 756 ipsmn
3535 686 3642 760 λόγῳ
3664 687 3797 742 similia

2311 791 2526 847 l‘utura:
2579 789 2824 859 quaedam
2860 795 3038 840 autem
3075 784 3231 854 juxta
3284 779 3692 848 participationem
3713 783 3797 836 sub-

2311 884 2524 940 stantite
2552 883 2691 936 facta
2725 923 2738 946 ,
2794 880 2977 934 omnia
3001 887 3179 930 autem
3216 890 3307 942 per
3336 876 3493 943 ipsum
3520 887 3547 925 a
3570 872 3797 940 Deoiacta,

2314 976 2492 1032 omnia
2521 986 2696 1028 autent
2724 988 2786 1028 es
2824 973 2951 1026 Deo.
2983 972 3110 1038 Quae
3142 967 3405 1036 accipiens
3429 977 3479 1020 et
3504 966 3731 1020 destructis
3750 981 3800 1021 se-

2310 1069 2544 1123 cundum
2597 1081 2716 1136 qua}
2758 1063 2913 1117 adest
2958 1063 3051 1116 tibi
3098 1059 3355 1114 divinitus
3393 1057 3586 1127 gratia,
3638 1057 3802 1115 scribere

2312 1159 2533 1214 domino
2561 1172 2680 1212 meo
2701 1153 3012 1210 Alexandro
3039 1167 3190 1207 cura.
3247 1148 3457 1205 Credidi
3497 1149 3621 1203 enim
3655 1149 3746 1218 quia
3774 1149 3803 1204 si

2317 1251 2599 1322 scripseris
2628 1249 2765 1320 ipsi,
2800 1247 3060 1317 pudorem
3087 1245 3167 1300 illi
3188 1243 3372 1299 latins.
3397 1241 3565 1297 Saluta
3586 1257 3729 1296 omnes
3745 1244 3800 1313 qui

2317 1355 2440 1400 sunt
2465 1345 2514 1398 iu
2543 1344 2788 1396 Domino.
2819 1340 3037 1396 Salvum
3067 1349 3118 1392 te
3139 1380 3153 1403 ,
3187 1347 3242 1393 ct
3269 1352 3365 1408 pro
3391 1335 3535 1392 nobis
3561 1345 3747 1392 orantem
3760 1338 3802 1391 di-

2319 1438 2445 1491 vina
2468 1435 2638 1506 gratia
2667 1431 2935 1489 custodiat
2967 1473 2981 1498 ,
3003 1430 3243 1487 domine.
3278 1448 3298 1483 ι

1949 1552 2313 1614 νΑιιιυηυΜ
2353 1547 2586 1605 NOTAE.

681 1671 789 1728 Sed
817 1679 862 1726 et
884 1686 935 1725 IN
962 1668 1294 1723 dissimil.....
1330 1662 1652 1741 naturaliter.
1702 1658 1812 1741 [αρε
1865 1673 1933 1741 ne
1963 1650 2202 1741 dissimil.
2239 1656 2286 1716 Β

603 1745 697 1801 Gr.
730 1745 856 1799 ἀλλὰ
885 1745 969 1796 καὶ
999 1742 1082 1795 ἐπὶ
1107 1747 1206 1795 τῶν
1228 1738 1470 1808 ἀνομοίων
1499 1736 1641 1806 αὐτῷ
1667 1733 1797 1786 κατὰ
1822 1732 1988 1786 πάντα
2012 1733 2074 1808 τῇ
2105 1732 2198 1808 -

609 1795 1030 1876 asavatevsgsed
1060 1811 1210 1865 etiam
1237 1809 1299 1861 de
1316 1795 1437 1860 aliis
1457 1822 1572 1872 qua:
1589 1795 1773 1856 natura
1789 1795 2086 1876 prorsus-tib
2113 1795 2204 1849 illo

606 1871 918 1957 discrepant.
965 1883 1200 1957 Sic-mox
1235 1878 1461 1957 Alilplls
1491 1876 1759 1957 interpres
1929 1871 2205 1946 ἀνθρώπων

608 1944 847 2012 νει-ιη’ἰη
877 1954 1163 2008 hominibus
1189 1968 1206 2014 ;
1238 1948 1438 2004 rectius
1463 1988 1476 2008 ,
1511 1947 1574 2000 de
1605 1944 1913 1997 hominibus.

679 2025 864 2082 Glebas
878 2025 1025 2078 roris.
1049 2010 1411 2077 Theodoritus
1431 2019 1575 2085 juxta
1600 2032 1702 2071 Lxx
1725 2014 1825 2068 Job
1857 2027 2081 2071 xxxvru,
2099 2010 2202 2085 28:

605 2102 684 2160 τίς
709 2099 737 2180 ῥ
765 2101 983 2208 gerendi;
1009 2096 1207 2168 βώλους
1233 2080 1469 2168 δρόσου-ς
1503 2089 1657 2159 Vulg.
1689 2085 1816 2152 Quis
1842 2087 2012 2156 genuit
2040 2080 2206 2136 Stiuas

611 2187 746 2208 mn.

611 2187 746 2225 rarts
779 2188 792 2222 .‘

679 2241 760 2294 Ad
785 2237 1170 2296 similitudinem
1192 2236 1303 2306 eius
1326 2246 1415 2305 per
1435 2234 1620 2304 ipsum.
1643 2229 1818 2286 Verba
1851 2243 1940 2298 per
1960 2227 2126 2298 ipsum
2150 2233 2205 2278 et

621 2434 1241 2460 W
1260 2429 1408 2450 ,Ἀῗῒῗ

2320 1645 2420 1698 alia
2460 1642 2713 1700 nonnulla
2754 1641 2842 1696 hic
2891 1639 3218 1695 redundant.
3269 1638 3444 1694 Locus
3487 1639 3664 1706 integer
3695 1653 3806 1706 [trace

2311 1716 2390 1770 sic
2420 1732 2478 1770 se
2506 1715 2718 1790 habet}
2763 1713 2945 1790 reide",
2970 1715 3101 1790 πρὸς
3132 1711 3404 1790 ὁμοιότητῆα
3437 1713 3575 1767 αὐτοῦ
3596 1711 3698 1782 λόγῳ
3717 1707 3805 1780 ὅμοιαι

2308 1790 2541 1861 ἐσόμενα.
2575 1789 2641 1861 rei
2671 1784 2724 1861 δὲ
2746 1785 2854 1840 καθ’
2902 1783 3246 1861 inconstantia
3267 1783 3523 1856 γενόμενα.
3573 1783 3627 1837 τὰ
3646 1783 3805 1838 stam

2308 1859 2372 1916 δι’
2398 1862 2550 1914 αὐτοῦ
2591 1858 2692 1912 ὑπὸ
2715 1863 2806 1912 τοῦ
2835 1863 2966 1912 Θεοῦ
2997 1852 3257 1929 γενομένῳ,
3275 1852 3450 1909 ’πὰνλτα
3479 1852 3530 1910 δὲ
3553 1855 3599 1908 ἐκ
3621 1859 3695 1906 τοῦ
3710 1859 3801 1908 Θεοῦ.

2310 1930 2363 1984 ΙοΙ
2390 1940 2473 1983 υκι
2504 1949 2515 1980 :
2553 1929 2866 1993 Qawautem
2887 1929 2953 1980 ad
2983 1925 3375 1979 similitudinem
3405 1926 3510 1994 ejus
3539 1927 3661 1976 verbo
3681 1925 3800 1976 sinuin

2308 2011 2426 2054 sunt
2454 2001 2630 2068 futura
2660 2041 2675 2062 ,
2727 2001 2841 2068 ejus
2867 1998 3128 2052 voluntate
3155 2001 3295 2066 facta
3339 2005 3477 2068 sunt.
3532 1995 3684 2049 Unmia
3701 2005 3806 2046 autat

2311 2090 2401 2142 per
2425 2066 2596 2138 ipsum
2619 2086 2651 2122 a
2680 2066 2805 2124 Deo.
2845 2070 3034 2123 Omnia
3055 2070 3272 2142 demque
3303 2085 3367 2120 ex
3399 2066 3519 2120 Deo.

2387 2137 2456 2196 Et
2480 2144 2842 2196 destrnens....
2877 2142 3064 2214 gratia.
3092 2137 3197 2214 Gri
3223 2140 3689 2214 meammeam.-
3727 2137 3805 2188 uti

2307 2221 2398 2275 τὴν
2421 2214 2721 2293 προο-οῦσάν
2747 2234 2854 2293 ⁸σοι
2875 2213 3037 2293 θεόθςγ
3088 2212 3269 2287 χάριν.
3308 2209 3375 2263 Et
3400 2209 3489 2280 pro
3517 2209 3713 2264 diuinitus
3733 2224 3805 2260 cut-

2311 2283 2474 2340 cessa'
2498 2286 2588 2339 tibi
2621 2285 2792 2355 gratia
2825 2283 3138 2355 perpetiens.

1955 2402 3787 2438 MM

3735 2421 3760 2428 ς

1943 2511 2568 2601 VICTORINI

1531 2677 1990 2762 jADVERSUS
2034 2673 2290 2737 ARIUM
2344 2672 2583 2733 LIBER
2617 2669 2934 2733 PRIMUS.

674 2839 719 2898 ι.
754 2841 808 2896 In
836 2839 1012 2912 primo
1034 2849 1286 2893 sermone
1316 2833 1474 2904 hujus
1496 2829 1675 2902 operis
1709 2868 1723 2892 ,
1756 2835 1810 2883 et
1839 2825 2006 2880 multa
2026 2821 2204 2878 etfor-

605 2938 741 2995 tiora
768 2932 1014 3006 quaedam
1034 2931 1196 2985 etiam
1233 2927 1424 2981 borum
1442 2968 1458 2990 ,
1501 2939 1533 2978 0
1564 2924 1734 2976 amice
1756 2917 1991 2974 Candide
2017 2957 2032 2979 ,
2081 2928 2204 2984 pro-

2313 2833 2487 2886 neque
2508 2816 2585 2871 'ah
2611 2814 2787 2886 aliqua
2818 2812 3098 2884 superiore
3124 2813 3210 2868 vel
3236 2813 3476 2882 potentia
3502 2853 3516 2880 ,
3541 2809 3615 2866 vel
3637 2807 3811 2878 excogita

2316 2915 2462 2966 tione
2482 2952 2496 2975 ,
2518 2919 2574 2965 et
2601 2908 2762 2963 audet
2785 2916 2963 2962 tamen
2986 2906 3169 2962 dicere
3195 2947 3209 2971 ,
3239 2905 3550 2977 figmentum
3572 2918 3672 2960 esse
3689 2903 3807 2963 lilium,

605 3030 782 3101 posita
810 3003 969 3095 atque
999 3029 1226 3077 tractata
1257 3020 1352 3072 abs
1377 3027 1429 3071 te
1459 3024 1582 3069 sunt
1617 3030 1631 3079 ;
1661 3025 1783 3082 qua:
1813 3022 2116 3079 quanquam
2148 3012 2204 3058 ut
2233 3027 2277 3090 C
2315 3009 2589 3063 voluntate
2628 3019 2682 3062 el,
2736 3005 2998 3062 sentenlia
3030 3005 3197 3074 putris
3221 3003 3520 3060 subsistere
3541 3044 3554 3068 ,
3585 3017 3670 3057 ηοη
3694 3015 3738 3053 ει
3753 2996 3811 3048 ali-

603 3120 843 3192 oportuit
870 3116 1133 3172 dissoluta
1162 3122 1288 3168 sunt
1308 3153 1322 3176 ,
1358 3119 1536 3164 tamen
1561 3106 1762 3160 idcirco
1794 3105 1894 3156 ista
1923 3115 1988 3154 ex
2018 3111 2204 3152 eorum

603 3213 848 3284 epistolis
878 3209 1067 3265 audire
1095 3208 1396 3272 volttimus;
1454 3213 1511 3256 ut
1532 3201 1657 3255 dum
1684 3201 1797 3253 haec
1826 3195 1970 3250 omni
2000 3192 2206 3248 refutao

605 3283 752 3362 tione
773 3302 1164 3364 convincimus,
1196 3297 1289 3352 illa
1311 3309 1522 3366 quoque
1545 3308 1610 3346 ex
1635 3291 1859 3344 istorum
1884 3283 2207 3340 refutatione

603 3402 903 3456 vincamus.
953 3396 1019 3450 Et
1047 3393 1274 3464 primum
1300 3385 1619 3444 deﬁnienda:
1649 3391 1775 3438 sunt
1821 3379 1932 3434 Arii
1964 3374 2208 3432 Eusebii-

606 3510 712 3565 que
736 3490 1020 3548 sententiae
1050 3529 1065 3552 ,
1096 3489 1273 3556 inquo
1319 3481 1472 3536 nobis
1495 3477 1832 3534 consentiant
1861 3514 1876 3539 ,
1934 3469 1989 3524 in
2013 3470 2206 3540 quibus

607 3588 939 3655 discrepent,
963 3583 1015 3637 iu
1038 3580 1232 3652 quibus
1259 3576 1360 3646 ipsi
1379 3575 1479 3629 sibi
1497 3573 1780 3626 videantur
1793 3563 2026 3620 adversi.
2044 3562 2207 3616 Arius

603 3680 680 3733 ait
711 3717 726 3740 ,
754 3653 994 3747 quoniam
1016 3673 1153 3741 [ilius
1180 3687 1280 3724 non
1303 3678 1374 3722 est
1395 3665 1672 3738 ingenitus.
1724 3659 1854 3713 ltcm
1908 3653 2171 3710 Eusebius
2189 3692 2204 3719 ,

604 3770 710 3824 hoc
742 3767 882 3822 idem
913 3764 1049 3834 quod
1093 3764 1195 3817 duo
1225 3778 1325 3815 non
1355 3759 1456 3813 sint
1493 3753 1736 3826 ingenita.
1798 3747 1963 3804 Nobis
1993 3758 2206 3816 quoque

605 3861 708 3916 ista
738 3856 1011 3914 sententia
1037 3866 1138 3910 est.
1165 3855 1358 3918 Arius,
1392 3852 1529 3919 ﬁlius
1559 3889 1574 3915 ,
1607 3845 1809 3917 inquit,
1840 3859 1961 3914 pars
1992 3837 2206 3912 ingeniti

604 3973 707 4011 non
729 3963 832 4021 est,
866 3967 1024 4023 neque
1051 3958 1123 4004 est
1154 3963 1217 4002 ea:
1240 3947 1412 4014 aliquo
1434 3943 1658 4015 subjecto
1691 3956 1708 3992 :
1738 3939 1852 3992 ltrec
1882 3937 1987 3990 duo
2015 3947 2067 3989 et
2101 3932 2206 3987 Eu-

603 4053 806 4110 sebius.
841 4049 908 4104 Et
932 4045 1114 4116 adjicit
1142 4062 1155 4098 :
1189 4059 1344 4113 neque
1371 4054 1529 4093 unum
1555 4037 1608 4090 in
1631 4034 1732 4087 duo
1753 4033 1968 4087 divisum
1993 4047 2011 4095 ;
2043 4028 2094 4082 id
2122 4035 2207 4081 est

603 4154 782 4199 autem
817 4182 832 4206 ,
880 4140 1046 4194 ﬁlium
1076 4146 1283 4208 partem
1309 4131 1527 4202 ingeniti
1577 4144 1684 4184 non
1712 4141 1854 4183 esse.
1910 4121 2015 4178 Sed
2042 4121 2206 4174 Ense-

601 4235 727 4292 bius
760 4253 773 4286 :
807 4232 987 4301 Neque
1016 4246 1172 4301 pars,
1213 4243 1374 4295 neque
1404 4223 1653 4296 afﬂuentia
1678 4263 1692 4284 ,
1726 4219 1937 4289 inquit,
1969 4225 2058 4271 est.
2090 4213 2206 4268 Hoc

606 4341 708 4382 nos
736 4323 1090 4381 consimiliter
1118 4333 1411 4391 negamus:
1449 4333 1569 4370 nam
1601 4327 1774 4383 neque
1804 4324 1926 4380 pars
1949 4310 2114 4379 patris
2138 4305 2204 4358 li-

2312 3118 2420 3172 quo
2448 3101 2725 3157 existenli.
2782 3100 2932 3155 Istud
2964 3116 3068 3154 non
3097 3109 3180 3155 est
3214 3099 3534 3168 principium
3563 3097 3641 3152 lilii
3663 3094 3808 3148 dicere:

2312 3194 2358 3248 si
2376 3195 2518 3248 enim
2545 3193 2678 3249 dicit
2706 3195 2806 3248 hoc
2839 3235 2852 3258 ,
2898 3209 2969 3248 ex
3001 3209 3106 3247 non
3139 3192 3498 3248 existentibus
3524 3199 3638 3256 est,
3673 3191 3812 3243 nones!

2310 3287 2479 3357 patris
2553 3303 2727 3356 neque
2780 3301 2946 3356 pars,
3003 3301 3180 3353 neque
3238 3285 3535 3340 elﬂuentia.
3588 3282 3682 3337 Non
3704 3278 3810 3333 solum

2312 3379 2572 3449 principia
2605 3379 2751 3434 nmit
2787 3421 2803 3446 ,
2837 3377 2929 3433 sed
2959 3389 3012 3434 et
3041 3385 3164 3440 τοῦς
3186 3379 3377 3453 λόγους
3417 3377 3545 3449 prim
3563 3358 3758 3446 ipiortun.
3780 3367 3813 3423 Si

2309 3485 2488 3527 autem
2515 3487 2620 3526 non
2647 3514 2663 3539 ,
2687 3487 2806 3542 qua:
2831 3470 3054 3526 audacia
3086 3479 3170 3527 est
3194 3471 3380 3526 dicere
3423 3490 3436 3525 :
3469 3471 3573 3526 Hoc
3599 3469 3731 3529 Deus,
3753 3463 3812 3516 hoc

2309 3564 2559 3619 Clu-inus
2581 3574 2666 3620 est
2697 3583 2710 3618 :
2744 3564 2846 3619 hoc
2877 3575 3030 3633 pater
3055 3604 3072 3630 ,
3118 3563 3220 3619 hoc
3261 3565 3452 3620 ﬁlius?
3503 3563 3602 3618 Nos
3623 3570 3753 3615 autem
3767 3553 3815 3609 di-

2311 3661 2483 3715 cimus
2515 3702 2528 3723 ,
2556 3671 2760 3731 patrem
2785 3668 2841 3714 ut
2868 3668 3073 3730 patrem
3103 3699 3120 3726 ,
3150 3659 3316 3714 hlium
3346 3672 3402 3715 ut
3437 3658 3614 3714 lilium.

2385 3753 2448 3808 ll.
2503 3753 2570 3808 Et
2615 3754 2846 3824 primttm
2900 3763 2958 3808 ut
3004 3753 3094 3808 ille
3153 3752 3440 3809 versiculis
3487 3753 3690 3823 quinque
3723 3741 3812 3818 ψ)οά

2317 3847 2615 3914 asserebat,
2644 3845 2894 3902 docuisse
2933 3860 2993 3902 se
3040 3844 3286 3911 credidit,
3321 3847 3489 3901 ﬁlium
3521 3845 3687 3900 factum
3708 3853 3812 3896 esse.

2311 3954 2417 3994 nou
2469 3949 2689 4005 natum;
2733 3939 2812 3994 sic
2861 3954 2962 3995 nos
3009 3939 3176 3994 tilium
3235 3949 3422 3994 natum
3475 3939 3677 4008 primum
3720 3939 3814 3986 sacri

2309 4033 2454 4086 omni
2488 4031 2724 4087 lectione
2753 4028 3092 4086 docebimus.
3127 4028 3332 4086 Deinde
3364 4029 3417 4085 id
3448 4031 3629 4100 ipsutn,
3653 4025 3730 4079 hoc
3747 4028 3814 4081 est.

2309 4123 2736 4180 substantialiter
2790 4122 2958 4178 lilium
2985 4165 3002 4188 ,
3045 4125 3398 4193 permittente
3446 4123 3535 4178 Dei
3572 4119 3748 4188 spiritu,
3783 4119 3816 4163 ut

2312 4232 2598 4287 possumus
2626 4230 2956 4271 asseremus.
2979 4215 3157 4286 Atque
3191 4230 3259 4270 ex
3286 4214 3394 4271 hoc
3425 4216 3638 4285 primum
3654 4214 3816 4267 sumam

2311 4307 2613 4363 elordium.
2665 4306 2865 4362 Paulus
2893 4306 2960 4361 ad
2993 4305 3258 4376 Ephesios
3290 4306 3509 4378 (Ephes.
3539 4322 3610 4370 ut,
3652 4295 3813 4365 ll-Ql)‘

605 4421 712 4477 lius
742 4462 758 4487 ,
809 4432 982 4489 neque
1034 4385 1311 4471 el‘llueittia
1361 4426 1478 4481 qua:
1531 4406 1800 4464 manando
1831 4404 1955 4459 inde
1981 4444 1995 4467 ,
2027 4401 2205 4455 minus
2230 4421 2285 4481 D
2315 4398 2486 4473 Hujus
2526 4401 2601 4454 rei
2639 4401 2810 4470 gratia
2852 4401 3002 4469 ﬂecto
3023 4415 3189 4471 genua
3217 4416 3330 4453 mea
3354 4400 3424 4453 ad
3463 4408 3643 4469 patrem
3677 4385 3816 4446 Domini

604 4513 793 4569 fecerit
823 4510 967 4566 unde
993 4507 1240 4562 manarit.
1267 4505 1384 4560 lam
1413 4518 1542 4559 vero
1571 4516 1636 4556 ex
1657 4515 1763 4553 non
1812 4496 2056 4565 subjecto
2081 4507 2206 4548 esse

604 4607 750 4662 ferre
804 4619 910 4658 non
939 4613 1224 4671 possumus
1253 4614 1265 4651 :
1312 4612 1416 4651 non
1445 4593 1585 4664 quod
1643 4605 1741 4644 nos
1781 4605 1844 4644 ex
1873 4587 2051 4657 aliquo
2078 4583 2204 4638 sub.

602 4698 746 4767 jecto
800 4711 921 4752 es~e
970 4695 1212 4748 dicamus
1242 4733 1256 4754 ,
1310 4687 1403 4744 sed
1458 4684 1599 4755 quod
1637 4698 1669 4737 a
1710 4691 1858 4752 patre
1906 4689 1961 4732 ttt
2014 4677 2198 4731 lilium.

607 4791 768 4845 Arius
799 4831 814 4854 ,
845 4789 1102 4843 voluntate
1129 4826 1145 4851 ,
1173 4783 1381 4854 inquit,
1416 4779 1511 4835 Dei
1533 4778 1759 4832 subsistit
1785 4775 1922 4845 ﬁlius
1947 4782 2065 4826 ante
2087 4781 2205 4823 tem-

608 4897 736 4952 pora
765 4891 812 4936 et
835 4896 1020 4934 mones.
1071 4878 1218 4932 ldem
1249 4883 1303 4929 et
1329 4873 1597 4928 Eusebius
1661 4889 1674 4924 :
1706 4868 1812 4924 Nos
1844 4876 1966 4920 ante
2009 4878 2200 4920 omnes

607 4986 821 5036 mones,
874 4979 930 5025 et
957 4980 1082 5024 ante
1121 4969 1297 5021 (Munia
1331 4976 1612 5034 tempora;
1671 4961 1764 5017 sed
1805 4959 2040 5032 genitum
2068 4957 2203 5012 dici-

607 5077 764 5132 mus,
819 5077 923 5116 non
973 5061 1211 5124 factum,
1242 5074 1346 5112 nou
1391 5066 1633 5112 creatum
1673 5097 1686 5122 ,
1740 5071 1845 5109 non
1900 5051 2198 5106 fundatum.

604 5156 768 5213 Arius
794 5153 920 5208 dicit
955 5172 969 5208 :
1004 5151 1199 5206 Filium
1248 5151 1461 5219 factum,
1514 5148 1717 5202 scilicet
1746 5148 1950 5217 plenum
1994 5145 2159 5198 Deum
2181 5130 2206 5207 ,'

602 5247 961 5320 unigenitum,
1017 5242 1426 5302 immutabilem,
1483 5239 1570 5309 qui
1626 5249 1892 5308 antequam
1945 5245 2202 5290 crearetur

605 5361 708 5398 non
739 5342 894 5414 fuerit
928 5381 942 5404 ,
979 5345 1241 5406 prapterea
1263 5333 1399 5404 quod
1424 5349 1524 5386 non
1553 5332 1616 5383 sit
1646 5332 1920 5401 ingenitus.
1968 5330 2089 5383 llzrc
2112 5344 2203 5383 ea-

602 5435 726 5490 dem
759 5433 1054 5489 Eusebius,
1081 5426 1367 5494 adjiciens,
1392 5422 1528 5493 quod
1549 5421 1687 5489 ﬁlius
1715 5422 1884 5474 onmia
1907 5421 2111 5490 facienti
2136 5419 2202 5472 sit

601 5525 784 5581 similis
815 5543 832 5579 :
859 5539 957 5579 nos
989 5529 1204 5583 contra,
1234 5531 1341 5572 non
1371 5516 1513 5571 enim
1538 5514 1791 5574 similem.
1825 5512 1918 5567 sed
1952 5512 2198 5567 eumdem

605 5619 856 5686 dicimus,
878 5616 1076 5687 quippe
1095 5628 1162 5669 ex
1189 5608 1378 5666 eadem
1409 5605 1727 5664 substantia.
1756 5603 2025 5659 Praeterea
2055 5603 2204 5658 addit

601 5709 892 5775 Eusebius,
922 5704 1246 5778 principium
1280 5700 1374 5757 lilii
1405 5699 1530 5758 sciri
1561 5712 1660 5756 nec
1680 5696 1748 5754 ab
1767 5695 1986 5754 homine
2013 5687 2222 5766 posse,

2309 4491 2471 4547 nostri
2499 4491 2629 4546 Jcsu
2657 4490 2871 4558 Christi,
2894 4507 2960 4546 ex
2987 4508 3085 4561 quo
3117 4491 3281 4544 omnis
3303 4494 3577 4560 paternitas
3603 4489 3646 4542 ia
3671 4481 3769 4538 cali:
3788 4481 3816 4530 el

2308 4585 2359 4638 in
2383 4594 2518 4639 terra
2549 4585 2865 4648 nominatur,
2906 4593 2961 4637 ut
2988 4583 3071 4638 det
3100 4582 3239 4636 vobis
3265 4583 3538 4637 secundum
3566 4577 3731 4634 divitias
3749 4570 3818 4642 glo'

2307 4677 2400 4731 ria!
2421 4692 2548 4741 sua),
2579 4677 2762 4731 virtute
2802 4677 3084 4746 confortari
3114 4693 3205 4742 per
3243 4678 3480 4747 spiritum
3524 4688 3657 4727 suum
3679 4672 3719 4722 in
3740 4665 3819 4716 ina-

2307 4770 2444 4822 riore
2469 4769 2693 4833 homine,
2727 4767 2960 4820 habitare
2985 4765 3246 4822 Christum
3285 4785 3376 4834 per
3408 4767 3557 4836 ﬁdem
3583 4764 3629 4816 in
3655 4755 3817 4814 cardiu!

2309 4861 2504 4923 uestris,
2537 4863 2589 4913 in
2613 4860 2860 4914 charitate
2885 4859 3107 4912 radicuti
3127 4868 3173 4912 et
3205 4860 3424 4928 fundati,
3460 4869 3513 4913 ut
3536 4851 3711 4928 possitis
3731 4857 3818 4898 εοπι·

2311 4954 2619 5026 prehendere
2649 4971 2765 5007 cum
2807 4952 3039 5006 onmibus
3086 4953 3299 5018 sanctis,
3348 4968 3466 5024 qua:
3503 4951 3564 5006 sit
3597 4941 3767 5002 latitudo
3790 4939 3818 4985 ά

2310 5045 2599 5116 longitudo,
2648 5055 2694 5098 et
2723 5043 2940 5097 altitudo
2974 5053 3021 5096 et
3058 5044 3369 5110 profundum
3398 5059 3416 5096 :
3445 5043 3570 5097 scire
3605 5038 3726 5092 etiam
3757 5042 3815 5080 δι’

2311 5139 2697 5208 ρρνεηιίηρηεειη
2720 5136 2945 5190 scientia:
2974 5137 3274 5190 charitatem
3293 5135 3501 5198 Christi,
3515 5143 3568 5187 ut
3589 5115 3817 5198 impleant”i

2310 5234 2362 5286 in
2391 5248 2588 5286 omnem
2616 5230 2980 5304 plenitudinem
3010 5229 3127 5284 Dei.
3160 5228 3225 5283 Ei
3255 5239 3424 5284 autem
3451 5229 3531 5298 qui
3566 5229 3701 5296 potest
3715 5223 3814 5281 αιΡσ

2310 5325 2478 5377 onmia
2515 5328 2684 5395 facere
2708 5321 3054 5376 abundantius
3101 5339 3253 5392 quam
3299 5331 3513 5391 petimus
3535 5328 3615 5372 aut
3640 5304 3812 5375 intelligi-

2306 5435 2441 5480 mus,
2493 5417 2770 5471 secundum
2820 5416 3057 5470 virtutem
3097 5433 3210 5485 quae
3237 5424 3480 5485 operatur
3516 5415 3564 5467 in
3591 5408 3727 5465 nobis.
3749 5395 3813 5469 iliSi

2304 5511 2472 5581 gloria
2501 5511 2552 5563 in
2581 5503 2795 5563 Christo
2813 5509 2967 5574 .Iesu,
2987 5519 3033 5563 et
3055 5509 3314 5584 ἐκκλησίᾳ,
3337 5510 3391 5562 in
3421 5522 3584 5560 omnes
3601 5491 3812 5574 generatio-

2304 5617 2394 5656 nes
2434 5601 2767 5657 saaculorum.
2803 5599 2940 5668 Quid
2973 5617 3041 5656 ex
3089 5600 3171 5655 Itis
3214 5609 3436 5671 apparet
3488 5592 3811 5668 possibileessc

2304 5707 2630 5765 cognoscere
2678 5692 2848 5750 Deum
2886 5701 2943 5750 et
2986 5691 3082 5751 Dei
3111 5692 3279 5750 tilium
3310 5709 3323 5748 :
3350 5702 3403 5748 et
3424 5686 3671 5763 quomodo
3691 5687 3807 5754 palari
