4018 6184
237 277 362 336 id“

1392 276 1760 335 ADVERSUS
1799 276 2018 335 ARIUM
2060 280 2263 335 LIBER
2303 281 2343 335 Ι.

3348 280 3526 365 tet-2

234 392 496 463 quomodo
524 392 702 449 ﬁlius?
734 393 829 450 Est
855 403 1035 450 autem
1063 404 1117 450 et
1159 394 1291 449 illud
1334 394 1384 448 in
1421 394 1711 465 Evangelia
1738 409 1817 451 se-
1850 397 1899 455 A
1929 394 2108 450 dinem
2139 406 2222 452 est
2250 407 2403 467 pater
2432 407 2487 453 et
2517 398 3526 469 ideircoipsnmrequiescereﬂperari

220 489 458 545 'cuttdnnt
487 489 750 546 Joannem
806 490 999 563 (Joan.
1032 507 1082 555 ι,
1120 491 1206 562 18)
1235 507 1247 544 :
1283 489 1448 545 Deum
1494 488 1670 544 nullus
1700 489 1826 543 vidit

231 600 497 651 unquam:
530 586 818 656 unigenitus
863 585 1003 654 [ilius
1051 585 1136 653 qui
1185 594 1258 638 est
1301 584 1357 638 in
1403 584 1597 656 gremio
1639 584 1823 653 patris,

218 678 317 732 ille
338 679 592 749 exposuit.
616 679 878 734 Possibile
907 679 1065 746 igitur
1090 678 1272 733 dicere
1301 678 1368 732 de
1398 679 1598 743 Deo,et
1624 676 1824 732 idcirco

216 770 282 826 ~et
305 771 372 826 tle
400 771 532 827 ﬁlio.
574 771 704 840 Quis
734 771 877 826 enim
907 770 975 825 de
1006 783 1158 842 patre
1183 770 1471 841 exposuit?
1502 769 1662 824 ﬁlius.
1692 769 1824 837 Quis

232 865 363 920 iste?
391 868 479 933 qui
512 876 586 921 est
615 867 667 920 in
697 865 909 937 gremio.
940 864 1058 920 Neu
1105 865 1281 919 solnnt
1315 865 1489 934 igitur
1536 863 1819 934 processit,

231 962 321 1017 sed
347 963 471 1017 etin
499 966 706 1032 gremio
744 976 960 1032 semper
1000 970 1081 1015 est
1108 959 1269 1025 ﬁlius,
1315 958 1589 1014 sufﬁciens
1633 957 1824 1011 doctor

233 1054 297 1110 de
331 1069 500 1125 patre.
544 1054 682 1124 Quid
720 1054 1025 1108 enarravit?
1054 1051 1325 1123 quomodo
1358 1054 1516 1106 Deus.
1548 1049 1617 1105 Et
1649 1048 1821 1104 .luda-i

230 1158 347 1201 ante
384 1158 437 1201 et
485 1147 685 1203 ethnici
741 1156 1130 1202 enarraVerunt
1162 1164 1175 1200 :
1203 1144 1327 1215 quid
1360 1159 1489 1213 ergo
1506 1140 1821 1198 enarravit?

229 1248 426 1309 patrem
474 1238 665 1306 Deum,
696 1254 756 1294 se
786 1251 964 1294 autem
1011 1237 1197 1296 ﬁlmm.
1255 1248 1307 1292 et
1337 1237 1477 1307 quod
1520 1253 1586 1291 ex
1630 1234 1817 1290 eadem

226 1332 541 1397 substantia,
561 1341 614 1387 et
639 1330 780 1402 quod
806 1346 835 1384 a
859 1341 1007 1400 patre
1036 1328 1250 1384 exietit.
1278 1328 1415 1382 Dicit
1442 1328 1585 1382 enim
1632 1323 1815 1395 (Joan.

225 1439 334 1489 vut,
370 1423 458 1497 19)
488 1443 500 1478 :
536 1423 717 1495 Neque
746 1442 824 1479 me
868 1425 1051 1492 nostis,
1103 1438 1263 1493 neque
1311 1430 1505 1491 putrem
1538 1435 1723 1474 meum.
1758 1416 1820 1473 Si

223 1518 354 1572 enim
380 1535 460 1573 me
488 1520 724 1584 nossetis,
753 1520 966 1574 nossetis
993 1529 1039 1573 et
1070 1528 1267 1589 patrem
1314 1532 1503 1570 meum.
1533 1513 1646 1568 Hoc
1682 1529 1817 1567 nun-

224 1624 377 1681 quam
408 1612 635 1678 diceret,
661 1613 900 1678 nossetis,
943 1613 1042 1667 nisi
1076 1611 1236 1676 ﬁlius,
1268 1620 1318 1665 et
1371 1608 1513 1663 lilius
1558 1607 1814 1663 substan-

220 1702 416 1758 lialiter
441 1721 455 1758 :
485 1703 549 1759 Si
575 1721 652 1759 me
675 1707 909 1770 nossetis,
929 1705 1140 1760 nossetis
1160 1713 1207 1759 et
1229 1714 1442 1774 patrem.
1472 1700 1813 1772 Figmenttnn

1932 488 2074 543 enim
2101 489 2286 556 etiam,
2316 491 2359 543 si
2397 490 2860 560 itnperfectionem
2892 499 3165 561 Opi-ratur,
3200 490 3252 543 itt
3286 488 3529 545 molestia

1930 589 2144 635 motus:
2177 581 2278 635 ista
2316 581 2595 637 beatitudo
2621 591 2726 651 est,
2760 582 3053 638 secundum
3084 580 3229 652 quod
3267 591 3353 637 est
3393 595 3525 651 ope-

1926 672 2033 726 rari
2065 672 2322 741 perlecta.

1998 762 2087 818 ιγ.
2114 763 2252 819 Audi
2286 766 2449 835 igitur
2478 775 2530 821 et
2562 767 2728 822 aliud.
2760 767 2914 835 Quod
2935 777 3016 822 est
3039 781 3192 835 esse,
3227 775 3383 839 pater
3409 776 3526 822 est:

1926 856 2066 926 quod
2096 869 2177 911 est
2202 860 2436 928 operari,
2465 860 2609 934 λόγος
2642 868 2734 914 :et
2775 864 2925 931 prius
2955 868 3040 914 est
3077 860 3218 930 quod
3245 871 3324 914 e5t
3355 872 3478 914 eSse
3511 875 3526 925 ;

1925 949 2253 1014 secundum,
2287 952 2427 1020 quod
2472 962 2557 1007 est
2586 953 2822 1021 operari.
2866 952 3041 1007 Habet
3083 951 3300 1021 quidem
3349 952 3525 1022 ipsum

1926 1042 2066 1112 quod
2096 1055 2178 1098 est
2207 1058 2348 1106 esse,
2396 1045 2540 1098 intus
2581 1045 2796 1099 insitam
2844 1045 3214 1115 Operationent
3243 1062 3256 1098 :
3288 1046 3332 1100 si
3378 1047 3526 1101 enim

1927 1144 2095 1197 tttnttt,
2130 1137 2231 1189 hoc
2260 1144 2365 1198 est,
2395 1136 2733 1207 operatione,
2766 1153 2887 1207 qua:
2918 1139 3021 1192 vita
3052 1148 3145 1192 aut
3169 1140 3257 1205 qui
3290 1139 3529 1194 tntellec-

1929 1236 2013 1281 lus
2044 1239 2125 1282 est
2158 1242 2329 1295 εει·μο
2359 1242 2463 1282 ιιοιι
2497 1242 2580 1283 εει
2606 1230 2782 1282 solum
2829 1243 2951 1283 esse
2975 1269 2991 1294 ,
3041 1230 3135 1284 ενα
3171 1227 3347 1299 ipsum
3387 1230 3533 1300 quod

1926 1320 2157 1389 primum
2177 1330 2259 1375 est
2281 1336 2421 1384 esse,
2452 1320 2828 1390 prOplerqttod
2851 1324 2934 1375 est
2955 1324 3003 1375 ei
3034 1322 3210 1389 quiest
3225 1336 3319 1377 ere
3345 1324 3521 1377 solum

1924 1413 2098 1484 ipsum
2124 1430 2245 1470 esse
2275 1432 2288 1468 :
2319 1424 2403 1469 est
2426 1415 2527 1468 isto
2555 1414 2716 1470 modo
2741 1427 2791 1469 et
2826 1416 2968 1484 quod
3001 1424 3083 1469 εει
3108 1416 3349 1483 operari,
3381 1415 3526 1485 quod

1922 1507 2346 1573 estsetatndutn,
2406 1508 2659 1577 quoniam
2703 1523 2807 1562 non
2866 1509 3029 1573 intus,
3088 1507 3182 1562 sed
3228 1522 3355 1562 cum
3396 1506 3530 1563 iuris

1922 1611 2199 1672 operatur,
2220 1604 2430 1670 operari
2449 1601 2666 1655 dicitur.
2693 1602 3001 1670 Apparente
3022 1602 3166 1656 enim
3186 1592 3522 1672 operatione,

1921 1703 1976 1747 et
2022 1703 2106 1747 est
2144 1702 2199 1748 et
2253 1693 2560 1747 nominatur
2615 1693 2881 1762 operatio,
2933 1703 2987 1749 et
3029 1702 3085 1747 ιιι
3122 1693 3399 1762 generatio
3447 1692 3533 1747 sui

221 1795 357 1850 cuitu
404 1796 447 1849 si
496 1806 661 1862 εεκει,
714 1814 820 1852 non
868 1813 933 1852 ex
983 1798 1101 1868 ipso
1147 1807 1302 1867 pater
1339 1805 1675 1858 nosceretur,
1718 1791 1811 1847 sed

1926 1783 2086 1853 ipsius
2118 1796 2172 1839 et
2196 1783 2499 1838 aestimatur
2523 1792 2577 1838 et
2612 1794 2696 1839 est
2728 1785 2863 1839 :sie'
2885 1784 3044 1854 igitur
3078 1784 3129 1838 id
3172 1784 3347 1853 ipsum
3378 1783 3525 1853 quod

222 1888 456 1957 potentia
492 1888 585 1942 Dei
631 1900 682 1943 et
713 1889 995 1957 divinitas,
1037 1903 1091 1945 ttt
1127 1890 1324 1944 Paulus
1353 1888 1487 1944 dixit
1517 1905 1530 1941 :
1565 1884 1743 1956 (Rom.
1770 1902 1807 1952 ι,

215 1980 328 2052 20).
364 1981 627 2037 Mirabilia
653 1986 789 2038 enim
818 1985 932 2056 ejus
957 2002 991 2038 a
1025 1994 1262 2039 creatura
1287 1983 1466 2037 mundi
1499 1998 1591 2052 per
1613 1997 1673 2035 ea
1698 1996 1813 2051 qua!

218 2075 352 2147 facta
380 2083 498 2130 sunt
519 2117 534 2141 ,
562 2077 821 2131 intellecta
864 2089 1146 2131 noscuntur
1168 2094 1187 2131 :
1212 2085 1403 2131 interna
1453 2089 1650 2144 quoque
1701 2073 1812 2140 eius

217 2168 376 2222 virtus
419 2184 479 2222 ac
524 2168 784 2224 divinitas.
824 2170 889 2225 Et
920 2170 1154 2238 Spiritus
1200 2176 1419 2223 sanctus
1466 2165 1717 2237 exposuit
1745 2163 1813 2219 dc

200 2246 452 2326 Christo,
484 2261 642 2317 sicuti
672 2260 801 2316 dtcit
826 2262 1074 2318 Salvator
1112 2263 1164 2316 itt
1196 2260 1491 2332 Evangelia
1512 2257 1810 2316 secundum

215 2349 475 2408 Joannem
507 2353 706 2424 (Joan.
756 2370 866 2417 xw.
919 2355 1032 2426 16)
1069 2372 1083 2412 :
1131 2355 1363 2427 Spiritus
1412 2364 1618 2409 sanctus
1662 2370 1811 2424 quem

216 2447 376 2501 mittet
428 2445 582 2502 Pater
603 2448 658 2501 in
690 2465 802 2503 meo
847 2449 1070 2515 nomine,
1118 2448 1228 2519 ipse
1256 2464 1343 2502 ros
1372 2447 1569 2502 docebit
1615 2447 1808 2502 omnia.

214 2536 271 2594 Si
308 2539 467 2608 igitur
492 2541 569 2594 sic
599 2550 720 2594 sunt
757 2540 878 2603 ista,
913 2540 1201 2595 didicimus
1232 2550 1287 2596 et
1317 2549 1522 2612 patrem
1558 2548 1613 2594 et
1643 2540 1809 2594 ﬁlimn

200 2634 268 2685 ἐι
300 2631 349 2684 in
381 2632 582 2688 sanctis
608 2633 911 2703 scripturis,
940 2643 996 2688 et
1022 2649 1053 2687 a
1084 2632 1279 2704 spiritu
1323 2649 1481 2705 quem
1529 2631 1810 2687 doctorem

216 2722 379 2779 habet
407 2724 510 2781 ﬁde
538 2736 756 2781 sanctus
775 2728 876 2781 vir.

287 2818 375 2874 Ill.
414 2820 662 2876 Dicamus
704 2822 866 2892 igitur
896 2823 1210 2892 scripturas,
1242 2831 1296 2877 et
1339 2822 1569 2893 primum
1619 2834 1813 2876 secun-

216 2913 343 2969 dum
395 2912 658 2969 Joannem
690 2933 703 2968 :
733 2915 861 2970 dicit
904 2917 1049 2972 enim
1104 2915 1299 2990 (Joan.
1338 2933 1377 2979 ι,
1414 2914 1490 2989 1),
1539 2914 1813 2986 quomodo

215 3006 356 3081 λόγος
396 3019 449 3061 et
487 3008 539 3061 in
584 3008 716 3075 print
736 3006 846 3078 ipio
898 3019 1036 3076 erat,
1085 3020 1140 3065 et
1177 3011 1320 3065 circa
1369 3010 1534 3064 Deum
1578 3016 1727 3074 erat,
1760 3018 1813 3063 et

192 3086 488 3167 'qnomodo
535 3096 676 3152 Deus
716 3110 833 3155 erat
874 3102 1039 3177 λόγος.
1093 3100 1360 3172 Numquid
1414 3103 1482 3158 de
1525 3102 1632 3157 alio
1682 3102 1815 3157 dicit

1915 1894 2000 1941 est
2030 1884 2262 1953 operari,
2298 1891 2353 1938 et
2393 1883 2569 1952 ipsum
2599 1898 2720 1938 esse
2750 1881 2942 1948 habet,
2985 1881 3155 1952 magis
3186 1892 3365 1936 autem
3416 1896 3526 1936 non

1915 1977 2083 2032 habet
2109 1992 2124 2031 ε
2158 1977 2332 2046 ipsum
2363 1975 2508 2030 enim
2535 1976 2747 2043 Operari
2781 1990 2905 2030 esse
2930 1986 3047 2040 e5t;
3091 1972 3252 2028 simul
3282 1971 3428 2027 enim
3471 1981 3530 2027 et

1916 2070 2168 2140 simplex,
2211 2080 2264 2125 et
2294 2083 2416 2125 esse
2446 2079 2500 2123 et
2539 2068 2775 2138 operari,
2823 2082 3011 2123 eorum
3048 2083 3169 2136 quae
3199 2080 3364 2136 supra
3402 2074 3529 2120 sunt

1916 2175 2106 2221 natura
2147 2173 2231 2221 est
2273 2164 2554 2219 declarans
2579 2172 2634 2218 et
2660 2162 2848 2218 sortita
2876 2180 2889 2216 :
2918 2161 3212 2217 secundum
3257 2160 3400 2233 quod
3440 2169 3527 2217 est

1915 2259 2286 2329 requiescere,
2321 2258 2496 2328 ipsum
2536 2272 2658 2312 esse
2686 2264 2743 2314 et
2777 2256 3172 2321 subatantiam;
3221 2254 3520 2311 secundum

1915 2361 2092 2405 autem
2117 2349 2257 2420 quod
2278 2359 2362 2405 est
2381 2350 2433 2404 in
2453 2359 2599 2404 motu
2618 2363 2760 2413 esse,
2782 2349 3072 2413 actionem,
3098 2347 3468 2417 Opemtionem
3507 2365 3520 2400 :

1914 2443 2019 2497 hoc
2034 2451 2210 2497 autem
2224 2441 2367 2513 quod
2381 2449 2467 2497 est
2482 2444 2533 2496 itt
2549 2450 2692 2495 tnotn
2707 2439 3145 2507 esse,declaratio
3154 2436 3368 2507 estejus
3379 2438 3521 2509 quod

1914 2541 1999 2587 est
2019 2547 2142 2588 esse
2169 2534 2466 2587 secundum
2495 2532 2784 2588 actionem.
2816 2531 2882 2586 Et
2904 2531 3104 2586 ideirco
3138 2529 3303 2603 (Ibid.
3335 2530 3395 2602 9)
3417 2541 3525 2605 erat

1914 2626 2087 2680 lumen
2108 2626 2250 2696 quod
2269 2636 2353 2682 est
2374 2640 2569 2691 verum,
2592 2624 2731 2695 quod
2761 2624 3023 2679 illuminat
3042 2640 3240 2679 onmem
3267 2624 3525 2679 hominem

1915 2717 2195 2772 uenientem
2226 2718 2278 2770 in
2314 2726 2586 2773 mundum.
2619 2718 2782 2793 Λόγος
2801 2733 2930 2788 ergo
2959 2700 3137 2772 lumen
3166 2726 3250 2772 est
3274 2716 3417 2788 quod
3440 2726 3526 2772 est

1913 2828 2134 2880 verum;
2166 2823 2218 2868 et
2242 2814 2443 2869 idcirco
2485 2811 2648 2879 (Ibid.
2674 2813 2806 2883 5,4)
2829 2811 2967 2883 quod
2982 2823 3056 2867 est
3080 2815 3295 2883 faciunt,
3328 2812 3381 2865 in
3404 2811 3520 2881 ipso

1914 2905 2017 2958 rita
2043 2914 2139 2969 est,
2171 2913 2218 2958 et
2245 2905 2346 2957 vita
2372 2905 2545 2958 lumen
2571 2904 2835 2958 hominum
2865 2919 2884 2956 :
2910 2912 2963 2958 et
3006 2902 3121 2972 ipse
3147 2902 3314 2976 λόγος.
3344 2901 3523 2955 lumen

1914 3014 2100 3054 verum
2130 2996 2312 3069 (Ibid.,
2345 2998 2436 3069 19)
2477 2997 2741 3051 inmundo
2765 3006 2894 3061 erat,
2924 3005 2970 3049 et
2992 2994 3212 3047 mundus
3241 3011 3331 3063 per
3356 2993 3524 3063 ipsum

1918 3096 2088 3162 factus
2116 3100 2188 3146 est
2209 3106 2227 3154 ;
2246 3092 2335 3158 qui
2365 3092 2506 3144 ﬁlius
2528 3098 2611 3143 est
2645 3089 2760 3156 Dei,
2789 3088 2858 3144 de
2884 3103 2991 3158 quo
3019 3086 3147 3142 dicit
3172 3088 3189 3157 (
3216 3086 3357 3139 Ibid.
3376 3086 3469 3156 id)
3506 3104 3519 3139 :

216 3191 396 3265 λόγου
429 3189 650 3246 omnino
678 3191 747 3246 de
778 3192 905 3248 mi...
936 3168 1074 3262 Quid
1114 3168 1437 3270 630-1570;,
1472 3194 1517 3250 si
1558 3210 1625 3249 εχ
1666 3194 1815 3249 nullo
1841 3168 1887 3232 C
1920 3181 2087 3236 Deum
2118 3196 2266 3235 nemo
2308 3181 2434 3235 vidit
2459 3197 2682 3250 unquam
2704 3195 2723 3235 :
2748 3180 3039 3251 unigenitus
3075 3178 3217 3248 ﬁlius
3255 3178 3442 3249 quiest
3470 3179 3524 3232 in

219 3293 303 3336 est
326 3282 899 3353 subjeelo‘lquomodo
926 3285 1074 3360 λόγος
1105 3284 1396 3355 pOIentiattt
1431 3287 1612 3351 ltabel,
1644 3294 1702 3338 ιιι
1726 3300 1819 3354 ρει·

219 3373 394 3442 ipsum
413 3388 667 3431 creentur
690 3379 894 3443 omnia,
928 3377 1042 3447 ipse
1065 3377 1153 3447 qui
1182 3378 1249 3431 sit
1277 3392 1343 3432 ex
1369 3377 1517 3433 nullo
1533 3377 1778 3446 subjecto
1794 3379 1819 3428 ?

217 3463 557 3536 lmpOSsibile
596 3469 764 3532 enim.
806 3483 993 3524 semen
1042 3483 1164 3524 esse
1204 3469 1447 3524 omnium
1497 3484 1617 3540 qure
1657 3481 1811 3536 sunt,

217 3560 361 3629 quod
402 3575 467 3615 ex
515 3561 684 3616 nihilo
724 3560 921 3616 factum
967 3574 1068 3618 est.
1123 3561 1327 3617 Deinde
1370 3561 1418 3616 si
1447 3562 1497 3615 itt
1553 3562 1818 3633 principio

218 3661 358 3718 erat,
391 3653 665 3724 quomodo
697 3655 1016 3725 principium
1050 3671 1064 3709 :
1107 3655 1407 3710 secundum
1439 3654 1581 3724 quod
1613 3655 1812 3725 princio

219 3744 368 3815 pinttt
410 3738 515 3813 est,
544 3747 665 3804 sine
696 3749 960 3819 principio
986 3759 1070 3805 est
1101 3766 1116 3803 :
1145 3750 1234 3820 qui
1267 3758 1385 3804 erat
1429 3749 1482 3803 in
1530 3748 1813 3819 principio,

217 3844 338 3892 erat
381 3853 619 3908 semper.
648 3838 779 3906 Qua:
808 3839 971 3909 igitur
990 3840 1252 3894 audacia?
1295 3828 1418 3910 quin
1442 3838 1820 3909 blasttltemia?

217 3930 336 3986 Non
360 3939 479 3986 erat
504 3930 815 4003 aliquando,
845 3932 1061 3998 dicere,
1098 3933 1257 3988 toties
1296 3935 1505 3988 Joanne
1559 3932 1817 3987 dicente:

223 4022 354 4077 Erat
400 4023 549 4097 λόγος
596 4025 648 4078 in
691 4022 978 4093 principio,
1030 4032 1148 4078 erat
1192 4023 1258 4077 ad
1301 4024 1499 4085 Deum,
1535 4032 1650 4077 erat
1681 4022 1823 4076 Deus

216 4114 369 4189 λόγος
408 4114 561 4183 ipse?
589 4114 720 4169 Erat
772 4113 860 4170 hic
907 4114 958 4167 in
1012 4114 1276 4184 principio
1319 4114 1386 4168 ad
1436 4114 1621 4167 Deum.
1673 4112 1824 4167 [.ictet

222 4208 371 4277 enim
400 4217 509 4262 erat
536 4210 791 4277 praeteriti
823 4209 1081 4278 temporis
1111 4207 1557 4278 signiﬁcationem
1594 4206 1820 4269 haheat,

220 4302 537 4372 frequenter
564 4318 670 4357 non
699 4303 815 4358 sine
847 4301 1142 4371 principio;
1181 4301 1275 4357 sed
1297 4299 1383 4355 hic
1409 4302 1528 4356 sine
1561 4298 1824 4369 principio

220 4396 620 4464 accipiendum,
654 4394 908 4466 quoniam
935 4393 1110 4449 dixit:
1139 4393 1203 4447 In
1225 4393 1480 4464 principio
1510 4401 1637 4446 erat.
1666 4389 1823 4459 Quod

220 4499 273 4544 et
312 4504 406 4544 νος
436 4488 750 4560 signiﬁcatis
776 4497 903 4544 ante
932 4499 1198 4557 tempora,
1244 4495 1370 4540 ante
1418 4499 1602 4539 :eouas
1638 4482 1826 4538 dicen-

1918 3279 2111 3352 gremio
2141 3278 2320 3348 putris,
2350 3279 2461 3347 ipse
2484 3277 2738 3331 enarravit
2769 3278 2831 3330 de
2856 3277 3007 3351 λόγῳ.

1997 3373 2057 3430 ν.
2082 3372 2273 3428 Omnia
2300 3386 2462 3442 supra
2494 3371 2627 3425 dixit
2655 3382 2708 3426 et
2736 3369 3014 3439 conjunxit
3043 3368 3112 3424 de
3132 3367 3244 3423 ﬁlio
3266 3410 3281 3434 ,
3318 3367 3523 3423 nullum

1920 3468 2085 3523 alium
2114 3466 2281 3520 ﬁlium
2312 3463 2596 3519 declarans
2617 3504 2634 3529 ,
2679 3477 2838 3533 quant
2878 3464 2962 3519 τὸν
2988 3461 3153 3534 λόγον.
3190 3459 3319 3515 Erat
3365 3460 3527 3530 igitur

1913 3560 2065 3615 illius
2099 3558 2165 3614 ad
2202 3558 2390 3622 Deum,
2439 3567 2493 3612 et
2547 3557 2599 3611 itt
2646 3556 2912 3626 principio
2959 3561 3096 3618 erat,
3140 3562 3195 3609 et
3237 3553 3354 3623 ipse
3386 3553 3527 3608 Deus

1920 3664 2059 3721 erat,
2090 3663 2146 3709 et
2182 3668 2280 3723 per
2303 3652 2477 3722 ipsum
2504 3650 2684 3704 omnia
2714 3636 2852 3703 facta
2877 3657 3003 3702 sunt
3022 3688 3037 3712 ,
3075 3655 3129 3702 et
3156 3646 3269 3714 ipse
3295 3655 3378 3701 est
3409 3645 3529 3700 uni-

1921 3749 2139 3820 genitus
2171 3764 2184 3800 :
2213 3755 2268 3801 et
2296 3745 2462 3800 veluti
2493 3741 2747 3813 prodiens
2773 3740 2991 3811 quidem
3018 3754 3049 3794 a
3083 3749 3235 3809 patre
3257 3780 3273 3805 ,
3322 3737 3391 3793 ad
3437 3751 3530 3807 pa-

1926 3849 2063 3895 trem
2092 3847 2205 3891 erat
2233 3845 2454 3906 prapter
2482 3834 2583 3888 hoc
2603 3832 2747 3904 quod
2774 3842 2858 3888 est
2879 3831 3121 3902 operari;
3156 3840 3380 3902 propter
3398 3845 3528 3885 vero

1923 3930 2068 4001 quod
2111 3938 2194 3984 est
2227 3943 2350 3984 esse
2399 3930 2450 3982 in
2495 3931 2704 3998 gremio
2747 3926 2915 3996 patris
2950 3925 3213 3988 existens,
3252 3922 3528 3978 enarravit

1926 4023 1993 4080 de
2024 4033 2199 4094 patre,
2247 4022 2546 4077 declaratio
2587 4020 2754 4090 patris
2779 4020 3009 4075 eﬁectns
3037 4016 3335 4087 secundum
3380 4015 3525 4086 quod

1926 4130 2009 4173 est
2031 4114 2264 4186 operari.
2290 4112 2442 4183 Quod
2472 4112 2704 4167 maxime
2753 4111 2897 4186 λόγος
2926 4118 3011 4164 εκι
3037 4110 3151 4179 ipse
3184 4108 3325 4163 ﬁlius
3349 4148 3365 4174 ,
3410 4107 3529 4177 ipse

1927 4208 2134 4271 lumen,
2166 4207 2281 4277 ipse
2312 4206 2438 4260 vita.
2459 4204 2613 4273 Quod
2645 4204 2784 4260 Dens
2809 4215 2892 4258 es!
2917 4201 3082 4268 ﬁlius,
3113 4201 3194 4257 sic
3213 4200 3346 4256 dicit
3368 4200 3532 4257 Ioan-

1929 4318 2026 4359 nes
2052 4301 2215 4376 (Ibid.
2244 4301 2314 4373 t):
2344 4298 2415 4354 Et
2435 4298 2573 4354 Deus
2595 4311 2700 4353 erat
2720 4298 2885 4371 λόγος.
2907 4296 2975 4352 Ει
3001 4310 3218 4351 rursus:
3240 4294 3423 4367 (Joan.
3444 4309 3525 4361 ιιι,

1934 4395 2022 4469 15)
2045 4414 2058 4451 :
2086 4393 2280 4450 Nullus
2304 4392 2531 4449 ascendit
2557 4393 2608 4446 in
2625 4393 2830 4457 caelum,
2848 4390 2947 4445 nisi
2974 4390 3060 4461 qui
3081 4390 3144 4443 de
3163 4389 3289 4444 caelo
3314 4388 3526 4443 descen-

1929 4491 2023 4545 dit.
2077 4488 2232 4558 Quod
2282 4489 2386 4542 vita
2441 4495 2526 4542 est
2568 4486 2706 4539 ﬁlius
2744 4483 2909 4557 (Ibid.
2945 4482 3078 4546 15):
3124 4480 3193 4538 Ut
3241 4480 3330 4551 qui
3369 4477 3531 4534 credit

222 4591 307 4638 tes
337 4550 513 4651 (Ibid:
528 4582 621 4653 5):
653 4580 862 4647 Omnia,
907 4550 1059 4644 dicit,
1083 4579 1385 4649 peripsum
1430 4580 1568 4648 [acta
1593 4585 1726 4639 sunt,
1776 4586 1818 4629 et

1932 4586 1988 4639 in
2032 4550 2201 4653 ipsum
2237 4596 2339 4635 non
2384 4586 2576 4650 pereat.
2634 4576 2703 4631 Et
2755 4550 2942 4631 rursus
2990 4572 3207 4645 (Ibid.)
3237 4550 3259 4626 :7
3299 4571 3406 4628 Sed
3431 4573 3533 4628 ha—

218 4676 335 4732 sine
382 4675 472 4730 illo
513 4675 750 4743 e/fectum
792 4682 864 4729 est
894 4673 1043 4727 nihil.
1093 4673 1306 4727 Etenim
1362 4668 1484 4726 sine
1510 4670 1643 4744 λόγῳ
1694 4668 1823 4739 quid

220 4778 346 4834 est,
388 4770 528 4840 quod
562 4784 668 4824 non
701 4778 756 4823 nt
784 4769 855 4823 sit
883 4765 1145 4838 accipiat?
1173 4764 1332 4821 Solus
1371 4766 1515 4820 enim
1545 4764 1714 4838 λόγὸς,
1739 4778 1826 4819 εε-

220 4866 459 4918 cundum
507 4864 649 4934 quod
678 4865 847 4938 λόγος,
879 4872 962 4917 εει
992 4870 1048 4917 ει
1085 4858 1188 4915 sibi
1233 4868 1288 4915 et
1323 4857 1443 4914 aliis
1472 4858 1648 4929 ipsum
1679 4856 1825 4924 quod

221 4967 360 5022 εει,
412 4954 528 5024 ipse
580 4964 799 5024 praestet
848 4954 1098 5008 omnibus
1177 4968 1297 5023 qua:
1341 4960 1486 5006 sunt.
1528 4951 1595 5005 Et
1626 4948 1825 5004 idcirco

221 5047 452 5117 ωιιιιςιιίς
497 5046 713 5116 quidem
761 5050 917 5117 patri.
973 5044 1148 5102 Causa
1200 5044 1343 5099 enim
1409 5041 1721 5114 principalis
1773 5049 1829 5097 et

222 5138 332 5193 sibi
386 5147 442 5194 et
483 5137 602 5193 aliis
659 5153 822 5195 causa
878 5146 993 5205 est,
1045 5137 1330 5206 potentia,
1392 5145 1447 5189 et
1500 5133 1828 5189 substantia.

221 5230 401 5285 Causa
471 5230 755 5286 essistens.
813 5229 931 5284 Prae
998 5244 1159 5284 causa
1212 5237 1389 5283 autem
1442 5236 1618 5297 pater.
1676 5223 1831 5281 Unde

221 5322 373 5379 Illius
401 5324 623 5379 dismhit
656 5326 780 5390 hoc,
810 5323 953 5394 quod
985 5331 1237 5378 movetur
1258 5330 1311 5377 et
1342 5329 1600 5392 operatur
1629 5320 1683 5375 in
1715 5334 1830 5375 ma-

221 5417 651 5485 nifestationem,
688 5427 908 5488 propter
936 5433 1183 5489 magnaut
1209 5416 1546 5473 divinitatem
1572 5416 1728 5472 nobis
1749 5415 1830 5469 itt-

231 5512 646 5585 cognosibiliter
679 5512 963 5583 operante)
988 5524 1160 5582 patre.
1191 5511 1368 5582 Supra
1399 5512 1545 5567 enim
1593 5513 1825 5591 beatitu-

1934 4679 2045 4734 beat
2089 4693 2264 4747 Spem,
2296 4677 2452 4731 vitam
2501 4683 2767 4728 internum.
2817 4668 2972 4738 Quod
3010 4668 3152 4723 ﬁlius
3187 4665 3351 4741 (Ibid.
3387 4664 3530 4739 16):

1943 4771 2091 4828 Unde
2119 4770 2281 4840 ﬁlium
2296 4785 2444 4824 suum
2458 4765 2775 4837 unigenitum
2806 4761 3038 4816 tradidit.
3070 4758 3264 4814 Filium
3291 4757 3450 4823 dixit,
3477 4766 3535 4814 et

1939 4881 2120 4931 suum,
2148 4872 2202 4918 et
2231 4862 2585 4933 unigenitum.
2607 4857 2745 4926 Quid
2773 4855 3005 4925 amplius
3027 4852 3092 4907 ad
3122 4866 3307 4907 verum
3327 4849 3535 4905 ﬁlium?

1939 4958 2093 5025 Quod
2126 4959 2241 5026 ipse
2273 4954 2380 5007 vita
2406 4969 2420 5007 :
2448 4960 2505 5006 ut
2525 4951 2689 5004 onmis
2717 4948 2806 5019 qui
2825 4946 2984 5002 credit
3012 4949 3064 5000 in
3090 4945 3282 5016 ipsum,
3312 4959 3414 4998 non
3446 4959 3534 5012 pe-

1933 5060 2079 5116 reat,
2130 5047 2220 5103 sed
2273 5043 2451 5099 habeat
2505 5042 2659 5097 vitam
2700 5052 2963 5096 aeternam.
3020 5038 3172 5106 Quod
3229 5038 3345 5107 ipse
3392 5036 3533 5090 ﬁlius

1933 5141 2181 5197 Christus
2215 5146 2300 5194 est
2324 5135 2485 5206 (Ibid.
2514 5135 2605 5203 17)
2633 5152 2647 5189 :
2680 5131 2801 5188 Non
2852 5135 2991 5187 enim
3016 5131 3152 5185 misit
3177 5128 3313 5184 Deus
3340 5130 3529 5198 ﬁlium,

1935 5245 1990 5289 ut
2004 5233 2206 5307 judicet
2252 5228 2517 5290 mundum,
2548 5226 2638 5281 sed
2669 5234 2723 5280 ut
2762 5224 2921 5278 solvet
2949 5221 3218 5276 mundum.
3252 5219 3404 5288 Quod
3446 5218 3533 5272 lu-

1910 5342 2087 5395 ,men,
2118 5323 2186 5379 de
2209 5323 2328 5394 ipso
2356 5320 2485 5376 dicit
2512 5317 2677 5391 (Ibid.
2713 5315 2837 5387 l9):
2877 5313 3131 5380 Quoniam
3192 5312 3361 5366 lumen
3404 5310 3536 5364 venit

1941 5421 1995 5475 in
2014 5420 2281 5473 mundum.
2314 5414 2549 5470 Joannes
2570 5425 2675 5465 non
2691 5417 2805 5465 ιιι-ει
2826 5424 3010 5463 verum
3033 5407 3238 5466 lumen,
3260 5410 3315 5457 et
3336 5399 3538 5455 idcirco

1933 5513 2061 5571 dicit
2107 5513 2126 5585 (
2155 5509 2312 5564 Joan.
2349 5522 2388 5575 ι,
2417 5484 2569 5576 2d):
2617 5502 2759 5559 Nunt
2801 5518 2915 5558 sum
2954 5497 3186 5555 Christus
3214 5536 3231 5562 ,
3267 5492 3362 5550 sed
3392 5494 3536 5566 quod

1542 5651 1909 5712 VARIORUM
1946 5651 2176 5711 ΝΟΤᾸΕ.

222 5859 235 5881 ρ
306 5797 335 5853 1
345 5816 432 5869 pse
459 5805 680 5869 praestet.
702 5793 809 5851 Ant
835 5799 1068 5865 prestat,
1097 5797 1189 5847 aut
1214 5805 1330 5845 eum
1348 5790 1459 5859 ipse
1484 5799 1712 5861 priestet,
1742 5790 2026 5863 legendum
2045 5790 2273 5847 videtur.
2338 5838 2355 5859 λ
