4018 6184
631 265 771 322 1045

643 476 781 531 illius
802 473 983 548 (Joan.
1011 490 1068 530 tu
1089 518 1103 542 ,
1135 473 1250 548 51),
1279 477 1368 542 qui
1427 475 1643 546 desuper
1689 478 1840 544 venit,
1869 494 2027 549 supra
2056 496 2230 536 omnes

635 577 726 622 est.
761 566 829 621 Et
858 581 1046 622 rursus
1072 585 1084 620 :
1121 567 1196 620 De
1215 567 1341 621 caelo
1362 567 1582 621 veniens.
1620 567 1828 624 Dicitur
1853 569 2068 641 quidem
2088 571 2232 642 quod

632 661 701 715 sit
733 661 926 716 missus
953 677 982 716 a
1004 661 1143 726 Deo;
1170 670 1226 714 ttt
1249 659 1454 740 (Ibidqi
1467 659 1519 729 '7)
1545 662 1708 730 ﬁlium
1748 664 1892 718 enim
1918 665 2056 718 misit
2074 664 2231 720 Deus.

635 752 739 808 Sed
760 754 857 808 ista
881 753 1008 820 duo,
1033 765 1084 810 et
1110 758 1352 824 veniens,
1372 768 1424 813 et
1443 759 1608 824 misit,
1636 768 1688 812 et
1713 757 1878 812 tilium
1903 759 1953 812 in
1982 767 2152 830 patre,
2180 769 2233 816 et

637 856 845 914 patrem
889 848 940 901 in
983 847 1091 902 tilio
1141 865 1261 904 esse
1299 851 1632 921 SigttiﬁCuni;
1680 851 1932 921 quoiiiam
1985 850 2233 909 Christus

637 935 746 991 vita
768 936 1082 993 Samaritidi
1110 939 1238 995 dicit
1276 941 1453 996 (Joan.
1488 959 1562 1005 tv,
1585 941 1652 996 i0
1674 948 1721 1009 ):
1746 939 1824 995 Tu
1842 941 1903 995 ab
1931 959 1989 997 eo
2021 952 2232 1012 peteres,

635 1039 682 1083 et
705 1029 793 1082 tibi
823 1032 968 1084 daret
999 1046 1181 1101 aquam
1208 1034 1472 1090 viventem.
1509 1035 1574 1088 Et
1598 1049 1782 1090 rursus
1816 1033 1977 1099 (Ibid.
2003 1033 2092 1104 15,
2113 1037 2233 1107 ii):

639 1121 822 1175 Omnis
847 1123 933 1192 qui
953 1122 1129 1177 biberit
1157 1140 1220 1177 ex
1239 1139 1374 1195 aqua
1402 1127 1522 1188 ista,
1550 1126 1730 1179 iterum
1757 1122 1927 1199 sitietI:
1949 1126 2035 1197 qui
2065 1137 2236 1182 autem

634 1213 814 1266 biberit
844 1229 908 1267 ea:
934 1215 1032 1267 ista
1059 1232 1193 1284 aqua
1218 1233 1373 1286 quant
1401 1233 1494 1288 ego
1525 1218 1657 1271 dabo
1703 1218 1804 1288 ipsi
1830 1260 1844 1284 ,
1878 1231 1980 1272 non
2009 1219 2142 1272 sitiet
2183 1221 2238 1274 in

639 1306 777 1359 omni
793 1307 1018 1360 sa'culo:
1048 1307 1137 1360 sed
1177 1325 1314 1379 aqua
1361 1326 1512 1378 quam
1549 1310 1650 1379 ipsi
1695 1310 1847 1372 dabo,
1901 1311 2142 1380 efﬁcietur
2183 1311 2238 1367 in

635 1398 749 1466 ipso
803 1400 920 1468 fans
974 1408 1124 1468 atque
1168 1401 1408 1453 sententis
1462 1401 1514 1454 in
1554 1402 1708 1454 vitam
1759 1407 2022 1454 a’ternam.
2083 1400 2238 1466 Quod

640 1487 890 1544 Christus
915 1490 1161 1545 Salvator
1187 1489 1350 1564 (Ibid.
1379 1491 1474 1563 42)
1501 1511 1512 1545 :
1554 1493 1619 1546 Et
1647 1493 1857 1558 scimus,
1889 1495 2127 1564 quoniam
2147 1495 2240 1549 iste

640 1591 713 1636 est
745 1580 986 1636 Salvator
1015 1583 1209 1637 mundi.
1233 1584 1386 1652 Quod
1415 1583 1554 1640 filius
1580 1585 1668 1640 Dci
1701 1595 1782 1639 est
1811 1584 1991 1653 (Joan.
2016 1602 2071 1653 v,
2095 1586 2184 1652 17)
2217 1605 2230 1640 :

642 1672 802 1727 Pater
851 1689 990 1728 meus
1041 1691 1201 1745 usque
1253 1693 1390 1730 nunc
1425 1687 1684 1747 operatur.
1731 1677 1864 1744 Quis
1906 1678 2010 1733 hoc
2062 1678 2238 1735 dicit?

1865 271 1954 326 MA
1969 273 2056 327 Rll
2101 270 2444 331 VICTORINI
2488 279 2648 334 AFRI

634 385 829 438 missus
853 396 993 437 sum.
1028 381 1221 436 Missus
1239 391 1320 436 est
1342 395 1472 450 ergo
1491 379 1748 437 Joannes.
1769 383 2012 439 Christus
2042 395 2222 440 autem
2251 387 2300 446 A
2339 385 2498 441 Panis
2526 383 2780 444 vitasunt
2818 409 2909 464 ego
2957 393 3120 466 (Ibid.
3156 397 3248 470 59)
3280 414 3298 452 :
3329 403 3406 470 qui

3687 309 3777 365 lilii

3428 403 3553 460 istum
3584 417 3783 486 manducet,

2335 480 2462 534 vivet
2499 482 2552 535 in
2578 485 2844 539 swculum.
2876 487 3078 544 Cuncta
3119 490 3221 546 ista
3264 509 3410 550 unam
3446 501 3715 563 substantiam
3739 480 3788 567 si-

2336 573 2594 645 gnificant
2625 594 2638 630 2
2675 575 2737 633 Et
2771 579 2973 637 idcirco
3003 582 3134 639 dicit
3174 583 3332 642 lesus
3366 591 3490 661 quod
3517 595 3689 670 desuper
3718 617 3787 675 est,

2337 670 2427 740 qui
2455 670 2582 727 dicit
2621 673 2718 727 ista
2769 676 2931 748 (Ibid.
2964 677 3054 749 65)
3087 699 3099 734 ε
3129 680 3191 737 Si
3221 683 3374 752 igitur
3397 687 3582 745 videritis
3603 670 3791 760 ﬁliumlto;

2338 763 2489 816 minis
2521 767 2877 823 ascendentem
2911 770 3000 823 ubi
3026 771 3126 842 fuit
3158 775 3340 846 prius?
3364 776 3497 845 Quod
3522 782 3688 849 Spitilus
3707 789 3791 846 Deus

2338 864 2439 918 est,
2469 855 2670 911 dictum
2710 871 2792 912 est
2837 859 3019 927 (Joan.
3058 879 3135 928 tv,
3168 864 3262 937 24)
3292 884 3304 920 :
3336 866 3537 939 Spiritus
3558 871 3796 938 θείωσιιῇ

2337 947 2480 1016 quod
2513 947 2653 1005 filius
2691 951 2912 1020 spiritus
2934 961 3016 1010 est
3062 955 3365 1026 viviﬁcaris,
3399 962 3521 1030 quod
3544 963 3623 1018 ista
3651 969 3795 1027 tidessit

2340 1041 2572 1109 perlecta
2600 1041 2651 1095 itt
2671 1041 2966 1109 Christum,
2988 1046 3116 1102 dicit
3147 1049 3335 1105 Petrus
3353 1049 3513 1120 (Joan.
3537 1068 3608 1121 Vt,
3630 1057 3698 1124 69,
3719 1061 3794 1130 70):

2351 1131 2568 1187 Verbum
2598 1136 2715 1190 vita:
2733 1148 2938 1192 teternte
2962 1139 3148 1195 habes:
3176 1149 3222 1194 et
3245 1159 3337 1195 nos
3368 1144 3588 1200 credimus
3612 1148 3797 1209 uitello.

2339 1227 2495 1293 mine,
2519 1229 2762 1295 quoniam
2787 1239 2841 1284 tu
2869 1249 2920 1286 es
2947 1231 3185 1290 Christus
3217 1235 3352 1302 ﬁlius
3393 1233 3494 1292 Dei.
3520 1237 3631 1308 Quid
3654 1251 3712 1295 est
3731 1260 3800 1298 tet-

2339 1321 2466 1380 bum
2487 1323 2612 1378 vitae
2640 1327 2898 1381 interna}?
2923 1328 3179 1396 quoniam
3211 1328 3259 1383 si
3276 1330 3393 1400 quis
3421 1339 3466 1386 te
3491 1333 3639 1399 audit,
3663 1334 3800 1390 viretin

2339 1425 2624 1469 internum.
2685 1418 2839 1485 Quod
2871 1435 2900 1473 a
2949 1420 3058 1476 Deo
3103 1420 3284 1493 (Joan.
3339 1439 3443 1490 vn,
3482 1424 3713 1498 29):Ego
3744 1430 3799 1482 scio

2338 1507 2528 1578 ipsum,
2553 1510 2690 1578 quod
2705 1511 2767 1565 ab
2790 1512 2901 1581 ipso
2929 1531 3060 1569 sum.
3080 1515 3235 1582 Quod
3253 1513 3530 1571 substantia
3547 1518 3676 1588 patris
3687 1518 3802 1574 Claris-

2341 1610 2424 1655 tus
2461 1599 2643 1671 (Joan.
2667 1619 2782 1671 xw,
2821 1605 2906 1670 10,
2933 1607 3023 1680 ii)
3057 1629 3069 1664 :
3097 1608 3209 1680 Ego
3228 1609 3279 1663 in
3301 1620 3457 1682 patre,
3483 1621 3523 1665 et
3548 1623 3662 1681 pater
3689 1616 3724 1667 in
3745 1631 3800 1668 me.

2343 1694 2456 1750 lloc
2488 1712 2593 1750 non
2625 1713 2719 1767 per
2746 1698 3061 1770 dignitatem
3087 1703 3285 1769 solum,
3321 1703 3413 1760 sed
3435 1721 3521 1775 per
3547 1707 3804 1761 substantiam.

637 1765 903 1820 Christus.
947 1767 1077 1833 Quin
1109 1767 1443 1836 blaSphemia
1475 1768 1663 1837 ipsius,
1696 1781 1901 1840 patrem
1931 1770 2113 1825 dicere
2145 1772 2224 1841 qui

2219 1772 2238 1826 ί
2269 1775 2313 1836 Β
2345 1787 2402 1844 Si
2424 1788 2566 1844 enim
2595 1765 2692 1862 per
2747 1791 3060 1862 dignitatem
3103 1784 3302 1863 solum,
3348 1797 3591 1867 quomodo
3625 1798 3708 1868 ipse
3733 1799 3805 1852 dicit

645 1873 752 1912 non
790 1857 858 1912 sit
893 1859 1082 1928 pater?
1106 1875 1226 1929 quas
1257 1859 1335 1915 ira
1362 1859 1670 1916 Iudaeorum
1702 1861 1864 1933 (Ibid.
1895 1863 1985 1936 18)
2017 1864 2237 1919 audien-

642 1949 776 2003 tiunt
808 1959 1013 2019 patrem
1044 1951 1231 2018 Deum,
1261 1963 1315 2007 ct
1343 1953 1690 2009 irascentium
1714 1953 1770 2008 in
1801 1971 1946 2021 eum,
1969 1957 2062 2027 qui
2083 1957 2236 2023 dixit,

647 2041 791 2112 quod
824 2041 963 2097 ﬁlius
980 2053 1124 2098 esset
1148 2045 1262 2112 Dei,
1295 2061 1414 2101 cum
1437 2062 1542 2101 non
1564 2058 1709 2103 esset
1728 2049 1867 2104 filius
1888 2049 2011 2104 Dei:
2029 2051 2076 2106 si
2097 2051 2240 2107 enim

640 2148 747 2186 non
773 2133 984 2199 fuisset,
1019 2150 1122 2190 non
1140 2135 1364 2192 diceret.
1387 2139 1492 2194 Sed
1511 2138 1667 2207 dixit,
1683 2148 1737 2195 et
1763 2140 1859 2195 Dei
1883 2143 2057 2196 cultor
2072 2143 2234 2211 dixit;

645 2225 874 2280 veritate
903 2226 1065 2298 igitur
1088 2225 1244 2294 dixit,
1268 2238 1322 2284 et
1339 2229 1539 2286 idcirco
1565 2230 1915 2288 incredulitas
1931 2233 2241 2290 iudicaram

643 2317 888 2386 punitur.

713 2410 803 2465 Vl.
862 2411 995 2466 Post
1047 2411 1180 2479 ista,
1237 2414 1415 2469 omnis
1465 2415 1753 2487 responsio
1789 2416 1857 2471 ad
1899 2416 2146 2482 Judzeos,
2189 2429 2245 2475 et

644 2503 812 2557 tilium
864 2504 1157 2573 Christum,
1211 2516 1265 2560 et
1313 2516 1516 2576 patrem
1560 2509 1724 2564 Deum
1776 2509 2014 2564 declarat
2068 2508 2242 2581 (Ibid.

648 2596 879 2663 19-21):
915 2597 1044 2662 Quae
1085 2599 1205 2669 facit
1236 2608 1400 2669 pater,
1429 2609 1477 2653 et
1504 2613 1596 2671 ego
1623 2601 1762 2672 facio
1784 2618 1802 2655 .°
1825 2618 1929 2655 non
1955 2603 2080 2672 facit
2106 2604 2247 2672 ﬁlius

647 2704 682 2740 α
704 2689 998 2758 semetipso,
1022 2689 1121 2744 nisi
1148 2691 1326 2744 viderit
1355 2702 1553 2762 patrem
1580 2695 1847 2764 facientem
1872 2710 1890 2748 :
1917 2704 2065 2765 pater
2111 2699 2246 2752 enim

645 2789 786 2833 amat
827 2779 997 2850 ﬁlium
1027 2797 1047 2834 :
1097 2783 1310 2836 suscitat
1365 2792 1509 2854 pater
1555 2801 1586 2837 a
1640 2786 1888 2851 mortuis,
1941 2789 2154 2841 suscitat
2200 2799 2247 2844 et

647 2874 807 2942 ﬁlius.
836 2873 999 2943 (Ibid.
1025 2873 1149 2947 26):
1181 2875 1344 2930 Habet
1370 2889 1514 2947 pater
1531 2877 1680 2932 vitam
1703 2880 1756 2933 in
1785 2881 2075 2950 semetipsa,
2101 2880 2248 2936 liabet

645 2979 692 3021 et
722 2969 884 3036 filius.
930 2969 994 3022 Et
1036 2968 1216 3022 omnii
1253 2969 1468 3024 dtinde.
1498 2969 1648 3038 Quod
1670 2972 1813 3044 λόγος
1837 2973 1993 3036 lilius,
2029 2980 2081 3026 et
2110 2973 2248 3026 lilius

645 3059 891 3116 Christus
918 3060 1077 3130 (Ibid.
1109 3063 1234 3133 '58}:
1265 3061 1332 3118 Et
1360 3064 1506 3137 λόγον
1535 3067 1647 3136 ejus
1673 3081 1774 3118 non
1802 3065 2045 3119 habebitis
2073 3067 2124 3119 in
2154 3081 2244 3119 vo-

647 3154 723 3206 bis
747 3165 1058 3218 nianentem,
1098 3155 1342 3220 quoniam
1393 3170 1542 3225 quem
1572 3156 1706 3209 misit
1736 3156 1844 3222 ille,
1887 3157 1986 3225 ipsi
2021 3173 2108 3211 vos
2147 3174 2248 3211 non
2275 3161 2321 3226 C

646 3249 870 3302 creditis.
904 3248 1056 3315 Quod
1089 3249 1230 3302 ﬁlius
1260 3247 1440 3321 (Joan.
1469 3263 1542 3316 vr,
1576 3250 1645 3303 52
1678 3250 1734 3322 )z
1789 3248 1944 3304 Pater
1980 3268 2120 3306 meus
2160 3251 2250 3306 dat

645 3340 784 3394 vobis
837 3357 1017 3409 ponent
1065 3340 1128 3392 de
1169 3341 1295 3394 casto
1355 3355 1547 3394 verum.
1623 3341 1777 3408 Quod
1843 3342 2088 3397 Christus
2143 3359 2246 3397 non

645 3434 713 3488 ah
743 3433 959 3487 homine
991 3433 1152 3487 homo
1199 3432 1377 3503 (Ibid.
1432 3433 1574 3502 55):
1634 3432 1796 3487 Panis
1844 3435 1976 3487 enim
2022 3450 2087 3488 ea:
2141 3433 2250 3488 Deo

646 3537 760 3591 est,
804 3528 892 3598 qui
944 3527 1204 3580 descendit
1256 3527 1320 3580 de
1362 3525 1510 3579 coelo.
1559 3526 1711 3594 Quod
1763 3526 1874 3581 vita
1917 3546 1930 3580 :
1975 3526 2042 3581 Et
2093 3530 2248 3582 vitam

649 3619 780 3672 dans
827 3617 1037 3671 mundo.
1087 3618 1154 3672 Et
1201 3627 1383 3688 postea
1426 3616 1552 3670 dicit
1601 3616 1767 3686 (Ibid.
1804 3616 1938 3690 55):
1975 3618 2085 3690 ligo
2132 3636 2246 3673 sum

651 3714 800 3781 panis
822 3711 956 3764 vittc.
984 3711 1136 3778 Quod
1164 3725 1230 3764 ex
1261 3711 1370 3765 Deo
1393 3708 1557 3783 (ibid.
1583 3708 1677 3782 46)
1705 3728 1718 3765 :
1747 3709 1868 3766 Non
1901 3712 2025 3766 vidit
2051 3724 2250 3783 patrem

652 3801 862 3870 aliquis,
894 3801 994 3854 nisi
1022 3802 1108 3871 qui
1130 3811 1205 3855 est
1225 3818 1258 3855 a
1284 3812 1446 3872 patre.
1478 3802 1632 3869 Quod
1663 3812 1816 3872 pater
1847 3811 1905 3860 et
1932 3804 2072 3859 lilius
2110 3805 2250 3862 alius

653 3893 708 3947 in
730 3892 838 3948 alio
857 3891 1018 3963 (Ibid.
1053 3892 1146 3962 58)
1175 3910 1188 3945 :
1223 3893 1390 3948 Sicuti
1415 3896 1548 3949 misit
1575 3911 1654 3949 me
1681 3897 1853 3950 vivens
1877 3908 2040 3967 pater.
2065 3898 2122 3955 Si
2143 3899 2249 3956 vita

655 3985 818 4054 tilius,
849 3985 1036 4040 vivens
1065 3994 1235 4055 pater,
1267 3984 1410 4040 ﬁlius
1435 3985 1488 4040 in
1519 3998 1709 4057 patre:
1736 3989 1895 4046 sicuti
1925 3991 2068 4046 enim
2094 3996 2250 4062 quale

651 4079 803 4150 prius
828 4087 945 4147 est,
975 4079 1171 4135 deinde
1196 4078 1457 4148 qualitas;
1487 4080 1565 4136 sic
1605 4081 1790 4138 vivens
1834 4083 2043 4155 primus
2075 4087 2247 4156 Deus,

651 4173 733 4227 sic
778 4172 906 4227 vita.
949 4172 1054 4239 Qui
1100 4170 1243 4228 enim
1288 4172 1474 4242 genuit
1511 4172 1693 4239 vitam,
1735 4175 1919 4231 vivens
1955 4193 2038 4234 εει
2073 4197 2085 4234 :
2119 4180 2251 4238 vivit

651 4265 761 4320 vita
791 4281 821 4320 a
855 4264 1070 4320 vivente
1099 4276 1271 4336 patre.
1300 4267 1415 4321 Non
1444 4265 1590 4321 enim
1619 4277 1744 4322 ante
1773 4269 1902 4335 vita,
1929 4281 1983 4326 et
2008 4271 2088 4328 sic
2106 4274 2248 4331 Deus

651 4358 867 4423 vivens,
899 4357 994 4412 sed
1036 4358 1178 4412 Deus
1209 4356 1400 4413 vivens
1448 4357 1618 4429 prior.
1665 4359 1756 4415 Sic
1803 4361 1932 4428 vita,
1962 4374 2018 4418 et
2057 4365 2136 4420 sic
2161 4366 2246 4422 vi-

649 4465 783 4507 vens
819 4449 948 4504 vita.
993 4445 1061 4504 Et
1100 4447 1302 4504 idcirco
1348 4449 1546 4506 deinde
1588 4450 1719 4506 dicit
1772 4451 1964 4525 (Ibid)
1997 4471 2011 4506 :
2045 4455 2113 4510 Et
2153 4476 2246 4530 ego

648 4545 760 4600 υευο
781 4554 990 4614 propter
1019 4551 1235 4614 patrem.
1269 4541 1412 4612 Ergo
1437 4551 1492 4595 et
1522 4550 1670 4612 pater
1698 4543 1763 4612 lin
1810 4543 1947 4614 iPSO-
1997 4545 2149 4613 Ουοά
2193 4559 2247 4606 ει
2272 4548 2328 4609 Ῑ)

649 4639 804 4710 panis
836 4647 950 4703 est,
983 4647 1037 4692 et
1066 4635 1171 4690 \ita
1210 4634 1402 4708 (ibid)
1429 4652 1443 4689 ι
1471 4634 1541 4688 Et
1563 4637 1651 4705 qui
1672 4638 1858 4708 accipit
1889 4655 1987 4707 me,
2012 4640 2100 4695 ille
2120 4642 2250 4698 vivet

651 4742 856 4805 propter
896 4747 975 4785 me
1020 4727 1186 4803 (Ibid.
1209 4729 1323 4802 59).
1347 4729 1451 4784 Hic
1478 4741 1551 4785 est
1591 4731 1740 4802 panis
1782 4731 1846 4786 de
1887 4733 2016 4788 caelo
2042 4735 2251 4790 descen-

652 4826 934 4880 dens:Non
949 4825 1101 4877 sicuti
1125 4831 1297 4894 patres
1325 4824 1476 4877 vestri
1502 4824 1959 4894 manducaverunt,
1987 4837 2034 4882 et
2061 4831 2250 4884 mortui

652 4927 792 4984 sunt,
823 4916 1139 4970 manducans
1163 4916 1320 4970 istum
1350 4932 1534 4986 panem
1569 4917 1698 4972 vivet
1723 4919 1777 4971 in
1811 4936 1960 4974 omne
1978 4922 2246 4977 steculum.

727 5026 838 5082 VII.
867 5025 1134 5097 Numquid
1169 5027 1329 5082 homo
1355 5026 1455 5083 ista
1480 5027 1610 5084 dicit
1630 5029 1696 5085 de
1722 5033 2032 5104 semetipso,
2059 5034 2248 5107 quisit

651 5119 826 5176 solum
869 5118 1066 5174 homo?
1105 5119 1152 5174 si
1181 5118 1323 5174 enim
1354 5118 1515 5175 hoino
1543 5119 1641 5176 iSta
1667 5122 1832 5193 dicit,
1883 5126 2244 5196 ὺιειεμιιεηιςιι,

650 5223 705 5270 et
735 5212 913 5282 (Joan.
949 5226 999 5264 Ix
1021 5255 1034 5278 ,
1067 5212 1156 5282 5i)
1186 5225 1448 5282 peccantes
1490 5213 1628 5268 Deus
1655 5231 1755 5270 non
1779 5218 1945 5273 audit.
1991 5219 2246 5279 Sedenim

648 5303 780 5361 dicit
822 5301 1071 5360 Christus
1119 5304 1261 5372 quod
1313 5302 1495 5360 audiat
1544 5304 1696 5360 illum
1748 5309 1890 5364 Deus
1923 5328 1937 5365 :
1968 5309 2084 5368 Non
2115 5330 2246 5386 ergo

651 5411 924 5467 peccator,
958 5409 1132 5465 neque
1147 5394 1327 5450 homo.
1351 5395 1418 5451 Et
1455 5394 1656 5452 dictum
1679 5411 1760 5454 εει
1786 5400 1961 5471 (Psal.
1988 5419 2114 5472 cm,
2140 5408 2196 5478 5)
2225 5427 2241 5465 :

660 5488 806 5544 Vana
851 5505 967 5558 spes
1001 5489 1054 5542 in
1100 5487 1377 5544 hominem.
1418 5490 1483 5544 Et
1527 5487 1725 5544 dicitur
1765 5491 1937 5563 (Psal.
1993 5511 2102 5563 xix,
2136 5498 2240 5570 8):

652 5579 764 5632 Nos
795 5594 910 5633 vero
947 5581 1001 5633 in
1049 5578 1214 5632 Deum
1239 5590 1467 5633 nostrum
1505 5597 1790 5649 speramus.
1829 5583 2086 5661 Christus
2115 5605 2246 5660 ergo

652 5675 815 5740 Deus,
843 5688 950 5728 non
977 5674 1044 5729 ab
1064 5673 1166 5729 alia
1198 5673 1498 5730 substantia
1549 5671 1740 5746 (Joan.
1768 5693 1841 5742 vr,
1875 5675 1968 5750 58)
2003 5697 2015 5734 :
2064 5680 2243 5738 Vivens

649 5775 810 5846 pater,
842 5777 885 5820 et
902 5781 994 5837 ego
1019 5767 1127 5822 vivo
1154 5773 1358 5838 propter
1379 5774 1594 5850 patrem.
1618 5765 1686 5821 Et
1711 5766 1888 5848 (Joan.
1905 5784 1980 5838 vt,
2006 5769 2098 5839 55,
2116 5769 2240 5850 48)ε

2347 1880 2510 1952 (Ibid.
2541 1883 2634 1954 28)
2663 1902 2675 1937 :
2707 1884 2865 1940 Pater
2898 1905 3038 1941 meus
3061 1890 3228 1960 major
3257 1907 3334 1944 me
3354 1901 3423 1944 est
3450 1907 3466 1946 :
3484 1900 3534 1945 et
3556 1901 3676 1962 pater
3693 1891 3808 1956 mittit,

2344 1971 2587 2028 mittatur
2617 1973 2797 2030 (ilius?
2846 1977 3055 2034 Rursus
3087 1987 3268 2035 autem
3304 1981 3459 2037 datur
3487 1981 3584 2036 lilio
3607 1982 3810 2051 apatrcdi-

2348 2062 2527 2134 gnitas
2558 2083 2570 2117 :
2603 2065 2909 2123 Secundum
2933 2069 3034 2126 hoc
3059 2071 3223 2143 igitur
3253 2081 3406 2145 pater
3433 2072 3483 2128 in
3511 2073 3624 2128 ﬁlio.
3649 2073 3815 2143 Numquid

2345 2167 2398 2210 et
2431 2157 2571 2212 illius
2601 2159 2692 2214 dat
2719 2159 3036 2231 dignitatem
3077 2165 3246 2233 patri,
3282 2183 3390 2221 non
3437 2165 3630 2220 habenti
3664 2165 3815 2221 SililSla‘ltt-

2347 2247 2515 2304 tiam?
2546 2251 2712 2322 igitur
2738 2263 2791 2308 et
2813 2266 2966 2325 pater
2994 2256 3047 2312 in
3075 2256 3208 2324 tilio,
3245 2266 3301 2315 et
3331 2260 3469 2314 [ilius
3494 2261 3543 2315 in
3573 2272 3708 2329 patre.

2417 2341 2552 2399 Vili.
2583 2344 2688 2402 Sed
2717 2345 2840 2402 ista.
2885 2349 2952 2405 Et
2991 2350 3185 2408 iterum
3214 2352 3363 2422 quod
3408 2354 3518 2423 ipse
3550 2351 3752 2418 Christus,
3771 2351 3820 2422 qui

2348 2435 2489 2493 ﬁlius
2520 2439 2708 2508 patris,
2743 2452 2797 2496 et
2825 2441 2942 2512 ipse
2973 2456 3055 2499 est
3100 2444 3332 2514 Spiritus
3374 2456 3576 2501 sanctus
3616 2443 3819 2518 (locum,

2347 2528 2438 2595 57,
2463 2528 2553 2601 58)
2580 2529 2764 2586 :Jesus
2788 2534 2974 2600 stabat,
2998 2545 3044 2589 et
3067 2535 3325 2591 clamabat
3349 2553 3367 2591 :
3398 2537 3458 2592 Si
3482 2538 3581 2607 quis
3606 2547 3662 2590 est
3680 2538 3740 2607 qui
3752 2534 3820 2597 sitit,

2349 2625 2515 2678 veniat
2543 2634 2588 2679 et
2607 2625 2762 2680 bibat.
2809 2627 2913 2693 Qui
2943 2630 3103 2684 credit
3131 2632 3183 2685 in
3216 2647 3316 2695 me,
3361 2630 3732 2697 quemadmodum
3754 2629 3825 2680 dixit

2349 2720 2630 2788 scriptura,
2664 2721 2880 2790 ﬂumina
2896 2739 2960 2776 ea:
2981 2732 3150 2779 ventre
3176 2726 3346 2794 ipsius
3374 2737 3574 2780 manant
3600 2739 3714 2792 aqua
3733 2724 3826 2774 ritat-

2353 2811 2436 2863 tis.
2469 2811 2563 2866 Est
2585 2811 2712 2867 illud
2745 2814 2962 2883 quidem
2997 2815 3201 2872 dictum
3233 2818 3302 2874 de
3334 2818 3430 2873 illo
3460 2817 3546 2890 qui
3571 2813 3830 2887 act-ipitqiai-

2352 2913 2493 2971 tum;
2543 2906 2634 2974 qui
2671 2907 2945 2978 accipiens
2979 2911 3225 2982 spiritum
3269 2913 3504 2971 efﬁcitur
3529 2922 3700 2978 venter,
3732 2908 3828 2963 eius

2351 2997 2484 3052 deus
2528 2998 2746 3054 ﬂumina
2799 3017 2950 3071 aqua:
2990 3004 3240 3060 viventis.
3298 3005 3398 3061 Dui
3448 3017 3612 3060 autem
3657 2998 3832 3066 nuncsu-

2354 3087 2513 3143 rituut
2563 3090 2840 3158 Christus;
2896 3092 2985 3149 dat
3028 3105 3082 3150 et
3121 3112 3316 3168 aquam
3370 3100 3656 3162 viventem,
3704 3105 3742 3147 υι
3773 3095 3829 3158 lP‘i

2355 3181 2504 3248 dicit,
2549 3184 2812 3254 scriptura
2862 3186 2931 3242 de
2977 3187 3168 3259 spiritu
3213 3190 3354 3246 dixit
3384 3185 3832 3254 istml.Vcnteri,‘-ilut

2354 3277 2444 3347 qui
2489 3277 2681 3348 accipit
2722 3280 3002 3350 Spiritum,
3039 3293 3090 3338 et
3121 3282 3238 3355 ipse
3285 3286 3512 3355 Spiritus
3550 3293 3720 3341 venter,
3745 3289 3832 3343 anno

2355 3383 2572 3426 manant
2611 3373 2831 3428 ﬂumina
2879 3390 3032 3447 aqua:
3076 3377 3347 3434 virentis:
3378 3379 3518 3435 sietit
3557 3375 3763 3446 setiptun
3794 3367 3834 3421 di-

2353 3463 2425 3518 cit
2461 3461 2622 3536 (Ibid.
2653 3465 2746 3537 59)
2781 3485 2792 3520 :
2833 3465 2946 3522 Hoc
2972 3480 3142 3524 autem
3169 3471 3302 3526 dixit
3323 3473 3386 3525 de
3408 3472 3586 3542 spiritu
3610 3484 3726 3539 quem
3744 3460 3833 3534 futui

2353 3566 2496 3609 erant
2522 3559 2750 3628 accipere
2769 3558 3031 3614 credentes
3059 3563 3113 3615 in
3153 3562 3326 3632 ipsum
3372 3580 3390 3618 :
3422 3561 3638 3618 nondum
3669 3557 3765 3613 enim
3784 3552 3836 3618 spi-

2351 3649 2484 3702 ritus
2532 3660 2640 3704 erat
2668 3651 2839 3719 datus,
2877 3654 2998 3722 quia
3026 3653 3182 3708 Jesus
3209 3656 3444 3710 nondum
3481 3665 3580 3709 erat
3608 3649 3834 3723 gloriﬁm'u.

2355 3739 2461 3796 Sed
2487 3757 2699 3797 rursum
2721 3742 2915 3798 iterum
2943 3743 3163 3800 ﬂumina
3193 3747 3444 3818 spiritus,
3471 3756 3646 3802 venter
3667 3751 3791 3796 autem
3806 3748 3838 3787 ex

2352 3847 2460 3903 quo
2509 3833 2731 3889 ﬂumina
2781 3835 2971 3902 .lesus;
3022 3835 3179 3892 Jesus
3229 3839 3376 3894 enim
3427 3848 3512 3894 est
3556 3833 3751 3908 spiritus.
3777 3826 3837 3880 ita

2353 3943 2480 3998 ergo
2501 3928 2656 3984 Jesus
2670 3941 2856 3984 venter
2871 3927 2940 3986 de
2965 3947 3071 4002 quo
3099 3931 3321 3988 ﬂumina
3353 3923 3743 4004 spiritus.Sicuti
3759 3919 3837 3976 enim

2352 4036 2380 4074 a
2412 4021 2620 4092 gremio
2650 4023 2839 4091 patris,
2869 4034 2922 4079 et
2952 4023 3006 4079 in
3033 4026 3242 4097 gremio
3265 4027 3450 4094 ﬁlius;
3490 4025 3566 4083 sic
3593 4041 3619 4080 a
3644 4012 3838 4108 rentretili;

2352 4113 2607 4184 Spiritus;
2659 4115 2931 4189 ὁμοούσιον
2979 4133 3109 4188 ergo
3162 4129 3306 4183 tres;
3334 4129 3392 4176 et
3436 4117 3628 4175 idcirco
3661 4113 3704 4168 in
3746 4119 3841 4162 untur

2351 4207 2452 4263 bus
2501 4224 2640 4264 unus
2698 4209 2858 4264 Deus.
2912 4208 3066 4278 Quod
3106 4227 3212 4266 non
3267 4210 3340 4266 sit
3392 4226 3464 4267 ex
3513 4206 3692 4264 mundo
3726 4199 3840 4273 (ltus.

2351 4317 2464 4365 vnt,
2490 4302 2545 4373 5)
2580 4318 2592 4354 :
2626 4299 2739 4374 Ego
2774 4319 2887 4356 sunt
2924 4302 3094 4357 lumen
3117 4305 3316 4372 mundi;
3350 4313 3570 4375 pr0pter
3595 4300 3740 4370 ipsum
3758 4288 3837 4346 enim

2350 4389 2480 4446 \‘itit
2520 4391 2770 4459 mundus,
2819 4409 2882 4448 ac
2922 4393 3070 4450 vivet
3109 4396 3366 4466 quamdiu
3407 4392 3664 4451 obedierit
3685 4388 3736 4443 ei.
3756 4378 3841 4450 Quid

2351 4500 2540 4540 omnes
2577 4495 2686 4541 tres
2722 4484 2962 4556 spiritus,
2990 4487 3100 4556 jam
3131 4487 3259 4543 dixit
3296 4489 3481 4561 (Joan.
3515 4504 3588 4553 tv,
3615 4484 3678 4540 24
3702 4483 3743 4553 );
3766 4475 3841 4529 litt-:5

2351 4578 2564 4648 spiritus
2586 4587 2679 4634 est.
2708 4578 2778 4633 Et
2798 4578 3104 4636 dicentibus
3125 4581 3448 4652 quibusdam
3482 4581 3652 4655 (Joan.
3674 4591 3759 4632 rut.
3777 4569 3846 4632 1933

2358 4671 2458 4728 Ubi
2485 4689 2556 4730 est
2581 4684 2726 4745 pater
2751 4674 2906 4728 tuus?
2929 4673 3066 4730 dixit
3096 4693 3108 4730 :
3143 4674 3326 4745 Neque
3347 4695 3430 4731 me
3465 4675 3636 4739 nostis,
3663 4681 3780 4736 neque
3799 4676 3846 4729 ti?

2355 4775 2483 4822 trem
2528 4783 2694 4822 meum
2715 4783 2734 4821 :
2761 4766 2825 4823 Si
2864 4785 2941 4822 me
2975 4770 3170 4824 sciretis
3197 4812 3210 4835 ,
3250 4772 3383 4826 scire
3436 4769 3642 4839 possetis
3677 4772 3716 4818 et
3738 4766 3849 4829 patri?“

2355 4873 2542 4912 meum.
2599 4857 2835 4929 Spiritus
2875 4870 3053 4916 autem
3109 4873 3327 4918 sanctus
3361 4861 3598 4933 Spit-itus
3638 4849 3850 4912 manifesti:

2353 4949 2456 5004 ista
2505 4956 2684 5004 autem
2728 4950 2910 5005 omnia
2966 4960 3020 5007 et
3059 4963 3230 5023 pater,
3271 4963 3327 5010 ει
3353 4971 3423 5009 εχ
3473 4940 3852 5024 ρωνοεδμωάςεθ

2355 5057 2500 5114 ergo.
2521 5026 2653 5097 Non
2688 5043 2831 5098 enim
2865 5043 3087 5113 Spiritus
3119 5053 3176 5100 ut
3202 5044 3329 5104 alii:
3357 5045 3445 5100 illi
3472 5043 3611 5100 enim
3640 5056 3668 5092 a
3688 5038 3852 5094 Dett,tt-':~ii

2354 5143 2424 5191 e’x
2459 5135 2599 5191 Deo:
2633 5135 2899 5209 ὁμοούσιον
2928 5134 3092 5207 igitur
3136 5137 3238 5192 ista
3277 5137 3400 5194 tria.
3435 5136 3591 5205 Quod
3617 5133 3734 5188 lilius
3755 5132 3849 5177 rem"

2358 5227 2539 5301 (Joan.
2580 5245 2689 5296 xvr,
2719 5229 2808 5294 27,
2839 5227 2910 5284 28
2938 5231 2994 5297 ):
3030 5227 3142 5301 Ego
3169 5230 3312 5286 enim
3350 5248 3420 5286 ea:
3468 5231 3576 5285 Deo
3609 5225 3736 5289 eritsi,
3759 5228 3796 5271 ιιι
3819 5226 3852 5264 ει

2358 5318 2561 5388 gremio
2591 5319 2780 5389 patris,
2813 5327 2859 5374 et
2885 5321 3098 5375 advenio
3125 5322 3175 5375 in
3198 5322 3472 5377 mundum.
3493 5319 3639 5388 Quod
3661 5317 3853 5378 antequaIn

2355 5410 2408 5466 itt
2438 5426 2600 5466 carne
2652 5421 2826 5480 esset,
2874 5421 2992 5468 erat
3026 5412 3310 5487 Christus(
3339 5414 3505 5469 Joan.
3531 5429 3638 5478 vut,
3675 5405 3754 5468 56.
3776 5399 3852 5453 5287*:

2355 5503 2634 5571 Abraham,
2655 5515 2798 5574 pater
2813 5515 2996 5573 vester,
3028 5504 3297 5561 (celabatur
3318 5517 3369 5561 ut
3389 5507 3584 5561 videret
3609 5503 3721 5556 diem
3737 5499 3856 5546 intra:

2354 5607 2400 5653 εί
2438 5597 2562 5652 "id"
2599 5608 2648 5652 ⁸⁸
2686 5599 2887 5668 gavisus
2919 5610 3011 5653 est.
3054 5600 3124 5656 Et
3153 5618 3335 5658 rursus
3363 5621 3377 5656 :
3409 5603 3543 5655 Ante
3578 5594 3854 5682 Abraham

2352 5707 2483 5746 sum.
2519 5689 2671 5758 Quod
2727 5708 2831 5747 nou
2875 5693 3038 5749 homo
3083 5693 3264 5767 (Joan.
3320 5710 3404 5759 ις,
3442 5694 3500 5764 5)
3537 5690 3692 5748 :Cum
3723 5697 3799 5739 sxw
3829 5691 3858 5724 ἐι

2352 5787 2561 5856 mundos
2595 5785 2762 5850 lumen
2793 5804 2904 5852 sunt
2939 5788 3137 5848 mundi.
3163 5789 3293 5876 Quis
3321 5799 3508 5848 autem
3529 5783 3668 5864 dedit
3685 5787 3790 5838 (ἔξω)
3811 5767 3852 5820 ‘i‘
