4018 6184
293 215 412 272 1045

1439 206 1813 266 Αονειιδυδ
1854 207 2074 265 ARIUM
2115 207 2320 263 LIBER
2362 207 2403 262 ι.

3433 213 3570 266 ill-ili

290 332 424 388 sunt?
461 329 660 384 homo?
705 329 1042 399 impossibile
1083 345 1095 381 :
1135 338 1192 384 et
1236 341 1358 396 ego,
1394 326 1539 398 quod
1578 325 1720 380 ﬁlius
1773 325 1869 382 Dei
1896 329 1942 388 Α
1972 326 2181 391 cimus,
2233 325 2528 380 secundum
2576 334 2783 395 patrem
2829 327 2993 382 Deum
3042 327 3187 382 dicta
3235 338 3398 384 sunt:
3453 330 3568 384 Non

290 423 472 497 (learn,
497 437 574 489 is,
597 421 823 491 35-31):
865 419 942 475 Tu
966 421 1131 476 credis
1152 422 1206 475 iis
1231 421 1399 489 filium
1422 419 1558 474 Dei?
1586 419 1866 491 Respondit

286 516 393 570 ille:
425 513 552 582 Quis
570 523 664 578 est,
688 512 928 580 Domine,
962 523 1016 565 ut
1032 513 1238 568 credam
1255 514 1309 566 in
1325 515 1476 566 eum?
1498 510 1643 566 Discit
1659 513 1757 581 ipsi
1773 511 1867 566 Je-

286 624 398 664 sus:
428 605 494 661 Et
537 606 708 660 vidisti
747 621 892 670 εκπι,
927 613 978 660 et
1004 606 1094 677 qui
1131 606 1357 676 loquitur
1381 614 1575 671 tecum,
1621 606 1730 675 ipse
1767 615 1862 659 est.

285 699 421 768 Quod
447 713 512 756 ex
543 698 732 755 eadem
754 699 1048 754 substantia
1071 707 1126 753 et
1153 698 1390 769 potentia
1425 697 1604 770 (Joan.
1635 714 1691 764 ι,
1721 697 1815 768 50)
1847 715 1862 753 :

285 793 389 864 Ego
429 801 476 846 et
515 801 661 861 pater
702 808 859 846 unum
905 807 1100 846 sumus.
1150 792 1214 846 Et
1256 806 1444 846 rursus
1509 789 1711 862 (Joan.
1740 806 1861 858 ιη’,

285 886 360 952 Ill,
393 885 476 944 ill
506 902 518 937 :
552 883 708 938 Pater
732 887 786 938 in
809 900 906 951 me,
939 893 986 937 et
1006 901 1099 955 ego
1126 885 1179 937 in
1206 886 1339 952 ipso.

344 975 429 1032 IX.
471 975 619 1032 Unde
643 977 846 1030 dictum
878 977 953 1031 lin
1000 975 1166 1032 Paulo
1207 975 1469 1049 (Philipp.
1505 990 1563 1040 it,
1619 975 1706 1046 6):
1760 973 1863 1041 Qui

283 1072 331 1125 in
361 1076 527 1142 [arma
553 1069 654 1124 Dei
703 1070 945 1136 existens,
969 1086 1071 1124 non
1100 1070 1335 1139 rapinam
1350 1070 1625 1123 arbitratus
1643 1077 1736 1131 est,
1763 1085 1868 1122 esse

279 1180 326 1219 se
346 1165 592 1233 aqualem
627 1163 755 1219 Deo.
797 1164 899 1220 Ista
929 1165 1089 1235 igitur
1113 1165 1418 1234 signiticant
1455 1174 1508 1218 et
1539 1178 1697 1216 unam
1745 1177 1869 1217 esse

279 1257 643 1323 substantiam,
701 1267 759 1312 et
789 1272 948 1311 uuam
1003 1257 1314 1326 potentiam.
1367 1256 1650 1323 Quomodo
1697 1255 1864 1322 enim,

279 1346 386 1419 Ego
405 1358 454 1402 et
481 1358 624 1416 pater
643 1365 801 1403 unum
819 1348 1034 1403 sumus!
1069 1358 1123 1404 et
1149 1347 1442 1418 quomodo,
1483 1346 1644 1401 Pater
1675 1347 1730 1400 in
1765 1363 1864 1413 me,

279 1451 322 1495 et
345 1458 435 1512 ego
464 1444 516 1496 in
543 1452 706 1512 patre,
734 1444 778 1497 si
801 1457 906 1497 non
936 1459 966 1498 a
997 1453 1152 1513 patre
1183 1441 1538 1497 substantiam
1586 1441 1863 1496 habuisset

273 1545 322 1590 et
353 1534 671 1604 petentiam,
715 1536 925 1605 genitus
952 1534 1020 1590 de
1051 1543 1163 1589 toto
1217 1535 1400 1589 totus?
1456 1542 1513 1589 et
1559 1533 1856 1603 quomodo,

275 1624 390 1680 Non
416 1627 654 1696 rapinam
679 1626 958 1681 arbitratus
988 1636 1091 1694 est,
1123 1629 1372 1697 aqualem
1394 1641 1503 1680 esse
1523 1627 1700 1697 patri?
1748 1626 1864 1680 Non

1970 420 2114 474 enim
2144 418 2372 474 mendax
2395 419 2559 486 Deus,
2594 435 2691 474 uec
2725 421 2942 490 impius,
2989 419 3158 476 ﬁlium
3187 437 3246 478 se
3281 423 3486 490 dicens,
3517 434 3572 480 et

1972 520 2179 581 patrem
2202 511 2365 566 Deum
2379 511 2468 580 qui
2482 513 2701 566 omnino
2714 527 2820 567 non
2837 522 3011 568 esset:
3031 513 3124 568 sed
3144 525 3360 585 prepter
3375 532 3572 586 corpus

1971 606 2275 676 passioaem
2299 605 2526 669 induxit,
2553 616 2608 660 ut
2633 606 2981 674 implerentur
3005 606 3187 660 omnia
3209 607 3262 662 in
3287 611 3564 679 mysterio.

1968 698 2124 767 Quod
2173 710 2226 752 et
2265 711 2553 767 antequam
2595 699 2648 752 in
2680 713 2928 767 corpore,
2974 699 3073 754 fuit
3105 698 3352 756 Christus
3389 701 3566 773 (Joan.

1969 806 2063 856 sit,
2091 788 2188 858 28)
2220 808 2232 843 :
2282 788 2349 842 Et
2375 790 2682 861 glori/icuvi,
2721 801 2767 844 et
2797 808 2998 845 rursum
3021 794 3251 863 glori/ica
3284 812 3296 848 :
3330 796 3382 848 in
3422 810 3569 865 mys-

1971 881 2110 937 terio
2157 881 2301 935 enim
2335 883 2384 935 in
2430 896 2596 936 carne
2632 882 2932 937 humiliavit
2975 884 3345 955 semetipsum.
3422 886 3567 956 Ergo

1970 983 2096 1028 ante
2124 973 2264 1026 istud
2313 983 2365 1026 et
2399 981 2520 1042 post
2551 973 2690 1027 istud
2718 974 3047 1043 glorificatus
3077 986 3159 1031 est
3187 976 3362 1032 Iesus.
3419 979 3570 1045 Quod

1973 1073 2189 1134 prepter
2217 1065 2530 1136 mysterium
2559 1075 2612 1119 et
2656 1067 2849 1121 timens
2879 1067 3167 1136 inducitur,
3200 1079 3255 1125 et
3287 1073 3564 1140 postulans

1971 1158 2151 1224 aliqua
2171 1157 2333 1231 (Ibid.
2361 1159 2453 1230 30)
2477 1179 2488 1213 :
2520 1157 2642 1213 Non
2671 1172 2878 1231 prapter
2906 1178 2985 1216 me
3012 1164 3142 1216 venit
3174 1164 3282 1218 haec
3311 1180 3430 1240 vox,
3475 1167 3564 1220 sed

1971 1262 2179 1322 propter
2205 1269 2310 1306 vos.
2367 1254 2567 1308 Eadem
2596 1254 2846 1310 similiter
2873 1256 2975 1310 ista
3009 1255 3168 1323 facio,
3212 1273 3317 1312 non
3354 1267 3570 1328 propter

1972 1358 2082 1409 me,
2107 1344 2201 1399 sed
2235 1355 2456 1415 propter
2485 1361 2599 1399 vos.

2046 1437 2134 1493 XI.
2165 1440 2316 1507 Quod
2343 1440 2482 1494 ﬁlius
2523 1441 2754 1496 hominis
2811 1442 2927 1512 ipse
2970 1442 3237 1510 Christus,
3282 1443 3462 1499 lumen
3515 1446 3566 1500 in

1973 1531 2176 1586 mundo
2209 1531 2355 1585 titius
2381 1533 2471 1586 Dei
2495 1541 2577 1586 est
2609 1531 2772 1605 (Ibid.
2803 1533 2892 1600 54,
2927 1534 3018 1604 55)
3048 1553 3059 1587 :
3091 1532 3205 1590 Nos
3226 1536 3516 1600 audivimus
3543 1555 3574 1589 (ι

1972 1624 2100 1694 lege,
2131 1624 2376 1693 quoniam
2404 1623 2638 1678 Christus
2661 1635 2830 1678 manet
2855 1626 2907 1679 in
2938 1635 3216 1680 (sternunt:
3247 1638 3292 1681 et
3315 1630 3569 1697 quomodo

272 1719 409 1774 enim
439 1717 612 1772 dixit:
661 1716 777 1772 Non
806 1719 1094 1773 arbitratus
1123 1728 1207 1774 est
1235 1719 1494 1789 aequalem
1543 1734 1684 1783 esse,
1738 1719 1856 1786 sed,
1894 1713 1941 1772 Β
1969 1719 2097 1772 dicis
2129 1729 2202 1782 tu,
2249 1717 2386 1783 quod
2425 1717 2588 1783 ﬁlium
2621 1718 2840 1772 hominis
2870 1729 3065 1788 oportet
3108 1720 3392 1787 altiﬁcari?
3443 1723 3569 1793 Quis

272 1808 387 1864 Non
417 1810 696 1864 arbitratus
713 1826 822 1864 esse
837 1811 1094 1877 rapinam.
1141 1808 1261 1865 Vult
1287 1825 1417 1880 ergo
1454 1809 1678 1865 inferior
1711 1825 1858 1874 esse,

270 1919 372 1959 non
399 1903 589 1958 volens
616 1902 856 1972 rapinam
879 1903 1133 1959 arbitrari
1161 1905 1422 1974 aequalem
1466 1919 1608 1958 esse.
1664 1904 1718 1958 lu
1746 1906 1862 1960 istis

270 1995 404 2051 enim
435 1995 683 2051 arbitrari
709 2007 813 2062 est,
871 2006 963 2051 aut
1006 2011 1114 2050 non
1164 1997 1413 2052 arbitrari
1458 2000 1697 2066 rapinam
1743 2013 1864 2054 esse

270 2085 550 2156 aequalem,
574 2101 694 2155 qua:
714 2096 838 2142 sunt
860 2087 1108 2157 aequalia.
1141 2087 1243 2142 Sed
1262 2087 1566 2157 putavimus
1579 2089 1861 2158 aequalem,

271 2178 562 2234 secundum
591 2179 883 2247 potentiam
909 2177 1111 2232 dictum
1140 2193 1280 2234 esse.
1343 2175 1580 2234 Primum
1625 2196 1731 2236 non
1780 2191 1865 2236 est

273 2270 397 2326 illud
423 2269 535 2325 Arii
557 2269 788 2340 dogma,
831 2269 972 2340 quod
1022 2271 1194 2341 major
1245 2278 1332 2327 est
1381 2280 1529 2342 pater
1581 2272 1858 2343 dignitate,

270 2365 522 2436 petentia,
551 2366 817 2433 claritate,
855 2363 1154 2432 divinitate,
1183 2366 1394 2421 actione
1425 2383 1437 2419 :
1470 2368 1696 2437 aequalia
1719 2369 1862 2423 enim

269 2459 403 2514 dixit
434 2476 447 2512 :
474 2467 530 2513 et
553 2459 600 2518 si
621 2457 918 2512 secundum
947 2456 1086 2512 istud
1115 2458 1363 2528 aequalia,
1422 2458 1753 2527 impossibile
1775 2477 1862 2514 se—

266 2550 500 2606 cundum
530 2550 670 2605 istud
698 2549 926 2619 aequalia
947 2564 1089 2614 esse,
1122 2550 1166 2604 si
1198 2567 1303 2604 non
1337 2561 1391 2606 et
1430 2552 1728 2606 substantia
1773 2567 1865 2608 ea-

266 2643 386 2700 dem
407 2683 424 2710 ,
478 2643 569 2698 Dei
611 2642 755 2698 enim
797 2642 987 2698 eadem
1028 2642 1146 2713 ipsa
1174 2655 1255 2699 est
1281 2653 1337 2699 et
1366 2647 1625 2714 potentia,
1655 2655 1708 2700 et
1738 2647 1874 2701 sub--

265 2737 478 2803 stantia,
511 2745 565 2791 et
592 2735 865 2799 divinitas,
911 2749 963 2789 et
1005 2737 1191 2790 actio:
1248 2736 1442 2791 Omnia
1480 2738 1627 2792 enim
1674 2753 1861 2803 unum,

267 2842 320 2888 et
345 2847 509 2886 unum
537 2831 785 2900 simplex.
837 2829 955 2884 Huc
981 2830 1211 2896 accedit,
1255 2831 1299 2884 si
1333 2831 1400 2885 ab
1432 2830 1538 2884 alia
1568 2831 1867 2886 substantia

265 2934 382 2981 erat
409 2925 569 2988 lilius,
601 2932 656 2978 et
681 2923 725 2977 si
753 2924 988 2982 maxime
1010 2938 1076 2978 ex
1107 2923 1276 2978 nihilo
1300 2940 1314 2989 ;
1340 2939 1460 2994 quia
1490 2924 1582 2977 illa
1611 2925 1863 2980 substan-

265 3019 338 3073 tia
389 3019 634 3086 recipere
681 3019 868 3072 valens
919 3019 1046 3072 istas
1096 3017 1403 3074 divinitates
1453 3028 1507 3074 et
1562 3022 1866 3090 potentias?

1967 1821 2038 1865 est
2066 1811 2204 1879 [ilius
2237 1812 2477 1864 hominis.
2515 1810 2658 1864 Dixit
2687 1812 2810 1880 ipsis
2835 1811 3028 1867 Jesus:
3079 1813 3260 1866 Adhuc
3301 1813 3566 1882 paululqu

1970 1916 2168 1974 tempus
2219 1905 2388 1957 lumen
2440 1904 2492 1956 in
2530 1905 2668 1958 vobis
2716 1914 2808 1958 est.
2858 1906 2924 1959 Et
2981 1905 3174 1959 deinde
3227 1904 3388 1977 (Ibid.
3423 1906 3562 1978 35:):

1971 1997 2228 2064 Quamdiu
2286 1997 2455 2049 lumen
2510 1996 2722 2059 habetis,
2805 1997 3018 2050 credetis
3057 1999 3109 2050 in
3161 1996 3352 2063 lumen,
3382 2007 3434 2050 ut
3464 1999 3561 2065 [illi

1969 2093 2175 2146 luminis
2199 2092 2517 2162 efﬁciamini.
2575 2092 2723 2168 Quod
2754 2092 3017 2164 ὁμοούσιος
3075 2094 3182 2148 Deo
3212 2091 3418 2164 (Joan,
3448 2109 3556 2160 xw,

1971 2185 2026 2250 6,
2057 2184 2112 2254 Ἱ)
2135 2202 2146 2237 :
2176 2183 2285 2254 Ego
2311 2200 2422 2236 sum
2449 2184 2549 2248 via,
2575 2194 2618 2237 et
2652 2185 2835 2237 veritas
2865 2195 2911 2238 et
2937 2189 3057 2238 vita.
3118 2184 3311 2238 Nullus
3339 2187 3470 2239 venit
3498 2193 3563 2239 ml

1970 2287 2188 2346 patrem,
2235 2280 2277 2330 si
2303 2292 2402 2329 non
2428 2292 2517 2346 per
2546 2292 2641 2329 me.
2706 2275 2766 2329 Si
2793 2277 3094 2347 cognovistis
3133 2294 3232 2344 me,
3287 2289 3333 2331 et
3372 2288 3564 2348 patrem

1968 2385 2135 2422 meum
2161 2367 2470 2439 cognoscetis
2501 2383 2515 2420 :
2547 2376 2600 2421 et
2630 2368 2816 2421 amodo
2855 2370 3158 2439 cognoscitis
3188 2369 3377 2438 ipsum,
3405 2378 3453 2422 et
3491 2370 3565 2422 vi-

1969 2461 2117 2513 distis
2148 2461 2336 2531 ipsum.
2371 2462 2433 2512 Iit
2464 2473 2676 2512 rursum
2707 2458 2770 2512 ad
2804 2458 3109 2529 Philippum
3160 2459 3322 2532 (Ibid.
3353 2460 3406 2523 9,
3439 2459 3525 2526 I0)
3553 2477 3564 2512 :

1973 2551 2076 2620 Qui
2105 2552 2228 2606 vidit
2260 2567 2358 2616 me,
2388 2551 2514 2603 vidit
2543 2560 2589 2604 et
2618 2562 2835 2620 patrem.
2873 2549 2993 2604 Non
3021 2551 3184 2604 credis
3213 2552 3347 2619 quod
3395 2568 3485 2622 ego
3513 2551 3566 2602 in

1969 2655 2133 2714 patre,
2163 2653 2208 2697 et
2234 2644 2451 2713 paterin
2480 2659 2557 2696 me
2580 2643 2694 2696 est?
2742 2642 2809 2697 Et
2857 2657 3042 2697 rursus
3087 2643 3188 2698 ista
3236 2653 3290 2697 et
3321 2642 3466 2706 talia,
3511 2642 3564 2696 iu

1969 2737 2162 2808 quibus
2191 2733 2536 2790 manifestum
2568 2744 2671 2801 est,
2712 2736 2857 2804 quod
2889 2747 2942 2790 et
2971 2746 3119 2805 pater
3145 2747 3226 2791 est
3247 2735 3396 2806 juxta
3421 2735 3564 2806 quod

1971 2837 2073 2891 est,
2106 2838 2160 2881 et
2188 2827 2328 2880 illius
2358 2837 2440 2882 est
2463 2827 2622 2895 juxta
2650 2827 2789 2894 quod
2837 2835 2938 2886 est.
2982 2836 3038 2898 et
3059 2825 3261 2880 idcirco
3283 2827 3389 2880 duo
3416 2836 3563 2880 sunt.

1973 2919 2079 2976 Sed
2126 2919 2380 2989 quoniam
2431 2929 2484 2972 et
2531 2927 2684 2986 pater
2725 2919 2777 2971 iu
2820 2917 2950 2983 lilio,
2999 2927 3053 2972 et
3093 2917 3232 2971 Illius
3282 2918 3333 2971 in
3391 2928 3561 2987 patre,

1972 3011 2255 3084 ὁμοούσιοι.
2301 3010 2416 3064 Non
2448 3020 2658 3079 Oportet
2689 3009 2850 3079 igitur
2891 3009 3072 3063 dicere
3124 3009 3244 3064 dua:
3299 3023 3566 3079 personae,

265 3111 543 3182 aequalitas
571 3111 763 3180 aequali
787 3111 1143 3176 connectitur,
1169 3121 1224 3166 et
1245 3112 1422 3167 simile
1445 3113 1626 3167 simili.
1659 3113 1864 3183 {Equa-
1893 3102 1938 3166 C
1972 3120 2076 3158 una
2102 3103 2436 3169 subdamia;
2463 3103 2556 3156 sed
2585 3102 2690 3156 duo
2719 3113 2866 3172 pater
2896 3112 2948 3156 ei
2974 3103 3132 3164 liliUS.
3177 3118 3242 3156 ex
3285 3116 3387 3155 una
3431 3101 3560 3155 sult-

267 3204 333 3258 lis
361 3203 526 3273 igitur
553 3203 694 3257 lillus
721 3213 776 3257 et
801 3213 968 3270 pater,
1028 3212 1083 3256 et
1113 3214 1397 3272 propterea
1431 3213 1485 3258 et
1516 3203 1657 3258 illius
1691 3204 1743 3257 in
1775 3218 1867 3273 pa-

269 3305 370 3362 tre,
403 3305 457 3350 et
479 3305 629 3364 pater
659 3295 708 3348 iu
736 3294 866 3358 tilio,
895 3303 950 3349 et
979 3295 1138 3348 ambo
1167 3311 1355 3350 unum.

341 3389 406 3443 Χ.
438 3385 544 3446 Sed
575 3389 674 3443 ista
706 3403 867 3442 nunc.
927 3388 995 3442 At
1027 3403 1159 3442 vero
1190 3389 1283 3443 illa
1307 3387 1531 3444 Joannis
1558 3389 1862 3446 videamus.

263 3482 382 3552 Ipse
420 3481 668 3536 Salvator
693 3480 822 3534 dicit
851 3479 1032 3552 (Joan.
1065 3495 1139 3547 si,
1168 3479 1261 3552 25)
1299 3497 1312 3533 :
1375 3479 1486 3551 Ego
1544 3497 1659 3536 sum
1695 3498 1866 3536 resur-

260 3575 441 3637 rectio,
470 3574 710 3644 quoniam
738 3574 845 3644 ipse
882 3574 985 3627 vita
1014 3588 1032 3627 :
1063 3575 1190 3638 Quis
1220 3583 1399 3628 autem
1430 3573 1577 3627 iste?
1648 3574 1856 3630 Martha

263 3665 396 3722 dicit
422 3665 587 3735 (Ibid.
617 3665 742 3738 27):
780 3665 1034 3733 Quoniam
1059 3677 1114 3720 tu
1143 3681 1194 3720 es
1217 3666 1448 3721 Christus
1469 3667 1608 3737 ﬁlius
1638 3667 1752 3735 Dei,
1784 3669 1870 3739 qui

260 3759 319 3813 in
355 3758 602 3813 mundum
626 3759 826 3813 venisti.
864 3757 1017 3826 Quod
1046 3772 1152 3813 non
1181 3759 1260 3812 sic
1313 3759 1486 3822 lilius,
1518 3759 1867 3830 quemadmo—

261 3854 394 3910 dum
418 3871 515 3909 nos
541 3871 553 3907 :
589 3853 694 3908 Nos
716 3853 859 3908 enim
882 3855 1171 3923 adoptione
1193 3853 1313 3920 lilii,
1339 3855 1426 3910 ille
1448 3863 1656 3910 natura.
1691 3855 1865 3910 Etiam

262 3948 498 4020 quadam
530 3945 816 4016 adoptione
849 3945 994 4000 filius
1018 3956 1072 4000 et
1097 3946 1364 4012 Christus,
1417 3947 1510 4001 sed
1565 3947 1858 4002 secundum

261 4055 483 4095 carnem
522 4037 644 4109 (Ps.
670 4053 728 4104 tt,
753 4035 842 4109 7):
877 4036 986 4110 Ego
1013 4038 1165 4092 hodie
1187 4039 1340 4110 genui
1361 4047 1427 4092 te.
1461 4038 1515 4092 Si
1537 4039 1679 4093 enim
1703 4039 1865 4104 istud,

260 4131 440 4186 solum
471 4129 740 4184 hominem
802 4129 968 4184 illium
1021 4129 1181 4185 habet
1215 4148 1228 4184 :
1275 4129 1369 4185 sed
1417 4128 1598 4200 (Joan.
1629 4146 1742 4196 \‘lll,
1773 4131 1869 4201 58)

260 4225 396 4277 Ante
433 4223 691 4276 Abraham
741 4239 831 4293 ego
868 4222 1203 4288 sum,dicens
1234 4223 1375 4292 quod
1396 4223 1868 4281 naturaliliuscrat

261 4319 520 4386 primum,
555 4314 896 4382 declaravits
931 4313 1046 4370 Non
1081 4316 1239 4386 igitur
1265 4313 1643 4370 Photinianum
1673 4317 1863 4388 dogma

262 4424 476 4464 verum.
529 4407 732 4464 Deinde
759 4422 859 4463 nos
889 4423 993 4463 non
1041 4418 1228 4479 gentes
1275 4409 1474 4473 solum,
1528 4410 1620 4465 sed
1669 4421 1722 4466 et
1775 4412 1864 4481 qui

1970 3195 2170 3251 stantia
2203 3214 2216 3259 ;
2272 3196 2432 3250 dante
2474 3204 2623 3265 patre
2654 3212 2682 3248 a
2715 3210 2810 3248 soa
2840 3196 3138 3250 substantia
3174 3195 3281 3248 lilio
3314 3195 3560 3250 substan-

1969 3291 2097 3344 tiam
2120 3290 2173 3344 iu
2199 3291 2298 3344 hoc
2321 3289 2494 3358 inquo
2513 3289 2696 3360 genuit
2716 3291 2880 3342 tilium
2906 3298 2961 3344 et
2989 3307 3050 3344 ex
3081 3290 3342 3362 ὁμοούσιοι
3384 3288 3562 3341 ambo.

1967 3383 2120 3450 Quod
2171 3384 2286 3452 Ipse
2340 3383 2486 3449 facit,
2544 3392 2598 3437 et
2643 3383 2802 3437 l'aciet
2852 3383 3053 3450 omnia,
3105 3383 3357 3452 quoniam
3413 3395 3567 3450 egon

1970 3487 2120 3548 patre
2169 3476 2330 3548 (Ibid.
2362 3477 2448 3546 I3)
2479 3496 2490 3530 :
2526 3475 2590 3531 Et
2643 3478 2779 3549 quod
2818 3477 3080 3547 resurgitis
3113 3478 3165 3530 in
3201 3477 3402 3530 nomine
3432 3492 3563 3541 meo,

1969 3569 2065 3622 hoc
2093 3569 2302 3640 faciam,
2339 3578 2392 3622 ut
2417 3569 2732 3637 gloriﬁcetur
2763 3578 2906 3638 pttlel‘
2935 3570 2987 3621 in
3035 3584 3130 3621 me.
3209 3567 3360 3636 Quod
3415 3582 3567 3635 para-

1969 3665 2140 3719 cletus
2173 3673 2226 3718 et
2252 3663 2500 3718 Christus
2531 3663 2692 3733 (Ibid.
2727 3663 2813 3729 l5,
2851 3660 2940 3732 16)
2970 3680 2982 3716 :
3011 3662 3070 3715 Si
3096 3678 3173 3714 me
3194 3660 3490 3723 dilexeritis,
3523 3668 3568 3712 et

1969 3755 2215 3810 mandata
2257 3772 2368 3808 mea
2395 3755 2764 3808 custodieritis:
2832 3763 2878 3808 et
2909 3770 2999 3824 ego
3027 3752 3215 3824 rogabo
3260 3763 3476 3823 patrem,
3522 3760 3566 3802 et

1969 3853 2128 3906 alium
2160 3850 2475 3920 paracletum
2502 3849 2644 3904 dabit
2675 3851 2832 3915 vobis,
2877 3859 2928 3903 ut
2970 3849 3224 3904 vobiscum
3249 3851 3313 3902 sit
3343 3850 3392 3902 iu
3420 3857 3565 3903 (eter-

1970 3962 2112 3999 num.
2155 3944 2286 4010 Qui»
2331 3953 2508 3998 autem
2563 3952 2645 3998 est
2695 3943 2836 3998 alius
2891 3944 3191 4013 [tatacletus
3241 3942 3406 4012 (Ibid.
3447 3940 3566 4012 I7):

1974 4038 2204 4108 Spiritus
2234 4037 2481 4104 veritatis,
2531 4053 2680 4107 quem
2727 4038 2948 4092 mundus
2993 4037 3163 4090 videre
3215 4053 3317 4090 non
3375 4046 3568 4102 potest:

1971 4133 2107 4203 quod
2143 4149 2258 4186 eum
2299 4148 2400 4186 non
2445 4131 2598 4186 videt.
2664 4131 2839 4186 Alium
2887 4139 3064 4186 autem
3111 4131 3458 4201 paracletum,
3516 4127 3569 4184 id

1971 4236 2074 4294 est,
2103 4225 2373 4281 Christum
2401 4226 2651 4281 viderunt
2679 4243 2692 4292 ;
2722 4225 2863 4296 quod
2893 4225 2944 4279 in
2968 4240 3151 4289 carne,
3191 4240 3296 4279 non
3327 4223 3571 4277 credide-

1971 4331 2096 4377 ruut
2122 4321 2174 4375 in
2207 4320 2404 4390 ipsum.
2459 4319 2610 4388 Quod
2653 4318 2890 4389 potentia
2916 4317 3117 4373 Christi
3162 4317 3232 4371 sit
3261 4317 3564 4386 parat-lctus

1975 4413 2168 4488 (Ibid.)
2199 4433 2211 4467 :
2253 4413 2354 4468 Vos
2375 4424 2544 4468 autent
2565 4413 2870 4483 cognoscitis
2900 4412 3091 4480 ipsimi,
3147 4410 3387 4481 quoniam
3429 4405 3570 4478 apud

260 4500 496 4572 dispersi
527 4513 655 4556 sunt
683 4500 798 4556 lilii.
861 4501 955 4556 Dei
981 4501 1141 4571 igitur
1171 4501 1309 4557 Illius
1333 4500 1617 4569 Christus;
1673 4505 1768 4560 lilii
1811 4517 1866 4562 et
1897 4487 2064 4563 Dvos
2094 4519 2280 4562 manet.
2337 4509 2475 4578 Ergo
2515 4505 2664 4561 dedit
2716 4505 2892 4576 ipsum
2943 4503 3073 4574 ipsis
3121 4501 3388 4566 Christus,
3439 4498 3575 4553 dixit

262 4611 404 4650 nos:
434 4594 528 4650 sed
557 4611 656 4650 nos
685 4611 779 4665 per
808 4593 1174 4663 adoptionem,
1233 4612 1328 4651 nos
1356 4611 1452 4667 per
1477 4595 1659 4652 Iesum
1681 4597 1864 4653 Chris-

264 4697 402 4754 tum,
439 4702 538 4742 nos
570 4695 626 4741 ut
651 4685 742 4740 lilii
769 4685 1000 4755 dispersi
1036 4703 1048 4741 :
1080 4702 1205 4741 num
1236 4697 1290 4743 et
1315 4687 1562 4743 Christus
1587 4691 1664 4744 sic
1686 4689 1866 4746 Illius?

262 4778 468 4833 Natura
498 4778 656 4849 igitur
681 4777 839 4834 Jesus
867 4778 1028 4845 lilius,
1073 4794 1170 4834 nos
1213 4779 1501 4851 adoptione
1551 4781 1661 4836 lilii.
1712 4783 1866 4852 Quod

263 4879 456 4925 natura
486 4870 660 4936 Illius,
687 4882 740 4926 et
771 4871 886 4941 ipse
907 4871 1037 4926 dicit
1063 4887 1206 4942 swpe
1237 4872 1415 4944 (Joan.
1449 4891 1526 4939 XI,
1555 4876 1646 4947 41)
1671 4894 1682 4928 :
1716 4875 1871 4932 Pater

262 4963 459 5033 gratias
487 4961 575 5015 tibi
604 4979 701 5034 ago
738 4965 874 5035 quod
901 4980 980 5019 me
1007 4965 1218 5020 audisti.
1268 4967 1333 5020 Et
1374 4967 1551 5038 (Joan.
1584 4983 1676 5034 xtl,
1731 4969 1827 5041 27)
1857 4989 1868 5025 :

266 5055 449 5121 Pater,
507 5057 649 5112 salva
699 5075 778 5112 me
828 5075 890 5114 ea;
925 5060 1025 5112 ista
1054 5059 1201 5115 hora.
1237 5059 1303 5114 Et
1333 5075 1520 5116 rursus
1549 5061 1727 5133 (Joan.
1761 5078 1875 5129 xvr,

259 5151 359 5224 28)
391 5168 403 5206 :
432 5151 546 5225 Ego
577 5167 639 5208 es
663 5169 751 5208 ore
769 5156 934 5226 patris
956 5154 1199 5225 processi.
1236 5155 1342 5211 Ista
1365 5169 1492 5222 non,
1548 5163 1604 5209 ut
1649 5171 1748 5210 nos
1795 5156 1876 5212 dio

1973 4601 2118 4656 enim
2147 4618 2158 4653 :
2197 4599 2370 4653 Manet
2402 4601 2454 4652 in
2487 4598 2646 4663 vobis,
2676 4599 2795 4650 etin
2823 4596 2960 4650 vobis
2991 4607 3082 4648 est.

2047 4693 2164 4749 XII.
2199 4694 2280 4748 Ex
2311 4692 2394 4746 Itis
2417 4690 2544 4763 quid
2577 4689 2840 4760 apparet?
2867 4689 2922 4743 Si
2956 4691 3095 4743 Deus
3119 4685 3360 4755 Spiritus,
3386 4694 3439 4740 et
3475 4685 3567 4741 Jac

1976 4801 2068 4841 sus
2099 4784 2342 4856 Spiritus,
2392 4793 2444 4838 et
2473 4791 2688 4835 sanctus
2739 4779 2994 4850 Spiritus,
3053 4777 3294 4848 spiritus,
3349 4794 3413 4832 ex
3465 4793 3573 4831 una

1977 4878 2278 4936 substantia
2323 4877 2455 4939 tria;
2504 4875 2753 4946 ὁμοούσια
2802 4887 2930 4940 ergo
2960 4871 3077 4926 ιώ.
3127 4869 3572 4938 QuodaCht-isto

1982 4970 2218 5041 Spiritus
2258 4975 2512 5031 sanctus,
2565 4964 2702 5018 sicut
2741 4962 2988 5018 Christus
3017 4979 3045 5015 a
3097 4963 3225 5024 Deo,
3277 4971 3331 5016 et
3375 4961 3578 5016 ItICItCO

1984 5078 2147 5117 unum
2183 5059 2286 5114 tria
2313 5056 2476 5130 (Ibid.
2514 5055 2637 5125 18):
2691 5053 2810 5108 Non
2840 5070 2927 5108 vos
2955 5053 3240 5124 relinquam
3293 5053 3573 5124 orphanos,

1981 5155 2180 5209 veniam
2210 5152 2278 5206 ad
2298 5167 2403 5206 vos.
2435 5150 2501 5205 Et
2527 5164 2713 5205 rursus
2734 5147 3057 5219 dicit(.loan.
3084 5163 3192 5216 xiv,
3211 5147 3304 5220 20)
3323 5167 3334 5200 ε
3352 5145 3457 5202 Illa
3500 5145 3583 5198 die

1633 5288 1992 5354 VARIORUM
2029 5287 2260 5346 NOTAE.

347 5431 411 5488 Et
437 5448 548 5504 ego.
579 5431 764 5494 Forte,
795 5431 883 5504 sed
913 5447 1024 5502 ego.

340 5501 770 5574 Ante'Abraham.
817 5502 890 5556 Ita
923 5501 1273 5574 corrigendos
1298 5501 1551 5560 duximus
1581 5501 1754 5558 editos
1784 5515 1877 5556 co-

263 5575 438 5641 dices,
467 5591 575 5642 pra:
605 5590 664 5630 se
689 5573 922 5628 ferentes
952 5582 1068 5627 ante
1087 5573 1280 5627 Adam.

344 5646 590 5701 Credetis.
626 5645 806 5708 Forte,
837 5643 1076 5698 credatis.

346 5719 498 5796 Quod
541 5719 649 5796 ipse
695 5716 856 5792 facit,
910 5724 956 5771 et
1003 5716 1152 5790 faciet
1219 5717 1410 5774 omnia.
1470 5715 1777 5791 Legendum
1809 5715 1885 5774 vi-

1981 5426 2156 5483 detur.
2195 5426 2346 5498 Quod
2367 5426 2475 5496 ipse
2503 5425 2624 5491 facit
2661 5441 2674 5478 :
2710 5422 2930 5494 respicit
2955 5418 3194 5498 eninrad
3229 5415 3356 5498 illud
3389 5414 3573 5498 (Ioan.

1983 5516 2092 5564 XIV,
2129 5492 2246 5568 12),:
2267 5492 2439 5566 Opera
2460 5512 2574 5567 quae
2597 5513 2686 5565 ego
2709 5492 2886 5568 facio;
2889 5504 2935 5547 et
2959 5495 3065 5568 ipse
3090 5492 3466 5568 faciet....quia
3490 5505 3580 5555 ego

1985 5572 2054 5625 ad
2079 5561 2282 5623 Patrem
2308 5561 2579 5623 vado.'Sic
2601 5561 2810 5621 statim:
2843 5565 2904 5618 Et
2931 5561 3064 5633 quod
3089 5573 3396 5633 nesuncrrts
3417 5561 3467 5613 in
3486 5576 3583 5633 uo-

1988 5644 2123 5698 mine
2166 5658 2298 5705 meo,
2354 5641 2636 5709 legendum
2681 5639 2836 5705 plane
2891 5631 3236 5690 rarisnirts:
3297 5631 3385 5700 hic
3439 5631 3582 5687 enim

1989 5715 2167 5772 locum
2199 5708 2420 5780 recitat,
2439 5708 2595 5766 .Ioan.
2631 5723 2746 5777 xiv,
2781 5709 2865 5763 1⁵5.
