4018 6184
447 128 586 185 ton
1721 129 1910 184 MARII
1937 128 2274 185 VICTORINI
2316 89 2473 186 sunt
3615 127 3757 183 tots

447 246 784 316 cognoscetis,
826 245 1066 315 quoniam
1112 262 1202 316 ego
1257 247 1310 299 in
1345 255 1486 314 patre
1509 260 1643 311 meo,
1667 253 1715 298 et
1744 259 1832 298 vos
1854 245 1906 298 in
1936 261 2037 308 me,
2075 249 2120 308 Α
2151 248 2348 300 mittam
2372 247 2513 301 vobis
2543 263 2573 299 a
2600 255 2765 318 patre,
2803 246 3059 314 Spiritum
3086 245 3332 309 veritatis,
3391 245 3477 311 qui
3525 261 3558 296 a
3610 253 3768 313 patre

446 348 493 394 et
523 355 615 409 ego
636 338 686 392 in
708 338 844 392 vobis
874 336 1213 393 :Secundum
1247 338 1494 409 spiritum
1521 337 1623 392 ista
1657 355 1668 389 :
1701 335 1854 403 Quod
1882 349 1911 389 a
1936 335 2047 390 ﬁlio
2153 333 2405 387 adveniet.
2460 331 2614 399 Quod
2646 332 2845 402 duplex
2873 331 3111 402 potentia
3139 338 3232 388 τοῦ
3267 331 3416 404 λόγον
3456 327 3522 382 ad
3549 328 3718 383 Deum
3749 345 3765 380 :

451 435 751 504 paracletus
779 432 944 505 (Ibid.
974 432 1105 500 26):
1143 433 1447 488 Paracletus
1481 443 1649 486 autem
1682 442 1890 485 sanctus
1925 430 2049 502 Spi—
2158 443 2261 481 una
2288 427 2342 480 ia
2369 425 2675 493 manifesto,
2705 424 2954 481 Christus
2980 425 3034 479 in
3060 439 3230 478 carne
3257 442 3270 476 :
3322 423 3424 477 alia
3448 422 3502 475 in
3527 422 3773 486 occulto,

453 527 606 588 ritus,
638 541 785 593 quem
814 536 956 594 pater
985 527 1145 580 mittet
1165 527 1218 579 in
1252 527 1454 579 nomine
1478 541 1607 586 meo,
1635 525 1722 577 ille
1739 539 1825 576 vos
1855 523 2054 576 docebit
2156 520 2387 590 Spititus
2411 530 2648 574 sanctus.
2699 519 2755 572 In
2807 517 3095 589 prmscntia
3123 532 3252 585 ergo
3291 530 3412 569 cum
3440 523 3554 568 erat
3593 514 3772 584 λόγος,

452 621 623 671 omnia
651 635 766 688 (μίαν
794 635 884 689 ego
915 621 1113 674 dixero.
1171 618 1508 673 Manifestum
1545 633 1614 670 ex
1650 615 1764 683 his,
1811 614 1951 685 quod
1999 614 2052 669 in
2160 614 2263 669 hoc
2288 623 2370 670 est
2395 613 2663 678 Christus,
2692 629 2798 668 non
2825 622 3031 682 poterat
3060 610 3250 666 venire
3275 611 3423 684 λόγος
3446 608 3497 663 in
3523 609 3771 670 occulto,

455 709 670 765 Chri~to
702 711 860 774 Deus,
887 722 939 765 et
965 710 1019 764 in
1043 720 1232 764 sancto
1276 710 1479 779 Spititu
1513 707 1780 772 Christus,
1825 707 2052 775 primum
2163 706 2263 760 hoc
2301 716 2405 770 est,
2455 705 2688 776 Spiritus
2716 714 2936 760 sant-tus
2981 703 3164 773 (Joan.
3189 719 3300 764 XVI,
3325 701 3382 772 7)
3413 719 3426 755 :
3479 698 3691 753 Etenim
3734 699 3781 752 si

457 805 764 872 paracletus
817 800 1064 857 Christus
1095 845 1110 868 ,
1181 803 1484 872 paracletus
1528 811 1748 854 sanctus
1802 798 1947 870 Spiti
1973 813 2054 852 us.
2162 817 2264 854 non
2292 800 2520 865 discedo,
2550 799 2837 866 paracletus
2861 815 2960 851 non
2985 798 3144 850 veniet
3172 796 3238 849 ad
3266 810 3372 849 vos.
3409 794 3522 847 Duo
3544 806 3682 860 ergo
3707 799 3774 844 et.

467 894 674 948 Deinde
725 893 869 950 misit
909 893 1157 950 Christus
1192 895 1368 950 Deus:
1403 910 1521 965 qua:
1562 895 1769 949 locutus
1795 906 1876 948 est
1903 890 2058 946 Chri-
2165 892 2275 956 isti,
2323 907 2385 946 ex
2440 891 2547 944 alio
2575 891 2746 955 alios,
2786 889 3005 952 ciuilio
3043 887 3278 957 Spiritus
3321 893 3564 950 sanctus,
3615 881 3788 938 sicuti

463 997 600 1053 slus,
639 987 756 1054 ipsa
801 988 1034 1054 quttitur
1082 999 1300 1043 sanctus
1349 988 1604 1058 Spiritus.
1652 987 1759 1042 Sed
1812 984 2060 1041 Christus
2169 1001 2235 1053 ex
2269 988 2375 1041 Deo
2401 984 2540 1040 [ilius
2561 982 3021 1048 courationaliter,
3070 992 3124 1036 ct
3171 980 3403 1051 Spiritus
3446 987 3676 1032 sanctus
3708 991 3788 1029 ex

470 1078 684 1133 locutus
724 1089 807 1134 est
860 1079 912 1134 in
979 1081 1268 1150 parabolis,
1326 1090 1380 1135 et
1421 1079 1546 1134 iet-it
1594 1079 1786 1149 signa:
1819 1095 1947 1147 ergo
2006 1078 2059 1132 in
2170 1087 2343 1148 patre.
2398 1077 2549 1146 Quod
2576 1076 2755 1131 omnia
2785 1077 2886 1131 tria
2916 1091 3104 1137 unum,
3157 1085 3309 1143 pater
3334 1088 3440 1126 non
3485 1072 3666 1126 silens
3711 1069 3796 1124 si-

463 1173 676 1227 occttlto
723 1173 900 1227 ()llllli-l
923 1216 938 1237 ,
971 1176 1111 1243 quod
1157 1173 1271 1243 ipse
1319 1173 1370 1228 in
1398 1190 1562 1228 carne
1593 1188 1736 1238 erat;
1771 1173 1909 1227 sicut
1949 1172 2063 1242 ipse
2175 1170 2421 1235 lentium,
2454 1170 2547 1223 sed
2579 1186 2680 1223 Vox
2715 1171 2766 1222 itt
2798 1167 3036 1231 silentio,
3082 1166 3220 1222 [ilius
3265 1166 3377 1234 jam
3418 1179 3564 1227 vox;
3618 1177 3795 1231 pala-

465 1261 632 1327 intus,
665 1262 744 1318 sic
775 1273 827 1318 et
860 1280 1043 1318 verum
1073 1264 1216 1317 intus
1239 1264 1291 1318 in
1320 1263 1588 1332 parabolis"
1627 1277 1680 1318 et
1709 1263 1896 1328 Signis.
1947 1262 2067 1332 Spi-
2173 1262 2343 1316 cletus
2369 1277 2473 1316 vox
2505 1261 2650 1317 vet-is
2682 1260 2844 1331 (Ibid.
2877 1263 2962 1326 15,
2997 1258 3089 1330 14)
3124 1279 3136 1312 :
3182 1256 3306 1313 Cum
3325 1259 3514 1313 venerit
3547 1255 3797 1324 Spiritus

464 1355 603 1410 ritus
623 1366 801 1410 autem
828 1370 1045 1412 sanctus
1070 1359 1227 1411 docet
1256 1358 1474 1412 omnia:
1534 1370 1587 1413 et
1633 1358 1779 1414 enim
1832 1358 2067 1427 Spitittts
2174 1355 2420 1420 veritatis,
2455 1355 2656 1423 prteibit
2698 1355 2836 1408 vobis
2886 1355 2941 1408 in
2976 1354 3182 1407 veritate
3207 1351 3392 1405 omni:
3445 1364 3554 1405 n0n
3602 1357 3799 1402 autem

463 1459 682 1500 sanctus
708 1448 942 1517 loquitur
970 1449 1185 1518 Spiritui
1209 1452 1526 1516 hominum;
1579 1450 1751 1520 ipsum
1795 1451 1934 1519 quod
1987 1458 2070 1505 est
2178 1463 2361 1501 verum
2407 1445 2539 1501 dicit
2575 1463 2606 1500 a
2646 1454 2866 1500 semet:
2913 1441 3162 1500 Christus
3207 1440 3349 1496 enim
3396 1440 3656 1495 veritas:
3707 1437 3806 1492 sed

470 1538 727 1608 loquitur,
759 1549 815 1594 et
838 1542 981 1611 quod
1007 1551 1090 1596 est
1118 1542 1352 1613 loquitur
1376 1542 1429 1596 in
1457 1544 1600 1596 nulla
1624 1545 1789 1612 ligura
1815 1560 1829 1596 :
1858 1542 1923 1596 Et
1947 1541 2071 1596 ideo
2177 1555 2506 1609 qucecumque
2542 1537 2737 1603 audiet,
2773 1537 3027 1609 loquetur,
3074 1545 3123 1590 et
3174 1546 3385 1590 ventura
3431 1533 3574 1587 dicet
3615 1532 3806 1586 vobis:

465 1633 578 1701 ipse
593 1631 788 1685 docebit
818 1649 925 1686 vos.
961 1633 1026 1688 Et
1050 1647 1171 1703 qua:
1202 1633 1476 1704 loquitur?
1502 1634 1848 1702 Quaecumque
1871 1634 2071 1698 dixero,
2105 1641 2152 1700 Β
2182 1633 2283 1689 Ille
2307 1650 2386 1688 me
2415 1632 2705 1696 honorabit,
2747 1631 2987 1702 quoniam
3015 1647 3078 1685 ea:
3119 1647 3228 1683 meo
3266 1629 3504 1699 accipiet,
3559 1637 3612 1681 et
3665 1644 3808 1679 nuss-

470 1725 607 1781 dixit
627 1724 895 1782 Christus.
945 1725 1160 1791 Dixere,
1190 1726 1258 1781 de
1283 1729 1462 1780 futuro
1489 1736 1590 1781 est.
1630 1727 1701 1781 De
1726 1743 1830 1797 quo
1853 1726 2076 1782 futuro?
2181 1726 2323 1779 tiabit
2354 1724 2512 1778 vobis.
2554 1723 2756 1779 Deinde
2784 1723 3028 1794 adjungit
3053 1721 3217 1791 (Ibid.
3255 1720 3343 1792 15)
3381 1736 3395 1773 :
3434 1719 3637 1773 Omnia
3683 1734 3808 1786 qua

471 1818 589 1873 Non
636 1833 702 1873 eo
741 1819 887 1889 quod
935 1835 1099 1884 nunc,
1154 1820 1245 1874 sed
1274 1835 1339 1875 eo
1359 1820 1501 1890 quod
1529 1830 1611 1875 est
1641 1831 1762 1890 post
1782 1822 2076 1877 ascendere
2181 1818 2330 1873 habet
2359 1828 2522 1889 pater,
2557 1835 2668 1872 mea
2697 1828 2837 1872 sunt.
2902 1817 3038 1872 Dicit
3067 1833 3233 1887 ergo:
3284 1831 3346 1869 ex
3391 1831 3505 1869 meo
3545 1817 3812 1884 accipiet,

472 1912 538 1968 ad
564 1923 786 1983 patrem.
835 1913 899 1968 Et
924 1913 971 1967 si
991 1914 1095 1969 iste
1118 1915 1421 1983 paracletus
1449 1914 1671 1969 veniens
1697 1930 1729 1968 a
1769 1915 1876 1970 Deo
1899 1915 1954 1969 in
1980 1931 2077 1970 no-
2182 1912 2324 1984 quod
2359 1927 2461 1965 una
2490 1911 2681 1977 motio,
2732 1912 2834 1966 hoc
2864 1919 2968 1972 est,
3023 1910 3164 1964 actio
3212 1922 3376 1979 agens
3405 1906 3676 1962 Christus
3695 1918 3808 1972 est,

472 2007 619 2060 mine
645 2005 872 2067 Christi,
912 2005 1002 2060 illa
1033 2006 1190 2060 dot-et
1215 2022 1334 2076 qua:
1375 2006 1445 2059 dit
1462 2006 1504 2059 it
1536 2005 1693 2061 Jesns
1722 2023 1736 2059 :
1788 2006 1906 2075 ipse
1949 2022 2080 2078 ergo
2184 2013 2240 2059 et
2267 2003 2500 2074 Spiritus
2531 2013 2752 2058 sanctus
2781 2019 2794 2056 :
2823 2010 2881 2058 et
2909 2001 3138 2072 primum
3170 2011 3252 2057 est
3279 1999 3480 2064 vivere,
3509 2009 3568 2053 et
3591 2000 3666 2054 ab
3690 2000 3814 2071 ipso

479 2097 658 2159 Jesus,
687 2113 754 2152 an
788 2097 904 2166 ipse
926 2099 1062 2154 alter
1091 2097 1250 2153 Iesus
1276 2097 1300 2151 ?
1341 2113 1408 2152 an
1441 2097 1562 2166 ipso
1587 2098 1760 2154 altero
1787 2099 2080 2169 paracleto,
2185 2099 2327 2168 quod
2353 2106 2434 2153 est
2457 2097 2660 2163 vivere,
2684 2096 2990 2167 intelligere
3025 2113 3040 2149 :
3080 2095 3263 2150 vivere
3283 2095 3502 2165 quidem
3524 2092 3815 2158 Christus,

476 2193 582 2248 hoc
630 2201 734 2256 est,
783 2191 986 2260 Spiritu
1033 2201 1221 2247 sancto
1260 2191 1402 2247 inest
1446 2191 1626 2256 Jesus,
1674 2191 1816 2247 sicut
1861 2191 1914 2246 in
1965 2191 2084 2262 ipso
2187 2190 2486 2261 intelligere
2516 2189 2786 2260 Spiritus:
2846 2204 2976 2260 ergo
3001 2189 3234 2260 Spiritus
3268 2203 3298 2242 a
3333 2185 3562 2242 Christo
3589 2186 3815 2258 accipit,

482 2283 664 2338 Deus?
694 2285 795 2338 Ista
829 2283 931 2340 hac
979 2284 1121 2338 serie
1163 2283 1338 2339 tribus
1385 2283 1760 2348 existentibus,
1817 2295 1872 2339 et
1919 2300 2082 2340 unum
2190 2286 2305 2354 ipse
2339 2284 2587 2338 Christus
2617 2300 2644 2337 a
2677 2293 2852 2354 patre,
2899 2295 2954 2338 et
2980 2283 3181 2338 idcirco
3201 2293 3255 2338 et
3279 2281 3567 2352 Spiritusa
3603 2295 3787 2352 patre.

478 2387 607 2432 sunt
634 2376 756 2441 tria,
787 2386 842 2430 et
876 2376 1176 2450 ὁμοούσιονε
1207 2376 1408 2447 quippe
1428 2376 1642 2431 dicente
1662 2376 1880 2432 Christo
1903 2377 2082 2449 (Joan.
2261 2375 2400 2432 XIV.
2431 2376 2618 2431 Omnia
2651 2375 2812 2446 igitur
2832 2391 3018 2442 unum,
3047 2375 3142 2430 sed
3166 2391 3196 2430 a
3219 2383 3384 2445 patre.
3417 2374 3587 2442 Quod
3619 2375 3820 2430 Chris-

480 2483 591 2533 xrv,
616 2468 741 2535 28):
770 2467 848 2522 Eo
871 2478 917 2521 et
939 2470 1081 2523 venio
1109 2469 1177 2520 ad
1202 2485 1289 2522 vos
1313 2486 1325 2520 :
1350 2483 1379 2522 a
1406 2469 1515 2524 Deo
1536 2469 1673 2523 alius
1701 2469 1911 2523 dabitur
1934 2471 2087 2527 vobis
2193 2477 2277 2525 tus
2301 2482 2356 2524 et
2375 2485 2404 2523 a
2436 2480 2585 2539 patre
2617 2469 2901 2538 processit,
2929 2468 3033 2525 hoc
3062 2480 3166 2534 est,
3217 2468 3361 2539 quod
3419 2468 3575 2524 Deus
3637 2471 3839 2539 ipsum

483 2564 810 2634 paracletus,
842 2563 935 2630 qui
958 2579 1309 2633 quaecumque
1348 2563 1530 2628 habet,
1582 2579 1612 2618 a
1664 2580 1752 2618 me
1796 2563 1981 2630 habet,
2035 2573 2091 2619 et
2193 2561 2360 2628 misit,
2394 2561 2497 2616 hoc
2518 2572 2622 2624 est,
2655 2577 2686 2616 a
2719 2564 2828 2616 Deo
2853 2561 3136 2630 processit,
3167 2561 3296 2616 dicit
3325 2561 3473 2615 enim
3503 2559 3691 2631 (Ibid.
3723 2562 3812 2627 27,

487 2672 842 2726 quaecumque
865 2655 1025 2710 habet
1056 2663 1228 2727 pater,
1288 2656 1508 2712 tradidit
1566 2657 1699 2711 mihi
1750 2657 1949 2712 omnia.
2000 2658 2091 2712 Et-
2192 2652 2327 2723 28);
2370 2653 2626 2721 Quoniam
2654 2671 2746 2724 ego
2769 2670 2802 2706 a
2827 2653 2934 2707 Deo
2973 2655 3200 2722 processi
3230 2670 3248 2709 :
3289 2656 3520 2724 processi
3545 2673 3588 2708 α
3625 2668 3817 2718 φωνεῖ

492 2749 636 2805 enim
657 2765 817 2805 omne
846 2749 1161 2820 mysterium
1191 2750 1291 2804 hoc
1313 2759 1416 2814 est,
1462 2758 1613 2820 pater
1636 2751 1928 2821 inoperans
1955 2765 2088 2820 ope.
2195 2746 2639 2817 Cognoscendum
2683 2747 2824 2818 quod
2865 2758 2917 2801 et
2957 2747 3091 2802 dixit
3126 2767 3140 2803 :
3193 2759 3238 2803 et
3281 2749 3436 2803 exivi.
3466 2748 3587 2803 Sed
3615 2748 3767 2818 quod
3794 2766 3822 2803 ι

497 2841 655 2904 ratio,
683 2841 822 2896 lilius
851 2857 1085 2912 operans
1107 2841 1370 2912 operatio,
1398 2842 1450 2896 id
1474 2843 1718 2913 estquod
1757 2853 1839 2898 est
1869 2859 2093 2913 regene—
2201 2840 2306 2895 Deo
2327 2841 2637 2910 prteposuit,
2669 2859 2701 2895 a
2740 2839 2846 2895 Deo
2867 2843 3086 2909 processi
3111 2858 3129 2896 :
3156 2841 3300 2912 quod
3329 2840 3648 2912 signiﬁcat,
3687 2844 3822 2912 quod

488 2950 611 2990 rare
655 2953 668 2989 :
713 2945 929 2991 sanctus
983 2949 1162 2991 autem
1208 2935 1440 3005 Spiritus
1484 2951 1716 3007 Operans
1767 2936 2009 3006 operatio
2037 2936 2092 2991 iu
2202 2936 2340 2990 Deus
2368 2935 2542 3004 ipsum
2573 2936 2737 2990 misit.
2775 2933 2992 2991 Credite
3025 2935 3183 3005 igitur
3229 2935 3330 2990 hoc
3373 2936 3654 3004 primum,
3699 2951 3825 3006 quo-

489 3028 631 3098 quod
665 3035 748 3080 est
777 3042 1119 3094 regenerare.
2119 3031 2165 3092 C
2199 3027 2342 3082 niam
2369 3041 2469 3097 ego
2490 3042 2520 3080 a
2553 3027 2662 3082 Deo
2689 3027 2848 3082 exivi.
2877 3027 3032 3094 Quod
3059 3036 3242 3082 autem
3264 3045 3293 3080 a
3324 3026 3459 3093 Deo,
3483 3037 3541 3082 et
3578 3037 3652 3082 ut
3672 3026 3825 3097 quis?

569 3118 707 3174 XIII.
734 3121 836 3174 Sed
865 3119 966 3173 ista
995 3120 1211 3189 quidem
1244 3130 1295 3174 et
1323 3120 1376 3174 in
1404 3120 1521 3174 aliis
1543 3120 1706 3175 dicta.
1749 3120 1901 3189 Quod
1925 3122 2090 3195 λόγος,
2197 3119 2280 3174 Ab
2301 3119 2398 3174 illo
2431 3120 2540 3174 Deo
2567 3120 2654 3188 qui
2682 3129 2833 3187 pater
2854 3135 3008 3174 mens
3027 3129 3112 3174 est
3143 3137 3155 3172 :
3210 3118 3364 3174 Exivi
3386 3118 3561 3190 igitur
3586 3137 3628 3173 a
3662 3131 3824 3191 patre,

494 3213 600 3268 hoc
626 3222 730 3276 est,
761 3210 918 3266 Jesus
944 3214 1023 3264 vel
1053 3208 1320 3276 Christus,
1352 3211 1576 3280 :equalis
1601 3221 1685 3267 est
1711 3222 1814 3282 pati
1832 3211 1899 3279 is,
1929 3225 1978 3266 et
2013 3213 2094 3266 in-
2199 3222 2245 3266 et
2268 3213 2382 3265 veni
2403 3211 2454 3264 in
2480 3210 2747 3264 mtmdum.
2822 3210 2992 3280 Hujus
3042 3211 3305 3266 orationis
3351 3211 3638 3265 naturalis
3698 3214 3827 3264 ordo

488 3305 656 3362 Ierior
684 3303 874 3378 (Ibid.)
903 3322 915 3357 :
949 3303 1024 3357 Eo
1049 3305 1117 3357 ad
1138 3316 1353 3376 patrem,
1391 3310 1634 3376 quoniam
1667 3316 1812 3376 pater
1832 3306 1999 3374 major
2023 3315 2094 3359 est
2198 3303 2301 3358 iste
2331 3314 2411 3358 est
2442 3320 2455 3356 :
2493 3303 2737 3358 Processi
2766 3318 2793 3355 a
2826 3313 2996 3372 patre,
3025 3302 3169 3358 exivi
3190 3319 3219 3357 a
3247 3304 3377 3366 Deo,
3412 3303 3543 3358 veni
3579 3304 3644 3358 in
3671 3319 3822 3358 mun—

491 3412 590 3451 me.
655 3395 785 3450 Item
814 3395 945 3451 dit-it
977 3396 1170 3450 Paulus
1195 3395 1535 3468 (Philipth,
1560 3395 1617 3465 6)
1655 3414 1667 3450 :
1718 3396 1839 3450 Non
1861 3397 2095 3467 rapinam
2198 3394 2346 3449 dum.
2393 3393 2499 3450 Sed
2547 3394 2770 3450 elfectus
2799 3404 2855 3451 et
2876 3395 3165 3450 locutionis
3197 3395 3331 3449 ordo
3353 3397 3424 3450 ab
3453 3395 3825 3450 hominibus:

492 3489 771 3542 arbitratus
801 3497 875 3542 est
903 3505 956 3542 se
981 3488 1228 3558 a'qualem
1257 3503 1361 3540 esse
1386 3486 1511 3540 Deo.
1555 3487 1620 3541 Et
1653 3486 1704 3540 id
1729 3487 1868 3556 quod
1893 3487 2093 3542 tlirtuut
2199 3486 2440 3556 quoniam
2467 3501 2554 3539 vos
2575 3486 2826 3541 dilexistis
2872 3503 2951 3542 me
2997 3498 3042 3541 et
3084 3487 3394 3552 credidistis,
3441 3489 3598 3559 quod
3647 3506 3684 3542 a
3721 3487 3825 3542 Deo

495 3591 582 3637 est
612 3580 794 3650 (Joan.
828 3598 886 3647 χ,
918 3583 1048 3651 50);
1075 3579 1186 3650 Ego
1217 3592 1262 3634 et
1288 3591 1434 3650 pater
1459 3598 1614 3634 unum
1639 3598 1834 3636 sumus.
1865 3582 2094 3652 thuod
2199 3579 2330 3632 exivi
2349 3595 2369 3643 ;
2426 3577 2526 3633 hoc
2565 3580 2708 3634 enim
2747 3579 2976 3647 primum
3026 3579 3080 3633 in
3129 3579 3309 3633 (idem.
3365 3579 3581 3634 Deinde
3646 3592 3828 3635 autem

499 3673 744 3744 operatio
773 3684 826 3727 et
852 3685 1022 3742 pater,
1050 3686 1102 3727 (ιι
1133 3674 1273 3728 [ilius
1299 3692 1310 3726 :
1343 3685 1395 3728 et
1426 3673 1569 3744 quod
1601 3689 1705 3728 non
1732 3674 1958 3737 diceret,
2010 3691 2095 3730 me
2201 3673 2422 3742 processi
2461 3672 2524 3726 de
2554 3682 2719 3743 patre,
2748 3688 3026 3742 exponens
3050 3688 3078 3725 a
3107 3672 3481 3740 superioribus
3503 3674 3680 3743 cujus
3711 3685 3827 3728 erat

498 3767 672 3836 major
694 3778 776 3821 est
801 3778 975 3838 pater,
999 3767 1102 3821 nisi
1141 3767 1326 3821 fuisset
1351 3767 1572 3837 tnqttalis
1606 3786 1620 3822 :
1679 3767 1883 3822 accedit
1910 3767 2094 3834 etiam,
2201 3764 2355 3829 dixit,
2387 3765 2530 3820 unde
2555 3775 2607 3820 et
2635 3766 2734 3834 ipsi
2759 3765 2941 3820 dicunt
2969 3765 3131 3838 (Ibid.
3155 3765 3247 3838 30)
3279 3784 3292 3820 :
3347 3765 3637 3828 Credimus
3694 3773 3830 3840 quod

499 3861 549 3915 si
577 3868 720 3915 totus
745 3877 809 3915 ex
839 3868 972 3926 toto,
996 3871 1050 3914 et
1078 3861 1254 3914 lumen
1278 3875 1340 3914 ex
1371 3860 1596 3925 lumine,
1629 3872 1681 3915 et
1709 3861 1754 3915 si
1775 3861 1955 3915 omnia
1979 3879 2098 3932 qua:
2201 3876 2233 3912 a
2261 3868 2405 3928 patre
2425 3859 2594 3912 existi.
2628 3859 2765 3924 Quid
2800 3871 2978 3915 autem
3011 3876 3172 3928 supra
3204 3859 3406 3914 dimisit
3429 3860 3614 3915 Deum
3648 3873 3710 3918 et.
3741 3878 3830 3931 pa.

497 3952 662 4008 habet
685 3964 837 4020 pater
863 3951 1013 4007 dedit
1039 3951 1150 4004 lilio
1178 3969 1191 4006 :
1247 3950 1428 4003 omnia
1476 3961 1655 4006 autem
1705 3961 1828 4006 sunt
1875 3962 1930 4008 ct
1972 3954 2099 4007 suh-
2205 3951 2380 4005 trem?
2407 3967 2512 4005 non
2544 3951 2835 4006 dicitenim
2865 3952 3046 4024 (Joan.
3075 3967 3188 4018 vm,
3224 3951 3337 4023 16),
3361 3968 3461 4015 non
3488 3968 3619 4006 sum
3651 3956 3832 4009 solas:

496 4044 716 4106 stantia,
746 4053 802 4100 et
834 4052 1091 4109 potestas,
1141 4051 1196 4098 et
1222 4040 1476 4112 dignitas,
1521 4043 1742 4112 aequalis
1796 4044 1954 4113 patri,
2003 4043 2096 4098 sed
2201 4046 2442 4114 quoniam
2465 4054 2607 4118 pater
2631 4061 2826 4099 mecum
2849 4054 2955 4112 est;
3005 4055 3060 4100 et
3096 4059 3201 4100 non
3234 4055 3314 4100 est
3343 4044 3664 4116 intelligere
3693 4048 3832 4116 quod

499 4135 675 4207 major
718 4146 900 4205 pater:
946 4134 1087 4204 quod
1115 4134 1232 4204 ipse
1256 4133 1406 4188 dedit
1448 4133 1552 4203 ipsi
1592 4134 1794 4200 onmia,
1839 4145 1892 4190 et
1937 4151 2098 4192 causa
2207 4147 2362 4210 pater
2396 4153 2586 4208 passus
2613 4147 2696 4192 est
2729 4155 2740 4190 :
2772 4153 2948 4209 neque
2978 4139 3120 4193 enim
3165 4139 3301 4208 ipse,
3327 4138 3421 4192 Sed
3455 4139 3639 4194 homo
3694 4142 3832 4209 ejus.

500 4240 586 4286 est
607 4229 712 4297 ipsi
743 4229 852 4282 lilio
883 4237 940 4283 ut
965 4227 1057 4292 sit,
1085 4238 1141 4281 ut
1168 4227 1273 4281 isto
1304 4227 1464 4282 modo
1495 4227 1586 4280 sit.
1635 4227 1715 4282 Ad
1770 4231 1870 4282 hoc
1919 4238 2098 4284 autem
2203 4231 2354 4299 Quod
2385 4232 2435 4286 in
2457 4231 2908 4287 resurrectionem
2935 4230 3112 4286 carnis
3134 4229 3685 4298 venit?(Joan.xvn,
3707 4233 3830 4297 L2)

499 4321 695 4392 major,
719 4320 860 4391 quod
891 4319 1032 4373 actio
1058 4319 1336 4374 inactuosa
1365 4338 1380 4374 :
1427 4318 1638 4374 beatior
1664 4319 1808 4374 enim
1837 4337 1942 4391 qtto
1981 4321 2100 4377 sine
2206 4323 2455 4391 Cleri/ica
2499 4325 2666 4392 [ilium
2699 4366 2716 4392 ,
2764 4335 2821 4377 ut
2871 4325 3010 4392 ﬁlius
3054 4307 3310 4394 vgloriﬁcet
3364 4334 3412 4379 te
3447 4325 3587 4378 sicut
3617 4328 3672 4379 ei
3699 4327 3839 4379 dedi-

497 4415 771 4482 moleStia,
805 4428 855 4470 et
879 4413 1249 4484 impassibilis,
1281 4426 1334 4470 et
1366 4415 1486 4470 fons
1512 4416 1750 4470 omnium
1795 4433 1913 4485 qua:
1953 4427 2097 4485 sunt,
2128 4427 2183 4487 1)
2207 4419 2272 4472 sti
2303 4427 2597 4488 potestatem
2617 4421 2866 4472 universtc
2889 4419 3082 4482 carnis,
3139 4427 3196 4471 ut
3241 4433 3390 4471 omne
3434 4418 3580 4487 quod
3645 4418 3841 4472 dedisti

503 4508 875 4580 requiescens,
907 4521 936 4560 a
961 4522 1020 4561 se
1052 4506 1316 4576 perfecta;
1371 4518 1425 4562 et
1463 4507 1663 4562 nullius
1692 4524 1858 4579 egens
1889 4525 1904 4562 :
1963 4509 2104 4566 lilius

501 4616 679 4658 autem
710 4613 768 4658 ut
793 4613 958 4668 esset,
992 4602 1218 4673 accepit,
1279 4613 1331 4657 et
1352 4603 1405 4656 in
1437 4602 1490 4656 id
1522 4603 1664 4672 quod
1697 4613 1777 4657 est
1806 4618 1986 4672 agere,
2037 4604 2104 4658 ah

503 4694 717 4749 actione
746 4695 1074 4764 proredeus,
1132 4694 1185 4748 in
1244 4693 1625 4763 porreetionem
1665 4695 1909 4757 veniens,
1957 4707 2102 4751 motu

503 4783 738 4840 efﬁcitur
769 4785 1066 4852 plenitudo.
1095 4785 1200 4842 Sed
1230 4785 1481 4856 quoniam
1509 4786 1561 4840 in
1586 4786 1727 4854 ipso,
1755 4787 1878 4842 etin
1904 4786 2102 4857 ipsum,

503 4883 559 4929 et
611 4890 704 4942 per
756 4875 934 4943 ipsum
979 4877 1269 4948 gignuntur
1291 4878 1504 4945 omnia;
1563 4894 1778 4948 semper
1806 4880 2100 4949 plenitudo,

505 4975 562 5022 et
588 4981 804 5036 semper
833 4970 1230 5036 receptaculum
1261 4980 1361 5036 est,
1409 4985 1516 5040 qua
1543 4972 1751 5027 ratione
1777 4985 1828 5026 et
1855 4972 2104 5042 impossi-

505 5058 630 5114 bilis
657 5070 708 5113 et
742 5059 1030 5127 passibilis.
1067 5062 1450 5133 Ergoarqualis
1489 5074 1542 5118 et
1565 5063 1881 5132 inaaqualis:
1935 5064 2105 5132 Major

507 5151 672 5221 igitur
713 5161 881 5222 pater.
941 5151 1093 5220 Quod
1119 5155 1471 5221 paracletusa
1513 5156 1646 5221 Deo,
1699 5167 1753 5213 et
1805 5175 1833 5212 a
1884 5156 2103 5215 Christo

509 5243 688 5318 (Joan.
723 5261 817 5312 xv,
848 5244 944 5316 26)
978 5265 992 5300 :
1056 5246 1183 5302 Cum
1212 5250 1400 5304 venerit
1453 5250 1763 5321 paracletus,
1819 5269 1965 5323 quem
2011 5271 2103 5326 ego

2205 4511 2328 4581 ipsi,
2362 4511 2445 4566 det
2469 4512 2568 4581 ipsi
2593 4511 2745 4565 vitam
2769 4520 3031 4566 (eternam.
3091 4510 3233 4580 Ergo
3291 4526 3396 4566 non
3444 4511 3636 4564 solum
3669 4511 3842 4566 homo

2209 4604 2475 4670 Christus,
2503 4604 2598 4661 sed
2635 4605 2774 4660 Deus
2798 4607 2850 4659 in
2883 4604 3122 4659 homine.
3170 4602 3324 4672 Quod
3380 4604 3483 4658 hoc
3535 4606 3613 4658 sit
3666 4607 3840 4660 vitam

2209 4698 2447 4764 habere,
2519 4697 2740 4754 credere
2793 4698 2844 4751 in
2894 4696 3177 4752 Dominum
3253 4705 3308 4751 et
3365 4697 3417 4750 itt
3471 4695 3660 4753 ﬁlium
3721 4699 3840 4765 ejus

2209 4790 2370 4860 (Ibid.
2388 4791 2443 4855 5)
2467 4811 2480 4845 :
2505 4788 2598 4844 Est
2621 4799 2790 4844 autem
2809 4802 3000 4844 aeterna
3020 4790 3146 4854 vita,
3173 4798 3231 4841 ut
3261 4797 3573 4858 cognoscant
3595 4799 3652 4843 te
3675 4806 3839 4844 unum

2210 4892 2258 4937 et
2286 4898 2462 4936 verum
2489 4879 2674 4948 Deum,
2733 4891 2779 4934 et
2833 4898 2980 4950 quem
3007 4881 3296 4952 prtemisisti
3315 4877 3352 4933 Ι
3357 4896 3499 4933 esum
3528 4877 3838 4935 Christum.

2208 4973 2360 5043 Quod
2389 4975 2486 5028 fuit
2515 4981 2640 5028 ante
2669 4972 2926 5028 mundum
2954 4971 3118 5044 (Ibid.
3149 4972 3238 5042 5):
3295 4969 3364 5025 Et
3417 4988 3552 5026 nunc
3584 4973 3843 5043 gloriﬁre

2208 5086 2308 5134 me,
2339 5079 2502 5137 pater,
2539 5069 2680 5140 apud
2709 5079 2755 5122 te
2779 5068 2947 5140 ipsunt
2977 5069 3162 5137 gloria,
3185 5084 3338 5138 quam
3365 5067 3520 5123 habui
3542 5079 3841 5141 antequam

2210 5163 2431 5215 mundus
2458 5171 2606 5214 esset.
2652 5161 2803 5229 Quod
2835 5159 3082 5214 homines
3109 5173 3139 5213 a
3175 5159 3306 5226 Deo,
3362 5175 3468 5214 non
3517 5170 3716 5215 tamen
3767 5178 3834 5216 ex

2213 5253 2324 5309 Deo
2339 5253 2518 5326 (Joan.
2537 5270 2666 5319 xvu,
2690 5253 2745 5319 6,
2765 5254 2851 5326 7):
2875 5251 3208 5325 Manifestavi
3228 5253 3302 5308 tui
3324 5269 3506 5308 nomen
3528 5254 3839 5311 hominibus

1836 5362 2198 5424 VARIORUM
2235 5365 2462 5423 NOTAE.

510 5473 727 5602 DMisit
763 5476 994 5532 Christus
1033 5475 1193 5534 Deus.
1250 5477 1393 5534 Edit.
1451 5477 1616 5534 Basil.
1674 5477 1813 5534 misit
1845 5475 2108 5536 Christum

567 5563 670 5600 eus.

567 5563 670 5600 eus.

585 5617 656 5672 Id
705 5629 780 5674 est
833 5621 969 5692 quod
1025 5631 1116 5678 est.
1174 5621 1264 5680 Sic
1318 5621 1449 5709 edit.
1533 5622 1704 5680 Paris.
1756 5631 1810 5681 et
1838 5619 2019 5695 Lugd.
2050 5630 2108 5679 at

2213 5483 2378 5538 Basil.
2411 5485 2466 5539 in
2487 5485 2543 5538 id
2561 5485 2696 5556 quod
2718 5493 2810 5540 est.
2844 5483 2911 5540 Et
2940 5485 3121 5558 statim
3157 5500 3168 5538 :
3211 5494 3420 5539 sanctus
3447 5493 3614 5539 autem
3656 5486 3836 5558 Spiri-

2213 5568 2294 5613 tus
2320 5574 2561 5628 operans,
2593 5558 2820 5629 Operatio
2845 5558 2900 5612 in
2920 5556 2976 5612 id
2993 5558 3130 5628 quod
3156 5567 3230 5612 est
3252 5571 3564 5629 regenerare.
