4018 6184
249 253 370 311 1οί9

1403 246 1772 303 ADVERSUS
1813 246 2030 303 ARIIFM
2070 247 2272 303 LIBER
2315 247 2354 302 1.

3392 247 3532 304 1οἲἱο

247 382 357 437 quos
377 361 560 420 dedisti
582 364 727 418 mihi.
768 363 845 418 Ex
873 363 978 419 isto
998 363 1339 417 manifestum
1385 359 1526 431 quod
1578 375 1685 414 non
1712 373 1828 415 om-
1853 367 1906 427 Α
1935 362 2273 418 enimmodo
2305 361 2480 418 nullus
2527 362 2699 432 potuit
2747 362 2950 426 videre,
2997 362 3153 417 sicuti
3203 361 3408 419 dictum
3450 371 3534 417 est

248 473 331 514 nes
361 457 433 510 tui
457 467 624 522 erant,
673 466 718 509 et
758 456 884 508 mihi
919 470 1004 508 eos
1035 453 1240 521 dedisti,
1279 462 1324 507 et
1346 453 1548 506 verbum
1572 460 1714 504 tuum
1738 467 1827 504 cu-

245 549 512 604 stodierunt
543 564 562 603 :
613 547 767 602 Nunc
811 556 1171 618 cognoverunt,
1216 545 1461 616 quoniam
1500 543 1673 598 omnia
1716 558 1830 612 qua:

246 643 354 694 mihi
378 641 582 706 dedisti,
609 658 641 693 a
666 653 710 694 te
734 650 872 694 sunt.
906 640 971 693 Et
1000 637 1127 709 quid
1154 637 1422 702 mirabile,
1459 638 1502 691 si
1529 635 1774 689 homines
1797 652 1827 689 a

248 734 366 800 Deo,
392 734 435 786 si
461 743 514 788 et
533 747 682 798 caro,
706 731 848 802 quod
874 733 986 801 ipse
1010 746 1129 784 eam
1155 731 1398 784 lormavit
1423 729 1444 781 ?
1470 728 1606 794 Quid
1635 727 1828 796 igitur?

248 830 489 900 numquid
513 829 589 884 sic
612 829 958 884 etChrisIus?
988 827 1157 883 Absit.
1207 826 1375 880 Totus
1414 825 1500 880 hic
1543 826 1691 879 locus
1725 823 1829 880 hoc

247 923 562 993 struit,quod
579 923 823 977 homines
839 939 866 975 a
885 922 993 976 Deo
1003 930 1150 986 sunt,
1165 919 1259 976 sed
1277 935 1383 974 non
1400 935 1603 974 omnes.
1623 918 1830 973 Rursus

247 1026 296 1073 et
310 1017 465 1081 istud,
479 1017 620 1087 quod
634 1016 880 1071 Christus
892 1027 1142 1070 eratante
1164 1015 1604 1069 consututionem
1621 1015 1828 1081 mundi,

247 1113 374 1183 quod
399 1118 577 1167 omnia
604 1112 816 1167 tradidit
845 1121 996 1182 pater
1020 1112 1150 1174 ﬁlio,
1175 1111 1220 1164 si
1245 1119 1300 1164 et
1326 1123 1522 1163 nomen
1547 1107 1717 1173 dedit,
1745 1107 1831 1162 di-

247 1205 468 1259 citenim
497 1204 661 1276 (lbid.
692 1205 778 1275 12)
809 1222 823 1260 :
849 1205 1108 1259 Custodivi
1143 1219 1228 1258 eos
1249 1204 1302 1258 in
1325 1203 1523 1258 nomine
1549 1212 1658 1270 tuo,
1705 1218 1832 1272 quos

245 1298 358 1352 mihi
387 1299 591 1352 dedisti.

311 1388 422 1445 XV.
461 1391 732 1445 Habemus
762 1406 891 1460 ergo
943 1389 1083 1460 quod
1129 1388 1377 1444 Christus
1428 1389 1590 1443 habet
1637 1402 1834 1443 nomen

244 1483 422 1554 patris,
461 1483 678 1553 etquod
705 1483 812 1536 vita
846 1493 952 1547 est,
999 1493 1054 1537 et
1097 1481 1259 1536 habet
1309 1489 1654 1551 protestatem
1704 1477 1836 1534 dare

245 1577 433 1630 vivere.
464 1577 615 1643 Quod
649 1577 765 1646 ipse
794 1577 899 1630 vita
931 1584 1036 1640 est,
1081 1584 1136 1630 et
1183 1585 1332 1645 pater
1361 1575 1488 1640 vita,
1533 1573 1734 1627 dictum
1755 1581 1838 1626 est

241 1668 412 1741 (Joan.
453 1687 524 1735 vt,
558 1669 683 1740 58):
743 1669 887 1723 Misit
937 1686 1016 1723 me
1045 1684 1189 1740 pater
1215 1670 1400 1722 vivens.
1468 1666 1537 1721 Et
1592 1666 1707 1721 haec
1755 1675 1838 1721 cst

1933 455 2112 525 (Joan.
2148 471 2185 520 I,
2225 453 2316 528 18)
2343 474 2353 508 :
2391 454 2715 528 Unigenitus,
2741 457 2826 524 qui
2853 467 2926 510 est
2949 455 3001 509 in
3025 455 3215 527 gremio
3240 456 3422 527 patris,
3444 456 3534 510 ille

1933 548 2208 603 enarravit.
2239 547 2393 614 Quod
2424 558 2506 603 est
2535 562 2653 604 esse
2683 547 2886 601 Deum?
2917 549 2968 600 in
3007 546 3214 617 gremio
3262 545 3426 612 enim,
3480 554 3536 602 et

1933 641 1986 695 in
2009 646 2180 718 μήτρᾳ
2209 641 2546 705 substantiae,
2570 640 2857 712 ὁμοούσιον,
2889 649 3133 708 uterque,
3179 648 3232 693 et
3286 637 3536 694 substan-

1936 737 2005 790 tia
2038 746 2091 789 et
2113 735 2395 790 divinitate
2417 738 2742 800 consistens,
2787 742 3014 804 uterque
3070 733 3125 788 in
3173 741 3422 802 utroque,
3480 741 3536 788 et

1931 826 2210 896 cognoscit
2240 836 2461 896 uterque
2483 836 2788 896 utrumque.

2004 918 2145 974 XVI.
2179 919 2316 985 Quid
2348 919 2530 989 igitur,
2562 929 2615 973 et
2644 928 2698 972 tu
2731 918 3031 984 Valentine,
3054 918 3228 975 dicis?
3259 918 3527 975 Processit

1934 1013 2139 1083 primus
2160 1015 2282 1067 αἰὼν
2303 1053 2319 1080 ,
2366 1022 2420 1067 et
2448 1013 2632 1067 volens
2664 1011 2846 1066 videre
2871 1020 3076 1081 patrem
3108 1027 3214 1066 non
3246 1012 3432 1081 potuit.
3468 1010 3526 1065 In

1933 1105 2140 1176 gremio
2170 1105 2335 1174 patris
2380 1119 2500 1160 esse
2552 1105 2754 1166 ﬁlium,
2803 1111 2856 1158 et
2881 1119 3095 1172 semper
3124 1119 3246 1159 esse
3296 1103 3533 1159 Joannes

1935 1199 2082 1253 dicit.
2131 1197 2246 1252 Non
2299 1196 2472 1252 solum
2506 1211 2634 1264 ergo
2689 1203 2891 1265 patrem
2925 1195 3107 1263 videt,
3145 1195 3238 1250 sed
3268 1197 3427 1250 etiam
3481 1194 3539 1252 in

1938 1299 2090 1362 patre
2127 1306 2343 1359 semper
2385 1299 2487 1344 est.
2518 1288 2673 1354 Quod
2723 1294 2807 1341 est
2857 1303 3105 1358 magnum
3139 1297 3417 1359 peccatum
3445 1284 3542 1342 ιὰ·

1937 1400 2152 1440 versum
2178 1393 2419 1438 sanctum
2453 1383 2708 1453 Spiritum
2734 1381 2913 1436 dicere
2939 1380 3154 1455 (Matth.
3187 1397 3281 1447 xu,
3307 1382 3366 1436 5|
3384 1422 3399 1446 ,
3425 1379 3536 1450 5‘2):

1942 1478 2122 1533 Omnis
2163 1479 2482 1551 blasphemia
2509 1487 2554 1531 et
2600 1487 2862 1546 peccatum
2911 1478 3195 1531 remittetur
3225 1474 3535 1531 hominibus.

1941 1570 2010 1626 Et
2040 1573 2084 1625 si
2106 1571 2218 1642 quis
2251 1571 2439 1624 dixerit
2465 1586 2748 1624 sermonem
2787 1570 3056 1623 adversum
3084 1569 3248 1634 ﬁlium
3278 1568 3499 1622 ltominis
3523 1608 3538 1632 ,

1940 1666 2222 1720 remittetur
2275 1665 2361 1717 ei:
2407 1663 2508 1728 Qui
2551 1673 2720 1716 autent
2767 1661 2952 1715 dixerit
2995 1659 3260 1714 adversum
3313 1668 3543 1714 sanctum

240 1764 529 1818 substantia
564 1765 656 1817 Dei
679 1773 732 1818 et
757 1762 981 1830 Christi,
1013 1763 1265 1836 ὁμοούσιοι
1291 1777 1439 1832 ergo.
1486 1762 1690 1816 Deinde
1721 1761 1833 1816 dic-
1866 1757 1908 1818 Β
1937 1759 2208 1828 Spiritum,
2241 1773 2343 1810 non
2373 1758 2656 1812 remittetur
2681 1756 2729 1809 ei
2752 1771 2910 1826 neque
2930 1755 2983 1808 in
3011 1755 3110 1807 isto
3133 1753 3346 1818 swculo,
3377 1768 3536 1821 neque

238 1863 339 1909 tum
365 1866 467 1922 est,
499 1855 679 1910 lumen
702 1856 969 1920 Clu-istos,
997 1868 1050 1910 et
1083 1855 1222 1910 Deus
1250 1869 1432 1909 verum
1461 1855 1640 1907 lumen
1671 1871 1683 1905 :
1733 1854 1833 1906 ista

237 1949 373 2003 enim
399 1947 466 2002 ad
493 1949 900 2018 intelligentiam
932 1967 946 2003 :
996 1965 1122 2002 num
1146 1948 1290 2002 aliud
1314 1957 1398 2002 est
1419 1945 1655 2016 Spiritus
1679 1961 1835 1999 sanc-

246 2041 363 2094 tus?
389 2039 552 2093 Nihil.
578 2039 732 2107 Quod
755 2039 951 2094 deinde
975 2040 1176 2105 lumen,
1223 2055 1330 2092 non
1370 2038 1670 2092 substantia
1697 2055 1710 2090 :
1757 2038 1836 2090 sic

236 2145 361 2201 ergo
384 2130 649 2203 ὁμοούσωι.
679 2131 748 2186 Et
770 2131 950 2185 omnia
975 2147 1092 2200 qua:
1121 2129 1281 2184 habet
1300 2129 1461 2192 Deus,
1489 2127 1650 2183 habet
1673 2127 1832 2192 ﬁlius,

238 2223 492 2298 ὁμοούσια
517 2240 664 2296 ergo.
689 2225 794 2280 Sed
816 2224 884 2279 de
909 2225 1011 2278 isto
1055 2222 1340 2294 posterius.
1393 2221 1548 2290 Quod
1576 2231 1732 2276 natos
1754 2231 1837 2275 est

239 2315 412 2388 (Joan.
438 2331 587 2382 XVIII,
615 2315 706 2382 Η)
735 2333 748 2370 :
776 2314 844 2368 ln
866 2315 1002 2368 istud
1024 2324 1172 2368 natus
1195 2331 1329 2379 sunt,
1380 2314 1502 2368 etin
1548 2314 1683 2366 istud
1723 2312 1834 2366 veni

234 2408 594 2472 inmundum,
647 2417 702 2462 ut
747 2422 990 2478 regnem.
1054 2407 1209 2475 Quod
1251 2423 1282 2462 a
1339 2406 1554 2460 Christo
1601 2404 1832 2475 Spiritus

235 2510 450 2555 sanctus
472 2499 653 2572 (Joan.
682 2516 754 2554 xx
776 2541 791 2566 ,
817 2498 910 2570 2|)
937 2517 950 2553 :
997 2498 1282 2570 lusu/ﬂavit
1313 2497 1561 2552 Christus
1583 2507 1631 2551 et
1659 2497 1789 2550 dixit
1817 2513 1830 2550 :

235 2595 460 2665 Accipite
503 2593 758 2662 Spiritum
801 2603 1053 2647 sanctum.
1121 2592 1224 2646 Ista
1292 2592 1468 2644 omnia
1537 2589 1832 2644 secundum

236 2684 587 2756 Evangeli‘um
633 2685 879 2740 Joannis.
929 2685 1220 2739 Videamus
1267 2683 1426 2738 etiam
1454 2691 1508 2737 et
1531 2683 1830 2737 secundum

237 2777 544 2832 blattha-um
577 2791 744 2841 pauca
772 2791 786 2841 ;
813 2777 1008 2830 similia
1048 2777 1191 2831 enim
1220 2784 1507 2845 praetereo.
1577 2773 1728 2841 Quod
1779 2781 1836 2828 et

233 2876 448 2924 satanas
472 2871 667 2923 latetur
694 2867 968 2923 Clu-istum
998 2867 1088 2922 Dei
1120 2883 1241 2922 esse
1287 2869 1477 2933 liliuttt,
1522 2867 1654 2922 diett
1690 2869 1831 2922 enim

234 2960 451 3033 (Matth.
481 2977 560 3024 Iv,
596 2963 651 3027 ‘5,
677 2963 775 3032 6):
832 2961 893 3018 Si
938 2971 990 3015 tu
1034 2977 1085 3016 es
1128 2960 1299 3014 Filius
1330 2960 1446 3015 Dei.
1495 2961 1559 3014 Et
1584 2961 1726 3016 istud
1754 2973 1834 3015 ter

235 3055 404 3110 dicit:
434 3054 538 3110 Sed
564 3055 616 3107 in
641 3054 880 3109 secundo
904 3057 1166 3109 conﬁtens
1189 3054 1258 3108 de
1304 3054 1411 3108 ﬁlio
1447 3055 1539 3108 Dei
1585 3056 1828 3120 tentavit,

1940 1853 1992 1906 iu
2024 1851 2466 1923 futuro.Primum
2501 1848 2923 1918 respiciendum,
2956 1849 3098 1918 quod
3124 1847 3356 1916 Spiritus
3386 1860 3544 1899 sanc-

1943 1957 2028 2001 tus
2082 1947 2174 2000 Dei
2212 1954 2313 2000 est.
2351 1945 2490 2000 Dixit
2513 1945 2654 1999 enim
2691 1942 2856 2015 (Ibid.
2885 1985 2900 2010 ,
2938 1942 3032 2014 28)
3078 1959 3092 1995 :
3129 1940 3195 1994 In
3230 1940 3415 2010 spiritu
3445 1937 3543 1992 Dei

1939 2057 2032 2112 ego
2051 2041 2204 2110 ejicio
2235 2040 2507 2094 tltvmonia.
2551 2038 2752 2091 Deinde
2780 2037 2849 2091 de
2875 2034 3212 2105 blaSphemia
3243 2045 3297 2087 et
3325 2042 3544 2103 peccato

1939 2133 2082 2202 quod
2125 2141 2418 2202 peccaront
2462 2129 2634 2185 Judaei
2663 2171 2676 2195 ,
2728 2130 2888 2184 siculi
2919 2130 3092 2190 dixit,
3119 2127 3276 2198 quale
3327 2140 3450 2181 esse
3490 2124 3543 2178 in

1938 2235 2184 2278 sanctum
2212 2224 2492 2293 Spiritum.
2525 2222 2788 2287 Primum,
2809 2219 2949 2290 quod
2973 2219 3312 2290 blasphemia
3338 2226 3391 2272 et
3421 2232 3546 2287 pec-

1939 2325 2114 2370 catum
2159 2316 2210 2370 in
2256 2314 2515 2384 Spiritum
2564 2322 2808 2368 sanctum
2860 2329 2965 2366 non
3008 2312 3310 2366 remittetur
3363 2309 3541 2364 alicui.

1940 2410 2224 2463 Peccatum
2280 2417 2364 2464 est
2390 2449 2404 2474 ,
2453 2407 2839 2478 blasphemiter
2867 2422 2990 2461 cum
3020 2405 3296 2460 voluntate
3338 2405 3540 2462 dicere.

1937 2499 2043 2556 Sed
2075 2500 2213 2554 istud
2262 2516 2368 2554 non
2399 2500 2617 2555 sufﬁcit.
2657 2499 2796 2554 Dixit
2840 2497 3171 2554 secundum:
3222 2498 3432 2552 etiamsi
3462 2499 3546 2552 itt-

1937 2594 2078 2647 vitus
2104 2592 2296 2662 aliquis
2326 2591 2454 2647 dicit
2504 2592 2953 2662 qualemcumque
3002 2605 3308 2646 sermonem
3334 2632 3348 2657 ,
3399 2590 3545 2662 quod

1938 2703 2047 2742 non
2078 2697 2162 2741 est
2195 2695 2473 2756 peccatum
2497 2728 2510 2750 ,
2547 2702 2652 2740 non
2701 2687 3033 2755 relinquetur
3059 2685 3134 2739 illi
3166 2685 3217 2738 in
3260 2685 3408 2739 omni
3437 2699 3543 2739 sw-

1937 2779 2081 2834 ClliO.
2114 2778 2169 2832 Si
2191 2779 2353 2848 igitur
2378 2789 2599 2833 sanctus
2631 2779 2896 2847 Spiritus;
2950 2777 3042 2832 Dei
3088 2777 3324 2846 Spiritus
3347 2785 3462 2843 est,
3489 2785 3544 2832 et

1936 2878 2156 2925 sanctus
2195 2871 2429 2939 Spiritus
2460 2885 2490 2922 a
2537 2869 2627 2924 Dei
2677 2870 2788 2922 lilio
2835 2869 3011 2922 omnia
3046 2868 3241 2931 habet;
3275 2883 3381 2922 una
3405 2869 3535 2924 sub-

1937 2965 2134 3018 stantia
2168 2963 2340 3018 tribus
2391 2978 2421 3017 a
2468 2963 2771 3017 substantia
2817 2964 3016 3032 patris.
3075 2963 3363 3035 ὁμοούσιαε
3416 2977 3545 3033 ergo

1939 3057 2038 3110 tria
2066 3097 2081 3120 ,
2112 3054 2214 3109 hoc
2237 3063 2355 3120 est,
2387 3054 2550 3110 simul
2581 3056 2754 3110 οὐσία.
2783 3052 2837 3109 Si
2867 3053 3010 3108 enim
3043 3054 3208 3124 patris
3235 3055 3537 3109 substantia

236 3147 280 3201 si
329 3147 444 3216 ipse
494 3156 640 3201 esset
684 3144 954 3213 Christus,
982 3147 1113 3200 dicit
1133 3147 1278 3200 enim
1307 3161 1324 3197 :
1360 3146 1529 3198 Filius
1559 3162 1610 3200 es
1634 3156 1688 3199 tu
1716 3145 1829 3212 Dei,
1861 3147 1904 3209 C
1938 3149 2205 3216 Spiritus;
2237 3159 2291 3201 et
2320 3147 2489 3212 lilius,
2522 3147 2776 3216 Spiritus,
2800 3157 3020 3201 sanctus
3050 3157 3228 3202 autem
3267 3147 3500 3216 Spiritus
3526 3189 3540 3214 ,

232 3239 374 3294 mitte
397 3249 444 3292 te
473 3239 739 3293 deorsum.
785 3238 1050 3308 Scriptum
1079 3249 1152 3291 est
1196 3239 1378 3290 enim:
1433 3239 1569 3306 quod
1625 3236 1833 3304 Angelis

231 3333 340 3387 suis
363 3332 624 3402 prmcipict
656 3334 716 3385 de
737 3341 802 3386 te.
853 3332 1192 3396 Conﬁtctur;
1232 3331 1322 3401 qui
1346 3330 1494 3392 dicit,
1530 3331 1594 3386 de
1623 3340 1688 3398 te,
1743 3329 1833 3384 Dei

229 3424 400 3480 ﬁlimn
425 3429 733 3494 coolitetur,
759 3438 812 3480 et
838 3424 980 3479 hunc
1007 3424 1317 3480 conﬁtetur.
1346 3423 1548 3478 Deinde
1571 3425 1834 3478 conﬁten-

229 3529 318 3576 tur
366 3535 554 3576 rursus
595 3520 871 3576 daemones
914 3519 1069 3594 (Luc.
1119 3535 1192 3583 Iv,
1230 3518 1349 3587 Μ).
1414 3516 1636 3572 Exibunt
1679 3519 1834 3572 etiam

226 3614 483 3668 dwmonia
509 3631 540 3666 tt
569 3613 760 3674 multis,
790 3614 1130 3668 exclumantia
1153 3623 1198 3665 et
1226 3611 1483 3666 dicentia:
1517 3608 1593 3663 Tu
1617 3625 1669 3663 es
1692 3609 1834 3678 [ilius

226 3705 328 3761 Dei
371 3706 530 3770 Audi,
558 3707 674 3772 Ari,
701 3706 846 3774 audi,
873 3706 1088 3772 Eusebi,
1107 3715 1160 3761 et
1181 3719 1370 3759 omnes
1396 3703 1596 3767 audite,
1623 3703 1831 3771 Ariani,

226 3808 282 3853 et
307 3798 539 3851 maxime
566 3802 654 3867 qui
687 3798 864 3852 dicitis
890 3799 956 3852 ab
979 3813 1044 3853 eo
1069 3814 1176 3866 quo
1226 3806 1309 3851 est
1350 3811 1472 3851 esse
1517 3793 1789 3850 Christum
1817 3813 1829 3849 :

222 3892 322 3947 sed
347 3892 642 3945 secundum
673 3893 939 3961 serpentis
966 3891 1295 3946 intellectura
1323 3907 1336 3941 :
1387 3889 1640 3960 quooiam
1683 3897 1834 3958 pater

223 3983 280 4040 ὂν
306 3994 410 4046 est,
445 3985 533 4052 qui
564 3982 690 4037 fecit
711 3982 984 4038 Chrismm
1013 4001 1027 4038 :
1081 3982 1206 4037 Ideo
1249 3999 1312 4036 ex
1347 3995 1412 4035 eo
1434 3980 1576 4050 quod
1603 3989 1686 4034 est
1709 3993 1835 4034 esse

222 4078 400 4133 ﬁlium
429 4077 692 4131 dicentes.
718 4075 912 4130 Audite
933 4090 1083 4146 ergo,
1118 4076 1285 4129 ﬁlium
1313 4073 1443 4128 dicit
1473 4073 1565 4128 Dei
1592 4082 1830 4138 satanas,

223 4172 314 4228 cui
343 4170 590 4241 promisit
621 4183 844 4240 regnum
872 4168 1076 4228 mundi.
1106 4169 1207 4222 scit
1229 4167 1408 4221 omnia
1431 4181 1552 4236 quae
1578 4165 1629 4219 in
1645 4180 1834 4234 super-

221 4266 352 4320 nis:
408 4263 532 4317 itide
567 4263 712 4318 euim
749 4270 850 4316 est.
906 4261 1043 4328 Quid
1088 4262 1230 4316 enim
1267 4271 1385 4331 post
1416 4258 1629 4314 tertiatn
1656 4267 1831 4312 tenta-

220 4357 458 4420 tinnetn,
487 4354 628 4426 quod
661 4353 910 4408 diabolus
936 4353 1224 4418 abscessit,
1247 4351 1530 4408 confessus
1554 4359 1636 4404 est
1661 4350 1829 4404 liliqu

221 4463 352 4506 esse
379 4449 505 4505 Dei?
544 4447 695 4514 Quod
721 4457 774 4502 et
795 4447 1070 4502 dannones
1107 4447 1357 4502 dixerunt
1401 4445 1567 4500 ﬁlium
1592 4459 1714 4498 esse
1741 4445 1830 4498 Dei

1938 3241 2108 3310 patris
2161 3249 2244 3294 est
2277 3239 2537 3309 Spiritus?
2587 3239 2642 3294 In
2696 3257 2802 3310 quo
2830 3241 3021 3295 ordine
3061 3243 3274 3309 ponitur
3323 3251 3545 3296 sanctus

1939 3331 2212 3403 Spiritus?
2240 3343 2295 3389 et
2349 3333 2602 3403 praecedit
2633 3335 2777 3390 enim
2801 3377 2814 3400 ,
2846 3336 2889 3388 si
2947 3335 3114 3403 patris
3139 3345 3222 3389 est
3273 3335 3541 3404 Spiritus;

1937 3436 1990 3482 et
2020 3427 2283 3498 sequitur,
2335 3427 2378 3481 si
2433 3443 2462 3481 a
2497 3428 2608 3482 lilio
2639 3427 2801 3484 habet
2847 3427 2989 3498 quod
3021 3439 3123 3484 est.
3159 3429 3226 3483 Et
3259 3443 3448 3485 rursus
3477 3429 3544 3484 ﬁ-

1939 3519 2041 3573 lius
2061 3561 2074 3584 ,
2105 3519 2396 3574 secundum
2427 3521 2569 3591 quod
2597 3520 2866 3591 Spiritus,
2903 3536 3040 3574 unus
3069 3531 3154 3576 est
3181 3532 3237 3578 et
3281 3534 3454 3592 pater,
3485 3532 3546 3578 et

1937 3611 2100 3666 estin
2156 3610 2264 3665 ﬁlio
2297 3620 2480 3680 pater,
2512 3623 2566 3666 et
2613 3628 2804 3667 omnes
2835 3613 2885 3667 in
2941 3614 3162 3667 alternis
3211 3615 3541 3670 existentes:

1935 3721 2066 3775 ergo
2097 3706 2361 3778 ὁμοούσιοι
2409 3717 2568 3768 sunt,
2603 3723 2762 3760 uuam
2809 3717 2864 3762 et
2894 3708 3137 3762 eamdem
3188 3709 3543 3765 substantiam

1939 3798 2199 3853 habentes
2217 3841 2231 3864 ,
2259 3809 2313 3853 et
2341 3815 2549 3869 semper
2580 3801 2739 3854 simul
2764 3801 3030 3874 ὁμοούσιοι
3054 3802 3233 3858 divina
3260 3803 3544 3860 allectione

1936 3895 2230 3946 secundum
2304 3892 2568 3947 actionem
2634 3895 3034 3952 subsistentiatn
3105 3897 3375 3969 propriam
3449 3899 3544 3952 ha-

1939 3982 2148 4038 bentes.

2008 4073 2176 4130 XVII.
2230 4074 2334 4130 Sed
2369 4076 2466 4130 ista
2522 4093 2711 4133 rursus
2743 4079 3018 4134 sufﬁciunt
3047 4079 3204 4134 nobis
3229 4093 3349 4150 quae
3399 4078 3541 4135 dicta

1917 4161 2065 4220 ~sunt
2094 4166 2144 4220 in
2174 4167 2502 4237 Evangeliis.
2526 4168 2680 4237 Quod
2706 4169 2955 4225 Christus
2986 4171 3078 4225 Dei
3110 4170 3253 4225 ﬁlius
3283 4171 3396 4241 ipse
3421 4171 3541 4226 Sal-

1938 4269 2089 4314 vator
2137 4259 2266 4314 dicit
2305 4260 2520 4331 (Matth.
2561 4277 2702 4328 χχιι,
2734 4260 2825 4326 45,
2860 4263 2994 4333 46);
3045 4262 3314 4330 Quomodo
3368 4263 3543 4318 dicunt

1939 4352 2194 4408 Christum
2224 4356 2390 4422 ﬁlium
2423 4356 2591 4409 David
2617 4372 2724 4410 esse
2747 4397 2762 4420 ,
2794 4367 2842 4410 et
2872 4357 2981 4426 ipse
3009 4356 3180 4411 David
3225 4357 3350 4412 dicit
3393 4359 3445 4411 in
3481 4359 3545 4412 li-

1937 4449 2027 4504 bro
2058 4450 2384 4506 Psolmorum
2405 4470 2423 4506 :
2457 4453 2597 4506 Dixit
2640 4451 2895 4506 Dominus
2927 4451 3146 4507 Domino
3191 4469 3334 4516 meo,
3366 4452 3486 4505 sede
3511 4469 3542 4506 a

221 4541 304 4611 (Μ
313 4557 422 4597 τινε.
450 4558 487 4610 l,
511 4541 604 4610 Ἡ)
632 4558 644 4595 ε
674 4539 811 4602 Quid
837 4540 980 4593 nobis
1006 4548 1052 4593 et
1075 4540 1181 4604 tibi,
1208 4539 1284 4608 [ili
1307 4537 1424 4600 Dei,
1445 4536 1650 4590 venisti?
1678 4535 1830 4602 Quod
1861 4533 1915 4593 D
1941 4542 2132 4597 dextris
2162 4543 2326 4597 meis?
2359 4542 2527 4597 David
2551 4561 2671 4611 ergo
2704 4543 2982 4598 Dominum
3008 4553 3154 4598 vocat
3179 4585 3192 4606 ,
3223 4555 3273 4598 et
3293 4545 3543 4611 quomodo

221 4650 337 4689 non
373 4644 579 4704 oportet
605 4632 852 4686 dubitare
875 4631 944 4686 de
965 4632 1183 4686 Christo
1207 4630 1423 4699 (Matth.
1453 4645 1529 4694 st,
1554 4628 1610 4698 6)
1640 4645 1654 4684 :
1694 4626 1830 4680 Bea-

219 4736 308 4780 tus
333 4737 408 4780 est
435 4727 521 4795 qui
544 4743 643 4780 non
669 4725 1052 4778 scandalizatur
1076 4724 1128 4777 in
1157 4740 1254 4777 me.
1313 4723 1468 4789 Quod
1518 4721 1696 4776 omnia
1741 4735 1836 4790 pa-

219 4821 325 4873 tris
352 4821 492 4873 lilitts
519 4821 674 4875 habet
700 4817 864 4891 (Ibid.
897 4817 1029 4889 27):
1080 4817 1267 4871 Omnia
1307 4817 1432 4870 mihi
1480 4815 1668 4868 tradita
1713 4822 1836 4867 sunt

217 4926 253 4962 a
275 4923 450 4980 putre,
479 4912 649 4966 nullus
675 4911 934 4982 cognoscit
981 4910 1146 4980 [ilium
1177 4910 1276 4962 nisi
1312 4920 1473 4977 pater,
1507 4923 1597 4962 nec
1637 4919 1835 4977 patrem

217 5001 330 5056 nisi
356 5002 496 5070 ﬁlius
523 5005 799 5072 cognoscit,
842 5012 892 5056 et
943 5002 1026 5055 cui
1077 5001 1183 5055 vult
1229 5001 1370 5070 [ilius
1417 5001 1659 5053 revelare-
1703 4998 1834 5064 Quae

215 5108 419 5157 causa,
463 5093 639 5148 solunt
685 5097 850 5150 lilium
885 5096 1025 5150 scire
1085 5105 1316 5165 patrem,
1370 5103 1462 5147 aut
1520 5103 1727 5162 patrem
1779 5100 1836 5145 ut

215 5197 526 5256 cognoscat
559 5187 759 5242 ﬁlium?
789 5188 888 5244 nisi
916 5187 1056 5258 quod
1081 5189 1260 5242 nullus
1287 5187 1450 5242 habet
1478 5187 1835 5240 substantiam

213 5281 372 5352 ejus.
401 5281 591 5336 Omnia
615 5285 756 5336 enim
789 5298 908 5352 qnze
937 5283 987 5336 in
1013 5281 1354 5345 claritmline,
1380 5289 1434 5335 et
1457 5280 1508 5334 in
1534 5279 1834 5346 divinitate,

212 5372 276 5429 in
308 5375 574 5442 potentia,
598 5375 651 5427 in
679 5373 790 5442 ipsa
815 5374 1028 5429 actione
1051 5383 1105 5428 et
1141 5381 1472 5444 cognoscunt
1503 5382 1732 5442 patrem,
1784 5381 1840 5427 et

210 5467 442 5521 colunt.
507 5466 611 5522 Sed
663 5466 916 5535 quoniant
959 5481 1310 5536 cognoscere,
1392 5465 1494 5520 hoc
1545 5475 1649 5531 est,
1697 5464 1838 5518 scire

209 5559 405 5628 ipsius
431 5557 543 5623 Dei,
571 5558 745 5626 ipsum
775 5556 917 5627 quod
947 5566 1029 5611 est
1059 5557 1111 5612 ei
1133 5573 1273 5620 esse.
1309 5557 1412 5612 hoc
1434 5567 1535 5623 est,
1586 5555 1838 5610 substan-

209 5654 360 5708 tiam
386 5653 544 5724 ejns:
577 5651 780 5706 idcirco
805 5651 986 5705 nullus
1005 5651 1286 5721 cognoscit
1311 5651 1502 5716 Deum,
1553 5649 1654 5704 nisi
1712 5647 1838 5704 snb-

210 5751 493 5806 stantiam
515 5749 761 5807 eamdem
781 5747 1162 5815 babensﬁlius,
1183 5758 1237 5806 et
1253 5748 1454 5805 habens
1472 5747 1540 5804 ab
1555 5749 1692 5819 ipso.
1714 5747 1836 5803 Alio

1943 4633 2083 4702 (ilius
2110 4635 2257 4704 ejus?
2309 4635 2365 4689 ln
2416 4636 2521 4689 isto
2549 4635 2822 4689 Christum
2872 4645 2927 4690 et
2975 4647 3263 4706 antequam
3312 4637 3542 4691 essetin

1939 4741 2103 4781 carne
2132 4743 2249 4782 mea
2270 4770 2284 4793 ,
2319 4737 2373 4782 et
2397 4727 2645 4798 spiritum
2681 4727 2771 4781 Dei
2800 4742 2951 4795 esse,
2997 4737 3053 4782 et
3085 4728 3248 4781 Deum
3279 4740 3401 4783 esse
3430 4727 3544 4798 ipse

1941 4819 2058 4875 haec
2083 4820 2438 4876 demonstrat.
2475 4820 2766 4875 Videamus
2795 4820 2957 4890 igitur
2985 4828 3040 4876 et
3068 4821 3386 4892 Apostolnm
3408 4862 3424 4888 ,
3455 4819 3540 4876 di-

1938 4915 2010 4969 cit
2035 4914 2178 4968 enim
2209 4913 2275 4966 de
2305 4912 2520 4968 Christo
2549 4913 2612 4967 ad
2651 4913 2959 4968 Romanos:
2991 4916 3256 4981 Quoniam
3289 4915 3429 4969 Deus
3459 4924 3542 4969 est

1941 5005 2189 5060 Christus
2221 5004 2396 5076 (Rom.
2430 5021 2464 5059 II
2493 5047 2508 5071 ,
2539 5006 2595 5076 5)
2616 5007 2668 5060 in
2697 5007 2829 5059 diem
2870 5007 2961 5061 irae
2984 5017 3030 5060 et
3067 5008 3390 5062 reuelationis
3409 5009 3544 5078 justi

1934 5097 2124 5167 judicii
2148 5095 2262 5150 Dei.
2291 5096 2420 5152 Sine
2445 5098 2608 5151 dubio
2640 5098 2742 5152 hoc
2767 5098 2834 5152 de
2869 5097 3116 5153 Christo:
3147 5101 3261 5169 ipse
3287 5100 3430 5154 cnim
3453 5100 3543 5169 ju-

1945 5189 2185 5244 dicabit:
2235 5190 2485 5260 quoniam
2538 5191 2677 5259 apud
2735 5191 2896 5245 Deum
2945 5194 3004 5248 τὸ
3048 5198 3118 5264 μή
3164 5187 3216 5246 ὂν
3270 5191 3404 5247 nihil
3437 5199 3541 5245 est.

1949 5281 2266 5351 Exemplum
2307 5281 2375 5336 de
2405 5282 2603 5338 Genesi
2641 5283 2843 5337 inducit
2877 5283 3068 5338 Paulus
3101 5283 3278 5354 (Rom,
3304 5298 3378 5346 Iv,
3414 5283 3541 5352 t7):

1947 5375 2080 5440 Quia
2110 5383 2304 5441 patrem
2333 5373 2612 5427 multarunt
2640 5375 2863 5446 gentium
2912 5378 3060 5446 posui
3092 5385 3140 5428 te
3172 5384 3292 5427 ante
3317 5388 3431 5426 eum
3462 5373 3546 5426 cui

1941 5465 2200 5521 credidisti
2238 5465 2346 5520 Deo
2371 5507 2386 5530 ,
2427 5467 2514 5532 qui
2546 5467 2764 5534 viviﬁcat
2806 5477 3062 5532 mortuos,
3096 5477 3142 5518 et
3173 5473 3317 5518 vocat
3347 5479 3404 5516 ea
3429 5478 3546 5534 qua:

1941 5576 2042 5614 non
2062 5571 2178 5614 sunt
2210 5570 2451 5628 tanquam
2477 5561 2600 5614 sint.
2630 5561 2894 5626 Quoniam
2925 5559 3156 5628 Spiritus
3187 5557 3277 5611 Dei
3306 5556 3540 5627 Spiritus

1939 5651 2160 5718 Christi,
2193 5662 2247 5708 et
2275 5652 2414 5706 idem
2442 5651 2674 5721 Spiritus
2715 5659 2932 5706 sanctus
2962 5649 3139 5722 (Rom.
3165 5665 3275 5714 \llt,
3304 5647 3360 5720 9)
3387 5665 3401 5705 :
3445 5647 3545 5702 Vos

1936 5763 2054 5803 vero
2084 5764 2186 5803 non
2215 5748 2333 5802 estis
2360 5747 2414 5801 in
2439 5763 2592 5801 carne
2611 5789 2624 5814 ,
2651 5747 2740 5802 sed
2765 5746 2818 5800 in
2853 5744 3078 5813 spiritu:
3102 5745 3146 5800 si
3193 5753 3362 5801 tamen
3385 5741 3542 5816 spiri-
