4018 6184
530 233 662 292 1051

1759 230 1956 290 MAlllI
2000 228 2345 289 VICTORINI
2383 234 2545 291 AFlll

3693 247 3813 301 i9“!

531 370 613 415 tus
646 356 738 413 Dei
764 354 956 411 habitat
988 353 1039 406 in
1064 351 1203 407 vobis
1225 368 1244 407 :
1269 350 1314 406 si
1338 352 1452 423 quis
1471 361 1641 406 autem
1673 351 1911 422 spiritum
1937 348 2129 405 Christi
2154 348 2206 409 Δ
2234 358 2279 403 et
2308 351 2583 408 divisiones
2620 354 3019 411 ministeriorum
3057 366 3178 413 sunt
3199 399 3215 425 ,
3249 358 3339 414 sed
3364 359 3501 415 idem
3542 359 3781 415 Domina:
3808 403 3821 423 ,

530 466 635 507 non
676 448 856 514 habet,
886 446 969 500 hic
1015 460 1118 499 non
1149 454 1223 501 est
1261 445 1446 516 ipsius.
1471 443 1659 499 Totius
1698 443 1937 516 mysterii
1966 442 2132 497 virtus

531 543 586 600 in
618 541 886 612 baptismo
913 545 996 594 est
1015 579 1030 604 ,
1062 538 1179 609 ejus
1208 539 1445 608 polentia
1474 538 1526 593 in
1571 536 1891 608 accipiendo
1916 536 2129 606 spiritu.

532 635 646 692 Hoc
674 634 716 688 si
749 631 826 688 ita
867 640 975 698 est,
1006 630 1207 686 dictum
1232 638 1347 686 est:
1377 644 1465 687 sos
1500 630 1554 685 in
1579 630 1765 702 spiritu
1787 630 1905 687 estis
1927 644 1951 691 ξ
1973 643 2131 700 quem

528 736 747 787 sanctus
792 726 1027 795 Spiritus
1072 725 1221 781 dedit
1252 725 1423 781 vobis.
1454 723 1555 792 Qui
1587 725 1688 779 istc
1727 732 1812 779 est
1863 723 2132 792 Spiritus,

530 820 807 892 adjnnxit:
840 819 901 877 Si
918 829 1087 874 tamen
1136 817 1365 890 Spiritus
1390 816 1484 870 Dei
1516 816 1707 871 habitat
1732 816 1785 870 in
1814 813 1970 869 vobis.
2002 813 2133 883 Quis

529 922 614 970 est
641 912 775 968 iste?
825 909 887 968 Si
931 911 1045 981 quis
1099 919 1271 964 autem
1317 908 1557 977 spiritum
1584 905 1777 961 Christi
1805 922 1908 960 non
1961 904 2130 960 habet.

527 1006 674 1063 Idem
705 1017 833 1074 ergo
862 1003 959 1058 Dei
988 1002 1210 1072 spiritus
1239 1010 1294 1056 et
1321 998 1524 1055 Christi
1558 999 1801 1069 spiritus.
1831 995 1892 1052 In
1932 1013 2040 1067 quo
2080 1005 2136 1052 et

531 1098 664 1154 illud
697 1095 1127 1167 perspiciendum
1154 1136 1167 1160 ,
1202 1093 1344 1164 quod
1369 1092 1509 1147 idem
1535 1100 1621 1146 est
1647 1090 1870 1161 spiritus
1894 1087 2130 1157 Christi,

531 1190 675 1264 quod
697 1192 810 1261 ipse
832 1188 1098 1244 Christus.
1124 1187 1379 1257 Sequitur
1395 1186 1536 1241 enim
1564 1183 1739 1259 (Rom.
1773 1199 1884 1249 vm,
1912 1180 2039 1254 10):
2073 1183 2135 1240 Si

530 1295 701 1340 autem
748 1282 981 1338 Christus
1009 1283 1063 1337 in
1100 1280 1284 1353 vobis).
1316 1278 1472 1336 Unde
1496 1288 1550 1335 et
1570 1279 1791 1349 Spiritus
1822 1277 1934 1343 Dei,
1970 1277 2130 1332 Deus.

530 1379 648 1438 Una
698 1378 860 1451 igitur
889 1376 1185 1432 substantia
1212 1416 1227 1441 ,
1275 1376 1399 1445 quia
1449 1373 1589 1429 idem
1634 1372 1894 1444 spiritus:
1950 1371 2045 1427 sed
2080 1370 2132 1425 in

532 1473 702 1529 tribus
727 1516 740 1539 ,
772 1469 1037 1545 ὁμοούσιον
1064 1471 1242 1541 igitur.
1267 1468 1421 1525 Unde
1444 1483 1549 1523 non
1573 1468 1764 1523 similis
1792 1464 2088 1521 substantia
2114 1506 2130 1532 ,

530 1567 651 1637 quia
674 1565 812 1621 idem
827 1564 1081 1635 spiritus:
1108 1578 1205 1618 nec
1224 1573 1400 1616 tamen
1418 1562 1617 1616 idcirco
1635 1559 1910 1630 passiones
1928 1556 2131 1614 etcdem

530 1667 587 1713 et
603 1658 655 1712 in
681 1668 849 1726 patre,
871 1658 994 1727 quia
1012 1671 1148 1710 unus
1169 1652 1389 1725 spiritus
1415 1669 1428 1707 :
1450 1653 1501 1707 in
1526 1650 1735 1706 duobus
1752 1650 1895 1707 enim
1926 1659 2130 1703 tantum

2235 449 2282 494 et
2308 443 2583 498 divisiones
2616 448 2974 517 operationum
2999 459 3116 504 sunt
3135 492 3150 517 ,
3183 449 3317 505 idem
3343 463 3515 507 autem
3545 451 3711 516 Deus,
3741 454 3823 520 qui

2235 536 2409 590 omnia
2433 537 2486 591 in
2513 539 2750 594 omnibus
2775 552 3037 610 operatur.
3080 543 3140 601 Si
3168 544 3331 616 igitur
3353 546 3409 600 in
3435 546 3629 616 Spiritu
3655 548 3824 603 nullas

2233 627 2364 685 dicit
2407 632 2703 689 Anathema
2750 633 2910 701 Jesu,
2969 637 3085 707 ipse
3125 639 3454 709 estapiritus
3496 647 3551 695 et
3602 640 3733 708 Dei,
3777 651 3828 697 et

2234 720 2406 775 sancti
2436 721 2688 791 Spiritus.
2727 726 2801 780 De
2828 741 2935 796 quo
2976 727 3119 783 idem
3165 729 3306 785 istud
3337 730 3501 786 dicit:
3550 731 3618 786 Et
3662 734 3826 789 nulla

2236 820 2400 881 potest
2431 813 2600 869 dicere
2631 814 2910 871 Dominum
2940 817 3125 875 Jcstmt
3152 861 3167 887 ,
3194 821 3294 875 nisi
3323 821 3375 875 in
3404 823 3610 891 Spiritu
3633 836 3825 879 meto.

2236 904 2507 961 Praeterea
2536 908 2769 978 amplius
2798 910 2941 967 istud
2969 911 3101 967 dicit
3131 913 3274 983 quod
3301 913 3596 971 divisiones
3637 918 3833 985 gratia-

2237 1013 2358 1054 rum
2388 1013 2419 1054 s
2443 1000 2633 1070 spiritu
2683 1014 2805 1058 sunt
2835 1043 2851 1071 ,
2884 1019 2912 1058 a
2961 1004 3073 1060 Deo
3099 1005 3314 1077 quidem
3341 1009 3528 1079 gratia:
3551 1049 3566 1074 ,
3616 1009 3833 1065 divisio-

2239 1106 2338 1145 nes
2365 1101 2545 1147 autem
2578 1108 2609 1148 a
2638 1096 2865 1164 spiritu;
2900 1097 2954 1152 in
2979 1098 3249 1154 actionem
3289 1103 3432 1155 enim
3462 1102 3569 1156 alia
3602 1103 3833 1159 existen-

2239 1185 2312 1239 tia
2363 1186 2595 1255 Spiritus
2624 1199 2882 1258 saviatus,
2939 1191 2991 1247 in
3031 1193 3327 1248 substantia
3370 1194 3675 1269 «Sauariam,
3701 1210 3834 1267 qne-

2239 1279 2383 1333 niam
2414 1278 2647 1349 Spiritus
2693 1292 2915 1340 sanctus
2943 1284 3079 1340 sicut
3110 1294 3165 1340 et
3192 1286 3550 1342 ministerium
3585 1288 3831 1342 Domini:

2236 1371 2355 1441 ipse
2379 1374 2578 1428 etenim
2605 1374 2796 1430 dividit
2822 1376 3120 1433 ministeria
3149 1379 3202 1432 in
3224 1379 3544 1449 operatione
3563 1381 3692 1435 vita
3718 1395 3831 1451 ope

2237 1478 2363 1519 rans
2383 1506 2397 1528 ,
2424 1473 2480 1521 et
2509 1466 2624 1537 ipse
2674 1468 2728 1523 in
2756 1469 3056 1525 substantia
3080 1486 3179 1525 sua
3227 1472 3524 1527 secundum
3569 1474 3837 1544 operatio-

2237 1571 2362 1611 nem
2389 1556 2531 1612 vitm.
2568 1558 2628 1615 In
2672 1560 2969 1616 substantia
3019 1571 3198 1617 autem
3226 1562 3514 1638 ὁμωύσιος.
3544 1565 3709 1632 Quod
3740 1567 3837 1636 spi-

2238 1649 2372 1705 ritus
2403 1659 2456 1705 ct
2503 1654 2846 1721 operationes
2873 1667 2905 1707 a
2936 1655 3068 1711 Deo.
3098 1655 3453 1725 Operationes
3481 1668 3671 1713 autem
3702 1660 3837 1714 ntul-

530 1751 678 1807 velut
728 1750 1040 1820 passiones,
1072 1748 1199 1819 quia
1223 1746 1333 1817 jam
1381 1744 1648 1815 progressi
1675 1743 1897 1813 spiritus
1922 1750 2069 1798 sunt.
2157 1742 2208 1805 B
2237 1747 2307 1796 tte
2330 1784 2345 1809 ,
2370 1742 2464 1798 sed
2489 1744 2539 1799 in
2567 1744 2818 1802 tinnitibus
2847 1745 2989 1801 idem
3025 1747 3186 1803 Deus.
3217 1747 3404 1805 Diliert
3431 1761 3622 1804 autem
3657 1750 3833 1819 Deus,

602 1841 787 1898 XVlll.
844 1840 950 1897 Sed
984 1841 1084 1895 ista
1141 1839 1355 1910 plenius
1405 1846 1590 1908 postea
1640 1836 1818 1905 (Rom.
1868 1848 1952 1901 XI,
1987 1834 2128 1904 36):

534 1938 789 2006 Quoniam
819 1952 885 1993 ea:
901 1939 1046 2008 ipso;
1075 1943 1124 1991 et
1152 1952 1244 2007 per
1274 1934 1441 2005 ipsum
1464 1974 1478 1998 ,
1508 1942 1553 1987 et
1593 1932 1645 1986 in
1686 1932 1800 2002 ipso
1826 1930 2016 1986 onmia.
2056 1928 2135 1983 Ea:

530 2034 682 2104 ipso:
713 2030 927 2096 dicitur,
952 2038 1008 2084 ut
1036 2032 1103 2083 de
1133 2035 1322 2098 patre:
1357 2023 1458 2080 Per
1478 2026 1647 2095 ipsum
1670 2041 1689 2079 :
1719 2035 1773 2078 ut
1797 2022 1866 2078 de
1884 2022 2129 2078 Christo:

531 2123 599 2179 In
627 2125 739 2196 ipso
759 2165 775 2192 ,
823 2130 881 2178 ut
904 2122 972 2178 de
1003 2121 1204 2192 Spiritu
1232 2130 1439 2175 sancto.
1470 2116 1610 2174 Alibi
1640 2124 1820 2172 autem
1861 2115 1940 2170 sic
1961 2114 2130 2169 dicit:

528 2216 589 2272 In
617 2217 765 2287 ipso,
815 2229 911 2286 per
938 2214 1135 2286 ipsmn,
1166 2211 1232 2267 ad
1260 2212 1456 2281 ipsum.
1494 2209 1650 2277 Quod
1699 2209 1837 2265 Deus
1884 2206 2134 2263 Christus

528 2308 705 2381 (Rom.
737 2324 789 2364 ts
809 2349 824 2377 ,
849 2308 906 2377 5)
930 2325 943 2362 ε
980 2306 1065 2363 Ea:
1093 2307 1272 2378 quibus
1310 2302 1543 2359 Christus
1570 2304 1850 2358 secundum
1895 2317 2128 2366 carnem,

527 2406 617 2473 qui
637 2414 709 2459 est
732 2417 886 2475 super
915 2391 1089 2457 omnes
1125 2401 1267 2458 Deus
1294 2401 1584 2457 benedictus
1612 2415 1703 2470 per
1729 2397 1901 2452 omnia
1945 2396 2134 2451 uacula

528 2498 854 2551 sucularum.
915 2494 996 2551 Ad
1023 2494 1269 2551 Corinth.
1328 2496 1497 2565 prima
1549 2496 1564 2553 t
1598 2491 1621 2547 l
1652 2491 1772 2547 Cor.
1809 2506 1843 2546 ll
1869 2532 1884 2555 ,
1934 2488 2028 2562 tt):
2069 2488 2133 2544 Si

531 2590 666 2643 enim
695 2589 1074 2659 cognovissent,
1111 2603 1369 2658 nunquant
1395 2585 1673 2640 Dominum
1712 2585 1994 2651 maiestatis
2016 2598 2134 2636 cru-

528 2680 829 2749 ciﬁxisseut.
861 2678 1014 2748 Quod
1063 2677 1346 2745 Christus,
1399 2678 1554 2732 sicuti
1606 2676 1781 2742 Deus;
1831 2673 2135 2744 incompre-

529 2770 848 2837 hensibilis,
907 2780 999 2825 aut
1050 2770 1137 2825 vix
1192 2767 1693 2839 comprehensibilis
1746 2775 1868 2833 est,
1932 2764 2028 2821 sed
2080 2776 2134 2821 et

528 2861 982 2934 quemadmodum
1011 2861 1215 2918 dictum
1258 2871 1342 2917 est
1389 2859 1593 2933 (lbid.,
1644 2857 1737 2931 9):
1788 2858 1917 2927 Qua.-
1953 2857 2132 2912 oculus

527 2972 630 3013 nou
658 2957 813 3020 uidit,
864 2971 981 3029 qua:
1020 2956 1160 3011 auris
1210 2971 1311 3009 non
1338 2953 1567 3021 audivit,
1600 2958 1651 3006 et
1689 2952 1742 3007 in
1771 2966 1860 3005 cor
1911 2950 2132 3004 hominis

528 3066 631 3104 non
654 3049 993 3104 ascenderunt
1021 3090 1036 3115 ,
1065 3063 1180 3117 qute
1210 3047 1518 3121 prteparaoit
1545 3044 1685 3101 Deus
1706 3043 2035 3116 diligentibus
2056 3058 2127 3097 se.

2238 1833 2378 1906 quod
2410 1836 2525 1905 ipse
2567 1837 2691 1892 facit
2719 1837 3012 1895 divisiones
3040 1840 3414 1911 operationum
3439 1881 3456 1909 ,
3506 1841 3632 1913 ipse
3663 1854 3836 1901 tamen

2238 1928 2290 1982 in
2312 1928 2563 1985 Omnibus
2595 1932 2776 1986 triatria
2805 1947 3071 2003 operam;
3109 1934 3279 2003 ipsum
3307 1937 3453 1991 enim
3486 1951 3620 1992 esse
3649 1952 3840 2008 opera-

2237 2021 2400 2077 tionis
2440 2036 2603 2076 causa
2641 2038 2762 2080 eum
2804 2026 2912 2094 sit,
2945 2027 3314 2097 operationum
3342 2028 3653 2085 divisiones
3683 2029 3807 2084 lavit
3828 2072 3844 2097 ,

2236 2124 2291 2170 et
2340 2114 2455 2185 ipse
2506 2115 2648 2171 Deos
2690 2115 2844 2186 justa
2894 2119 3251 2179 substantiam
3303 2120 3533 2190 spiritus
3601 2138 3735 2177 cum
3786 2125 3848 2177 sit

2235 2203 2512 2278 ὁμοούσων
2556 2208 2785 2275 actioni,
2827 2216 3010 2266 omnia
3036 2225 3165 2281 ergo
3192 2212 3295 2268 tria
3342 2214 3559 2269 actione
3596 2214 3850 2288 ὁμοιώσει

2236 2307 2292 2355 ct
2317 2298 2613 2354 substantia
2643 2300 2917 2374 ὁμοούσια.
2961 2305 3113 2373 Quod
3139 2306 3323 2360 omnia
3353 2307 3457 2361 tria
3501 2308 3749 2377 spiritus
3768 2350 3783 2373 ,
3805 2319 3855 2369 et

2234 2391 2377 2465 quod
2410 2408 2440 2447 a
2471 2404 2622 2463 patre
2645 2392 2879 2466 Spiritus
2906 2414 2922 2452 :
2953 2411 2985 2453 a
3017 2408 3166 2467 patre
3190 2399 3515 2455 substantia.

2307 2483 2452 2541 XIX.
2487 2486 2641 2553 Quod
2693 2488 2939 2546 Christus
2964 2491 3073 2545 vita
3127 2502 3250 2559 est,
3284 2501 3341 2548 et
3385 2493 3530 2564 quod
3582 2496 3853 2565 spiritus,

2235 2577 2438 2633 dictum
2469 2588 2552 2635 est
2577 2577 2791 2649 (Joann.
2825 2596 2912 2637 tm
2938 2624 2953 2649 ,
2988 2581 3114 2655 65):
3141 2583 3370 2654 Spiritus
3394 2595 3572 2641 autem
3607 2588 3855 2657 uiuiﬁcus.

2236 2670 2306 2726 Et
2350 2670 2422 2727 ibi
2454 2686 2665 2728 rursum
2709 2673 2838 2729 dicit
2866 2676 2886 2746 (
2910 2674 2952 2730 ll
2992 2673 3111 2729 Cor.
3146 2690 3235 2743 ιιι,
3272 2677 3404 2746 l7):
3454 2675 3728 2734 Dominus
3766 2696 3859 2733 u—

2236 2777 2333 2819 tem
2362 2765 2578 2836 spiritus
2620 2776 2711 2821 est.
2743 2767 2898 2835 Quod
2926 2766 3173 2824 Christus
3201 2769 3271 2825 de
3316 2769 3434 2826 Deo
3458 2812 3475 2839 ,
3512 2787 3635 2827 non
3682 2788 3752 2827 ex
3781 2774 3858 2829 his

2234 2870 2356 2926 qua:
2387 2871 2493 2910 non
2525 2867 2649 2912 sunt
2676 2864 2694 2929 (
2719 2857 2763 2912 Il
2790 2858 2908 2914 Cor.
2947 2876 3021 2926 tv,
3053 2859 3143 2934 4):
3182 2859 3252 2917 Ut
3281 2879 3382 2917 non
3417 2865 3729 2935 splenderet
3759 2866 3859 2921 illis

2235 2947 2544 3003 illuminatio
2575 2949 2841 3023 Evangelii
2865 2952 3045 3024 gloria:
3067 2954 3281 3021 Christi,
3309 2957 3397 3023 qui
3417 2967 3494 3011 est
3524 2959 3717 3030 imago
3746 2957 3859 3014 Dei.

2234 3036 2289 3094 Si
2320 3039 2498 3111 imago
2532 3041 2626 3097 Dei
2660 3041 2904 3099 Christus
2948 3044 3016 3100 de
3047 3046 3158 3101 Deo
3188 3044 3460 3103 Christus.
3493 3046 3695 3121 [mago
3716 3056 3861 3106 enim

527 3141 731 3198 Deinde
780 3139 911 3197 dicit
937 3184 952 3209 ,
1006 3140 1150 3213 quod
1194 3141 1441 3212 intelligit
1480 3141 1580 3196 ista
1608 3138 1771 3209 (Ibid.
1811 3135 1935 3208 ll):
1979 3137 2125 3194 Sicut
2154 3132 2203 3198 C
2234 3130 2539 3205 imaginalis
2582 3135 2778 3208 imago.
2836 3138 3143 3210 lmaginalis
3192 3149 3370 3197 autem
3430 3143 3629 3211 Deus;
3685 3149 3861 3217 imago

525 3237 736 3306 spiritus
760 3237 981 3291 hominis
1007 3253 1065 3291 ea
1093 3251 1209 3307 qua:
1228 3236 1278 3290 in
1305 3236 1511 3290 homine
1537 3277 1551 3301 ,
1584 3235 1659 3289 sic
1686 3245 1735 3289 et
1763 3251 1821 3289 ea
1848 3248 1962 3305 qua!
1990 3232 2090 3288 Dei
2111 3274 2124 3298 ,

525 3330 739 3400 spiritus
758 3328 872 3385 Dei.
892 3328 951 3385 Si
977 3330 1045 3385 de
1065 3330 1280 3385 Christo
1309 3328 1408 3384 ista
1436 3328 1586 3394 dicit,
1613 3328 1697 3384 his
1718 3336 1959 3399 apparet,
1986 3328 2126 3397 quod

525 3437 632 3478 non
681 3433 763 3479 est
792 3423 949 3479 facile
1002 3423 1141 3479 scire
1166 3421 1570 3495 generationem
1618 3421 1735 3477 lilii.
1765 3420 1899 3475 Nam
1953 3432 2129 3490 neque

523 3521 645 3578 νοῦς
698 3517 923 3586 percipit
975 3514 1068 3570 Dei
1110 3514 1310 3582 lilium,
1360 3529 1460 3569 nec
1506 3513 1721 3568 modum
1766 3511 2128 3583 generationis

527 3610 670 3665 scire
702 3617 895 3679 potest.
947 3607 1003 3663 Si
1035 3617 1212 3664 autem
1246 3607 1314 3662 de
1346 3606 1628 3677 praesentia
1678 3606 1796 3675 ejus
1818 3649 1833 3673 ,
1880 3615 1935 3660 ct
1986 3604 2127 3660 istud

527 3717 688 3771 supra
731 3704 943 3758 oculum
970 3745 985 3770 ,
1037 3717 1197 3773 supra
1242 3700 1521 3767 auditum,
1555 3716 1714 3772 supra
1743 3707 1863 3756 νοῦν
1913 3707 2015 3756 est.
2069 3698 2126 3756 Si

527 3806 707 3848 autem
733 3833 748 3859 ,
780 3801 837 3847 ut
862 3793 1078 3864 quidam
1105 3792 1409 3864 intelligunt
1432 3833 1449 3862 ,
1483 3795 1612 3849 dicit
1659 3794 1759 3849 ista
1790 3793 1859 3849 de
1900 3792 1982 3848 his
2007 3807 2127 3863 qua:

527 3886 852 3958 prmparavit
905 3886 1046 3942 Deus
1085 3885 1431 3957 diligentibus
1480 3887 1695 3959 ipsum:
1746 3889 1913 3942 multo
1958 3885 2128 3955 magis

526 3981 790 4038 mirabilis
818 3991 900 4036 est
938 3981 1218 4051 generatio
1244 4022 1258 4047 ,
1304 3997 1358 4037 et
1386 3983 1474 4037 vix
1511 3980 2035 4049 comprehensibilis.
2069 3978 2126 4035 Si

526 4078 627 4132 ista
652 4077 731 4132 sic
755 4076 871 4132 sine
898 4072 1171 4131 intellectu
1193 4083 1354 4141 sunt,
1379 4074 1503 4145 quid
1529 4090 1597 4131 ex
1626 4073 1710 4129 his
1731 4089 1898 4146 queas
1919 4073 2123 4140 dicere,

525 4170 595 4225 ab
629 4168 715 4226 his
742 4184 863 4241 qua:
889 4184 998 4225 non
1042 4178 1169 4225 sunt
1193 4211 1207 4235 ,
1250 4182 1373 4225 esse
1399 4168 1674 4223 Christum
1704 4180 1823 4234 aut,
1855 4175 1949 4223 aut
1979 4166 2127 4222 siml-

527 4263 598 4319 lis
619 4263 917 4319 substantia
944 4273 1026 4319 est
1070 4261 1359 4318 Christus?
1384 4259 1905 4331 Comprehensibilia
1954 4270 2008 4317 et
2033 4259 2129 4316 de-

526 4355 697 4410 ﬁnita.
728 4355 795 4409 At
820 4369 949 4410 vero
979 4369 1099 4410 esse
1153 4353 1422 4428 ὁμοούσιον
1474 4368 1579 4409 non
1607 4352 1780 4409 solum
1824 4353 2131 4423 incompre-

524 4446 789 4503 hensibile
813 4489 829 4514 ,
882 4458 936 4503 et
962 4447 1123 4503 habet
1146 4446 1601 4504 contradictiones
1628 4447 1845 4502 multas.
1892 4446 1949 4504 Si
1977 4447 2122 4502 enim

2233 3242 2362 3298 ergo
2390 3226 2657 3285 Christus.
2713 3230 2818 3287 Sed
2851 3232 3029 3304 imago
3085 3234 3384 3306 imaginalis
3430 3235 3629 3309 imago
3654 3250 3747 3294 est
3769 3283 3784 3303 ,
3813 3251 3862 3295 et

2231 3320 2374 3391 quod
2406 3321 2691 3391 imaginole
2713 3336 2795 3381 est
2824 3327 3137 3399 principale.
3166 3329 3345 3400 lmago
3370 3344 3557 3388 autem
3590 3336 3858 3399 secunda,

2232 3422 2286 3469 et
2316 3413 2460 3469 aliud
2508 3416 2802 3472 secundum
2833 3420 3188 3477 substantiam
3239 3423 3308 3478 ab
3356 3439 3422 3478 eo
3458 3427 3617 3497 quod
3668 3428 3862 3500 imagi-

2232 3506 2376 3562 nale.
2410 3507 2515 3564 Sed
2567 3526 2671 3565 non
2712 3510 3062 3584 intelligimus
3106 3513 3177 3569 ibi
3229 3516 3521 3584 imaginem
3582 3521 3758 3575 sicuti
3810 3524 3857 3575 iu

2231 3600 2596 3658 sensibilibus.
2629 3602 2725 3659 Hie
2777 3606 2923 3660 enim
2957 3621 3058 3663 nec
3085 3608 3440 3665 substantiam
3474 3612 3854 3686 intelligimus

2230 3693 2518 3766 imaginem
2543 3710 2558 3749 ι
2591 3697 2780 3753 umbra
2803 3699 2948 3755 enim
2992 3702 3236 3772 quaedam
3267 3710 3351 3758 est
3380 3705 3433 3758 in
3463 3720 3605 3760 aere
3630 3749 3645 3770 ,
3676 3719 3781 3762 aut
3804 3713 3852 3761 is

2229 3802 2369 3859 aqua
2415 3798 2512 3859 per
2540 3791 2810 3861 quoddam
2860 3793 3142 3864 corporale
3189 3795 3369 3851 lumen
3411 3801 3742 3868 corporalis
3789 3800 3865 3856 ei-

2230 3880 2466 3938 lluentitc
2498 3898 2595 3955 per
2639 3883 2987 3941 reﬂexionem
3019 3887 3185 3958 tignra
3214 3934 3227 3954 ,
3262 3887 3378 3959 ipsa
3427 3905 3526 3959 per
3562 3905 3757 3948 senuet
3788 3896 3866 3947 ni-

2232 3977 2306 4032 hil
2332 4019 2345 4043 ,
2375 3992 2475 4033 nec
2505 3979 2705 4048 proprii
2737 3987 2915 4034 motus
2934 4022 2949 4048 ,
2979 3980 3279 4051 imaginalis
3300 3982 3478 4037 solum
3506 3985 3860 4049 substantia,

2230 4084 2406 4143 neque
2434 4086 2634 4143 corpus
2657 4115 2670 4139 ,
2705 4087 2882 4145 neque
2907 4088 3123 4130 sensum
3143 4118 3158 4143 ,
3210 4090 3386 4148 neque
3422 4077 3862 4151 intelligentiam

2234 4164 2468 4235 habens,
2502 4176 2557 4223 et
2600 4167 2782 4224 ablato
2808 4178 2900 4224 aut
2936 4170 3151 4225 turbato
3181 4173 3233 4226 in
3260 4186 3368 4243 quo
3393 4171 3703 4243 figuratum
3738 4185 3829 4230 at
3850 4218 3863 4239 ,

2231 4260 2451 4316 omnino
2485 4260 2614 4317 nihil
2644 4274 2695 4318 et
2728 4277 2993 4335 nusquam
3024 4273 3127 4321 est.
3169 4264 3291 4322 Alio
3321 4266 3484 4336 igitur
3509 4269 3693 4324 modo
3724 4271 3859 4325 dici-

2232 4369 2352 4410 mus
2373 4355 2646 4413 Christum
2676 4357 2965 4430 imaginem
2996 4360 3088 4415 Dei
3118 4373 3240 4417 esse
3261 4401 3278 4426 ,
3320 4360 3562 4431 primum
3596 4379 3733 4420 esse
3761 4408 3779 4428 ,
3818 4375 3869 4421 α

2231 4463 2328 4521 per
2356 4460 2529 4507 semet
2575 4466 2733 4519 esse;
2786 4461 2840 4508 ct
2866 4469 2986 4524 qua:
3022 4455 3094 4510 sit
3147 4454 3455 4525 intelligens
3484 4471 3659 4525 esse;
3702 4469 3767 4515 et
3794 4460 3868 4514 \i-

522 4537 790 4613 ὁμοούσιος
831 4548 886 4595 et
937 4540 1052 4610 ipse
1111 4540 1415 4611 ingenitus:
1454 4540 1499 4595 si
1527 4539 1801 4613 ὁμοούσιος
1853 4536 2123 4611 quomodo

2234 4555 2442 4602 ventem
2473 4544 2704 4603 dicimus
2734 4547 3020 4619 imaginem
3045 4592 3060 4616 ,
3098 4559 3153 4606 et
3182 4547 3608 4607 vivciacientem
3631 4594 3649 4622 ,
3680 4563 3749 4610 et
3775 4568 3869 4609 sc-

521 4634 680 4699 altcr,
712 4631 988 4702 quomodo
1017 4630 1152 4688 alios
1180 4641 1354 4705 pater,
1381 4632 1519 4687 alius
1544 4632 1718 4687 ﬁlius?
1748 4631 1803 4689 Si
1833 4631 2121 4705 ὁμοούσιος,

522 4724 794 4793 quomodo
833 4725 972 4780 alius
1004 4739 1195 4795 passus
1238 4732 1321 4780 est
1340 4768 1355 4794 ,
1380 4724 1517 4781 alius
1546 4721 1694 4781 non?
1722 4723 1800 4779 Ex
1845 4724 1951 4780 isto
1980 4723 2123 4778 enim

525 4816 927 4887 Patripassiani.
978 4820 1085 4876 Sed
1132 4822 1387 4892 quoniam
1443 4824 1534 4880 Dei
1584 4824 1857 4882 voluntate
1896 4820 2115 4896 inquirit

522 4909 703 4963 omnia
729 4951 744 4977 ,
776 4919 830 4967 et
859 4927 920 4966 ea
952 4928 1070 4984 qum
1114 4913 1244 4983 Dei,
1293 4915 1527 4987 Spiritus
1567 4918 1658 4991 qui
1691 4920 1742 4975 in
1784 4919 1941 4976 nobis
1971 4918 2125 4975 inha-

524 5001 699 5070 bitat,
734 5003 1036 5062 invenietur
1067 5008 1258 5064 modus
1282 5009 1477 5067 divina:
1520 5013 1919 5083 generationis,
1966 5013 2120 5085 juxta

519 5112 679 5167 quem
700 5105 755 5153 et
769 5097 1042 5173 ὁμοούσιος
1062 5099 1667 5173 unanil‘cstabitur,etilla
1682 5108 2125 5165 exterminabun-

525 5202 610 5249 tur
631 5193 672 5266 (l
692 5194 813 5251 Cor.
844 5209 901 5258 ll,
943 5196 1033 5270 12)
1052 5216 1065 5252 :
1085 5197 1196 5253 Nos
1222 5201 1355 5254 enim
1374 5203 1662 5271 accepimus
1684 5220 1785 5259 non
1818 5205 1999 5259 mundi
2017 5205 2123 5276 spi-

520 5288 714 5356 ritum,
749 5286 841 5344 sed
863 5285 980 5343 Dei.
1009 5289 1162 5359 Quod
1187 5290 1328 5348 idem
1360 5295 1582 5363 Spiritus
1618 5295 1761 5353 Deus
1788 5308 1843 5353 et
1869 5297 2119 5354 Christus

518 5393 625 5451 est,
649 5396 699 5441 et
721 5391 942 5442 sanctus
969 5384 1221 5455 Spiritus,
1264 5394 1319 5443 et
1345 5386 1487 5443 idem
1515 5406 1649 5446 unus
1668 5391 1885 5464 spiritus
1917 5391 1969 5463 (Ι
1992 5392 2111 5449 Ccr.

522 5492 617 5543 xu,
653 5477 805 5551 3-6):
838 5475 1064 5551 Propter
1091 5478 1228 5549 quod
1267 5489 1442 5536 notum
1472 5483 1607 5537 vobis
1638 5485 1772 5556 facio
1794 5526 1810 5553 ,
1837 5485 1977 5556 quod
2007 5486 2121 5541 nul-

521 5568 601 5623 lus
628 5571 681 5624 in
711 5573 894 5637 spiritu
922 5573 1021 5629 Dei
1047 5572 1172 5629 dicit
1195 5617 1210 5642 ,
1238 5575 1511 5631 anathema
1534 5575 1684 5633 Jesu.
1720 5577 1787 5634 Et
1832 5580 2002 5637 nullus
2029 5597 2121 5651 po-

526 5668 624 5716 test
649 5661 817 5720 dicere
830 5664 1107 5723 Dominum
1132 5665 1343 5738 Iesum,
1377 5670 1476 5725 nisi
1506 5670 1765 5743 inSpiritu
1798 5681 1994 5728 sancto.
2026 5673 2124 5729 Di-

526 5754 751 5813 visiones
799 5768 971 5818 autent
1016 5762 1302 5847 gratiarum
1345 5772 1495 5851 sunt,
1529 5766 1662 5845 idem
1691 5774 1858 5824 autem
1880 5767 2123 5845 spiritus:

2230 4655 2354 4696 men
2386 4641 2625 4696 omnium
2655 4655 2776 4712 qua:
2797 4652 2923 4697 sunt
2949 4660 2961 4696 :
2985 4643 3134 4716 λόγος
3156 4642 3295 4699 enim
3325 4656 3420 4715 per
3443 4659 3617 4712 quem
3640 4648 3867 4707 omnia,

2230 4746 2284 4815 et
2305 4736 2420 4791 sine
2449 4736 2553 4791 isto
2580 4737 2732 4792 nihil.
2763 4734 2871 4793 Sed
2904 4737 3007 4793 ista
3038 4737 3217 4793 omnia
3248 4739 3407 4794 etiam
3444 4738 3563 4796 Deo
3588 4744 3871 4799 attributa

2230 4840 2395 4886 sunt:
2428 4844 2556 4899 ergo
2588 4830 2853 4903 ὁμοούσιοι
2901 4830 3040 4887 Deus
3066 4840 3121 4887 et
3147 4832 3318 4909 λόγος.
3351 4833 3415 4888 Ει
3462 4848 3652 4904 quare
3678 4836 3877 4904 imago

2231 4921 2326 4978 Dei
2371 4921 2562 4998 λόγοςῖ
2618 4923 2880 4992 Quoniam
2933 4924 3075 4981 Deus
3127 4925 3182 4980 in
3209 4927 3462 4993 occulto,
3509 4927 3574 4982 in
3611 4930 3877 5000 potentia

2229 5014 2372 5071 enim
2398 5033 2412 5083 ;
2439 5014 2586 5091 λόγος
2635 5025 2810 5071 autem
2860 5015 2913 5071 in
2951 5017 3447 5074 manilesto:actio
3473 5020 3633 5075 enim
3692 5038 3716 5088 ;
3752 5038 3881 5093 qm:

2230 5108 2372 5164 actio
2404 5108 2610 5166 habens
2640 5110 2823 5165 omnia
2852 5123 2974 5180 qua:
3000 5117 3126 5164 sunt
3172 5112 3225 5164 in
3274 5110 3513 5182 potentia
3541 5154 3561 5181 ,
3617 5115 3751 5169 vita
3778 5158 3795 5179 ,
3826 5124 3882 5169 et

2227 5203 2613 5275 cognoscentis
2641 5201 2938 5259 secundum
2969 5211 3177 5258 motum
3217 5202 3461 5273 producit
3490 5213 3554 5260 et
3589 5205 3877 5263 manifes-

2225 5304 2303 5351 tat
2336 5298 2518 5351 omnia
2544 5314 2556 5349 :
2591 5303 2810 5367 propter
2830 5294 2972 5367 quod
3001 5293 3185 5351 omnia
3213 5311 3334 5367 qua:
3353 5304 3481 5350 sunt
3504 5295 3567 5352 in
3606 5298 3877 5367 potentia

2227 5390 2403 5460 imago
2431 5397 2513 5445 est
2562 5388 2734 5456 actio,
2768 5387 3054 5459 unicuique
3096 5401 3285 5443 eorum
3325 5402 3447 5459 qua:
3489 5386 3551 5444 in
3606 5390 3879 5459 polentia

2230 5494 2357 5540 sunt
2383 5484 2622 5556 speciem
2667 5483 2952 5555 perliciens
2975 5523 2991 5549 ,
3022 5491 3079 5537 et
3130 5481 3366 5538 existens
3414 5497 3510 5552 per
3541 5492 3741 5539 semet
3766 5528 3787 5549 ,
3846 5497 3879 5534 ι

2235 5574 2402 5633 nihilo
2432 5577 2577 5634 enim
2618 5576 2767 5631 nulla
2796 5575 3119 5632 substantia.
3153 5573 3327 5631 Omne
3354 5573 3499 5630 enim
3548 5590 3683 5631 esse
3719 5577 3879 5630 insc—

2236 5671 2531 5742 parabilem
2558 5671 2793 5742 speciem
2819 5669 2979 5727 habet
3004 5685 3017 5737 ;
3056 5669 3227 5741 magis
3252 5677 3429 5725 autem
3459 5669 3587 5740 ipsa
3611 5670 3875 5742 species,

2243 5765 2361 5844 ipsa
2413 5763 2714 5846 substantia
2735 5776 2854 5824 esu
2888 5777 2995 5832 non
3021 5763 3163 5841 quod
3191 5762 3338 5840 prius
3390 5761 3463 5822 sit
3488 5761 3562 5823 ab
3607 5778 3676 5823 eo
3710 5762 3874 5839 quod
