4018 6184
276 332 412 407 mss

1454 332 1823 391 ADVERSUS
1861 330 2079 392 ARIUM
2121 333 2325 391 LIBER
2366 336 2403 390 I.

3440 331 3575 391 10³34

270 460 352 507 εει
378 465 501 507 εεεε
526 454 735 522 species
758 494 772 516 ,
813 453 906 509 sed
935 453 1079 525 quod
1106 453 1382 509 deﬁnitum
1416 453 1542 509 facit
1567 456 1777 525 species
1806 453 1869 509 il-
1894 455 1945 516 Α
1972 454 2101 526 quid
2127 456 2248 512 est?
2274 464 2329 511 et
2357 454 2483 527 quid
2522 463 2603 509 est
2648 453 2716 508 ad
2762 452 3032 508 nostram?
3072 451 3272 507 Dcilttie
3320 451 3422 506 hoc
3448 450 3576 520 quid

272 545 361 600 iud
386 586 401 610 ,
431 544 573 615 quod
599 554 682 600 est
711 560 832 601 esse
880 546 1110 616 species.
1141 546 1351 602 Etenim
1401 546 1544 618 quod
1576 554 1660 603 est
1709 561 1829 601 esse
1852 587 1868 613 ,

259 652 434 694 causa
460 646 544 693 est
597 639 795 709 speciei
827 654 950 695 esse
976 639 1028 694 in
1057 654 1124 696 eo
1148 682 1163 705 ,
1192 639 1337 711 quod
1365 648 1487 695 esse
1516 646 1619 695 est.
1653 639 1717 695 Et
1749 639 1872 694 ideo

272 730 416 803 quod
482 739 566 787 est
615 746 772 798 esse,
826 742 982 802 pater
1032 743 1135 788 est.
1202 732 1355 801 Quod
1404 734 1652 802 species,
1706 730 1867 788 ﬁlius.

273 824 482 880 Rursus
510 824 653 895 quod
699 824 872 896 ipsum
923 825 1068 896 quod
1095 837 1177 881 est
1228 841 1380 892 esse,
1410 836 1626 896 prmslat
1670 825 1872 896 speciei

274 917 446 990 ipsum
476 917 618 988 quod
647 926 914 974 estesse:
939 934 1061 975 esse
1088 927 1268 975 autem
1311 919 1552 991 speciei,
1585 920 1760 991 imago
1788 927 1873 975 est

275 1011 391 1082 ejus
411 1011 652 1081 quodest
675 1024 818 1067 esse.
850 1010 1003 1078 Quod
1030 1020 1116 1067 est
1154 1011 1307 1082 juxta
1324 1026 1540 1067 causam
1568 1029 1581 1065 :
1630 1012 1871 1066 Primum

275 1102 415 1175 quod
446 1110 530 1158 est
554 1118 675 1159 esse
722 1104 986 1179 ὁμοούσιον
1009 1145 1026 1172 ,
1070 1120 1198 1175 ergo
1224 1120 1345 1160 esse
1382 1106 1512 1176 ipsis
1543 1104 1752 1160 duobus
1771 1145 1786 1170 ,
1819 1111 1875 1159 et

274 1194 569 1251 secundum
606 1210 728 1251 esse
776 1197 952 1267 imago
981 1203 1065 1251 est
1094 1197 1249 1267 primi
1279 1211 1401 1252 esse
1443 1197 1557 1252 sine
1589 1206 1830 1266 tempore
1857 1214 1872 1253 :

277 1288 506 1358 primum
541 1296 595 1343 et
621 1289 918 1345 secundum
944 1289 1067 1345 dico
1092 1289 1249 1360 juxta
1300 1304 1542 1345 causam.
1576 1290 1732 1345 Aliud
1764 1290 1872 1347 alio

275 1381 341 1437 ad
364 1382 539 1452 ipsum
560 1382 703 1454 quod
718 1393 801 1439 est
821 1398 943 1440 esse
966 1391 1118 1454 pater
1137 1394 1191 1439 et
1209 1384 1371 1439 filius.
1391 1384 1543 1452 Quod
1564 1394 1741 1441 autem
1764 1399 1872 1440 non

274 1482 575 1532 retrorsum
616 1492 813 1543 causa.
865 1478 1070 1533 idcirco
1100 1486 1256 1550 pater
1311 1485 1464 1548 pater
1486 1521 1500 1544 ,
1557 1489 1610 1534 et
1641 1476 1780 1533 ﬁlius
1812 1477 1876 1532 ﬁ-

273 1567 399 1625 lius.
431 1568 489 1625 in
518 1585 586 1627 eo
610 1580 787 1627 autem
818 1572 961 1642 quod
989 1585 1110 1628 esse
1138 1581 1260 1637 est,
1314 1572 1474 1627 ambo
1503 1572 1661 1629 simul
1706 1580 1832 1627 sont
1853 1613 1870 1639 ,

271 1671 327 1718 et
355 1676 574 1734 semper
605 1665 766 1721 ambo
789 1708 803 1729 ,
837 1665 1108 1741 innodato»
1127 1667 1278 1737 juxta
1305 1667 1447 1738 quod
1478 1676 1561 1723 est
1595 1682 1716 1724 esse
1741 1708 1755 1733 ,
1788 1683 1875 1724 se-

1975 557 2091 611 est;
2122 556 2170 604 et
2210 554 2366 624 juxta
2393 549 2817 605 similitudinem:
2862 549 2940 604 sic
2970 549 3112 603 enim
3145 548 3344 602 dictum
3365 588 3380 613 ,
3426 545 3579 602 diﬁ'e—

1975 640 2201 697 renliam
2226 638 2491 710 signiﬁcat
2521 649 2576 696 et
2618 640 2868 710 imaginis
2894 648 2947 694 et
2993 638 3382 695 similitmiinis.
3419 637 3579 693 Multa

1973 745 2095 787 cum
2128 732 2201 787 sit
2240 733 2468 803 quaestio
2507 730 2574 788 de
2603 748 2708 802 quo
2734 732 2962 788 dixerit:
3009 730 3285 785 Faciamus
3325 731 3578 785 hominem

1964 823 2122 894 juxta
2170 824 2442 894 imaginem
2492 833 2750 892 nostram,
2802 823 3210 879 CunCCtiettdtlm
3247 836 3386 877 nunc
3433 820 3578 892 qmd

1974 916 2041 972 de
2070 914 2251 970 anima
2300 914 2533 971 hominis
2554 959 2568 982 ,
2612 916 2727 972 sive
2752 916 2818 970 de
2848 915 3108 971 ambobus
3130 956 3146 981 ,
3192 913 3307 969 sive
3337 912 3479 969 enim
3509 913 3576 969 de

1973 1008 2086 1065 sola
2117 1006 2292 1063 anima
2320 1050 2334 1075 ,
2386 1006 2521 1063 nihil
2550 1008 2693 1063 aliud
2743 1007 3083 1078 intelligitur,
3115 1006 3218 1062 nisi
3259 1006 3325 1062 de
3365 1006 3576 1064 anima:

1975 1101 2089 1171 ipsa
2117 1101 2259 1157 enim
2307 1101 2420 1156 sola
2449 1111 2532 1156 est
2554 1101 2704 1172 juxta
2737 1100 3024 1171 imaginem
3072 1100 3195 1166 Itei,
3229 1107 3283 1156 et
3321 1099 3471 1171 juxta
3501 1098 3577 1152 si.

1977 1194 2359 1251 militudinem.
2390 1193 2682 1265 Imaginem
2715 1194 2946 1250 dicimus
2969 1210 3089 1249 esse
3123 1193 3218 1249 Dei
3262 1193 3572 1258 Christum,

1975 1290 2152 1361 ipsum
2199 1299 2378 1344 autem
2409 1288 2573 1363 λόγον.
2607 1288 2768 1344 Juxta
2815 1287 3102 1359 imaginem
3152 1302 3283 1357 ergo
3316 1286 3408 1342 liei
3456 1285 3575 1340 ani-

1976 1396 2123 1437 mum
2153 1380 2413 1447 dicimus,
2444 1379 2761 1435 rationalem
2806 1380 3067 1435 dicentes.
3115 1378 3232 1434 Non
3261 1378 3405 1434 enim
3434 1379 3579 1453 λόγος

1977 1475 2183 1540 anima,
2218 1474 2314 1530 sed
2341 1473 2652 1530 rationalis:
2697 1484 2751 1529 et
2781 1474 2923 1543 quod
2965 1482 3134 1529 totum
3165 1472 3271 1528 tita
3296 1470 3574 1527 Christus:

1977 1567 2155 1623 anima
2196 1578 2374 1622 autem
2424 1565 2585 1635 vivit,
2635 1566 2775 1637 quod
2832 1565 2938 1621 vita
2984 1565 3337 1621 substantiam
3391 1563 3574 1619 habet.

1975 1661 2129 1717 Juxta
2180 1659 2470 1730 imaginem
2512 1674 2641 1730 ergo
2700 1658 2793 1713 iici
2845 1658 3059 1714 anima:
3105 1656 3354 1713 Christus
3399 1666 3577 1711 autem

269 1754 507 1809 cundum
538 1765 719 1811 autem
746 1758 889 1827 quod
937 1767 1021 1813 est
1050 1760 1286 1827 potentia
1315 1768 1370 1814 et
1404 1758 1649 1825 actione,
1686 1768 1877 1830 poten-
1981 1755 2096 1810 Dei.
2128 1754 2264 1822 Quid
2296 1760 2475 1810 autem
2519 1752 2875 1823 intelligimus
2923 1751 3025 1807 hoc
3046 1793 3062 1817 ,
3100 1753 3256 1825 juxta
3282 1750 3573 1805 similitudi-

268 1847 344 1902 tia
387 1858 562 1917 pater,
609 1851 822 1905 actione
872 1851 1033 1906 filius.
1064 1852 1230 1909 Natus
1257 1853 1418 1921 igitur
1445 1854 1587 1908 ﬁlius
1608 1898 1622 1920 ,
1667 1853 1871 1910 habt-ns
1903 1846 1951 1905 B
1979 1848 2137 1902 nem?
2164 1845 2626 1914 Quemadmodum
2655 1846 2803 1920 λόγος
2826 1843 3123 1899 substantia
3151 1852 3267 1909 εει,
3303 1841 3462 1897 sicuti
3489 1840 3582 1897 de-

268 1939 321 1994 in
346 1939 561 1996 actione
607 1950 663 1996 et
716 1943 1084 2012 potentialiter
1130 1958 1253 2001 esse
1277 1987 1291 2008 ,
1323 1946 1477 2000 sicuti
1510 1946 1870 2014 potentialiter

269 2044 393 2087 esse
423 2031 586 2087 habet
609 2033 783 2102 ipsum
811 2034 1081 2090 actionetn
1106 2050 1231 2093 esse
1279 2038 1331 2091 in
1370 2039 1662 2107 semetipso
1682 2083 1695 2099 .
1725 2040 1870 2110 quod

270 2130 353 2177 est
377 2124 736 2191 putentiallter
758 2139 898 2183 esse.
930 2125 1111 2195 Ipsum
1134 2137 1313 2185 autem
1343 2128 1540 2195 habet,
1573 2132 1868 2186 secundum

270 2214 603 2271 intellectum
630 2218 858 2287 accipite
877 2260 893 2281 ,
922 2236 1028 2275 non
1056 2222 1198 2276 enim
1229 2220 1420 2290 habet,
1448 2223 1544 2279 sed
1569 2224 1739 2295 ipsum
1764 2233 1863 2282 est.

262 2306 550 2377 Simplicia
578 2310 723 2364 enim
752 2311 823 2366 ibi
847 2312 1048 2368 omnia.
1079 2315 1186 2370 Sed
1214 2314 1325 2370 dixi
1350 2318 1644 2373 secundum
1693 2318 1871 2376 Eran-

266 2400 465 2470 gelium
498 2399 874 2474 (lucramur,
909 2405 1031 2480 i5):
1065 2424 1392 2480 quarcumque
1418 2412 1565 2467 habit
1592 2420 1756 2484 pater,
1784 2433 1870 2470 ea-

266 2496 381 2551 dem
414 2496 565 2551 liabet
590 2498 754 2567 filius.
802 2499 1108 2557 Secundum
1158 2505 1311 2558 istam
1342 2507 1601 2561 rationem
1631 2517 1683 2563 et
1717 2518 1869 2579 pater

264 2588 319 2644 in
346 2588 454 2645 ﬁlio
478 2598 563 2645 est
584 2636 600 2657 ,
629 2599 685 2646 et
714 2592 853 2648 ﬁlius
891 2594 942 2649 in
972 2604 1124 2665 patre
1148 2637 1162 2661 ,
1195 2607 1247 2652 et
1291 2598 1558 2671 ὁμοούσιον
1586 2600 1746 2656 ambo
1765 2642 1780 2667 ,
1814 2610 1871 2658 et

262 2681 442 2753 imago
462 2683 601 2739 filius
622 2685 821 2755 patris;
844 2688 1015 2758 ipsum
1039 2691 1181 2744 enim
1197 2704 1317 2746 esse
1336 2690 1565 2746 duorum
1585 2691 1864 2765 ὁμοοόσων.

259 2774 417 2841 Quod
444 2787 621 2832 autem
639 2777 869 2833 alterum
893 2779 961 2834 ab
983 2779 1174 2848 altero,
1201 2782 1485 2852 imaginale
1510 2791 1561 2839 et
1581 2784 1775 2854 imago.
1803 2784 1867 2841 Et

262 2882 451 2924 rursus
475 2910 491 2936 ,
523 2870 667 2942 quod
696 2872 834 2927 alter
861 2872 928 2927 ab
948 2872 1118 2928 altero
1143 2917 1158 2942 ,
1192 2890 1355 2929 unum
1380 2876 1697 2947 ingenitum,
1721 2876 1866 2932 aliud

262 2963 501 3032 genitum
528 2978 542 3027 ;
574 2961 692 3018 sine
715 2968 957 3034 tempore
978 2974 1158 3021 autem
1183 2967 1286 3022 ista
1310 3008 1323 3029 ,
1352 2967 1493 3038 quod
1525 2970 1577 3023 in
1604 2971 1868 3040 principio

262 3055 364 3109 ista
392 3096 405 3119 ,
436 3065 490 3110 ct
518 3056 586 3111 ab
617 3064 822 3112 teterno
855 3059 908 3113 in
934 3068 1215 3115 internum.
1243 3060 1428 3131 Neque
1459 3062 1619 3133 igitur
1641 3065 1729 3135 qui
1773 3063 1870 3119 ho-

266 3146 469 3202 minem
501 3147 686 3202 dicunt
711 3147 985 3206 Christum
1013 3192 1029 3217 ,
1059 3167 1235 3219 neque
1258 3153 1350 3223 qui
1376 3170 1442 3209 ex
1471 3154 1659 3219 nihilo.
1691 3172 1868 3227 neque

1974 1938 2234 1997 claratum
2284 1950 2399 1996 est:
2428 1939 2680 2011 quoniam
2730 1948 2784 1996 et
2830 1941 2976 2015 λόγον
3006 1954 3126 1994 esse
3170 1938 3343 2009 ipsum
3375 1947 3493 2004 est,
3526 1946 3578 1992 ct

1972 2031 2146 2103 ipsum
2178 2029 2321 2102 quod
2365 2044 2520 2096 esse;
2547 2032 2693 2106 λὸιγος
2718 2038 2895 2086 autem
2936 2040 3019 2086 est
3048 2044 3238 2102 agere,
3271 2041 3325 2085 et
3354 2042 3435 2084 εει
3464 2044 3579 2082 mo-

1974 2134 2086 2181 tum
2112 2140 2265 2192 esse,
2296 2134 2350 2181 et
2380 2125 2631 2195 quoniam
2667 2124 2893 2195 simplex
2926 2134 3008 2181 est
3038 2124 3113 2180 ibi
3139 2139 3300 2180 omne
3327 2124 3465 2181 istud
3496 2123 3579 2196 ip-

1972 2232 2092 2274 sum
2120 2233 2241 2274 esse
2270 2225 2324 2272 et
2344 2232 2535 2289 agerc.
2572 2218 2674 2273 hoc
2710 2225 2794 2272 est
2831 2218 2974 2288 quod
3021 2229 3104 2273 est
3133 2232 3254 2273 esse
3279 2260 3293 2285 ,
3327 2218 3467 2289 quod
3497 2228 3581 2274 est

1975 2312 2051 2366 ἱιρὶ
2076 2310 2411 2377 substantia;
2445 2310 2524 2365 sic
2569 2318 2623 2366 et
2650 2311 2828 2366 anima
2870 2324 2976 2380 quo
3008 2310 3186 2365 anima
3217 2322 3329 2377 est,
3365 2311 3464 2366 hoc
3494 2323 3579 2367 est

1971 2405 2114 2477 quod
2143 2416 2224 2462 est
2249 2416 2372 2461 esse
2392 2445 2407 2470 ,
2439 2412 2493 2460 et
2518 2402 2875 2459 substantiam
2914 2418 3068 2469 esse;
3120 2404 3261 2475 quod
3289 2415 3466 2458 autem
3495 2414 3579 2460 est

1971 2513 2000 2553 a
2028 2514 2088 2555 se
2114 2510 2176 2555 se
2204 2512 2427 2554 movens
2448 2538 2462 2565 ,
2492 2496 2668 2568 imago
2696 2505 2779 2552 est
2809 2497 3159 2554 subStantizez
3205 2498 3377 2570 magis
3398 2507 3575 2555 autem

1969 2591 2087 2661 ipsa
2117 2590 2416 2646 substantia
2447 2590 2595 2659 juxta
2625 2588 2862 2661 speciem
2895 2589 3241 2655 substantim,
3272 2599 3328 2646 et
3374 2591 3495 2646 ideo
3522 2591 3576 2647 iu

1971 2683 2285 2741 deﬁnitione.
2328 2683 2523 2738 animae
2569 2699 2691 2738 eum
2748 2682 3010 2748 dicimus,
3067 2682 3193 2753 quid
3225 2694 3305 2739 est
3358 2684 3579 2741 animo?

1972 2777 2187 2849 proprie
2209 2777 2436 2833 dii-intus
2454 2785 2506 2832 et
2531 2777 2980 2843 subslantialiter,
3006 2775 3147 2847 quod
3173 2792 3203 2831 a
3224 2793 3282 2833 se
3305 2791 3571 2833 movetur.

1972 2870 2311 2927 Manifestum
2347 2879 2400 2926 et
2449 2886 2515 2926 ex
2559 2871 2693 2934 isto,
2746 2870 2890 2942 quod
2941 2871 3313 2926 subStaotialis
3362 2872 3572 2942 imago,

1972 2960 2143 3030 magis
2172 2969 2349 3015 autem
2381 2960 2678 3015 substantia
2707 2970 2790 3016 est
2815 2958 3041 3024 animm,
3068 2960 3209 3031 quod
3240 2977 3268 3015 a
3298 2976 3356 3016 se
3395 2976 3576 3018 move-

1975 3065 2079 3109 tur.
2109 3053 2219 3109 Hoc
2263 3063 2441 3110 autem
2474 3063 2557 3110 est
2580 3053 2843 3110 rationale
2867 3054 3015 3124 juxta
3049 3053 3337 3120 imaginem
3371 3062 3462 3111 τοῦ
3493 3055 3577 3111 λο-

1970 3152 2066 3221 γοῡ
2092 3146 2409 3201 rationalem
2437 3160 2579 3201 esse.
2609 3144 2767 3201 Aliud
2810 3144 2972 3216 igitur
2998 3157 3080 3201 εει
3111 3148 3270 3218 juxta
3299 3147 3575 3219 imaginem

264 3240 355 3309 qui
384 3256 446 3294 ex
479 3239 662 3310 aliquo
692 3250 934 3312 tempore
958 3256 1056 3299 nec
1078 3243 1166 3299 alii
1196 3245 1502 3315 hujusmodl
1534 3249 1585 3303 in
1616 3249 1713 3305 ista
1748 3264 1868 3320 per-
1895 3236 1941 3301 C
1974 3252 2126 3305 esse,
2150 3240 2290 3310 quod
2317 3239 2533 3311 quidem
2563 3240 2863 3294 substantia
2892 3251 3012 3304 est;
3041 3240 3186 3295 aliud
3217 3249 3393 3296 autem
3418 3245 3575 3315 juxta

266 3335 547 3404 speetione
578 3335 759 3391 locum
787 3336 1006 3392 habent.

336 3424 757 3485 XX.Videamus
786 3434 962 3485 auiam
986 3434 1041 3487 et
1068 3433 1231 3488 istud.
1260 3434 1398 3490 Dicit
1426 3435 1638 3512 Moyses
1665 3438 1868 3497 dictum

267 3517 360 3574 Dei
384 3517 539 3592 (Gen.
582 3535 621 3576 ι.
648 3519 775 3593 26):
811 3518 1088 3579 Faciamus
1133 3525 1389 3581 hominem
1417 3533 1698 3583 secundum
1738 3530 1869 3585 ima-

261 3613 430 3685 ginem
481 3624 708 3669 nostram
749 3625 796 3669 et
824 3616 1106 3672 secundum
1131 3619 1535 3676 similitudinem.
1569 3620 1710 3678 Deus
1741 3625 1870 3681 dicit

265 3707 368 3761 ista
391 3749 405 3771 ,
435 3704 728 3777 faciamus:
763 3711 1101 3780 cooperatori
1133 3709 1298 3776 dicit,
1334 3712 1639 3770 necessario
1675 3714 1865 3773 Chris-

264 3807 318 3853 to
340 3841 353 3861 ,
387 3810 441 3853 et
490 3798 784 3855 secundum
817 3802 1103 3871 imaginem
1153 3803 1281 3859 dicit
1314 3821 1329 3873 ;
1362 3818 1491 3876 ergo
1550 3802 1713 3862 homo
1758 3820 1865 3864 non

263 3890 440 3962 imago
465 3891 595 3959 Dei,
620 3893 714 3948 sed
743 3893 1042 3950 secundum
1069 3894 1394 3967 imaginem:
1429 3896 1577 3954 solus
1607 3901 1750 3954 enim
1777 3899 1867 3957 .ie-

261 3998 356 4039 sus
400 3984 575 4054 imago
627 3984 758 4052 Dei,
790 3983 954 4040 homo
985 3994 1163 4042 autem
1197 3988 1491 4044 secundum
1540 3990 1827 4059 imaginem
1848 4035 1865 4059 ,

261 4076 367 4133 hoc
395 4086 476 4132 est
506 4119 520 4141 ,
551 4077 728 4150 imago
756 4078 1026 4149 imaginis.
1069 4079 1176 4135 Sed
1204 4081 1335 4138 dicit
1371 4082 1650 4137 secundum
1680 4085 1866 4156 imagi-

260 4187 378 4226 nem
408 4172 658 4226 nostrani.
714 4170 859 4245 Ergo
883 4181 939 4228 et
985 4180 1138 4243 pater
1184 4183 1236 4229 et
1264 4173 1408 4231 ﬁlius
1438 4176 1614 4247 imago
1651 4192 1774 4232 una.
1808 4177 1867 4235 Si

264 4263 444 4335 imago
475 4264 644 4333 patris
670 4263 812 4321 ﬁlius
841 4274 923 4320 est
949 4306 964 4331 ,
987 4274 1043 4322 et
1072 4266 1188 4338 ipsa
1213 4267 1395 4339 imago
1426 4279 1597 4340 pater,
1630 4271 1862 4344 imagine

260 4371 390 4427 ergo
412 4354 697 4430 ὁμοοῦσιοι.
729 4356 846 4428 ipsa
870 4359 1010 4413 enim
1035 4359 1214 4430 imago
1239 4361 1532 4418 substantia
1562 4376 1673 4421 est:
1701 4382 1865 4424 unum

258 4448 405 4503 enim
437 4458 520 4504 est
544 4459 598 4504 et
628 4449 858 4520 simplex
879 4458 946 4515 et
974 4451 1045 4506 ibi
1066 4466 1187 4507 esse
1214 4461 1269 4509 et
1302 4456 1515 4525 operari
1542 4476 1555 4511 :
1584 4458 1655 4513 ita
1686 4472 1864 4518 autem

258 4549 386 4595 sunt
416 4548 471 4595 et
500 4541 799 4596 substantia
833 4549 889 4597 et
928 4542 1159 4613 Species.
1192 4543 1500 4602 Substautia
1533 4559 1708 4605 autem
1739 4562 1861 4609 cum

1970 3335 2355 3390 similitudinem
2395 3349 2535 3399 esse,
2568 3334 2708 3403 quod
2740 3349 2845 3388 non
2873 3342 2955 3389 cst
3002 3334 3304 3390 substantia
3332 3377 3347 3401 ,
3391 3334 3485 3391 sed
3519 3335 3571 3389 in

1970 3426 2268 3484 substantia
2301 3442 2496 3482 nomen
2526 3425 2799 3496 qualitatis
2828 3426 3233 3481 declat-olivum.
3277 3426 3383 3497 sed
3416 3427 3576 3481 sicuti

1974 3520 2138 3575 Deutn
2158 3562 2172 3585 ,
2196 3518 2275 3573 sic
2302 3527 2357 3573 et
2382 3517 2673 3588 imaginem
2699 3561 2712 3581 ,
2740 3519 2840 3572 hoc
2868 3527 2951 3572 est
2970 3559 2986 3581 ,
3017 3516 3290 3571 Christum
3319 3518 3572 3572 substan-

1972 3614 2098 3668 tiam
2126 3611 2471 3682 accepimus:
2499 3611 2885 3683 perfectionem
2914 3618 3093 3665 autem
3120 3610 3275 3681 juxta
3315 3610 3472 3680 quale
3502 3610 3576 3665 si-

1967 3703 2331 3775 gnificativum
2365 3700 2739 3771 intelligimus.
2771 3701 2838 3755 Et
2868 3701 2915 3756 si
2953 3701 3133 3758 simile
3171 3702 3325 3772 quale
3370 3700 3573 3772 signiti-

1969 3808 2055 3853 eat
2080 3794 2409 3860 necessario,
2440 3794 2710 3865 quomodo
2731 3794 2962 3851 dicimus
2987 3794 3221 3849 animum
3255 3794 3570 3849 tationuiem

1969 3904 2118 3951 esse,
2150 3899 2203 3944 et
2231 3887 2465 3958 perfecte
2494 3886 2810 3942 rationalem
2833 3888 2982 3957 juxta
3012 3886 3419 3943 similitmliuem
3454 3903 3574 3957 per-

1969 3981 2220 4039 fectionis
2263 3981 2317 4037 in
2376 3978 2525 4037 Deo?
2552 3980 2840 4051 perfectam
2880 3996 2999 4037 esse
3038 3979 3264 4035 dicimus
3300 3980 3569 4049 animam,

1960 4079 2115 4149 juxta
2143 4078 2451 4149 imaginem,
2480 4090 2611 4148 ergo
2643 4091 2783 4131 nunc
2810 4086 2864 4131 et
2895 4076 2947 4130 in
2979 4074 3216 4141 mundo;
3244 4078 3403 4148 juxta
3431 4075 3575 4128 simi-

1970 4168 2239 4225 litudinem
2290 4176 2467 4225 autem
2500 4178 2687 4240 postea
2737 4168 2840 4223 [ide
2897 4167 2950 4223 in
3003 4167 3166 4223 Deum
3198 4176 3253 4222 et
3303 4167 3356 4221 in
3387 4165 3570 4223 Jesnm

1968 4261 2275 4330 Christum,
2308 4261 2481 4333 qualis
2501 4270 2646 4317 esset
2667 4262 2839 4316 futura
2870 4260 2917 4316 si
2944 4259 3113 4316 Adam
3138 4276 3241 4315 non
3271 4269 3573 4331 peccasset.

1969 4354 2027 4410 in
2059 4370 2167 4426 quo
2211 4356 2374 4428 igitur
2400 4356 2682 4412 rationalis
2711 4364 2826 4423 est,
2858 4355 2922 4409 ad
2955 4354 3217 4410 rationem
3254 4355 3411 4425 juxta
3444 4355 3575 4408 ima-

1968 4448 2135 4517 ginem
2156 4457 2269 4514 cst;
2301 4449 2355 4504 in
2386 4463 2492 4518 quo
2514 4447 2689 4503 futura
2722 4446 2957 4517 perfecta
2985 4456 3097 4513 est,
3124 4446 3405 4500 secundum
3429 4446 3573 4497 simi-

1970 4541 2257 4598 litudinem.
2311 4542 2471 4598 Aliud
2499 4540 2664 4612 igitur
2691 4548 2803 4605 est,
2839 4539 3125 4611 imaginem
3155 4554 3275 4595 esse
3297 4582 3310 4603 ,
3344 4550 3397 4593 et
3426 4536 3570 4593 aliud

259 4631 333 4686 sit
378 4630 574 4703 imago,
605 4632 873 4706 ὃμοούσιοι
923 4642 1074 4704 pater
1100 4644 1154 4691 et
1185 4635 1346 4703 ﬁlius,
1399 4646 1550 4709 patre
1596 4644 1862 4701 exis-teme
1891 4617 1941 4679 Ῐ)
1964 4634 2113 4705 juxta
2143 4636 2431 4706 imaginem
2452 4678 2467 4702 ,
2498 4643 2553 4691 et
2580 4634 2750 4707 magis
2783 4633 2924 4690 aliud
2953 4634 3105 4704 juxta
3137 4630 3570 4688 similitudinem.

258 4724 556 4780 secundum
583 4726 726 4796 quod
756 4735 840 4781 est
868 4741 1019 4793 esse,
1050 4715 1211 4785 etiam
1244 4731 1384 4801 quod
1409 4743 1492 4788 εει
1521 4748 1713 4805 agere:
1753 4735 1863 4792 ﬁlio

259 4826 440 4871 autem
487 4818 750 4875 existente
799 4819 1097 4876 secundum
1124 4820 1265 4889 quod
1317 4833 1399 4880 est
1446 4840 1646 4897 agere.
1698 4828 1860 4884 etiam

258 4905 403 4970 quod
429 4917 512 4963 est
541 4924 662 4966 esse
686 4952 702 4978 ,
732 4927 1054 4983 unoquoque
1082 4911 1315 4971 habente
1343 4915 1394 4970 id
1421 4917 1561 4988 quod
1594 4918 1684 4985 sit,
1711 4920 1866 4990 juxta

256 4999 403 5066 quod
432 5000 663 5056 maxime
688 5010 800 5070 est,
831 5002 1103 5075 antiquius
1128 5004 1397 5062 existente
1430 5008 1570 5077 quod
1596 5018 1680 5065 est
1699 5026 1821 5067 esse
1844 5055 1860 5078 ,

258 5091 331 5147 ab
351 5106 418 5147 eo
442 5092 582 5164 quod
609 5104 693 5150 est
731 5112 911 5168 agere.
949 5098 1108 5154 Pater
1132 5109 1310 5155 autem
1341 5101 1480 5171 quod
1504 5110 1587 5158 est
1620 5119 1740 5160 esse
1763 5147 1779 5174 ,
1811 5117 1867 5163 et

256 5183 497 5240 maxime
529 5194 680 5254 pater
708 5187 881 5255 ipsum
909 5189 1052 5260 quod
1083 5200 1167 5247 est
1191 5206 1313 5247 esse
1333 5234 1347 5257 ,
1376 5192 1462 5248 cui
1513 5193 1652 5252 inest
1691 5206 1743 5252 et
1772 5212 1864 5253 ac-

257 5277 339 5331 tio
365 5278 747 5347 potentialiter.
778 5282 840 5336 Et
884 5299 1070 5339 rursus
1098 5293 1156 5340 ut
1178 5285 1397 5355 juniore
1424 5287 1689 5345 existente
1719 5291 1864 5362 quod

256 5379 344 5426 est
363 5385 525 5441 agere
582 5370 722 5428 ﬁlius
743 5415 758 5440 ,
791 5382 847 5430 ut
869 5374 1054 5445 juuiur
1082 5378 1150 5432 ab
1177 5393 1244 5434 eo
1284 5379 1430 5450 quod
1476 5389 1560 5436 est
1586 5396 1736 5447 esse,
1768 5383 1865 5438 ha-

255 5461 395 5517 bens
444 5462 612 5517 lilium
643 5463 697 5518 in
728 5480 795 5519 eo
840 5467 980 5536 quod
1012 5475 1095 5523 est
1138 5484 1298 5540 agere
1320 5485 1351 5524 a
1392 5471 1566 5541 primo
1591 5474 1735 5545 quod
1781 5484 1866 5532 est

256 5569 401 5611 esse.
436 5553 663 5626 Propter
685 5559 828 5627 quod
861 5573 998 5613 unus
1022 5568 1174 5630 pater
1215 5562 1365 5631 juxta
1397 5565 1541 5636 quod
1573 5577 1655 5622 est
1699 5582 1821 5623 esse
1846 5612 1861 5637 ,

257 5663 400 5704 unus
431 5648 570 5704 filius
587 5649 738 5721 juxta
770 5650 911 5720 quod
941 5666 1130 5723 agere,
1178 5664 1407 5728 uterque
1434 5656 1594 5714 simul
1621 5660 1863 5718 existens

258 5742 315 5799 in
346 5748 594 5811 utroque,
636 5740 775 5799 sicut
802 5742 1226 5801 demonstratum
1266 5759 1387 5805 est:
1416 5752 1681 5825 ὁμοούσιοι
1708 5769 1855 5827 ergo.

260 5834 515 5921 Dicamus
540 5849 701 5915 ergo:
748 5833 1030 5899 Faciamus
1071 5839 1361 5918 hominm,
1391 5854 1439 5905 et
1481 5844 1550 5911 ad
1585 5846 1861 5925 imaginem

1965 4728 2095 4797 Quae
2125 4729 2287 4801 igitur
2315 4728 2645 4800 blasphemia
2666 4771 2680 4794 ,
2726 4729 2989 4801 ὅμοούσιον
3022 4726 3128 4782 dici
3157 4727 3364 4782 Patrem
3403 4735 3454 4780 et
3484 4725 3570 4780 Fi-

1967 4823 2131 4879 lium:
2162 4838 2282 4878 cum
2314 4822 2489 4893 imago
2519 4822 2586 4877 sit
2630 4821 2797 4876 Filius
2822 4822 2976 4890 juxta
3022 4819 3375 4876 substantiam
3398 4860 3413 4888 ,
3461 4836 3567 4874 non

1962 4915 2115 4987 juxta
2139 4914 2543 4970 similitudinem
2562 4914 2584 4969 ?
2606 4914 2711 4970 Sed
2745 4928 2884 4969 nunc
2913 4912 3010 4969 sic.

2041 5006 2182 5063 XXI.
2216 5009 2413 5061 Eamus
2450 5022 2579 5062 vero
2609 5006 2675 5060 ad
2725 5005 2850 5060 alia.
2879 5005 3030 5074 Quod
3072 5006 3123 5060 in
3158 5003 3377 5061 Christo
3414 5018 3568 5060 crea-

1975 5108 2114 5166 tura,
2148 5098 2242 5154 sed
2269 5113 2372 5153 non
2401 5113 2525 5152 una.
2551 5097 2687 5155 Sunt
2710 5098 2853 5153 enim
2876 5105 3136 5155 creatura:
3161 5110 3301 5153 tres:
3324 5113 3428 5152 uua
3450 5097 3567 5167 qui-

1972 5193 2096 5250 dem
2133 5208 2254 5248 cum
2280 5205 2465 5247 creata
2489 5203 2617 5247 sunt
2645 5192 2825 5247 omnia
2868 5208 2965 5263 per
2991 5191 3299 5259 Christum;
3330 5189 3567 5246 secunda

1971 5298 2217 5341 creatura
2266 5296 2447 5341 nostra
2493 5286 2545 5341 in
2592 5284 2809 5342 Christo
2858 5285 3155 5343 secundum
3206 5285 3563 5353 baptismum,

1969 5378 2065 5433 sed
2115 5379 2168 5433 in
2216 5377 2464 5444 Christo,
2500 5389 2552 5435 et
2596 5365 2705 5434 alia
2753 5379 2805 5434 in
2843 5378 3060 5434 Christo
3087 5376 3437 5433 commutatio
3488 5375 3563 5429 lit.

1972 5469 2125 5527 Unde
2155 5469 2227 5546 (li
2253 5470 2373 5527 Cor.
2402 5487 2460 5536 v,
2492 5472 2582 5545 i7)
2611 5473 2656 5527 si
2682 5488 2781 5541 qua
2819 5473 2870 5526 in
2899 5471 3101 5525 Christo
3143 5484 3271 5522 nova
3302 5478 3565 5535 creatura,

1969 5564 2167 5621 dictum
2197 5579 2280 5622 est
2310 5584 2323 5621 :
2352 5566 2505 5635 Quod
2538 5577 2824 5635 antequam
2863 5573 3004 5620 esset
3035 5562 3282 5617 Christus
3330 5562 3380 5616 in
3405 5576 3570 5618 carne

1968 5659 2131 5728 (Ibid.
2157 5659 2254 5733 2|)
2280 5676 2293 5713 :
2330 5660 2431 5728 Qui
2456 5670 2717 5732 peccatum
2744 5675 2844 5713 non
2874 5663 3114 5717 noverat,
3154 5670 3247 5724 pro
3268 5655 3414 5708 nobis
3442 5669 3562 5720 pec-

1967 5762 2142 5810 eatum
2170 5754 2311 5827 fecit.
2333 5752 2488 5821 Quod
2533 5752 2634 5808 fuit
2665 5763 2875 5822 tempus
2923 5750 2975 5803 in
3025 5761 3133 5819 quo
3155 5755 3430 5819 peccatmn
3461 5760 3566 5829 non

1969 5847 2236 5915 noverat?
2280 5852 2585 5925 Antequam
2625 5856 2772 5909 esset
2814 5845 2870 5907 in
2911 5857 3110 5917 carne,
3160 5840 3227 5905 ad
3272 5838 3567 5923 Ephesios.
