4018 6184
572 268 714 329 1055

1814 269 2007 327 MAR"
2048 265 2389 327 VICTORINI
2429 272 2589 328 AFlll
3648 287 3740 343 ωδε

570 392 727 463 Quod
759 401 1042 464 antequam
1087 400 1231 448 esset
1271 392 1522 449 Christus
1551 393 1602 448 in
1633 407 1799 449 carne
1848 390 1868 465 (
1893 391 2081 464 Ephes.
2111 406 2130 445 ι
2149 431 2163 455 .
2193 389 2249 450 Α
2271 393 2402 446 servi
2428 392 2700 463 accipiens.
2730 391 2999 466 Numquid
3030 397 3175 452 enim
3202 395 3419 453 formam
3445 399 3588 456 solum
3606 409 3746 475 accepit

544 488 631 561 ,5,
658 484 735 559 4)
780 503 794 539 :
840 483 1148 541 Benedictus
1173 485 1336 542 Pater
1362 485 1572 541 Domini
1601 486 1764 541 nostri
1788 485 1916 540 Jesu
1945 483 2167 551 Christi,

575 578 663 648 qui
690 577 947 634 benedixit
977 595 1069 634 nos
1095 582 1147 634 in
1177 580 1316 635 omni
1349 580 1698 635 benedictione
1725 578 1948 648 spiritali
1985 579 2037 632 in
2063 593 2166 632 cae-

573 669 802 736 lestibus,
832 671 887 726 in
915 672 1118 727 Christo
1144 672 1294 737 .Iesu,
1325 673 1606 728 secundum
1628 673 1764 744 quod
1790 673 2049 744 prwelegit
2077 687 2171 726 nos

572 776 692 821 ante
716 767 1128 822 constitutionem
1174 768 1371 822 mundi.
1402 766 1557 836 Quod
1592 766 1692 822 fuit
1722 764 1972 822 Christus
2014 774 2170 821 ante-

573 872 734 929 quam
766 869 910 915 esset
942 861 993 915 in
1025 875 1189 918 carne
1217 861 1441 935 (Ephes.
1474 878 1544 927 ιι,
1578 860 1667 934 12)
1701 880 1714 917 :
1752 860 2007 929 Quoniam
2050 865 2167 933 fue-

573 951 702 1006 ratis
729 949 823 1006 illo
871 961 1098 1025 tempore
1124 954 1236 1008 sine
1262 951 1490 1021 Christo,
1520 953 1797 1008 abalienati
1826 969 1857 1007 a
1886 968 2173 1008 canversa—

573 1045 712 1099 tione
740 1043 927 1101 Israel.
959 1046 1114 1116 Quod
1146 1048 1286 1103 Deus
1314 1045 1567 1103 Christus
1608 1044 1801 1120 (lbid.)
1841 1064 1852 1099 :
1886 1047 2044 1117 Spem
2070 1062 2172 1101 non
2215 1045 2218 1049 ’

574 1139 852 1207 habentes,
889 1150 937 1195 et
980 1142 1090 1196 sine
1118 1140 1248 1196 Deo.
1283 1142 1396 1197 lloc
1418 1150 1537 1207 est,
1573 1142 1692 1196 sine
1734 1140 1971 1196 Christo.
2017 1138 2171 1208 Quod

554 1214 801 1303 spiritus
829 1241 916 1287 est
958 1234 1049 1304 qui
1097 1234 1278 1288 omnia
1330 1232 1552 1304 colligat
1580 1231 1797 1303 (Ephes.
1842 1248 1915 1296 tv,
1948 1234 2019 1296 5,
2069 1231 2169 1301 6);

576 1323 850 1396 Cupientes
891 1327 1153 1381 custodire
1197 1328 1446 1381 unitatem
1494 1326 1706 1397 spiritus
1750 1327 1803 1379 in
1844 1325 2174 1394 colligatione

578 1419 740 1490 pacis.
776 1418 951 1474 Unum
975 1436 1184 1489 corpus,
1216 1430 1264 1475 et
1295 1438 1427 1475 unus
1455 1422 1688 1491 spiritus.
1724 1418 1869 1475 Unus
1896 1419 2169 1486 Dominus,

554 1526 680 1589 una
703 1510 866 1580 ﬁdes,
900 1528 1059 1566 unum
1097 1512 1373 1584 baptisma.
1410 1512 1557 1569 Unus
1581 1512 1756 1578 Deus,
1787 1523 1835 1568 et
1874 1522 2019 1584 pater
2063 1529 2172 1567 om-

575 1603 741 1666 nium,
769 1605 861 1673 qui
879 1604 933 1659 in
953 1606 1208 1668 omnibus,
1241 1616 1287 1661 et
1315 1623 1406 1676 per
1430 1607 1626 1671 omnia,
1656 1615 1700 1661 et
1726 1607 1780 1661 in
1807 1606 2062 1661 omnibus.
2091 1605 2173 1660 Ad

581 1692 803 1751 Galatas
866 1696 1009 1767 quod
1058 1694 1306 1752 Christus
1356 1698 1499 1753 Deus
1542 1697 1684 1771 (Gal.
1736 1714 1785 1760 ι,
1822 1697 1919 1771 1);
1976 1696 2174 1752 Paulus

2277 482 2534 546 hominis”,
2559 499 2668 539 non
2708 493 2765 541 et
2810 486 3169 543 substantiam
3221 488 3469 545 hominis?
3495 491 3633 548 Induit
3651 496 3746 553 enim

2276 582 2331 629 et
2382 589 2627 642 carnem,
2653 584 2711 632 et
2762 576 2814 631 in
2840 593 3005 633 carne
3052 578 3173 646 fuit,
3196 589 3249 635 et
3275 595 3454 650 passus
3476 593 3548 637 est
3568 586 3608 638 in
3626 602 3748 655 carne,

2258 677 2328 753 et
2361 667 2461 723 hoc
2488 679 2573 724 est
2594 671 2934 742 mysterium,
2959 683 3015 727 et
3038 674 3139 728 hoc
3165 675 3301 743 quod
3329 677 3540 733 salutare
3560 679 3617 734 sit
3635 681 3751 740 nobis.

2277 758 2333 815 Si
2363 759 2527 831 igitur
2555 762 2848 819 exinanirit
2875 780 2934 820 se
2962 764 3137 835 ipsum
3166 808 3181 833 ,
3213 775 3269 822 et
3313 768 3541 825 Christus
3578 773 3751 829 exinani-

2275 858 2352 908 vit
2382 871 2442 910 se
2466 857 2639 925 ipsum
2672 866 2726 913 et
2754 870 3045 930 antequam
3071 861 3123 916 in
3150 876 3314 917 carne
3339 873 3493 927 esset,
3523 865 3601 919 fuit
3630 866 3756 923 Chris-

2278 957 2382 1001 tus.
2417 947 2484 1003 Et
2513 954 2557 1004 si
2591 948 2691 1003 fuit
2713 961 2840 1006 ante
2864 951 3030 1019 istud,
3055 954 3307 1024 quoniam
3333 970 3389 1009 se
3413 954 3564 1024 ipsum
3583 956 3756 1014 exinani-

2277 1042 2372 1105 vit,
2405 1041 2519 1111 ipse
2548 1040 2721 1097 induit
2769 1058 3012 1098 carnem.
3052 1045 3233 1113 Quare
3273 1047 3410 1101 enim
3436 1064 3491 1103 se
3528 1049 3756 1117 exinauivit,

2277 1133 2344 1199 si,
2372 1142 2429 1189 ut
2456 1133 2611 1200 dicis,
2642 1150 2676 1189 ο
2699 1135 2966 1206 Marcelle,
2988 1149 3080 1193 aut
3098 1138 3345 1207 Photine,
3374 1144 3753 1210 assumpsitbotni-

2278 1242 2401 1281 nem
2427 1228 2579 1298 quasi
2606 1238 2857 1298 quartum
2909 1232 3091 1286 esset?
3129 1230 3426 1302 Oportebat
3447 1235 3757 1307 ειιὶιιιλόγωψιὶ

2276 1330 2420 1376 esset
2448 1336 2693 1388 manere,
2722 1338 3003 1379 assumere
3030 1323 3303 1382 hominem
3325 1367 3339 1388 ,
3371 1339 3423 1381 et
3447 1326 3586 1382 modo
3605 1330 3756 1400 qualia

2277 1415 2543 1485 inSpirare
2571 1416 2818 1485 spiritum
2847 1418 2913 1472 ad
2942 1422 3208 1476 actiones.
3248 1420 3354 1476 Sed
3391 1421 3547 1486 dixit,
3570 1422 3759 1477 exinaniri

2275 1526 2329 1565 se
2347 1511 2535 1578 ipsum.
2570 1510 2737 1567 Recte
2763 1529 2775 1565 :
2799 1513 2889 1583 qui
2914 1512 3149 1569 habebat
3171 1514 3395 1571 induere
3416 1515 3663 1570 hominem.
3678 1517 3761 1583 Quid

2276 1603 2439 1673 igitur
2467 1614 2548 1659 est
2569 1646 2584 1671 ,
2616 1606 2894 1661 exinanivit
2920 1606 3012 1661 se?
3041 1608 3406 1662 universalem
3434 1609 3560 1681 λόγον
3582 1622 3663 1662 non
3690 1623 3761 1663 esse

2281 1696 2637 1751 universalem
2668 1697 2723 1751 in
2753 1712 2820 1752 eo
2843 1697 2983 1770 quod
3012 1708 3097 1754 est
3121 1714 3242 1754 esse
3268 1700 3433 1775 λόγος,
3459 1701 3629 1764 carnis,
3652 1700 3760 1757 etﬁe-

577 1784 876 1856 Apostolus,
907 1804 1010 1842 non
1040 1788 1104 1842 ab
1134 1789 1443 1856 hominibus,
1474 1805 1635 1859 neque
1664 1808 1753 1861 per
1778 1792 2054 1855 hominem,
2085 1791 2175 1845 sed
2202 1782 2252 1844 B
2281 1797 2361 1842 ret
2389 1802 2539 1844 caro.
2571 1788 2687 1843 Non
2730 1789 2892 1860 igitur
2917 1791 3212 1860 assumpsit
3231 1793 3521 1857 hominem,
3548 1793 3624 1846 sed
3657 1790 3761 1847 factus

578 1895 671 1948 per
693 1878 872 1934 Jesum
896 1880 1176 1948 Christum,
1200 1892 1246 1936 et
1275 1881 1437 1936 Deum
1459 1893 1676 1953 patrem.
1706 1884 1769 1937 Et
1795 1898 1982 1939 rursus
2006 1881 2056 1956 (l
2065 1884 2169 1938 bid.

579 1973 669 2037 Η,
706 1971 798 2043 19.)
824 1992 838 2028 :
869 1971 1210 2046 Evangelium
1248 1975 1389 2048 quod
1416 1976 1823 2047 euangelizatum
1860 1987 1935 2031 est
1980 1995 2012 2031 a
2060 1994 2170 2043 me,

576 2081 679 2120 non
709 2075 785 2121 est
817 2070 975 2138 jumta
1001 2067 1296 2133 hominem;
1339 2085 1441 2123 non
1470 2068 1603 2123 enim
1632 2085 1723 2140 ego
1760 2070 1823 2124 ab
1859 2069 2063 2123 homine
2088 2085 2176 2124 ac-

574 2159 686 2227 cepi
713 2159 904 2227 ipsum,
937 2160 1028 2215 sed
1049 2175 1139 2233 per
1165 2160 1523 2216 reuelationem
1542 2159 1669 2216 Jesu
1692 2159 1904 2216 Christi.
1937 2161 2016 2217 Ad
2048 2161 2172 2216 Phi-

576 2251 885 2322 lippenses,
937 2253 1081 2322 quod
1121 2254 1370 2309 Christus
1399 2253 1633 2324 Spiritus
1663 2254 1925 2329 (Philipp.
1956 2272 2004 2321 ι,
2037 2256 2128 2329 l9)
2158 2275 2171 2311 :

576 2343 648 2401 Et
694 2345 746 2400 in
792 2346 1262 2402 subministratione
1309 2346 1540 2418 Spiritus
1584 2348 1711 2404 Jesn
1750 2349 1964 2406 Christi.
2017 2350 2173 2419 Quod

576 2438 864 2513 όμοούσιος,
893 2450 947 2495 ει
973 2440 1134 2496 simul
1162 2441 1299 2508 patri
1327 2442 1469 2497 titius
1488 2441 1748 2515 (Philipp.
1777 2458 1839 2508 ιι,
1873 2443 1928 2510 5,
1955 2442 2010 2515 7)
2043 2463 2056 2498 :
2090 2443 2176 2497 ls-

579 2530 671 2583 tud
699 2532 833 2585 enim
861 2532 1026 2602 sapite
1050 2533 1103 2587 in
1133 2532 1212 2587 Itis
1238 2533 1376 2604 quod
1403 2545 1451 2588 et
1476 2534 1530 2589 in
1556 2533 1780 2600 Christo,
1811 2538 1896 2608 qui
1926 2538 1979 2590 in
2008 2540 2177 2609 [arma

580 2619 679 2675 Dei
706 2622 948 2685 existens,
975 2638 1077 2677 non
1129 2626 1366 2693 rapinam
1392 2625 1669 2682 arbitratus
1690 2636 1764 2683 est
1792 2644 1901 2683 esse
1927 2629 2176 2700 atqualem

588 2711 731 2780 Deo,
760 2713 851 2769 sed
891 2716 1215 2782 semetipsum
1254 2716 1554 2784 exinauivit,
1604 2721 1824 2792 formam
1881 2722 2010 2775 servi
2039 2722 2177 2775 acci-

583 2807 758 2876 piens,
801 2807 857 2861 in
887 2806 1270 2864 similitudinem
1301 2810 1520 2864 hominis
1547 2809 1780 2879 elfectus,
1819 2824 1865 2868 et
1891 2815 2059 2883 ﬁgura
2091 2814 2173 2867 in-

579 2910 756 2956 uentus
802 2901 956 2956 sicuti
980 2902 1153 2958 homo.
1200 2904 1438 2959 Primum
1470 2905 1718 2973 Photiui,
1759 2918 1812 2962 et
1842 2909 1912 2963 ab
1953 2910 2090 2977 isto,
2122 2918 2179 2964 et

580 3004 707 3051 ante
737 2995 922 3063 istum,
952 2998 1041 3067 qui
1078 2997 1352 3053 hominem
1388 2999 1578 3055 dicunt
1605 2999 1788 3057 Jesum
1818 3010 1875 3057 et
1897 3002 2072 3057 solum
2109 3002 2177 3056 ab

582 3088 801 3143 homine
828 3076 1414 3160 factum,eognose:mt
1443 3093 1663 3163 impiam
1698 3092 2094 3164 blasphemiam
2125 3095 2175 3150 in

2278 1890 2360 1934 εει
2390 1878 2571 1935 Ιιοιιιο.
2607 1879 2702 1934 Est
2733 1880 2894 1950 igitur
2923 1879 3098 1935 forma
3119 1882 3439 1947 substantia,
3466 1900 3573 1939 cum
3596 1884 3760 1937 substan-

2280 1973 2372 2037 tia,
2401 1973 2454 2028 in
2480 1989 2586 2043 qua
2617 1985 2699 2030 est
2737 1977 2907 2029 forma
2940 2016 2955 2038 ,
2986 1975 3255 2049 ὁμοούο-ιος
3300 1976 3459 2047 igitur
3499 1976 3654 2031 furtum
3689 1975 3763 2028 sub-

2279 2067 2494 2121 stantia:
2538 2066 2823 2138 principali
2844 2110 2859 2135 ,
2893 2078 2948 2123 et
2976 2068 3347 2138 potentialiter
3376 2068 3553 2139 priori,
3579 2067 3686 2140 quod
3705 2068 3764 2122 isn

2280 2168 2504 2229 praestat
2535 2158 2723 2214 fornae
2748 2174 2892 2227 esse,
2922 2170 2977 2216 et
3005 2160 3058 2216 in
3087 2162 3446 2216 substantiam
3471 2176 3596 2227 esse,
3620 2169 3662 2215 et
3680 2176 3766 2215 sein-

2282 2270 2377 2323 per
2401 2254 2564 2309 simul
2608 2269 2730 2310 esse
2759 2271 2771 2307 :
2805 2254 2925 2311 sine
2955 2256 3097 2310 enim
3135 2255 3312 2311 altero
3363 2256 3574 2311 alterum
3611 2266 3765 2309 nonest.

2263 2346 2586 2427 (Secundum
2618 2347 2781 2417 igitur
2809 2347 2952 2418 quod
2988 2348 3156 2402 forma
3186 2364 3215 2402 a
3244 2348 3571 2414 substantia,
3597 2346 3765 2401 subsun-

2282 2443 2350 2497 tia
2380 2454 2463 2498 est
2493 2442 2664 2499 forma
2691 2459 2813 2514 qua:
2838 2445 2910 2499 sit
2937 2444 3278 2509 substantiae,
3307 2443 3452 2499 istud
3476 2443 3558 2498 Dei
3583 2442 3766 2497 liliusest

2278 2535 2433 2604 Quod
2465 2535 2637 2591 forma
2660 2537 2986 2599 substantia,
3015 2536 3158 2607 quod
3180 2546 3365 2592 autem
3388 2551 3585 2609 semper
3603 2534 3766 2588 substan-

2280 2630 2352 2684 tia
2381 2644 2501 2684 eum
2538 2630 2708 2685 forma
2729 2671 2745 2697 ,
2775 2644 2996 2700 semper
3023 2639 3194 2697 pater,
3244 2644 3468 2701 semper
3490 2629 3613 2684 filius
3643 2625 3690 2680 ad
3716 2640 3769 2694 μι-
3848 2672 3849 2709 1

2282 2728 2417 2776 trem
2441 2762 2454 2783 ,
2491 2722 2594 2777 hoc
2617 2731 2728 2786 est,
2760 2723 2904 2794 λόγος
2946 2723 3010 2776 ad
3040 2723 3238 2787 Deum,
3284 2723 3393 2778 hoc
3421 2732 3586 2778 autem
3615 2732 3765 2785 semper.
3848 2740 3849 2785 ξ

2279 2810 2385 2869 Sed
2414 2816 2666 2884 quoniam
2712 2814 2814 2869 iSla
2854 2814 3026 2869 forma
3062 2815 3364 2871 substantia
3405 2825 3515 2880 est,
3539 2830 3640 2885 qua:
3664 2813 3769 2878 imago
3848 2856 3849 2861 η

2282 2917 2386 2972 εει,
2416 2916 2471 2961 ει
2494 2908 2639 2981 λόγος
2670 2915 2783 2973 εει,
2815 2922 2974 2978 quem
3001 2908 3169 2962 lilium
3205 2908 3299 2964 Dei
3331 2924 3453 2963 esse
3493 2906 3769 2967 dieiiuus,se-

2282 2997 2515 3051 cundum
2544 2998 2685 3068 quod
2712 2999 2860 3070 λόγος
2888 3008 2973 3053 εει
2998 3003 3239 3054 nmmum
3266 3013 3397 3070 qua:
3424 3009 3570 3064 sunt,
3592 2997 3770 3070 λόγοςεει.

2284 3089 2621 3146 Universalis
2668 3092 2810 3146 enim
2840 3091 2989 3165 λόγος
3014 3090 3155 3147 filius
3185 3091 3276 3147 Dei
3323 3102 3410 3150 est
3448 3093 3586 3160 cujus
3622 3086 3770 3158 putentia

582 3182 805 3237 Christo
826 3224 841 3249 ,
874 3182 965 3252 qui
1024 3183 1076 3237 in
1121 3185 1289 3239 forma
1332 3184 1423 3240 Dei
1468 3187 1730 3242 existens.
1758 3187 1985 3257 Quando
2033 3188 2179 3244 exis-
2207 3176 2253 3240 C
2289 3186 2633 3256 proveniunt,
2660 3196 2716 3240 et
2744 3188 3045 3256 procedunt
3074 3188 3125 3242 in
3154 3189 3557 3259 generationem
3579 3188 3772 3247 enminet

584 3274 745 3330 tens?
773 3275 1080 3344 Antequam
1112 3276 1322 3331 veniret
1349 3277 1402 3332 in
1425 3291 1620 3348 corpus
1645 3296 1658 3332 :
1691 3278 2010 3347 dixitenim,
2033 3280 2177 3350 quod

581 3367 940 3424 exinaniverit
969 3382 1031 3425 se
1070 3370 1243 3440 ipsum
1291 3379 1347 3425 et
1395 3372 1670 3440 acceperit
1713 3371 1940 3427 formam
1989 3373 2175 3429 servi:

582 3469 700 3514 erat
731 3458 894 3531 igitur
917 3470 970 3516 et
1011 3473 1300 3532 antequam
1331 3462 1496 3518 homo
1519 3462 1691 3519 ﬁeret.
1729 3464 1797 3519 Et
1822 3463 1997 3531 qualis
2023 3467 2179 3522 erat?

580 3550 728 3626 λόγος
756 3553 871 3620 Dei,
903 3553 1073 3608 forma
1100 3554 1214 3610 Dei.
1247 3554 1386 3624 Quid
1417 3564 1502 3611 est
1546 3556 1724 3622 istud,
1756 3558 1982 3627 aequalis
2032 3558 2170 3613 exis.

586 3655 705 3701 lens
736 3646 880 3701 Deo?
902 3648 1049 3717 quod
1076 3660 1159 3705 est
1202 3650 1321 3720 ejus
1351 3649 1522 3722 ipsius
1558 3660 1613 3706 et
1644 3654 1902 3721 petentia:
1929 3652 2182 3708 substan-

586 3739 712 3792 tiae:
746 3739 883 3795 dixit
922 3741 1068 3797 enim
1112 3743 1372 3814 aequalem
1423 3759 1568 3801 esse.
1616 3744 1831 3801 Etenim
1879 3749 2086 3818 aequale
2127 3757 2181 3802 et

585 3830 1003 3900 magnitudinis,
1037 3840 1091 3887 et
1115 3836 1435 3903 quantitatis
1462 3846 1546 3891 est
1572 3836 1970 3894 declarativum
2003 3855 2020 3895 :
2070 3855 2183 3893 Ina-

583 3920 811 3991 gnitudo
839 3908 1018 3977 autem
1046 3924 1363 3981 substantia:
1392 3929 1549 3983 molis
1577 3931 1891 4002 magnitudo
1913 3940 2018 4000 est,
2050 3947 2182 4002 qua-

586 4017 709 4073 litas
735 4017 893 4074 enim‘
922 4033 1031 4072 non
1063 4016 1226 4075 habet
1258 4021 1704 4091 magnitudinem,
1761 4006 1938 4097 neque
1981 4041 2010 4079 a
2055 4027 2180 4081 sub.

585 4111 784 4167 Stantia
813 4111 957 4183 quod
990 4121 1076 4168 est
1119 4128 1241 4169 esse
1270 4112 1450 4170 habet.
1480 4113 1669 4171 Solum
1710 4127 1888 4174 autem
1919 4128 2180 4189 quantum

585 4205 928 4274 Substantite,
980 4208 1351 4277 magnitudine
1394 4220 1653 4281 quantum
1702 4220 1807 4267 est.
1864 4211 1934 4267 Et
1978 4213 2181 4269 ideirco

560 4282 870 4354 declarans
915 4300 1106 4356 beatus
1165 4302 1363 4357 Paulus
1417 4302 1511 4358 Dei
1557 4304 1949 4373 substantiam,
2001 4308 2181 4361 omnia

585 4403 787 4467 quanta
817 4394 949 4452 dicit
982 4395 1202 4471 (Ep/tes.
1231 4413 1313 4467 ιιι,
1349 4398 1439 4470 18)
1475 4417 1488 4454 :
1525 4398 1593 4454 Ut
1624 4398 1722 4454 Dei
1750 4407 2070 4472 cognoscatis
2100 4402 2180 4456 al-

585 4489 874 4554 titudinem,
898 4487 1293 4561 longitudinem.
1323 4491 1668 4557 latitudinem,
1699 4493 2035 4564 profundum.

2281 3279 2606 3333 consistunt.
2638 3277 2812 3349 Ipsius
2837 3294 2968 3350 ergo
3000 3280 3261 3352 potentia,
3297 3283 3588 3352 procedens
3607 3288 3650 3333 et
3676 3272 3774 3330 simul

2282 3371 2526 3427 existens
2549 3387 2668 3427 cum
2709 3382 2887 3444 patre,
2936 3372 3064 3428 facit
3090 3374 3268 3429 omnia
3314 3384 3372 3429 et
3407 3381 3627 3446 generat,
3651 3366 3773 3438 stips:

2283 3464 2400 3521 haec
2433 3466 2669 3536 potentia
2698 3467 2750 3521 in
2781 3481 2848 3522 eo
2875 3466 3017 3537 quod
3049 3477 3132 3523 est
3161 3468 3210 3524 ei
3240 3469 3564 3538 praecedere,
3590 3478 3683 3535 qua
3708 3458 3776 3526 ιιυίο

2283 3558 2406 3614 dem
2437 3559 2581 3614 actio
2610 3558 2832 3625 dicitur,
2866 3559 2979 3630 ipsa
3012 3559 3214 3629 patitur
3239 3560 3284 3614 si
3315 3558 3445 3632 quid
3476 3552 3776 3629 patitur,jtula
3848 3572 3849 3577 η

2286 3652 2541 3706 materias
2567 3661 2620 3706 et
2648 3652 2980 3708 substantias
2999 3692 3015 3716 ,
3043 3650 3237 3723 quibus
3263 3662 3483 3723 praestat
3509 3641 3776 3722 proprietati
3848 3654 3849 3723 γ

2286 3743 2364 3809 id,
2390 3745 2534 3815 quod
2562 3754 2640 3799 est
2684 3743 2788 3800 illis
2824 3759 2969 3811 esse,
2994 3745 3306 3800 inversabili
3329 3756 3386 3802 et
3408 3736 3781 3815 impassibilietis-

2288 3846 2433 3891 lente
2479 3837 2767 3892 universali
2806 3838 2936 3913 λόγῳ
2975 3838 3069 3908 qui
3111 3852 3330 3907 semper
3353 3847 3438 3893 est
3475 3838 3534 3889 ad
3558 3832 3780 3905 patratum

2284 3934 2576 4007 ὁμοούσιος.
2609 3932 2675 3986 Ει
2698 3933 2897 3988 idcirco
2925 3933 2992 3987 de
3022 3933 3131 3987 lilio
3161 3933 3378 3999 dicitur,
3406 3929 3544 4003 quod
3568 3936 3639 3984 est
3656 3927 3781 3991 impar

2286 4026 2460 4082 sibilis
2486 4036 2540 4082 et
2568 4026 2859 4096 passibilis,
2889 4025 2983 4082 sed
3015 4027 3069 4081 in
3097 4041 3388 4097 progressu
3420 4025 3602 4097 passio,
3630 4017 3782 4075 maxime

2285 4129 2465 4174 autem
2500 4120 2550 4173 in
2577 4126 2824 4174 extremo
2848 4119 3275 4190 progressionis,
3307 4120 3412 4174 hoc
3434 4126 3533 4182 est,
3555 4128 3657 4170 cun:
3673 4109 3741 4165 fuit
3753 4106 3782 4157 in

2285 4226 2453 4268 carne
2482 4230 2495 4267 :
2529 4212 2637 4267 illa:
2664 4214 2808 4269 enim
2840 4211 3123 4282 passiones
3163 4227 3269 4266 non
3301 4211 3566 4269 dicuntur.
3592 4198 3783 4277 generatio

2285 4320 2314 4358 a
2344 4316 2525 4373 patre,
2554 4315 2733 4360 motus
2759 4305 2995 4376 primus,
3044 4314 3100 4360 et
3126 4313 3430 4360 creatorem
3456 4316 3570 4358 esse
3585 4296 3781 4353 omnium:

2285 4398 2386 4453 ista
2413 4384 2557 4454 enim
2604 4399 2983 4454 substantialia
3027 4414 3148 4455 cum
3175 4400 3304 4466 sint,
3336 4398 3506 4468 magis
3530 4404 3678 4450 autem
3705 4384 3783 4441 sub'

2289 4491 2499 4547 Stantia
2542 4509 2556 4546 :
2605 4491 2741 4566 λόγοι
2788 4492 2933 4546 enim
2972 4490 3317 4546 existentium
3358 4491 3529 4560 juxta:
3567 4480 3780 4559 potentiam

657 4579 824 4637 XXII.
869 4581 1180 4637 Secundum
1231 4583 1332 4637 ista
1395 4599 1527 4655 ergo
1573 4585 1797 4656 aequalis
1847 4586 1958 4641 Deo
2005 4586 2185 4643 existit
2210 4572 2267 4633 D
2290 4584 2602 4639 substantia
2635 4594 2757 4638 sunt
2788 4584 3067 4653 ipsorum:
3099 4597 3204 4638 non
3237 4584 3397 4653 igitur
3424 4581 3687 4652 passiones.

586 4675 858 4732 Christus.
890 4676 1007 4732 Non
1037 4678 1186 4733 enim
1211 4676 1351 4733 dixit
1379 4679 1573 4734 similis
1604 4678 1747 4745 Deo,
1781 4679 1925 4751 quod
1962 4696 2068 4735 non
2114 4682 2189 4736 si-

587 4769 805 4838 gnificat
832 4771 1216 4837 substantiam,
1241 4775 1335 4828 sed
1368 4773 1418 4827 in
1447 4773 1748 4848 substantia
1773 4774 2004 4830 alterum
2032 4775 2182 4845 quid,

589 4860 657 4915 ad
712 4861 1119 4920 similitudinem
1170 4865 1322 4936 juxta
1369 4865 1642 4931 accidens,
1670 4866 1829 4921 sicuti
1882 4867 2179 4923 secundmn

588 4952 994 5010 similitudinem
1050 4957 1210 5012 homo
1265 4958 1331 5013 ad
1390 4957 1593 5027 Deum,
1627 4958 1732 5014 alia
1766 4973 1891 5015 cum
1940 4959 2011 5014 sit
2054 4943 2182 5027 Dei,

587 5046 691 5101 alia
722 5045 957 5101 hominis
984 5048 1307 5105 substantia.
1339 5050 1416 5106 Ex
1444 5051 1545 5105 hoc
1572 5051 1728 5107 nefas
1755 5063 1839 5107 est
1861 5051 2045 5107 dicere
2075 5052 2172 5105 bo-

588 5140 791 5196 minem
821 5140 1084 5211 aequalem
1108 5156 1230 5198 esse
1268 5142 1402 5197 Deo.
1435 5143 1490 5198 Si
1531 5143 1694 5213 igitur
1723 5141 1970 5199 Christus
2010 5141 2185 5198 forma

588 5241 672 5291 est
704 5233 821 5299 Dei,
854 5231 1027 5288 forma
1054 5243 1234 5289 autem
1282 5234 1585 5289 substantia
1617 5245 1724 5301 εει,
1754 5236 1808 5291 id
1832 5236 2010 5307 ipsum
2038 5237 2183 5293 enim

589 5328 757 5385 forma
789 5336 846 5385 et
876 5326 1055 5397 imago
1080 5344 1092 5379 :
1116 5337 1198 5381 est
1217 5341 1395 5382 autem
1426 5328 1596 5382 forma
1619 5336 1677 5382 et
1702 5328 1876 5399 imago
1906 5331 1996 5386 Dei
2016 5331 2182 5406 λόγος,

589 5432 646 5481 ει
673 5440 889 5497 semper
925 5423 1069 5499 λόγος·
1103 5421 1170 5477 ad
1204 5421 1405 5487 Deum,
1434 5419 1703 5495 ὁμοούσιος
1743 5424 1890 5497 λόγος
1932 5424 2078 5494 Deo,
2118 5426 2185 5482 ad

590 5533 751 5590 quem
777 5530 832 5574 et
860 5521 911 5575 in
945 5516 1248 5590 principio,
1281 5524 1338 5572 et
1384 5532 1602 5586 semper
1625 5527 1706 5572 est
1733 5516 1897 5590 λόγος.
1934 5519 2063 5574 Esse
2092 5535 2188 5576 au-

592 5622 701 5670 tem
731 5614 1015 5683 imaginem
1042 5625 1095 5669 et
1116 5612 1499 5680 substantiam,
1525 5620 1579 5666 et
1598 5610 1759 5667 simul
1785 5626 1906 5666 cum
1935 5612 2188 5668 substan-

593 5707 692 5772 tia,
717 5704 857 5777 quod
884 5704 1153 5780 όμοούσιον
1171 5704 1393 5773 dicitur,
1418 5720 1487 5761 ex
1516 5702 1620 5759 hoc
1646 5703 2015 5761 niauil‘estutn.
2045 5703 2192 5760 Dixit

510 5796 651 5867 enim
698 5802 988 5873 Apostolus
1035 5818 1048 5854 :
1102 5799 1445 5869 Semetipsnm
1516 5797 1834 5861 exinanirit,
1879 5803 1907 5868 f
1990 5813 2186 5852 armant

2359 4676 2554 4733 XXIII.
2588 4676 2696 4732 Sed
2726 4677 2843 4730 ista.
2874 4674 2945 4730 Et
2969 4690 3176 4743 rursus,
3202 4677 3327 4747 quid
3352 4677 3510 4746 igitur
3531 4661 3786 4727 dicunth

2290 4768 2511 4823 tiniani?
2538 4772 2582 4824 si
2626 4768 2891 4842 ὁμοούσιος
2932 4767 3100 4824 Filius
3147 4768 3309 4837 Patri,
3353 4766 3611 4838 quomodo
3635 4764 3786 4815 Deus“

2288 4862 2459 4918 Maria
2489 4863 2759 4917 hominem
2795 4873 2976 4916 natum
3024 4861 3189 4918 lilium
3212 4861 3437 4916 habuit?
3463 4859 3590 4929 Quid
3616 4852 3787 4909 ιιιιιειιιει

2291 4955 2475 5010 Ariani
2522 4954 2746 5009 dicunt?
2789 4955 2833 5009 si
2870 4954 3142 5025 ὁμοούσιος
3186 4966 3241 5009 ει
3284 4955 3461 5028 λόγος,
3498 4963 3547 5008 ει
3574 4939 3785 5003 ειιιιειωιιίδ

2290 5047 2448 5102 simul
2478 5056 2558 5103 est
2589 5046 2730 5102 filius
2749 5062 2871 5102 eum
2905 5048 3091 5116 patre?
3122 5046 3285 5102 Nefas
3314 5050 3456 5103 enim
3484 5046 3645 5100 dicere
3666 5032 3784 5093 istud:

2291 5137 2424 5193 Erat
2449 5140 2665 5208 quando
2688 5155 2794 5194 non
2820 5147 2959 5195 erat.
2988 5139 3052 5194 Et
3078 5138 3217 5194 Isllld
3242 5138 3390 5195 nefas
3415 5157 3432 5194 :
3454 5138 3518 5194 de
3534 5137 3592 5192 iis
3610 5146 3704 5200 qua:
3722 5138 3785 5179 Mli

2290 5242 2418 5289 sunt
2443 5249 2584 5290 esse.
2616 5233 2764 5303 [mpii
2809 5243 2863 5287 et
2891 5232 2965 5288 illi
3000 5248 3216 5298 rursus,
3263 5234 3352 5303 qui
3392 5232 3572 5287 dicunt
3596 5220 3785 5302 ὁμωῦσιω

2292 5342 2415 5383 εεεε
2455 5326 2621 5381 liliunt
2671 5326 2828 5396 patri.
2857 5325 3171 5383 Substantia
3216 5328 3359 5382 enim
3402 5324 3668 5381 serundum
3697 5308 3785 5385 (ιιιιά

2294 5420 2596 5476 substantia
2623 5428 2726 5484 est,
2757 5434 2866 5473 non
2895 5428 2981 5474 est
3007 5418 3133 5487 alia,
3165 5427 3223 5474 ut
3268 5419 3338 5473 sit
3363 5416 3550 5473 similis
3570 5412 3627 5468 ad
3650 5407 3783 5465 aliam:

2291 5514 2483 5573 eadem
2524 5514 2671 5569 enim
2708 5522 2793 5569 est
2837 5514 2889 5568 in
2920 5512 3165 5579 duobus,
3199 5522 3256 5567 et
3298 5527 3400 5566 non
3441 5521 3519 5566 est
3536 5494 3784 5595 similisspl

2294 5610 2432 5681 ipsa.
2462 5609 2569 5665 Sed
2599 5607 2704 5663 alia
2725 5622 2849 5663 cum
2870 5606 2962 5673 sit,
2987 5620 3093 5661 ltOn
3119 5622 3224 5673 quo
3251 5601 3540 5661 substantia
3565 5611 3637 5654 εει
3657 5591 3783 5650 similis

2294 5705 2515 5771 dicitur,
2539 5702 2633 5760 sed
2663 5700 2963 5759 secundum
2983 5699 3269 5770 quamdam
3296 5698 3607 5770 qualitatem.
3648 5688 3785 5752 Itiipos-

2294 5797 2451 5851 sibilo
2473 5813 2601 5867 ergo
2626 5805 2676 5851 et
2695 5796 3044 5863 incongruum
3066 5792 3336 5851 όμοοὺσιον
3356 5803 3478 5845 εεεε
3496 5781 3681 5855 aliquid.
3694 5777 3785 5832 PM-
