4018 6184
225 240 356 298 1057

1377 235 1742 294 ADVERSUS
1780 233 2000 293 ARIUM
2043 237 2242 294 LIBER
2283 237 2318 294 Ι.

3370 235 3510 294 1058

223 368 363 413 terea
396 356 574 412 simile
604 355 744 426 quod
775 355 829 411 in
858 355 1125 412 alteritate
1153 361 1256 420 est,
1286 364 1378 409 ant
1404 355 1456 409 in
1485 353 1674 409 eadem
1704 361 1805 418 est,
1836 351 1890 414 Α
1917 353 2050 423 (t.‘ol.
2076 357 2191 420 ι,ιὸ
2224 355 2350 423 20):
2377 356 2476 422 Qui
2497 356 2680 426 eripuit
2701 372 2792 410 nos
2813 355 2875 427 de
2897 363 3145 424 potestate
3165 355 3512 419 tenebrarum,

220 450 385 504 divisa
419 450 469 502 in
497 449 632 503 duas
657 458 836 518 partes
861 449 1179 512 substantia,
1199 446 1355 501 autin
1381 446 1484 500 alia
1513 460 1650 514 :quo
1670 446 1815 499 enim

221 542 536 613 receptibile
566 552 648 598 est
677 543 940 598 dissimile
964 558 1084 597 esse
1103 585 1117 607 ,
1147 541 1251 596 hoe
1274 539 1590 608 receptibile
1626 548 1710 593 est
1741 538 1816 593 si-

222 635 401 691 milem
433 650 554 691 esse
587 652 599 686 :
630 635 925 689 substantia
958 644 1135 688 autem
1183 632 1476 688 secundum
1509 630 1651 701 quod
1693 629 1819 683 sub-

229 732 422 786 stantia
444 739 548 795 est,
575 745 680 784 non
709 727 898 797 recipit
928 727 1156 781 similem
1181 740 1323 790 esse,
1351 721 1774 779 autdissimilem
1799 737 1815 775 :

223 823 370 894 juxta
405 821 545 892 quod
577 832 760 877 autem
802 820 1129 890 receplihilis
1160 828 1270 885 est,
1324 817 1599 887 qualitatis
1628 812 1821 870 similis

223 928 312 973 aut
354 916 633 971 dissimilis
673 915 871 970 dicitur
895 955 910 978 ,
938 915 988 967 in
1018 911 1258 983 putentia
1301 926 1396 964 sua
1427 909 1507 964 vel
1536 905 1820 961 existentia

225 1018 476 1065 manente
501 1009 824 1073 snbstantia,
855 1006 938 1061 vel
967 1005 1156 1059 eadem
1186 1003 1268 1057 vel
1297 1003 1532 1057 diversa.
1565 999 1704 1067 Quid
1727 1013 1822 1051 au-

229 1112 333 1159 tem
358 1118 485 1158 vero
513 1101 605 1156 illa
641 1101 944 1157 substantia
975 1098 1060 1154 vel
1092 1097 1206 1164 Dei,
1237 1096 1321 1151 vel
1351 1095 1442 1151 τὸῦ
1486 1095 1638 1168 λόγου
1667 1107 1822 1146 num-

227 1195 350 1267 qttid
373 1194 706 1264 receptibilis
734 1201 816 1249 est
839 1191 1313 1254 dissimilitudinis,
1349 1199 1407 1244 ut
1431 1188 1640 1243 dicamr
1669 1186 1822 1240 simio

228 1287 293 1342 lis
322 1287 484 1342 esse?
510 1286 616 1341 Sed
645 1284 996 1354 impossibile,
1031 1299 1130 1338 nec
1156 1281 1352 1338 similis
1383 1297 1542 1349 ergo,
1573 1295 1678 1332 non
1728 1275 1824 1346 igi-

231 1385 313 1434 tur
341 1377 628 1452 ὁμοούσιον.
655 1378 941 1432 Videamus
973 1377 1135 1445 igitur
1161 1386 1212 1430 et
1242 1373 1386 1428 istud
1413 1391 1427 1428 :
1453 1373 1499 1426 si
1525 1372 1698 1426 simile
1731 1377 1826 1424 aut

230 1472 281 1527 in
310 1472 502 1528 eodem
530 1485 729 1541 genere
756 1467 1054 1525 substantia
1080 1476 1186 1534 est,
1219 1477 1277 1520 ut
1305 1465 1542 1520 hominis
1567 1471 1661 1517 aut
1702 1461 1821 1515 ani—

232 1565 388 1621 malis
417 1582 433 1620 :
460 1564 653 1620 similis
675 1564 817 1619 enim
849 1574 930 1617 est
971 1571 1026 1616 et
1053 1563 1213 1615 homo
1239 1557 1479 1623 homini,
1526 1567 1578 1610 et
1620 1553 1824 1609 animal

230 1657 447 1712 animali
476 1674 490 1712 :
520 1659 684 1710 autin
716 1656 822 1710 alio
862 1668 1092 1725 genere,
1125 1652 1275 1707 velut
1306 1649 1511 1704 homini
1551 1647 1708 1716 lapis,
1733 1653 1825 1700 aut

1922 455 1968 498 et
2003 448 2264 500 transtulit
2296 449 2347 501 in
2375 464 2583 516 regnum
2611 448 2709 518 [itii
2731 449 3018 503 dilectionis
3042 463 3181 512 suta;
3212 448 3264 500 in
3291 463 3388 515 quo
3419 447 3514 500 Ita-

1920 537 2094 592 bemus
2124 540 2525 608 redemptionem
2565 549 2610 595 et
2637 541 2984 596 remissionem
3017 549 3340 610 peccatorum
3381 553 3398 592 :
3426 538 3517 608 qui

1920 641 1994 685 est
2042 632 2210 703 imago
2254 631 2354 687 Dei
2392 633 2694 700 invisibilis,
2748 634 3110 704 primogenitns
3157 642 3274 686 ante
3315 646 3518 686 omnent

1923 731 2232 779 creaturam.
2267 724 2522 792 Quoniam
2547 726 2602 779 in
2624 726 2736 796 ipso
2763 735 2932 780 creata
2962 726 3162 788 omnia,
3193 739 3308 794 quia
3329 725 3380 776 in
3413 739 3516 776 ca:-

1923 813 2062 897 lisIet
2087 829 2199 882 qua:
2221 815 2274 867 in
2304 817 2452 869 terris
2476 857 2490 882 ,
2523 817 2772 882 visibilia,
2805 826 2852 870 et
2877 815 3152 871 invisibilia
3170 858 3182 882 ,
3210 816 3314 870 sive
3339 815 3516 882 sedes,

1922 905 2026 958 sive
2069 907 2471 971 dominationes,
2521 911 2626 964 sive
2653 911 3007 980 principatus,
3058 910 3160 964 sive
3205 920 3476 980 potestates
3501 924 3521 962 :

1925 998 2096 1050 omnia
2126 1015 2213 1067 per
2237 1001 2440 1067 ipsum,
2470 1011 2514 1056 et
2540 1001 2592 1055 in
2623 1003 2734 1070 ipso
2761 1003 3038 1056 constituta
3064 1011 3203 1070 sunt,
3237 1012 3284 1058 et
3308 1003 3420 1072 ipse
3445 1010 3517 1056 est

1924 1099 2041 1144 ante
2071 1092 2264 1159 omnia,
2296 1103 2340 1147 et
2371 1095 2541 1147 omnia
2566 1096 2618 1148 in
2641 1094 2752 1164 ipso
2774 1096 3054 1148 consistunt
3082 1110 3102 1149 :
3131 1095 3241 1164 ipse
3266 1106 3341 1148 est
3361 1102 3516 1165 caput

1933 1186 2164 1252 corporis
2196 1184 2444 1240 Ecclesia:
2469 1203 2582 1257 qua:
2609 1197 2680 1241 est
2713 1188 3053 1257 principium,
3089 1187 3456 1259 primogenitus
3486 1203 3521 1240 a

1928 1277 2164 1342 mortuis,
2194 1285 2251 1330 ut
2277 1280 2418 1342 ﬁeret
2441 1279 2494 1332 in
2525 1280 2757 1334 omnibus
2788 1279 2898 1350 ipse
2925 1280 3203 1350 primarius
3231 1295 3250 1333 :
3275 1280 3517 1351 quoniam

1927 1369 1981 1423 in
2007 1371 2121 1441 ipso
2164 1371 2470 1442 complacuit
2511 1388 2709 1426 omnem
2736 1372 3102 1443 plenitudinem
3146 1371 3432 1427 inhabitare
3471 1381 3520 1426 et

1927 1479 2019 1534 per
2043 1463 2211 1532 ipsum
2237 1465 2588 1532 reconciliare,
2617 1475 2662 1519 et
2690 1476 3032 1520 reconvertere
3053 1468 3223 1520 omnia
3249 1466 3300 1519 in
3331 1464 3521 1536 ipsum,

1930 1558 2206 1628 paciﬁcans
2237 1575 2328 1629 per
2356 1560 2654 1629 sanguinem
2682 1561 2844 1614 crucis
2867 1561 2979 1625 eius
3001 1560 3105 1616 sive
3129 1577 3186 1614 ea
3216 1575 3329 1628 qua:
3349 1561 3401 1613 in
3425 1571 3525 1613 ter-

1929 1651 2018 1716 ris,
2068 1652 2172 1704 sive
2200 1667 2258 1704 ea
2297 1667 2409 1715 quia
2449 1652 2502 1704 in
2545 1652 2703 1706 cretis.
2745 1651 2941 1707 Totum
2985 1650 3300 1724 mysterium
3339 1650 3394 1706 in
3424 1649 3528 1706 ista

230 1763 406 1807 statua
432 1767 590 1821 equo.
622 1751 906 1820 Quomodo
951 1749 1112 1820 igitur
1145 1748 1330 1802 dicunt
1363 1747 1460 1800 ista
1502 1743 1608 1798 duo
1637 1741 1820 1815 ὁμοού·

1934 1742 2266 1808 εχμυείιίυηε
2292 1742 2495 1797 dictum
2532 1751 2634 1808 εει,
2665 1744 2805 1814 quod
2834 1744 3122 1817 ὁμοούσιον,
3151 1743 3282 1799 dit-it
3319 1759 3384 1799 ex
3422 1742 3529 1811 isto

230 1867 320 1902 σια
347 1849 498 1901 esse?
529 1846 573 1899 si
622 1846 674 1898 in
713 1844 902 1900 eodem
949 1857 1180 1911 genere,
1215 1851 1270 1894 ιιι
1303 1840 1354 1893 ἰιι
1388 1837 1632 1897 animali,
1657 1836 1825 1906 magis

232 1937 486 2008 prmcedit
514 1936 816 1992 substantia
843 1953 854 1987 :
885 1934 930 1988 si
957 1939 1133 1988 autem
1173 1934 1225 1986 in
1251 1933 1362 2000 ipsa
1389 1929 1711 1993 substantia,
1737 1937 1824 1981 aut

235 2029 407 2084 divisa
435 2039 528 2084 aut
549 2028 653 2082 alia
682 2026 959 2096 snperiore
989 2023 1288 2079 substantia
1313 2032 1468 2087 nata;
1501 2020 1594 2075 sed
1623 2029 1828 2074 utrum-

234 2136 340 2191 que
360 2130 451 2174 aut
480 2119 848 2174 subalternum
877 2128 989 2182 est,
1026 2127 1080 2172 et
1106 2117 1332 2171 alterum
1356 2113 1655 2184 subjectum
1677 2153 1692 2177 ,
1734 2110 1828 2166 sed

237 2213 430 2276 divisa,
464 2228 638 2283 neque
672 2212 723 2265 in
747 2210 997 2281 :equalia,
1031 2224 1205 2278 neque
1236 2208 1286 2261 in
1316 2205 1599 2274 inmqnalia
1622 2245 1636 2268 ,
1670 2203 1833 2258 habet

239 2303 465 2358 alterum
515 2299 842 2371 perfectum,
875 2299 968 2353 sed
996 2298 1104 2353 duo
1135 2297 1369 2366 perfecta
1391 2338 1405 2362 ,
1439 2305 1493 2350 et
1535 2310 1562 2348 a
1594 2295 1830 2364 perfecto

240 2395 562 2467 perfectum.
592 2391 709 2448 Non
732 2393 890 2463 igitur
918 2393 970 2446 in
995 2391 1108 2459 ipsa
1136 2388 1488 2444 similitudine
1507 2430 1522 2453 ,
1553 2388 1748 2458 quippe
1777 2393 1833 2441 et

237 2489 570 2545 similitudo:
596 2488 643 2544 si
681 2486 846 2549 istud,
890 2487 969 2541 sic
999 2499 1221 2540 necesse
1269 2493 1353 2540 est
1400 2483 1452 2537 in
1481 2483 1586 2536 alio
1612 2495 1828 2552 genere.

237 2581 392 2638 Unde
419 2581 598 2652 igitur,
640 2594 710 2634 an
745 2577 978 2634 alterum
1010 2575 1178 2648 quid?
1208 2575 1288 2630 Ex
1323 2574 1491 2629 nihilo
1514 2573 1712 2644 igitur:
1741 2579 1834 2626 aut

235 2674 343 2730 duo
371 2672 666 2744 principia,
715 2669 810 2726 sed
853 2669 986 2724 nihil
1011 2669 1202 2722 horum
1239 2683 1254 2722 :
1284 2665 1535 2738 quoniam
1577 2671 1634 2720 et
1668 2678 1831 2718 unum

237 2765 580 2838 principium,
611 2773 666 2819 et
695 2778 880 2818 eorum
905 2777 1026 2832 qua:
1063 2770 1189 2815 sunt
1217 2760 1398 2815 omnia
1444 2772 1627 2814 causa.
1677 2756 1834 2810 Pater

237 2857 534 2914 secundum
562 2858 647 2913 τὸν
671 2855 844 2930 λόγον,
877 2855 966 2925 qui
997 2856 1046 2908 in
1079 2852 1342 2923 principio
1372 2859 1520 2916 erat,
1551 2859 1605 2905 et
1633 2848 1834 2904 idcirco

237 2965 453 3019 semper
483 2958 638 3005 erat:
672 2963 780 3001 non
802 2961 931 3018 ergo
957 2962 1021 3001 ex
1058 2945 1229 3000 nihilo
1270 2953 1406 2999 erat.
1439 2943 1494 3000 Si
1527 2958 1655 2998 vero
1680 2951 1735 2997 et
1759 2943 1831 2997 is-

241 3043 357 3108 tud,
386 3056 560 3111 neque
583 3051 634 3095 ει
661 3040 712 3094 itt
736 3054 804 3095 eo
825 3039 968 3110 quod
997 3039 1224 3092 alterum
1245 3053 1412 3106 genus
1433 3048 1485 3091 et
1515 3036 1830 3089 similitudo.

1930 1833 2020 1904 qui
2043 1844 2123 1888 est
2146 1833 2320 1902 imago
2339 1834 2626 1889 invisibilis
2651 1834 2766 1898 Dt-i,
2788 1837 2927 1906 quod
2956 1835 3096 1890 lilius
3114 1833 3525 1906 primogenitus,

1931 1917 2070 1996 quod
2114 1942 2217 1980 non
2260 1939 2476 1982 creatus
2516 1939 2640 1982 ante
2679 1943 2893 1983 omnem
2936 1938 3240 1983 creaturam
3283 1925 3529 1987 dixitzsi

1930 2019 2071 2074 enim
2100 2031 2153 2074 et
2179 2019 2295 2088 ipse
2325 2031 2543 2076 creatus
2567 2032 2731 2084 esset,
2763 2037 2867 2075 non
2892 2021 3120 2086 diceret,
3143 2031 3268 2076 ante
3309 2035 3526 2076 omnem

1931 2121 2232 2167 creaturam
2263 2129 2274 2165 :
2307 2124 2360 2166 et
2385 2112 2601 2182 proprie
2630 2112 2764 2168 ditit
2791 2113 3179 2183 primugenitns
3197 2114 3337 2184 quod
3361 2121 3444 2168 est
3463 2111 3532 2168 de

1934 2203 2065 2258 ﬁlio.
2095 2204 2394 2274 .lungamus
2424 2221 2555 2276 ergo
2581 2221 2801 2262 sensum
2830 2223 2843 2259 :
2873 2207 3242 2277 primogenitus
3273 2216 3392 2261 ante
3417 2222 3527 2260 om-

1934 2313 2048 2350 nem
2076 2306 2382 2350 creaturam.
2420 2297 2561 2368 Ergo
2601 2297 2688 2352 hic
2716 2299 2928 2367 genitus
2967 2307 3023 2352 ut
3054 2298 3226 2364 ﬁlius;
3259 2298 3348 2352 illa
3379 2312 3534 2353 crea-

1936 2395 2086 2453 tura,
2129 2396 2189 2442 ut
2234 2404 2354 2458 qua:
2385 2397 2568 2444 creata
2595 2390 2665 2444 sit
2696 2409 2710 2446 :
2743 2405 2851 2445 non
2897 2399 3076 2444 autem
3110 2389 3254 2460 quod
3281 2399 3332 2444 et
3360 2390 3525 2446 alium

1934 2490 2124 2552 postea
2153 2483 2360 2548 genuit,
2389 2483 2485 2538 sed
2513 2483 2655 2554 quod
2685 2495 2812 2539 ante
2841 2499 3057 2540 onmem
3087 2495 3392 2539 creaturam
3425 2483 3533 2553 pri-

1934 2575 2260 2646 mogenitus.
2295 2575 2388 2631 Est
2407 2586 2586 2633 autem
2614 2578 2789 2632 omnis
2815 2587 3062 2634 creatura
3093 2587 3148 2632 et
3193 2592 3381 2634 eorum
3411 2594 3535 2650 qua:

1936 2668 1990 2722 in
2022 2667 2196 2734 caelis,
2233 2675 2288 2723 et
2313 2683 2500 2724 eorum
2532 2685 2651 2741 quae
2683 2671 2734 2726 in
2778 2671 2959 2734 terris,
2990 2670 3280 2726 visibilitnn
3307 2678 3364 2728 et
3392 2670 3536 2727 invi-

1937 2764 2197 2818 sibiliutn.
2245 2763 2376 2819 Sine
2415 2773 2662 2820 creatura
2691 2781 2820 2836 ergo
2849 2764 3023 2831 ﬁlius;
3067 2774 3259 2821 natura
3291 2765 3452 2837 igitur
3481 2773 3538 2823 et

1937 2856 2288 2926 generatione
2317 2855 2481 2913 ﬁlius.
2523 2857 2676 2924 Quod
2701 2857 2949 2912 Christus
2979 2860 3125 2932 λόγος
3161 2867 3274 2926 εει,
3308 2872 3362 2915 ει
3390 2858 3536 2930 quod

1937 2952 2084 3025 λόγος
2135 2950 2375 3005 omnium
2420 2967 2540 3021 qua:
2583 2960 2742 3014 sunt,
2796 2951 2862 3006 ad
2891 2951 2943 3005 id
2977 2960 3032 3007 nt
3055 2951 3198 3018 sint,
3244 2967 3442 3019 causa;
3474 2959 3536 3009 et

1941 3042 2142 3096 idcirco
2167 3041 2368 3095 dictum
2401 3054 2506 3108 εει,
2541 3041 2683 3111 quod
2715 3041 2767 3095 in
2798 3041 2918 3112 ipso
2948 3043 3162 3097 c0ndita
3193 3052 3319 3097 sunt
3349 3044 3532 3098 omnia

239 3136 523 3206 Quomodo
544 3145 723 3191 autem
753 3135 886 3188 dicit
914 3150 1019 3187 non
1048 3133 1189 3204 quod
1217 3132 1377 3187 Jesns
1410 3131 1698 3186 arbitratus
1748 3141 1826 3186 est
1859 3132 1905 3196 C
1937 3144 1986 3188 ει
2012 3149 2107 3204 per
2130 3137 2302 3204 ipsum
2335 3133 2550 3188 condita
2579 3152 2592 3188 :
2623 3135 2769 3210 λόγος
2796 3134 2940 3188 enim
2971 3143 3023 3187 et
3065 3148 3226 3189 causa
3261 3145 3345 3190 est
3375 3133 3440 3189 ad
3480 3133 3535 3189 id

238 3230 590 3297 semetipsum
619 3227 880 3298 teqnalem
909 3241 1029 3281 esse
1061 3227 1191 3290 Deo,
1220 3224 1313 3279 sed
1343 3223 1484 3292 quod
1535 3239 1636 3275 non
1681 3222 1829 3290 rapi-

240 3339 360 3377 nam
385 3320 663 3374 arbitratus
684 3329 755 3373 est
781 3320 1028 3389 aequalem
1055 3333 1180 3370 esse.
1228 3316 1301 3369 Ea
1325 3316 1466 3370 enim
1494 3330 1614 3385 quae
1644 3325 1832 3368 natura

238 3422 367 3470 sunt
407 3411 671 3483 aequalia,
723 3426 828 3466 non
878 3425 972 3479 per
1002 3408 1338 3463 divinitatem
1387 3406 1694 3478 propriam,
1739 3405 1833 3462 sed

241 3521 363 3577 qum
387 3504 540 3575 juxta
571 3505 840 3556 ionunam
874 3501 1008 3555 facta
1032 3508 1158 3555 sunt
1184 3499 1432 3568 aequalia,
1462 3499 1615 3568 quasi
1649 3498 1832 3567 rapina

241 3598 466 3668 aequalia
497 3604 641 3650 sunt.
665 3594 849 3664 Magna
882 3593 1044 3664 igitur
1069 3592 1412 3654 conﬁdentia,
1448 3600 1502 3646 et
1527 3605 1652 3644 vere
1678 3599 1836 3644 natu-

242 3691 372 3747 ralis
399 3689 652 3744 divinitas
678 3688 743 3742 ad
791 3687 841 3742 id
870 3686 1011 3757 q'iod
1053 3694 1136 3742 est
1160 3686 1422 3757 aequalem
1445 3699 1587 3752 esse,
1619 3697 1722 3738 non
1747 3697 1834 3737 ar-

236 3782 428 3838 bitrari
459 3785 703 3851 rapinam
737 3781 846 3836 Deo
871 3781 1131 3851 aequalem
1156 3795 1297 3836 esse.

310 3874 506 3931 XXIV.
549 3874 653 3930 Sed
688 3875 808 3928 ista.
859 3873 923 3928 Et
954 3888 1141 3928 rursus
1189 3872 1256 3927 ad
1300 3871 1656 3927 Colossenses
1705 3867 1833 3939 quid

233 3969 365 4024 dicit
395 3985 408 4021 :
441 3967 581 4036 quod
611 3963 828 4038 (Coloss.
863 3981 911 4031 ι,
943 3963 1031 4036 l7)
1063 3974 1177 4018 ante
1204 3965 1374 4018 omnia
1403 3964 1607 4032 primus
1649 3960 1828 4016 Jesus.

236 4062 445 4132 Duplex
475 4061 618 4116 enim
648 4059 923 4126 generatio
962 4058 1120 4129 ejus:
1152 4072 1256 4112 una
1282 4057 1496 4127 quidem
1541 4057 1594 4110 in
1638 4053 1835 4110 divini-

233 4166 399 4212 tatem
431 4163 486 4210 et
511 4152 862 4218 ﬁliatiOnem,
892 4151 1135 4216 occulta,
1165 4149 1366 4214 divina,
1399 4160 1454 4204 et
1480 4166 1600 4220 qua:
1625 4149 1729 4203 ﬁde
1753 4147 1833 4203 inv

233 4247 502 4315 telligatur
532 4269 545 4304 :
571 4246 674 4301 alia
721 4255 898 4300 autem
940 4243 994 4299 in
1057 4227 1289 4299 carnem
1324 4241 1547 4307 venire,
1588 4249 1643 4296 et
1692 4239 1834 4295 ferre

233 4354 476 4394 carnem.
508 4339 600 4394 Illa
646 4337 864 4406 quidem
903 4336 1016 4392 sola
1047 4334 1328 4406 generatio
1353 4351 1384 4388 a
1436 4334 1546 4388 Deo
1577 4332 1832 4403 putentia:

233 4430 595 4488 maniiestatio
619 4448 632 4484 :
659 4429 760 4484 ista
801 4443 978 4484 autem
1024 4428 1265 4498 acceptio
1303 4425 1472 4497 magis
1496 4424 1696 4491 carnis,
1723 4441 1830 4479 non

1937 3228 2077 3298 quod
2099 3237 2181 3282 est
2203 3242 2345 3292 esse,
2362 3225 2425 3280 iis
2444 3243 2562 3297 qua:
2585 3237 2730 3292 sunt,
2756 3237 2908 3282 etest
2927 3227 3320 3296 receptaculum
3347 3242 3534 3282 eorum

1937 3336 2059 3392 qum
2087 3322 2136 3375 in
2164 3322 2281 3390 ipso
2303 3330 2447 3375 sunt.
2476 3318 2629 3386 Quod
2666 3329 2844 3374 autem
2889 3320 3068 3374 omnia
3107 3319 3160 3374 in
3191 3320 3329 3390 ipso,
3361 3321 3536 3391 ipsum

1935 3415 2332 3486 receptaculum
2351 3414 2653 3484 completur
2673 3413 2925 3470 omnibus
2955 3430 3074 3485 qua!
3103 3426 3249 3478 sunt,
3270 3425 3324 3471 et
3355 3417 3532 3485 ipsum

1935 3517 2018 3562 est
2057 3518 2110 3562 et
2162 3507 2436 3578 plenitudo
2471 3525 2482 3562 :
2512 3517 2565 3562 et
2601 3505 2846 3580 idrirco(
2875 3507 3023 3561 Rom.
3061 3523 3133 3571 χι.
3187 3507 3256 3563 56
3287 3506 3330 3579 ),
3361 3508 3536 3563 omnia

1937 3617 2026 3672 per
2049 3602 2239 3667 ipsum,
2273 3611 2318 3655 et
2348 3603 2520 3654 omnia
2544 3600 2597 3653 in
2618 3600 2786 3670 ipsum
2809 3640 2824 3664 ,
2854 3608 2900 3653 et
2929 3601 3102 3654 omnia
3129 3601 3182 3654 in
3211 3601 3343 3671 ipso.

2006 3692 2175 3748 XXV.
2218 3692 2272 3745 Si
2295 3693 2455 3761 igitur
2481 3707 2547 3745 ex
2578 3690 2745 3747 nihilo
2765 3692 3068 3758 eratﬁlius,
3096 3693 3368 3764 quomodo
3396 3692 3539 3750 ista?

1935 3787 2063 3843 Sine
2095 3784 2198 3839 ﬁde
2238 3785 2399 3854 igitur
2441 3794 2495 3838 et
2533 3783 2868 3854 impossibile
2903 3786 2983 3841 sie
3013 3788 3112 3840 ista
3144 3786 3268 3843 talia
3294 3801 3436 3844 esse.
3469 3788 3537 3844 Et

1935 3893 2145 3942 rursus,
2169 3878 2212 3933 si
2240 3894 2343 3932 non
2373 3877 2665 3950 ὁμοούσιον,
2695 3879 2966 3948 quomodo
2995 3890 3049 3934 et
3079 3889 3230 3950 pater
3257 3879 3537 3950 plenitudo

1936 3982 1987 4027 et
2020 3969 2199 4024 ﬁlius?
2229 3969 2389 4024 simul
2421 3971 2562 4025 enim
2609 3971 2788 4024 omnia
2829 3970 3138 4042 plenitudo;
3169 3980 3224 4027 et
3259 3987 3327 4026 an
3356 3972 3537 4045 ὀμοού-

1939 4085 2044 4120 σιον
2077 4054 2354 4132 plenitudo
2376 4060 2520 4116 velut
2544 4061 2771 4127 animae,
2802 4072 2856 4116 et
2882 4062 2986 4116 alia
3010 4078 3128 4131 qua:
3159 4071 3340 4116 creata
3368 4061 3536 4116 sunt?

1936 4155 2167 4209 Omnino
2195 4153 2544 4224 impossibile.
2577 4152 2789 4208 Etenim
2811 4151 3114 4224 ὁμοούσιον,
3147 4152 3303 4207 sicuti
3332 4152 3535 4209 dictum

1936 4247 1986 4302 in
2036 4247 2303 4303 alteritate
2339 4256 2460 4302 est:
2494 4246 2630 4301 alter
2666 4247 2808 4301 enim
2849 4245 3039 4299 similis
3087 4244 3384 4300 substantia
3426 4260 3536 4301 non

1936 4349 2110 4408 petest
2138 4339 2272 4404 dici,
2307 4339 2406 4394 nisi
2441 4339 2492 4394 in
2534 4339 2649 4409 ipsa
2681 4353 2787 4393 non
2820 4338 2925 4404 sit,
2960 4336 3101 4392 illius
3133 4347 3312 4394 autem
3346 4349 3537 4409 poten-

1937 4432 2022 4485 tia:
2049 4431 2092 4486 si
2122 4432 2290 4486 altera
2319 4432 2614 4486 substantia
2649 4441 2731 4486 est
2757 4473 2771 4496 ,
2814 4437 2868 4486 et
2895 4430 2964 4485 ab
3002 4431 3118 4498 ipsa
3145 4430 3288 4502 quod
3317 4440 3401 4486 est
3427 4431 3535 4487 illis

233 4524 535 4596 generatio.
565 4523 623 4579 Si
643 4522 808 4594 igitur
837 4537 920 4578 est
942 4521 1112 4593 prior,
1141 4536 1245 4576 non
1278 4521 1346 4575 ab
1370 4519 1586 4575 homine
1609 4531 1692 4575 est
1711 4518 1832 4575 Sal-
1857 4517 1907 4576 D
1933 4539 2052 4580 csse
2084 4524 2281 4580 habent
2319 4522 2500 4579 omnia
2528 4539 2647 4593 quae
2683 4533 2808 4578 sunt
2835 4564 2850 4589 ,
2893 4523 3228 4592 impossibile
3255 4533 3336 4579 est
3370 4539 3535 4580 unum

232 4633 430 4676 vator:
463 4619 510 4673 si
535 4618 813 4690 generatio
841 4628 953 4683 est,
997 4634 1102 4672 nun
1146 4625 1230 4672 est
1273 4617 1584 4687 ﬁgmentum
1619 4634 1632 4670 :
1666 4615 1834 4671 sian-

232 4719 343 4768 tem
368 4727 399 4764 a
443 4712 550 4765 Deo
579 4710 854 4781 generatio
875 4749 890 4775 ,
937 4724 1044 4763 non
1079 4709 1146 4763 de
1189 4707 1356 4763 nihilo
1386 4728 1402 4764 ;
1445 4708 1492 4762 si
1523 4707 1702 4779 imago
1734 4707 1827 4762 Dei

237 4802 722 4876 1εειιε,ὁμοούσιος
766 4812 849 4857 εει
886 4821 897 4855 :
935 4803 1109 4872 imago
1153 4801 1318 4867 enim,
1361 4801 1660 4857 substantia
1708 4816 1828 4856 enm

236 4895 558 4960 substantia,
591 4897 744 4966 cujus
763 4907 814 4950 et
836 4895 890 4949 in
922 4911 1024 4964 qua
1048 4903 1130 4950 est
1155 4893 1354 4965 imago.
1386 4895 1452 4950 Et
1481 4895 1620 4964 quod
1651 4893 1830 4962 imago

235 4988 556 5052 substantia,
589 5004 620 5043 a
647 4988 944 5044 substantia
982 4989 1099 5057 ejus
1125 4988 1177 5042 in
1212 5003 1317 5058 qua
1346 4997 1431 5043 est
1458 4989 1542 5042 vel
1585 4986 1836 5042 subsistit

234 5083 414 5155 genita
434 5123 450 5150 ,
481 5083 532 5136 in
561 5083 978 5138 declarationem
1008 5082 1152 5136 intus
1193 5081 1445 5151 potentia:
1473 5100 1485 5135 :
1513 5081 1640 5134 hinc
1683 5091 1834 5149 pater

233 5175 328 5246 qui
357 5175 533 5234 intus,
576 5174 699 5228 hinc
731 5174 871 5230 ﬁlius
909 5174 998 5243 qtti
1050 5173 1204 5228 foris.
1256 5175 1460 5228 Rursus
1501 5173 1642 5242 quod
1693 5171 1835 5226 ﬁlius

232 5270 399 5343 λόγος,
426 5279 502 5322 est
529 5267 582 5322 in
607 5267 869 5322 actionem
896 5267 1154 5324 festinans
1175 5267 1474 5340 substantia
1502 5308 1517 5332 ,
1549 5266 1651 5320 \ita
1685 5256 1836 5322 enim.

230 5359 388 5435 λόγος.
417 5373 469 5415 ει
493 5357 841 5429 intelligentia
867 5361 1037 5430 iam,
1086 5359 1344 5429 processit
1394 5359 1448 5413 in
1476 5359 1828 5414 substantiam

232 5466 422 5507 eorum
440 5468 556 5521 qum
574 5463 690 5504 sunt
712 5450 1180 5516 intelleCtibiliutn,
1201 5461 1255 5504 et
1271 5450 1590 5520 hylicorum,
1610 5463 1658 5505 ει
1676 5449 1833 5504 idcir-

232 5559 300 5601 co
324 5544 464 5599 actio
481 5544 651 5614 ipsius
676 5551 768 5600 τοῡ
782 5546 954 5619 λογον,
981 5553 1197 5614 propter
1213 5543 1637 5599 imbecillitatem
1657 5542 1835 5614 perci-

233 5637 494 5710 pientium
529 5637 726 5708 ipsum,
754 5647 810 5693 et
846 5636 1112 5708 passibilis
1137 5646 1240 5703 est,
1277 5637 1360 5692 vel
1391 5637 1567 5707 potius
1605 5635 1835 5706 passibi-

233 5731 305 5789 iis
361 5731 558 5789 dicitur
602 5750 614 5786 :
661 5730 792 5787 dicit
818 5730 959 5788 enim
1016 5729 1203 5786 beatus
1257 5729 1455 5788 Paulus
1509 5729 1578 5787 de
1619 5728 1834 5787 Christo

1935 4631 2056 4672 esse
2077 4631 2236 4672 omne
2258 4634 2270 4670 :
2295 4631 2438 4671 nunc
2460 4630 2588 4670 vero
2613 4614 2726 4670 Deo
2751 4624 2900 4683 patre
2922 4623 2976 4668 et
2998 4613 3106 4669 ﬁlio
3127 4615 3261 4690 λόγῳ
3281 4613 3534 4691 ὁμοουσίῳ

1937 4709 2227 4776 existente,
2261 4709 2515 4778 quoniam
2546 4723 2640 4777 per
2660 4707 2804 4782 λόγον
2835 4707 3013 4762 omnia
3053 4707 3103 4762 in
3135 4723 3298 4763 unum
3339 4724 3534 4764 vocan-

1935 4809 2042 4864 tur,
2071 4811 2125 4856 et
2153 4808 2278 4855 sunt
2301 4816 2331 4855 a
2363 4800 2472 4854 Deo
2497 4799 2697 4862 omnia,
2729 4807 2784 4853 et
2808 4798 2948 4854 Deus
2971 4799 3152 4853 omnia
3183 4799 3235 4855 in
3263 4800 3532 4869 omnibus,

1935 4895 2050 4948 sine
2077 4893 2323 4963 passione
2367 4901 2517 4960 patre
2546 4891 2812 4947 existente
2833 4931 2848 4956 ,
2882 4890 3022 4946 sicut
3062 4889 3204 4946 idem
3261 4901 3534 4947 monstra-

1938 4997 2047 5042 lum
2080 4997 2180 5042 est.
2231 4985 2384 5052 Quod
2431 4997 2610 5040 autem
2659 4983 2815 5040 Jesus
2860 4985 3037 5058 λόγος,
3069 4985 3158 5054 qui
3199 4991 3255 5039 et
3295 4985 3535 5040 omnium

1937 5095 2058 5148 quae
2098 5089 2221 5132 sunt
2261 5078 2484 5148 spiritus
2513 5087 2596 5133 est
2627 5077 2904 5134 viviﬁcans
2926 5119 2940 5142 ,
2973 5077 3096 5133 l'Ons
3124 5079 3245 5133 vita:
3279 5090 3498 5135 mterna:
3518 5119 3534 5143 ,

1938 5172 2231 5228 secundum
2263 5171 2578 5244 mysterium
2607 5174 2828 5228 veniens
2855 5173 2906 5228 in
2935 5189 3176 5240 carnem,
3200 5186 3249 5230 et
3281 5174 3332 5229 in
3363 5183 3538 5229 morte

1939 5277 2280 5337 peccatorum
2314 5266 2440 5322 vicit
2470 5276 2717 5326 mortem.
2751 5277 2804 5323 et
2833 5267 2885 5322 in
2914 5277 3172 5322 aeternam
3203 5268 3364 5321 vitam
3395 5281 3538 5319 mor-

1939 5367 2025 5414 tua
2059 5358 2354 5414 suscitavit.
2397 5359 2549 5428 Quod
2581 5369 2759 5415 autem
2803 5360 2942 5415 Deus
2983 5360 3220 5430 polentia
3259 5367 3341 5413 est
3372 5357 3539 5421 ipsius

1938 5448 2172 5504 fontana-
2223 5460 2440 5505 aeterna:
2479 5450 2640 5515 vita»,
2671 5460 2725 5506 et
2765 5461 3047 5522 preptcrea
3079 5450 3216 5503 ﬁlius
3253 5455 3336 5502 est
3366 5447 3536 5521 λόγος.

1941 5540 2059 5596 fons
2091 5541 2212 5595 vita:
2241 5554 2460 5597 aeternae
2480 5581 2496 5608 ,
2528 5541 2768 5597 existens
2815 5542 3052 5612 potentia
3091 5538 3258 5609 patria
3284 5579 3298 5603 ,
3334 5540 3539 5606 primo-

1940 5635 2152 5707 genitus
2179 5650 2208 5690 a
2241 5635 2506 5704 mortuis,
2537 5644 2593 5691 et
2634 5635 2835 5691 idcirco
2875 5632 3052 5689 omnia
3096 5631 3150 5686 in
3187 5631 3361 5702 ipsum
3403 5646 3540 5685 con-

1939 5742 2094 5786 versa
2139 5742 2302 5784 unum
2349 5726 2517 5794 ﬁent,
2542 5726 2643 5784 hoc
2669 5733 2756 5783 est
2787 5723 3044 5797 spiritalia
3077 5740 3089 5780 :
3118 5736 3247 5795 ergo
3273 5721 3541 5795 ὁμοεύσιος
