4018 6184
585 176 726 247 4059

1818 174 2011 241 MAR"
2039 162 2395 240 VICTOBINI
2432 164 2596 237 ΛΕΜ

3653 190 3740 251 ιθιο

589 301 685 357 Dei
732 297 873 357 titius
895 337 911 366 ,
940 293 1086 367 quod
1114 302 1333 353 mter-nae
1374 292 1505 351 vitae
1550 292 1672 350 fons
1698 302 1783 350 est
1805 334 1819 361 ,
1850 293 2008 348 sicuti
2044 300 2194 363 pater

2298 288 2582 347 descensio
2607 293 2697 347 τοῦ
2722 286 2895 363 λόγου,
2920 285 3066 358 quod
3089 286 3336 358 quoniam
3355 302 3383 345 a
3401 298 3522 363 patre
3541 297 3686 364 exiens,
3703 304 3745 358 iis

587 392 825 463 putentia
857 389 1058 461 ipsius,
1088 396 1144 443 et
1171 387 1315 459 quod
1348 402 1444 458 per
1470 386 1643 457 ipsum
1675 386 1840 441 ﬁlium
1873 400 2037 440 unum
2063 384 2191 439 lient

585 482 794 546 omnia,
837 482 1089 553 quoniam
1131 495 1224 549 per
1255 481 1429 553 ipsum
1459 480 1660 534 omnia.
1693 476 1845 545 Quod
1872 475 2061 542 Jesus,
2089 474 2195 532 hoc

584 574 830 651 εειλόγος
856 582 912 632 ει
940 589 1125 628 εειιιειι
1157 581 1241 629 εει
1262 614 1279 642 ,
1325 582 1378 629 ει
1408 573 1549 628 velut
1590 571 1922 627 elementum
1953 569 2192 624 omnium

582 684 704 740 quae
732 679 876 737 sunt,
908 669 1143 726 maxime
1172 678 1349 724 autem
1379 667 1488 737 jam
1540 666 1593 725 in
1623 666 1819 743 ἐντργίᾳ
1842 674 1899 720 ει
1935 662 2195 719 manifes-

586 764 788 818 tatione
825 777 1012 818 eorum
1044 776 1165 832 quae
1198 769 1354 823 sunt,
1387 757 1527 829 quod
1570 758 1624 811 in
1656 773 1716 811 eo
1744 755 1999 813 inhabitat
2032 751 2196 809 omnis

588 856 856 927 plenitudo
881 856 1163 911 divinitatis
1190 853 1529 925 corporaliter
1550 850 1771 925 (Coloss.
1806 866 1865 916 ιι,
1882 849 1962 922 9),
1994 849 2094 903 Ιιοε
2112 852 2197 903 est

586 949 643 1004 in
663 951 979 1021 operatione
998 947 1422 1005 substantialiter
1448 964 1462 1000 :
1494 946 1548 1002 in
1582 954 1732 1015 patre
1758 943 1901 999 enim
1927 940 2194 1012 potentia-

584 1040 710 1098 liter
734 1041 912 1095 omnia
938 1039 1257 1095 inhabitant.
1277 1038 1339 1093 Et
1356 1037 1557 1093 idcirco
1576 1034 1734 1092 Jesus
1750 1033 1896 1108 λόγος
1922 1033 2096 1104 imago
2114 1038 2198 1087 est

586 1135 756 1205 patris
787 1134 901 1199 Dei,
938 1132 1041 1189 huc
1070 1132 1247 1203 ipsum
1273 1128 1413 1203 quod
1439 1137 1542 1196 est,
1570 1126 1807 1199 potentia
1836 1135 1940 1193 est,
1959 1125 2069 1197 jam
2095 1124 2198 1180 hoc

586 1229 728 1301 quod
749 1239 830 1284 est
856 1228 1124 1284 actionem
1146 1240 1297 1282 esse:
1318 1240 1478 1281 omne
1504 1223 1649 1279 enim
1676 1220 1818 1292 quod
1850 1221 1901 1275 in
1928 1220 2197 1276 actionem

584 1323 698 1377 exit
720 1363 735 1389 ,
765 1331 819 1376 et
846 1320 1021 1391 imago
1045 1328 1128 1375 est
1148 1317 1265 1389 ejus
1292 1316 1431 1387 quod
1460 1324 1544 1371 est
1572 1312 1962 1386 potentialiter,
1992 1316 2049 1369 et
2079 1309 2199 1380 ejus

587 1412 730 1485 quod
745 1420 827 1467 est
850 1411 1210 1481 potentialiter
1225 1409 1365 1465 lilius
1387 1419 1468 1465 est
1482 1407 1623 1479 quod
1638 1406 1692 1462 in
1707 1407 1918 1469 actione
1930 1412 2033 1472 est,
2053 1402 2199 1459 exiis

584 1506 729 1561 ﬁlius
754 1516 806 1562 et
835 1516 987 1578 pater
1013 1504 1298 1579 όμοούσιον.
1330 1502 1483 1570 Quod
1509 1516 1578 1558 ex
1598 1499 1730 1558 Jcsu
1759 1498 1962 1565 omnia,
1991 1506 2048 1554 et
2077 1494 2199 1552 ideo

586 1614 652 1653 cx
685 1599 794 1654 Deo
823 1598 1000 1652 ornuia
1020 1638 1035 1661 ,
1081 1596 1264 1652 omnia
1304 1594 1425 1649 dico
1454 1605 1807 1663 quaecumque
1835 1599 1991 1655 sunt,
2019 1597 2069 1643 ει
2097 1602 2200 1640 ηοη

2295 384 2387 455 qui
2421 384 2473 439 in
2508 381 2662 439 caelis
2691 390 2838 448 sunt,
2867 390 2921 437 et
2948 380 3190 454 Angelis,
3214 390 3299 436 aut
3323 382 3515 452 thronis,
3535 388 3599 443 vel
3616 391 3747 461 gloriis,

2296 486 2350 529 et
2383 473 2689 542 huiusmodi
2722 489 2840 544 qua:
2867 482 3022 539 sunt,
3059 474 3211 530 dedit
3238 489 3381 530 suam
3414 480 3624 548 propriam
3646 485 3751 541 vitam

2298 568 2534 640 potentia
2574 568 2743 641 patria
2771 587 2784 622 :
2817 568 2961 642 λόγος
3001 568 3147 625 enim
3182 569 3412 624 omnium
3434 578 3625 643 est,per
3654 591 3754 647 quem

2297 661 2437 717 facta
2464 668 2593 716 ειιιιι
2628 660 2832 717 omnia.
2864 661 2928 717 Et
2955 676 3176 726 rursus,
3204 661 3342 733 quod
3373 677 3463 717 non
3490 675 3603 721 esset
3624 667 3754 725 viret:-

2297 770 2457 823 cere,
2491 755 2593 811 nisi
2622 765 2768 810 esset
2814 754 3035 811 materia
3068 754 3135 810 ad
3177 756 3454 826 potentiam
3481 757 3759 829 vivel‘aciesdi,

2297 845 2488 902 eil’ecta
2511 854 2594 901 est
2615 846 2835 902 materia
2862 854 3071 902 mortua
3098 855 3325 911 natum,
3348 863 3454 917 qua:
3476 849 3761 910 viveiacttsuts

2298 937 2519 994 militias
2547 937 2729 995 emisit
2755 937 3116 994 viviﬁcatione
3139 938 3317 992 divina
3334 979 3349 1002 .
3370 948 3418 994 et
3435 944 3630 1010 corrupit
3648 943 3762 999 homi-

2298 1046 2422 1088 nem
2446 1072 2463 1099 ,
2493 1029 2587 1089 sed
2614 1031 2785 1107 λόγος,
2816 1031 2922 1087 vita
2956 1030 3196 1102 perfecta
3224 1031 3491 1102 complevit
3514 1035 3762 1105 mysterium,

2299 1136 2350 1182 et
2374 1127 2625 1196 apparuit
2650 1125 2705 1183 in
2734 1127 2990 1193 materia,
3021 1124 3127 1182 hoc
3160 1133 3245 1181 est
3272 1126 3326 1181 in
3355 1141 3501 1184 carne
3523 1137 3567 1183 et
3593 1128 3634 1185 iu
3675 1139 3766 1185 tene

2299 1216 2430 1272 bris.
2473 1216 2758 1287 Quomodo
2804 1217 2948 1275 enim
2992 1227 3111 1274 erat
3158 1217 3406 1289 possibile
3441 1233 3651 1290 apparere
3680 1222 3766 1291 quod

2298 1306 2493 1364 fuisset
2516 1348 2532 1373 ,
2568 1310 2669 1364 nisi
2699 1308 2751 1363 in
2782 1323 2977 1375 carne,
3008 1308 3114 1365 hoc
3150 1319 3266 1374 est,
3297 1310 3350 1365 in
3373 1324 3517 1367 sensu
3545 1314 3767 1383 apparereti

2301 1398 2493 1454 Omnia
2524 1414 2653 1471 ergo
2679 1399 2906 1457 effectus
2928 1400 3074 1475 λόγος
3093 1441 3109 1467 ,
3139 1410 3192 1457 ει
3237 1403 3291 1457 in
3322 1402 3572 1467 omnibus,
3601 1414 3643 1461 et
3658 1405 3768 1475 genuit

2299 1492 2504 1560 omnia,
2527 1493 2777 1558 salvavit,
2811 1503 2866 1550 et
2894 1496 3157 1563 regnavit,
3192 1495 3300 1550 vita
3326 1504 3511 1552 mterna
3554 1497 3727 1553 existens
3741 1499 3771 1553 in

2300 1586 2491 1659 spiritu
2513 1602 2527 1641 :
2552 1585 2698 1659 Ergo
2709 1588 3031 1660 justi/iectus
3052 1598 3149 1654 est,
3168 1588 3409 1661 apparuit
3427 1588 3619 1662 Angelis,
3635 1592 3772 1646 veniens

586 1701 760 1744 tenens
800 1698 953 1759 caput
995 1686 1227 1753 Christi,
1272 1701 1337 1741 ea:
1377 1700 1478 1757 quo
1508 1699 1656 1739 omne
1694 1697 1882 1752 corpus
1922 1695 2014 1752 per
2052 1686 2195 1733 actus
2224 1688 2272 1750 Β
2300 1695 2429 1753 ergo
2456 1682 2764 1751 prtedicatus
2792 1692 2865 1738 est
2884 1682 3136 1755 gentibus.
3168 1682 3290 1739 Fuit
3311 1684 3463 1756 igitur
3485 1692 3705 1756 antequam
3719 1700 3773 1739 ve-

591 1791 637 1837 et
686 1782 1067 1852 rortjnnctiones
1103 1779 1546 1837 subministratum
1595 1785 1643 1832 et
1696 1774 2041 1845 productum,
2089 1786 2199 1825 cre-

588 1876 682 1931 scit
738 1878 790 1929 in
845 1877 1210 1930 incrementum
1266 1873 1360 1927 Dei
1404 1871 1593 1943 (Ibid.
1645 1867 1795 1941 i9);
1843 1883 2005 1924 unum
2053 1866 2196 1922 enim

590 1973 804 2035 omnia,
865 1969 1075 2024 etiamsi
1124 1965 1427 2023 differentia
1472 1964 1618 2030 sint,
1673 1978 1796 2035 quae
1844 1968 1973 2016 sunt
2021 1976 2034 2014 :
2088 1972 2197 2014 non

589 2063 735 2119 enim
762 2078 964 2131 corpus
1012 2062 1174 2117 totius
1215 2058 1450 2115 universi
1491 2057 1641 2114 velut
1681 2069 1908 2111 acervus
1950 2062 2034 2111 est
2058 2093 2073 2119 ,
2105 2050 2196 2123 qui

592 2170 821 2213 acervus
848 2163 992 2211 tactu
1015 2153 1156 2209 inter
1179 2166 1241 2207 se
1268 2150 1384 2207 solo
1408 2164 1700 2221 granorum
1722 2163 1918 2216 corpus
1940 2143 2196 2211 efiicitur,

589 2248 685 2304 sed
728 2247 962 2302 maxime
990 2260 1098 2317 quo
1128 2242 1409 2299 alternatis
1448 2242 1503 2297 in
1544 2255 1604 2296 se
1647 2239 1879 2295 invicem
1912 2235 2151 2308 partibus
2179 2274 2195 2301 ,

590 2351 647 2395 ut
676 2348 863 2396 catena
903 2338 1190 2394 continens
1238 2348 1436 2406 corpus
1476 2343 1559 2388 est
1584 2348 1600 2389 :
1624 2341 1815 2388 catena
1845 2330 1990 2385 enim
2018 2326 2194 2392 Deus,

590 2431 747 2487 Jesus
779 2430 1045 2501 Spiritus,
1072 2437 1189 2491 νοῦς
1214 2428 1396 2484 anima
1426 2425 1605 2497 angeli
1629 2432 1683 2481 et
1716 2420 1915 2479 deinde
1943 2434 2200 2491 corpora-

593 2524 663 2579 lia
736 2522 918 2578 omnia
971 2522 1399 2577 subministrata.
1451 2518 1620 2589 lgitur
1663 2514 1943 2589 plenitudo
2002 2514 2200 2589 quippe

594 2613 858 2686 producta
886 2624 993 2670 εει.

668 2705 859 2763 XXVI.
903 2705 960 2763 Si
982 2705 1145 2778 igitur
1164 2704 1344 2762 omnia
1369 2719 1554 2771 unum,
1576 2702 1779 2775 quippe
1794 2702 1846 2759 in
1868 2698 2195 2767 substantia,

595 2799 767 2856 multo
798 2798 970 2870 magis
1012 2799 1156 2861 Deus
1190 2806 1247 2853 et
1270 2796 1443 2865 ﬁlius,
1474 2811 1582 2853 non
1603 2794 1780 2853 solum
1807 2792 2198 2857 insubstantia-

539 2894 561 2955 {
596 2902 731 2958 tum,
755 2890 850 2948 sed
881 2890 1428 2948 consubstantiatum.
1460 2886 1879 2944 lnsubstantiata
1903 2885 2050 2941 enim
2074 2891 2201 2938 sunt

596 2984 773 3042 omnia
801 2981 925 3042 ὄντα
951 2985 1002 3041 in
1032 2983 1182 3051 Jesu,
1219 2984 1324 3041 hoc
1352 2992 1456 3049 est,
1488 2984 1536 3036 ἐν
1566 2991 1639 3056 τῷ
1663 2982 1793 3057 λόγῳ
1819 2980 1976 3036 sicuti
1996 2979 2199 3037 dictum

2302 1772 2481 1828 niret:
2508 1773 2743 1829 Creditus
2765 1777 2910 1829 estin
2938 1774 3150 1839 mando,
3174 1775 3252 1831 sic
3279 1778 3418 1833 enim
3442 1786 3490 1832 et
3512 1775 3643 1833 lsaias
3658 1775 3774 1831 fatetur

2300 1866 2670 1936 praphetans:
2699 1866 2972 1925 Laboraait
3012 1867 3277 1943 ﬁgyptus
3296 1912 3310 1935 ,
3337 1881 3395 1941 ⁸ει
3430 1870 3692 1926 mercimonio
3718 1868 3776 1924 £-

2300 1958 2552 2030 thi0pium
2577 1969 2625 2016 ει
2650 1959 2863 2017 Sabaim
2889 1979 2910 2018 :
2954 1961 3062 2018 Viri
3096 1965 3337 2020 altissimi
3363 1966 3414 2020 in
3442 1975 3486 2020 te
3516 1964 3775 2031 uttbuiabsat,

2299 2061 2347 2107 et
2376 2052 2465 2106 tibi
2492 2064 2640 2110 erant
2665 2057 2817 2122 serui,
2846 2069 2895 2114 ει
2918 2068 3058 2114 retro
3079 2069 3126 2119 te
3146 2070 3415 2129 sequentur
3429 2061 3559 2134 ligati
3575 2060 3778 2125 notitiae

2300 2156 2349 2203 te
2367 2149 2740 2206 venerabantur
2762 2162 2809 2207 ει
2838 2162 2884 2207 te
2917 2154 3260 2225 precabantur
3274 2196 3290 2221 ,
3313 2156 3449 2228 quod
3472 2157 3521 2211 in
3543 2165 3584 2211 ιε
3606 2153 3704 2213 Deut
3720 2162 3777 2218 ιιιι

2299 2249 2565 2298 ctnonest
2596 2243 2733 2299 Deus
2759 2254 3185 2303 ρκιταιεειιιεε
3210 2248 3781 2317 εηίιιιιὶειιε,ειιικκόι-

2300 2332 2511 2402 bamus;
2544 2334 2679 2392 Dens
2727 2336 2895 2395 Israel
2922 2338 3057 2412 (lsa.
3093 2357 3225 2409 xcv,
3260 2343 3377 2414 ιι).
3415 2342 3781 2409 Ρηάίειιιιαῑθ

2300 2426 2355 2484 in
2387 2428 2620 2497 mundo,
2652 2440 2904 2502 receptus
2934 2434 2988 2491 in
3012 2435 3187 2506 gloria
3219 2435 3513 2493 divinitatis
3531 2445 3580 2491 et
3598 2433 3782 2496 obicitis.

2300 2528 2357 2577 et
2382 2519 2567 2588 initio,
2595 2530 2655 2578 et
2679 2534 2869 2593 postea
2893 2567 2908 2592 ,
2936 2534 2991 2582 et
3017 2541 3232 2600 semper
3257 2528 3336 2587 ab
3361 2529 3590 2594 sternis,
3608 2528 3783 2589 stua-

2301 2611 2427 2668 cula
2461 2613 2807 2673 saeuorum.
2842 2621 3038 2675 Amen.

2376 2702 2593 2762 XXVII.
2635 2705 2772 2767 Vide
2794 2717 2975 2766 autem
2994 2718 3053 2767 et
3075 2710 3216 2769 istud
3244 2711 3312 2769 ad
3344 2712 3596 2789 ἀμούσων
3612 2708 3786 2783 (πανὺ

2300 2794 2526 2866 Spiritus
2558 2797 2689 2853 dicit
2716 2799 2865 2855 [satiat
2893 2818 2907 2854 :
2933 2800 3006 2857 In
3034 2813 3084 2858 te
3111 2802 3286 2872 Deus,
3330 2814 3381 2867 at
3405 2821 3507 2863 non
3534 2814 3597 2862 est
3622 2803 3786 2861 Datu-

2301 2894 2385 2942 tra
2410 2897 2502 2944 te:
2529 2891 2672 2960 quod
2717 2892 2829 2948 tilio
2867 2894 2998 2951 dicit
3038 2895 3270 2959 Domino
3305 2897 3788 2968 noﬂro.mniiestll

2300 2976 2357 3031 in
2401 2988 2450 3033 te
2487 2980 2660 3046 Deus,
2689 2985 2792 3040 hoc
2818 2994 2939 3051 est,
2969 2988 3111 3058 quod
3138 2989 3352 3049 dictum
3378 3002 3499 3051 est:
3530 2991 3712 3048 Pataris
3733 3003 3787 3042 ιι.

598 3089 682 3134 εει
709 3094 725 3135 :
755 3076 941 3133 Omnia
965 3078 1017 3132 in
1044 3079 1141 3135 isto
1166 3087 1283 3132 sunt
1309 3077 1513 3134 condita
1536 3073 1757 3149 (Coloss.
1792 3090 1834 3141 t,
1858 3072 1948 3146 16)
1974 3090 1988 3129 :
2020 3073 2196 3148 ὁμοού-
2226 3082 2272 3147 ρ
2305 3068 2465 3125 Aliud
2508 3079 2687 3129 autem
2706 3115 2723 3141 ,
2752 3086 2801 3130 ει
2839 3093 2941 3132 non
2964 3088 3037 3135 est
3067 3079 3206 3136 Dens
3229 3092 3383 3141 cura
3408 3094 3456 3143 ιι
3481 3100 3501 3139 :
3524 3086 3572 3140 in
3597 3080 3792 3139 istaisti!

601 3191 693 3226 σια
722 3178 900 3225 autem
951 3169 1053 3227 ista
1100 3184 1206 3224 non
1252 3176 1396 3226 sunt.
1436 3164 1553 3223 Non
1585 3168 1729 3223 enim
1758 3167 1911 3239 quasi
1942 3165 2089 3223 οὐσία
2114 3172 2200 3221 εει

597 3260 729 3317 illud
744 3263 973 3332 primum
1001 3276 1123 3319 esse
1143 3261 1285 3333 quod
1302 3271 1387 3317 est
1408 3260 1571 3327 Deus,
1589 3274 1766 3330 neque
1784 3266 1962 3317 autem
1987 3268 2045 3317 ut
2071 3256 2198 3313 sub-

603 3354 797 3412 Stantia
818 3353 1160 3427 imago,quod
1182 3365 1265 3409 est
1287 3352 1549 3418 titius,sed
1564 3353 1725 3409 simul
1748 3352 1921 3409 solum
1946 3353 2195 3415 istorum,

600 3447 744 3519 quod
771 3456 853 3503 est
872 3461 993 3504 esse
1019 3447 1314 3503 divinitatis
1352 3445 1419 3503 ad
1439 3460 1685 3511 causam,
1713 3454 1796 3503 est
1818 3458 1946 3500 esse
1986 3443 2050 3499 iis
2079 3456 2198 3511 quae

599 3540 885 3599 sunt:sola
922 3540 1082 3610 igitur
1119 3539 1369 3613 όμοούσια
1412 3537 1552 3592 Deus
1579 3535 1826 3611 λόγοι-,δά
1855 3534 2195 3590 Timotheum

599 3638 771 3706 prima
789 3654 802 3691 :
825 3636 1027 3693 Etenim
1042 3636 1354 3705 conﬁdenter
1375 3649 1618 3706 magnum
1632 3631 1890 3703 quoddam
1904 3641 1978 3686 est
1994 3630 2198 3701 pietatis

601 3729 1054 3799 mysterinm,qnod
1066 3729 1445 3794 manifestatum
1457 3726 1593 3783 estin
1603 3724 2128 3799 carnc.jnstiﬁcatum
2144 3724 2197 3779 in

599 3820 809 3891 spiritu,
824 3820 1061 3890 apparuit
1078 3819 1305 3891 Angelis,
1322 3820 1661 3892 prtedicntum
1673 3827 1746 3874 est
1763 3817 2017 3889 gentibus,
2035 3816 2198 3873 credi-

599 3920 707 3967 tum
722 3913 775 3966 in
796 3911 1009 3976 mundo,
1039 3911 1361 3983 receptumin
1387 3909 1596 3984 gloria(
1624 3910 1645 3967 ι
1673 3908 1808 3966 Tim.
1842 3911 2054 3983 ιιι,16).
2084 3909 2199 3966 Hoc

598 4020 706 4061 non
749 4014 833 4061 est
868 4003 938 4060 de
970 4003 1146 4074 prima
1192 4002 1543 4073 generatione
1578 4001 1677 4057 sed
1708 4002 1775 4057 de
1800 4001 2071 4060 secunda:
2098 4000 2200 4056 hoc

600 4098 742 4153 enim
761 4103 1107 4168 estmagnum
1120 4093 1617 4167 mysterium,qu0d
1643 4094 1782 4149 Deus
1802 4093 2098 4151 exinanivit
2113 4108 2198 4149 se—

599 4189 888 4257 metipsum
906 4202 1028 4243 cum
1051 4183 1195 4243 esset
1209 4187 1261 4243 in
1283 4186 1379 4243 Dei
1407 4186 1599 4252 forma;
1619 4185 1814 4244 deinde
1843 4186 1983 4257 quod
2004 4201 2200 4257 passus

598 4290 704 4347 est,
743 4281 972 4351 primum
1003 4281 1058 4335 in
1086 4294 1248 4336 carne
1266 4295 1329 4336 se
1356 4295 1500 4346 esse,
1532 4288 1589 4336 et
1617 4280 1866 4335 humana:
1892 4280 2200 4351 generatio-

594 4379 682 4434 nis
704 4373 874 4430 iatum
909 4374 1108 4430 habere
1126 4413 1142 4440 ,
1162 4384 1220 4430 et
1244 4373 1299 4429 in
1325 4387 1543 4429 crucem
1576 4372 1712 4428 tolli.
1738 4370 1861 4428 Non
1882 4382 2067 4428 autem
2090 4372 2186 4428 tie-

2304 3177 2495 3220 omnes
2522 3165 2758 3225 haereses
2787 3171 3049 3239 praedicit.
3080 3175 3162 3230 Ad
3185 3176 3334 3233 istud
3354 3178 3481 3249 quid
3503 3178 3791 3237 dictum

2299 3253 2517 3312 Judazi?
2545 3267 2601 3314 et
2638 3261 2727 3331 qui
2756 3260 2944 3318 dicunt
2982 3264 3259 3324 hominem
3297 3285 3429 3329 esse
3460 3269 3718 3329 ieiunam
3742 3265 3793 3336 qi

2300 3344 2487 3403 dicunt
2522 3365 2589 3406 ex
2616 3351 2823 3409 nihilo?
2847 3364 2902 3410 et
2927 3353 3028 3412 iuit
3057 3360 3278 3430 quando
3309 3377 3422 3419 non
3460 3362 3584 3419 fuit!
3603 3358 3795 3423 “ei!

2300 3439 2446 3497 Deus
2487 3451 2543 3499 et
2568 3458 2790 3514 seraper
2825 3463 2968 3505 unus
3012 3451 3174 3509 Deus.
3204 3452 3263 3511 Si
3302 3457 3456 3513 enim
3483 3455 3625 3513 Iesus
3648 3455 3797 3527 id,“

2298 3531 2446 3607 λόγος
2488 3551 2706 3608 semper
2734 3539 2803 3594 ad
2836 3540 3040 3610 Deum;
3081 3553 3137 3600 et
3156 3546 3302 3620 λόγος
3336 3563 3477 3606 unus
3504 3549 3652 3613 Deus;
3670 3555 3712 3603 et
3738 3555 3798 3596 Iul

2299 3634 2385 3681 est
2428 3626 2567 3684 alius
2588 3670 2603 3696 ,
2652 3629 2927 3703 ὁμοούσιον
2967 3649 3099 3707 ergo
3142 3638 3307 3696 Deus.
3362 3643 3429 3698 Et
3458 3644 3593 3715 λόγος
3624 3632 3800 3697 mi

2302 3716 2445 3773 Deus
2482 3730 2566 3775 εει
2613 3723 2753 3792 quod
2796 3736 2880 3781 est
2912 3742 3067 3794 esse,
3099 3729 3261 3802 huius
3308 3743 3491 3790 autem
3534 3731 3709 3797 Dei.ot
3732 3724 3800 3796 Ψ

2300 3808 2442 3878 quod
2464 3820 2547 3867 est
2570 3826 2711 3881 esse,
2738 3817 2910 3874 virtus
2928 3830 2986 3874 et
3004 3821 3268 3892 sapientia
3294 3823 3480 3892 Iesus,
3506 3824 3601 3883 hoc
3619 3834 3687 3881 est

2300 3918 2441 3962 unus
2468 3905 2612 3962 Deus
2632 3948 2649 3975 ,
2699 3919 2755 3966 et
2792 3926 2900 3968 non
2928 3922 3018 3969 est
3045 3914 3202 3971 alter.
3243 3917 3493 3977 Unalitas
3520 3934 3636 3990 ergo
3656 3916 3803 3989 λόγοςα

2301 3996 2461 4065 Deus,
2493 4007 2549 4054 et
2571 4000 2743 4074 ipsum
2773 4005 2917 4075 quod
2940 4016 3027 4063 est
3044 4022 3198 4077 esse,
3224 4021 3282 4067 et
3321 4012 3475 4087 λόγος
3494 4026 3628 4079 esse,
3644 4009 3749 4067 idea
3764 4004 3805 4058 ii-

2299 4093 2408 4147 mul
2443 4092 2494 4148 in
2527 4108 2593 4149 eo
2621 4096 2768 4167 quod
2797 4108 2883 4155 est
2910 4115 3033 4157 esse
3052 4105 3389 4172 subsistens,
3415 4118 3471 4164 et

2300 4206 2428 4241 σιω.
2454 4185 2609 4275 Quod
2634 4200 2816 4247 autem
2846 4192 2992 4268 λόγον
3008 4210 3132 4253 esse
3152 4207 3261 4266 est,
3284 4197 3512 4269 honest,
3532 4202 3730 4259 vita-et
3745 4198 3807 4249 ιώ

2301 4292 2425 4335 εεεε
2448 4296 2462 4334 :
2485 4280 2590 4335 ista
2629 4284 2774 4339 enim
2815 4296 2941 4343 sunt
2988 4288 3162 4347 virtus
3196 4300 3252 4349 et
3284 4294 3559 4365 sapientia
3597 4281 3807 4357 θᾶσθε

2300 4380 2385 4426 εει
2414 4370 2664 4431 Salvator
2686 4373 2870 4444 Iesus,
2898 4383 3210 4451 progressio
3236 4395 3326 4443 est
3356 4397 3414 4443 et
3442 4384 3707 4457 generatio.
3726 4375 3809 4437 αἱ·

593 4477 719 4527 rcnt
746 4469 847 4524 ista
893 4464 1154 4522 mirabilia
1178 4506 1194 4531 ,
1238 4464 1288 4520 si
1328 4462 1560 4521 fuissent
1602 4463 1707 4519 illa:
1736 4472 1830 4525 aut
1866 4479 1934 4519 ex
1974 4464 2195 4520 nomine
2221 4477 2276 4539 Ι)
2300 4461 2656 4521 substantiam
2702 4466 2895 4525 iiiietas
2924 4475 3201 4541 processio
3221 4516 3240 4544 ,
3273 4487 3328 4533 αι
3352 4480 3412 4534 ει,
3438 4480 3685 4539 me.
3712 4466 3808 4528 ad.

593 4565 769 4621 solum
795 4603 810 4627 .
837 4572 931 4619 aut
964 4575 1035 4617 es
1071 4557 1244 4615 nihilo
1268 4599 1283 4625 ,
1313 4566 1404 4613 aut
1433 4573 1500 4615 ex
1543 4557 1655 4614 Deo
1685 4555 1982 4615 secundum
2022 4556 2193 4615 factu-

595 4671 735 4713 ram.
778 4654 915 4723 Quid
944 4654 1087 4711 enint
1125 4652 1457 4720 exinanivit,
1492 4653 1538 4708 si
1575 4666 1683 4709 non
1744 4662 1864 4709 erat
1902 4660 2190 4722 antequam

595 4756 743 4803 esset
769 4748 820 4803 in
849 4747 1054 4803 carne?
1078 4747 1142 4802 Et
1161 4745 1290 4817 quid
1314 4753 1452 4808 erat,
1480 4744 1621 4816 quod
1648 4744 1780 4801 dixit
1807 4744 2018 4816 aqualis
2042 4743 2191 4800 Deo?

598 4837 843 4908 Equalis
869 4847 1046 4895 autem
1066 4836 1360 4909 quomodo,
1385 4838 1475 4910 qui
1498 4852 1569 4894 ex
1594 4838 1762 4894 nihilo
1786 4836 1989 4893 factura
2020 4839 2191 4894 esset?

595 4929 804 4987 Idcirco
831 4946 958 5003 ergo
991 4948 1233 5002 magnum
1262 4932 1590 5003 mysterium,
1631 4930 1767 5003 quod
1804 4932 2190 5004 manifestatum

596 5026 748 5080 estin
780 5039 950 5080 carne.
988 5025 1114 5081 Fuit
1136 5041 1271 5098 ergo
1294 5037 1581 5098 antequam
1606 5036 1752 5082 esset
1783 5026 1838 5082 in
1866 5040 2034 5082 carne
2056 5066 2070 5091 ,
2100 5024 2198 5082 sed

594 5115 994 5176 manifestatum
1018 5117 1152 5173 dixit
1177 5119 1231 5174 in
1256 5132 1452 5174 carne:
1476 5116 1884 5188 intelligibiliter
1911 5117 2054 5175 enim
2080 5126 2199 5174 erat

594 5221 653 5269 et
678 5209 1134 5276 intellecmaliter;
1156 5209 1489 5266 sersibiliter
1518 5219 1698 5264 autem
1736 5218 1796 5265 et
1847 5208 2195 5266 incarnaliter

594 5311 724 5360 tunc
753 5301 1128 5358 muniit-status
1156 5309 1258 5357 est.
1290 5300 1538 5357 Potentia
1574 5301 1719 5357 enim
1747 5307 1839 5359 τοῦ
1867 5302 2013 5376 λόγου
2036 5302 2190 5373 juxta

594 5413 747 5457 suam
770 5397 1133 5454 substantiam
1172 5398 1299 5451 vitae
1330 5405 1415 5451 est
1434 5436 1451 5462 ,
1482 5408 1699 5464 semper
1724 5394 2025 5451 substantia
2044 5437 2062 5463 ,
2100 5409 2192 5453 se-

597 5493 833 5548 cundum
860 5492 1004 5564 quod
1030 5492 1160 5561 vita,
1186 5501 1240 5547 et
1267 5489 1536 5555 viveiacit,
1562 5498 1619 5544 et
1641 5488 1971 5557 reviveiacit,
2000 5499 2056 5545 et
2082 5505 2188 5547 non

601 5587 862 5661 permittit
886 5602 1009 5645 esse
1034 5587 1090 5642 in
1114 5592 1290 5642 morte
1313 5596 1667 5654 quaewmque
1695 5580 1967 5662 viveiacit.
1992 5582 2050 5641 lu
2074 5585 2187 5654 pri-

599 5697 686 5742 ma
718 5680 879 5753 igitur
898 5681 1134 5739 motione
1155 5678 1338 5737 omnia
1361 5677 1416 5735 in
1437 5676 1602 5735 vitam
1629 5676 1870 5746 adduxit,
1891 5683 1950 5733 et
1976 5675 2080 5733 ista
2104 5686 2189 5733 est

2295 4556 2480 4626 gentia
2503 4564 2557 4614 et
2580 4557 2925 4630 refulgentia.
2959 4563 3070 4623 Hoc
3095 4578 3275 4623 autem
3300 4585 3415 4629 non
3433 4570 3540 4630 ιυιι
3558 4565 3737 4642 quando
3752 4573 3811 4615 ⁸⁸⁸

2292 4644 2431 4714 fuit,
2472 4648 2568 4706 sed
2601 4664 2818 4722 semper
2843 4655 2949 4711 fuit
2989 4675 3004 4712 :
3034 4672 3255 4731 semper
3288 4678 3427 4735 ergo
3466 4675 3646 4736 pater.
3674 4665 3812 4724 σῶμα

2295 4738 2460 4796 illius.
2490 4736 2563 4799 Et
2600 4751 2753 4811 pater
2780 4753 2987 4805 tantum
3021 4760 3203 4819 pater,
3231 4755 3458 4821 etiilius
3486 4766 3676 4819 tantum
3697 4749 3814 4807 illi“:

2293 4832 2362 4888 ad
2386 4841 2592 4904 patrem
2621 4845 2826 4908 autem,
2854 4842 3109 4912 quoniam
3156 4846 3212 4903 id
3253 4849 3405 4920 quod
3448 4860 3538 4907 est
3560 4862 3696 4911 ess.
3729 4832 3815 4913 φά

2292 4934 2377 4982 εει
2418 4926 2565 4983 Deus
2605 4936 2666 4985 et
2704 4940 2888 5000 pater,
2916 4949 3076 4993 causa
3118 4948 3206 4994 est
3280 4950 3359 5017 τῷ
3394 4943 3535 5017 λόγῳ
3580 4924 3817 5004 alii!"

2300 5028 2386 5077 est
2423 5020 2473 5077 ei
2514 5036 2636 5080 esse
2657 5065 2673 5090 ,
2704 5039 2805 5082 nec
2842 5042 3125 5087 reversum
3156 5043 3334 5091 autem
3360 5054 3379 5091 :
3408 5047 3470 5097 et
3512 5044 3596 5092 est
3628 5026 3816 5105 νίψω

2300 5110 2457 5181 eius,
2490 5114 2633 5185 quod
2680 5117 2913 5188 primum
2950 5130 3035 5178 est
3070 5139 3228 5193 esse,
3260 5128 3587 5198 quiescere;
3625 5132 3703 5185 ui
3726 5120 3819 5189 ὶόισ

2300 5212 2481 5258 autem
2523 5209 2801 5278 proprium
2839 5225 3060 5271 movere
3102 5225 3161 5275 et
3197 5233 3359 5289 agere
3382 5262 3401 5288 ,
3424 5231 3490 5281 et
3522 5235 3625 5279 non
3658 5212 3820 5273 W

2303 5295 2533 5361 moveri,
2550 5312 2723 5369 neque
2744 5300 2805 5355 in
2821 5302 3003 5360 locum
3026 5316 3105 5365 tra
3114 5309 3513 5379 nslatione,sed
3532 5311 3822 5373 minus“

2293 5384 2490 5477 anima:
2518 5398 2601 5445 est
2629 5391 2923 5451 meliereet
2943 5397 3207 5460 divitiora
3226 5445 3245 5471 ,
3274 5421 3400 5476 quae
3420 5405 3637 5477 propria
3660 5397 3820 5457 καί*

2295 5486 2351 5532 ει
2389 5476 2550 5539 vitam
2595 5479 2714 5541 dat.
2746 5492 2811 5541 et
2840 5486 3224 5563 intelligendas
3246 5496 3402 5565 ,μω-ξι
3420 5476 3706 5553 absum
3735 5492 3824 5543 int

2294 5567 2431 5645 ipsa,
2459 5584 2634 5635 etnon
2652 5574 2886 5638 discissa
2905 5596 2938 5640 a
2957 5586 3175 5659 prapria
3192 5592 3440 5659 petentia
3452 5585 3821 5661 inopem

2369 5681 2610 5742 XXVIII.
2653 5676 2758 5736 Sed
2786 5678 2913 5735 ista.
2944 5680 3013 5741 Et
3054 5696 3284 5739 rursus:
3311 5682 3465 5742 Sunt
3510 5682 3646 5740 enim
3680 5686 3726 5735 α
3758 5669 3824 5727 sil
