4018 6184
242 270 372 327 ωσι

1394 274 1761 344 ADVERSUS
1802 272 2022 342 ARIUM
2067 283 2364 347 LIBERI.

3407 298 3545 363 1062

239 389 285 445 ῑη
328 404 479 446 saera
533 390 810 463 Scriptura
835 430 851 459 ,
896 396 1042 466 quod
1084 396 1224 454 Deus
1269 399 1463 467 Iesus,
1515 403 1659 474 quod
1705 413 1829 460 ante
1857 404 1911 464 Α
1937 419 2041 461 non
2084 418 2170 464 est
2216 425 2459 468 necesse.
2510 413 2654 471 Deus
2695 415 2841 473 enim
2880 425 2935 473 et
2963 419 3289 487 sub~tantia,
3331 432 3389 481 et
3417 428 3543 480 ευιι-

236 497 445 538 :roues:
476 483 619 554 quod
670 485 852 552 ﬁlius,
902 495 961 542 et
994 498 1183 544 natura
1232 491 1408 558 ﬁlius,
1465 504 1517 549 et
1570 495 1623 550 in
1668 510 1833 552 carne

236 572 413 639 ﬁlius,
471 584 525 629 ct
575 575 814 632 maxime
866 576 918 632 in
959 593 1125 636 conte
1184 579 1327 638 ﬁlius
1374 594 1635 652 vocatus,
1684 587 1830 657 quod

238 672 358 721 tunc
398 665 627 721 salvavit
672 668 849 724 omnia
888 666 1045 734 ὄντα.
1077 680 1134 727 ct
1173 681 1306 730 tunc
1346 676 1473 732 vicit
1523 678 1832 735 inimicitias

233 755 522 813 divinitatis
548 802 562 826 ,
583 767 643 813 et
669 775 883 816 «autem
915 774 1142 820 mortem
1169 805 1185 831 ,
1226 776 1280 821 et
1320 767 1460 837 quod
1490 770 1608 840 ipse
1638 783 1830 840 pascas

235 848 299 905 sit
343 850 653 906 secundum
683 852 973 908 motionem
1014 873 1027 909 :
1061 866 1211 925 pater
1253 873 1433 915 autem
1478 878 1589 918 non
1630 879 1832 921 secun-

233 939 353 995 dum
407 944 786 1000 ceSsationeiu.
831 946 885 1001 Si
917 947 1017 1001 ista
1073 934 1153 1004 sic
1200 961 1361 1020 sunt,
1394 953 1495 1010 hoc
1530 956 1682 1013 deest
1735 973 1826 1015 so-

235 1032 337 1086 lum
369 1035 636 1104 quomodo
667 1036 1073 1110 intelligendum
1104 1040 1408 1115 ὁμοούσιον,
1433 1057 1531 1102 aut
1554 1048 1829 1122 ὁμοούσεον

233 1139 347 1180 esse
369 1126 534 1181 lilium
569 1130 704 1200 patri
731 1147 744 1182 :
772 1131 875 1188 hoc
902 1133 1047 1189 enim
1076 1134 1272 1206 dogma
1300 1155 1445 1196 nunc
1466 1152 1534 1197 ex
1546 1143 1827 1215 pergefac-

232 1227 335 1273 tutu
365 1230 480 1286 est,
511 1235 566 1276 et
600 1223 817 1294 quidem
859 1226 986 1281 olim
1018 1230 1326 1287 rumoribus
1353 1234 1644 1303 iactatum,
1679 1242 1824 1311 quod

227 1324 329 1365 non
373 1322 621 1381 oporteat
660 1313 764 1372 dici
808 1317 1117 1393 ὁμοεύσιον,
1162 1322 1257 1378 sed
1305 1328 1475 1398 magis
1512 1328 1821 1403 ὁμοούσωνε

228 1418 364 1459 mmo
392 1403 665 1461 inventum
694 1406 797 1465 hoc
822 1409 1038 1483 dogma.
1070 1414 1283 1470 Audeat
1309 1425 1487 1475 autem
1520 1430 1577 1477 et
1604 1424 1711 1481 hoc
1735 1427 1822 1481 (li-

227 1511 369 1562 cere,
392 1498 533 1566 qttod
558 1498 710 1567 olim,
741 1517 844 1557 non
871 1502 994 1559 dico
1021 1506 1238 1576 quando
1259 1509 1388 1564 olim
1411 1528 1425 1563 :
1447 1511 1652 1570 sufﬁcit
1673 1518 1818 1575 enim

225 1593 362 1662 quod
392 1594 520 1650 mihi
544 1612 648 1650 non
676 1597 748 1653 ab
771 1612 941 1666 atoue,
967 1615 1142 1671 neque
1166 1617 1193 1653 a
1214 1606 1494 1673 praesentia
1513 1606 1696 1674 Iesus,
1716 1611 1818 1668 sed

224 1683 347 1738 olim
379 1685 561 1742 datum
598 1689 670 1743 sit
696 1696 822 1746 ante
850 1705 1022 1749 annos
1046 1700 1287 1761 centum,
1319 1698 1585 1763 concedo,
1613 1708 1670 1756 et
1694 1702 1817 1773 plu-

1936 503 2152 557 stautia‘.
2174 519 2333 559 causa
2360 514 2465 573 est,
2494 516 2549 563 et
2570 509 2821 566 omnibus
2849 527 2969 583 qua:
2998 522 3127 569 sunt
3148 515 3462 585 praeexistit,
3489 527 3545 572 ct

1935 592 2197 650 universa:
2215 598 2661 667 existentialitati,
2676 614 2731 658 et
2744 605 3011 662 universa:
3027 608 3298 663 essentiali
3318 609 3544 680 :abipso

1934 686 2076 742 enim
2087 690 2268 745 omnia
2285 702 2339 747 et
2352 710 2410 748 ea
2424 710 2545 764 quae
2560 705 2707 763 sunt,
2720 706 2777 753 et
2790 698 3023 754 nomina.
3042 700 3118 755 Ex
3134 700 3243 758 isto
3256 701 3421 773 igitur
3436 704 3545 761 Deo

1930 778 2202 835 substanti
2221 799 2248 835 ε
2264 782 2586 855 principium
2616 789 2708 859 qui
2721 798 2823 852 est,
2839 800 2894 845 et
2905 790 3028 847 ideo
3044 792 3137 864 qui
3156 794 3542 866 sitisubstantia

1932 870 2205 944 ὁμοούσιος
2231 876 2371 931 lilius
2394 877 2448 933 in
2474 878 2594 950 ipso
2618 889 2674 936 et
2690 896 2814 937 cum
2846 883 2984 954 ipso.
3002 885 3211 957 Quippe
3230 885 3400 942 forma
3427 888 3545 959 ejus

1930 964 2105 1036 quisit
2125 974 2179 1022 et
2198 968 2376 1040 imago
2392 980 2448 1026 et
2472 972 2775 1040 character,
2799 976 2917 1033 sine
2931 977 3126 1047 quibus
3149 980 3296 1037 Deus
3324 994 3431 1035 non
3456 980 3540 1037 iu-

1932 1056 2187 1130 telligiwr
2216 1060 2740 1136 necintelligeutiam
2765 1069 3037 1125 ascendit:
3058 1085 3164 1126 non
3190 1081 3368 1130 tamen
3394 1074 3538 1145 quod

1932 1164 2040 1205 non
2078 1149 2181 1215 sit,
2215 1154 2354 1223 quod
2400 1163 2486 1210 est
2524 1155 2749 1228 simplex
2789 1160 2969 1216 Deus:
3013 1170 3068 1218 et
3107 1176 3214 1218 non
3251 1165 3393 1235 quod
3437 1165 3541 1222 ista

1938 1244 2095 1313 φιδθὶ
2122 1245 2269 1303 aliud
2295 1292 2309 1309 .
2336 1251 2483 1320 quod
2514 1250 2570 1307 in
2598 1267 2659 1310 se
2688 1253 2808 1325 ipso
2836 1255 2974 1323 sint,
3008 1266 3102 1312 aut
3124 1266 3181 1313 ut
3200 1258 3495 1316 accidentia
3522 1304 3539 1330 ,

1931 1337 2026 1391 sed
2052 1335 2196 1393 istud
2234 1338 2410 1412 ipsum
2443 1344 2613 1400 Deum
2642 1361 2800 1404 esse:
2831 1349 2984 1405 etsic
3008 1366 3131 1407 esse
3161 1353 3435 1427 ὁμοούσιον
3460 1363 3545 1411 est

1925 1430 2069 1500 quod
2094 1441 2177 1486 est
2202 1448 2345 1502 esse,
2370 1445 2427 1492 et
2449 1446 2601 1508 pater
2623 1442 2765 1511 quod
2798 1452 2883 1499 est
2900 1459 3044 1502 esse.
3069 1446 3222 1516 Quod
3254 1458 3434 1507 autem
3464 1451 3543 1509 sic

1929 1534 2053 1577 esse
2097 1521 2243 1579 ﬁlius
2270 1532 2387 1595 est,
2420 1531 2556 1586 Deus
2582 1533 2724 1588 enim
2754 1536 2900 1606 quod
2942 1546 3026 1594 est
3052 1554 3175 1596 esse
3198 1582 3213 1608 ,
3245 1541 3325 1598 sic
3362 1554 3543 1601 autem

1926 1626 2048 1671 esse
2076 1617 2251 1693 λόγος,
2288 1628 2344 1675 ει
2368 1622 2471 1679 hoc
2504 1624 2773 1697 significat
2798 1644 3015 1701 semper
3045 1635 3188 1705 quod
3219 1634 3352 1691 dicit
3382 1657 3394 1692 :
3428 1637 3542 1711 Ego

1921 1716 1968 1759 et
1996 1720 2144 1776 pater
2170 1726 2330 1766 unum
2352 1730 2529 1770 sumus
2551 1717 2729 1790 (Joan.
2754 1736 2809 1787 x,
2831 1722 2945 1797 30).
2970 1724 3068 1778 Et:
3100 1724 3260 1782 Pater
3284 1730 3337 1783 in
3366 1746 3466 1796 me,
3497 1740 3544 1785 et

223 1789 329 1830 res.
370 1775 471 1833 Ubi
518 1780 706 1835 latuit?
754 1782 845 1836 ubi
884 1783 1106 1839 dormiit
1152 1793 1278 1842 aute
1317 1788 1568 1845 undecim
1612 1795 1823 1849 annos?
1852 1794 1901 1857 Β
1928 1775 2019 1870 ego
2045 1802 2099 1853 in
2123 1813 2269 1871 patre
2292 1806 2475 1870 (Jonn.
2507 1775 2620 1879 xiv,
2656 1813 2770 1884 10).
2797 1775 2865 1870 iit
2890 1775 2920 1869 τ’
2935 1818 3107 1889 siquis
3134 1837 3215 1875 me
3242 1822 3387 1889 vidit,
3419 1775 3543 1878 vidit

221 1881 338 1922 etim
365 1868 419 1923 in
452 1869 626 1926 Nicro
650 1873 869 1930 civitate
907 1874 1010 1931 ﬁde
1037 1877 1354 1933 conﬁrmata
1384 1896 1481 1952 por
1504 1884 1611 1939 300
1640 1886 1824 1953 plures

221 1957 517 2033 Episcnpos
535 2004 551 2030 ,
576 1963 851 2022 Arionitas
880 1962 1262 2036 excludentes,
1297 1970 1350 2026 iu
1373 1989 1479 2042 qua
1503 1975 1712 2045 synodo
1734 1976 1825 2033 is-

222 2059 394 2108 torum
424 2054 660 2109 virorum
692 2056 951 2133 Ecolesito
972 2061 1139 2116 totius
1175 2062 1326 2119 orbis
1350 2065 1553 2121 lumina
1579 2066 1820 2124 fuerunt.

220 2143 387 2199 Vetus
436 2145 597 2215 igitur
638 2149 830 2219 dogma
877 2150 1022 2221 quod
1068 2151 1277 2224 fugerat
1325 2173 1341 2209 :
1397 2158 1443 2212 si
1508 2174 1615 2214 non
1682 2160 1820 2227 fuit,

222 2236 523 2292 cenvictutn
545 2246 650 2304 est,
672 2246 729 2294 et
749 2254 890 2296 nunc
917 2243 1082 2311 capit
1106 2262 1119 2299 :
1149 2245 1192 2298 si
1222 2243 1344 2312 fuit,
1364 2257 1459 2302 aut
1476 2252 1825 2309 conterminae

222 2328 404 2395 siluit,
438 2337 531 2383 aut
559 2332 877 2400 cognitionis
909 2340 964 2388 et
998 2334 1240 2392 veritatis
1277 2343 1543 2397 sententia
1580 2341 1822 2415 fugatum

222 2427 340 2475 est:
369 2420 505 2476 forte
553 2430 677 2477 tunc
719 2430 774 2477 tu
820 2432 1049 2493 patrone
1092 2427 1358 2499 dogmatis
1401 2446 1514 2488 non
1546 2435 1728 2491 solum
1766 2437 1821 2492 in

221 2515 325 2565 vita
349 2553 362 2571 .
394 2511 489 2567 sed
522 2514 805 2584 epiSCOpllS
836 2515 981 2571 fuisti
1020 2533 1040 2571 :
1074 2521 1289 2575 tacuisti
1319 2531 1374 2577 et
1403 2532 1457 2578 tu
1476 2564 1494 2591 ,
1523 2532 1580 2580 et
1606 2527 1741 2582 socii
1768 2536 1825 2584 et

221 2598 465 2671 discipuli
490 2645 506 2671 ,
540 2611 596 2659 et
638 2605 1032 2677 conductores,
1064 2618 1122 2666 et
1156 2619 1273 2669 toto
1310 2621 1555 2687 tempore
1593 2627 1780 2689 postea
1804 2661 1820 2685 ,

224 2709 498 2765 usquequo
545 2696 840 2768 imperator
896 2700 1082 2759 [totum
1132 2703 1267 2773 ﬁnit,
1326 2724 1569 2778 {transeas
1627 2712 1823 2771 audisti

223 2786 388 2839 multa
418 2790 708 2854 contraria,
738 2792 962 2846 conviva
992 2795 1233 2853 existens
1286 2799 1511 2856 istorum
1543 2802 1822 2862 hominum

221 2891 356 2945 quos
402 2894 543 2934 nunc
582 2882 1004 2941 auathematizas
1037 2904 1049 2939 :
1080 2887 1247 2946 iratus
1295 2893 1377 2948 vel
1420 2896 1568 2966 quod
1616 2898 1735 2955 sine
1772 2907 1824 2955 te

221 2967 380 3024 fidem
411 2972 764 3041 scripserunt.
797 2975 878 3031 Au
896 2987 1123 3034 coactus
1142 2996 1171 3036 a
1200 2986 1475 3055 magistris
1500 2988 1713 3060 legatus
1735 3009 1825 3049 ve-

219 3064 344 3117 nisti
387 3064 440 3117 in
487 3064 851 3123 defensionem
894 3071 1253 3139 proditionis?
1283 3077 1389 3133 Sed
1435 3081 1560 3151 quid
1598 3083 1819 3152 diﬁ'ert,

219 3157 334 3210 sive
363 3157 582 3226 triginta
599 3202 616 3224 ,
642 3160 754 3216 sive
778 3165 1108 3235 septuaginta
1134 3209 1149 3229 .
1183 3168 1298 3225 sive
1320 3174 1552 3235 annilius
1574 3214 1589 3240 ,
1619 3188 1674 3233 et
1704 3181 1821 3235 sive
1846 3182 1896 3253 α

218 3250 422 3319 εςιιρίιιε
468 3249 655 3306 eadem
700 3254 832 3309 tides
872 3256 927 3310 in
970 3257 1393 3319 destructionem
1420 3266 1649 3323 aliarum
1688 3273 1827 3351 αἱρέ-

220 3363 355 3397 σεων
377 3340 568 3398 cllecta
593 3345 717 3399 est?
744 3362 843 3402 una
875 3363 997 3404 eum
1030 3352 1119 3420 sit,
1148 3362 1205 3409 et
1231 3356 1299 3411 ab
1327 3374 1436 3414 uuo
1463 3340 1829 3435 incipiens,'et

216 3443 442 3506 operata
480 3451 648 3508 usque
686 3454 848 3496 nunc.
884 3440 964 3498 'l‘u
995 3452 1175 3501 autem
1212 3450 1407 3506 scribis
1434 3452 1533 3507 ista
1562 3463 1617 3511 et
1639 3456 1820 3515 dicis:

217 3542 340 3597 qure
365 3526 751 3586 Samosatenus
779 3532 1005 3602 Paulus,
1035 3546 1091 3593 et
1119 3540 1430 3612 Marcellus,
1461 3554 1516 3601 et
1536 3548 1819 3621 Photinus,

218 3627 276 3675 et
300 3634 445 3675 nunc
473 3620 669 3677 Valens
694 3632 749 3679 et
778 3624 1051 3696 Ursacius,
1068 3638 1125 3685 et
1148 3631 1238 3687 alii
1263 3632 1424 3690 istius
1449 3640 1600 3695 modi
1628 3641 1681 3696 iu
1704 3644 1822 3699 lue-

146 3690 153 3697 .
218 3713 329 3769 tesi
348 3713 579 3785 religiosi
602 3715 807 3773 inventi
826 3719 1084 3777 ἀεδιτιιειί
1105 3734 1249 3781 sunt.
1267 3726 1533 3802 Numquid
1558 3733 1823 3807 ὁμοούσ-ιον

218 3806 502 3862 dicentes?
530 3809 662 3864 Non.
695 3812 980 3880 Quomodo
1006 3824 1183 3874 autem
1211 3806 1691 3892 hlasphemantes?
1725 3830 1821 3886 Sa-

219 3906 532 3955 mosateuus
552 3899 716 3957 sicuti
734 3901 895 3958 Arius
920 3922 933 3960 :
965 3922 1031 3962 ex
1060 3909 1249 3977 nihilo,
1278 3922 1337 3969 et
1363 3916 1505 3985 quod
1537 3918 1637 3974 fuit
1653 3936 1821 3990 quan-

217 3991 292 4047 do
319 4008 423 4047 nou
460 3994 583 4055 fuit.
614 3996 753 4065 quod
793 3996 994 4054 factura
1026 4000 1202 4071 ﬁlius,
1229 4013 1285 4060 et
1306 4009 1531 4065 omnino
1555 4013 1822 4071 multimo-

217 4084 305 4138 dis
353 4083 632 4141 dissimilis
684 4088 844 4156 patri.
886 4091 1025 4158 Quid
1080 4094 1365 4154 Marcellus
1413 4110 1468 4157 et
1519 4102 1821 4163 Photinus?

217 4177 453 4233 Tantum
485 4178 754 4236 hominem
780 4197 847 4238 ex
862 4184 1088 4242 .liomiue
1110 4188 1318 4258 Iesum,
1340 4200 1540 4252 etesse
1568 4197 1817 4257 Triadem

217 4279 372 4328 extra
401 4271 606 4329 Jesum.
655 4274 725 4330 Et
763 4292 907 4333 nunc
942 4278 1134 4337 Valens
1172 4291 1229 4338 et
1275 4284 1527 4345 Ursacius
1578 4292 1819 4365 reliquiae

217 4366 356 4422 Arii.
391 4367 614 4440 Propria
651 4385 780 4442 ergo
820 4371 1151 4444 blaSpltemia
1176 4420 1193 4445 ,
1222 4389 1447 4451 propter
1463 4397 1626 4457 quam
1658 4389 1819 4460 ejecti

290 4647 488 4704 XXIX.
534 4648 819 4706 Videamus
847 4668 975 4724 ergo
1001 4654 1162 4711 etiam
1192 4666 1249 4719 et
1275 4659 1376 4716 hoc
1400 4664 1551 4733 quod
1578 4666 1736 4735 dicis,
1764 4680 1827 4726 et

212 4742 487 4811 quomodo
501 4742 660 4798 dicis:
688 4742 766 4800 sic
779 4744 996 4816 sapiunt
1009 4755 1064 4803 et
1077 4747 1215 4817 Afri,
1226 4752 1824 4830 etOrientalesomnes;

213 4847 387 4902 quare
406 4833 568 4904 igitur
579 4836 848 4895 scribisad
862 4839 1079 4909 illos,ut
1097 4841 1315 4913 ejiciant
1328 4864 1355 4902 a
1368 4859 1564 4909 meta
1582 4854 1827 4914 Ecclesia

214 4921 531 4997 ὁμοούσιονῗ
572 4928 765 4986 Dicunt
785 4947 914 5004 ergo
944 4933 1085 4992 istud
1114 4954 1130 4995 :
1163 4936 1281 4994 Non
1314 4946 1562 5011 oportuit
1603 4949 1670 5004 ad
1727 4966 1825 5007 eos

213 5016 411 5075 scribi:
432 5018 479 5074 si
509 5022 743 5092 oportuit
769 5024 968 5093 scribi,
998 5031 1236 5098 oportuit
1254 5040 1311 5088 et
1332 5038 1663 5104 persuadere
1690 5041 1820 5111 illis,

213 5126 330 5165 non
346 5112 517 5166 solum
530 5113 796 5183 jussioue,
821 5118 918 5173 sed
946 5119 1244 5179 rationibus
1256 5133 1318 5181 et
1331 5127 1502 5184 sacris
1513 5131 1817 5203 scripturis:

211 5203 418 5260 debeas
448 5204 588 5260 enim
621 5223 727 5262 non
763 5210 936 5264 solum
972 5210 1240 5286 ὁμοούσιον
1276 5217 1559 5278 destruere
1580 5262 1599 5291 ,
1622 5225 1728 5281 sed
1764 5235 1821 5283 et

211 5297 486 5373 ὁμοοόσων
511 5299 809 5359 adstruere.
831 5302 982 5361 Nunc
1001 5316 1181 5364 autem
1203 5325 1363 5380 supra
1386 5312 1527 5371 infra
1550 5316 1604 5373 in
1628 5319 1820 5394 ὁμουό-

212 5412 336 5449 σιου
360 5393 764 5463 perver-iuuem
795 5397 926 5454 nihil
954 5398 1096 5456 aliud
1119 5401 1256 5458 dicis
1273 5444 1290 5472 ,
1312 5421 1479 5476 quam
1506 5412 1650 5481 quod
1662 5393 1815 5471 istud

210 5485 461 5541 dicentes
506 5502 728 5543 necesse
765 5488 837 5544 sit
866 5491 1118 5550 conﬁteri
1162 5498 1519 5562 substantiam
1561 5507 1818 5575 praesis-

213 5585 366 5644 tere,
396 5585 452 5634 et
472 5579 559 5635 sic
583 5579 864 5652 explosum
890 5589 1099 5653 patrem
1128 5594 1184 5643 et
1204 5587 1378 5646 ﬁlium
1402 5606 1549 5650 esse.
1572 5595 1813 5658 Primum

290 5769 611 5827 Conﬁrmat.
640 5769 1124 5846 13‘0ch
1148 5788 1245 5837 aut
1268 5797 1408 5839 nunc
1434 5783 1651 5855 fama.

1930 1902 1979 1944 et
2007 1903 2226 1963 patrem,
2248 1898 2501 1971 ὁμουύσια
2538 1903 2704 1963 enim.
2732 1906 2923 1981 (Ibid,
2944 1911 3025 1984 9).
3055 1913 3192 1982 Quid
3217 1928 3345 1988 ergo
3387 1917 3540 1985 dicit,

1927 1982 2115 2042 dicens
2146 2004 2162 2043 :
2190 1991 2488 2058 pneexistit
2524 1998 2859 2069 substantia‘,
2909 1982 3177 2077 ὁμεοῦσῑον
3227 1982 3353 2064 est?
3402 1982 3541 2080 Quid

1928 2089 2058 2131 vero
2082 2077 2430 2153 εἱὸμουῦσιον
2466 2094 2571 2153 est,
2605 2104 2710 2146 non
2738 2108 2967 2152 necesse
2993 2106 3079 2153 est
3120 2097 3204 2156 sic
3240 2099 3542 2177 intelligere

1926 2168 2069 2237 quod
2122 2174 2434 2240 prmistat
2461 2181 2781 2251 substantia,
2815 2202 2843 2240 a
2889 2203 2996 2260 quo
3024 2191 3131 2247 duo
3154 2192 3261 2251 ista
3292 2168 3542 2255 subsimi-

1930 2256 2003 2311 tia
2037 2260 2232 2317 similia
2262 2266 2403 2324 facta
2445 2270 2598 2327 sint?
2623 2284 2678 2330 et
2714 2256 3015 2337 secundum
3048 2291 3195 2341 tuam
3236 2289 3501 2347 rationem
3524 2333 3539 2358 ,

1928 2358 1984 2405 et
2006 2360 2063 2407 to
2095 2353 2148 2409 in
2174 2356 2407 2428 idipsum
2444 2362 2679 2421 inermis
2700 2410 2715 2434 ,
2749 2371 2890 2441 quod
2937 2378 3134 2432 metuis
3156 2377 3211 2433 in
3247 2353 3536 2454 sponda-nov.

1929 2444 2011 2498 An
2046 2445 2145 2502 tibi
2183 2451 2289 2506 soli
2331 2453 2458 2511 licet
2504 2456 2803 2533 intelligere
2846 2464 3151 2539 ὁμοσύσιον,
3180 2444 3336 2545 patre
3377 2474 3541 2533 dante

1926 2537 2286 2597 substantiam
2318 2544 2464 2615 lilio;
2499 2548 2654 2606 nobis
2684 2537 2884 2611 autem
2916 2575 3022 2616 non
3065 2571 3149 2617 est
3182 2537 3287 2618 ista
3316 2568 3541 2639 excogi-

1926 2628 2060 2685 tatio
2097 2632 2368 2706 ὁμωύαω
2406 2654 2535 2699 esse
2559 2686 2575 2710 ,
2618 2654 2771 2714 patre
2804 2665 2966 2708 causa
3004 2655 3276 2715 existente
3320 2660 3386 2716 ad
3434 2628 3540 2720 ιῖοε

1928 2731 1987 2778 ιι
2030 2724 2101 2779 sit
2129 2728 2276 2787 titius
2300 2770 2316 2798 ,
2352 2734 2712 2795 substantiam
2760 2743 2930 2801 Deum
2972 2758 3096 2805 esse
3120 2793 3134 2815 ,
3164 2760 3223 2807 et
3256 2760 3317 2810 tu
3350 2755 3540 2813 fateris

2426 2830 2568 2887 enim
2585 2833 2731 2892 dicis
2750 2845 2807 2893 et
2830 2848 3041 2909 patrem
3067 2814 3127 2901 et
3148 2846 3344 2905 lilium.
3374 2850 3533 2923 Quis,

1927 2908 2016 3010 cui
2045 2910 2241 2969 similis
2260 2916 2288 2970 ι
2310 2923 2611 2980 secundum
2636 2927 2989 3003 dignitatem,
3017 2946 3073 2993 et
3097 2908 3421 3010 dignitatern
3442 2908 3539 3001 uo:

1929 2999 2132 3061 minam
2162 3006 2309 3099 ill-iss
2350 3014 2529 3083 patri?
2546 3019 2643 3075 sed
2667 2999 2846 3081 tamen
2870 3034 2925 3083 ct
2948 2999 3099 3099 pater
3120 2999 3265 3090 lilio:
3289 3037 3369 3094 sic
3390 3038 3533 3096 enim

1926 3104 2052 3195 sum
2078 3098 2261 3195 σφωε.
2282 3104 2353 3158 ad
2380 3105 2590 3179 aliquid
2611 3153 2626 3178 ,
2650 3114 2698 3169 si
2722 3113 2870 3173 istud
2904 3098 2989 3176 est
3012 3121 3344 3195 similitudo,
3375 3140 3429 3186 et
3456 3132 3538 3188 di-

1927 3186 2098 3245 cimus
2124 3192 2428 3268 dicendam,
2460 3204 2694 3265 similem
2724 3227 2846 3269 esse
2886 3217 3115 3278 dicimus
3140 3222 3309 3280 illium
3353 3229 3532 3299 patri;

1928 3289 1984 3381 et
2032 3288 2306 3353 quomodo
2348 3295 2674 3366 accipiemus
2713 3303 2866 3363 Isaia:
2893 3309 3098 3371 dictum
3132 3334 3144 3370 :
3178 3316 3310 3375 dicit
3335 3288 3481 3377 enim

2078 3392 2157 3433 nte
2178 3395 2282 3436 non
2308 3386 2410 3455 fuit
2435 3388 2573 3446 alius
2599 3390 2766 3464 Deus,
2784 3408 2830 3453 et
2855 3412 2972 3473 post
2995 3422 3073 3461 me
3096 3422 3200 3465 non
3225 3412 3321 3466 erit
3348 3414 3534 3472 similis

1927 3462 2063 3535 (1³⁸·
2096 3483 2256 3540 κιιτι,
2283 3475 2397 3548 ιθ),
2752 3462 2758 3464 '
2855 3462 2869 3473 ·
3186 3462 3196 3465 τ
3349 3462 3403 3522 --ἶ

1997 3557 2340 3673 XXX-Quid
2362 3584 2497 3673 ergo
2516 3576 2695 3653 λόγοςῖ
2720 3592 2846 3640 ante
2878 3587 3069 3661 Deum,
3100 3606 3166 3650 an
3190 3608 3312 3667 post
3338 3598 3529 3673 Deum,

1923 3665 1991 3706 an
2012 3669 2140 3711 eum
2174 3659 2326 3716 Deo?
2348 3665 2399 3719 si
2430 3678 2556 3724 ante
2582 3670 2749 3729 bemn
2773 3720 2787 3742 ,
2822 3694 2928 3735 non
2962 3684 3230 3756 ingenitus
3262 3691 3401 3748 Deus
3432 3708 3534 3752 nec

1924 3757 2077 3816 pater
2088 3751 2280 3852 Pons,
2330 3762 2776 3852 necpriucipium
2814 3751 3202 3847 principiorum
3230 3801 3243 3837 :
3276 3786 3321 3841 si
3348 3798 3530 3852 autem

1926 3850 2043 3943 post
2298 3852 2389 3905 οὐκ
2432 3851 2637 3928 ὅμοιος,
2667 3864 2765 3919 sed
2807 3843 3008 3927 similis
3034 3874 3173 3933 alius
3216 3875 3379 3939 Deus.
3423 3884 3531 3943 Sed

1923 3934 1968 4046 sli
1996 3934 2146 4035 istud
2188 3940 2344 4046 nefas
2378 3945 2547 4011 dicis.
2581 3966 2687 4010 non
2720 3960 2899 4016 solum
2934 3970 3205 4038 potentia,
3236 3934 3526 4046 dignitaie,

1922 4022 2295 4135 densique“
2325 4045 2379 4091 et
2406 4041 2706 4102 substantia
2742 4022 3041 4123 :fquid-est
3069 4022 3531 4135 essetsuiistantit’t

1920 4116 2095 4220 simne
2116 4121 2247 4229 {Ex
2272 4127 2391 4198 ipsa
2423 4131 2525 4188 ista
2556 4116 2895 4213 substantia,
2927 4116 3226 4210 secundum
3251 4160 3395 4229 quod
3427 4116 3529 4220 ist;

1920 4208 2033 4278 ipsa
2064 4213 2361 4275 substantia
2386 4233 2490 4291 est,
2511 4226 2653 4286 idem
2683 4242 2786 4303 est,
2813 4253 2918 4294 non
2946 4242 3125 4301 simile
3150 4266 3163 4302 :
3193 4208 3371 4310 simile
3386 4257 3529 4314 enim

1918 4304 2173 4414 qualitate
2192 4310 2445 4415 efficitur,
2463 4334 2584 4390 quae
2603 4324 2899 4386 similitudo
2916 4332 3118 4410 colore,
3136 4304 3531 4415 δευὲῖιῖξεῖεᾎῖ

1925 5244 2045 5300 sus,
2236 5238 2475 5345 diuinas
2510 5263 2631 5307 esse
2670 5257 3044 5336 substantiam,
3073 5270 3228 5329 sicuti
3253 5275 3526 5345 sapientes

1922 5333 1978 5379 et
1995 5327 2207 5436 ἶηιὶᾳιιί
2622 5348 2765 5416 quod
2791 5327 3115 5431 subjectum,
3140 5327 3523 5436 quodest

1921 5417 2239 5525 quid,-quud
2272 5436 2359 5483 est
2386 5429 2440 5525 in
2468 5433 2573 5489 aiio
2602 5452 2708 5494 non
2747 5417 2905 5515 esse;
2930 5458 2984 5506 et
3013 5417 3519 5519 άθιῖιῖᾖὰένᾶἶιῑξιῆι
