4018 6184
595 259 737 317 I065

1776 252 1970 308 MAR“
2015 249 2358 307 VICTORINI
2397 251 2562 307 AFRI

3683 261 3778 318 illlil

592 371 977 439 accidentibus,
1023 367 1172 436 puris
1214 375 1269 424 et
1317 367 1446 422 solis
1494 365 1624 436 ipsis
1672 381 1792 436 qua:
1836 375 1961 420 sunt
2006 365 2057 418 in
2097 380 2184 430 eo,
2214 365 2262 425 Α
2291 365 2504 431 lumen,
2543 374 2596 419 et
2632 363 2871 432 spiritus,
2909 363 3052 436 quod
3089 371 3173 420 est
3207 363 3426 435 simplex
3461 375 3504 422 et
3543 368 3784 440 incomposi-

591 468 734 538 quod
758 475 838 521 est
863 465 1032 519 solam
1064 477 1183 517 esse
1213 461 1354 528 qttnd
1383 460 1673 524 subsistat;
1707 459 2062 514 substantiam
2095 474 2190 512 au—

590 567 700 616 tem
737 557 1039 627 subjectum
1079 571 1200 612 cum
1245 555 1308 609 iis
1348 554 1599 610 omnibus
1627 570 1747 623 qua:
1781 563 1906 607 sunt
1936 551 2189 607 acciden-

590 652 679 718 tia,
727 652 778 706 in
826 653 942 720 ipsa
987 649 1360 721 separabiliter
1399 647 1720 710 existentia,
1753 647 1805 700 in
1865 662 1963 702 usu
2009 659 2190 701 autem

586 744 903 814 accipientia
941 752 996 800 et
1052 743 1418 808 exitsentiam,
1450 750 1506 796 et
1535 741 1915 806 substantiam,
1949 739 2193 795 ubicum-

585 849 693 905 que
739 834 930 890 eodem
983 834 1142 890 modo
1181 849 1304 890 esse
1352 833 1552 904 aliquid
1593 833 1958 903 signiﬁcantes
1995 833 2194 886 utimur

585 929 704 985 istis
732 929 1064 985 nominibus.
1100 929 1181 983 Sit
1209 927 1367 998 igitur
1395 928 1494 990 sic,
1526 927 1642 981 sive
1671 927 1721 980 in
1748 925 1969 980 :eternis
1997 927 2110 980 sive
2138 925 2192 978 in

586 1021 913 1078 mundanis:
963 1022 1090 1077 licet
1132 1021 1275 1075 enim
1325 1019 1430 1075 dici
1481 1019 1596 1074 sive
1641 1018 2026 1083 exiSteutiam,
2081 1018 2194 1071 sive

587 1116 978 1182 substantiam,
1009 1114 1123 1169 sive
1150 1111 1293 1184 quod
1336 1121 1419 1168 est
1459 1126 1580 1167 esse
1619 1125 1745 1166 vere
1785 1109 2140 1164 subsmntiam
2179 1126 2191 1160 :

590 1209 663 1264 ibi
704 1209 873 1264 motio
915 1216 1033 1275 est,
1073 1215 1130 1262 et
1167 1223 1273 1262 non
1320 1205 1642 1276 simpliciter
1682 1202 1984 1268 motio,sed
2021 1201 2194 1272 prima

587 1304 784 1370 motio,
817 1317 937 1373 qua:
979 1315 1150 1371 genus
1187 1302 1255 1356 sit
1291 1307 1346 1354 et
1373 1299 1484 1368 ipsa
1524 1305 1725 1363 status,
1757 1308 1811 1352 et
1844 1295 2043 1349 idcirco
2081 1293 2196 1363 ipsa

594 1394 911 1450 substantia.
947 1392 1052 1449 Sed
1085 1394 1182 1447 ista
1210 1401 1264 1448 et
1302 1390 1579 1461 longioris,
1608 1399 1664 1444 ει
1684 1388 1904 1444 alterius
1933 1385 2190 1456 quwstio-

588 1487 692 1542 nis.
721 1486 875 1543 Nunc
900 1496 1078 1542 autem
1108 1485 1340 1540 fatemur
1355 1486 1495 1556 quod
1529 1485 1600 1540 sit
1626 1483 1699 1538 ibi
1726 1481 2044 1547 substantia,
2076 1495 2197 1550 quae

588 1580 751 1636 habet
791 1579 1081 1636 secundum
1114 1578 1384 1650 proprium
1417 1577 1773 1648 signiﬁcatum
1816 1575 1919 1630 hoc
1952 1592 1965 1627 :
1998 1571 2198 1645 aliquid

588 1670 642 1728 ὃν
672 1687 826 1740 εεεε;
866 1672 1125 1728 adversus
1163 1681 1341 1727 autem
1374 1686 1469 1726 eos
1507 1670 1596 1741 qui
1635 1670 1816 1724 dicunt
1850 1683 2041 1722 nomen
2071 1666 2200 1722 sub-

2296 469 2444 523 tum,
2476 475 2598 530 qua:
2629 458 2697 512 ibi
2731 467 2786 514 et
2824 457 2962 512 idem
2997 457 3177 512 lumen
3216 468 3269 513 et
3304 459 3541 527 spiritus:
3569 473 3635 516 est
3657 477 3783 520 autem

2295 555 2488 610 lumini
2517 566 2569 610 et
2596 555 2805 624 spiritui
2840 555 3014 624 imago
3035 595 3051 620 ,
3081 569 3188 608 non
3227 568 3259 607 a
3293 553 3580 610 necessitate
3615 569 3786 625 natura,

2294 650 2388 703 sed
2431 649 2708 704 voluntate
2753 647 3136 720 magnitudinis
3167 647 3330 717 patris
3359 666 3370 699 :
3403 649 3504 718 ipse
3527 650 3644 704 enim
3670 667 3713 706 se
3735 656 3787 722 ip-

2294 758 2412 798 sum
2454 744 2989 798 circumterminavit.
3031 743 3108 797 Et’
3145 743 3346 798 idcirco
3373 742 3569 808 dicitur,
3599 755 3643 799 tu
3676 756 3714 802 te
3739 749 3791 818 ip-

2293 850 2412 889 sum
2446 834 2722 905 intelligis,
2755 835 2848 889 sed
2877 845 2932 889 et
2961 833 3072 888 ﬁlio
3101 832 3459 903 intelligibilis,
3497 834 3614 890 ﬁlius
3643 853 3738 908 ergo
3759 843 3791 895 in

2298 937 2448 995 patre
2480 927 2676 996 imago,
2705 938 2757 981 et
2790 928 2958 980 fortun
2983 968 2996 992 ,
3041 937 3094 981 ct
3124 927 3270 1000 λόγος
3291 967 3305 990 ,
3335 938 3384 980 ει
3413 927 3628 983 voluntas
3662 933 3793 998 patris,

2289 1018 2442 1088 juxta
2471 1019 2614 1089 quod
2645 1020 2894 1074 voluntas
2922 1020 3087 1088 patris
3112 1061 3127 1082 ,
3169 1022 3320 1073 alteri
3353 1019 3493 1088 juxta
3522 1022 3640 1090 quod
3665 1026 3796 1079 volun-

2299 1122 2379 1164 tas
2413 1111 2579 1181 patris
2614 1110 2774 1166 ﬁlitts.
2809 1110 2995 1166 Omnis
3023 1112 3166 1167 enim
3199 1111 3443 1166 voluntas
3467 1116 3704 1183 progenies
3727 1127 3794 1183 est,

2292 1203 2444 1272 juxta
2484 1203 2628 1273 quod
2672 1204 2990 1259 universalis
3037 1205 3322 1268 voluntas,
3360 1205 3648 1274 unigenitus,
3682 1211 3796 1265 semel

2297 1297 2440 1351 enim
2495 1298 2660 1351 totius
2711 1297 3058 1368 plenitudinis
3107 1299 3251 1371 λόγος
3302 1297 3520 1368 prosiliit
3565 1314 3593 1354 ε
3633 1302 3798 1368 putentia

2301 1388 2393 1444 Dei
2429 1406 2442 1442 :
2478 1389 2577 1444 ista
2613 1389 2847 1458 potentia
2902 1391 3044 1465 λόγος
3083 1392 3324 1445 existens
3361 1393 3534 1462 genuit
3567 1393 3705 1467 λόγον,
3735 1394 3798 1450 hoc

2297 1494 2415 1547 est,
2450 1482 2502 1537 in
2539 1483 3027 1539 manilestationem
3063 1493 3116 1539 et
3143 1484 3501 1554 operatiottetn
3529 1485 3722 1540 adduxit.
3743 1486 3799 1542 Sic

2298 1573 2460 1645 igitur
2491 1576 2762 1632 voluntate
2795 1576 2994 1646 patris,
3030 1575 3278 1630 voluntas
3316 1579 3554 1644 apparuit
3585 1577 3680 1648 ipse
3706 1579 3801 1651 ibp;

2300 1668 2442 1724 ﬁlius
2476 1687 2488 1723 :
2530 1681 2614 1726 est
2657 1670 2819 1742 igitur
2860 1670 2956 1726 Dei
2998 1672 3244 1726 voluntas
3292 1672 3436 1745 λόγος
3475 1685 3584 1727 cum
3624 1671 3713 1740 ipso
3746 1674 3801 1742 qui

587 1766 798 1818 stantize
828 1780 933 1819 non
967 1778 1088 1819 esse
1120 1763 1348 1833 positum
1396 1763 1449 1817 in
1501 1763 1705 1816 sanctis
1735 1758 2036 1826 scripturis.
2079 1758 2195 1812 Non
2227 1759 2276 1820 B
2303 1777 2517 1833 semper
2560 1774 2644 1818 est
2667 1805 2682 1830 ,
2723 1773 2779 1819 ει
2816 1764 2882 1820 ad
2924 1766 3094 1834 ipsutn
3143 1765 3254 1834 ipsa
3285 1769 3524 1820 voluntas
3549 1764 3698 1820 ﬁliatio
3722 1775 3800 1819 est:

587 1858 804 1929 quidem
834 1857 1149 1912 substantize
1187 1856 1324 1911 forte
1355 1870 1459 1910 non
1483 1863 1595 1922 est,
1624 1853 1966 1909 denominata
1999 1868 2028 1905 a
2067 1853 2198 1907 sub-

588 1951 783 2008 stantia
821 1959 978 2016 sunt,
1006 1950 1147 2006 unde
1189 1951 1332 2005 enim
1368 1949 1654 2004 deductum
1685 1951 1948 2005 ἐπιούσιον
1983 1964 2140 2016 quam
2166 1963 2196 2002 a

589 2043 884 2100 substantia
912 2042 1148 2116 (Matth.,
1167 2059 1243 2109 v1,
1275 2043 1363 2113 Η)
1391 2063 1402 2096 ;
1438 2041 1516 2096 Da
1543 2059 1726 2113 partem
1747 2040 1893 2094 nobis
1909 2042 2194 2104 ἐπιούσιον,

590 2137 936 2192 hodiernum?
961 2134 1222 2204 Quoniam
1255 2134 1408 2191 Jesus
1435 2134 1538 2188 vita
1569 2144 1672 2199 est,
1714 2143 1766 2187 et
1795 2147 1991 2204 corpus
2033 2131 2200 2201 ipsius

587 2232 698 2286 vita
727 2241 830 2300 est,
861 2245 1056 2300 corpus
1083 2239 1263 2284 autem
1297 2228 1478 2299 panis,
1521 2229 1676 2284 sicuti
1715 2228 1914 2284 dictum
1959 2239 2041 2284 est
2071 2248 2082 2283 :
2121 2231 2195 2285 Da

586 2325 745 2382 nobis
780 2340 973 2396 panem
1012 2323 1080 2379 de
1125 2323 1287 2379 creto.
1337 2320 1616 2391 Signiﬁcat
1653 2320 1914 2378 ἒπιούσιον
1953 2337 2019 2377 ex
2060 2323 2195 2392 ipsa,

585 2430 676 2474 aut
702 2420 756 2474 in
787 2419 901 2490 ipsa
933 2417 1232 2474 substantia
1255 2458 1270 2482 ,
1303 2415 1405 2471 hoc
1433 2427 1517 2471 est
1556 2415 1682 2470 vita:
1715 2431 1928 2485 panem.
1959 2415 2047 2471 Sic
2078 2432 2198 2471 rur-

587 2527 682 2569 sus
730 2522 787 2568 et
826 2512 1024 2568 Paulus
1075 2512 1126 2564 in
1173 2509 1416 2577 Epistola
1464 2509 1529 2562 ad
1575 2507 1934 2581 Titum(Tit.
1968 2524 2028 2574 ll,
2062 2507 2194 2581 l4):

589 2600 856 2669 Populum
881 2603 1193 2678 περιούσιον,
1221 2600 1363 2654 circa
1395 2599 1778 2665 substantiam,
1808 2599 1911 2654 hoc
1938 2611 2024 2655 est
2053 2602 2197 2656 circa

585 2697 752 2752 vitam
782 2696 1166 2752 consistentem
1199 2695 1486 2766 populum,
1528 2695 1685 2750 sicuti
1729 2702 1786 2750 et
1825 2695 1876 2750 in
1922 2695 2197 2753 oblatione

585 2788 783 2846 dicitur
816 2807 829 2842 :
863 2788 1068 2844 Munda
1098 2789 1188 2842 tibi
1225 2788 1475 2858 papulum
1511 2788 1702 2842 circum
1740 2789 1942 2843 vitalem
1978 2791 2196 2844 tantula-

586 2893 747 2938 torem
771 2884 1020 2937 bonorum
1049 2898 1261 2954 aperum
1286 2884 1423 2936 circa
1461 2891 1601 2935 tuam
1627 2883 1964 2936 substantiam
1991 2884 2196 2938 venien-

585 2988 700 3033 tem.
713 2976 938 3033 Videtur
959 2977 1088 3031 mibi
1113 2975 1254 3032 idem
1269 2977 1558 3046 signiﬁcari
1580 2976 1630 3030 in
1646 2975 1882 3032 Ieremia
1910 2979 2191 3046 pmpheta,

584 3070 675 3124 ubi
701 3069 827 3123 dicit
855 3068 1014 3140 (ler.,
1040 3085 1193 3132 χχιιι,
1225 3071 1314 3135 l8,
1343 3083 1456 3124 sec.
1489 3071 1616 3137 ιιι)
1639 3084 1653 3121 :
1678 3069 1815 3136 Quia
1845 3071 1957 3134 quis
1983 3072 2118 3124 stetit
2141 3072 2194 3124 in

2305 1868 2458 1927 pater
2487 1873 2638 1928 ergo,
2669 1858 2825 1928 cujus
2856 1867 2940 1912 est
2969 1859 3249 1922 voluntas,
3283 1858 3424 1913 ﬁlius
3451 1869 3614 1914 autem
3639 1860 3804 1913 voluntas

2301 1961 2405 2014 εει,
2436 1960 2490 2004 ει
2521 1951 2768 2005 voluntas
2797 1950 2913 2020 ipse
2941 1962 3019 2006 est
3047 1951 3190 2024 λόγος
3220 1965 3233 2001 :
3267 1952 3414 2025 λόγος
3441 1966 3561 2022 ergo
3589 1951 3714 2006 ﬁlius.
3733 1950 3804 2006 Non

2301 2043 2444 2097 enim
2492 2045 2638 2118 λόγος
2693 2045 2892 2099 locutio
2937 2045 3180 2114 quaedam
3236 2055 3341 2103 est.
3395 2045 3487 2099 sed
3543 2046 3730 2115 putentia
3765 2044 3805 2099 ad

2301 2138 2590 2192 creandum
2638 2137 2870 2210 aliquid,
2917 2138 3268 2192 confabulans
3319 2138 3386 2193 iis
3429 2141 3608 2208 quibus
3647 2138 3806 2192 futurum

2301 2239 2386 2286 est
2413 2221 2536 2286 esse
2568 2231 2863 2287 secundum
2902 2233 3146 2292 όντότητα
3178 2233 3430 2287 virtutem
3463 2233 3706 2302 unicuique
3728 2245 3806 2300 pro-

2303 2327 2472 2395 priam
2500 2327 2887 2392 substantiam,
2921 2337 2974 2382 ει
3006 2327 3117 2396 ipse
3147 2327 3287 2401 λόγος
3319 2327 3489 2382 l’orma
3508 2369 3521 2390 ,
3551 2343 3651 2396 qua:
3679 2340 3807 2395 Cogno-

2300 2423 2507 2476 scentia
2545 2434 2628 2477 εει
2667 2421 2758 2478 Dei
2790 2439 2802 2474 :
2838 2437 2934 2492 per
2960 2423 3100 2496 λόγον
3131 2422 3272 2478 enim
3311 2424 3487 2478 solum
3526 2420 3806 2494 cugnnsccntia

2300 2512 2550 2569 efﬁcitur.
2569 2514 2797 2584 Propter
2817 2514 2958 2585 quod
2981 2515 3182 2569 dictum
3205 2526 3284 2570 est
3309 2516 3462 2588 λόγον
3482 2531 3591 2570 esse
3607 2515 3660 2567 ad
3686 2515 3806 2576 Deum,

2301 2615 2354 2662 et
2385 2616 2468 2662 est
2488 2607 2636 2681 λόγος
2664 2607 2888 2662 verbum
2907 2649 2920 2670 ,
2955 2608 3136 2662 lumen
3165 2623 3196 2661 a
3230 2608 3467 2674 lumine,
3496 2617 3582 2661 aut
3615 2607 3807 2675 spiritusa

2306 2698 2519 2767 spiritu,
2551 2708 2604 2753 et
2635 2698 2934 2754 substantia
2963 2713 2993 2751 a
3024 2698 3351 2765 substantia,
3387 2716 3490 2755 non
3523 2701 3664 2768 prima
3692 2709 3731 2752 et
3754 2713 3807 2751 sc-

2299 2789 2472 2845 cunda
2505 2790 2800 2846 secundum
2833 2801 3068 2860 tempus,
3097 2793 3190 2847 sed
3221 2794 3520 2848 secundum
3564 2791 3680 2863 qttod
3705 2804 3805 2847 eausa

2301 2889 2385 2935 est
2409 2883 2529 2948 alii,
2584 2893 2640 2936 ut
2681 2882 2748 2936 sit
2791 2882 3022 2949 potentia
3068 2901 3081 2936 :

2297 2974 2535 3031 abscissa
2581 2985 2662 3030 est
2705 2974 3015 3045 cll‘ulgentia
3063 2977 3309 3040 luminis,
3348 2979 3444 3033 sed
3485 2993 3670 3047 semper
3698 2977 3734 3030 in
3759 2975 3807 3026 lu-

2300 3065 2444 3122 mine
2485 3077 2595 3132 est,
2644 3075 2698 3122 et
2749 3069 2861 3138 ipse
2901 3067 3083 3123 lumen
3139 3069 3382 3125 existens
3427 3081 3658 3141 operatur
3695 3069 3807 3121 omni:

580 3161 866 3217 substantia
901 3160 1130 3224 Domini,
1169 3170 1214 3216 et
1254 3161 1381 3215 uidit
1418 3163 1622 3216 verbum
1646 3164 1759 3234 ejus
1781 3161 1807 3215 1’
1837 3163 1950 3228 quis
1980 3163 2194 3232 prmbuit
2219 3143 2266 3207 C
2297 3160 2441 3233 λόγος
2481 3160 2752 3226 existens,
2798 3176 2829 3215 a
2890 3177 2950 3217 se
2981 3177 3235 3223 movens,
3277 3175 3334 3216 et
3368 3181 3486 3236 qua:
3523 3177 3702 3232 semper
3740 3173 3808 3214 m0-

581 3270 758 3310 aurem
792 3264 838 3308 et
877 3253 1115 3307 audivit?
1147 3254 1211 3308 Et
1240 3263 1356 3320 post
1387 3254 1656 3309 modicum
1687 3253 1817 3308 dicit
1847 3252 2038 3325 (Ibid.,
2067 3253 2194 3326 2'2):

581 3345 652 3402 Et
689 3348 734 3402 si
778 3347 1032 3402 stetissent
1070 3347 1124 3400 in
1163 3345 1484 3413 substantia,
1517 3344 1612 3400 sed
1655 3346 1707 3400 in
1737 3345 2036 3402 substantia
2065 3348 2196 3402 sub-

549 3439 780 3495 ‘stantia
807 3440 1090 3502 scribunt,
1126 3453 1231 3492 non
1265 3437 1643 3492 ittSantautia.
1677 3436 1782 3493 Sed
1813 3437 1858 3491 si
1890 3438 2010 3505 quis
2034 3437 2196 3492 intel-

578 3531 775 3588 lectum
804 3542 950 3586 certe
991 3529 1258 3600 intelligit,
1287 3527 1418 3582 nihil
1445 3527 1586 3581 aliud
1617 3528 1841 3592 invenit,
1875 3528 1972 3582 nisi
2001 3527 2142 3582 istud
2180 3547 2192 3582 :

581 3625 638 3682 Si
662 3627 783 3697 quis
806 3625 859 3680 in
881 3640 947 3680 eo
962 3625 1104 3696 quod
1138 3623 1233 3679 Dei
1257 3630 1342 3679 est
1369 3637 1489 3678 esse
1511 3622 1738 3686 Steterit,
1760 3621 1863 3676 hoc
1883 3632 1965 3677 est
1988 3622 2038 3676 iu
2065 3622 2194 3678 sub-

579 3720 799 3783 stantia,
822 3718 964 3790 quod
993 3718 1045 3772 in
1077 3719 1187 3788 ipsa
1219 3716 1483 3791 όμοούσιος
1513 3717 1674 3782 ﬁlius,
1703 3717 1882 3771 statim
1909 3718 2050 3792 λόγον
2077 3719 2198 3785 ejus

584 3810 767 3874 videt;
797 3811 1059 3867 debemus
1077 3810 1220 3865 enim
1251 3811 1393 3880 quod
1432 3810 1656 3865 ulterius
1684 3824 1789 3865 nou
1837 3818 1940 3874 est,
1966 3809 2194 3864 interius

579 3902 781 3975 aliquid
812 3913 958 3959 stare
986 3904 1164 3959 lacere
1185 3945 1200 3967 ,
1232 3905 1318 3960 τὸν
1361 3910 1474 3958 νοῦν
1502 3903 1880 3968 insubstantia,
1909 3903 2195 3958 substantia

579 3998 700 4064 Dei,
725 3997 826 4054 hoc
845 4005 930 4054 est
961 3998 1012 4052 in
1043 3996 1364 4062 substantia,
1395 4004 1453 4050 et
1480 3995 1658 4050 statim
1685 3997 2194 4067 comprehendimus

579 4102 636 4150 et
679 4093 870 4164 Deum,
909 4102 966 4150 et
1010 4093 1174 4168 λόγον,
1221 4089 1483 4166 ὁμοούσιον
1532 4091 1707 4160 enim,
1747 4101 1803 4148 et
1839 4091 1998 4150 simul
2035 4090 2195 4148 ambo

582 4200 773 4242 υηυηη.

653 4275 852 4332 XXXI.
890 4276 997 4333 Sed
1043 4275 1262 4332 videris.
1303 4276 1682 4349 Supponamus
1723 4276 1905 4334 dicere
1943 4277 2192 4332 substan-

584 4367 713 4425 tiam
756 4368 846 4424 Dei
879 4368 931 4424 id
957 4366 1086 4424 illud
1119 4367 1261 4438 quod
1301 4377 1384 4423 est
1405 4377 1617 4434 esse,et
1647 4376 1739 4425 τοῦ
1768 4377 1918 4430 ιησοῦ
1939 4369 2079 4438 quod
2109 4377 2195 4424 est

581 4476 703 4518 esse
726 4502 740 4523 .
769 4475 892 4517 esse
920 4461 1109 4522 Deum,
1139 4469 1193 4516 et
1223 4459 1420 4530 pietas,
1454 4469 1510 4516 et
1539 4461 1811 4518 confessio
1837 4479 1850 4516 :
1880 4477 2000 4532 quas
2030 4462 2190 4532 igitur

2299 3267 2465 3319 vens,
2508 3253 2720 3323 copiam
2775 3253 2981 3309 habens
3029 3271 3041 3307 :

2299 3359 2440 3401 esse.

2368 3438 2586 3494 XXXII.
2620 3439 2752 3506 Quae
2805 3441 2966 3509 igitur
3013 3441 3101 3497 hic
3137 3443 3471 3509 similitudo,
3516 3460 3622 3515 qua:
3660 3440 3810 3497 consilio

2297 3542 2354 3586 ιιι
2379 3533 2650 3587 efﬁciatur
2680 3541 2734 3588 et
2769 3543 3080 3604 generetur,
3118 3545 3172 3590 ut
3201 3535 3338 3590 dicis
3362 3579 3376 3601 ,
3411 3537 3475 3590 ad
3504 3535 3807 3607 generationem

2297 3626 2509 3681 ﬁlii?A
2549 3643 2608 3685 se
2657 3643 2882 3683 tnovens
2925 3638 3097 3699 pater,
3128 3646 3158 3684 a
3206 3645 3264 3686 se
3315 3648 3380 3688 se
3414 3645 3658 3703 generatis
3699 3629 3808 3687 ﬁlius;

2295 3719 2391 3774 sed
2434 3721 2669 3788 putentia
2707 3721 2872 3790 patris
2911 3735 2969 3775 se
3006 3739 3065 3776 se
3103 3738 3374 3793 gent-rans
3412 3724 3548 3779 ﬁlius
3588 3742 3600 3776 :
3637 3721 3808 3776 voluntas

2297 3811 2442 3867 enim
2472 3811 2616 3867 ﬁlius
2639 3852 2654 3874 ,
2689 3813 2830 3868 unde
2858 3814 3002 3868 enim
3036 3814 3080 3868 si
3113 3815 3224 3885 ipsa
3259 3818 3512 3872 voluntas
3541 3833 3634 3872 non
3656 3824 3757 3869 est:
3777 3824 3809 3862 se

2295 3919 2354 3960 se
2381 3919 2647 3976 generatis
2668 3945 2682 3971 ,
2713 3920 2815 3960 nec
2842 3906 3089 3961 voluntas
3118 3918 3200 3962 est
3234 3925 3246 3962 :
3281 3909 3378 3965 sed
3409 3911 3645 3979 quoniam
3675 3905 3742 3960 Dei
3761 3908 3808 3955 est
3883 3909 3885 3986 ς

2298 3997 2571 4064 voluntas,
2607 3997 2856 4068 equidem
2889 3998 3002 4068 ipsa
3043 4015 3162 4070 qua:
3191 4001 3260 4055 sit
3287 4002 3809 4072 getietaus.'generatur

2294 4089 2346 4144 in
2387 4089 2514 4144 Deo.
2565 4087 2635 4144 Et
2684 4089 2806 4145 ideo
2838 4091 2980 4145 Deus
3028 4102 3197 4162 pater,
3246 4094 3498 4152 voluntas
3527 4097 3675 4161 ﬁlius,
3703 4103 3805 4144 unum

2295 4191 2604 4252 utrumque,
2653 4184 2824 4255 magis
2867 4193 3048 4240 autem
3089 4195 3144 4241 et
3186 4202 3386 4256 uumu,
3429 4201 3483 4246 et
3520 4191 3672 4246 solum
3704 4196 3806 4240 unum

2295 4290 2399 4328 non
2431 4275 2741 4330 counitione
2763 4316 2779 4342 ,
2812 4276 2907 4331 sed
2935 4278 3282 4348 simplicitate
3313 4299 3329 4338 :
3361 4297 3633 4354 progressa
3662 4278 3806 4350 quidml

2293 4369 2566 4425 voluntate
2610 4369 2664 4424 iu
2709 4371 3001 4441 potentiam
3054 4383 3369 4440 actuosam,
3425 4392 3530 4432 non
3573 4373 3808 4430 abscedente

2294 4468 2472 4516 tamen
2515 4477 2544 4514 a
2582 4461 2881 4517 substantia
2926 4465 3140 4534 propria
3172 4474 3227 4520 et
3256 4467 3452 4522 eadem
3488 4463 3807 4523 mntiunetisll

3094 3253 3220 3309 illud
3261 3256 3438 3326 patris
3485 3258 3807 3326 omnipotentem

579 4556 883 4612 substantia
923 4553 1056 4610 Dei?
1106 4553 1162 4610 Si
1205 4526 1504 4611 substantia
1551 4553 1748 4610 dicitur
1786 4554 1841 4608 in
1879 4526 2184 4618 mundanis,
2211 4526 2268 4589 Ῑ)
2291 4554 2434 4608 enim
2466 4553 2563 4608 tria
2593 4553 2666 4609 ibi
2698 4570 2860 4610 uiuum
2891 4526 3049 4620 sunt,
3092 4556 3391 4613 substantia
3413 4600 3429 4626 ,
3472 4559 3654 4619 motio,
3687 4554 3810 4608 volun-

581 4657 640 4705 ut
681 4649 912 4715 animal,
959 4657 1018 4703 ut
1057 4647 1252 4716 homo,
1303 4662 1524 4705 necesse
1550 4657 1631 4703 est
1661 4646 1843 4703 dicere
1886 4647 1938 4701 in
1970 4647 2186 4702 mternis

580 4743 935 4799 substantiam
965 4757 1088 4798 esse
1117 4742 1308 4809 Deum,
1332 4741 1429 4798 sed
1460 4741 1608 4797 vides
1637 4741 1809 4810 ipsum
1844 4740 2010 4796 Deum
2032 4739 2182 4808 juxta

582 4833 713 4890 illud
744 4850 884 4899 esse.
931 4834 1072 4905 quod
1113 4835 1366 4896 dicimus.
1412 4844 1506 4890 aut
1536 4835 1752 4900 lumen,
1785 4843 1878 4888 aut
1907 4835 2178 4902 spiritum,

582 4937 674 4983 aut
697 4927 870 4994 ipsum
893 4941 1036 4989 esse,
1064 4936 1157 4982 aut
1184 4928 1474 4994 potentiam
1500 4929 1618 4997 ejus
1639 4927 1780 4996 QUnd
1802 4937 1886 4983 est
1915 4942 2058 4991 esse,
2091 4936 2184 4980 aut

582 5018 990 5088 intelligentiam
1021 5020 1417 5083 nniversalem,
1462 5027 1552 5074 aut
1580 5020 1872 5088 potentiam
1907 5019 2183 5074 universa-

581 5109 648 5166 lis
695 5110 1099 5180 intelligentiae,
1149 5121 1240 5167 ant
1285 5111 1605 5167 universalis
1642 5113 1768 5168 vita:
1809 5118 1891 5168 vel
1933 5112 2180 5176 actionis,

580 5211 673 5258 aut
717 5203 943 5258 aliorum
982 5202 1279 5258 istiusmodi
1318 5205 1371 5258 in
1415 5219 1522 5274 quo
1559 5204 1664 5270 sit,
1693 5205 1894 5260 fontem
1920 5219 2042 5260 esse
2069 5219 2185 5258 om-

581 5298 729 5354 nium
765 5312 956 5354 eorum
982 5311 1260 5368 quaevere
1289 5306 1413 5352 sunt
1435 5337 1450 5361 ,
1482 5305 1574 5351 aut
1611 5312 1731 5367 quae
1766 5305 1912 5352 sunt.
1953 5297 2060 5352 Sed
2101 5297 2182 5352 di-

580 5401 708 5447 cunt
731 5391 1016 5460 scriptura:
1044 5388 1223 5444 lumen
1247 5403 1367 5443 esse
1395 5387 1852 5458 l)eurn,spiritum
1881 5403 2003 5444 esse
2030 5407 2042 5442 :
2069 5389 2184 5444 bare

581 5492 761 5539 autem
801 5482 1158 5539 substantiam
1199 5480 1536 5552 signiﬁcant,
1567 5494 1673 5536 non
1714 5480 1858 5535 enim
1899 5481 2178 5548 accidens;

581 5575 668 5631 cui
701 5575 871 5644 primo
901 5574 1044 5646 quod
1083 5585 1166 5631 est
1196 5588 1318 5631 esse
1352 5571 1579 5638 accidit,
1622 5572 1668 5627 si
1706 5571 1849 5628 istud
1891 5572 2184 5629 accidens?

582 5664 690 5726 Sed
718 5666 851 5724 nulli
880 5685 893 5721 :
927 5667 1260 5740 impossibile
1287 5667 1430 5724 enim
1465 5665 1605 5722 ultra
1651 5681 1772 5724 esse
1797 5665 1997 5738 aliquid
2025 5680 2184 5738 supra

581 5760 734 5835 quod.
764 5768 848 5818 est
875 5776 1016 5818 esse.
1059 5762 1204 5833 Ergo
1235 5760 1534 5819 substantia
1557 5799 1572 5828 ,
1598 5759 1752 5830 juxta
1781 5758 1924 5832 quod
1955 5767 2040 5817 est
2063 5773 2186 5818 esse

2287 4657 2386 4702 tas.
2419 4647 2735 4704 Substantia
2768 4657 2939 4718 pater,
2961 4649 3110 4720 juxta
3142 4650 3194 4706 id
3223 4651 3398 4722 ipsum
3433 4655 3592 4708 motio
3615 4661 3661 4707 et
3685 4647 3808 4702 voltur

2287 4747 2369 4794 tas
2412 4759 2423 4792 :
2455 4755 2642 4795 rursus
2678 4740 2818 4795 ﬁlius
2858 4743 3026 4796 motio
3051 4753 3106 4798 et
3140 4743 3422 4810 voluntas,
3458 4755 3511 4801 et
3533 4745 3666 4816 juxta
3697 4741 3734 4795 id
3760 4737 3808 4803 ἰρ·

2285 4849 2401 4888 sum
2431 4842 2488 4888 et
2523 4834 2820 4890 substantia
2844 4875 2858 4897 ,
2900 4845 2956 4890 ει
2993 4837 3094 4891 hoc
3133 4847 3216 4892 est
3259 4838 3547 4912 ὁμοούσιυν.
3587 4837 3807 4893 Ηιιὺειωιις

2285 4925 2516 4994 exempli
2563 4927 2731 4996 gratia
2780 4927 2921 4982 istud
2963 4928 3103 4999 quod
3132 4944 3232 5000 ego
3262 4947 3406 4985 nunc
3432 4933 3552 4988 dico
3591 4950 3602 4985 :
3632 4931 3695 4984 sic
3715 4925 3807 4980 enim

2287 5033 2432 5073 nunc
2457 5028 2673 5088 oportet
2701 5018 2912 5086 dicere,
2942 5024 3194 5090 quoniam
3227 5024 3380 5078 multi
3414 5027 3466 5078 in
3495 5026 3654 5078 anima
3675 5029 3806 5082 curvus

2286 5124 2406 5164 esse
2430 5111 2639 5176 dicunt,
2675 5111 2770 5166 sed
2804 5128 2944 5166 nunc
2971 5114 3265 5168 secundum
3291 5115 3506 5172 dicendi
3535 5131 3668 5172 usum
3690 5108 3806 5164 anima

2287 5201 2359 5256 sit
2385 5202 2436 5256 in
2467 5218 2714 5270 corpore.
2745 5203 2938 5259 Anima
2975 5206 3026 5260 in
3055 5205 3291 5263 humano
3313 5224 3542 5278 corpore
3578 5219 3679 5271 est,
3705 5205 3742 5257 in
3766 5214 3805 5253 ea

2286 5295 2428 5366 quod
2461 5296 2640 5351 anima
2679 5307 2795 5362 est,
2833 5298 3126 5354 substantia
3156 5311 3257 5364 est,
3306 5301 3464 5357 sicuti
3495 5302 3571 5357 vel
3607 5289 3806 5372 bermi

2290 5403 2504 5458 corpus.
2535 5389 2652 5442 lstte
2679 5389 2822 5442 enim
2864 5389 3150 5446 mundanis
3181 5391 3301 5446 duae
3335 5393 3655 5447 substantia.
3688 5389 3737 5442 Et

2289 5481 2399 5537 cuti
2431 5481 2554 5552 byle
2583 5481 2808 5536 formam
2843 5481 3023 5548 habet,
3053 5483 3157 5540 boc
3185 5495 3264 5540 est
3286 5486 3544 5556 speciem,
3572 5495 3623 5538 ut
3645 5494 3710 5538 est
3729 5492 3805 5533 ent.

2292 5590 2422 5647 pus,
2468 5583 2561 5630 aut
2601 5575 2746 5630 aliud
2786 5576 3024 5649 aliquid;
3071 5594 3233 5633 ttnttm
3273 5579 3491 5650 quidem
3518 5580 3677 5638 ὑλικῶς
3697 5583 3754 5628 εει
3770 5569 3803 5622 in

2293 5669 2491 5724 molem
2519 5677 2854 5724 concretum.
2886 5667 3119 5726 Necesse
3155 5680 3239 5727 est
3279 5670 3425 5727 enim
3465 5669 3650 5742 aliquid
3675 5679 3801 5738 quaut-

2293 5763 2415 5818 dam
2453 5763 2804 5836 quantitatem
2847 5777 2968 5819 esse
3009 5781 3020 5818 :
3069 5773 3558 5838 quantumcumque
3600 5764 3728 5835 igitur
3751 5761 3803 5809 est

3127 2898 3348 2954 semper
3377 2885 3567 2950 simul,
3602 2899 3687 2939 non
3718 2885 3807 2936 enim
3892 2937 3893 2954 ἦ
