4018 6184
245 195 387 253 1065

1460 211 1828 272 ADVERSUS
1862 214 2084 278 ARIUM
2121 221 2327 282 LIBER
2366 227 2408 283 Ι.

3404 248 3545 309 1066

241 309 381 378 quod
427 318 511 367 est
553 311 790 385 hylicum
839 332 852 369 :
903 315 995 372 Sic
1041 317 1183 373 enim
1235 319 1531 391 quantitate
1576 324 1912 390 deﬁniturA
2012 333 2253 393 XXXIII.
2293 338 2399 396 Sed
2442 339 2545 397 ista
2587 343 2730 402 sicut
2780 348 2833 403 iu
2886 348 3260 415 similitudine.
3306 359 3384 418 De
3434 362 3545 422 Deo

242 401 387 472 hyle,
410 411 473 473 .ut
501 406 789 475 subsistat,
820 418 874 464 et
897 410 1194 466 substantia
1224 412 1348 480 ﬁat,
1372 414 1483 485 jam
1514 418 1716 489 aliquid
1742 436 1837 475 ex-

239 491 427 550 istens.
482 495 594 552 Isto
627 499 789 556 modo
818 510 873 557 et
901 504 1080 559 anima
1105 544 1121 571 ,
1150 505 1446 562 substantia
1484 510 1837 582 incorporalis

237 600 359 657 qua:
400 588 504 655 sit,
552 590 919 651 deﬁnitionem
961 605 1017 653 et
1055 598 1341 671 imaginem
1378 594 1542 659 habet
1573 623 1586 658 :
1617 607 1834 663 vitalem

238 682 533 750 potentiam
559 692 613 741 et
642 686 1102 758 intelligentialem
1125 732 1140 756 ,
1172 691 1424 764 bipotens
1450 696 1615 765 enim,
1656 710 1709 754 et
1737 714 1834 771 ge-

236 774 370 831 mini
400 776 616 834 luminis
645 797 658 835 :
688 781 887 838 etenim
925 793 978 839 et
1016 784 1251 842 viviﬁcat
1274 789 1435 844 vitam
1463 790 1599 847 dans
1622 794 1834 851 anima-

237 865 379 924 libus
401 908 416 933 ,
447 879 502 926 et
530 870 691 928 habet
715 876 1117 946 coinquinatum
1145 878 1230 935 τὸν
1255 887 1404 949 νοῦν,
1445 891 1500 937 et
1531 882 1797 957 ὁμοούσιον
1815 927 1832 956 ,

236 967 292 1015 et
320 959 519 1018 idcirco
542 962 794 1036 όμοοῦσια
821 968 1000 1022 omnia
1035 986 1048 1022 :
1089 969 1249 1025 simul
1274 972 1419 1027 enim
1450 974 1753 1031 substantia
1780 986 1837 1034 et

238 1061 416 1108 motus
441 1054 495 1110 id
520 1056 691 1124 ipsum
716 1073 837 1114 cum
862 1060 950 1126 sit,
977 1061 1273 1118 secundum
1303 1064 1606 1136 subjectum
1630 1068 1831 1137 anima,

232 1144 384 1216 juxta
410 1148 557 1217 quod
582 1149 721 1204 vivit
746 1158 802 1205 et
827 1152 1068 1208 vivilicat
1093 1170 1107 1221 ;
1136 1164 1191 1210 et
1210 1155 1363 1225 juxta
1391 1158 1531 1227 quod
1560 1157 1831 1231 intelligit,

234 1246 291 1293 et
313 1237 666 1310 intelligentia
688 1252 771 1297 est
792 1258 895 1297 una
928 1245 1167 1303 motione
1186 1288 1201 1311 ,
1231 1257 1290 1302 ut
1322 1264 1425 1303 una
1453 1251 1568 1320 ipsa
1593 1265 1714 1305 cum
1741 1254 1831 1321 sit,

233 1345 354 1402 qua:
403 1332 612 1404 species
654 1343 738 1390 est
786 1336 983 1406 ipsius,
1029 1340 1283 1396 deﬁnitur
1312 1343 1457 1398 enim
1485 1345 1751 1415 motione,
1780 1357 1836 1404 et

233 1423 419 1479 existit
453 1439 621 1480 unum
661 1423 750 1496 ὂν,
809 1427 1008 1498 duplici
1054 1420 1293 1501 petentia
1323 1434 1374 1489 in
1416 1450 1524 1491 uno
1558 1448 1703 1493 motu
1740 1454 1835 1494 ex-

234 1514 432 1574 istente
479 1536 492 1573 :
545 1520 666 1575 vitae
719 1530 774 1577 ct
850 1522 1217 1595 intelligentia:
1265 1545 1280 1582 :
1324 1527 1834 1599 impassionabiliter

234 1609 448 1680 quidem
481 1611 581 1667 ista
603 1653 618 1679 ,
649 1613 703 1669 in
729 1614 942 1672 actione
979 1616 1087 1672 duo
1108 1661 1121 1686 ,
1153 1619 1208 1674 in
1236 1636 1339 1676 una
1363 1624 1621 1691 motione,
1644 1625 1697 1681 id
1725 1636 1826 1696 est,

1943 425 2111 492 enim,
2142 438 2197 484 et
2218 430 2286 487 de
2311 432 2458 508 λόγῳ,
2486 433 2589 491 hoc
2618 446 2722 503 est,
2755 438 2893 495 Filio
2918 443 3044 500 Jesu
3076 446 3310 517 Christo,
3335 461 3392 508 et
3416 454 3543 524 Spi-

1938 515 2046 573 ritu
2077 530 2264 577 sancto
2290 523 2555 583 diviniore
2595 527 2950 603 intelligentia
2986 544 3235 606 utentes,
3278 515 3542 614 suscipia-

1940 624 2059 666 mus
2104 611 2327 671 istnrum
2367 617 2631 691 όμοούσιον
2669 623 2947 683 unitatem.
2979 627 3217 687 Primum
3241 618 3544 706 inquiren-

1940 699 2090 766 dum,
2109 703 2157 759 si
2179 704 2319 761 idem
2349 717 2433 763 est
2462 709 2625 777 Deus,
2650 722 2704 769 et
2727 714 2838 772 Deo
2861 732 3003 786 esse,
3033 735 3099 775 an
3125 722 3272 778 aliud
3300 699 3545 797 aliquid?

1939 789 1998 848 Si
2033 791 2198 865 idem,
2234 796 2345 868 jam
2388 807 2444 855 et
2480 817 2602 859 esse
2636 812 2752 872 est,
2784 817 2839 861 et
2872 825 3031 881 agere
3062 830 3075 868 :
3110 813 3157 867 si
3189 824 3367 872 autem
3391 789 3545 876 aliud

1939 884 2052 941 Deo
2073 902 2215 956 esse,
2258 890 2404 947 aliud
2444 893 2613 951 Deum
2644 912 2785 960 esse.
2820 902 3275 971 prmexistentiale
3301 919 3385 966 est
3434 912 3546 970 Deo

1938 989 2083 1043 esse,
2110 978 2307 1050 quippe
2330 981 2382 1038 in
2403 986 2642 1053 potentia
2669 989 2911 1048 existens
2937 996 3002 1049 ad
3030 996 3081 1051 id
3104 1000 3244 1067 quod
3277 1010 3362 1056 est
3398 1018 3541 1071 esse,

1937 1066 2079 1139 quod
2108 1085 2235 1126 vere
2265 1073 2435 1145 magis
2464 1076 2517 1131 id
2547 1087 2630 1134 est
2655 1081 2799 1149 quod
2819 1092 2904 1138 est
2929 1100 3055 1142 esse
3082 1106 3093 1140 τ
3124 1092 3364 1160 potentia
3397 1066 3545 1151 enim

1937 1160 2118 1216 omnia
2146 1165 2499 1234 prteexistens
2522 1177 2578 1225 et
2626 1172 2946 1244 principium
2972 1219 2986 1243 ,
3017 1187 3072 1234 et
3110 1188 3237 1235 ante
3262 1191 3348 1238 est
3378 1201 3541 1255 quam

1937 1268 2066 1309 vere
2086 1252 2160 1311 ὅν.
2189 1256 2293 1312 Sed
2316 1258 2462 1316 istud
2488 1262 2660 1330 beate,
2699 1266 2751 1320 in
2775 1268 2953 1339 quiete
2983 1286 3103 1327 esse
3128 1276 3401 1332 mstimant
3428 1295 3546 1334 om-

1938 1343 2068 1399 nino
2118 1348 2442 1406 omnimodis
2482 1371 2496 1406 :
2539 1353 2608 1409 in'
2639 1365 2786 1412 motu
2829 1360 3004 1417 solum
3078 1367 3220 1436 quod
3267 1384 3432 1425 causa
3474 1370 3548 1427 sit

1936 1436 2186 1494 omnibus
2222 1440 2276 1495 in
2316 1443 2691 1518 qualicumque
2748 1451 2987 1509 motione
3038 1455 3421 1518 existentibus.
3474 1462 3549 1519 Et

1936 1527 2122 1584 dicunt
2155 1530 2299 1588 istud
2331 1538 2718 1604 prainoscentia
2748 1543 2986 1615 concipi,
3019 1561 3139 1617 qum
3176 1549 3289 1620 ipsa
3322 1569 3417 1621 per
3455 1568 3545 1610 se-

1936 1628 2049 1675 met
2072 1621 2207 1678 nihil
2233 1632 2337 1692 est,
2366 1626 2463 1682 sed
2491 1673 2496 1679 .
2520 1632 2875 1702 conceptione
2915 1637 3056 1706 quod
3098 1642 3380 1708 praexistit
3426 1661 3547 1702 sus-

231 1701 373 1771 quod
401 1713 709 1774 generatur,
734 1718 788 1763 et
812 1707 980 1765 Filius
1005 1712 1311 1782 unigenitus
1337 1714 1533 1772 anima:
1560 1716 1675 1788 ipse
1698 1719 1830 1785 vita,
1860 1719 1909 1780 Β
1937 1712 2152 1784 cipitur.
2203 1715 2309 1772 Sed
2354 1719 2643 1790 scriptura,
2672 1701 2727 1778 et
2768 1726 2942 1781 omnis
2985 1727 3338 1802 intelligentia
3382 1734 3544 1793 istum

229 1793 348 1864 ipse
397 1803 516 1860 νοῦς
554 1799 833 1868 existens,
879 1812 932 1857 et
969 1803 1135 1873 prima
1166 1808 1401 1875 potentia
1432 1823 1553 1864 cum
1595 1826 1661 1867 eo
1690 1812 1830 1881 quod

230 1886 280 1942 ci
302 1902 423 1944 esse
456 1889 564 1945 vita
604 1900 690 1947 est
727 1909 740 1945 :
786 1902 894 1964 quo
934 1897 1076 1950 enim
1120 1906 1237 1966 est,
1293 1899 1397 1954 hoc
1441 1908 1526 1956 est
1566 1903 1709 1972 quod
1750 1910 1835 1959 est

230 1980 338 2036 vita
368 1999 382 2036 :
414 1982 545 2039 illud
574 1986 718 2040 enim
748 2001 871 2043 esse
896 1989 985 2044 isti
1011 1990 1111 2061 ipsi
1133 1991 1274 2062 quod
1312 1992 1615 2048 substantia
1643 2003 1747 2061 est,
1778 2004 1835 2051 et

231 2072 340 2128 vita
383 2084 484 2140 est,
526 2084 581 2131 et
609 2090 772 2146 supra
797 2080 961 2135 vitam
989 2090 1108 2149 est;
1156 2098 1263 2138 non
1306 2085 1451 2139 enim
1480 2085 1627 2141 aliud
1656 2086 1831 2142 viviti-

233 2172 351 2230 cat,
399 2180 573 2237 neque
629 2170 980 2240 semetipsum
1016 2189 1031 2227 :
1070 2187 1178 2228 non
1223 2174 1366 2230 enim
1418 2175 1486 2230 ab
1526 2175 1634 2231 alio
1681 2178 1833 2248 quasi

233 2255 382 2313 aliud
407 2257 624 2328 accipit,
658 2259 760 2316 hoc
786 2262 932 2317 enim
963 2263 1130 2335 ipsius
1156 2265 1299 2337 quod
1326 2275 1412 2323 est
1435 2282 1587 2337 esse,
1618 2269 1722 2340 ipsi
1749 2279 1833 2326 est
1862 2277 1866 2281 '

234 2349 465 2417 moveri,
506 2360 562 2406 et
593 2354 883 2411 motionem
926 2372 1078 2423 esse;
1128 2369 1182 2415 et
1225 2360 1368 2431 quod
1398 2370 1483 2417 est
1509 2363 1695 2430 motio,
1730 2362 1832 2418 hoc

232 2439 340 2496 vita
367 2450 479 2509 est;
512 2452 568 2500 et
601 2446 744 2515 quod
786 2448 890 2504 vita
929 2460 1032 2516 est,
1064 2450 1168 2507 hoc
1207 2461 1292 2509 est
1318 2455 1692 2526 intelligentia.
1725 2455 1831 2514 Ista

232 2532 374 2588 enim
401 2534 776 2592 substantialia
804 2538 927 2595 dico
949 2582 963 2605 ,
995 2542 1282 2612 motiones,
1308 2544 1496 2612 vitam,
1521 2547 1824 2620 intelligen-

188 2672 193 2681 .
234 2625 391 2692 tiam,
434 2627 636 2685 nullam
672 2629 887 2700 dicens,
927 2635 1262 2691 sensibilium
1291 2638 1599 2694 'motionum
1646 2655 1746 2696 nec
1776 2642 1829 2698 in

233 2718 410 2776 locum
432 2722 714 2779 transitum
740 2742 754 2779 :
778 2726 886 2782 duo
915 2741 1044 2799 ergo
1073 2729 1208 2798 luce,
1237 2731 1346 2786 vita
1373 2740 1428 2788 et
1450 2732 1827 2805 intelligentia,

233 2811 482 2886 όμοούσια
506 2826 631 2873 sunt
659 2818 708 2875 ei
734 2819 875 2890 quod
906 2832 991 2877 est
1018 2838 1159 2889 esse,
1195 2825 1299 2881 hoc
1323 2835 1429 2894 est,
1459 2828 1675 2885 animae.
1698 2830 1831 2899 Quae

231 2906 340 2962 duo
363 2923 464 2963 una
493 2918 577 2965 est
604 2912 805 2980 motio,
834 2929 954 2985 quae
990 2916 1206 2987 quidem
1234 2920 1406 2988 prima
1438 2922 1678 2991 potentia
1706 2925 1831 2981 vitae

231 3005 336 3065 est,
356 2997 528 3054 forma
546 3002 688 3056 enim
705 3017 771 3059 eo
791 3005 933 3075 quod
951 3014 1035 3063 est
1056 3022 1199 3074 esse,
1213 3009 1321 3064 vita
1340 3021 1445 3067 est.
1463 3010 1661 3070 Detinit
1681 3015 1827 3072 enim

1941 1805 2106 1860 Deum
2154 1816 2212 1863 et
2244 1823 2367 1865 esse
2398 1810 2548 1877 dicit,
2574 1821 2629 1868 et
2667 1824 2791 1870 ante
2824 1816 2998 1885 ipsum
3026 1821 3157 1876 nihil
3188 1839 3330 1891 esse,
3362 1827 3452 1898 qui
3492 1836 3551 1885 et

1936 1893 1990 1950 id
2021 1898 2269 1968 estquod
2304 1909 2390 1955 est
2415 1917 2557 1968 esse,
2586 1913 2641 1959 et
2667 1906 2719 1960 id
2748 1908 2887 1976 quod
2913 1913 3145 1981 cperari.
3174 1912 3338 1970 Istum
3373 1893 3548 1975 Deum

1937 1988 2257 2047 conﬁtemur
2277 2000 2332 2047 et
2346 1993 2593 2061 colimus,
2614 1998 2939 2070 principium
2968 2006 3209 2059 omnium
3232 2024 3353 2079 quae
3374 2021 3501 2066 sunt
3529 2030 3544 2066 :

1938 2082 2150 2141 actione
2193 2085 2337 2141 enim
2377 2095 2518 2153 sunt,
2558 2106 2677 2161 quae
2712 2101 2835 2147 sunt
2877 2111 2890 2147 :
2930 2105 3055 2151 ante
3093 2098 3237 2154 enim
3278 2103 3549 2160 actionem

1934 2174 2170 2230 nondum
2212 2186 2371 2243 sunt;
2414 2188 2692 2237 actuosum
2723 2183 2867 2239 enim
2897 2187 3066 2243 Deum
3095 2190 3420 2262 accipimus,
3465 2195 3547 2251 si-

1935 2274 2027 2323 cut
2053 2266 2107 2322 in
2131 2268 2394 2339 principio
2425 2270 2554 2327 fecit
2595 2274 2734 2329 Deus
2761 2277 2959 2333 caelum
2990 2288 3047 2334 et
3073 2289 3297 2349 terram,
3328 2294 3386 2340 et
3419 2286 3550 2343 fecit

1934 2358 2191 2430 Angelos,
2243 2360 2553 2431 hominem,
2601 2373 2656 2420 et
2692 2367 2872 2429 omnia
2914 2367 2968 2422 in
3000 2372 3151 2426 caelis
3181 2381 3237 2428 et
3274 2374 3331 2429 in
3375 2384 3542 2433 terra.

1932 2449 2040 2507 Iste
2070 2450 2232 2523 igitur
2260 2469 2422 2510 verus
2450 2456 2593 2512 Deus
2621 2465 2677 2513 et
2706 2458 2852 2515 solus
2879 2460 3043 2529 Deus,
3074 2464 3202 2534 quia
3225 2474 3282 2521 et
3304 2470 3548 2538 potentia

1933 2553 1990 2601 et
2014 2546 2227 2603 actione
2249 2546 2415 2617 Deus,
2437 2549 2533 2604 sed
2564 2549 2618 2604 iu
2652 2560 2853 2609 acterna
2879 2572 2892 2607 :
2926 2556 2986 2610 nt
3008 2555 3258 2615 Christus
3280 2569 3336 2615 et
3357 2571 3547 2632 poten-

1932 2637 2007 2693 tia
2035 2647 2092 2695 et
2129 2641 2358 2708 actione,
2404 2641 2500 2699 sed
2531 2642 2647 2713 ‘jam
2680 2644 2813 2701 foris
2844 2655 2901 2702 et
2937 2658 3143 2719 aperta.
3179 2652 3337 2708 Pater
3376 2654 3547 2727 igitur

1935 2731 2077 2787 Deus
2112 2734 2283 2802 prima
2307 2735 2470 2804 actio,
2500 2736 2749 2808 etprima
2806 2740 3099 2797 existentia
3128 2752 3184 2799 et
3207 2746 3540 2818 substantia,

1933 2832 1990 2880 et
2015 2823 2311 2896 principale
2337 2831 2397 2885 τό
2424 2827 2505 2896 ὂν,
2535 2830 2749 2886 actione
2776 2846 2804 2884 a
2834 2848 2894 2887 se
2919 2847 3015 2887 sua
3044 2850 3164 2890 sese
3200 2837 3295 2906 qui
3318 2849 3545 2909 generet

1933 2917 2054 2973 sine
2104 2919 2370 2991 principio
2392 2964 2406 2988 ,
2435 2936 2650 2994 semper
2678 2925 2918 2982 existens
2945 2941 2975 2981 a
3004 2942 3085 2994 se,
3116 2929 3355 2987 existens
3410 2934 3539 2989 inﬁ-

1934 3010 2111 3078 nitus,
2166 3013 2494 3070 omnimodis
2554 3016 2859 3085 perfectus,
2910 3019 3281 3095 omnipotens,
3345 3024 3541 3083 immu-

230 3086 497 3145 inﬁnitum
527 3107 669 3160 esse,
693 3096 833 3166 quod
861 3108 944 3153 est
973 3100 1140 3168 prima
1171 3105 1410 3172 potentia
1435 3107 1709 3174 motionis,
1734 3123 1822 3165 se-

1931 3100 2140 3170 tabilis,
2180 3119 2396 3175 semper
2433 3106 2511 3163 sic
2549 3116 2601 3163 et
2641 3109 2831 3165 eodem
2875 3110 3036 3166 modo
3092 3114 3363 3185 existens,
3406 3121 3538 3175 sub-

232 3183 410 3238 eunda
429 3192 606 3241 autem
639 3190 876 3259 potentia
908 3192 1020 3262 ipsa
1048 3195 1246 3263 motio;
1279 3198 1535 3267 quoniam
1564 3200 1708 3270 quod
1732 3200 1828 3257 de-

231 3276 435 3346 ﬁnitur,
464 3287 519 3335 et
539 3280 889 3354 intelligentia
912 3287 1388 3358 comprehenditur
1416 3306 1447 3345 a
1485 3293 1613 3359 vita,
1642 3295 1826 3349 innata

229 3371 585 3444 intelligentia
619 3375 1024 3451 substantiaquo
1052 3382 1142 3449 sit,
1166 3382 1319 3454 juxta
1343 3386 1485 3456 quod
1517 3397 1602 3443 est
1626 3388 1827 3445 intelli-

228 3463 406 3534 gentia
444 3474 499 3520 et
527 3467 846 3539 subsiStens,
895 3480 951 3527 et
992 3489 1088 3543 per
1143 3476 1489 3548 semetipsam
1524 3479 1748 3537 deducta
1791 3497 1823 3538 a

226 3556 527 3615 substantia
552 3560 697 3617 vitae.
730 3561 906 3620 Unum
933 3565 1048 3622 luec
1071 3566 1207 3634 duo,
1250 3578 1309 3625 et
1335 3585 1496 3627 unum
1518 3573 1670 3643 juxta
1700 3590 1823 3632 mo-

229 3657 340 3723 tum
365 3651 507 3708 ﬁlius
533 3661 652 3722 est,
681 3654 986 3728 unigenitus
1014 3660 1238 3730 animae,
1266 3663 1397 3719 nihil
1427 3668 1695 3736 passionis
1727 3685 1823 3740 pa-

226 3743 409 3800 tientis
424 3745 578 3815 quIa
604 3749 748 3820 quod
782 3752 973 3807 anima:
1000 3761 1121 3808 est:
1146 3755 1251 3812 hoc
1278 3766 1458 3814 autem
1484 3769 1566 3815 est
1594 3762 1677 3816 vel
1708 3778 1823 3816 ma-

227 3844 329 3902 ter,
371 3836 455 3890 vel
494 3846 647 3907 pater
686 3841 947 3912 unigeniti
990 3844 1123 3914 lilii,
1169 3848 1406 3905 motione
1448 3850 1503 3905 in
1549 3851 1819 3922 duplicem

224 3929 521 4000 potentiam
549 3933 895 4003 procedente,
926 3953 1048 4005 quae
1073 3939 1187 3993 sola
1213 3942 1449 4010 patitur:
1479 3945 1647 4000 motio
1673 3946 1818 4004 enim

226 4021 407 4093 passio
427 4063 443 4089 ,
471 4030 528 4079 et
546 4022 785 4081 motione
811 4026 1023 4096 passio,
1052 4028 1108 4084 in
1140 4031 1379 4090 motione
1404 4035 1547 4091 enim
1575 4039 1744 4094 motio
1765 4045 1821 4095 et

223 4123 397 4172 status
422 4129 435 4165 :
466 4124 663 4173 statum
689 4127 865 4176 autem
884 4135 1006 4177 esse
1025 4120 1080 4177 in
1103 4123 1339 4182 motione
1363 4128 1545 4197 passio
1562 4126 1675 4201 est,
1690 4142 1743 4189 et
1762 4132 1819 4189 in

224 4209 467 4267 motione
502 4224 623 4268 esse
654 4228 686 4268 a
715 4221 855 4270 statu
883 4224 967 4272 est
991 4218 1203 4288 passio,
1232 4234 1362 4291 ergo
1389 4232 1447 4278 et
1471 4224 1674 4281 motio:
1704 4242 1820 4283 mo-

221 4300 366 4357 tione
396 4301 559 4373 igitur
585 4303 762 4360 omnis
792 4305 991 4375 passio.
1020 4308 1147 4366 Haec
1174 4322 1351 4367 autem
1380 4313 1598 4384 duplex,
1626 4332 1820 4376 secun-

221 4392 348 4449 dum
370 4394 532 4449 vitam
564 4402 620 4450 et
637 4394 1040 4468 intelligentiam
1068 4418 1079 4452 :
1106 4402 1397 4459 secundum
1427 4405 1585 4463 vitam
1603 4409 1816 4479 quidem

221 4484 418 4555 passio,
457 4486 597 4558 quod
634 4487 809 4544 adhuc
835 4488 1037 4562 indiget
1066 4493 1287 4550 alterius
1311 4496 1452 4566 quod
1479 4500 1591 4555 vult
1619 4493 1819 4559 vivefa-

221 4591 364 4645 cere,
396 4586 454 4635 et
499 4578 621 4635 ideo
661 4579 810 4650 juxta
839 4582 982 4651 quod
1021 4583 1138 4654 ejus
1161 4595 1239 4641 est
1269 4588 1536 4661 particeps
1558 4633 1572 4658 ,
1602 4601 1656 4647 ct
1678 4593 1812 4652 alias

218 4669 419 4741 patitur
445 4671 719 4739 passiones
745 4687 913 4744 usque
942 4674 997 4729 in
1035 4685 1283 4735 mortem.
1309 4679 1612 4739 Secundum
1636 4693 1813 4743 autem

221 4761 649 4832 intelligentiam,
667 4766 921 4836 quoniam
944 4779 992 4824 et
1019 4768 1120 4825 ista
1141 4770 1385 4841 indigens
1410 4784 1493 4831 est
1518 4777 1634 4847 ejus
1671 4778 1813 4849 quod

220 4850 557 4925 iutelligibile
585 4867 688 4924 est,
716 4868 775 4914 ut
798 4859 1149 4932 intelligentia
1170 4864 1463 4935 subsistat;
1495 4870 1666 4942 magis
1694 4885 1815 4940 pas-

219 4942 401 5001 siones
425 4956 477 5002 et
507 4947 845 5008 inﬁrmitates
868 4952 1115 5023 incurrit,
1138 4964 1193 5011 et
1226 4959 1457 5015 volvitur
1478 4961 1812 5021 insensibili-

218 5035 340 5103 bus,
374 5047 426 5094 et
454 5054 553 5115 per
580 5040 913 5111 phantasiam
952 5045 1007 5102 in
1047 5047 1233 5105 falsam
1261 5052 1661 5111 subsistentiam
1708 5058 1817 5113 cir-

219 5128 582 5186 cumducitur.
604 5132 723 5189 Istis
737 5135 1295 5211 igiturexistentibus,
1341 5146 1441 5203 ista
1467 5148 1811 5218 patientibus,

218 5231 399 5279 manet
417 5224 596 5281 anima
611 5226 765 5297 juxta
789 5231 1166 5302 substantiam,
1194 5238 1505 5296 custodiens
1534 5240 1586 5296 in
1608 5241 1817 5299 semine

215 5314 474 5372 motionis
498 5318 789 5390 potentiam
817 5322 940 5380 vitae
969 5335 1023 5381 et
1046 5326 1445 5401 intelligenda},
1476 5349 1582 5404 qua
1604 5350 1818 5407 semper

217 5419 470 5465 manente
495 5409 607 5466 vita
631 5419 687 5467 et
711 5412 1066 5486 intelligentia
1094 5423 1424 5488 accenditur,
1448 5426 1616 5496 magis
1637 5436 1816 5484 autem

218 5499 397 5569 erigit,
426 5500 473 5555 si
503 5502 554 5556 in
585 5503 859 5561 lontanam
886 5507 1072 5579 vitam,
1102 5515 1205 5569 hoc
1234 5523 1342 5584 est,
1361 5514 1413 5571 in
1442 5516 1738 5587 Christum,
1765 5527 1823 5576 et

219 5589 494 5648 fontanam
516 5593 949 5670 intelligentiam,
966 5602 1067 5660 hoc
1089 5614 1193 5677 est,
1214 5606 1269 5664 in
1289 5618 1533 5667 sanctum
1559 5610 1819 5683 Spiritum

217 5683 453 5757 resurgit
481 5689 799 5749 resuscitata
835 5692 1037 5749 anima.

745 5785 1021 5850 ΡΑτιιοι.
1074 5789 1243 5855 VIII.

1927 3195 2202 3250 stantialis.
2247 3196 2299 3251 in
2373 3199 2710 3269 semetipso:
2749 3203 2895 3277 λόγος
2947 3204 3185 3261 existens
3235 3207 3300 3262 ad
3374 3209 3427 3264 id
3474 3219 3539 3267 ut

1928 3289 2038 3345 siut
2062 3290 2267 3359 omnia,
2301 3307 2407 3346 non
2438 3301 2497 3347 ut
2521 3293 2667 3349 aliud
2695 3295 2920 3367 aliquid,
2948 3305 3040 3354 aut
3065 3310 3118 3354 ut
3145 3300 3399 3369 alterum,
3435 3304 3535 3361 sed

1883 3392 1895 3401 '
1926 3385 2090 3441 simul
2113 3387 2460 3457 simplicitate
2481 3391 2813 3457 coexistens,
2842 3400 2899 3445 et
2947 3392 3192 3450 unitione
3217 3411 3384 3451 unum
3408 3406 3529 3453 est:

1928 3477 2031 3532 hoc
2054 3476 2199 3532 enim
2226 3477 2370 3548 quod
2396 3478 2538 3552 λόγος
2565 3486 2647 3533 est
2664 3520 2679 3545 ,
2714 3479 2766 3534 id
2794 3480 2967 3550 ipsum
3000 3493 3085 3538 est
3106 3484 3249 3554 quod
3275 3494 3358 3541 est
3383 3502 3531 3555 esse,

1924 3580 1979 3627 et
2024 3571 2142 3642 ipso
2190 3571 2335 3643 quod
2379 3581 2463 3627 est
2509 3586 2662 3639 esse,
2700 3573 2844 3648 λόγος
2888 3584 2972 3629 est
3011 3593 3025 3629 :
3068 3575 3182 3647 ipse
3213 3578 3355 3633 enim
3385 3579 3533 3654 λόγος

1925 3655 2076 3720 Deus
2109 3672 2227 3729 est,
2267 3680 2432 3720 unum
2470 3680 2598 3735 ergo
2636 3673 2689 3719 et
2719 3666 2985 3738 όμοοόσιον
3027 3685 3042 3721 :
3089 3683 3195 3724 non
3225 3671 3369 3726 enim
3401 3674 3523 3729 sine

1924 3758 2139 3812 aetione
2169 3757 2329 3820 Deus,
2356 3755 2451 3812 sed
2480 3765 2734 3826 operatur
2767 3758 2928 3824 Deus,
2960 3759 3117 3815 siculi
3143 3761 3369 3818 dictum.

1995 3847 2244 3907 XXXIV.
2268 3846 2576 3904 Substantia
2601 3857 2779 3904 autem
2810 3848 2902 3905 Dei
2932 3848 3110 3921 imago
3137 3862 3241 3921 est,
3269 3855 3430 3923 actio,
3461 3856 3526 3913 ﬁ-‘

1924 3938 2134 4011 liusque
2159 3948 2242 3995 est
2261 3979 2277 4006 ,
2306 3953 2405 4009 per
2431 3953 2590 4007 quam
2620 3938 2953 4010 intelligitur,
2990 3950 3047 3997 et
3074 3943 3216 4013 quod
3242 3945 3312 4000 sit
3335 3945 3521 4002 decla-

1921 4041 2072 4087 ratur
2100 4031 2317 4105 (Jonu.,
2351 4045 2463 4099 xtv,
2492 4029 2552 4101 9)
2588 4047 2603 4085 :
2635 4030 2736 4097 Qui
2772 4049 2851 4086 me
2874 4032 3029 4100 uidit,
3058 4034 3184 4088 vidit
3209 4043 3256 4089 et
3290 4035 3517 4093 Patrem.

1922 4125 1991 4181 Et
2035 4125 2149 4195 ipsa
2194 4122 2493 4181 substantia
2533 4123 2772 4180 existens
2794 4164 2810 4191 ,
2844 4123 3049 4181 habens
3104 4141 3257 4191 esse,
3286 4137 3341 4183 et
3376 4144 3402 4182 a
3435 4145 3517 4186 se.

1920 4216 2185 4286 Quoniam
2231 4224 2409 4273 autem
2453 4229 2616 4271 causa
2652 4215 2753 4286 ipsi
2795 4216 2953 4271 estid
2980 4215 3034 4270 in
3068 4233 3173 4286 quo
3198 4227 3304 4285 est,
3342 4219 3521 4293 imago

1920 4309 2039 4380 ipsa
2069 4308 2209 4364 ﬁlius
2237 4318 2321 4364 est
2345 4302 2485 4381 ej'us,
2520 4308 2572 4362 in
2600 4322 2709 4378 quo
2748 4315 2835 4363 est
2860 4307 3120 4365 inell‘abili
3145 4312 3515 4382 generatione,

1921 4410 1975 4458 et
2005 4403 2238 4459 maxime
2271 4400 2622 4473 ingenerabili
2656 4402 3040 4472 generatione,
3063 4412 3155 4457 aut
3180 4405 3350 4475 magis
3377 4421 3519 4462 sem-

1841 4491 1897 4552 D
1925 4512 2019 4567 per
2046 4506 2339 4568 generante
2363 4496 2751 4568 generatione:
2780 4496 2922 4567 quod
2953 4502 3008 4551 et
3032 4496 3338 4553 Alexander
3360 4499 3513 4555 dixit.

1920 4589 2199 4645 Etdicitur
2213 4604 2427 4658 semper
2449 4598 2623 4659 pater,
2645 4601 2859 4657 semper
2876 4586 3020 4642 ﬁlius
3044 4588 3204 4642 simul
3249 4589 3512 4648 existens.

1921 4679 2063 4752 Ergo
2097 4690 2151 4737 et
2185 4695 2401 4750 semper
2469 4678 2940 4734 consubstantialis
2978 4679 3303 4745 coexistens,
3347 4697 3516 4740 unum

1920 4776 2196 4840 existens,
2240 4774 2294 4828 in
2336 4780 2485 4843 patre
2524 4769 2667 4825 ﬁlius
2704 4781 2822 4836 est;
2854 4785 2975 4826 cum
3023 4781 3203 4828 autem
3235 4788 3513 4844 operatur,

1922 4867 2167 4940 procedit
2203 4884 2216 4920 :
2248 4881 2372 4922 cum
2406 4863 2671 4935 procedit,
2703 4865 2754 4918 in
2786 4863 2899 4919 ﬁlio
2924 4873 3010 4920 est
3033 4874 3203 4935 pater.
3233 4868 3517 4937 Quomodo

1915 4970 2097 5018 autem
2115 4959 2254 5015 istud
2271 4957 2535 5014 dicimus?
2549 4957 2688 5011 Deus
2704 4965 2757 5011 et
2776 4956 2917 5031 λόγος
2937 4972 3101 5013 unum
3118 4965 3200 5014 est
3214 4969 3267 5015 et
3283 4966 3513 5032 unitum,

1914 5065 1973 5111 et
2001 5053 2203 5109 ideirco
2242 5051 2531 5124 όμοούσιον,
2555 5048 2648 5104 sed
2671 5048 2813 5118 quod
2845 5049 3006 5116 Deus,
3026 5049 3177 5120 juxta
3208 5053 3350 5124 quod
3374 5055 3516 5111 Deus

1919 5152 2033 5212 est,
2066 5143 2184 5214 ejus
2213 5141 2355 5212 quod
2385 5148 2442 5196 et
2464 5155 2585 5196 esse
2613 5142 2853 5210 potentia
2880 5148 2964 5194 est
2982 5181 2997 5205 ,
3027 5149 3083 5196 et
3108 5144 3346 5198 omnium
3395 5160 3517 5215 qua:

1917 5244 2062 5303 sunt,
2095 5233 2164 5290 ad
2193 5232 2241 5290 id
2270 5231 2413 5304 quod
2434 5242 2517 5287 est
2537 5245 2680 5300 esse,
2705 5246 2865 5286 causa
2897 5240 2981 5287 est
3006 5233 3153 5306 λόγος
3198 5234 3347 5306 juxta
3372 5236 3518 5306 quod

1921 5336 2006 5385 est
2037 5346 2048 5381 :
2079 5327 2222 5401 λόγος
2252 5333 2474 5396 paterna
2503 5333 2585 5379 est
2614 5324 2856 5395 potentia
2877 5364 2892 5390 ,
2922 5323 2989 5379 ad
3019 5326 3313 5383 subsistere
3338 5326 3520 5384 facere

1922 5422 2098 5494 ipsum
2146 5419 2290 5491 quod
2332 5427 2418 5475 est
2471 5432 2593 5474 esse
2631 5435 2644 5471 :
2695 5417 2991 5488 principale
3033 5419 3205 5489 ipsum
3250 5420 3391 5489 quod
3435 5431 3522 5480 est

1922 5527 2073 5579 esse,
2118 5520 2173 5569 et
2202 5511 2522 5582 principium
2544 5552 2560 5580 ,
2592 5519 2648 5565 et
2677 5509 2961 5579 perfectio.
2993 5509 3075 5566 Ab
3102 5526 3167 5565 eo
3204 5508 3347 5568 enim
3377 5515 3522 5586 quod

1924 5616 2009 5667 est
2042 5623 2164 5665 esse
2205 5604 2528 5672 universale,
2571 5615 2628 5661 et
2661 5619 2827 5676 supra
2856 5604 3161 5661 universale
3197 5620 3361 5666 omne
3398 5611 3523 5666 uni—

1926 5701 2137 5760 versale
2161 5715 2284 5757 esse
2303 5741 2318 5769 ,
2356 5707 2413 5756 et
2442 5696 2594 5770 juxta
2623 5711 2853 5770 genera,
2885 5704 2940 5751 et
2964 5695 3113 5765 juxta
3141 5697 3351 5770 species
3376 5715 3521 5775 esse,

2886 5784 2966 5847 315
