4018 6184
617 166 754 225 1067

1923 154 2114 214 MARII
2157 151 2498 214 VICTORINI
2539 151 2701 210 AFRI

3683 156 3776 218 l068

612 290 670 338 et
693 275 988 343 individua,
1019 272 1160 347 quod
1188 278 1271 329 est
1296 284 1417 327 esse
1448 270 1553 325 illis
1579 269 1761 326 habet.
1789 267 1848 326 Si
1888 269 2048 340 igitur
2070 269 2215 341 λόγος
2245 269 2288 330 Α
2319 271 2404 340 qui
2440 269 2508 322 ad
2551 266 2716 322 Deum
2746 272 2872 331 erat,
2899 275 2945 320 et
2973 279 3060 336 per
3102 278 3252 335 quem
3284 261 3448 331 effecta
3471 272 3570 319 ειηι
3591 227 3726 336 mnia,
3745 283 3777 326 ει

613 372 779 428 habet
805 383 956 430 esse,
987 375 1071 421 est
1111 369 1254 420 enim
1298 364 1440 437 λόγος
1483 363 1534 418 id
1573 362 1748 431 ipsum
1794 361 1937 432 quod
1981 370 2066 416 est
2090 375 2212 416 esse

621 465 722 535 ipsi
749 469 802 518 et
835 460 999 536 λόγος,
1030 475 1158 529 ergo
1189 474 1255 514 ex
1284 458 1375 512 illo
1405 456 1545 527 quod
1577 464 1661 511 est
1698 471 1860 525 supra
1908 455 2213 511 universale

619 573 770 624 esse,
801 569 922 612 esse
965 562 1048 610 est
1091 571 1103 606 :
1146 552 1240 608 sed
1282 550 1584 606 universale
1611 550 1750 620 quod
1797 556 1880 604 est
1924 563 2041 603 esse
2069 549 2216 621 λόγος

620 659 705 708 εει
733 668 746 704 :
778 649 920 705 Deus
955 658 1130 703 autem
1180 646 1231 701 id
1271 645 1414 716 quod
1440 651 1523 699 est
1556 659 1715 714 supra
1743 643 2046 698 universale
2071 657 2214 707 esse,

623 743 766 797 ﬁlius
812 750 989 795 autem
1036 736 1176 808 quod
1224 745 1308 790 est
1351 735 1655 790 universale
1705 750 1827 788 esse
1856 752 1868 786 :
1901 743 2056 804 pater
2092 747 2220 803 ergo

623 850 785 906 supra
819 831 1124 888 universale
1163 829 1305 899 quod
1335 836 1418 882 est
1441 843 1583 890 esse,
1613 827 1887 899 ὁμοούσιον
1918 840 2046 895 ergo
2075 824 2128 879 in
2157 839 2222 880 eo

625 927 767 999 quod
815 934 898 981 est
940 938 1089 988 esse,
1122 921 1188 976 ad
1221 920 1274 976 id
1313 919 1453 991 quod
1485 927 1569 975 est
1608 933 1727 974 esse
1747 960 1760 983 ,
1791 928 1845 973 ει
1876 917 2018 987 quod
2060 930 2224 987 supra

626 1017 932 1077 universale
958 1015 1023 1071 ad
1060 1013 1361 1069 universale
1403 1031 1416 1066 :
1461 1012 1564 1067 hoc
1603 1024 1779 1066 autem
1823 1019 1879 1066 ει
1919 1008 2226 1080 progressio

631 1121 753 1176 est;
786 1109 854 1164 ab
881 1122 948 1163 eo
976 1106 1118 1160 enim
1151 1103 1292 1174 quod
1339 1112 1422 1158 est
1460 1117 1620 1172 supra
1650 1101 1984 1166 universale,
2013 1101 2227 1156 univer-

628 1205 741 1260 sale
782 1201 1073 1272 egreditur,
1111 1205 1165 1253 ct
1211 1198 1380 1268 magis
1406 1204 1552 1252 certe
1581 1195 1902 1266 intelligenti
1933 1202 1987 1249 et
2014 1194 2226 1264 egredi-

633 1309 742 1363 tur,
790 1304 845 1351 et
891 1299 1092 1358 manet,
1139 1305 1243 1346 non
1289 1291 1431 1346 enim
1471 1288 1859 1358 derelinquitur
1903 1287 2227 1342 universale.

635 1393 781 1463 Ergo
815 1398 869 1445 et
909 1387 1155 1442 subsistit
1187 1401 1284 1457 per
1331 1385 1679 1453 semetipsum
1710 1381 1851 1452 quod
1897 1388 1981 1436 est
2020 1380 2234 1435 univer-

635 1485 748 1540 sale
792 1491 844 1535 et
888 1481 1032 1534 intus
1061 1487 1146 1534 est
1174 1479 1227 1532 in
1261 1491 1327 1532 eo
1371 1475 1514 1546 quod
1557 1484 1638 1530 εει
1679 1489 1839 1544 supra
1887 1472 2232 1528 universale:

635 1590 940 1633 connexum
973 1588 1102 1642 ergo
1124 1580 1236 1637 εει,
1271 1581 1325 1625 ει
1352 1569 1716 1640 inseparatum
1759 1577 1876 1634 est;
1908 1575 1963 1623 et
1987 1565 2128 1622 istud
2156 1567 2238 1621 lu-

2313 364 2425 416 sine
2455 378 2554 430 quo
2581 359 2812 428 effectum
2836 368 2910 413 est
2939 358 3089 413 nihil.
3114 357 3387 425 Quomodo
3410 358 3562 428 imago
3581 361 3686 434 λόγος
3703 366 3782 418 esti

2314 466 2368 512 et
2386 458 2534 530 λόγος
2586 454 2768 509 lilius?
2809 462 2864 509 et
2895 454 3008 524 ipse
3054 453 3144 522 qui
3187 452 3253 507 de
3287 451 3468 505 Maria?
3499 455 3633 522 magis
3663 467 3784 512 autem

2317 549 2408 618 qui
2439 549 2491 602 in
2514 562 2580 602 eo
2603 546 2691 616 qui
2725 545 2793 601 de
2823 545 3010 600 Maria.
3061 544 3140 598 Ex
3182 543 3247 597 iis
3283 543 3613 610 manifestum,
3638 546 3671 598 si
3696 548 3787 604 ﬁlius

2320 639 2415 695 Dei
2438 638 2665 694 redemit
2695 653 2794 693 nos
2825 653 2922 708 per
2957 637 3272 707 sanguinem
3304 651 3450 690 suum
3469 677 3483 703 ,
3509 637 3583 706 qui
3607 639 3661 692 de
3682 638 3788 696 llaria

2322 732 2465 787 lilius
2510 740 2628 792 est.
2657 738 2713 786 et
2755 732 2871 800 ipse
2897 731 3073 799 imago
3121 736 3206 783 est
3257 727 3375 791 Dei;
3405 727 3489 782 Dei
3530 736 3600 783 est
3632 730 3792 788 ﬁliuszsi

2324 823 2466 878 enim
2493 823 2655 876 totius
2677 830 2944 878 creatura:
2969 819 3380 891 primogenitus,
3411 821 3667 875 necessario
3690 821 3791 888 ﬁlius,

2327 917 2581 987 numquid
2624 916 2806 971 alius?
2850 913 3374 983 Absittunigenitus
3406 913 3534 967 enim
3577 914 3651 969 Dei
3676 925 3735 969 ett
3760 917 3796 969 li-

2327 1009 2448 1064 lius.
2482 1007 2714 1062 Necesse
2734 1015 2819 1062 est
2842 1021 2971 1076 ergo
3001 1003 3250 1061 eumdem
3284 1004 3450 1073 ipsum
3474 1017 3578 1058 esse
3608 1003 3798 1070 ﬁlium,et

2331 1098 2620 1170 imaginem
2647 1139 2663 1164 ,
2707 1106 2762 1153 et
2804 1112 2928 1152 eum
2973 1096 3063 1165 qui
3109 1095 3178 1151 de
3225 1094 3408 1150 Maria.
3451 1095 3686 1163 Quomodo
3715 1100 3801 1152 enim

2334 1191 2512 1262 imago
2546 1190 2639 1246 Dei
2686 1189 2857 1255 ﬁlius,
2891 1189 2937 1244 si
2968 1205 3072 1244 non
3103 1189 3498 1260 'primogenitus
3539 1188 3672 1244 totius
3708 1204 3803 1244 crea—

2336 1287 2504 1342 turae?
2529 1285 2596 1340 Et
2639 1285 2913 1352 quomodo
2959 1284 3132 1355 imago
3164 1284 3279 1348 Dei,
3329 1285 3416 1352 qui
3455 1281 3603 1338 Filius
3636 1284 3687 1339 de
3707 1284 3804 1339 linit

2336 1389 2460 1450 post
2487 1378 2667 1435 omnia
2695 1377 2835 1434 facta
2866 1388 3023 1433 natus
3049 1377 3166 1432 est?
3195 1374 3528 1431 Manifestum
3563 1391 3693 1445 ergo,
3721 1376 3804 1444 quod

2337 1473 2456 1544 ipse
2485 1471 2890 1542 primogenitus.
2916 1469 3056 1538 Quid
3079 1485 3210 1525 vero
3236 1469 3378 1540 quod
3408 1479 3576 1524 natum
3601 1477 3666 1523 est
3686 1467 3732 1522 de
3748 1468 3808 1521 lla-

2341 1568 2459 1622 ria?
2482 1584 2588 1623 non
2629 1578 2876 1623 creatura
2913 1577 3032 1622 est:
3061 1566 3158 1622 sed
3205 1566 3249 1621 si
3279 1565 3420 1620 ﬁlius
3452 1565 3567 1631 Dei,
3605 1566 3733 1634 imago
3758 1563 3807 1618 Dei

639 1670 805 1726 minis
856 1666 1173 1736 refulgentia
1218 1663 1432 1729 dicitur,
1483 1661 1660 1716 omnia
1730 1660 1946 1714 luminis
1992 1658 2195 1714 habens
2219 1699 2235 1725 ,
2267 1652 2316 1714 B
2343 1670 2468 1716 ante
2497 1676 2716 1717 omnem
2743 1668 3048 1716 creaturam
3077 1668 3234 1713 natus
3261 1666 3366 1724 est,
3393 1658 3500 1727 ipse
3522 1665 3595 1712 est
3619 1656 3660 1711 in
3683 1655 3807 1724 eo.qui

639 1763 734 1818 sed
773 1777 878 1816 non
918 1759 1228 1828 accipiens,
1271 1770 1448 1826 neque
1485 1763 1662 1819 enata,
1711 1753 1806 1809 sed
1848 1753 2236 1819 connaturalis,

644 1856 914 1931 ὁμοούσιος
945 1867 1158 1922 semper
1205 1851 1468 1906 existens.
1506 1847 1620 1903 Non
1663 1848 1822 1918 igitur
1860 1857 2005 1901 motu
2046 1845 2238 1913 locali,

644 1964 820 2018 neque
852 1945 1221 2000 immutatione
1252 1961 1266 1998 :
1308 1940 1663 1996 immutabilis
1689 1941 1833 1996 enim
1866 1950 2037 2010 pater,
2062 1949 2116 1994 et
2141 1939 2243 1993 im-

646 2039 920 2096 mutabilis
969 2037 1140 2103 lilius,
1192 2046 1247 2090 et
1293 2049 1509 2104 semper
1559 2044 1732 2103 pater,
1787 2048 2001 2103 semper
2063 2031 2240 2100 ﬁlius,

644 2131 859 2200 etiamsi
907 2130 1046 2183 ﬁlius
1093 2127 1344 2182 credatur
1381 2126 1433 2180 in
1476 2134 1626 2195 patre
1666 2126 1841 2195 imago
1894 2124 2159 2189 existens,
2190 2131 2247 2178 et

647 2223 766 2295 ejus
795 2220 938 2293 quod
977 2235 1096 2275 esse
1141 2219 1333 2285 forma,
1379 2218 1518 2272 sicut
1553 2217 1754 2272 dictum
1782 2226 1866 2272 est
1889 2256 1905 2282 ,
1939 2216 2053 2271 sive
2087 2214 2245 2285 juxta

647 2328 990 2386 progressum
1018 2311 1338 2381 refulgentia
1377 2309 1596 2364 luminis
1629 2309 1769 2363 ﬁlius
1806 2318 1908 2363 est.
1942 2307 2011 2362 Iis
2048 2307 2127 2362 sic
2153 2322 2247 2363 ex-

649 2406 960 2472 istentibus,
1024 2413 1078 2458 et
1122 2403 1291 2474 magis
1332 2417 1496 2456 unum
1549 2401 1936 2463 existentibus,
1977 2399 2249 2470 refulgen-

650 2498 722 2552 tia
751 2498 895 2552 enim
926 2494 1182 2565 splendor
1220 2493 1457 2556 luminis,
1486 2503 1541 2548 et
1569 2493 1677 2562 ipsa
1709 2495 1761 2547 in
1789 2508 1847 2547 se
1876 2493 2055 2547 lumen
2087 2491 2250 2548 habet

650 2605 682 2644 a
725 2596 876 2659 patre
904 2595 959 2643 et
988 2587 1042 2641 in
1069 2586 1271 2641 lumine
1299 2593 1380 2640 est
1421 2592 1478 2640 et
1516 2584 1644 2640 loris
1671 2605 1684 2641 :
1714 2601 1842 2656 ergo
1888 2595 1943 2642 et
1998 2587 2050 2641 in
2099 2595 2251 2656 patre

663 2679 838 2743 ﬁlius,
878 2689 932 2733 et
974 2676 1116 2748 quod
1163 2693 1403 2732 annexus
1447 2686 1531 2732 est
1558 2677 1813 2748 splendor
1855 2678 2101 2744 luminis,
2134 2691 2252 2733 ma-

653 2770 735 2842 gis
789 2769 857 2824 ad
907 2769 1083 2824 lumen
1136 2783 1261 2824 esse
1307 2769 1562 2838 splendor
1607 2770 1839 2836 dicitur,
1897 2786 2004 2825 non
2057 2771 2111 2825 in
2167 2770 2251 2824 Iu-

653 2865 833 2927 mine;
865 2862 1075 2918 etiamsi
1119 2877 1148 2915 a
1192 2862 1394 2918 lumine
1432 2863 1774 2933 resplendeat
1802 2864 1856 2919 in
1895 2864 2099 2920 lumine
2136 2872 2250 2930 est,

655 2965 712 3014 et
760 2956 863 3011 boc
909 2956 1174 3025 signiﬁcat
1203 2953 1421 3027 (Joan.,
1465 2973 1520 3022 t,
1562 2954 1630 3028 1)
1676 2975 1688 3010 :
1738 2955 1807 3010 In
1847 2957 2101 3028 principio
2145 2964 2254 3010 erat

2342 1752 2410 1807 de
2439 1752 2603 1808 Maria
2635 1761 2794 1808 natus
2821 1761 2924 1808 est.
2957 1750 3295 1806 Manifestum
3325 1748 3482 1819 igitur
3499 1746 3628 1818 quod
3646 1748 3729 1818 ipse
3745 1746 3808 1800 nni-

2341 1847 2580 1919 geuitus.
3201 1886 3203 1889 -

2415 1936 2656 1995 XXXVI.
2684 1937 2814 1994 Post
2843 1935 2974 1992 illud
2997 1933 3430 2008 perspiciendum
3450 1973 3466 2001 ,
3501 1931 3718 2004 quomodo
3733 1930 3809 1985 idem

2347 2033 2464 2104 ipse
2488 2043 2542 2088 et
2567 2032 2768 2104 imago,
2800 2041 2854 2086 et
2881 2029 3020 2084 ﬁlius
3041 2029 3184 2104 λόγος
3211 2038 3312 2084 εει.
3349 2027 3408 2083 1η
3434 2019 3650 2083 c'onl‘esso
3666 2021 3812 2094 estquod

2348 2126 2524 2197 imago
2550 2126 2688 2180 ﬁlius
2713 2133 2814 2180 est.
2846 2123 2988 2178 Dixit
3015 2123 3162 2178 enim
3192 2121 3388 2176 Paulus
3413 2119 3613 2194 (Colon.
3635 2133 3666 2182 ι,
3691 2114 3812 2186 l5):i-

2347 2218 2452 2274 lius
2500 2219 2588 2273 Dei
2633 2219 2802 2289 imago
2838 2227 2912 2271 est
2941 2214 3053 2270 Dei.
3092 2215 3219 2270 Dico
3272 2214 3447 2285 ipsum
3498 2226 3603 2268 esse
3641 2207 3814 2282 λόγονμὶε

2349 2327 2456 2381 quo
2496 2309 2696 2365 dictum
2739 2319 2824 2365 est
2852 2327 2866 2364 :
2893 2307 2962 2362 In
2991 2309 3246 2381 principio
3284 2317 3395 2363 erat
3428 2307 3577 2382 λόγος.
3610 2305 3715 2360 Dicit
3737 2301 3814 2356 enim

2354 2401 2550 2458 Paulus
2573 2404 2843 2472 quomodo
2887 2401 3028 2456 lilius
3068 2398 3453 2471 primogenitus
3479 2399 3624 2454 totius
3640 2405 3815 2456 creatura,

2353 2493 2493 2563 quod
2523 2491 2687 2565 (Ibid.
2720 2492 2906 2563 16-18)
2927 2493 2986 2560 in
3017 2494 3132 2562 ipso
3175 2501 3350 2546 creata
3387 2491 3482 2545 sint
3513 2501 3768 2556 onuua,qur
3789 2485 3815 2534 it

2359 2585 2501 2639 caelis
2530 2595 2576 2638 et
2614 2601 2728 2654 qua:
2753 2586 2805 2638 in
2835 2593 2991 2650 terra,
3021 2600 3136 2654 quia
3167 2582 3393 2637 visibilia
3422 2591 3468 2636 et
3502 2596 3602 2651 quae
3629 2574 3818 2637 invisibilia,

2354 2680 2457 2733 sive
2488 2677 2682 2733 Thr-oni
2704 2719 2720 2745 ,
2757 2679 2860 2733 sive
2883 2677 3290 2742 Dominationes,
3336 2677 3442 2731 sive
3463 2673 3745 2741 Principum,
3767 2668 3822 2719 tut

2355 2770 2660 2826 Potestates.
2697 2771 2883 2826 Omnia
2911 2787 3000 2836 per
3039 2771 3242 2842 ipsum,
3277 2779 3324 2824 et
3350 2769 3407 2824 in
3443 2768 3550 2836 ipso
3587 2767 3820 2819 creatusaut:

2355 2874 2404 2919 et
2423 2865 2534 2934 ipse
2558 2874 2630 2918 est
2653 2873 2771 2917 ante
2799 2863 2992 2926 omnia,
3025 2871 3070 2916 et
3091 2863 3261 2916 omnia
3286 2861 3340 2914 in
3369 2861 3480 2932 ipso
3515 2858 3751 2913 consistunt.
3773 2850 3822 2902 li-

2357 2957 2452 3012 des
2473 2973 2593 3028 quae
2631 2956 2830 3011 dixerit
2867 2956 2936 3012 de
2980 2956 3125 3021 ﬁlio,
3170 2954 3315 3026 quod
3367 2955 3488 3010 ideo
3528 2945 3822 3024 primogenita.

660 3050 841 3122 Λόγος,
873 3057 929 3104 et
966 3048 1127 3121 Λόγος
1158 3057 1266 3102 erat
1296 3048 1364 3102 ad
1391 3047 1596 3102 Deum:
1629 3049 1902 3121 ὁμοούσιον
1930 3066 2061 3121 ergo
2091 3060 2146 3107 et
2184 3050 2246 3106 ῐὶο

2359 3050 2480 3119 quia
2508 3050 2686 3104 omnia
2723 3056 2901 3104 creata
2931 3057 3056 3102 sunt
3085 3062 3149 3103 ex
3193 3049 3340 3116 ipso,
3377 3055 3432 3102 et
3453 3060 3542 3116 per
3565 3045 3729 3113 ipsum,
3753 3035 3824 3092 etin

658 3140 763 3196 lius
803 3148 858 3195 et
902 3149 1087 3212 pater,
1120 3147 1175 3195 et
1211 3154 1425 3212 semper
1451 3142 1589 3210 ista,
1630 3151 1685 3198 et
1732 3159 1799 3199 ex
1845 3151 2069 3212 aaterno,
2099 3153 2155 3200 et
2200 3143 2256 3200 in

658 3242 942 3289 aeternum.

728 3324 949 3381 XXXV.
996 3325 1230 3381 Dicimus
1277 3335 1334 3382 et
1376 3327 1502 3382 alia.
1532 3329 1694 3402 Λόγος
1734 3341 1818 3386 εει
1859 3333 1927 3387 ad
1957 3333 2158 3399 Deum,
2202 3333 2256 3388 in

658 3418 910 3474 confesso
933 3428 1034 3474 est.
1068 3418 1207 3486 Quid
1237 3427 1323 3474 est
1345 3420 1524 3492 λόγοςν
1555 3437 1650 3489 per
1675 3439 1833 3492 quem
1859 3425 2040 3479 omnia
2060 3411 2082 3491 ,i
2117 3434 2172 3480 et
2203 3425 2256 3480 in

660 3527 769 3582 quo
800 3511 1000 3576 omnia,
1033 3519 1086 3565 et
1111 3510 1163 3564 in
1194 3526 1355 3580 quem
1398 3512 1615 3577 omnia;
1650 3513 1809 3568 istum
1839 3531 1962 3572 esse
1997 3526 2051 3571 ει
2071 3515 2257 3572 Iesum

662 3603 714 3659 in
747 3603 997 3659 confesso
1026 3612 1126 3657 est.
1153 3603 1304 3671 Quod
1326 3603 1469 3678 λόγος
1496 3615 1579 3659 εει
1607 3604 1746 3660 ﬁlius
1772 3607 1886 3674 Dei,
1919 3608 2058 3662 ﬁlius
2077 3619 2257 3664 autem

665 3695 819 3750 Jesus
855 3695 922 3749 de
958 3709 1066 3764 quo
1115 3695 1242 3750 dicit
1285 3695 1482 3750 Paulus
1516 3699 1534 3768 (
1568 3697 1762 3753 Coloss.
1797 3716 1834 3764 ι,
1875 3701 1959 3772 15)
1991 3719 2002 3754 :
2039 3701 2139 3766 Qui
2167 3718 2260 3754 nos

665 3788 795 3840 eruit
830 3790 892 3840 de
922 3797 1164 3854 potestate
1199 3790 1550 3855 tenebrarum,
1581 3800 1629 3845 et
1653 3793 1914 3860 transtulit
1945 3794 1998 3848 in
2047 3809 2260 3864 regnum

665 3877 795 3934 Filii
819 3878 1080 3932 charitutis
1105 3894 1228 3931 sum.
1253 3878 1382 3946 Quis
1415 3880 1572 3949 igitur
1605 3882 1702 3936 iste
1729 3884 1904 3938 ﬁlius?
1927 3886 2062 3954 ipse,
2089 3885 2263 3955 inquit

665 3970 828 4041 (Ibid.
885 3967 996 4040 M),
1037 3969 1088 4021 in
1128 3985 1226 4038 quo
1257 3969 1495 4023 habemus
1536 3966 1954 4042 redemptionem,
2006 3993 2095 4046 per
2137 3993 2261 4030 sau-

663 4065 864 4134 guinem
916 4063 1096 4133 ipsius,
1155 4063 1501 4116 remissionem
1550 4077 1872 4133 peccatorum
1923 4077 2256 4125 nostrorum.

666 4156 773 4210 lste
803 4155 932 4232 quis.
953 4155 1070 4209 est?
1100 4155 1190 4223 qui
1222 4164 1378 4209 natus
1419 4165 1502 4210 est
1533 4172 1595 4208 ex
1631 4157 1814 4212 Maria.
1856 4160 1992 4227 Quid
2019 4161 2261 4217 deinde?

669 4245 808 4300 istud
841 4245 1052 4298 solum?
1098 4246 1355 4315 numquid
1393 4248 1626 4301 maxime
1669 4251 1811 4317 quod
1856 4251 1908 4305 in
1937 4268 2023 4319 eo,
2066 4255 2154 4322 qui
2195 4271 2262 4310 ex

668 4336 832 4391 Maria
861 4337 1016 4392 erat?
1043 4335 1172 4391 Erat
1199 4345 1252 4390 et
1280 4348 1404 4392 ante
1428 4354 1586 4408 quam
1609 4354 1676 4394 ex
1705 4340 1890 4395 Maria.
1920 4342 2056 4408 Quid
2081 4355 2261 4400 autem

667 4429 871 4484 inducit
916 4426 1074 4496 (Ibid.
1111 4426 1222 4493 15),
1269 4429 1354 4494 qui
1397 4440 1466 4483 est
1493 4431 1661 4500 imago
1693 4430 1822 4486 Dei?
1864 4436 2120 4505 numquid
2161 4438 2262 4493 hoc

667 4522 862 4587 solum,
905 4519 972 4574 de
1017 4519 1220 4574 Maria?
1251 4535 1356 4574 non
1386 4539 1397 4574 :
1432 4523 1605 4591 imago
1643 4523 1784 4578 enim
1816 4525 1906 4580 Dei
1941 4528 2009 4581 ab
2051 4537 2260 4586 aeterno

667 4614 865 4684 imago.
898 4614 952 4669 Si
978 4613 1136 4683 igitur
1166 4613 1219 4667 in
1263 4613 1372 4667 ﬁlio
1415 4614 1672 4670 habemus
1702 4631 1852 4686 spem
1873 4659 1888 4685 ,
1919 4629 1972 4674 et
2008 4618 2125 4689 ipse
2167 4637 2262 4691 per

669 4707 982 4775 sanguinem
1014 4720 1170 4759 suum
1196 4704 1424 4760 redemit
1453 4722 1550 4762 nos
1578 4724 1592 4772 ;
1629 4709 1944 4777 ipse-autem
1972 4711 2148 4782 imago
2180 4725 2263 4770 cst

673 4794 795 4862 Dei;
843 4796 1016 4866 imago
1043 4812 1171 4864 ergo
1217 4796 1358 4851 ﬁlius
1392 4807 1475 4852 est
1504 4799 1617 4853 Dei.
1653 4802 1734 4856 An
1777 4817 1877 4871 ego
1918 4801 2040 4856 dico
2081 4805 2260 4860 istud?

669 4885 785 4940 Non
833 4888 1011 4948 solus,
1061 4887 1152 4942 sed
1203 4898 1256 4942 et
1316 4889 1547 4956 Paulus;
1597 4893 1869 4960 quomodo
1926 4896 2070 4950 enim
2123 4898 2256 4952 dicit

671 4975 898 5049 (Ibid)?
933 4976 1300 5049 Primogenitus
1328 4984 1493 5037 omnis
1524 4994 1792 5041 creaturis.
1828 4988 1956 5055 Quis
1986 4990 2260 5060 primoge-

667 5068 849 5121 nitus?
881 5067 1066 5121 Filius.
1098 5070 1231 5135 Quis
1255 5071 1430 5127 ﬁlius?
1459 5073 1628 5130 Filius
1666 5079 1756 5147 qui
1807 5095 1871 5134 ex
1905 5080 2090 5135 Maria.
2127 5085 2258 5148 Quis

667 5159 808 5214 ﬁlius
838 5174 903 5212 ex
949 5158 1145 5213 Maria?
1189 5163 1576 5233 primogenitus
1619 5168 1783 5223 totius
1807 5183 2091 5228 creatura}.
2125 5173 2258 5240 Quis

666 5249 828 5304 tutius
882 5257 1145 5304 creaturae
1193 5253 1620 5324 primogenitus?
1664 5260 1754 5325 qui
1800 5261 1974 5331 imago
2017 5265 2108 5320 Dei
2149 5276 2250 5322 est.

661 5342 895 5398 Necesse
941 5348 1027 5397 est
1073 5342 1213 5396 enim
1264 5345 1673 5416 primogenitum
1714 5365 1834 5406 esse
1869 5364 1994 5410 ante
2037 5372 2252 5414 omnem

660 5447 959 5490 rrcaturam
1009 5435 1294 5506 imaginem
1349 5439 1462 5493 Dei.
1510 5441 1639 5508 Quis
1689 5453 1868 5500 autem
1919 5457 2001 5502 est
2034 5449 2253 5521 imago?

661 5526 826 5600 λόγος.
867 5529 996 5594 Quis
1024 5529 1206 5603 λόγοςῗ
1234 5531 1322 5600 qui
1351 5540 1467 5588 erat
1504 5532 1558 5588 in
1601 5536 1903 5606 principio:
1938 5538 2069 5595 Sine
2110 5543 2254 5599 enim

659 5619 893 5692 imagine
909 5620 1049 5679 Deus
1073 5624 1378 5694 quomodo?
1399 5625 1462 5682 Et
1489 5629 1607 5699 quis
1622 5629 1798 5702 λόγοςῖ
1824 5629 2003 5703 (Joan.
2020 5645 2058 5699 ι,
2082 5630 2138 5700 2,
2163 5635 2257 5706 5):

2364 3144 2504 3214 ipso.
2554 3142 2679 3198 Tria
2721 3157 2852 3214 ergo
2889 3142 3021 3196 dicit
3061 3156 3128 3196 ex
3157 3141 3375 3211 quibus,
3430 3138 3565 3211 quod
3596 3137 3747 3192 dictum
3770 3135 3822 3190 est

2360 3237 2540 3292 omnia
2569 3252 2666 3307 per
2692 3237 2864 3306 ipsum
2883 3277 2898 3301 ,
2921 3236 3005 3291 cui
3029 3234 3214 3289 datum
3237 3243 3322 3290 est
3363 3248 3588 3303 semper,
3625 3227 3731 3300 quod
3753 3238 3824 3278 ιιι·
3874 3257 3875 3307 ᾖ

2361 3330 2597 3385 Iessione
2623 3339 2703 3385 est
2727 3337 2800 3404 τῷ
2829 3329 2981 3403 λόγῳ.
3015 3327 3072 3383 Si
3122 3327 3280 3398 igitur
3310 3327 3510 3382 Paulus
3538 3323 3636 3378 ﬁlio
3663 3317 3825 3381 deditiif
3874 3309 3875 3344 ἦ

2364 3423 2570 3493 ipsum;
2598 3423 2772 3492 ipsum
2796 3433 2974 3478 autem
2998 3423 3139 3491 quod
3168 3431 3251 3476 est
3281 3436 3380 3491 per
3409 3423 3591 3491 ipsum,
3618 3415 3728 3472 dedit
3742 3411 3828 3466 ιω-

2365 3530 2460 3571 nes
2480 3524 2553 3590 τῷ
2581 3516 2726 3592 Λόγῳ
2758 3517 2968 3586 primus
2989 3515 3280 3585 Apostolus
3306 3525 3366 3570 et
3390 3513 3742 3584 Evangelistes:
3763 3510 3826 3558 ante

2363 3623 2552 3663 omnes
2590 3617 2890 3662 consonant
2930 3607 3092 3662 dicta.
3133 3607 3271 3676 Quid
3313 3609 3424 3662 erit
3465 3602 3776 3661 dubitandum.
3803 3602 3830 3645 εί

2365 3718 2472 3756 non
2524 3701 2594 3755 sit
2649 3701 2788 3755 ﬁlius
2828 3700 3006 3773 1670;?
3035 3699 3175 3766 Quid
3220 3715 3351 3755 vero
3386 3700 3490 3754 alia
3523 3697 3618 3753 duo
3648 3707 3734 3762 qua:
3753 3684 3829 3742 ded!

2365 3791 2497 3857 ﬁlio,
2532 3792 2683 3860 cujus
2712 3791 2883 3861 magis
2911 3790 3163 3860 propria?
3189 3791 3500 3846 necessario
3524 3795 3605 3845 τοῦ
3631 3786 3830 3858 λόγω;Ρ⁰’

2367 3883 2534 3938 tentia
2560 3884 2708 3938 enim
2743 3883 2881 3953 ejus,
2909 3882 3148 3938 omnium
3177 3898 3298 3954 qua:
3328 3892 3455 3938 sunt
3479 3875 3759 3939 subsistentia
3780 3877 3828 3923 es!-

2365 3976 2470 4032 Sed
2513 3977 2555 4030 si
2581 3986 2634 4030 ct
2663 3976 2804 4031 istud
2829 4019 2842 4042 ,
2876 3977 2928 4030 in
2969 3977 3086 4046 ipso
3124 3987 3240 4032 sunt
3273 3979 3450 4032 omnia
3471 4017 3487 4044 ,
3529 3984 3582 4030 ut
3609 3973 3759 4029 dictum
3782 3970 3831 4020 est.

2365 4069 2508 4140 quod
2539 4071 2591 4126 in
2619 4071 2736 4140 ipso
2761 4080 2946 4125 creata
2980 4079 3105 4125 sunt
3147 4072 3329 4126 omnia
3350 4113 3366 4138 ,
3392 4080 3448 4126 et
3475 4070 3590 4124 ideo
3612 4068 3655 4120 in
3685 4065 3832 4133 ipso”?

2369 4163 2481 4223 nia,
2515 4157 2766 4232 quoniam
2808 4161 3110 4217 cflicientur
3147 4163 3329 4217 omnia
3372 4161 3678 4233 spiritualia,
3706 4149 3833 4223 quo”

2369 4252 2572 4308 Paulus
2600 4253 2896 4324 signiﬁCat,
2947 4254 2999 4307 in
3029 4253 3496 4310 consummatione
3521 4246 3690 4307 (mundi
3718 4241 3831 4315 (Ιίθτο

2368 4362 2464 4412 xv,
2494 4345 2623 4417 ‘28):
2657 4345 2796 4399 Nam
2830 4363 2944 4400 cum
2977 4348 3149 4401 omnia
3194 4347 3276 4401 illi
3303 4349 3539 4421 subjecta
3575 4342 3749 4415 fuerint,
3777 4343 3837 4384 lu"

2288 4417 2340 4476 D
2368 4439 2480 4508 ipse
2518 4439 2818 4507 subjicietur
2846 4442 2926 4505 ei,
2969 4441 3053 4507 qui
3082 4440 3298 4513 subjecit
3328 4442 3370 4495 ei
3395 4417 3601 4502 vonmia,
3627 4444 3671 4488 ut
3693 4431 3740 4486 sit
3765 4424 3836 4478 Dm

2371 4532 2614 4585 omniain
2641 4531 2890 4585 omnibus.
2913 4531 3050 4598 Quid
3078 4532 3242 4598 iStud,
3273 4545 3328 4589 ει
3355 4531 3617 4602 quomodo
3644 4513 3837 4600 posterius?

2369 4623 2524 4679 Nunc
2566 4625 2836 4693 qttomodo
2881 4626 3196 4695 spiritualia.
3244 4626 3448 4684 Verum
3495 4628 3641 4698 igitur
3682 4614 3779 4690 quod
3807 4606 3837 4659 δέ

2372 4715 2537 4769 Maria
2572 4715 2711 4768 Illius
2740 4726 2823 4771 est
2863 4717 2996 4783 Dei,
3028 4729 3081 4772 et
3110 4718 3222 4788 ipse
3263 4720 3439 4790 imago
3465 4731 3518 4774 et
3551 4719 3652 4788 ipse
3682 4706 3840 4782 λόγος.ίῖ

2367 4806 2486 4876 ipse
2511 4815 2637 4860 ante
2667 4809 2862 4863 saecula
2900 4819 2955 4865 et
2991 4824 3207 4866 omnem
3232 4823 3556 4876 creaturam,
3576 4817 3626 4863 et
3658 4799 3761 4874 quod
3779 4807 3839 4848 οω-

2373 4899 2456 4952 nis
2501 4909 2744 4953 creatura
2794 4917 2889 4971 per
2933 4903 3106 4972 ipsum
3147 4915 3324 4958 creata
3367 4914 3484 4970 est,
3516 4912 3568 4958 et
3604 4901 3650 4955 in
3684 4895 3840 4966 ipso:es

2370 4992 2509 5064 ipso,
2542 5002 2596 5047 et
2621 5003 3016 5064 consequenter
3035 5012 3152 5068 quze
3177 4997 3317 5052 dicta
3345 5005 3488 5052 sunt.

2444 5085 2709 5141 XXXVII.
2761 5086 2894 5156 Quis
2941 5105 3072 5160 ergo
3119 5089 3234 5145 siue
3273 5104 3461 5153 sensu,
3507 5087 3618 5158 quis
3653 5076 3841 5140 sacrilei‘i‘

2372 5177 2572 5232 Arius?
2604 5180 2722 5249 quis
2750 5180 2866 5235 sine
2901 5181 3011 5236 Deo
3040 5198 3149 5237 non
3194 5183 3337 5237 videt
3363 5183 3486 5253 quis
3511 5177 3682 5237 Iesus?
3709 5161 3841 5228 cum1

2371 5271 2539 5326 Filius
2565 5274 2912 5343 unigenitus?
2943 5276 3073 5330 Esse
3093 5287 3271 5332 autem
3298 5286 3350 5332 et
3380 5277 3543 5332 Deum
3587 5275 3706 5345 λόγον
3733 5255 3841 5336 imi‘

2367 5386 2500 5432 σιον,
2522 5364 2622 5420 hoc
2649 5376 2749 5431 est,
2767 5376 2822 5422 et
2849 5379 3054 5437 patrem
3077 5379 3130 5425 et
3155 5371 3340 5438 ﬁlium,
3362 5387 3426 5426 ex
3451 5370 3565 5425 istis
3580 5362 3839 5422 manifestum:

2364 5478 2485 5532 qua:
2515 5463 2661 5519 dedit
2683 5464 2792 5520 ﬁlio
2836 5466 3055 5533 Paulus,
3085 5470 3274 5524 eadem
3302 5471 3450 5526 dedit
3475 5478 3529 5526 et
3551 5467 3687 5539 patri,
3710 5461 3776 5516 tria
3791 5456 3842 5506 i511

2362 5569 2484 5610 Cum
2513 5555 2770 5625 ἀίὲηίιθιθ
2798 5567 3019 5627 paterna
3050 5561 3102 5615 in
3129 5577 3270 5629 uno,
3298 5572 3355 5616 ut
3380 5568 3651 5632 appareret
3667 5567 3710 5610 et
3728 5541 3841 5604 divini;

2367 5655 2448 5702 tas
2476 5662 2599 5712 una,
2633 5656 2687 5701 et
2717 5650 3039 5718 substantia,
3065 5660 3123 5708 et
3150 5653 3381 5723 potentia
3402 5660 3635 5724 paterna.
3655 5644 3720 5706 Ad
3732 5635 3841 5695 €010?
