  <div class='ocr_page' id='page_1' title='image "/cluster/home/n/w/nwhite01/storage/ocr_20150623/8/hvd.32044096580360/548.png"; bbox 0 0 4018 6184; ppageno 0'>
   <div class='ocr_carea' id='block_1_1' title="bbox 220 202 349 265">
    <p class='ocr_par' dir='ltr' id='par_1_1' title="bbox 220 202 349 265">
     <span class='ocr_line' id='line_1_1' title="bbox 220 202 349 265; baseline 0.016 -3"><span class='ocrx_word' id='word_1_1' title='bbox 220 202 349 265; x_wconf 72' lang='lat'><strong>1069</strong></span> 
     </span>
    </p>
   </div>
   <div class='ocr_carea' id='block_1_2' title="bbox 1431 184 2380 254">
    <p class='ocr_par' dir='ltr' id='par_1_2' title="bbox 1431 184 2380 254">
     <span class='ocr_line' id='line_1_2' title="bbox 1431 184 2380 254; baseline -0.003 0"><span class='ocrx_word' id='word_1_2' title='bbox 1431 191 1799 254; x_wconf 80' lang='lat' dir='ltr'><strong>ADVERSUS</strong></span> <span class='ocrx_word' id='word_1_3' title='bbox 1838 184 2057 253; x_wconf 75' lang='lat' dir='ltr'><strong>ARIUM</strong></span> <span class='ocrx_word' id='word_1_4' title='bbox 2094 192 2303 252; x_wconf 84' lang='lat' dir='ltr'><strong>LIBER</strong></span> <span class='ocrx_word' id='word_1_5' title='bbox 2335 190 2380 252; x_wconf 87' lang='lat' dir='ltr'><strong>I.</strong></span> 
     </span>
    </p>
   </div>
   <div class='ocr_carea' id='block_1_3' title="bbox 3279 152 3497 261">
    <p class='ocr_par' dir='ltr' id='par_1_3' title="bbox 3279 152 3497 261">
     <span class='ocr_line' id='line_1_3' title="bbox 3279 152 3497 261; baseline 0.009 -2"><span class='ocrx_word' id='word_1_6' title='bbox 3279 195 3313 221; x_wconf 75' lang='grc' dir='ltr'><em>τ</em></span> <span class='ocrx_word' id='word_1_7' title='bbox 3353 152 3497 261; x_wconf 74' lang='lat' dir='ltr'><strong>uno</strong></span> 
     </span>
    </p>
   </div>
   <div class='ocr_carea' id='block_1_4' title="bbox 218 311 3494 394">
    <p class='ocr_par' dir='ltr' id='par_1_4' title="bbox 218 311 3494 394">
     <span class='ocr_line' id='line_1_4' title="bbox 218 311 3494 394; baseline 0.001 -22"><span class='ocrx_word' id='word_1_8' title='bbox 218 330 389 373; x_wconf 83' lang='lat' dir='ltr'><strong>senses</strong></span> <span class='ocrx_word' id='word_1_9' title='bbox 437 313 580 372; x_wconf 89' lang='lat' dir='ltr'><strong>istud</strong></span> <span class='ocrx_word' id='word_1_10' title='bbox 629 313 765 371; x_wconf 81' lang='lat' dir='ltr'><strong>dixit</strong></span> <span class='ocrx_word' id='word_1_11' title='bbox 803 314 873 373; x_wconf 90' lang='lat' dir='ltr'><strong>de</strong></span> <span class='ocrx_word' id='word_1_12' title='bbox 916 314 1047 371; x_wconf 87' lang='lat' dir='ltr'><strong>ﬁlio.</strong></span> <span class='ocrx_word' id='word_1_13' title='bbox 1086 314 1169 371; x_wconf 85' lang='lat' dir='ltr'><strong>Ad</strong></span> <span class='ocrx_word' id='word_1_14' title='bbox 1212 314 1482 370; x_wconf 81' lang='lat' dir='ltr'><strong>Romanos</strong></span> <span class='ocrx_word' id='word_1_15' title='bbox 1517 323 1695 371; x_wconf 88' lang='lat' dir='ltr'><strong>autem</strong></span> <span class='ocrx_word' id='word_1_16' title='bbox 1722 314 1792 371; x_wconf 90' lang='lat' dir='ltr'><strong>de</strong></span> <span class='ocrx_word' id='word_1_17' title='bbox 1818 313 1866 372; x_wconf 83' lang='lat' dir='ltr'><strong>A</strong></span> <span class='ocrx_word' id='word_1_18' title='bbox 1897 311 2021 366; x_wconf 90' lang='lat' dir='ltr'><strong>nia:</strong></span> <span class='ocrx_word' id='word_1_19' title='bbox 2051 312 2307 384; x_wconf 87' lang='lat' dir='ltr'><strong>quoniam</strong></span> <span class='ocrx_word' id='word_1_20' title='bbox 2338 321 2392 370; x_wconf 90' lang='lat' dir='ltr'><strong>et</strong></span> <span class='ocrx_word' id='word_1_21' title='bbox 2433 311 2650 381; x_wconf 90' lang='lat' dir='ltr'><strong>dicitur,</strong></span> <span class='ocrx_word' id='word_1_22' title='bbox 2693 320 2751 369; x_wconf 83' lang='lat' dir='ltr'><strong>et</strong></span> <span class='ocrx_word' id='word_1_23' title='bbox 2784 311 2986 369; x_wconf 90' lang='lat' dir='ltr'><strong>dictum</strong></span> <span class='ocrx_word' id='word_1_24' title='bbox 3028 322 3147 382; x_wconf 90' lang='lat' dir='ltr'><strong>est,</strong></span> <span class='ocrx_word' id='word_1_25' title='bbox 3171 315 3314 386; x_wconf 88' lang='lat' dir='ltr'><strong>quod</strong></span> <span class='ocrx_word' id='word_1_26' title='bbox 3348 317 3494 394; x_wconf 71' lang='grc' dir='ltr'>λόγος</span> 
     </span>
    </p>
   </div>
   <div class='ocr_carea' id='block_1_5' title="bbox 217 405 1794 479">
    <p class='ocr_par' dir='ltr' id='par_1_5' title="bbox 217 405 1794 479">
     <span class='ocr_line' id='line_1_5' title="bbox 217 405 1794 479; baseline -0.002 -17"><span class='ocrx_word' id='word_1_27' title='bbox 217 415 356 478; x_wconf 82' lang='lat' dir='ltr'><strong>patre</strong></span> <span class='ocrx_word' id='word_1_28' title='bbox 400 405 589 463; x_wconf 83' lang='lat' dir='ltr'><strong>eadem</strong></span> <span class='ocrx_word' id='word_1_29' title='bbox 631 405 808 479; x_wconf 80' lang='lat' dir='ltr'><strong>(Rom.</strong></span> <span class='ocrx_word' id='word_1_30' title='bbox 849 422 929 471; x_wconf 73' lang='grc' dir='ltr'><strong>ιι,</strong></span> <span class='ocrx_word' id='word_1_31' title='bbox 970 406 1195 477; x_wconf 73' lang='grc'><strong>34-56);</strong></span> <span class='ocrx_word' id='word_1_32' title='bbox 1228 406 1357 472; x_wconf 83' lang='lat' dir='ltr'><strong>Quis</strong></span> <span class='ocrx_word' id='word_1_33' title='bbox 1397 406 1529 461; x_wconf 87' lang='lat' dir='ltr'><strong>enim</strong></span> <span class='ocrx_word' id='word_1_34' title='bbox 1559 408 1794 477; x_wconf 86' lang='lat' dir='ltr'><strong>cognovit</strong></span> 
     </span>
    </p>
   </div>
   <div class='ocr_carea' id='block_1_6' title="bbox 214 490 1792 564">
    <p class='ocr_par' dir='ltr' id='par_1_6' title="bbox 214 490 1792 564">
     <span class='ocr_line' id='line_1_6' title="bbox 214 490 1792 564; baseline -0.003 -17"><span class='ocrx_word' id='word_1_35' title='bbox 214 502 416 548; x_wconf 79' lang='lat' dir='ltr'><strong><em>mentem</em></strong></span> <span class='ocrx_word' id='word_1_36' title='bbox 452 491 703 545; x_wconf 81' lang='lat' dir='ltr'><strong>Domini?</strong></span> <span class='ocrx_word' id='word_1_37' title='bbox 734 501 823 545; x_wconf 87' lang='lat' dir='ltr'><strong>aut</strong></span> <span class='ocrx_word' id='word_1_38' title='bbox 856 492 969 563; x_wconf 84' lang='lat' dir='ltr'><strong>quis</strong></span> <span class='ocrx_word' id='word_1_39' title='bbox 1022 492 1346 546; x_wconf 74' lang='lat' dir='ltr'><strong>consiliarius</strong></span> <span class='ocrx_word' id='word_1_40' title='bbox 1381 491 1480 563; x_wconf 77' lang='lat' dir='ltr'><strong>fuit</strong></span> <span class='ocrx_word' id='word_1_41' title='bbox 1513 490 1664 564; x_wconf 86' lang='lat' dir='ltr'><strong>ejus?</strong></span> <span class='ocrx_word' id='word_1_42' title='bbox 1702 499 1792 543; x_wconf 87' lang='lat' dir='ltr'><strong>aut</strong></span> 
     </span>
    </p>
   </div>
   <div class='ocr_carea' id='block_1_7' title="bbox 213 583 1793 655">
    <p class='ocr_par' dir='ltr' id='par_1_7' title="bbox 213 583 1793 655">
     <span class='ocr_line' id='line_1_7' title="bbox 213 583 1793 655; baseline -0.001 -17"><span class='ocrx_word' id='word_1_43' title='bbox 213 585 317 655; x_wconf 83' lang='lat' dir='ltr'><strong>quis</strong></span> <span class='ocrx_word' id='word_1_44' title='bbox 366 584 508 654; x_wconf 79' lang='lat' dir='ltr'><strong>prius</strong></span> <span class='ocrx_word' id='word_1_45' title='bbox 535 583 695 650; x_wconf 83' lang='lat' dir='ltr'><strong>dedit,</strong></span> <span class='ocrx_word' id='word_1_46' title='bbox 722 592 769 639; x_wconf 77' lang='lat' dir='ltr'><strong>et</strong></span> <span class='ocrx_word' id='word_1_47' title='bbox 797 583 1037 639; x_wconf 87' lang='lat' dir='ltr'><strong>reddetur</strong></span> <span class='ocrx_word' id='word_1_48' title='bbox 1066 584 1149 638; x_wconf 85' lang='lat' dir='ltr'><strong>ei?</strong></span> <span class='ocrx_word' id='word_1_49' title='bbox 1172 583 1433 651; x_wconf 83' lang='lat' dir='ltr'><strong><em>Quoniam</em></strong></span> <span class='ocrx_word' id='word_1_50' title='bbox 1462 599 1527 638; x_wconf 82' lang='lat' dir='ltr'><strong>ea:</strong></span> <span class='ocrx_word' id='word_1_51' title='bbox 1555 584 1669 653; x_wconf 87' lang='lat' dir='ltr'><strong>ipso</strong></span> <span class='ocrx_word' id='word_1_52' title='bbox 1686 624 1701 650; x_wconf 92' lang='lat'><strong>,</strong></span> <span class='ocrx_word' id='word_1_53' title='bbox 1743 591 1793 637; x_wconf 88' lang='lat' dir='ltr'><strong>et</strong></span> 
     </span>
    </p>
   </div>
   <div class='ocr_carea' id='block_1_8' title="bbox 214 677 1789 751">
    <p class='ocr_par' dir='ltr' id='par_1_8' title="bbox 214 677 1789 751">
     <span class='ocr_line' id='line_1_8' title="bbox 214 677 1789 751; baseline 0.001 -18"><span class='ocrx_word' id='word_1_54' title='bbox 214 696 295 751; x_wconf 83' lang='lat' dir='ltr'><strong>per</strong></span> <span class='ocrx_word' id='word_1_55' title='bbox 337 679 537 749; x_wconf 83' lang='lat' dir='ltr'><strong>ipsum,</strong></span> <span class='ocrx_word' id='word_1_56' title='bbox 578 687 627 734; x_wconf 88' lang='lat' dir='ltr'><strong>et</strong></span> <span class='ocrx_word' id='word_1_57' title='bbox 664 679 718 732; x_wconf 90' lang='lat' dir='ltr'><strong>in</strong></span> <span class='ocrx_word' id='word_1_58' title='bbox 751 678 864 748; x_wconf 85' lang='lat' dir='ltr'><strong>ipso</strong></span> <span class='ocrx_word' id='word_1_59' title='bbox 902 678 1095 733; x_wconf 86' lang='lat' dir='ltr'><strong>omnia.</strong></span> <span class='ocrx_word' id='word_1_60' title='bbox 1137 677 1301 734; x_wconf 79' lang='lat' dir='ltr'><strong>Vides</strong></span> <span class='ocrx_word' id='word_1_61' title='bbox 1339 677 1789 747; x_wconf 84' lang='lat' dir='ltr'><strong>quemadmodum</strong></span> 
     </span>
    </p>
   </div>
   <div class='ocr_carea' id='block_1_9' title="bbox 212 771 1788 843">
    <p class='ocr_par' dir='ltr' id='par_1_9' title="bbox 212 771 1788 843">
     <span class='ocr_line' id='line_1_9' title="bbox 212 771 1788 843; baseline -0.001 -14"><span class='ocrx_word' id='word_1_62' title='bbox 212 772 425 839; x_wconf 72' lang='lat' dir='ltr'><strong>eadem,</strong></span> <span class='ocrx_word' id='word_1_63' title='bbox 466 782 521 827; x_wconf 89' lang='lat' dir='ltr'><strong>et</strong></span> <span class='ocrx_word' id='word_1_64' title='bbox 570 772 649 828; x_wconf 91' lang='lat' dir='ltr'><strong>sic</strong></span> <span class='ocrx_word' id='word_1_65' title='bbox 691 772 877 828; x_wconf 89' lang='lat' dir='ltr'><strong>eadem</strong></span> <span class='ocrx_word' id='word_1_66' title='bbox 929 771 1098 838; x_wconf 92' lang='lat' dir='ltr'><strong>dedit,</strong></span> <span class='ocrx_word' id='word_1_67' title='bbox 1148 782 1199 828; x_wconf 89' lang='lat' dir='ltr'><strong>et</strong></span> <span class='ocrx_word' id='word_1_68' title='bbox 1246 772 1384 843; x_wconf 89' lang='lat' dir='ltr'><strong>patri</strong></span> <span class='ocrx_word' id='word_1_69' title='bbox 1434 784 1490 828; x_wconf 87' lang='lat' dir='ltr'><strong>et</strong></span> <span class='ocrx_word' id='word_1_70' title='bbox 1532 773 1672 837; x_wconf 83' lang='lat' dir='ltr'><strong>ﬁlio.</strong></span> <span class='ocrx_word' id='word_1_71' title='bbox 1736 775 1788 827; x_wconf 91' lang='lat' dir='ltr'><strong>in</strong></span> 
     </span>
    </p>
   </div>
   <div class='ocr_carea' id='block_1_10' title="bbox 211 863 1788 936">
    <p class='ocr_par' dir='ltr' id='par_1_10' title="bbox 211 863 1788 936">
     <span class='ocr_line' id='line_1_10' title="bbox 211 863 1788 936; baseline -0.001 -15"><span class='ocrx_word' id='word_1_72' title='bbox 211 863 496 936; x_wconf 76' lang='grc' dir='ltr'><strong>όμοούσιονε</strong></span> <span class='ocrx_word' id='word_1_73' title='bbox 517 863 746 933; x_wconf 89' lang='lat' dir='ltr'><strong>primum</strong></span> <span class='ocrx_word' id='word_1_74' title='bbox 771 863 868 918; x_wconf 86' lang='lat' dir='ltr'><strong>tria</strong></span> <span class='ocrx_word' id='word_1_75' title='bbox 888 873 941 917; x_wconf 92' lang='lat' dir='ltr'><strong>ct</strong></span> <span class='ocrx_word' id='word_1_76' title='bbox 968 864 1091 928; x_wconf 86' lang='lat' dir='ltr'><strong>tria,</strong></span> <span class='ocrx_word' id='word_1_77' title='bbox 1114 863 1309 920; x_wconf 86' lang='lat' dir='ltr'><strong>deinde</strong></span> <span class='ocrx_word' id='word_1_78' title='bbox 1333 863 1522 920; x_wconf 89' lang='lat' dir='ltr'><strong>eadem</strong></span> <span class='ocrx_word' id='word_1_79' title='bbox 1549 873 1603 920; x_wconf 89' lang='lat' dir='ltr'><strong>et</strong></span> <span class='ocrx_word' id='word_1_80' title='bbox 1626 865 1788 935; x_wconf 89' lang='lat' dir='ltr'><strong>patri,</strong></span> 
     </span>
    </p>
   </div>
   <div class='ocr_carea' id='block_1_11' title="bbox 210 955 1789 1027">
    <p class='ocr_par' dir='ltr' id='par_1_11' title="bbox 210 955 1789 1027">
     <span class='ocr_line' id='line_1_11' title="bbox 210 955 1789 1027; baseline 0.001 -15"><span class='ocrx_word' id='word_1_81' title='bbox 210 967 258 1012; x_wconf 88' lang='lat' dir='ltr'><strong>et</strong></span> <span class='ocrx_word' id='word_1_82' title='bbox 283 955 424 1011; x_wconf 92' lang='lat' dir='ltr'><strong>ﬁlio:</strong></span> <span class='ocrx_word' id='word_1_83' title='bbox 453 955 556 1011; x_wconf 87' lang='lat' dir='ltr'><strong>hoc</strong></span> <span class='ocrx_word' id='word_1_84' title='bbox 581 964 761 1012; x_wconf 89' lang='lat' dir='ltr'><strong>autem</strong></span> <span class='ocrx_word' id='word_1_85' title='bbox 804 970 899 1025; x_wconf 89' lang='lat' dir='ltr'><strong>per</strong></span> <span class='ocrx_word' id='word_1_86' title='bbox 928 971 1087 1025; x_wconf 83' lang='lat' dir='ltr'><strong>quem</strong></span> <span class='ocrx_word' id='word_1_87' title='bbox 1122 956 1302 1011; x_wconf 82' lang='lat' dir='ltr'><strong>omnia</strong></span> <span class='ocrx_word' id='word_1_88' title='bbox 1330 967 1384 1011; x_wconf 91' lang='lat' dir='ltr'><strong>et</strong></span> <span class='ocrx_word' id='word_1_89' title='bbox 1425 957 1562 1027; x_wconf 87' lang='lat' dir='ltr'><strong>patri</strong></span> <span class='ocrx_word' id='word_1_90' title='bbox 1602 968 1654 1012; x_wconf 91' lang='lat' dir='ltr'><strong>et</strong></span> <span class='ocrx_word' id='word_1_91' title='bbox 1676 957 1789 1013; x_wconf 92' lang='lat' dir='ltr'><strong>ﬁlio</strong></span> 
     </span>
    </p>
   </div>
   <div class='ocr_carea' id='block_1_12' title="bbox 208 1048 1789 1121">
    <p class='ocr_par' dir='ltr' id='par_1_12' title="bbox 208 1048 1789 1121">
     <span class='ocr_line' id='line_1_12' title="bbox 208 1048 1789 1121; baseline -0.001 -15"><span class='ocrx_word' id='word_1_92' title='bbox 208 1048 379 1106; x_wconf 88' lang='lat' dir='ltr'><strong>datum</strong></span> <span class='ocrx_word' id='word_1_93' title='bbox 406 1058 517 1103; x_wconf 90' lang='lat' dir='ltr'><strong>est:</strong></span> <span class='ocrx_word' id='word_1_94' title='bbox 550 1048 802 1120; x_wconf 85' lang='lat' dir='ltr'><strong>quoniam</strong></span> <span class='ocrx_word' id='word_1_95' title='bbox 834 1048 975 1102; x_wconf 89' lang='lat' dir='ltr'><strong>ﬁlius</strong></span> <span class='ocrx_word' id='word_1_96' title='bbox 992 1049 1156 1121; x_wconf 72' lang='grc' dir='ltr'>λόγος,</span> <span class='ocrx_word' id='word_1_97' title='bbox 1188 1048 1280 1119; x_wconf 87' lang='lat' dir='ltr'><strong>qui</strong></span> <span class='ocrx_word' id='word_1_98' title='bbox 1301 1059 1384 1104; x_wconf 88' lang='lat' dir='ltr'><strong>est</strong></span> <span class='ocrx_word' id='word_1_99' title='bbox 1409 1049 1650 1104; x_wconf 91' lang='lat' dir='ltr'><strong>omnium</strong></span> <span class='ocrx_word' id='word_1_100' title='bbox 1668 1064 1789 1118; x_wconf 67' lang='lat' dir='ltr'><strong>qua:</strong></span> 
     </span>
    </p>
   </div>
   <div class='ocr_carea' id='block_1_13' title="bbox 207 1140 1789 1211">
    <p class='ocr_par' dir='ltr' id='par_1_13' title="bbox 207 1140 1789 1211">
     <span class='ocr_line' id='line_1_13' title="bbox 207 1140 1789 1211; baseline -0.001 -14"><span class='ocrx_word' id='word_1_101' title='bbox 207 1151 323 1197; x_wconf 87' lang='lat' dir='ltr'><strong>sunt</strong></span> <span class='ocrx_word' id='word_1_102' title='bbox 351 1140 585 1211; x_wconf 84' lang='lat' dir='ltr'><strong>potentia</strong></span> <span class='ocrx_word' id='word_1_103' title='bbox 615 1151 858 1207; x_wconf 90' lang='lat' dir='ltr'><strong>actuosa,</strong></span> <span class='ocrx_word' id='word_1_104' title='bbox 888 1140 942 1194; x_wconf 92' lang='lat' dir='ltr'><strong>in</strong></span> <span class='ocrx_word' id='word_1_105' title='bbox 964 1155 1027 1196; x_wconf 91' lang='lat' dir='ltr'><strong>ea</strong></span> <span class='ocrx_word' id='word_1_106' title='bbox 1058 1155 1177 1211; x_wconf 70' lang='lat' dir='ltr'><strong>qua:</strong></span> <span class='ocrx_word' id='word_1_107' title='bbox 1209 1150 1354 1206; x_wconf 85' lang='lat' dir='ltr'><strong>sunt,</strong></span> <span class='ocrx_word' id='word_1_108' title='bbox 1386 1150 1442 1196; x_wconf 92' lang='lat' dir='ltr'><strong>et</strong></span> <span class='ocrx_word' id='word_1_109' title='bbox 1471 1140 1613 1211; x_wconf 87' lang='lat' dir='ltr'><strong>quod</strong></span> <span class='ocrx_word' id='word_1_110' title='bbox 1648 1142 1698 1195; x_wconf 90' lang='lat' dir='ltr'><strong>in</strong></span> <span class='ocrx_word' id='word_1_111' title='bbox 1727 1143 1789 1196; x_wconf 86' lang='lat' dir='ltr'><strong>li-</strong></span> 
     </span>
    </p>
   </div>
   <div class='ocr_carea' id='block_1_14' title="bbox 206 1228 1790 1302">
    <p class='ocr_par' dir='ltr' id='par_1_14' title="bbox 206 1228 1790 1302">
     <span class='ocr_line' id='line_1_14' title="bbox 206 1228 1790 1302; baseline 0.003 -17"><span class='ocrx_word' id='word_1_112' title='bbox 206 1228 273 1285; x_wconf 88' lang='lat' dir='ltr'><strong>lio</strong></span> <span class='ocrx_word' id='word_1_113' title='bbox 299 1240 449 1300; x_wconf 91' lang='lat' dir='ltr'><strong>pater</strong></span> <span class='ocrx_word' id='word_1_114' title='bbox 473 1239 579 1297; x_wconf 90' lang='lat' dir='ltr'><strong>est,</strong></span> <span class='ocrx_word' id='word_1_115' title='bbox 613 1233 665 1286; x_wconf 90' lang='lat' dir='ltr'><strong>iu</strong></span> <span class='ocrx_word' id='word_1_116' title='bbox 692 1232 809 1301; x_wconf 89' lang='lat' dir='ltr'><strong>ipso</strong></span> <span class='ocrx_word' id='word_1_117' title='bbox 845 1241 898 1287; x_wconf 90' lang='lat' dir='ltr'><strong>et</strong></span> <span class='ocrx_word' id='word_1_118' title='bbox 930 1240 1083 1301; x_wconf 90' lang='lat' dir='ltr'><strong>pater</strong></span> <span class='ocrx_word' id='word_1_119' title='bbox 1131 1241 1351 1287; x_wconf 86' lang='lat' dir='ltr'><strong>actuosa</strong></span> <span class='ocrx_word' id='word_1_120' title='bbox 1382 1232 1616 1302; x_wconf 85' lang='lat' dir='ltr'><strong>potentia</strong></span> <span class='ocrx_word' id='word_1_121' title='bbox 1644 1232 1790 1289; x_wconf 86' lang='lat' dir='ltr'><strong>exis-</strong></span> 
     </span>
    </p>
   </div>
   <div class='ocr_carea' id='block_1_15' title="bbox 206 1319 1784 1393">
    <p class='ocr_par' dir='ltr' id='par_1_15' title="bbox 206 1319 1784 1393">
     <span class='ocr_line' id='line_1_15' title="bbox 206 1319 1784 1393; baseline 0.001 -17"><span class='ocrx_word' id='word_1_122' title='bbox 206 1319 302 1376; x_wconf 89' lang='lat' dir='ltr'><strong>tit:</strong></span> <span class='ocrx_word' id='word_1_123' title='bbox 326 1320 487 1378; x_wconf 82' lang='lat' dir='ltr'><strong>simul</strong></span> <span class='ocrx_word' id='word_1_124' title='bbox 524 1321 667 1378; x_wconf 89' lang='lat' dir='ltr'><strong>ettim</strong></span> <span class='ocrx_word' id='word_1_125' title='bbox 699 1332 754 1378; x_wconf 91' lang='lat' dir='ltr'><strong>et</strong></span> <span class='ocrx_word' id='word_1_126' title='bbox 782 1322 924 1378; x_wconf 90' lang='lat' dir='ltr'><strong>ﬁlius</strong></span> <span class='ocrx_word' id='word_1_127' title='bbox 966 1322 1017 1378; x_wconf 93' lang='lat' dir='ltr'><strong>in</strong></span> <span class='ocrx_word' id='word_1_128' title='bbox 1054 1332 1238 1393; x_wconf 80' lang='lat' dir='ltr'><strong>patre,</strong></span> <span class='ocrx_word' id='word_1_129' title='bbox 1276 1330 1329 1378; x_wconf 88' lang='lat' dir='ltr'><strong>et</strong></span> <span class='ocrx_word' id='word_1_130' title='bbox 1358 1332 1511 1393; x_wconf 88' lang='lat' dir='ltr'><strong>pater</strong></span> <span class='ocrx_word' id='word_1_131' title='bbox 1541 1322 1595 1378; x_wconf 94' lang='lat' dir='ltr'><strong>in</strong></span> <span class='ocrx_word' id='word_1_132' title='bbox 1638 1323 1784 1378; x_wconf 89' lang='lat' dir='ltr'><strong>ﬁlio:</strong></span> 
     </span>
    </p>
   </div>
   <div class='ocr_carea' id='block_1_16' title="bbox 204 1416 1778 1488">
    <p class='ocr_par' dir='ltr' id='par_1_16' title="bbox 204 1416 1778 1488">
     <span class='ocr_line' id='line_1_16' title="bbox 204 1416 1778 1488; baseline 0 -16"><span class='ocrx_word' id='word_1_133' title='bbox 204 1431 302 1472; x_wconf 88' lang='lat' dir='ltr'><strong>una</strong></span> <span class='ocrx_word' id='word_1_134' title='bbox 329 1433 459 1487; x_wconf 87' lang='lat' dir='ltr'><strong>ergo</strong></span> <span class='ocrx_word' id='word_1_135' title='bbox 488 1416 722 1488; x_wconf 86' lang='lat' dir='ltr'><strong>potentia</strong></span> <span class='ocrx_word' id='word_1_136' title='bbox 744 1459 758 1482; x_wconf 91' lang='lat'><strong>,</strong></span> <span class='ocrx_word' id='word_1_137' title='bbox 790 1417 893 1473; x_wconf 93' lang='lat' dir='ltr'><strong>hoc</strong></span> <span class='ocrx_word' id='word_1_138' title='bbox 920 1425 1039 1482; x_wconf 90' lang='lat' dir='ltr'><strong>est,</strong></span> <span class='ocrx_word' id='word_1_139' title='bbox 1078 1433 1181 1472; x_wconf 84' lang='lat' dir='ltr'><strong>una</strong></span> <span class='ocrx_word' id='word_1_140' title='bbox 1212 1416 1512 1473; x_wconf 87' lang='lat' dir='ltr'><strong>substantia</strong></span> <span class='ocrx_word' id='word_1_141' title='bbox 1562 1416 1778 1473; x_wconf 80' lang='lat' dir='ltr'><strong>existit:</strong></span> 
     </span>
    </p>
   </div>
   <div class='ocr_carea' id='block_1_17' title="bbox 204 1508 1786 1580">
    <p class='ocr_par' dir='ltr' id='par_1_17' title="bbox 204 1508 1786 1580">
     <span class='ocr_line' id='line_1_17' title="bbox 204 1508 1786 1580; baseline -0.003 -14"><span class='ocrx_word' id='word_1_142' title='bbox 204 1508 269 1566; x_wconf 86' lang='lat' dir='ltr'><strong>ibi</strong></span> <span class='ocrx_word' id='word_1_143' title='bbox 295 1509 436 1565; x_wconf 89' lang='lat' dir='ltr'><strong>enim</strong></span> <span class='ocrx_word' id='word_1_144' title='bbox 467 1511 723 1580; x_wconf 87' lang='lat' dir='ltr'><strong>potentia,</strong></span> <span class='ocrx_word' id='word_1_145' title='bbox 750 1509 1047 1567; x_wconf 76' lang='lat' dir='ltr'><strong>substantia</strong></span> <span class='ocrx_word' id='word_1_146' title='bbox 1077 1526 1091 1563; x_wconf 90' lang='lat'><strong>:</strong></span> <span class='ocrx_word' id='word_1_147' title='bbox 1124 1525 1230 1564; x_wconf 89' lang='lat' dir='ltr'><strong>non</strong></span> <span class='ocrx_word' id='word_1_148' title='bbox 1260 1509 1404 1565; x_wconf 90' lang='lat' dir='ltr'><strong>enim</strong></span> <span class='ocrx_word' id='word_1_149' title='bbox 1428 1508 1570 1564; x_wconf 84' lang='lat' dir='ltr'><strong>aliud</strong></span> <span class='ocrx_word' id='word_1_150' title='bbox 1594 1518 1786 1579; x_wconf 86' lang='lat' dir='ltr'><strong>poten-</strong></span> 
     </span>
    </p>
   </div>
   <div class='ocr_carea' id='block_1_18' title="bbox 211 1602 1790 1674">
    <p class='ocr_par' dir='ltr' id='par_1_18' title="bbox 211 1602 1790 1674">
     <span class='ocr_line' id='line_1_18' title="bbox 211 1602 1790 1674; baseline -0.001 -16"><span class='ocrx_word' id='word_1_151' title='bbox 211 1603 300 1667; x_wconf 88' lang='lat' dir='ltr'><strong>tia,</strong></span> <span class='ocrx_word' id='word_1_152' title='bbox 331 1603 475 1659; x_wconf 89' lang='lat' dir='ltr'><strong>aliud</strong></span> <span class='ocrx_word' id='word_1_153' title='bbox 505 1604 823 1661; x_wconf 83' lang='lat' dir='ltr'><strong>substantia.</strong></span> <span class='ocrx_word' id='word_1_154' title='bbox 851 1604 998 1660; x_wconf 88' lang='lat' dir='ltr'><strong>Idem</strong></span> <span class='ocrx_word' id='word_1_155' title='bbox 1025 1619 1154 1674; x_wconf 86' lang='lat' dir='ltr'><strong>ergo</strong></span> <span class='ocrx_word' id='word_1_156' title='bbox 1184 1604 1355 1674; x_wconf 88' lang='lat' dir='ltr'><strong>ipsum</strong></span> <span class='ocrx_word' id='word_1_157' title='bbox 1379 1611 1539 1659; x_wconf 90' lang='lat' dir='ltr'><strong>estet</strong></span> <span class='ocrx_word' id='word_1_158' title='bbox 1566 1602 1703 1674; x_wconf 87' lang='lat' dir='ltr'><strong>patri</strong></span> <span class='ocrx_word' id='word_1_159' title='bbox 1733 1609 1790 1659; x_wconf 88' lang='lat' dir='ltr'><strong>et</strong></span> 
     </span>
    </p>
   </div>
   <div class='ocr_carea' id='block_1_19' title="bbox 1897 399 3493 476">
    <p class='ocr_par' dir='ltr' id='par_1_19' title="bbox 1897 399 3493 476">
     <span class='ocr_line' id='line_1_19' title="bbox 1897 399 3493 476; baseline 0.005 -21"><span class='ocrx_word' id='word_1_160' title='bbox 1897 399 2000 457; x_wconf 90' lang='lat' dir='ltr'><strong>hoc</strong></span> <span class='ocrx_word' id='word_1_161' title='bbox 2025 413 2109 458; x_wconf 90' lang='lat' dir='ltr'><strong>est</strong></span> <span class='ocrx_word' id='word_1_162' title='bbox 2136 404 2293 467; x_wconf 86' lang='lat' dir='ltr'><strong>ﬁlius,</strong></span> <span class='ocrx_word' id='word_1_163' title='bbox 2327 403 2541 473; x_wconf 88' lang='lat' dir='ltr'><strong>subjicit</strong></span> <span class='ocrx_word' id='word_1_164' title='bbox 2566 403 2767 469; x_wconf 85' lang='lat' dir='ltr'><strong>omnia,</strong></span> <span class='ocrx_word' id='word_1_165' title='bbox 2795 412 2851 458; x_wconf 89' lang='lat' dir='ltr'><strong>et</strong></span> <span class='ocrx_word' id='word_1_166' title='bbox 2880 403 3081 459; x_wconf 90' lang='lat' dir='ltr'><strong>idcirco</strong></span> <span class='ocrx_word' id='word_1_167' title='bbox 3110 405 3307 476; x_wconf 87' lang='lat' dir='ltr'><strong>adjecit</strong></span> <span class='ocrx_word' id='word_1_168' title='bbox 3351 408 3493 463; x_wconf 87' lang='lat' dir='ltr'><strong>Pan-</strong></span> 
     </span>
    </p>
   </div>
   <div class='ocr_carea' id='block_1_20' title="bbox 1895 493 3492 573">
    <p class='ocr_par' dir='ltr' id='par_1_20' title="bbox 1895 493 3492 573">
     <span class='ocr_line' id='line_1_20' title="bbox 1895 493 3492 573; baseline 0.005 -25"><span class='ocrx_word' id='word_1_169' title='bbox 1895 493 1979 548; x_wconf 89' lang='lat' dir='ltr'><strong>lus</strong></span> <span class='ocrx_word' id='word_1_170' title='bbox 2009 494 2165 565; x_wconf 85' lang='lat' dir='ltr'><strong>(Heb.</strong></span> <span class='ocrx_word' id='word_1_171' title='bbox 2192 512 2248 563; x_wconf 92' lang='lat' dir='ltr'><strong>x,</strong></span> <span class='ocrx_word' id='word_1_172' title='bbox 2278 496 2404 568; x_wconf 76' lang='lat' dir='ltr'><strong>i5):</strong></span> <span class='ocrx_word' id='word_1_173' title='bbox 2442 497 2718 565; x_wconf 82' lang='lat' dir='ltr'><strong>Quousque</strong></span> <span class='ocrx_word' id='word_1_174' title='bbox 2739 507 2895 567; x_wconf 88' lang='lat' dir='ltr'><strong>ponat</strong></span> <span class='ocrx_word' id='word_1_175' title='bbox 2924 498 3156 552; x_wconf 86' lang='lat' dir='ltr'><strong>inimicos</strong></span> <span class='ocrx_word' id='word_1_176' title='bbox 3185 516 3358 555; x_wconf 87' lang='lat' dir='ltr'><strong>omnes</strong></span> <span class='ocrx_word' id='word_1_177' title='bbox 3377 505 3492 573; x_wconf 82' lang='lat' dir='ltr'><strong>ejus</strong></span> 
     </span>
    </p>
   </div>
   <div class='ocr_carea' id='block_1_21' title="bbox 1893 587 3493 662">
    <p class='ocr_par' dir='ltr' id='par_1_21' title="bbox 1893 587 3493 662">
     <span class='ocr_line' id='line_1_21' title="bbox 1893 587 3493 662; baseline 0.005 -21"><span class='ocrx_word' id='word_1_178' title='bbox 1893 588 1987 641; x_wconf 90' lang='lat' dir='ltr'><strong>sub</strong></span> <span class='ocrx_word' id='word_1_179' title='bbox 2008 587 2222 658; x_wconf 82' lang='lat' dir='ltr'><strong>pedibus</strong></span> <span class='ocrx_word' id='word_1_180' title='bbox 2247 589 2428 661; x_wconf 81' lang='lat' dir='ltr'><strong>ipsius.</strong></span> <span class='ocrx_word' id='word_1_181' title='bbox 2456 589 2619 658; x_wconf 84' lang='lat' dir='ltr'><strong>Quis?</strong></span> <span class='ocrx_word' id='word_1_182' title='bbox 2641 588 2841 659; x_wconf 85' lang='lat' dir='ltr'><strong>Cujus?</strong></span> <span class='ocrx_word' id='word_1_183' title='bbox 2868 589 3174 657; x_wconf 83' lang='lat' dir='ltr'><strong>manifeste,</strong></span> <span class='ocrx_word' id='word_1_184' title='bbox 3201 593 3327 662; x_wconf 86' lang='lat' dir='ltr'><strong>quia</strong></span> <span class='ocrx_word' id='word_1_185' title='bbox 3350 592 3493 649; x_wconf 89' lang='lat' dir='ltr'><strong>ﬁlius</strong></span> 
     </span>
    </p>
   </div>
   <div class='ocr_carea' id='block_1_22' title="bbox 1896 680 3493 753">
    <p class='ocr_par' dir='ltr' id='par_1_22' title="bbox 1896 680 3493 753">
     <span class='ocr_line' id='line_1_22' title="bbox 1896 680 3493 753; baseline 0.006 -21"><span class='ocrx_word' id='word_1_186' title='bbox 1896 680 2083 749; x_wconf 86' lang='lat' dir='ltr'><strong>patris.</strong></span> <span class='ocrx_word' id='word_1_187' title='bbox 2114 681 2221 736; x_wconf 89' lang='lat' dir='ltr'><strong>Sed</strong></span> <span class='ocrx_word' id='word_1_188' title='bbox 2245 683 2498 751; x_wconf 87' lang='lat' dir='ltr'><strong>quoniam</strong></span> <span class='ocrx_word' id='word_1_189' title='bbox 2530 683 2580 736; x_wconf 91' lang='lat' dir='ltr'><strong>in</strong></span> <span class='ocrx_word' id='word_1_190' title='bbox 2623 682 2729 737; x_wconf 91' lang='lat' dir='ltr'><strong>ﬁlio</strong></span> <span class='ocrx_word' id='word_1_191' title='bbox 2754 691 2927 752; x_wconf 88' lang='lat' dir='ltr'><strong>pater,</strong></span> <span class='ocrx_word' id='word_1_192' title='bbox 2965 683 3168 739; x_wconf 89' lang='lat' dir='ltr'><strong>idcirco</strong></span> <span class='ocrx_word' id='word_1_193' title='bbox 3206 693 3355 753; x_wconf 89' lang='lat' dir='ltr'><strong>pater</strong></span> <span class='ocrx_word' id='word_1_194' title='bbox 3380 683 3493 741; x_wconf 84' lang='lat' dir='ltr'><strong>ﬁlio</strong></span> 
     </span>
    </p>
   </div>
   <div class='ocr_carea' id='block_1_23' title="bbox 1893 771 3490 842">
    <p class='ocr_par' dir='ltr' id='par_1_23' title="bbox 1893 771 3490 842">
     <span class='ocr_line' id='line_1_23' title="bbox 1893 771 3490 842; baseline 0.006 -19"><span class='ocrx_word' id='word_1_195' title='bbox 1893 771 2125 841; x_wconf 79' lang='lat' dir='ltr'><strong>subjecit</strong></span> <span class='ocrx_word' id='word_1_196' title='bbox 2151 774 2353 839; x_wconf 88' lang='lat' dir='ltr'><strong>omnia,</strong></span> <span class='ocrx_word' id='word_1_197' title='bbox 2380 782 2435 828; x_wconf 89' lang='lat' dir='ltr'><strong>et</strong></span> <span class='ocrx_word' id='word_1_198' title='bbox 2458 774 2580 829; x_wconf 92' lang='lat' dir='ltr'><strong>ideo</strong></span> <span class='ocrx_word' id='word_1_199' title='bbox 2602 774 2835 829; x_wconf 81' lang='lat' dir='ltr'><strong>maxime</strong></span> <span class='ocrx_word' id='word_1_200' title='bbox 2862 772 3001 829; x_wconf 86' lang='lat' dir='ltr'><strong>ﬁlius</strong></span> <span class='ocrx_word' id='word_1_201' title='bbox 3027 773 3275 830; x_wconf 87' lang='lat' dir='ltr'><strong>inimicos</strong></span> <span class='ocrx_word' id='word_1_202' title='bbox 3303 774 3490 842; x_wconf 86' lang='lat' dir='ltr'><strong>habet,</strong></span> 
     </span>
    </p>
   </div>
   <div class='ocr_carea' id='block_1_24' title="bbox 1893 864 3493 939">
    <p class='ocr_par' dir='ltr' id='par_1_24' title="bbox 1893 864 3493 939">
     <span class='ocr_line' id='line_1_24' title="bbox 1893 864 3493 939; baseline 0.004 -23"><span class='ocrx_word' id='word_1_203' title='bbox 1893 878 2000 918; x_wconf 91' lang='lat' dir='ltr'><strong>non</strong></span> <span class='ocrx_word' id='word_1_204' title='bbox 2032 874 2220 932; x_wconf 88' lang='lat' dir='ltr'><strong>pater:</strong></span> <span class='ocrx_word' id='word_1_205' title='bbox 2251 873 2305 918; x_wconf 88' lang='lat' dir='ltr'><strong>et</strong></span> <span class='ocrx_word' id='word_1_206' title='bbox 2333 868 2583 934; x_wconf 87' lang='lat' dir='ltr'><strong>quoniam</strong></span> <span class='ocrx_word' id='word_1_207' title='bbox 2613 867 2805 931; x_wconf 89' lang='lat' dir='ltr'><strong>ambo,</strong></span> <span class='ocrx_word' id='word_1_208' title='bbox 2831 864 2881 919; x_wconf 92' lang='lat' dir='ltr'><strong>id</strong></span> <span class='ocrx_word' id='word_1_209' title='bbox 2912 876 3023 931; x_wconf 87' lang='lat' dir='ltr'><strong>est,</strong></span> <span class='ocrx_word' id='word_1_210' title='bbox 3053 868 3193 921; x_wconf 90' lang='lat' dir='ltr'><strong>bona</strong></span> <span class='ocrx_word' id='word_1_211' title='bbox 3229 868 3493 939; x_wconf 88' lang='lat' dir='ltr'><strong>ambigui-</strong></span> 
     </span>
    </p>
   </div>
   <div class='ocr_carea' id='block_1_25' title="bbox 1893 954 3487 1029">
    <p class='ocr_par' dir='ltr' id='par_1_25' title="bbox 1893 954 3487 1029">
     <span class='ocr_line' id='line_1_25' title="bbox 1893 954 3487 1029; baseline 0.003 -20"><span class='ocrx_word' id='word_1_212' title='bbox 1893 962 1975 1009; x_wconf 85' lang='lat' dir='ltr'><strong>tas</strong></span> <span class='ocrx_word' id='word_1_213' title='bbox 2006 954 2310 1010; x_wconf 88' lang='lat' dir='ltr'><strong>intellectus</strong></span> <span class='ocrx_word' id='word_1_214' title='bbox 2330 996 2345 1020; x_wconf 95' lang='lat'><strong>,</strong></span> <span class='ocrx_word' id='word_1_215' title='bbox 2374 964 2432 1010; x_wconf 88' lang='lat' dir='ltr'><strong>et</strong></span> <span class='ocrx_word' id='word_1_216' title='bbox 2483 956 2682 1010; x_wconf 88' lang='lat' dir='ltr'><strong>idcirco</strong></span> <span class='ocrx_word' id='word_1_217' title='bbox 2726 957 2988 1028; x_wconf 82' lang='grc' dir='ltr'><strong>ὁμοούσιοι</strong></span> <span class='ocrx_word' id='word_1_218' title='bbox 3032 957 3076 1029; x_wconf 87' lang='grc'><strong>(1</strong></span> <span class='ocrx_word' id='word_1_219' title='bbox 3101 960 3215 1013; x_wconf 79' lang='lat' dir='ltr'><strong>Cor.</strong></span> <span class='ocrx_word' id='word_1_220' title='bbox 3248 975 3337 1023; x_wconf 90' lang='lat' dir='ltr'><strong>xv,</strong></span> <span class='ocrx_word' id='word_1_221' title='bbox 3370 959 3487 1029; x_wconf 86' lang='lat'><strong>26),</strong></span> 
     </span>
    </p>
   </div>
   <div class='ocr_carea' id='block_1_26' title="bbox 1893 1048 3489 1116">
    <p class='ocr_par' dir='ltr' id='par_1_26' title="bbox 1893 1048 3489 1116">
     <span class='ocr_line' id='line_1_26' title="bbox 1893 1048 3489 1116; baseline 0.005 -17"><span class='ocrx_word' id='word_1_222' title='bbox 1893 1056 2177 1116; x_wconf 82' lang='lat' dir='ltr'><strong>postremus</strong></span> <span class='ocrx_word' id='word_1_223' title='bbox 2221 1048 2460 1102; x_wconf 86' lang='lat' dir='ltr'><strong>inimicus</strong></span> <span class='ocrx_word' id='word_1_224' title='bbox 2496 1048 2825 1102; x_wconf 84' lang='lat' dir='ltr'><strong>evacuabitur</strong></span> <span class='ocrx_word' id='word_1_225' title='bbox 2859 1065 3034 1103; x_wconf 87' lang='lat' dir='ltr'><strong>mors:</strong></span> <span class='ocrx_word' id='word_1_226' title='bbox 3061 1051 3104 1104; x_wconf 91' lang='lat' dir='ltr'><strong>si</strong></span> <span class='ocrx_word' id='word_1_227' title='bbox 3135 1052 3279 1105; x_wconf 90' lang='lat' dir='ltr'><strong>enim</strong></span> <span class='ocrx_word' id='word_1_228' title='bbox 3327 1050 3489 1107; x_wconf 83' lang='lat' dir='ltr'><strong>Jesus</strong></span> 
     </span>
    </p>
   </div>
   <div class='ocr_carea' id='block_1_27' title="bbox 1891 1140 3488 1207">
    <p class='ocr_par' dir='ltr' id='par_1_27' title="bbox 1891 1140 3488 1207">
     <span class='ocr_line' id='line_1_27' title="bbox 1891 1140 3488 1207; baseline 0.004 -16"><span class='ocrx_word' id='word_1_229' title='bbox 1891 1140 2001 1192; x_wconf 78' lang='lat' dir='ltr'><strong>vita</strong></span> <span class='ocrx_word' id='word_1_230' title='bbox 2030 1150 2112 1194; x_wconf 90' lang='lat' dir='ltr'><strong>est</strong></span> <span class='ocrx_word' id='word_1_231' title='bbox 2149 1151 2200 1195; x_wconf 90' lang='lat' dir='ltr'><strong>et</strong></span> <span class='ocrx_word' id='word_1_232' title='bbox 2228 1149 2430 1195; x_wconf 76' lang='lat' dir='ltr'><strong>azterna</strong></span> <span class='ocrx_word' id='word_1_233' title='bbox 2455 1142 2584 1207; x_wconf 90' lang='lat' dir='ltr'><strong>vita,</strong></span> <span class='ocrx_word' id='word_1_234' title='bbox 2608 1142 2958 1197; x_wconf 86' lang='lat' dir='ltr'><strong>cvacuabitur</strong></span> <span class='ocrx_word' id='word_1_235' title='bbox 2988 1157 3019 1195; x_wconf 90' lang='lat' dir='ltr'><strong>a</strong></span> <span class='ocrx_word' id='word_1_236' title='bbox 3045 1143 3155 1196; x_wconf 85' lang='lat' dir='ltr'><strong>vita</strong></span> <span class='ocrx_word' id='word_1_237' title='bbox 3180 1159 3488 1199; x_wconf 78' lang='lat' dir='ltr'><strong>morszom-</strong></span> 
     </span>
    </p>
   </div>
   <div class='ocr_carea' id='block_1_28' title="bbox 1892 1230 3477 1307">
    <p class='ocr_par' dir='ltr' id='par_1_28' title="bbox 1892 1230 3477 1307">
     <span class='ocr_line' id='line_1_28' title="bbox 1892 1230 3477 1307; baseline 0.006 -23"><span class='ocrx_word' id='word_1_238' title='bbox 1892 1230 1980 1285; x_wconf 91' lang='lat' dir='ltr'><strong>nia</strong></span> <span class='ocrx_word' id='word_1_239' title='bbox 2009 1232 2168 1302; x_wconf 88' lang='lat' dir='ltr'><strong>igitur</strong></span> <span class='ocrx_word' id='word_1_240' title='bbox 2190 1231 2370 1299; x_wconf 79' lang='lat' dir='ltr'><strong>Iesus,</strong></span> <span class='ocrx_word' id='word_1_241' title='bbox 2404 1232 2456 1287; x_wconf 91' lang='lat' dir='ltr'><strong>id</strong></span> <span class='ocrx_word' id='word_1_242' title='bbox 2481 1243 2584 1300; x_wconf 89' lang='lat' dir='ltr'><strong>est,</strong></span> <span class='ocrx_word' id='word_1_243' title='bbox 2616 1232 2756 1289; x_wconf 87' lang='lat' dir='ltr'><strong>ﬁlius</strong></span> <span class='ocrx_word' id='word_1_244' title='bbox 2778 1233 2995 1304; x_wconf 89' lang='lat' dir='ltr'><strong>subjicit</strong></span> <span class='ocrx_word' id='word_1_245' title='bbox 3025 1236 3181 1305; x_wconf 90' lang='lat' dir='ltr'><strong>patri.</strong></span> <span class='ocrx_word' id='word_1_246' title='bbox 3215 1236 3321 1291; x_wconf 87' lang='lat' dir='ltr'><strong>Sed</strong></span> <span class='ocrx_word' id='word_1_247' title='bbox 3345 1250 3477 1307; x_wconf 88' lang='lat' dir='ltr'><strong>quo-</strong></span> 
     </span>
    </p>
   </div>
   <div class='ocr_carea' id='block_1_29' title="bbox 1892 1321 3491 1398">
    <p class='ocr_par' dir='ltr' id='par_1_29' title="bbox 1892 1321 3491 1398">
     <span class='ocr_line' id='line_1_29' title="bbox 1892 1321 3491 1398; baseline 0.004 -22"><span class='ocrx_word' id='word_1_248' title='bbox 1892 1321 2033 1376; x_wconf 87' lang='lat' dir='ltr'><strong>niam</strong></span> <span class='ocrx_word' id='word_1_249' title='bbox 2068 1321 2340 1397; x_wconf 79' lang='grc' dir='ltr'>όμοούσιος</span> <span class='ocrx_word' id='word_1_250' title='bbox 2385 1324 2520 1393; x_wconf 90' lang='lat' dir='ltr'><strong>patri</strong></span> <span class='ocrx_word' id='word_1_251' title='bbox 2550 1332 2604 1379; x_wconf 90' lang='lat' dir='ltr'><strong>et</strong></span> <span class='ocrx_word' id='word_1_252' title='bbox 2636 1324 2753 1395; x_wconf 90' lang='lat' dir='ltr'><strong>ipsa</strong></span> <span class='ocrx_word' id='word_1_253' title='bbox 2792 1326 3124 1391; x_wconf 83' lang='lat' dir='ltr'><strong>substantia,</strong></span> <span class='ocrx_word' id='word_1_254' title='bbox 3153 1334 3208 1381; x_wconf 90' lang='lat' dir='ltr'><strong>et</strong></span> <span class='ocrx_word' id='word_1_255' title='bbox 3234 1326 3349 1398; x_wconf 91' lang='lat' dir='ltr'><strong>ipsa</strong></span> <span class='ocrx_word' id='word_1_256' title='bbox 3391 1342 3491 1398; x_wconf 84' lang='lat' dir='ltr'><strong>po-</strong></span> 
     </span>
    </p>
   </div>
   <div class='ocr_carea' id='block_1_30' title="bbox 1893 1416 3590 1491">
    <p class='ocr_par' dir='ltr' id='par_1_30' title="bbox 1893 1416 3590 1491">
     <span class='ocr_line' id='line_1_30' title="bbox 1893 1416 3590 1491; baseline 0.006 -23"><span class='ocrx_word' id='word_1_257' title='bbox 1893 1416 2080 1483; x_wconf 85' lang='lat' dir='ltr'><strong>tentia,</strong></span> <span class='ocrx_word' id='word_1_258' title='bbox 2107 1416 2402 1472; x_wconf 87' lang='lat' dir='ltr'><strong>secundum</strong></span> <span class='ocrx_word' id='word_1_259' title='bbox 2426 1417 2567 1486; x_wconf 86' lang='lat' dir='ltr'><strong>quod</strong></span> <span class='ocrx_word' id='word_1_260' title='bbox 2599 1419 2829 1487; x_wconf 84' lang='lat' dir='ltr'><strong>primum</strong></span> <span class='ocrx_word' id='word_1_261' title='bbox 2884 1428 2968 1475; x_wconf 89' lang='lat' dir='ltr'><strong>est</strong></span> <span class='ocrx_word' id='word_1_262' title='bbox 2999 1436 3121 1475; x_wconf 88' lang='lat' dir='ltr'><strong>esse</strong></span> <span class='ocrx_word' id='word_1_263' title='bbox 3164 1429 3397 1491; x_wconf 87' lang='lat' dir='ltr'><strong>patrem,</strong></span> <span class='ocrx_word' id='word_1_264' title='bbox 3433 1431 3490 1479; x_wconf 84' lang='lat' dir='ltr'><strong>et</strong></span> <span class='ocrx_word' id='word_1_265' title='bbox 3580 1433 3590 1443; x_wconf 92' lang='lat'>&#39;</span> 
     </span>
    </p>
   </div>
   <div class='ocr_carea' id='block_1_31' title="bbox 1889 1508 3491 1582">
    <p class='ocr_par' dir='ltr' id='par_1_31' title="bbox 1889 1508 3491 1582">
     <span class='ocr_line' id='line_1_31' title="bbox 1889 1508 3491 1582; baseline 0.004 -20"><span class='ocrx_word' id='word_1_266' title='bbox 1889 1508 2033 1580; x_wconf 89' lang='lat' dir='ltr'><strong>quod</strong></span> <span class='ocrx_word' id='word_1_267' title='bbox 2058 1523 2178 1564; x_wconf 89' lang='lat' dir='ltr'><strong>esse</strong></span> <span class='ocrx_word' id='word_1_268' title='bbox 2204 1509 2438 1580; x_wconf 89' lang='lat' dir='ltr'><strong>primum</strong></span> <span class='ocrx_word' id='word_1_269' title='bbox 2466 1519 2572 1576; x_wconf 90' lang='lat' dir='ltr'><strong>est,</strong></span> <span class='ocrx_word' id='word_1_270' title='bbox 2604 1510 2900 1566; x_wconf 87' lang='lat' dir='ltr'><strong>secundum</strong></span> <span class='ocrx_word' id='word_1_271' title='bbox 2922 1520 3100 1567; x_wconf 88' lang='lat' dir='ltr'><strong>autem</strong></span> <span class='ocrx_word' id='word_1_272' title='bbox 3131 1513 3375 1582; x_wconf 88' lang='lat' dir='ltr'><strong>operari,</strong></span> <span class='ocrx_word' id='word_1_273' title='bbox 3410 1515 3491 1568; x_wconf 88' lang='lat' dir='ltr'><strong>vi-</strong></span> 
     </span>
    </p>
   </div>
   <div class='ocr_carea' id='block_1_32' title="bbox 1892 1602 3486 1677">
    <p class='ocr_par' dir='ltr' id='par_1_32' title="bbox 1892 1602 3486 1677">
     <span class='ocr_line' id='line_1_32' title="bbox 1892 1602 3486 1677; baseline 0.004 -21"><span class='ocrx_word' id='word_1_274' title='bbox 1892 1617 2051 1669; x_wconf 87' lang='lat' dir='ltr'><strong>vere,</strong></span> <span class='ocrx_word' id='word_1_275' title='bbox 2085 1602 2419 1672; x_wconf 77' lang='lat' dir='ltr'><strong>intelligere,</strong></span> <span class='ocrx_word' id='word_1_276' title='bbox 2446 1604 2699 1673; x_wconf 87' lang='lat' dir='ltr'><strong>quoniam</strong></span> <span class='ocrx_word' id='word_1_277' title='bbox 2752 1602 2966 1677; x_wconf 84' lang='lat' dir='ltr'><strong>duobus</strong></span> <span class='ocrx_word' id='word_1_278' title='bbox 3003 1617 3167 1659; x_wconf 80' lang='lat' dir='ltr'><strong>Causa</strong></span> <span class='ocrx_word' id='word_1_279' title='bbox 3214 1613 3297 1660; x_wconf 89' lang='lat' dir='ltr'><strong>est</strong></span> <span class='ocrx_word' id='word_1_280' title='bbox 3342 1606 3486 1677; x_wconf 92' lang='lat' dir='ltr'><strong>quod</strong></span> 
     </span>
    </p>
   </div>
   <div class='ocr_carea' id='block_1_33' title="bbox 199 1694 3479 1770">
    <p class='ocr_par' dir='ltr' id='par_1_33' title="bbox 199 1694 3479 1770">
     <span class='ocr_line' id='line_1_33' title="bbox 199 1694 3479 1770; baseline 0.001 -19"><span class='ocrx_word' id='word_1_281' title='bbox 199 1696 323 1751; x_wconf 87' lang='lat' dir='ltr'><strong>ﬁlio.</strong></span> <span class='ocrx_word' id='word_1_282' title='bbox 355 1697 468 1753; x_wconf 81' lang='lat' dir='ltr'><strong>Hoc</strong></span> <span class='ocrx_word' id='word_1_283' title='bbox 494 1707 671 1753; x_wconf 91' lang='lat' dir='ltr'><strong>autem</strong></span> <span class='ocrx_word' id='word_1_284' title='bbox 700 1714 765 1753; x_wconf 80' lang='lat' dir='ltr'><strong>ea:</strong></span> <span class='ocrx_word' id='word_1_285' title='bbox 786 1715 887 1770; x_wconf 89' lang='lat' dir='ltr'><strong>quo</strong></span> <span class='ocrx_word' id='word_1_286' title='bbox 911 1698 1105 1765; x_wconf 85' lang='lat' dir='ltr'><strong>omnia,</strong></span> <span class='ocrx_word' id='word_1_287' title='bbox 1132 1706 1188 1753; x_wconf 88' lang='lat' dir='ltr'><strong>et</strong></span> <span class='ocrx_word' id='word_1_288' title='bbox 1217 1697 1332 1768; x_wconf 85' lang='lat' dir='ltr'><strong>ipse</strong></span> <span class='ocrx_word' id='word_1_289' title='bbox 1356 1696 1529 1751; x_wconf 90' lang='lat' dir='ltr'><strong>ﬁlius:</strong></span> <span class='ocrx_word' id='word_1_290' title='bbox 1549 1694 1654 1751; x_wconf 89' lang='lat' dir='ltr'><strong>hoc</strong></span> <span class='ocrx_word' id='word_1_291' title='bbox 1678 1694 1779 1766; x_wconf 85' lang='lat' dir='ltr'><strong>igi-</strong></span> <span class='ocrx_word' id='word_1_292' title='bbox 1810 1700 1860 1762; x_wconf 81' lang='grc' dir='ltr'><strong>Β</strong></span> <span class='ocrx_word' id='word_1_293' title='bbox 1890 1695 2150 1766; x_wconf 89' lang='lat' dir='ltr'><strong>primum;</strong></span> <span class='ocrx_word' id='word_1_294' title='bbox 2178 1709 2402 1751; x_wconf 85' lang='lat' dir='ltr'><strong>necesse</strong></span> <span class='ocrx_word' id='word_1_295' title='bbox 2425 1705 2508 1751; x_wconf 90' lang='lat' dir='ltr'><strong>est</strong></span> <span class='ocrx_word' id='word_1_296' title='bbox 2537 1696 2719 1752; x_wconf 85' lang='lat' dir='ltr'><strong>dicere</strong></span> <span class='ocrx_word' id='word_1_297' title='bbox 2772 1706 2978 1768; x_wconf 87' lang='lat' dir='ltr'><strong>patrem</strong></span> <span class='ocrx_word' id='word_1_298' title='bbox 3030 1698 3301 1768; x_wconf 88' lang='lat' dir='ltr'><strong>subjicere</strong></span> <span class='ocrx_word' id='word_1_299' title='bbox 3347 1700 3479 1755; x_wconf 87' lang='lat' dir='ltr'><strong>lilio.</strong></span> 
     </span>
    </p>
   </div>
   <div class='ocr_carea' id='block_1_34' title="bbox 198 1787 1783 1863">
    <p class='ocr_par' dir='ltr' id='par_1_34' title="bbox 198 1787 1783 1863">
     <span class='ocr_line' id='line_1_34' title="bbox 198 1787 1783 1863; baseline -0.001 -19"><span class='ocrx_word' id='word_1_300' title='bbox 198 1797 279 1844; x_wconf 88' lang='lat' dir='ltr'><strong>tur</strong></span> <span class='ocrx_word' id='word_1_301' title='bbox 308 1789 441 1859; x_wconf 83' lang='lat' dir='ltr'><strong>patri</strong></span> <span class='ocrx_word' id='word_1_302' title='bbox 484 1798 542 1843; x_wconf 87' lang='grc' dir='ltr'><strong>ιιι</strong></span> <span class='ocrx_word' id='word_1_303' title='bbox 583 1790 857 1860; x_wconf 82' lang='lat' dir='ltr'><strong>praprium</strong></span> <span class='ocrx_word' id='word_1_304' title='bbox 886 1808 901 1847; x_wconf 94' lang='lat'><strong>:</strong></span> <span class='ocrx_word' id='word_1_305' title='bbox 933 1791 986 1845; x_wconf 88' lang='lat' dir='ltr'><strong>in</strong></span> <span class='ocrx_word' id='word_1_306' title='bbox 1015 1807 1112 1861; x_wconf 80' lang='lat' dir='ltr'><strong>quo</strong></span> <span class='ocrx_word' id='word_1_307' title='bbox 1138 1789 1346 1857; x_wconf 87' lang='lat' dir='ltr'><strong>onntia,</strong></span> <span class='ocrx_word' id='word_1_308' title='bbox 1379 1788 1521 1860; x_wconf 90' lang='lat' dir='ltr'><strong>quod</strong></span> <span class='ocrx_word' id='word_1_309' title='bbox 1559 1787 1701 1863; x_wconf 74' lang='grc' dir='ltr'>λόγος</span> <span class='ocrx_word' id='word_1_310' title='bbox 1727 1795 1783 1843; x_wconf 89' lang='lat' dir='ltr'><strong>et</strong></span> 
     </span>
    </p>
   </div>
   <div class='ocr_carea' id='block_1_35' title="bbox 194 1879 1780 1953">
    <p class='ocr_par' dir='ltr' id='par_1_35' title="bbox 194 1879 1780 1953">
     <span class='ocr_line' id='line_1_35' title="bbox 194 1879 1780 1953; baseline -0.001 -18"><span class='ocrx_word' id='word_1_311' title='bbox 194 1879 338 1936; x_wconf 89' lang='lat' dir='ltr'><strong>locus</strong></span> <span class='ocrx_word' id='word_1_312' title='bbox 354 1888 469 1937; x_wconf 89' lang='lat' dir='ltr'><strong>est:</strong></span> <span class='ocrx_word' id='word_1_313' title='bbox 497 1882 754 1937; x_wconf 79' lang='lat' dir='ltr'><strong>factorum</strong></span> <span class='ocrx_word' id='word_1_314' title='bbox 785 1882 929 1937; x_wconf 90' lang='lat' dir='ltr'><strong>enim</strong></span> <span class='ocrx_word' id='word_1_315' title='bbox 960 1892 1013 1937; x_wconf 91' lang='lat' dir='ltr'><strong>ct</strong></span> <span class='ocrx_word' id='word_1_316' title='bbox 1041 1897 1263 1953; x_wconf 88' lang='lat' dir='ltr'><strong>operum</strong></span> <span class='ocrx_word' id='word_1_317' title='bbox 1292 1897 1386 1952; x_wconf 87' lang='lat' dir='ltr'><strong>per</strong></span> <span class='ocrx_word' id='word_1_318' title='bbox 1430 1880 1780 1949; x_wconf 81' lang='lat' dir='ltr'><strong>semetipsum</strong></span> 
     </span>
    </p>
   </div>
   <div class='ocr_carea' id='block_1_36' title="bbox 195 1973 1783 2044">
    <p class='ocr_par' dir='ltr' id='par_1_36' title="bbox 195 1973 1783 2044">
     <span class='ocr_line' id='line_1_36' title="bbox 195 1973 1783 2044; baseline -0.001 -16"><span class='ocrx_word' id='word_1_319' title='bbox 195 1973 304 2044; x_wconf 88' lang='lat' dir='ltr'><strong>ipse</strong></span> <span class='ocrx_word' id='word_1_320' title='bbox 324 1982 407 2029; x_wconf 71' lang='lat' dir='ltr'><strong>est</strong></span> <span class='ocrx_word' id='word_1_321' title='bbox 450 1976 868 2044; x_wconf 86' lang='lat' dir='ltr'><strong>receptaculum.</strong></span> <span class='ocrx_word' id='word_1_322' title='bbox 896 1976 970 2031; x_wconf 91' lang='lat' dir='ltr'><strong>Ibi</strong></span> <span class='ocrx_word' id='word_1_323' title='bbox 1003 1984 1183 2031; x_wconf 88' lang='lat' dir='ltr'><strong>autem</strong></span> <span class='ocrx_word' id='word_1_324' title='bbox 1221 1975 1579 2031; x_wconf 78' lang='lat' dir='ltr'><strong>existentibus</strong></span> <span class='ocrx_word' id='word_1_325' title='bbox 1608 1974 1783 2029; x_wconf 86' lang='lat' dir='ltr'><strong>omni-</strong></span> 
     </span>
    </p>
   </div>
   <div class='ocr_carea' id='block_1_37' title="bbox 195 2064 1784 2136">
    <p class='ocr_par' dir='ltr' id='par_1_37' title="bbox 195 2064 1784 2136">
     <span class='ocr_line' id='line_1_37' title="bbox 195 2064 1784 2136; baseline 0.001 -16"><span class='ocrx_word' id='word_1_326' title='bbox 195 2064 291 2121; x_wconf 88' lang='lat' dir='ltr'><strong>bus</strong></span> <span class='ocrx_word' id='word_1_327' title='bbox 328 2082 449 2136; x_wconf 70' lang='lat' dir='ltr'><strong>qnte</strong></span> <span class='ocrx_word' id='word_1_328' title='bbox 490 2074 617 2120; x_wconf 82' lang='lat' dir='ltr'><strong>sunt</strong></span> <span class='ocrx_word' id='word_1_329' title='bbox 661 2065 892 2121; x_wconf 81' lang='lat' dir='ltr'><strong>efﬁcitur</strong></span> <span class='ocrx_word' id='word_1_330' title='bbox 937 2065 1254 2136; x_wconf 86' lang='lat' dir='ltr'><strong>plenitudo:</strong></span> <span class='ocrx_word' id='word_1_331' title='bbox 1284 2067 1482 2121; x_wconf 89' lang='lat' dir='ltr'><strong>etenim</strong></span> <span class='ocrx_word' id='word_1_332' title='bbox 1528 2076 1582 2122; x_wconf 91' lang='lat' dir='ltr'><strong>et</strong></span> <span class='ocrx_word' id='word_1_333' title='bbox 1626 2065 1784 2121; x_wconf 74' lang='lat' dir='ltr'><strong>Iesus</strong></span> 
     </span>
    </p>
   </div>
   <div class='ocr_carea' id='block_1_38' title="bbox 195 2158 1785 2230">
    <p class='ocr_par' dir='ltr' id='par_1_38' title="bbox 195 2158 1785 2230">
     <span class='ocr_line' id='line_1_38' title="bbox 195 2158 1785 2230; baseline -0.001 -18"><span class='ocrx_word' id='word_1_334' title='bbox 195 2165 342 2227; x_wconf 88' lang='lat' dir='ltr'><strong>pater</strong></span> <span class='ocrx_word' id='word_1_335' title='bbox 370 2164 454 2212; x_wconf 87' lang='lat' dir='ltr'><strong>est</strong></span> <span class='ocrx_word' id='word_1_336' title='bbox 482 2158 723 2212; x_wconf 89' lang='lat' dir='ltr'><strong>omnium</strong></span> <span class='ocrx_word' id='word_1_337' title='bbox 746 2172 995 2227; x_wconf 87' lang='lat' dir='ltr'><strong>operum,</strong></span> <span class='ocrx_word' id='word_1_338' title='bbox 1026 2172 1213 2212; x_wconf 90' lang='lat' dir='ltr'><strong>eorum</strong></span> <span class='ocrx_word' id='word_1_339' title='bbox 1235 2172 1357 2228; x_wconf 74' lang='lat' dir='ltr'><strong>qua:</strong></span> <span class='ocrx_word' id='word_1_340' title='bbox 1386 2172 1482 2227; x_wconf 90' lang='lat' dir='ltr'><strong>per</strong></span> <span class='ocrx_word' id='word_1_341' title='bbox 1528 2158 1785 2230; x_wconf 87' lang='lat' dir='ltr'><strong>semctip-</strong></span> 
     </span>
    </p>
   </div>
   <div class='ocr_carea' id='block_1_39' title="bbox 193 2246 1783 2320">
    <p class='ocr_par' dir='ltr' id='par_1_39' title="bbox 193 2246 1783 2320">
     <span class='ocr_line' id='line_1_39' title="bbox 193 2246 1783 2320; baseline 0.002 -18"><span class='ocrx_word' id='word_1_342' title='bbox 193 2263 331 2302; x_wconf 90' lang='lat' dir='ltr'><strong>sum.</strong></span> <span class='ocrx_word' id='word_1_343' title='bbox 356 2246 529 2303; x_wconf 88' lang='lat' dir='ltr'><strong>Unum</strong></span> <span class='ocrx_word' id='word_1_344' title='bbox 552 2263 683 2320; x_wconf 89' lang='lat' dir='ltr'><strong>ergo</strong></span> <span class='ocrx_word' id='word_1_345' title='bbox 705 2257 856 2318; x_wconf 88' lang='lat' dir='ltr'><strong>pater</strong></span> <span class='ocrx_word' id='word_1_346' title='bbox 882 2258 938 2304; x_wconf 85' lang='lat' dir='ltr'><strong>et</strong></span> <span class='ocrx_word' id='word_1_347' title='bbox 958 2247 1113 2304; x_wconf 91' lang='lat' dir='ltr'><strong>ﬁlius.</strong></span> <span class='ocrx_word' id='word_1_348' title='bbox 1146 2248 1252 2305; x_wconf 86' lang='lat' dir='ltr'><strong>Sed</strong></span> <span class='ocrx_word' id='word_1_349' title='bbox 1274 2248 1420 2319; x_wconf 86' lang='lat' dir='ltr'><strong>quod</strong></span> <span class='ocrx_word' id='word_1_350' title='bbox 1446 2264 1552 2305; x_wconf 92' lang='lat' dir='ltr'><strong>non</strong></span> <span class='ocrx_word' id='word_1_351' title='bbox 1578 2250 1783 2305; x_wconf 78' lang='lat' dir='ltr'><strong>extrin-</strong></span> 
     </span>
    </p>
   </div>
   <div class='ocr_carea' id='block_1_40' title="bbox 193 2339 1782 2411">
    <p class='ocr_par' dir='ltr' id='par_1_40' title="bbox 193 2339 1782 2411">
     <span class='ocr_line' id='line_1_40' title="bbox 193 2339 1782 2411; baseline 0.001 -16"><span class='ocrx_word' id='word_1_352' title='bbox 193 2354 348 2395; x_wconf 87' lang='lat' dir='ltr'><strong>secus</strong></span> <span class='ocrx_word' id='word_1_353' title='bbox 394 2339 769 2411; x_wconf 88' lang='lat' dir='ltr'><strong>ingrediuntur</strong></span> <span class='ocrx_word' id='word_1_354' title='bbox 825 2339 1195 2411; x_wconf 81' lang='lat' dir='ltr'><strong>operazunde</strong></span> <span class='ocrx_word' id='word_1_355' title='bbox 1234 2339 1420 2396; x_wconf 88' lang='lat' dir='ltr'><strong>enim?</strong></span> <span class='ocrx_word' id='word_1_356' title='bbox 1451 2340 1583 2395; x_wconf 89' lang='lat' dir='ltr'><strong>nihil</strong></span> <span class='ocrx_word' id='word_1_357' title='bbox 1636 2342 1782 2396; x_wconf 92' lang='lat' dir='ltr'><strong>enim</strong></span> 
     </span>
    </p>
   </div>
   <div class='ocr_carea' id='block_1_41' title="bbox 193 2431 1785 2503">
    <p class='ocr_par' dir='ltr' id='par_1_41' title="bbox 193 2431 1785 2503">
     <span class='ocr_line' id='line_1_41' title="bbox 193 2431 1785 2503; baseline -0.002 -15"><span class='ocrx_word' id='word_1_358' title='bbox 193 2442 371 2498; x_wconf 84' lang='lat' dir='ltr'><strong>extra;</strong></span> <span class='ocrx_word' id='word_1_359' title='bbox 397 2432 533 2487; x_wconf 88' lang='lat' dir='ltr'><strong>inse</strong></span> <span class='ocrx_word' id='word_1_360' title='bbox 582 2431 700 2502; x_wconf 88' lang='lat' dir='ltr'><strong>ipso</strong></span> <span class='ocrx_word' id='word_1_361' title='bbox 726 2447 855 2503; x_wconf 82' lang='lat' dir='ltr'><strong>ergo</strong></span> <span class='ocrx_word' id='word_1_362' title='bbox 893 2433 1114 2488; x_wconf 87' lang='lat' dir='ltr'><strong>omnia:</strong></span> <span class='ocrx_word' id='word_1_363' title='bbox 1146 2432 1262 2502; x_wconf 90' lang='lat' dir='ltr'><strong>ipse</strong></span> <span class='ocrx_word' id='word_1_364' title='bbox 1290 2446 1417 2501; x_wconf 89' lang='lat' dir='ltr'><strong>ergo</strong></span> <span class='ocrx_word' id='word_1_365' title='bbox 1443 2440 1499 2488; x_wconf 91' lang='lat' dir='ltr'><strong>et</strong></span> <span class='ocrx_word' id='word_1_366' title='bbox 1542 2443 1785 2503; x_wconf 83' lang='lat' dir='ltr'><strong>recepta-</strong></span> 
     </span>
    </p>
   </div>
   <div class='ocr_carea' id='block_1_42' title="bbox 191 2522 1786 2595">
    <p class='ocr_par' dir='ltr' id='par_1_42' title="bbox 191 2522 1786 2595">
     <span class='ocr_line' id='line_1_42' title="bbox 191 2522 1786 2595; baseline 0.002 -17"><span class='ocrx_word' id='word_1_367' title='bbox 191 2522 366 2578; x_wconf 87' lang='lat' dir='ltr'><strong>culum</strong></span> <span class='ocrx_word' id='word_1_368' title='bbox 395 2532 448 2579; x_wconf 92' lang='lat' dir='ltr'><strong>et</strong></span> <span class='ocrx_word' id='word_1_369' title='bbox 476 2522 768 2580; x_wconf 87' lang='lat' dir='ltr'><strong>habitator.</strong></span> <span class='ocrx_word' id='word_1_370' title='bbox 805 2524 872 2579; x_wconf 86' lang='lat' dir='ltr'><strong>Et</strong></span> <span class='ocrx_word' id='word_1_371' title='bbox 900 2524 1153 2595; x_wconf 91' lang='lat' dir='ltr'><strong>quoniam</strong></span> <span class='ocrx_word' id='word_1_372' title='bbox 1178 2524 1233 2580; x_wconf 90' lang='lat' dir='ltr'><strong>in</strong></span> <span class='ocrx_word' id='word_1_373' title='bbox 1263 2524 1373 2579; x_wconf 90' lang='lat' dir='ltr'><strong>ﬁlio</strong></span> <span class='ocrx_word' id='word_1_374' title='bbox 1403 2533 1575 2595; x_wconf 89' lang='lat' dir='ltr'><strong>pater,</strong></span> <span class='ocrx_word' id='word_1_375' title='bbox 1605 2535 1659 2580; x_wconf 91' lang='lat' dir='ltr'><strong>et</strong></span> <span class='ocrx_word' id='word_1_376' title='bbox 1690 2540 1786 2595; x_wconf 90' lang='lat' dir='ltr'><strong>pa-</strong></span> 
     </span>
    </p>
   </div>
   <div class='ocr_carea' id='block_1_43' title="bbox 193 2616 1781 2689">
    <p class='ocr_par' dir='ltr' id='par_1_43' title="bbox 193 2616 1781 2689">
     <span class='ocr_line' id='line_1_43' title="bbox 193 2616 1781 2689; baseline 0.002 -19"><span class='ocrx_word' id='word_1_377' title='bbox 193 2625 273 2671; x_wconf 89' lang='lat' dir='ltr'><strong>ter</strong></span> <span class='ocrx_word' id='word_1_378' title='bbox 319 2616 624 2672; x_wconf 87' lang='lat' dir='ltr'><strong>habitator:</strong></span> <span class='ocrx_word' id='word_1_379' title='bbox 659 2616 938 2688; x_wconf 90' lang='lat' dir='ltr'><strong>proprium</strong></span> <span class='ocrx_word' id='word_1_380' title='bbox 986 2617 1148 2687; x_wconf 78' lang='lat' dir='ltr'><strong>igitur</strong></span> <span class='ocrx_word' id='word_1_381' title='bbox 1191 2617 1301 2673; x_wconf 92' lang='lat' dir='ltr'><strong>ﬁlio</strong></span> <span class='ocrx_word' id='word_1_382' title='bbox 1352 2617 1407 2671; x_wconf 91' lang='lat' dir='ltr'><strong>in</strong></span> <span class='ocrx_word' id='word_1_383' title='bbox 1446 2634 1546 2689; x_wconf 90' lang='lat' dir='ltr'><strong>quo</strong></span> <span class='ocrx_word' id='word_1_384' title='bbox 1587 2619 1781 2687; x_wconf 85' lang='lat' dir='ltr'><strong>omnia,</strong></span> 
     </span>
    </p>
   </div>
   <div class='ocr_carea' id='block_1_44' title="bbox 191 2708 1783 2782">
    <p class='ocr_par' dir='ltr' id='par_1_44' title="bbox 191 2708 1783 2782">
     <span class='ocr_line' id='line_1_44' title="bbox 191 2708 1783 2782; baseline 0.002 -20"><span class='ocrx_word' id='word_1_385' title='bbox 191 2708 455 2779; x_wconf 82' lang='lat' dir='ltr'><strong>reliquum</strong></span> <span class='ocrx_word' id='word_1_386' title='bbox 502 2726 630 2780; x_wconf 89' lang='lat' dir='ltr'><strong>ergo</strong></span> <span class='ocrx_word' id='word_1_387' title='bbox 651 2709 784 2777; x_wconf 89' lang='lat' dir='ltr'><strong>hoc,</strong></span> <span class='ocrx_word' id='word_1_388' title='bbox 814 2722 869 2766; x_wconf 93' lang='lat' dir='ltr'><strong>et</strong></span> <span class='ocrx_word' id='word_1_389' title='bbox 908 2711 964 2765; x_wconf 93' lang='lat' dir='ltr'><strong>in</strong></span> <span class='ocrx_word' id='word_1_390' title='bbox 992 2713 1108 2782; x_wconf 89' lang='lat' dir='ltr'><strong>ipso</strong></span> <span class='ocrx_word' id='word_1_391' title='bbox 1129 2752 1142 2777; x_wconf 91' lang='lat'><strong>,</strong></span> <span class='ocrx_word' id='word_1_392' title='bbox 1175 2709 1277 2766; x_wconf 92' lang='lat' dir='ltr'><strong>hoc</strong></span> <span class='ocrx_word' id='word_1_393' title='bbox 1309 2710 1433 2766; x_wconf 87' lang='lat' dir='ltr'><strong>dico</strong></span> <span class='ocrx_word' id='word_1_394' title='bbox 1471 2726 1593 2767; x_wconf 87' lang='lat' dir='ltr'><strong>esse</strong></span> <span class='ocrx_word' id='word_1_395' title='bbox 1631 2725 1783 2766; x_wconf 87' lang='lat' dir='ltr'><strong>com-</strong></span> 
     </span>
    </p>
   </div>
   <div class='ocr_carea' id='block_1_45' title="bbox 190 2802 1784 2860">
    <p class='ocr_par' dir='ltr' id='par_1_45' title="bbox 190 2802 1784 2860">
     <span class='ocr_line' id='line_1_45' title="bbox 190 2802 1784 2860; baseline 0.002 -6"><span class='ocrx_word' id='word_1_396' title='bbox 190 2816 349 2857; x_wconf 89' lang='lat' dir='ltr'><strong>mune</strong></span> <span class='ocrx_word' id='word_1_397' title='bbox 379 2820 391 2857; x_wconf 91' lang='lat'><strong>:</strong></span> <span class='ocrx_word' id='word_1_398' title='bbox 420 2802 474 2857; x_wconf 89' lang='lat' dir='ltr'><strong>in</strong></span> <span class='ocrx_word' id='word_1_399' title='bbox 505 2804 971 2859; x_wconf 90' lang='lat' dir='ltr'><strong>consummatione</strong></span> <span class='ocrx_word' id='word_1_400' title='bbox 998 2805 1143 2860; x_wconf 90' lang='lat' dir='ltr'><strong>enim</strong></span> <span class='ocrx_word' id='word_1_401' title='bbox 1169 2818 1335 2859; x_wconf 90' lang='lat' dir='ltr'><strong>unum</strong></span> <span class='ocrx_word' id='word_1_402' title='bbox 1365 2804 1548 2860; x_wconf 87' lang='lat' dir='ltr'><strong>omnia</strong></span> <span class='ocrx_word' id='word_1_403' title='bbox 1579 2813 1633 2859; x_wconf 88' lang='lat' dir='ltr'><strong>et</strong></span> <span class='ocrx_word' id='word_1_404' title='bbox 1661 2802 1784 2859; x_wconf 87' lang='lat' dir='ltr'><strong>ideo</strong></span> 
     </span>
    </p>
   </div>
   <div class='ocr_carea' id='block_1_46' title="bbox 189 2893 1786 2970">
    <p class='ocr_par' dir='ltr' id='par_1_46' title="bbox 189 2893 1786 2970">
     <span class='ocr_line' id='line_1_46' title="bbox 189 2893 1786 2970; baseline 0.001 -22"><span class='ocrx_word' id='word_1_405' title='bbox 189 2893 385 2950; x_wconf 88' lang='lat' dir='ltr'><strong>Paulus</strong></span> <span class='ocrx_word' id='word_1_406' title='bbox 429 2895 496 2951; x_wconf 91' lang='lat' dir='ltr'><strong>ad</strong></span> <span class='ocrx_word' id='word_1_407' title='bbox 534 2895 841 2953; x_wconf 89' lang='lat' dir='ltr'><strong>Corinthios</strong></span> <span class='ocrx_word' id='word_1_408' title='bbox 883 2897 1014 2952; x_wconf 91' lang='lat' dir='ltr'><strong>dicit</strong></span> <span class='ocrx_word' id='word_1_409' title='bbox 1056 2897 1111 2970; x_wconf 89' lang='grc' dir='ltr'>(ι</span> <span class='ocrx_word' id='word_1_410' title='bbox 1148 2897 1267 2954; x_wconf 81' lang='lat' dir='ltr'><strong>Cor.</strong></span> <span class='ocrx_word' id='word_1_411' title='bbox 1310 2913 1428 2963; x_wconf 87' lang='lat' dir='ltr'><strong>vru,</strong></span> <span class='ocrx_word' id='word_1_412' title='bbox 1484 2896 1542 2968; x_wconf 84' lang='lat'><strong>6)</strong></span> <span class='ocrx_word' id='word_1_413' title='bbox 1576 2913 1589 2949; x_wconf 91' lang='lat'><strong>:</strong></span> <span class='ocrx_word' id='word_1_414' title='bbox 1639 2895 1786 2952; x_wconf 87' lang='lat' dir='ltr'><strong>Unus</strong></span> 
     </span>
    </p>
   </div>
   <div class='ocr_carea' id='block_1_47' title="bbox 189 2985 1786 3060">
    <p class='ocr_par' dir='ltr' id='par_1_47' title="bbox 189 2985 1786 3060">
     <span class='ocr_line' id='line_1_47' title="bbox 189 2985 1786 3060; baseline 0.001 -20"><span class='ocrx_word' id='word_1_415' title='bbox 189 2985 328 3042; x_wconf 82' lang='lat' dir='ltr'><strong>Deus</strong></span> <span class='ocrx_word' id='word_1_416' title='bbox 368 2997 511 3057; x_wconf 83' lang='lat' dir='ltr'><strong>pater</strong></span> <span class='ocrx_word' id='word_1_417' title='bbox 551 3004 615 3043; x_wconf 84' lang='lat' dir='ltr'><strong>ea:</strong></span> <span class='ocrx_word' id='word_1_418' title='bbox 638 3005 739 3060; x_wconf 89' lang='lat' dir='ltr'><strong>quo</strong></span> <span class='ocrx_word' id='word_1_419' title='bbox 779 2990 984 3055; x_wconf 85' lang='lat' dir='ltr'><strong>omnia,</strong></span> <span class='ocrx_word' id='word_1_420' title='bbox 1015 2999 1062 3045; x_wconf 86' lang='lat' dir='ltr'><strong>et</strong></span> <span class='ocrx_word' id='word_1_421' title='bbox 1092 3006 1185 3045; x_wconf 89' lang='lat' dir='ltr'><strong>nos</strong></span> <span class='ocrx_word' id='word_1_422' title='bbox 1222 2990 1274 3044; x_wconf 92' lang='lat' dir='ltr'><strong>in</strong></span> <span class='ocrx_word' id='word_1_423' title='bbox 1307 2990 1451 3059; x_wconf 87' lang='lat' dir='ltr'><strong>ipso;</strong></span> <span class='ocrx_word' id='word_1_424' title='bbox 1474 2998 1519 3043; x_wconf 88' lang='lat' dir='ltr'><strong>et</strong></span> <span class='ocrx_word' id='word_1_425' title='bbox 1544 3004 1681 3043; x_wconf 85' lang='lat' dir='ltr'><strong>unus</strong></span> <span class='ocrx_word' id='word_1_426' title='bbox 1713 2995 1786 3042; x_wconf 89' lang='lat' dir='ltr'><strong>est</strong></span> 
     </span>
    </p>
   </div>
   <div class='ocr_carea' id='block_1_48' title="bbox 188 3078 1858 3153">
    <p class='ocr_par' dir='ltr' id='par_1_48' title="bbox 188 3078 1858 3153">
     <span class='ocr_line' id='line_1_48' title="bbox 188 3078 1858 3153; baseline 0.002 -20"><span class='ocrx_word' id='word_1_427' title='bbox 188 3078 439 3135; x_wconf 87' lang='lat' dir='ltr'><strong>Dominus</strong></span> <span class='ocrx_word' id='word_1_428' title='bbox 474 3079 649 3149; x_wconf 75' lang='lat' dir='ltr'><strong>Iesus,</strong></span> <span class='ocrx_word' id='word_1_429' title='bbox 686 3098 778 3152; x_wconf 85' lang='lat' dir='ltr'><strong>per</strong></span> <span class='ocrx_word' id='word_1_430' title='bbox 818 3099 965 3152; x_wconf 86' lang='lat' dir='ltr'><strong>quem</strong></span> <span class='ocrx_word' id='word_1_431' title='bbox 1011 3082 1203 3149; x_wconf 89' lang='lat' dir='ltr'><strong>omnia,</strong></span> <span class='ocrx_word' id='word_1_432' title='bbox 1235 3091 1281 3137; x_wconf 88' lang='lat' dir='ltr'><strong>et</strong></span> <span class='ocrx_word' id='word_1_433' title='bbox 1323 3098 1417 3136; x_wconf 89' lang='lat' dir='ltr'><strong>nos</strong></span> <span class='ocrx_word' id='word_1_434' title='bbox 1457 3098 1548 3151; x_wconf 86' lang='lat' dir='ltr'><strong>per</strong></span> <span class='ocrx_word' id='word_1_435' title='bbox 1589 3081 1780 3153; x_wconf 89' lang='lat' dir='ltr'><strong>ipsum.</strong></span> <span class='ocrx_word' id='word_1_436' title='bbox 1812 3086 1858 3151; x_wconf 84' lang='lat' dir='ltr'>C</span> 
     </span>
    </p>
   </div>
   <div class='ocr_carea' id='block_1_49' title="bbox 188 3169 1784 3244">
    <p class='ocr_par' dir='ltr' id='par_1_49' title="bbox 188 3169 1784 3244">
     <span class='ocr_line' id='line_1_49' title="bbox 188 3169 1784 3244; baseline 0 -17"><span class='ocrx_word' id='word_1_437' title='bbox 188 3169 297 3228; x_wconf 79' lang='lat' dir='ltr'><strong>Aut</strong></span> <span class='ocrx_word' id='word_1_438' title='bbox 317 3171 588 3243; x_wconf 86' lang='lat' dir='ltr'><strong>quomodo</strong></span> <span class='ocrx_word' id='word_1_439' title='bbox 613 3173 749 3228; x_wconf 87' lang='lat' dir='ltr'><strong>alius</strong></span> <span class='ocrx_word' id='word_1_440' title='bbox 774 3174 825 3228; x_wconf 90' lang='lat' dir='ltr'><strong>in</strong></span> <span class='ocrx_word' id='word_1_441' title='bbox 856 3174 1007 3244; x_wconf 81' lang='lat' dir='ltr'><strong>ipso?</strong></span> <span class='ocrx_word' id='word_1_442' title='bbox 1043 3175 1301 3244; x_wconf 89' lang='lat' dir='ltr'><strong>quoniam</strong></span> <span class='ocrx_word' id='word_1_443' title='bbox 1331 3184 1385 3229; x_wconf 88' lang='lat' dir='ltr'><strong>et</strong></span> <span class='ocrx_word' id='word_1_444' title='bbox 1416 3174 1472 3229; x_wconf 91' lang='lat' dir='ltr'><strong>in</strong></span> <span class='ocrx_word' id='word_1_445' title='bbox 1508 3174 1625 3229; x_wconf 89' lang='lat' dir='ltr'><strong>aliis</strong></span> <span class='ocrx_word' id='word_1_446' title='bbox 1650 3174 1784 3229; x_wconf 89' lang='lat' dir='ltr'><strong>locis</strong></span> 
     </span>
    </p>
   </div>
   <div class='ocr_carea' id='block_1_50' title="bbox 187 3250 1789 3337">
    <p class='ocr_par' dir='ltr' id='par_1_50' title="bbox 187 3250 1789 3337">
     <span class='ocr_line' id='line_1_50' title="bbox 187 3250 1789 3337; baseline -0.002 -17"><span class='ocrx_word' id='word_1_447' title='bbox 187 3266 267 3320; x_wconf 91' lang='lat' dir='ltr'><strong>sic</strong></span> <span class='ocrx_word' id='word_1_448' title='bbox 296 3264 527 3335; x_wconf 90' lang='lat' dir='ltr'><strong>positum</strong></span> <span class='ocrx_word' id='word_1_449' title='bbox 550 3273 634 3320; x_wconf 87' lang='lat' dir='ltr'><strong>est</strong></span> <span class='ocrx_word' id='word_1_450' title='bbox 661 3266 729 3321; x_wconf 89' lang='lat' dir='ltr'><strong>de</strong></span> <span class='ocrx_word' id='word_1_451' title='bbox 758 3277 924 3335; x_wconf 85' lang='lat' dir='ltr'><strong>patre,</strong></span> <span class='ocrx_word' id='word_1_452' title='bbox 957 3282 1020 3320; x_wconf 77' lang='lat' dir='ltr'><strong>ea:</strong></span> <span class='ocrx_word' id='word_1_453' title='bbox 1043 3281 1143 3335; x_wconf 90' lang='lat' dir='ltr'><strong>quo</strong></span> <span class='ocrx_word' id='word_1_454' title='bbox 1170 3267 1364 3329; x_wconf 82' lang='lat' dir='ltr'><strong>omnia,</strong></span> <span class='ocrx_word' id='word_1_455' title='bbox 1390 3282 1483 3337; x_wconf 85' lang='lat' dir='ltr'><strong>per</strong></span> <span class='ocrx_word' id='word_1_456' title='bbox 1509 3282 1659 3336; x_wconf 85' lang='lat' dir='ltr'><strong>quem</strong></span> <span class='ocrx_word' id='word_1_457' title='bbox 1678 3250 1789 3319; x_wconf 47' lang='lat' dir='ltr'><strong>om?</strong></span> 
     </span>
    </p>
   </div>
   <div class='ocr_carea' id='block_1_51' title="bbox 186 3358 1789 3430">
    <p class='ocr_par' dir='ltr' id='par_1_51' title="bbox 186 3358 1789 3430">
     <span class='ocr_line' id='line_1_51' title="bbox 186 3358 1789 3430; baseline 0 -17"><span class='ocrx_word' id='word_1_458' title='bbox 186 3360 296 3425; x_wconf 87' lang='lat' dir='ltr'><strong>uia,</strong></span> <span class='ocrx_word' id='word_1_459' title='bbox 321 3359 375 3412; x_wconf 88' lang='lat' dir='ltr'><strong>in</strong></span> <span class='ocrx_word' id='word_1_460' title='bbox 404 3359 515 3428; x_wconf 84' lang='lat' dir='ltr'><strong>ipso</strong></span> <span class='ocrx_word' id='word_1_461' title='bbox 540 3360 732 3414; x_wconf 82' lang='lat' dir='ltr'><strong>omnia.</strong></span> <span class='ocrx_word' id='word_1_462' title='bbox 762 3361 835 3414; x_wconf 90' lang='lat' dir='ltr'><strong>De</strong></span> <span class='ocrx_word' id='word_1_463' title='bbox 859 3358 972 3415; x_wconf 84' lang='lat' dir='ltr'><strong>ﬁlio</strong></span> <span class='ocrx_word' id='word_1_464' title='bbox 1015 3369 1195 3416; x_wconf 86' lang='lat' dir='ltr'><strong>autem</strong></span> <span class='ocrx_word' id='word_1_465' title='bbox 1220 3402 1235 3424; x_wconf 94' lang='lat'><strong>,</strong></span> <span class='ocrx_word' id='word_1_466' title='bbox 1262 3361 1316 3414; x_wconf 88' lang='lat' dir='ltr'><strong>in</strong></span> <span class='ocrx_word' id='word_1_467' title='bbox 1337 3376 1435 3430; x_wconf 89' lang='lat' dir='ltr'><strong>quo</strong></span> <span class='ocrx_word' id='word_1_468' title='bbox 1463 3360 1662 3426; x_wconf 86' lang='lat' dir='ltr'><strong>omnia,</strong></span> <span class='ocrx_word' id='word_1_469' title='bbox 1697 3374 1789 3430; x_wconf 87' lang='lat' dir='ltr'><strong>per</strong></span> 
     </span>
    </p>
   </div>
   <div class='ocr_carea' id='block_1_52' title="bbox 186 3450 1788 3522">
    <p class='ocr_par' dir='ltr' id='par_1_52' title="bbox 186 3450 1788 3522">
     <span class='ocr_line' id='line_1_52' title="bbox 186 3450 1788 3522; baseline -0.001 -16"><span class='ocrx_word' id='word_1_470' title='bbox 186 3467 336 3521; x_wconf 85' lang='lat' dir='ltr'><strong>quem</strong></span> <span class='ocrx_word' id='word_1_471' title='bbox 363 3451 553 3517; x_wconf 90' lang='lat' dir='ltr'><strong>omnia,</strong></span> <span class='ocrx_word' id='word_1_472' title='bbox 582 3454 638 3506; x_wconf 87' lang='lat' dir='ltr'><strong>in</strong></span> <span class='ocrx_word' id='word_1_473' title='bbox 665 3467 819 3522; x_wconf 65' lang='lat' dir='ltr'><strong>quem~</strong></span> <span class='ocrx_word' id='word_1_474' title='bbox 839 3452 1011 3505; x_wconf 88' lang='lat' dir='ltr'><strong>omnia</strong></span> <span class='ocrx_word' id='word_1_475' title='bbox 1038 3470 1050 3506; x_wconf 92' lang='lat'><strong>:</strong></span> <span class='ocrx_word' id='word_1_476' title='bbox 1075 3451 1304 3522; x_wconf 61' lang='lat' dir='ltr'><strong>aequalia</strong></span> <span class='ocrx_word' id='word_1_477' title='bbox 1341 3452 1502 3522; x_wconf 89' lang='lat' dir='ltr'><strong>igitur</strong></span> <span class='ocrx_word' id='word_1_478' title='bbox 1532 3450 1714 3506; x_wconf 89' lang='lat' dir='ltr'><strong>omnia</strong></span> <span class='ocrx_word' id='word_1_479' title='bbox 1732 3460 1788 3507; x_wconf 89' lang='lat' dir='ltr'><strong>et</strong></span> 
     </span>
    </p>
   </div>
   <div class='ocr_carea' id='block_1_53' title="bbox 188 3541 1785 3616">
    <p class='ocr_par' dir='ltr' id='par_1_53' title="bbox 188 3541 1785 3616">
     <span class='ocr_line' id='line_1_53' title="bbox 188 3541 1785 3616; baseline 0.003 -18"><span class='ocrx_word' id='word_1_480' title='bbox 188 3541 300 3598; x_wconf 86' lang='lat' dir='ltr'><strong>ﬁlio</strong></span> <span class='ocrx_word' id='word_1_481' title='bbox 345 3551 401 3598; x_wconf 90' lang='lat' dir='ltr'><strong>et</strong></span> <span class='ocrx_word' id='word_1_482' title='bbox 442 3542 579 3614; x_wconf 88' lang='lat' dir='ltr'><strong>patri</strong></span> <span class='ocrx_word' id='word_1_483' title='bbox 628 3542 773 3598; x_wconf 85' lang='lat' dir='ltr'><strong>dedit</strong></span> <span class='ocrx_word' id='word_1_484' title='bbox 812 3542 1241 3599; x_wconf 81' lang='lat' dir='ltr'><strong>Pauluszrecte.</strong></span> <span class='ocrx_word' id='word_1_485' title='bbox 1294 3542 1448 3612; x_wconf 87' lang='lat' dir='ltr'><strong>Quod</strong></span> <span class='ocrx_word' id='word_1_486' title='bbox 1512 3542 1785 3616; x_wconf 72' lang='grc' dir='ltr'>όμοούσιος</span> 
     </span>
    </p>
   </div>
   <div class='ocr_carea' id='block_1_54' title="bbox 191 3633 1787 3705">
    <p class='ocr_par' dir='ltr' id='par_1_54' title="bbox 191 3633 1787 3705">
     <span class='ocr_line' id='line_1_54' title="bbox 191 3633 1787 3705; baseline 0.001 -17"><span class='ocrx_word' id='word_1_487' title='bbox 191 3642 346 3705; x_wconf 86' lang='lat' dir='ltr'><strong>pater</strong></span> <span class='ocrx_word' id='word_1_488' title='bbox 369 3644 422 3690; x_wconf 90' lang='lat' dir='ltr'><strong>et</strong></span> <span class='ocrx_word' id='word_1_489' title='bbox 452 3634 594 3689; x_wconf 87' lang='lat' dir='ltr'><strong>ﬁlius</strong></span> <span class='ocrx_word' id='word_1_490' title='bbox 612 3646 639 3701; x_wconf 84' lang='lat'><strong>,&#39;</strong></span> <span class='ocrx_word' id='word_1_491' title='bbox 659 3643 712 3690; x_wconf 90' lang='lat' dir='ltr'><strong>et</strong></span> <span class='ocrx_word' id='word_1_492' title='bbox 745 3635 946 3690; x_wconf 91' lang='lat' dir='ltr'><strong>idcirco</strong></span> <span class='ocrx_word' id='word_1_493' title='bbox 974 3634 1176 3691; x_wconf 91' lang='lat' dir='ltr'><strong>dictum</strong></span> <span class='ocrx_word' id='word_1_494' title='bbox 1216 3644 1297 3691; x_wconf 89' lang='lat' dir='ltr'><strong>est</strong></span> <span class='ocrx_word' id='word_1_495' title='bbox 1320 3653 1333 3687; x_wconf 86' lang='lat'><strong>:</strong></span> <span class='ocrx_word' id='word_1_496' title='bbox 1357 3633 1504 3689; x_wconf 86' lang='lat' dir='ltr'><strong>Tunc</strong></span> <span class='ocrx_word' id='word_1_497' title='bbox 1531 3635 1639 3705; x_wconf 89' lang='lat' dir='ltr'><strong>ipse</strong></span> <span class='ocrx_word' id='word_1_498' title='bbox 1663 3635 1787 3690; x_wconf 86' lang='lat' dir='ltr'><strong>sub-</strong></span> 
     </span>
    </p>
   </div>
   <div class='ocr_carea' id='block_1_55' title="bbox 179 3726 1790 3801">
    <p class='ocr_par' dir='ltr' id='par_1_55' title="bbox 179 3726 1790 3801">
     <span class='ocr_line' id='line_1_55' title="bbox 179 3726 1790 3801; baseline 0 -20"><span class='ocrx_word' id='word_1_499' title='bbox 179 3729 399 3801; x_wconf 76' lang='lat' dir='ltr'><strong>jicietur</strong></span> <span class='ocrx_word' id='word_1_500' title='bbox 422 3729 502 3795; x_wconf 92' lang='lat' dir='ltr'><strong>ei,</strong></span> <span class='ocrx_word' id='word_1_501' title='bbox 534 3728 619 3799; x_wconf 87' lang='lat' dir='ltr'><strong>qui</strong></span> <span class='ocrx_word' id='word_1_502' title='bbox 661 3726 873 3799; x_wconf 83' lang='lat' dir='ltr'><strong>subjecit</strong></span> <span class='ocrx_word' id='word_1_503' title='bbox 900 3728 1001 3799; x_wconf 85' lang='lat' dir='ltr'><strong>ipsi</strong></span> <span class='ocrx_word' id='word_1_504' title='bbox 1025 3728 1227 3794; x_wconf 88' lang='lat' dir='ltr'><strong>omnia,</strong></span> <span class='ocrx_word' id='word_1_505' title='bbox 1258 3737 1314 3781; x_wconf 85' lang='lat' dir='ltr'><strong>ut</strong></span> <span class='ocrx_word' id='word_1_506' title='bbox 1344 3728 1410 3781; x_wconf 88' lang='lat' dir='ltr'><strong>sit</strong></span> <span class='ocrx_word' id='word_1_507' title='bbox 1447 3726 1584 3782; x_wconf 88' lang='lat' dir='ltr'><strong>Deus</strong></span> <span class='ocrx_word' id='word_1_508' title='bbox 1617 3727 1790 3781; x_wconf 86' lang='lat' dir='ltr'><strong>omnia</strong></span> 
     </span>
    </p>
   </div>
   <div class='ocr_carea' id='block_1_56' title="bbox 182 3820 529 3876">
    <p class='ocr_par' dir='ltr' id='par_1_56' title="bbox 182 3820 529 3876">
     <span class='ocr_line' id='line_1_56' title="bbox 182 3820 529 3876; baseline -0.009 0"><span class='ocrx_word' id='word_1_509' title='bbox 182 3821 239 3876; x_wconf 89' lang='lat' dir='ltr'><strong>in</strong></span> <span class='ocrx_word' id='word_1_510' title='bbox 270 3820 529 3875; x_wconf 85' lang='lat' dir='ltr'><strong>omnibus.</strong></span> 
     </span>
    </p>
   </div>
   <div class='ocr_carea' id='block_1_57' title="bbox 263 3958 1790 4034">
    <p class='ocr_par' dir='ltr' id='par_1_57' title="bbox 263 3958 1790 4034">
     <span class='ocr_line' id='line_1_57' title="bbox 263 3958 1790 4034; baseline 0.001 -19"><span class='ocrx_word' id='word_1_511' title='bbox 263 3958 548 4016; x_wconf 79' lang='lat' dir='ltr'><strong>XXXVIII.</strong></span> <span class='ocrx_word' id='word_1_512' title='bbox 588 3959 721 4017; x_wconf 66' lang='lat' dir='ltr'><strong>Vide</strong></span> <span class='ocrx_word' id='word_1_513' title='bbox 761 3962 1013 4017; x_wconf 76' lang='lat' dir='ltr'><strong>virtutem</strong></span> <span class='ocrx_word' id='word_1_514' title='bbox 1046 3961 1309 4029; x_wconf 88' lang='lat' dir='ltr'><strong>dicentis;</strong></span> <span class='ocrx_word' id='word_1_515' title='bbox 1345 3960 1598 4018; x_wconf 86' lang='lat' dir='ltr'><strong>conducit</strong></span> <span class='ocrx_word' id='word_1_516' title='bbox 1635 3961 1790 4034; x_wconf 75' lang='lat' dir='ltr'><strong>(forte</strong></span> 
     </span>
    </p>
   </div>
   <div class='ocr_carea' id='block_1_58' title="bbox 182 4051 1788 4128">
    <p class='ocr_par' dir='ltr' id='par_1_58' title="bbox 182 4051 1788 4128">
     <span class='ocr_line' id='line_1_58' title="bbox 182 4051 1788 4128; baseline -0.001 -18"><span class='ocrx_word' id='word_1_517' title='bbox 182 4054 482 4128; x_wconf 77' lang='lat' dir='ltr'><strong>Concludit)</strong></span> <span class='ocrx_word' id='word_1_518' title='bbox 520 4056 661 4111; x_wconf 88' lang='lat' dir='ltr'><strong>enim</strong></span> <span class='ocrx_word' id='word_1_519' title='bbox 699 4051 1151 4128; x_wconf 71' lang='grc' dir='ltr'><strong>όμοούσιοντίίιίηε</strong></span> <span class='ocrx_word' id='word_1_520' title='bbox 1191 4055 1407 4124; x_wconf 84' lang='lat' dir='ltr'><strong>subjicit</strong></span> <span class='ocrx_word' id='word_1_521' title='bbox 1440 4055 1577 4126; x_wconf 89' lang='lat' dir='ltr'><strong>patri</strong></span> <span class='ocrx_word' id='word_1_522' title='bbox 1605 4055 1788 4109; x_wconf 89' lang='lat' dir='ltr'><strong>omnia</strong></span> 
     </span>
    </p>
   </div>
   <div class='ocr_carea' id='block_1_59' title="bbox 182 4147 1785 4218">
    <p class='ocr_par' dir='ltr' id='par_1_59' title="bbox 182 4147 1785 4218">
     <span class='ocr_line' id='line_1_59' title="bbox 182 4147 1785 4218; baseline -0.002 -13"><span class='ocrx_word' id='word_1_523' title='bbox 182 4150 387 4206; x_wconf 82' lang='lat' dir='ltr'><strong>virtute</strong></span> <span class='ocrx_word' id='word_1_524' title='bbox 414 4163 532 4217; x_wconf 89' lang='lat' dir='ltr'><strong>sua,</strong></span> <span class='ocrx_word' id='word_1_525' title='bbox 552 4159 610 4203; x_wconf 92' lang='lat' dir='ltr'><strong>ut</strong></span> <span class='ocrx_word' id='word_1_526' title='bbox 637 4149 865 4214; x_wconf 87' lang='lat' dir='ltr'><strong>videtur,</strong></span> <span class='ocrx_word' id='word_1_527' title='bbox 880 4148 973 4203; x_wconf 91' lang='lat' dir='ltr'><strong>sed</strong></span> <span class='ocrx_word' id='word_1_528' title='bbox 994 4157 1050 4203; x_wconf 88' lang='lat' dir='ltr'><strong>ut</strong></span> <span class='ocrx_word' id='word_1_529' title='bbox 1069 4156 1151 4203; x_wconf 91' lang='lat' dir='ltr'><strong>est</strong></span> <span class='ocrx_word' id='word_1_530' title='bbox 1179 4158 1399 4218; x_wconf 88' lang='lat' dir='ltr'><strong>paterna</strong></span> <span class='ocrx_word' id='word_1_531' title='bbox 1421 4147 1577 4203; x_wconf 92' lang='lat' dir='ltr'><strong>:dicit</strong></span> <span class='ocrx_word' id='word_1_532' title='bbox 1600 4148 1743 4203; x_wconf 92' lang='lat' dir='ltr'><strong>enim</strong></span> <span class='ocrx_word' id='word_1_533' title='bbox 1772 4164 1785 4201; x_wconf 92' lang='lat'><strong>:</strong></span> 
     </span>
    </p>
   </div>
   <div class='ocr_carea' id='block_1_60' title="bbox 183 4239 1789 4316">
    <p class='ocr_par' dir='ltr' id='par_1_60' title="bbox 183 4239 1789 4316">
     <span class='ocr_line' id='line_1_60' title="bbox 183 4239 1789 4316; baseline -0.003 -16"><span class='ocrx_word' id='word_1_534' title='bbox 183 4243 503 4316; x_wconf 79' lang='lat' dir='ltr'><strong>Subjicietur</strong></span> <span class='ocrx_word' id='word_1_535' title='bbox 531 4243 578 4297; x_wconf 86' lang='lat' dir='ltr'><strong>ei</strong></span> <span class='ocrx_word' id='word_1_536' title='bbox 605 4244 695 4313; x_wconf 89' lang='lat' dir='ltr'><strong>qui</strong></span> <span class='ocrx_word' id='word_1_537' title='bbox 715 4242 928 4316; x_wconf 83' lang='lat' dir='ltr'><strong>subjecit</strong></span> <span class='ocrx_word' id='word_1_538' title='bbox 960 4242 1062 4313; x_wconf 77' lang='lat' dir='ltr'><strong>ipsi</strong></span> <span class='ocrx_word' id='word_1_539' title='bbox 1093 4242 1284 4296; x_wconf 89' lang='lat' dir='ltr'><strong>omnia.</strong></span> <span class='ocrx_word' id='word_1_540' title='bbox 1313 4239 1411 4296; x_wconf 89' lang='lat' dir='ltr'><strong>Cui</strong></span> <span class='ocrx_word' id='word_1_541' title='bbox 1438 4240 1789 4311; x_wconf 82' lang='lat' dir='ltr'><strong>subjicietur?</strong></span> 
     </span>
    </p>
   </div>
   <div class='ocr_carea' id='block_1_61' title="bbox 182 4332 1783 4405">
    <p class='ocr_par' dir='ltr' id='par_1_61' title="bbox 182 4332 1783 4405">
     <span class='ocr_line' id='line_1_61' title="bbox 182 4332 1783 4405; baseline 0 -16"><span class='ocrx_word' id='word_1_542' title='bbox 182 4332 317 4392; x_wconf 87' lang='lat' dir='ltr'><strong>Deo.</strong></span> <span class='ocrx_word' id='word_1_543' title='bbox 349 4336 479 4404; x_wconf 83' lang='lat' dir='ltr'><strong>Quis</strong></span> <span class='ocrx_word' id='word_1_544' title='bbox 506 4333 849 4405; x_wconf 73' lang='lat' dir='ltr'><strong>subjicietur?</strong></span> <span class='ocrx_word' id='word_1_545' title='bbox 869 4333 1032 4402; x_wconf 88' lang='lat' dir='ltr'><strong>ﬁlius,</strong></span> <span class='ocrx_word' id='word_1_546' title='bbox 1056 4334 1141 4390; x_wconf 91' lang='lat' dir='ltr'><strong>cui</strong></span> <span class='ocrx_word' id='word_1_547' title='bbox 1163 4334 1386 4404; x_wconf 77' lang='lat' dir='ltr'><strong>subjicit</strong></span> <span class='ocrx_word' id='word_1_548' title='bbox 1415 4334 1598 4389; x_wconf 88' lang='lat' dir='ltr'><strong>omnia</strong></span> <span class='ocrx_word' id='word_1_549' title='bbox 1621 4332 1783 4391; x_wconf 89' lang='lat' dir='ltr'><strong>Deus.</strong></span> 
     </span>
    </p>
   </div>
   <div class='ocr_carea' id='block_1_62' title="bbox 181 4414 1837 4499">
    <p class='ocr_par' dir='ltr' id='par_1_62' title="bbox 181 4414 1837 4499">
     <span class='ocr_line' id='line_1_62' title="bbox 181 4414 1837 4499; baseline -0.001 -17"><span class='ocrx_word' id='word_1_550' title='bbox 181 4429 343 4483; x_wconf 76' lang='lat' dir='ltr'><strong>Actio</strong></span> <span class='ocrx_word' id='word_1_551' title='bbox 360 4429 519 4499; x_wconf 82' lang='lat' dir='ltr'><strong>igitur</strong></span> <span class='ocrx_word' id='word_1_552' title='bbox 536 4436 593 4483; x_wconf 89' lang='lat' dir='ltr'><strong>et</strong></span> <span class='ocrx_word' id='word_1_553' title='bbox 616 4436 767 4497; x_wconf 86' lang='lat' dir='ltr'><strong>pater</strong></span> <span class='ocrx_word' id='word_1_554' title='bbox 794 4437 848 4483; x_wconf 87' lang='lat' dir='ltr'><strong>et</strong></span> <span class='ocrx_word' id='word_1_555' title='bbox 874 4427 1035 4482; x_wconf 90' lang='lat' dir='ltr'><strong>ﬁlius.</strong></span> <span class='ocrx_word' id='word_1_556' title='bbox 1063 4425 1375 4484; x_wconf 88' lang='lat' dir='ltr'><strong>Substaotia</strong></span> <span class='ocrx_word' id='word_1_557' title='bbox 1401 4426 1559 4497; x_wconf 86' lang='lat' dir='ltr'><strong>igitur</strong></span> <span class='ocrx_word' id='word_1_558' title='bbox 1588 4425 1785 4480; x_wconf 86' lang='lat' dir='ltr'><strong>ubi?ln</strong></span> 
     </span>
    </p>
   </div>
   <div class='ocr_carea' id='block_1_63' title="bbox 178 4517 1780 4593">
    <p class='ocr_par' dir='ltr' id='par_1_63' title="bbox 178 4517 1780 4593">
     <span class='ocr_line' id='line_1_63' title="bbox 178 4517 1780 4593; baseline -0.003 -17"><span class='ocrx_word' id='word_1_559' title='bbox 178 4538 292 4591; x_wconf 89' lang='lat' dir='ltr'><strong>qua</strong></span> <span class='ocrx_word' id='word_1_560' title='bbox 320 4524 460 4578; x_wconf 91' lang='lat' dir='ltr'><strong>actio</strong></span> <span class='ocrx_word' id='word_1_561' title='bbox 490 4523 625 4593; x_wconf 86' lang='lat' dir='ltr'><strong>ipsa.</strong></span> <span class='ocrx_word' id='word_1_562' title='bbox 646 4521 922 4592; x_wconf 81' lang='lat' dir='ltr'><strong>magisque</strong></span> <span class='ocrx_word' id='word_1_563' title='bbox 938 4520 1008 4576; x_wconf 90' lang='lat' dir='ltr'><strong>sit</strong></span> <span class='ocrx_word' id='word_1_564' title='bbox 1036 4520 1199 4583; x_wconf 88' lang='lat' dir='ltr'><strong>actio,</strong></span> <span class='ocrx_word' id='word_1_565' title='bbox 1218 4533 1340 4590; x_wconf 75' lang='lat' dir='ltr'><strong>qua:</strong></span> <span class='ocrx_word' id='word_1_566' title='bbox 1362 4525 1444 4573; x_wconf 90' lang='lat' dir='ltr'><strong>est</strong></span> <span class='ocrx_word' id='word_1_567' title='bbox 1460 4517 1780 4583; x_wconf 87' lang='lat' dir='ltr'><strong>substantia,</strong></span> 
     </span>
    </p>
   </div>
   <div class='ocr_carea' id='block_1_64' title="bbox 179 4607 1783 4689">
    <p class='ocr_par' dir='ltr' id='par_1_64' title="bbox 179 4607 1783 4689">
     <span class='ocr_line' id='line_1_64' title="bbox 179 4607 1783 4689; baseline -0.005 -19"><span class='ocrx_word' id='word_1_568' title='bbox 179 4612 459 4689; x_wconf 75' lang='grc' dir='ltr'>όμοούσιον</span> <span class='ocrx_word' id='word_1_569' title='bbox 506 4628 657 4686; x_wconf 91' lang='lat' dir='ltr'><strong>ergo.</strong></span> <span class='ocrx_word' id='word_1_570' title='bbox 691 4612 830 4669; x_wconf 89' lang='lat' dir='ltr'><strong>Dicit</strong></span> <span class='ocrx_word' id='word_1_571' title='bbox 854 4613 1050 4667; x_wconf 84' lang='lat' dir='ltr'><strong>Paulus</strong></span> <span class='ocrx_word' id='word_1_572' title='bbox 1071 4620 1126 4667; x_wconf 89' lang='lat' dir='ltr'><strong>et</strong></span> <span class='ocrx_word' id='word_1_573' title='bbox 1176 4609 1279 4665; x_wconf 90' lang='lat' dir='ltr'><strong>hoc</strong></span> <span class='ocrx_word' id='word_1_574' title='bbox 1317 4609 1363 4680; x_wconf 87' lang='grc' dir='ltr'><strong>(Ι</strong></span> <span class='ocrx_word' id='word_1_575' title='bbox 1388 4607 1509 4683; x_wconf 78' lang='lat' dir='ltr'><strong>cor.</strong></span> <span class='ocrx_word' id='word_1_576' title='bbox 1544 4624 1638 4674; x_wconf 89' lang='lat' dir='ltr'><strong>xv,</strong></span> <span class='ocrx_word' id='word_1_577' title='bbox 1664 4608 1783 4679; x_wconf 72' lang='lat' dir='ltr'><strong>2t),</strong></span> 
     </span>
    </p>
   </div>
   <div class='ocr_carea' id='block_1_65' title="bbox 177 4702 1785 4780">
    <p class='ocr_par' dir='ltr' id='par_1_65' title="bbox 177 4702 1785 4780">
     <span class='ocr_line' id='line_1_65' title="bbox 177 4702 1785 4780; baseline -0.003 -18"><span class='ocrx_word' id='word_1_578' title='bbox 177 4722 299 4763; x_wconf 87' lang='lat' dir='ltr'><strong>cum</strong></span> <span class='ocrx_word' id='word_1_579' title='bbox 343 4709 609 4763; x_wconf 82' lang='lat' dir='ltr'><strong>tradiderit</strong></span> <span class='ocrx_word' id='word_1_580' title='bbox 644 4724 857 4780; x_wconf 86' lang='lat' dir='ltr'><strong>regnum</strong></span> <span class='ocrx_word' id='word_1_581' title='bbox 885 4706 995 4760; x_wconf 87' lang='lat' dir='ltr'><strong>Deo</strong></span> <span class='ocrx_word' id='word_1_582' title='bbox 1025 4714 1070 4759; x_wconf 89' lang='lat' dir='ltr'><strong>et</strong></span> <span class='ocrx_word' id='word_1_583' title='bbox 1099 4704 1270 4759; x_wconf 85' lang='lat' dir='ltr'><strong>Patri.</strong></span> <span class='ocrx_word' id='word_1_584' title='bbox 1302 4702 1421 4775; x_wconf 88' lang='lat' dir='ltr'><strong>Ipse</strong></span> <span class='ocrx_word' id='word_1_585' title='bbox 1452 4703 1614 4774; x_wconf 86' lang='lat' dir='ltr'><strong>igitur</strong></span> <span class='ocrx_word' id='word_1_586' title='bbox 1644 4715 1785 4757; x_wconf 89' lang='lat' dir='ltr'><strong>nunc</strong></span> 
     </span>
    </p>
   </div>
   <div class='ocr_carea' id='block_1_66' title="bbox 177 4793 1785 4870">
    <p class='ocr_par' dir='ltr' id='par_1_66' title="bbox 177 4793 1785 4870">
     <span class='ocr_line' id='line_1_66' title="bbox 177 4793 1785 4870; baseline -0.005 -15"><span class='ocrx_word' id='word_1_587' title='bbox 177 4808 412 4870; x_wconf 82' lang='lat' dir='ltr'><strong>regnat,</strong></span> <span class='ocrx_word' id='word_1_588' title='bbox 464 4809 518 4855; x_wconf 90' lang='lat' dir='ltr'><strong>ct</strong></span> <span class='ocrx_word' id='word_1_589' title='bbox 553 4798 1173 4869; x_wconf 53' lang='lat' dir='ltr'><strong>secundnm‘propriam</strong></span> <span class='ocrx_word' id='word_1_590' title='bbox 1226 4796 1491 4851; x_wconf 90' lang='lat' dir='ltr'><strong>actionem</strong></span> <span class='ocrx_word' id='word_1_591' title='bbox 1539 4793 1785 4850; x_wconf 82' lang='lat' dir='ltr'><strong>Christus</strong></span> 
     </span>
    </p>
   </div>
   <div class='ocr_carea' id='block_1_67' title="bbox 176 4889 1785 4965">
    <p class='ocr_par' dir='ltr' id='par_1_67' title="bbox 176 4889 1785 4965">
     <span class='ocr_line' id='line_1_67' title="bbox 176 4889 1785 4965; baseline -0.006 -15"><span class='ocrx_word' id='word_1_592' title='bbox 176 4895 402 4965; x_wconf 76' lang='lat' dir='ltr'><strong>Subjicit</strong></span> <span class='ocrx_word' id='word_1_593' title='bbox 430 4893 611 4948; x_wconf 89' lang='lat' dir='ltr'><strong>omnia</strong></span> <span class='ocrx_word' id='word_1_594' title='bbox 632 4935 647 4957; x_wconf 87' lang='lat'><strong>,</strong></span> <span class='ocrx_word' id='word_1_595' title='bbox 678 4902 733 4948; x_wconf 88' lang='lat' dir='ltr'><strong>et</strong></span> <span class='ocrx_word' id='word_1_596' title='bbox 763 4890 1069 4947; x_wconf 70' lang='lat' dir='ltr'><strong>inimicitias</strong></span> <span class='ocrx_word' id='word_1_597' title='bbox 1093 4932 1106 4954; x_wconf 88' lang='lat'><strong>,</strong></span> <span class='ocrx_word' id='word_1_598' title='bbox 1138 4898 1192 4946; x_wconf 88' lang='lat' dir='ltr'><strong>et</strong></span> <span class='ocrx_word' id='word_1_599' title='bbox 1221 4889 1392 4961; x_wconf 88' lang='lat' dir='ltr'><strong>ipsam</strong></span> <span class='ocrx_word' id='word_1_600' title='bbox 1436 4897 1663 4942; x_wconf 85' lang='lat' dir='ltr'><strong>mortem</strong></span> <span class='ocrx_word' id='word_1_601' title='bbox 1690 4902 1785 4941; x_wconf 81' lang='lat' dir='ltr'><strong>ex-</strong></span> 
     </span>
    </p>
   </div>
   <div class='ocr_carea' id='block_1_68' title="bbox 178 4981 1782 5056">
    <p class='ocr_par' dir='ltr' id='par_1_68' title="bbox 178 4981 1782 5056">
     <span class='ocr_line' id='line_1_68' title="bbox 178 4981 1782 5056; baseline -0.005 -14"><span class='ocrx_word' id='word_1_602' title='bbox 178 4985 440 5042; x_wconf 84' lang='lat' dir='ltr'><strong>terminat</strong></span> <span class='ocrx_word' id='word_1_603' title='bbox 470 5004 483 5039; x_wconf 92' lang='lat'><strong>:</strong></span> <span class='ocrx_word' id='word_1_604' title='bbox 514 4988 627 5056; x_wconf 90' lang='lat' dir='ltr'><strong>ipse</strong></span> <span class='ocrx_word' id='word_1_605' title='bbox 674 4986 834 5056; x_wconf 84' lang='lat' dir='ltr'><strong>igitur</strong></span> <span class='ocrx_word' id='word_1_606' title='bbox 876 4984 1124 5056; x_wconf 86' lang='lat' dir='ltr'><strong>subjicit.</strong></span> <span class='ocrx_word' id='word_1_607' title='bbox 1162 4983 1320 5039; x_wconf 88' lang='lat' dir='ltr'><strong>sicuti</strong></span> <span class='ocrx_word' id='word_1_608' title='bbox 1352 4982 1504 5038; x_wconf 88' lang='lat' dir='ltr'><strong>.dicit</strong></span> <span class='ocrx_word' id='word_1_609' title='bbox 1541 4981 1740 5036; x_wconf 81' lang='lat' dir='ltr'><strong>Paulus</strong></span> <span class='ocrx_word' id='word_1_610' title='bbox 1767 5022 1782 5046; x_wconf 92' lang='lat'><strong>,</strong></span> 
     </span>
    </p>
   </div>
   <div class='ocr_carea' id='block_1_69' title="bbox 176 5074 1782 5150">
    <p class='ocr_par' dir='ltr' id='par_1_69' title="bbox 176 5074 1782 5150">
     <span class='ocr_line' id='line_1_69' title="bbox 176 5074 1782 5150; baseline -0.004 -15"><span class='ocrx_word' id='word_1_611' title='bbox 176 5092 305 5135; x_wconf 80' lang='lat' dir='ltr'><strong>Cum</strong></span> <span class='ocrx_word' id='word_1_612' title='bbox 335 5080 645 5134; x_wconf 82' lang='lat' dir='ltr'><strong>evacuaverit</strong></span> <span class='ocrx_word' id='word_1_613' title='bbox 672 5096 869 5135; x_wconf 87' lang='lat' dir='ltr'><strong>onmem</strong></span> <span class='ocrx_word' id='word_1_614' title='bbox 892 5078 1192 5150; x_wconf 86' lang='lat' dir='ltr'><strong>potentiam.</strong></span> <span class='ocrx_word' id='word_1_615' title='bbox 1212 5075 1303 5133; x_wconf 91' lang='lat' dir='ltr'><strong>Sic</strong></span> <span class='ocrx_word' id='word_1_616' title='bbox 1330 5075 1459 5131; x_wconf 90' lang='lat' dir='ltr'><strong>dicit</strong></span> <span class='ocrx_word' id='word_1_617' title='bbox 1479 5074 1620 5146; x_wconf 91' lang='lat' dir='ltr'><strong>quod</strong></span> <span class='ocrx_word' id='word_1_618' title='bbox 1642 5074 1782 5128; x_wconf 89' lang='lat' dir='ltr'><strong>ﬁlius</strong></span> 
     </span>
    </p>
   </div>
   <div class='ocr_carea' id='block_1_70' title="bbox 178 5164 1780 5243">
    <p class='ocr_par' dir='ltr' id='par_1_70' title="bbox 178 5164 1780 5243">
     <span class='ocr_line' id='line_1_70' title="bbox 178 5164 1780 5243; baseline -0.002 -17"><span class='ocrx_word' id='word_1_619' title='bbox 178 5173 410 5243; x_wconf 81' lang='lat' dir='ltr'><strong>propria</strong></span> <span class='ocrx_word' id='word_1_620' title='bbox 439 5173 632 5227; x_wconf 82' lang='lat' dir='ltr'><strong>virtme</strong></span> <span class='ocrx_word' id='word_1_621' title='bbox 664 5170 789 5226; x_wconf 78' lang='lat' dir='ltr'><strong>facit</strong></span> <span class='ocrx_word' id='word_1_622' title='bbox 824 5173 947 5226; x_wconf 79' lang='lat' dir='ltr'><strong>i5ta.</strong></span> <span class='ocrx_word' id='word_1_623' title='bbox 970 5170 1171 5240; x_wconf 83' lang='lat' dir='ltr'><strong>Adjicit</strong></span> <span class='ocrx_word' id='word_1_624' title='bbox 1202 5177 1256 5225; x_wconf 89' lang='lat' dir='ltr'><strong>et</strong></span> <span class='ocrx_word' id='word_1_625' title='bbox 1285 5167 1426 5223; x_wconf 90' lang='lat' dir='ltr'><strong>istud</strong></span> <span class='ocrx_word' id='word_1_626' title='bbox 1457 5165 1619 5240; x_wconf 85' lang='lat' dir='ltr'><strong>(Ibid.</strong></span> <span class='ocrx_word' id='word_1_627' title='bbox 1648 5164 1780 5237; x_wconf 84' lang='lat'><strong>25):</strong></span> 
     </span>
    </p>
   </div>
   <div class='ocr_carea' id='block_1_71' title="bbox 179 5259 1783 5336">
    <p class='ocr_par' dir='ltr' id='par_1_71' title="bbox 179 5259 1783 5336">
     <span class='ocr_line' id='line_1_71' title="bbox 179 5259 1783 5336; baseline -0.006 -15"><span class='ocrx_word' id='word_1_628' title='bbox 179 5264 406 5336; x_wconf 85' lang='lat' dir='ltr'><strong>Oportet</strong></span> <span class='ocrx_word' id='word_1_629' title='bbox 448 5266 581 5319; x_wconf 89' lang='lat' dir='ltr'><strong>enim</strong></span> <span class='ocrx_word' id='word_1_630' title='bbox 624 5263 772 5318; x_wconf 84' lang='lat' dir='ltr'><strong>illum</strong></span> <span class='ocrx_word' id='word_1_631' title='bbox 804 5278 1052 5336; x_wconf 43' lang='lat' dir='ltr'><strong>.regnare.</strong></span> <span class='ocrx_word' id='word_1_632' title='bbox 1099 5262 1241 5318; x_wconf 90' lang='lat' dir='ltr'><strong>Deus</strong></span> <span class='ocrx_word' id='word_1_633' title='bbox 1268 5259 1484 5331; x_wconf 87' lang='lat' dir='ltr'><strong>quidem</strong></span> <span class='ocrx_word' id='word_1_634' title='bbox 1528 5274 1624 5313; x_wconf 86' lang='lat' dir='ltr'><strong>rex</strong></span> <span class='ocrx_word' id='word_1_635' title='bbox 1661 5272 1783 5312; x_wconf 92' lang='lat' dir='ltr'><strong>om-</strong></span> 
     </span>
    </p>
   </div>
   <div class='ocr_carea' id='block_1_72' title="bbox 174 5348 1786 5429">
    <p class='ocr_par' dir='ltr' id='par_1_72' title="bbox 174 5348 1786 5429">
     <span class='ocr_line' id='line_1_72' title="bbox 174 5348 1786 5429; baseline -0.007 -16"><span class='ocrx_word' id='word_1_636' title='bbox 174 5356 503 5413; x_wconf 78' lang='lat' dir='ltr'><strong>niumzsed</strong></span> <span class='ocrx_word' id='word_1_637' title='bbox 551 5357 799 5427; x_wconf 86' lang='lat' dir='ltr'><strong>quoniam</strong></span> <span class='ocrx_word' id='word_1_638' title='bbox 849 5352 1115 5429; x_wconf 77' lang='grc' dir='ltr'>όμοούσιος</span> <span class='ocrx_word' id='word_1_639' title='bbox 1168 5363 1223 5410; x_wconf 88' lang='grc' dir='ltr'><strong>ει</strong></span> <span class='ocrx_word' id='word_1_640' title='bbox 1283 5351 1458 5415; x_wconf 85' lang='lat' dir='ltr'><strong>illius,</strong></span> <span class='ocrx_word' id='word_1_641' title='bbox 1510 5359 1564 5405; x_wconf 90' lang='lat' dir='ltr'><strong>et</strong></span> <span class='ocrx_word' id='word_1_642' title='bbox 1615 5348 1786 5419; x_wconf 86' lang='lat' dir='ltr'><strong>magis</strong></span> 
     </span>
    </p>
   </div>
   <div class='ocr_carea' id='block_1_73' title="bbox 170 5445 1787 5525">
    <p class='ocr_par' dir='ltr' id='par_1_73' title="bbox 170 5445 1787 5525">
     <span class='ocr_line' id='line_1_73' title="bbox 170 5445 1787 5525; baseline -0.007 -17"><span class='ocrx_word' id='word_1_643' title='bbox 170 5450 358 5525; x_wconf 72' lang='grc' dir='ltr'>λόγος,</span> <span class='ocrx_word' id='word_1_644' title='bbox 390 5450 491 5504; x_wconf 89' lang='lat' dir='ltr'><strong>hoc</strong></span> <span class='ocrx_word' id='word_1_645' title='bbox 515 5457 617 5515; x_wconf 90' lang='lat' dir='ltr'><strong>cst,</strong></span> <span class='ocrx_word' id='word_1_646' title='bbox 649 5449 887 5519; x_wconf 89' lang='lat' dir='ltr'><strong>potentia</strong></span> <span class='ocrx_word' id='word_1_647' title='bbox 910 5455 964 5503; x_wconf 89' lang='lat' dir='ltr'><strong>et</strong></span> <span class='ocrx_word' id='word_1_648' title='bbox 988 5448 1252 5519; x_wconf 88' lang='lat' dir='ltr'><strong>sapientia</strong></span> <span class='ocrx_word' id='word_1_649' title='bbox 1287 5445 1416 5511; x_wconf 90' lang='lat' dir='ltr'><strong>Dei;</strong></span> <span class='ocrx_word' id='word_1_650' title='bbox 1448 5457 1673 5499; x_wconf 89' lang='lat' dir='ltr'><strong>necesse</strong></span> <span class='ocrx_word' id='word_1_651' title='bbox 1703 5451 1787 5496; x_wconf 89' lang='lat' dir='ltr'><strong>est</strong></span> 
     </span>
    </p>
   </div>
   <div class='ocr_carea' id='block_1_74' title="bbox 172 5534 1786 5614">
    <p class='ocr_par' dir='ltr' id='par_1_74' title="bbox 172 5534 1786 5614">
     <span class='ocr_line' id='line_1_74' title="bbox 172 5534 1786 5614; baseline -0.008 -14"><span class='ocrx_word' id='word_1_652' title='bbox 172 5558 419 5614; x_wconf 73' lang='lat' dir='ltr'><strong>regnare</strong></span> <span class='ocrx_word' id='word_1_653' title='bbox 457 5543 686 5612; x_wconf 85' lang='lat' dir='ltr'><strong>primum</strong></span> <span class='ocrx_word' id='word_1_654' title='bbox 716 5538 1071 5611; x_wconf 87' lang='lat' dir='ltr'><strong>sapientiam,</strong></span> <span class='ocrx_word' id='word_1_655' title='bbox 1105 5554 1201 5609; x_wconf 87' lang='lat' dir='ltr'><strong>per</strong></span> <span class='ocrx_word' id='word_1_656' title='bbox 1229 5552 1388 5608; x_wconf 88' lang='lat' dir='ltr'><strong>quam</strong></span> <span class='ocrx_word' id='word_1_657' title='bbox 1430 5534 1786 5605; x_wconf 89' lang='lat' dir='ltr'><strong>subjicientur</strong></span> 
     </span>
    </p>
   </div>
   <div class='ocr_carea' id='block_1_75' title="bbox 169 5627 1786 5711">
    <p class='ocr_par' dir='ltr' id='par_1_75' title="bbox 169 5627 1786 5711">
     <span class='ocr_line' id='line_1_75' title="bbox 169 5627 1786 5711; baseline -0.009 -18"><span class='ocrx_word' id='word_1_658' title='bbox 169 5636 403 5698; x_wconf 77' lang='lat' dir='ltr'><strong>omnia;</strong></span> <span class='ocrx_word' id='word_1_659' title='bbox 426 5634 557 5711; x_wconf 71' lang='grc' dir='ltr'>λόγῳ</span> <span class='ocrx_word' id='word_1_660' title='bbox 580 5631 721 5687; x_wconf 86' lang='lat' dir='ltr'><strong>enim</strong></span> <span class='ocrx_word' id='word_1_661' title='bbox 748 5640 799 5686; x_wconf 93' lang='lat' dir='ltr'><strong>ct</strong></span> <span class='ocrx_word' id='word_1_662' title='bbox 833 5630 1166 5698; x_wconf 86' lang='lat' dir='ltr'><strong>subsistunt,</strong></span> <span class='ocrx_word' id='word_1_663' title='bbox 1208 5637 1262 5685; x_wconf 91' lang='lat' dir='ltr'><strong>et</strong></span> <span class='ocrx_word' id='word_1_664' title='bbox 1292 5627 1646 5698; x_wconf 86' lang='lat' dir='ltr'><strong>subjicientur</strong></span> <span class='ocrx_word' id='word_1_665' title='bbox 1666 5640 1786 5681; x_wconf 85' lang='lat' dir='ltr'><strong>om-</strong></span> 
     </span>
    </p>
   </div>
   <div class='ocr_carea' id='block_1_76' title="bbox 1890 1786 3482 1858">
    <p class='ocr_par' dir='ltr' id='par_1_76' title="bbox 1890 1786 3482 1858">
     <span class='ocr_line' id='line_1_76' title="bbox 1890 1786 3482 1858; baseline 0.003 -16"><span class='ocrx_word' id='word_1_666' title='bbox 1890 1786 2030 1842; x_wconf 91' lang='lat' dir='ltr'><strong>Dicit</strong></span> <span class='ocrx_word' id='word_1_667' title='bbox 2056 1800 2208 1857; x_wconf 88' lang='lat' dir='ltr'><strong>ergo,</strong></span> <span class='ocrx_word' id='word_1_668' title='bbox 2227 1803 2344 1840; x_wconf 88' lang='lat' dir='ltr'><strong>cum</strong></span> <span class='ocrx_word' id='word_1_669' title='bbox 2371 1786 2638 1842; x_wconf 85' lang='lat' dir='ltr'><strong>tradiderit</strong></span> <span class='ocrx_word' id='word_1_670' title='bbox 2659 1803 2875 1858; x_wconf 82' lang='lat' dir='ltr'><strong>regnum</strong></span> <span class='ocrx_word' id='word_1_671' title='bbox 2894 1788 3005 1844; x_wconf 87' lang='lat' dir='ltr'><strong>Deo</strong></span> <span class='ocrx_word' id='word_1_672' title='bbox 3027 1798 3073 1844; x_wconf 89' lang='lat' dir='ltr'><strong>et</strong></span> <span class='ocrx_word' id='word_1_673' title='bbox 3104 1790 3260 1857; x_wconf 84' lang='lat' dir='ltr'><strong>patri,</strong></span> <span class='ocrx_word' id='word_1_674' title='bbox 3290 1803 3482 1846; x_wconf 89' lang='lat' dir='ltr'><strong>neces-</strong></span> 
     </span>
    </p>
   </div>
   <div class='ocr_carea' id='block_1_77' title="bbox 1888 1876 3487 1951">
    <p class='ocr_par' dir='ltr' id='par_1_77' title="bbox 1888 1876 3487 1951">
     <span class='ocr_line' id='line_1_77' title="bbox 1888 1876 3487 1951; baseline 0.002 -20"><span class='ocrx_word' id='word_1_675' title='bbox 1888 1876 2238 1943; x_wconf 67' lang='lat' dir='ltr'><strong>sarioﬁlius;</strong></span> <span class='ocrx_word' id='word_1_676' title='bbox 2268 1884 2319 1931; x_wconf 84' lang='lat' dir='ltr'><strong>et</strong></span> <span class='ocrx_word' id='word_1_677' title='bbox 2341 1893 2458 1931; x_wconf 88' lang='lat' dir='ltr'><strong>cum</strong></span> <span class='ocrx_word' id='word_1_678' title='bbox 2482 1879 2802 1934; x_wconf 78' lang='lat' dir='ltr'><strong>evacuatterit</strong></span> <span class='ocrx_word' id='word_1_679' title='bbox 2830 1894 3028 1935; x_wconf 80' lang='lat' dir='ltr'><strong>carnem</strong></span> <span class='ocrx_word' id='word_1_680' title='bbox 3055 1881 3403 1951; x_wconf 84' lang='lat' dir='ltr'><strong>principatum</strong></span> <span class='ocrx_word' id='word_1_681' title='bbox 3440 1888 3487 1935; x_wconf 90' lang='lat' dir='ltr'><strong>et</strong></span> 
     </span>
    </p>
   </div>
   <div class='ocr_carea' id='block_1_78' title="bbox 1890 1968 3485 2045">
    <p class='ocr_par' dir='ltr' id='par_1_78' title="bbox 1890 1968 3485 2045">
     <span class='ocr_line' id='line_1_78' title="bbox 1890 1968 3485 2045; baseline 0.003 -23"><span class='ocrx_word' id='word_1_682' title='bbox 1890 1969 2188 2038; x_wconf 83' lang='lat' dir='ltr'><strong>potentiam,</strong></span> <span class='ocrx_word' id='word_1_683' title='bbox 2218 1970 2531 2024; x_wconf 89' lang='lat' dir='ltr'><strong>necessario</strong></span> <span class='ocrx_word' id='word_1_684' title='bbox 2559 1968 2720 2025; x_wconf 88' lang='lat' dir='ltr'><strong>ﬁlius.</strong></span> <span class='ocrx_word' id='word_1_685' title='bbox 2758 1971 2893 2026; x_wconf 91' lang='lat' dir='ltr'><strong>Dicit</strong></span> <span class='ocrx_word' id='word_1_686' title='bbox 2936 1987 3121 2028; x_wconf 87' lang='lat' dir='ltr'><strong>rursus</strong></span> <span class='ocrx_word' id='word_1_687' title='bbox 3154 1970 3322 2045; x_wconf 84' lang='lat' dir='ltr'><strong>(Ibid.</strong></span> <span class='ocrx_word' id='word_1_688' title='bbox 3351 1971 3446 2044; x_wconf 84' lang='lat'><strong>27)</strong></span> <span class='ocrx_word' id='word_1_689' title='bbox 3471 1989 3485 2027; x_wconf 95' lang='lat'><strong>:</strong></span> 
     </span>
    </p>
   </div>
   <div class='ocr_carea' id='block_1_79' title="bbox 1889 2058 3491 2137">
    <p class='ocr_par' dir='ltr' id='par_1_79' title="bbox 1889 2058 3491 2137">
     <span class='ocr_line' id='line_1_79' title="bbox 1889 2058 3491 2137; baseline 0.003 -22"><span class='ocrx_word' id='word_1_690' title='bbox 1889 2058 2020 2116; x_wconf 87' lang='lat' dir='ltr'><strong>Cum</strong></span> <span class='ocrx_word' id='word_1_691' title='bbox 2040 2070 2209 2115; x_wconf 87' lang='lat' dir='ltr'><strong>autem</strong></span> <span class='ocrx_word' id='word_1_692' title='bbox 2243 2061 2416 2115; x_wconf 88' lang='lat' dir='ltr'><strong>omnia</strong></span> <span class='ocrx_word' id='word_1_693' title='bbox 2449 2062 2679 2135; x_wconf 85' lang='lat' dir='ltr'><strong>subjecta</strong></span> <span class='ocrx_word' id='word_1_694' title='bbox 2716 2072 2851 2130; x_wconf 88' lang='lat' dir='ltr'><strong>sunt,</strong></span> <span class='ocrx_word' id='word_1_695' title='bbox 2871 2066 3196 2137; x_wconf 78' lang='lat' dir='ltr'><strong>manifestum</strong></span> <span class='ocrx_word' id='word_1_696' title='bbox 3222 2067 3361 2137; x_wconf 90' lang='lat' dir='ltr'><strong>quod</strong></span> <span class='ocrx_word' id='word_1_697' title='bbox 3399 2081 3491 2120; x_wconf 83' lang='lat' dir='ltr'><strong>ea:-</strong></span> 
     </span>
    </p>
   </div>
   <div class='ocr_carea' id='block_1_80' title="bbox 1889 2151 3490 2227">
    <p class='ocr_par' dir='ltr' id='par_1_80' title="bbox 1889 2151 3490 2227">
     <span class='ocr_line' id='line_1_80' title="bbox 1889 2151 3490 2227; baseline 0.006 -24"><span class='ocrx_word' id='word_1_698' title='bbox 1889 2159 1968 2205; x_wconf 89' lang='lat' dir='ltr'><strong>tra</strong></span> <span class='ocrx_word' id='word_1_699' title='bbox 2003 2152 2174 2220; x_wconf 86' lang='lat' dir='ltr'><strong>ipsum</strong></span> <span class='ocrx_word' id='word_1_700' title='bbox 2208 2152 2296 2222; x_wconf 87' lang='lat' dir='ltr'><strong>qui</strong></span> <span class='ocrx_word' id='word_1_701' title='bbox 2338 2151 2545 2225; x_wconf 82' lang='lat' dir='ltr'><strong>subjicit</strong></span> <span class='ocrx_word' id='word_1_702' title='bbox 2572 2155 2671 2223; x_wconf 83' lang='lat' dir='ltr'><strong>ipsi</strong></span> <span class='ocrx_word' id='word_1_703' title='bbox 2699 2156 3038 2212; x_wconf 79' lang='lat' dir='ltr'><strong>omniatnon</strong></span> <span class='ocrx_word' id='word_1_704' title='bbox 3085 2171 3247 2227; x_wconf 77' lang='lat' dir='ltr'><strong>parva</strong></span> <span class='ocrx_word' id='word_1_705' title='bbox 3289 2157 3490 2213; x_wconf 89' lang='lat' dir='ltr'><strong>intelli-</strong></span> 
     </span>
    </p>
   </div>
   <div class='ocr_carea' id='block_1_81' title="bbox 1885 2252 2066 2322">
    <p class='ocr_par' dir='ltr' id='par_1_81' title="bbox 1885 2252 2066 2322">
     <span class='ocr_line' id='line_1_81' title="bbox 1885 2252 2066 2322; baseline 0 -15"><span class='ocrx_word' id='word_1_706' title='bbox 1885 2252 2066 2322; x_wconf 87' lang='lat' dir='ltr'><strong>gentia</strong></span> 
     </span>
    </p>
   </div>
   <div class='ocr_carea' id='block_1_82' title="bbox 1959 2386 3489 2457">
    <p class='ocr_par' dir='ltr' id='par_1_82' title="bbox 1959 2386 3489 2457">
     <span class='ocr_line' id='line_1_82' title="bbox 1959 2386 3489 2457; baseline 0.001 -14"><span class='ocrx_word' id='word_1_707' title='bbox 1959 2386 2207 2444; x_wconf 80' lang='lat' dir='ltr'><strong>XXXIX.</strong></span> <span class='ocrx_word' id='word_1_708' title='bbox 2240 2387 2348 2445; x_wconf 88' lang='lat' dir='ltr'><strong>Sed</strong></span> <span class='ocrx_word' id='word_1_709' title='bbox 2390 2403 2532 2444; x_wconf 88' lang='lat' dir='ltr'><strong>uunc</strong></span> <span class='ocrx_word' id='word_1_710' title='bbox 2559 2387 2910 2445; x_wconf 88' lang='lat' dir='ltr'><strong>dimittamus.</strong></span> <span class='ocrx_word' id='word_1_711' title='bbox 2948 2388 3087 2457; x_wconf 85' lang='lat' dir='ltr'><strong>Quid</strong></span> <span class='ocrx_word' id='word_1_712' title='bbox 3127 2389 3237 2444; x_wconf 89' lang='lat' dir='ltr'><strong>vult</strong></span> <span class='ocrx_word' id='word_1_713' title='bbox 3268 2403 3365 2444; x_wconf 88' lang='lat' dir='ltr'><strong>nos</strong></span> <span class='ocrx_word' id='word_1_714' title='bbox 3404 2390 3489 2445; x_wconf 81' lang='lat' dir='ltr'><strong>in-</strong></span> 
     </span>
    </p>
   </div>
   <div class='ocr_carea' id='block_1_83' title="bbox 1890 2480 3491 2554">
    <p class='ocr_par' dir='ltr' id='par_1_83' title="bbox 1890 2480 3491 2554">
     <span class='ocr_line' id='line_1_83' title="bbox 1890 2480 3491 2554; baseline 0.003 -19"><span class='ocrx_word' id='word_1_715' title='bbox 1890 2480 2147 2552; x_wconf 88' lang='lat' dir='ltr'><strong>telligere,</strong></span> <span class='ocrx_word' id='word_1_716' title='bbox 2177 2482 2319 2553; x_wconf 90' lang='lat' dir='ltr'><strong>quod</strong></span> <span class='ocrx_word' id='word_1_717' title='bbox 2364 2480 2505 2537; x_wconf 90' lang='lat' dir='ltr'><strong>Deus</strong></span> <span class='ocrx_word' id='word_1_718' title='bbox 2533 2496 2698 2537; x_wconf 88' lang='lat' dir='ltr'><strong>causa</strong></span> <span class='ocrx_word' id='word_1_719' title='bbox 2742 2481 2831 2552; x_wconf 91' lang='lat' dir='ltr'><strong>qui</strong></span> <span class='ocrx_word' id='word_1_720' title='bbox 2861 2482 2950 2546; x_wconf 92' lang='lat' dir='ltr'><strong>sit,</strong></span> <span class='ocrx_word' id='word_1_721' title='bbox 2982 2492 3037 2538; x_wconf 90' lang='lat' dir='ltr'><strong>et</strong></span> <span class='ocrx_word' id='word_1_722' title='bbox 3082 2492 3407 2554; x_wconf 72' lang='lat' dir='ltr'><strong>praepotens,</strong></span> <span class='ocrx_word' id='word_1_723' title='bbox 3434 2492 3491 2540; x_wconf 86' lang='lat' dir='ltr'><strong>et</strong></span> 
     </span>
    </p>
   </div>
   <div class='ocr_carea' id='block_1_84' title="bbox 1888 2572 3491 2645">
    <p class='ocr_par' dir='ltr' id='par_1_84' title="bbox 1888 2572 3491 2645">
     <span class='ocr_line' id='line_1_84' title="bbox 1888 2572 3491 2645; baseline 0.004 -19"><span class='ocrx_word' id='word_1_724' title='bbox 1888 2572 2322 2644; x_wconf 67' lang='lat' dir='ltr'><strong>praeprincipium</strong></span> <span class='ocrx_word' id='word_1_725' title='bbox 2354 2573 2640 2645; x_wconf 65' lang='lat' dir='ltr'><strong>potentiae,</strong></span> <span class='ocrx_word' id='word_1_726' title='bbox 2673 2574 2788 2644; x_wconf 90' lang='lat' dir='ltr'><strong>ipsc</strong></span> <span class='ocrx_word' id='word_1_727' title='bbox 2811 2574 2936 2630; x_wconf 81' lang='lat' dir='ltr'><strong>fecit</strong></span> <span class='ocrx_word' id='word_1_728' title='bbox 2961 2577 3163 2642; x_wconf 88' lang='lat' dir='ltr'><strong>omnia,</strong></span> <span class='ocrx_word' id='word_1_729' title='bbox 3196 2592 3318 2632; x_wconf 84' lang='lat' dir='ltr'><strong>cum</strong></span> <span class='ocrx_word' id='word_1_730' title='bbox 3347 2576 3491 2634; x_wconf 90' lang='lat' dir='ltr'><strong>ﬁlius</strong></span> 
     </span>
    </p>
   </div>
   <div class='ocr_carea' id='block_1_85' title="bbox 1888 2661 3491 2740">
    <p class='ocr_par' dir='ltr' id='par_1_85' title="bbox 1888 2661 3491 2740">
     <span class='ocr_line' id='line_1_85' title="bbox 1888 2661 3491 2740; baseline 0.006 -23"><span class='ocrx_word' id='word_1_731' title='bbox 1888 2661 2053 2719; x_wconf 75' lang='lat' dir='ltr'><strong>facit?</strong></span> <span class='ocrx_word' id='word_1_732' title='bbox 2094 2673 2147 2719; x_wconf 90' lang='lat' dir='ltr'><strong>ct</strong></span> <span class='ocrx_word' id='word_1_733' title='bbox 2190 2665 2235 2720; x_wconf 90' lang='lat' dir='ltr'><strong>si</strong></span> <span class='ocrx_word' id='word_1_734' title='bbox 2266 2677 2416 2735; x_wconf 90' lang='lat' dir='ltr'><strong>pater</strong></span> <span class='ocrx_word' id='word_1_735' title='bbox 2457 2666 2509 2720; x_wconf 91' lang='lat' dir='ltr'><strong>in</strong></span> <span class='ocrx_word' id='word_1_736' title='bbox 2550 2665 2680 2731; x_wconf 90' lang='lat' dir='ltr'><strong>ﬁlio,</strong></span> <span class='ocrx_word' id='word_1_737' title='bbox 2725 2674 2781 2721; x_wconf 89' lang='lat' dir='ltr'><strong>et</strong></span> <span class='ocrx_word' id='word_1_738' title='bbox 2806 2665 2949 2722; x_wconf 91' lang='lat' dir='ltr'><strong>ﬁlius</strong></span> <span class='ocrx_word' id='word_1_739' title='bbox 2990 2667 3042 2721; x_wconf 92' lang='lat' dir='ltr'><strong>in</strong></span> <span class='ocrx_word' id='word_1_740' title='bbox 3092 2679 3265 2738; x_wconf 88' lang='lat' dir='ltr'><strong>patre,</strong></span> <span class='ocrx_word' id='word_1_741' title='bbox 3292 2667 3491 2740; x_wconf 90' lang='lat' dir='ltr'><strong>ipsein</strong></span> 
     </span>
    </p>
   </div>
   <div class='ocr_carea' id='block_1_86' title="bbox 1890 2752 3489 2831">
    <p class='ocr_par' dir='ltr' id='par_1_86' title="bbox 1890 2752 3489 2831">
     <span class='ocr_line' id='line_1_86' title="bbox 1890 2752 3489 2831; baseline 0.004 -24"><span class='ocrx_word' id='word_1_742' title='bbox 1890 2752 2001 2809; x_wconf 90' lang='lat' dir='ltr'><strong>ﬁlio</strong></span> <span class='ocrx_word' id='word_1_743' title='bbox 2031 2753 2180 2821; x_wconf 85' lang='lat' dir='ltr'><strong>facit,</strong></span> <span class='ocrx_word' id='word_1_744' title='bbox 2210 2769 2331 2826; x_wconf 76' lang='lat' dir='ltr'><strong>quze</strong></span> <span class='ocrx_word' id='word_1_745' title='bbox 2363 2755 2504 2811; x_wconf 87' lang='lat' dir='ltr'><strong>ﬁlius</strong></span> <span class='ocrx_word' id='word_1_746' title='bbox 2534 2757 2687 2822; x_wconf 82' lang='lat' dir='ltr'><strong>fecit;</strong></span> <span class='ocrx_word' id='word_1_747' title='bbox 2712 2765 2766 2811; x_wconf 90' lang='lat' dir='ltr'><strong>et</strong></span> <span class='ocrx_word' id='word_1_748' title='bbox 2796 2756 2976 2829; x_wconf 84' lang='lat' dir='ltr'><strong>(Joan.</strong></span> <span class='ocrx_word' id='word_1_749' title='bbox 3002 2774 3056 2823; x_wconf 77' lang='grc' dir='ltr'>ν,</span> <span class='ocrx_word' id='word_1_750' title='bbox 3088 2756 3177 2831; x_wconf 84' lang='grc'><strong>19)</strong></span> <span class='ocrx_word' id='word_1_751' title='bbox 3205 2775 3320 2829; x_wconf 81' lang='lat' dir='ltr'><strong>qua:</strong></span> <span class='ocrx_word' id='word_1_752' title='bbox 3339 2769 3489 2830; x_wconf 86' lang='lat' dir='ltr'><strong>pater</strong></span> 
     </span>
    </p>
   </div>
   <div class='ocr_carea' id='block_1_87' title="bbox 1889 2848 3490 2921">
    <p class='ocr_par' dir='ltr' id='par_1_87' title="bbox 1889 2848 3490 2921">
     <span class='ocr_line' id='line_1_87' title="bbox 1889 2848 3490 2921; baseline 0.003 -19"><span class='ocrx_word' id='word_1_753' title='bbox 1889 2849 2051 2918; x_wconf 79' lang='lat' dir='ltr'><strong>facit,</strong></span> <span class='ocrx_word' id='word_1_754' title='bbox 2089 2849 2229 2918; x_wconf 78' lang='lat' dir='ltr'><strong>ﬁlius</strong></span> <span class='ocrx_word' id='word_1_755' title='bbox 2271 2851 2399 2921; x_wconf 79' lang='lat' dir='ltr'><strong>facit</strong></span> <span class='ocrx_word' id='word_1_756' title='bbox 2439 2848 2789 2918; x_wconf 76' lang='lat' dir='ltr'><strong>indi/)‘erenter</strong></span> <span class='ocrx_word' id='word_1_757' title='bbox 2813 2865 2832 2903; x_wconf 90' lang='lat'><strong>:</strong></span> <span class='ocrx_word' id='word_1_758' title='bbox 2865 2851 3027 2921; x_wconf 84' lang='lat' dir='ltr'><strong>igitur</strong></span> <span class='ocrx_word' id='word_1_759' title='bbox 3054 2862 3147 2905; x_wconf 87' lang='lat' dir='ltr'><strong>aut</strong></span> <span class='ocrx_word' id='word_1_760' title='bbox 3187 2853 3359 2921; x_wconf 87' lang='lat' dir='ltr'><strong>patri,</strong></span> <span class='ocrx_word' id='word_1_761' title='bbox 3393 2867 3490 2909; x_wconf 85' lang='lat' dir='ltr'><strong>aut</strong></span> 
     </span>
    </p>
   </div>
   <div class='ocr_carea' id='block_1_88' title="bbox 1890 2943 3487 3018">
    <p class='ocr_par' dir='ltr' id='par_1_88' title="bbox 1890 2943 3487 3018">
     <span class='ocr_line' id='line_1_88' title="bbox 1890 2943 3487 3018; baseline 0.001 -19"><span class='ocrx_word' id='word_1_762' title='bbox 1890 2944 2001 2999; x_wconf 89' lang='lat' dir='ltr'><strong>ﬁlio</strong></span> <span class='ocrx_word' id='word_1_763' title='bbox 2029 2943 2223 2999; x_wconf 89' lang='lat' dir='ltr'><strong>dantur</strong></span> <span class='ocrx_word' id='word_1_764' title='bbox 2263 2945 2476 3010; x_wconf 90' lang='lat' dir='ltr'><strong>omnia,</strong></span> <span class='ocrx_word' id='word_1_765' title='bbox 2509 2945 2622 2999; x_wconf 88' lang='lat' dir='ltr'><strong>sive</strong></span> <span class='ocrx_word' id='word_1_766' title='bbox 2659 2945 3004 3015; x_wconf 89' lang='lat' dir='ltr'><strong>operationes</strong></span> <span class='ocrx_word' id='word_1_767' title='bbox 3028 2985 3042 3009; x_wconf 92' lang='lat'><strong>,</strong></span> <span class='ocrx_word' id='word_1_768' title='bbox 3075 2946 3191 3002; x_wconf 87' lang='lat' dir='ltr'><strong>sive</strong></span> <span class='ocrx_word' id='word_1_769' title='bbox 3233 2946 3487 3018; x_wconf 87' lang='lat' dir='ltr'><strong>requies:</strong></span> 
     </span>
    </p>
   </div>
   <div class='ocr_carea' id='block_1_89' title="bbox 1890 3034 3489 3109">
    <p class='ocr_par' dir='ltr' id='par_1_89' title="bbox 1890 3034 3489 3109">
     <span class='ocr_line' id='line_1_89' title="bbox 1890 3034 3489 3109; baseline 0.004 -20"><span class='ocrx_word' id='word_1_770' title='bbox 1890 3034 1944 3090; x_wconf 92' lang='lat' dir='ltr'><strong>in</strong></span> <span class='ocrx_word' id='word_1_771' title='bbox 1974 3036 2146 3091; x_wconf 91' lang='lat' dir='ltr'><strong>altero</strong></span> <span class='ocrx_word' id='word_1_772' title='bbox 2173 3037 2315 3091; x_wconf 91' lang='lat' dir='ltr'><strong>enim</strong></span> <span class='ocrx_word' id='word_1_773' title='bbox 2346 3035 2413 3090; x_wconf 91' lang='lat' dir='ltr'><strong>ad</strong></span> <span class='ocrx_word' id='word_1_774' title='bbox 2441 3036 2785 3102; x_wconf 89' lang='lat' dir='ltr'><strong>alterutrum,</strong></span> <span class='ocrx_word' id='word_1_775' title='bbox 2818 3044 2872 3091; x_wconf 93' lang='lat' dir='ltr'><strong>ct</strong></span> <span class='ocrx_word' id='word_1_776' title='bbox 2894 3034 3027 3091; x_wconf 90' lang='lat' dir='ltr'><strong>nihil</strong></span> <span class='ocrx_word' id='word_1_777' title='bbox 3050 3036 3281 3093; x_wconf 89' lang='lat' dir='ltr'><strong>alterum</strong></span> <span class='ocrx_word' id='word_1_778' title='bbox 3302 3079 3316 3104; x_wconf 88' lang='lat'><strong>,</strong></span> <span class='ocrx_word' id='word_1_779' title='bbox 3343 3039 3489 3109; x_wconf 88' lang='lat' dir='ltr'><strong>quod</strong></span> 
     </span>
    </p>
   </div>
   <div class='ocr_carea' id='block_1_90' title="bbox 1890 3127 3491 3199">
    <p class='ocr_par' dir='ltr' id='par_1_90' title="bbox 1890 3127 3491 3199">
     <span class='ocr_line' id='line_1_90' title="bbox 1890 3127 3491 3199; baseline 0.002 -15"><span class='ocrx_word' id='word_1_780' title='bbox 1890 3127 1943 3184; x_wconf 91' lang='lat' dir='ltr'><strong>in</strong></span> <span class='ocrx_word' id='word_1_781' title='bbox 1974 3143 2079 3183; x_wconf 89' lang='lat' dir='ltr'><strong>uno</strong></span> <span class='ocrx_word' id='word_1_782' title='bbox 2106 3128 2356 3184; x_wconf 88' lang='lat' dir='ltr'><strong>alterum.</strong></span> <span class='ocrx_word' id='word_1_783' title='bbox 2394 3128 2463 3184; x_wconf 89' lang='lat' dir='ltr'><strong>Et</strong></span> <span class='ocrx_word' id='word_1_784' title='bbox 2500 3129 2700 3185; x_wconf 91' lang='lat' dir='ltr'><strong>idcirco</strong></span> <span class='ocrx_word' id='word_1_785' title='bbox 2724 3146 2885 3185; x_wconf 90' lang='lat' dir='ltr'><strong>unum</strong></span> <span class='ocrx_word' id='word_1_786' title='bbox 2917 3130 3095 3186; x_wconf 91' lang='lat' dir='ltr'><strong>solum</strong></span> <span class='ocrx_word' id='word_1_787' title='bbox 3118 3171 3133 3199; x_wconf 94' lang='lat'><strong>,</strong></span> <span class='ocrx_word' id='word_1_788' title='bbox 3161 3139 3218 3185; x_wconf 91' lang='lat' dir='ltr'><strong>et</strong></span> <span class='ocrx_word' id='word_1_789' title='bbox 3247 3131 3382 3187; x_wconf 85' lang='lat' dir='ltr'><strong>nihil</strong></span> <span class='ocrx_word' id='word_1_790' title='bbox 3411 3132 3491 3187; x_wconf 89' lang='lat' dir='ltr'><strong>al-</strong></span> 
     </span>
    </p>
   </div>
   <div class='ocr_carea' id='block_1_91' title="bbox 1887 3206 3484 3292">
    <p class='ocr_par' dir='ltr' id='par_1_91' title="bbox 1887 3206 3484 3292">
     <span class='ocr_line' id='line_1_91' title="bbox 1887 3206 3484 3292; baseline 0.005 -20"><span class='ocrx_word' id='word_1_791' title='bbox 1887 3228 2085 3286; x_wconf 87' lang='lat' dir='ltr'><strong>terum,</strong></span> <span class='ocrx_word' id='word_1_792' title='bbox 2113 3218 2209 3276; x_wconf 92' lang='lat' dir='ltr'><strong>sed</strong></span> <span class='ocrx_word' id='word_1_793' title='bbox 2240 3219 2590 3275; x_wconf 87' lang='lat' dir='ltr'><strong>subsistentia</strong></span> <span class='ocrx_word' id='word_1_794' title='bbox 2617 3223 2834 3291; x_wconf 88' lang='lat' dir='ltr'><strong>propria</strong></span> <span class='ocrx_word' id='word_1_795' title='bbox 2856 3232 2908 3277; x_wconf 91' lang='lat' dir='ltr'><strong>et</strong></span> <span class='ocrx_word' id='word_1_796' title='bbox 2934 3232 3085 3292; x_wconf 89' lang='lat' dir='ltr'><strong>pater</strong></span> <span class='ocrx_word' id='word_1_797' title='bbox 3122 3234 3177 3279; x_wconf 91' lang='lat' dir='ltr'><strong>et</strong></span> <span class='ocrx_word' id='word_1_798' title='bbox 3208 3206 3350 3278; x_wconf 87' lang='lat' dir='ltr'><strong>ﬁlius</strong></span> <span class='ocrx_word' id='word_1_799' title='bbox 3376 3234 3484 3289; x_wconf 89' lang='lat' dir='ltr'><strong>est,</strong></span> 
     </span>
    </p>
   </div>
   <div class='ocr_carea' id='block_1_92' title="bbox 1888 3311 3485 3382">
    <p class='ocr_par' dir='ltr' id='par_1_92' title="bbox 1888 3311 3485 3382">
     <span class='ocr_line' id='line_1_92' title="bbox 1888 3311 3485 3382; baseline 0.004 -19"><span class='ocrx_word' id='word_1_800' title='bbox 1888 3311 1956 3365; x_wconf 92' lang='lat' dir='ltr'><strong>ab</strong></span> <span class='ocrx_word' id='word_1_801' title='bbox 1985 3324 2090 3366; x_wconf 91' lang='lat' dir='ltr'><strong>una</strong></span> <span class='ocrx_word' id='word_1_802' title='bbox 2124 3327 2191 3366; x_wconf 88' lang='lat' dir='ltr'><strong>ex</strong></span> <span class='ocrx_word' id='word_1_803' title='bbox 2237 3322 2389 3382; x_wconf 90' lang='lat' dir='ltr'><strong>patre</strong></span> <span class='ocrx_word' id='word_1_804' title='bbox 2435 3311 2762 3366; x_wconf 84' lang='lat' dir='ltr'><strong>substantia.</strong></span> <span class='ocrx_word' id='word_1_805' title='bbox 2792 3312 2963 3366; x_wconf 82' lang='lat' dir='ltr'><strong>Filius</strong></span> <span class='ocrx_word' id='word_1_806' title='bbox 2990 3321 3193 3380; x_wconf 90' lang='lat' dir='ltr'><strong>autem,</strong></span> <span class='ocrx_word' id='word_1_807' title='bbox 3224 3314 3328 3369; x_wconf 87' lang='lat' dir='ltr'><strong>hoc</strong></span> <span class='ocrx_word' id='word_1_808' title='bbox 3365 3324 3485 3381; x_wconf 89' lang='lat' dir='ltr'><strong>est,</strong></span> 
     </span>
    </p>
   </div>
   <div class='ocr_carea' id='block_1_93' title="bbox 1884 3401 3495 3478">
    <p class='ocr_par' dir='ltr' id='par_1_93' title="bbox 1884 3401 3495 3478">
     <span class='ocr_line' id='line_1_93' title="bbox 1884 3401 3495 3478; baseline 0.002 -21"><span class='ocrx_word' id='word_1_809' title='bbox 1884 3403 2031 3478; x_wconf 74' lang='grc' dir='ltr'>λόγος</span> <span class='ocrx_word' id='word_1_810' title='bbox 2061 3443 2078 3469; x_wconf 95' lang='grc'><strong>,</strong></span> <span class='ocrx_word' id='word_1_811' title='bbox 2103 3401 2277 3457; x_wconf 89' lang='lat' dir='ltr'><strong>activa</strong></span> <span class='ocrx_word' id='word_1_812' title='bbox 2310 3402 2549 3472; x_wconf 86' lang='lat' dir='ltr'><strong>potentia</strong></span> <span class='ocrx_word' id='word_1_813' title='bbox 2568 3412 2671 3468; x_wconf 86' lang='lat' dir='ltr'><strong>est,</strong></span> <span class='ocrx_word' id='word_1_814' title='bbox 2703 3411 2756 3457; x_wconf 90' lang='lat' dir='ltr'><strong>et</strong></span> <span class='ocrx_word' id='word_1_815' title='bbox 2780 3418 2899 3473; x_wconf 81' lang='lat' dir='ltr'><strong>qua:</strong></span> <span class='ocrx_word' id='word_1_816' title='bbox 2921 3403 3102 3469; x_wconf 83' lang='lat' dir='ltr'><strong>faciat,</strong></span> <span class='ocrx_word' id='word_1_817' title='bbox 3132 3414 3187 3459; x_wconf 91' lang='lat' dir='ltr'><strong>et</strong></span> <span class='ocrx_word' id='word_1_818' title='bbox 3208 3420 3328 3475; x_wconf 65' lang='lat' dir='ltr'><strong>quae</strong></span> <span class='ocrx_word' id='word_1_819' title='bbox 3352 3406 3495 3460; x_wconf 80' lang='lat' dir='ltr'><strong>vivi-</strong></span> 
     </span>
    </p>
   </div>
   <div class='ocr_carea' id='block_1_94' title="bbox 1887 3492 3484 3567">
    <p class='ocr_par' dir='ltr' id='par_1_94' title="bbox 1887 3492 3484 3567">
     <span class='ocr_line' id='line_1_94' title="bbox 1887 3492 3484 3567; baseline 0.002 -17"><span class='ocrx_word' id='word_1_820' title='bbox 1887 3492 2034 3561; x_wconf 88' lang='lat' dir='ltr'><strong>ﬁcet,</strong></span> <span class='ocrx_word' id='word_1_821' title='bbox 2061 3502 2116 3550; x_wconf 90' lang='lat' dir='ltr'><strong>et</strong></span> <span class='ocrx_word' id='word_1_822' title='bbox 2137 3496 2212 3553; x_wconf 87' lang='lat' dir='ltr'><strong>sit</strong></span> <span class='ocrx_word' id='word_1_823' title='bbox 2242 3493 2670 3565; x_wconf 89' lang='lat' dir='ltr'><strong>intelligentialis</strong></span> <span class='ocrx_word' id='word_1_824' title='bbox 2691 3513 2704 3549; x_wconf 90' lang='lat'><strong>:</strong></span> <span class='ocrx_word' id='word_1_825' title='bbox 2729 3493 2909 3549; x_wconf 89' lang='lat' dir='ltr'><strong>omnia</strong></span> <span class='ocrx_word' id='word_1_826' title='bbox 2949 3493 3107 3566; x_wconf 84' lang='lat' dir='ltr'><strong>igitur</strong></span> <span class='ocrx_word' id='word_1_827' title='bbox 3123 3494 3270 3565; x_wconf 86' lang='lat' dir='ltr'><strong>justa</strong></span> <span class='ocrx_word' id='word_1_828' title='bbox 3296 3502 3353 3551; x_wconf 90' lang='lat' dir='ltr'><strong>et</strong></span> <span class='ocrx_word' id='word_1_829' title='bbox 3390 3511 3484 3567; x_wconf 88' lang='lat' dir='ltr'><strong>ge-</strong></span> 
     </span>
    </p>
   </div>
   <div class='ocr_carea' id='block_1_95' title="bbox 1888 3585 3488 3657">
    <p class='ocr_par' dir='ltr' id='par_1_95' title="bbox 1888 3585 3488 3657">
     <span class='ocr_line' id='line_1_95' title="bbox 1888 3585 3488 3657; baseline 0.001 -16"><span class='ocrx_word' id='word_1_830' title='bbox 1888 3594 2062 3649; x_wconf 87' lang='lat' dir='ltr'><strong>nerat,</strong></span> <span class='ocrx_word' id='word_1_831' title='bbox 2096 3594 2152 3642; x_wconf 89' lang='lat' dir='ltr'><strong>et</strong></span> <span class='ocrx_word' id='word_1_832' title='bbox 2179 3586 2305 3642; x_wconf 76' lang='lat' dir='ltr'><strong>facit</strong></span> <span class='ocrx_word' id='word_1_833' title='bbox 2344 3585 2640 3642; x_wconf 89' lang='lat' dir='ltr'><strong>secundum</strong></span> <span class='ocrx_word' id='word_1_834' title='bbox 2682 3586 2845 3640; x_wconf 88' lang='lat' dir='ltr'><strong>vitam</strong></span> <span class='ocrx_word' id='word_1_835' title='bbox 2866 3627 2880 3651; x_wconf 93' lang='lat'><strong>,</strong></span> <span class='ocrx_word' id='word_1_836' title='bbox 2910 3594 2966 3641; x_wconf 87' lang='lat' dir='ltr'><strong>et</strong></span> <span class='ocrx_word' id='word_1_837' title='bbox 2986 3595 3269 3657; x_wconf 88' lang='lat' dir='ltr'><strong>regenerat</strong></span> <span class='ocrx_word' id='word_1_838' title='bbox 3292 3602 3488 3645; x_wconf 90' lang='lat' dir='ltr'><strong>secun-</strong></span> 
     </span>
    </p>
   </div>
   <div class='ocr_carea' id='block_1_96' title="bbox 1887 3677 3487 3749">
    <p class='ocr_par' dir='ltr' id='par_1_96' title="bbox 1887 3677 3487 3749">
     <span class='ocr_line' id='line_1_96' title="bbox 1887 3677 3487 3749; baseline 0.004 -16"><span class='ocrx_word' id='word_1_839' title='bbox 1887 3677 2015 3733; x_wconf 91' lang='lat' dir='ltr'><strong>dum</strong></span> <span class='ocrx_word' id='word_1_840' title='bbox 2046 3678 2459 3749; x_wconf 79' lang='lat' dir='ltr'><strong>intelligentiam</strong></span> <span class='ocrx_word' id='word_1_841' title='bbox 2490 3679 2732 3733; x_wconf 88' lang='lat' dir='ltr'><strong>veritatis</strong></span> <span class='ocrx_word' id='word_1_842' title='bbox 2760 3686 2815 3733; x_wconf 89' lang='lat' dir='ltr'><strong>et</strong></span> <span class='ocrx_word' id='word_1_843' title='bbox 2844 3678 2967 3745; x_wconf 89' lang='lat' dir='ltr'><strong>Dei,</strong></span> <span class='ocrx_word' id='word_1_844' title='bbox 3012 3694 3175 3749; x_wconf 83' lang='lat' dir='ltr'><strong>quam</strong></span> <span class='ocrx_word' id='word_1_845' title='bbox 3213 3680 3306 3736; x_wconf 91' lang='lat' dir='ltr'><strong>dat</strong></span> <span class='ocrx_word' id='word_1_846' title='bbox 3326 3679 3487 3740; x_wconf 79' lang='lat' dir='ltr'><strong>Jesus</strong></span> 
     </span>
    </p>
   </div>
   <div class='ocr_carea' id='block_1_97' title="bbox 1888 3771 3491 3846">
    <p class='ocr_par' dir='ltr' id='par_1_97' title="bbox 1888 3771 3491 3846">
     <span class='ocr_line' id='line_1_97' title="bbox 1888 3771 3491 3846; baseline 0.004 -19"><span class='ocrx_word' id='word_1_847' title='bbox 1888 3771 2141 3827; x_wconf 91' lang='lat' dir='ltr'><strong>omnibus</strong></span> <span class='ocrx_word' id='word_1_848' title='bbox 2182 3771 2327 3846; x_wconf 74' lang='grc' dir='ltr'>λόγος</span> <span class='ocrx_word' id='word_1_849' title='bbox 2358 3785 2479 3826; x_wconf 92' lang='lat' dir='ltr'><strong>cum</strong></span> <span class='ocrx_word' id='word_1_850' title='bbox 2518 3771 2607 3838; x_wconf 87' lang='lat' dir='ltr'><strong>sit,</strong></span> <span class='ocrx_word' id='word_1_851' title='bbox 2648 3771 2887 3827; x_wconf 90' lang='lat' dir='ltr'><strong>omnium</strong></span> <span class='ocrx_word' id='word_1_852' title='bbox 2919 3780 2975 3828; x_wconf 89' lang='lat' dir='ltr'><strong>et</strong></span> <span class='ocrx_word' id='word_1_853' title='bbox 3022 3775 3491 3845; x_wconf 86' lang='lat' dir='ltr'><strong>intellectuum,ct</strong></span> 
     </span>
    </p>
   </div>
   <div class='ocr_carea' id='block_1_98' title="bbox 1888 3852 3489 3936">
    <p class='ocr_par' dir='ltr' id='par_1_98' title="bbox 1888 3852 3489 3936">
     <span class='ocr_line' id='line_1_98' title="bbox 1888 3852 3489 3936; baseline 0.004 -19"><span class='ocrx_word' id='word_1_854' title='bbox 1888 3862 2267 3917; x_wconf 87' lang='lat' dir='ltr'><strong>universaliter</strong></span> <span class='ocrx_word' id='word_1_855' title='bbox 2280 3863 2518 3916; x_wconf 89' lang='lat' dir='ltr'><strong>omnium</strong></span> <span class='ocrx_word' id='word_1_856' title='bbox 2529 3852 2650 3932; x_wconf 66' lang='lat' dir='ltr'><strong>qua:</strong></span> <span class='ocrx_word' id='word_1_857' title='bbox 2663 3863 2870 3919; x_wconf 89' lang='lat' dir='ltr'><strong>sunt.Si</strong></span> <span class='ocrx_word' id='word_1_858' title='bbox 2885 3863 3155 3935; x_wconf 87' lang='lat' dir='ltr'><strong>igituriste</strong></span> <span class='ocrx_word' id='word_1_859' title='bbox 3169 3875 3416 3936; x_wconf 82' lang='lat' dir='ltr'><strong>generat,</strong></span> <span class='ocrx_word' id='word_1_860' title='bbox 3431 3877 3489 3926; x_wconf 88' lang='lat' dir='ltr'><strong>et</strong></span> 
     </span>
    </p>
   </div>
   <div class='ocr_carea' id='block_1_99' title="bbox 1890 3955 3484 4027">
    <p class='ocr_par' dir='ltr' id='par_1_99' title="bbox 1890 3955 3484 4027">
     <span class='ocr_line' id='line_1_99' title="bbox 1890 3955 3484 4027; baseline 0.005 -18"><span class='ocrx_word' id='word_1_861' title='bbox 1890 3955 1989 4011; x_wconf 88' lang='lat' dir='ltr'><strong>iste</strong></span> <span class='ocrx_word' id='word_1_862' title='bbox 2021 3963 2302 4026; x_wconf 87' lang='lat' dir='ltr'><strong>regenerat</strong></span> <span class='ocrx_word' id='word_1_863' title='bbox 2321 3955 2501 4010; x_wconf 91' lang='lat' dir='ltr'><strong>omnia</strong></span> <span class='ocrx_word' id='word_1_864' title='bbox 2522 3996 2537 4021; x_wconf 94' lang='lat'><strong>,</strong></span> <span class='ocrx_word' id='word_1_865' title='bbox 2566 3955 2665 4011; x_wconf 87' lang='lat' dir='ltr'><strong>iste</strong></span> <span class='ocrx_word' id='word_1_866' title='bbox 2692 3955 2911 4025; x_wconf 89' lang='lat' dir='ltr'><strong>subjicit</strong></span> <span class='ocrx_word' id='word_1_867' title='bbox 2929 3957 3141 4027; x_wconf 91' lang='lat' dir='ltr'><strong>omnia,</strong></span> <span class='ocrx_word' id='word_1_868' title='bbox 3166 3975 3273 4015; x_wconf 91' lang='lat' dir='ltr'><strong>non</strong></span> <span class='ocrx_word' id='word_1_869' title='bbox 3308 3962 3484 4016; x_wconf 90' lang='lat' dir='ltr'><strong>solum</strong></span> 
     </span>
    </p>
   </div>
   <div class='ocr_carea' id='block_1_100' title="bbox 1889 4044 3488 4120">
    <p class='ocr_par' dir='ltr' id='par_1_100' title="bbox 1889 4044 3488 4120">
     <span class='ocr_line' id='line_1_100' title="bbox 1889 4044 3488 4120; baseline 0.004 -20"><span class='ocrx_word' id='word_1_870' title='bbox 1889 4044 2157 4114; x_wconf 85' lang='lat' dir='ltr'><strong>homines,</strong></span> <span class='ocrx_word' id='word_1_871' title='bbox 2173 4046 2264 4101; x_wconf 90' lang='lat' dir='ltr'><strong>sed</strong></span> <span class='ocrx_word' id='word_1_872' title='bbox 2279 4053 2334 4102; x_wconf 90' lang='lat' dir='ltr'><strong>et</strong></span> <span class='ocrx_word' id='word_1_873' title='bbox 2348 4054 2404 4099; x_wconf 88' lang='grc' dir='ltr'><strong>ιιι</strong></span> <span class='ocrx_word' id='word_1_874' title='bbox 2418 4045 2547 4101; x_wconf 88' lang='lat' dir='ltr'><strong>dicit</strong></span> <span class='ocrx_word' id='word_1_875' title='bbox 2559 4044 2757 4101; x_wconf 76' lang='lat' dir='ltr'><strong>Paulus</strong></span> <span class='ocrx_word' id='word_1_876' title='bbox 2777 4088 2791 4111; x_wconf 89' lang='lat'><strong>,</strong></span> <span class='ocrx_word' id='word_1_877' title='bbox 2806 4062 3023 4103; x_wconf 91' lang='lat' dir='ltr'><strong>omnem</strong></span> <span class='ocrx_word' id='word_1_878' title='bbox 3050 4050 3408 4120; x_wconf 85' lang='lat' dir='ltr'><strong>principatum</strong></span> <span class='ocrx_word' id='word_1_879' title='bbox 3430 4060 3488 4107; x_wconf 87' lang='grc' dir='ltr'><strong>ει</strong></span> 
     </span>
    </p>
   </div>
   <div class='ocr_carea' id='block_1_101' title="bbox 1890 4137 3486 4217">
    <p class='ocr_par' dir='ltr' id='par_1_101' title="bbox 1890 4137 3486 4217">
     <span class='ocr_line' id='line_1_101' title="bbox 1890 4137 3486 4217; baseline 0.004 -25"><span class='ocrx_word' id='word_1_880' title='bbox 1890 4151 2104 4192; x_wconf 91' lang='lat' dir='ltr'><strong>omnem</strong></span> <span class='ocrx_word' id='word_1_881' title='bbox 2135 4140 2423 4207; x_wconf 86' lang='lat' dir='ltr'><strong>potentiam</strong></span> <span class='ocrx_word' id='word_1_882' title='bbox 2441 4153 2455 4203; x_wconf 92' lang='lat'><strong>;</strong></span> <span class='ocrx_word' id='word_1_883' title='bbox 2473 4137 2727 4207; x_wconf 85' lang='lat' dir='ltr'><strong>numquid</strong></span> <span class='ocrx_word' id='word_1_884' title='bbox 2745 4137 2845 4193; x_wconf 89' lang='lat' dir='ltr'><strong>ista</strong></span> <span class='ocrx_word' id='word_1_885' title='bbox 2861 4148 2917 4192; x_wconf 93' lang='lat' dir='ltr'><strong>ut</strong></span> <span class='ocrx_word' id='word_1_886' title='bbox 2944 4138 3126 4205; x_wconf 93' lang='lat' dir='ltr'><strong>homo,</strong></span> <span class='ocrx_word' id='word_1_887' title='bbox 3142 4154 3210 4194; x_wconf 91' lang='lat' dir='ltr'><strong>an</strong></span> <span class='ocrx_word' id='word_1_888' title='bbox 3233 4148 3291 4196; x_wconf 91' lang='lat' dir='ltr'><strong>ut</strong></span> <span class='ocrx_word' id='word_1_889' title='bbox 3315 4142 3486 4217; x_wconf 71' lang='grc' dir='ltr'>λόγοςῖ</span> 
     </span>
    </p>
   </div>
   <div class='ocr_carea' id='block_1_102' title="bbox 1892 4228 3487 4305">
    <p class='ocr_par' dir='ltr' id='par_1_102' title="bbox 1892 4228 3487 4305">
     <span class='ocr_line' id='line_1_102' title="bbox 1892 4228 3487 4305; baseline 0.003 -20"><span class='ocrx_word' id='word_1_890' title='bbox 1892 4228 2103 4285; x_wconf 89' lang='lat' dir='ltr'><strong>Etenim</strong></span> <span class='ocrx_word' id='word_1_891' title='bbox 2118 4230 2289 4299; x_wconf 91' lang='lat' dir='ltr'><strong>ipsum</strong></span> <span class='ocrx_word' id='word_1_892' title='bbox 2308 4228 2573 4300; x_wconf 91' lang='lat' dir='ltr'><strong>subjicere</strong></span> <span class='ocrx_word' id='word_1_893' title='bbox 2590 4244 2695 4284; x_wconf 91' lang='lat' dir='ltr'><strong>non</strong></span> <span class='ocrx_word' id='word_1_894' title='bbox 2715 4228 2971 4299; x_wconf 89' lang='lat' dir='ltr'><strong>temporis</strong></span> <span class='ocrx_word' id='word_1_895' title='bbox 2984 4231 3155 4286; x_wconf 88' lang='lat' dir='ltr'><strong>solum</strong></span> <span class='ocrx_word' id='word_1_896' title='bbox 3168 4233 3287 4301; x_wconf 90' lang='lat' dir='ltr'><strong>ejus</strong></span> <span class='ocrx_word' id='word_1_897' title='bbox 3299 4249 3362 4289; x_wconf 90' lang='lat' dir='ltr'><strong>ex</strong></span> <span class='ocrx_word' id='word_1_898' title='bbox 3377 4250 3487 4305; x_wconf 91' lang='lat' dir='ltr'><strong>quo</strong></span> 
     </span>
    </p>
   </div>
   <div class='ocr_carea' id='block_1_103' title="bbox 1891 4321 3482 4391">
    <p class='ocr_par' dir='ltr' id='par_1_103' title="bbox 1891 4321 3482 4391">
     <span class='ocr_line' id='line_1_103' title="bbox 1891 4321 3482 4391; baseline 0.002 -13"><span class='ocrx_word' id='word_1_899' title='bbox 1891 4322 1958 4378; x_wconf 85' lang='lat' dir='ltr'><strong>de</strong></span> <span class='ocrx_word' id='word_1_900' title='bbox 1977 4321 2141 4377; x_wconf 83' lang='lat' dir='ltr'><strong>Maria</strong></span> <span class='ocrx_word' id='word_1_901' title='bbox 2156 4321 2314 4385; x_wconf 85' lang='lat' dir='ltr'><strong>ﬁlius,</strong></span> <span class='ocrx_word' id='word_1_902' title='bbox 2334 4321 2427 4376; x_wconf 89' lang='lat' dir='ltr'><strong>scd</strong></span> <span class='ocrx_word' id='word_1_903' title='bbox 2448 4331 2500 4375; x_wconf 88' lang='lat' dir='ltr'><strong>et</strong></span> <span class='ocrx_word' id='word_1_904' title='bbox 2517 4330 2665 4388; x_wconf 90' lang='lat' dir='ltr'><strong>ante,</strong></span> <span class='ocrx_word' id='word_1_905' title='bbox 2686 4330 2739 4376; x_wconf 91' lang='lat' dir='ltr'><strong>et</strong></span> <span class='ocrx_word' id='word_1_906' title='bbox 2754 4328 2962 4391; x_wconf 90' lang='lat' dir='ltr'><strong>postea.</strong></span> <span class='ocrx_word' id='word_1_907' title='bbox 2983 4322 3037 4377; x_wconf 92' lang='lat' dir='ltr'><strong>Si</strong></span> <span class='ocrx_word' id='word_1_908' title='bbox 3054 4325 3196 4378; x_wconf 89' lang='lat' dir='ltr'><strong>enim</strong></span> <span class='ocrx_word' id='word_1_909' title='bbox 3214 4323 3482 4381; x_wconf 88' lang='lat' dir='ltr'><strong>diluvium</strong></span> 
     </span>
    </p>
   </div>
   <div class='ocr_carea' id='block_1_104' title="bbox 1893 4412 3487 4484">
    <p class='ocr_par' dir='ltr' id='par_1_104' title="bbox 1893 4412 3487 4484">
     <span class='ocr_line' id='line_1_104' title="bbox 1893 4412 3487 4484; baseline 0.003 -15"><span class='ocrx_word' id='word_1_910' title='bbox 1893 4414 2088 4470; x_wconf 82' lang='lat' dir='ltr'><strong>factum</strong></span> <span class='ocrx_word' id='word_1_911' title='bbox 2118 4421 2203 4469; x_wconf 87' lang='lat' dir='ltr'><strong>est</strong></span> <span class='ocrx_word' id='word_1_912' title='bbox 2224 4455 2237 4477; x_wconf 88' lang='lat'><strong>,</strong></span> <span class='ocrx_word' id='word_1_913' title='bbox 2275 4415 2319 4469; x_wconf 90' lang='lat' dir='ltr'><strong>si</strong></span> <span class='ocrx_word' id='word_1_914' title='bbox 2350 4412 2589 4469; x_wconf 88' lang='lat' dir='ltr'><strong>Sodoma</strong></span> <span class='ocrx_word' id='word_1_915' title='bbox 2613 4421 2667 4467; x_wconf 90' lang='lat' dir='ltr'><strong>et</strong></span> <span class='ocrx_word' id='word_1_916' title='bbox 2691 4412 2995 4469; x_wconf 86' lang='lat' dir='ltr'><strong>Gomorrha</strong></span> <span class='ocrx_word' id='word_1_917' title='bbox 3033 4415 3271 4484; x_wconf 89' lang='lat' dir='ltr'><strong>incensa,</strong></span> <span class='ocrx_word' id='word_1_918' title='bbox 3299 4416 3345 4472; x_wconf 92' lang='lat' dir='ltr'><strong>si</strong></span> <span class='ocrx_word' id='word_1_919' title='bbox 3368 4416 3487 4474; x_wconf 69' lang='lat' dir='ltr'><strong>brec</strong></span> 
     </span>
    </p>
   </div>
   <div class='ocr_carea' id='block_1_105' title="bbox 1891 4508 3487 4582">
    <p class='ocr_par' dir='ltr' id='par_1_105' title="bbox 1891 4508 3487 4582">
     <span class='ocr_line' id='line_1_105' title="bbox 1891 4508 3487 4582; baseline 0.001 -16"><span class='ocrx_word' id='word_1_920' title='bbox 1891 4519 1947 4566; x_wconf 89' lang='lat' dir='ltr'><strong>et</strong></span> <span class='ocrx_word' id='word_1_921' title='bbox 1998 4512 2125 4565; x_wconf 91' lang='lat' dir='ltr'><strong>talia</strong></span> <span class='ocrx_word' id='word_1_922' title='bbox 2178 4510 2347 4564; x_wconf 89' lang='lat' dir='ltr'><strong>multa</strong></span> <span class='ocrx_word' id='word_1_923' title='bbox 2388 4508 2525 4565; x_wconf 82' lang='lat' dir='ltr'><strong>facta</strong></span> <span class='ocrx_word' id='word_1_924' title='bbox 2569 4519 2721 4576; x_wconf 92' lang='lat' dir='ltr'><strong>sunt,</strong></span> <span class='ocrx_word' id='word_1_925' title='bbox 2770 4511 2814 4564; x_wconf 91' lang='lat' dir='ltr'><strong>si</strong></span> <span class='ocrx_word' id='word_1_926' title='bbox 2861 4511 2915 4564; x_wconf 89' lang='lat' dir='ltr'><strong>in</strong></span> <span class='ocrx_word' id='word_1_927' title='bbox 2970 4513 3256 4581; x_wconf 74' lang='lat' dir='ltr'><strong>przesentia</strong></span> <span class='ocrx_word' id='word_1_928' title='bbox 3309 4514 3487 4582; x_wconf 85' lang='lat' dir='ltr'><strong>prima</strong></span> 
     </span>
    </p>
   </div>
   <div class='ocr_carea' id='block_1_106' title="bbox 1895 4601 3488 4673">
    <p class='ocr_par' dir='ltr' id='par_1_106' title="bbox 1895 4601 3488 4673">
     <span class='ocr_line' id='line_1_106' title="bbox 1895 4601 3488 4673; baseline 0.001 -15"><span class='ocrx_word' id='word_1_929' title='bbox 1895 4603 2187 4673; x_wconf 85' lang='lat' dir='ltr'><strong>triumphat</strong></span> <span class='ocrx_word' id='word_1_930' title='bbox 2214 4602 2461 4656; x_wconf 91' lang='lat' dir='ltr'><strong>inimicos</strong></span> <span class='ocrx_word' id='word_1_931' title='bbox 2504 4602 2555 4655; x_wconf 92' lang='lat' dir='ltr'><strong>in</strong></span> <span class='ocrx_word' id='word_1_932' title='bbox 2585 4602 2895 4670; x_wconf 88' lang='lat' dir='ltr'><strong>semetipso,</strong></span> <span class='ocrx_word' id='word_1_933' title='bbox 2931 4602 2975 4655; x_wconf 92' lang='lat' dir='ltr'><strong>si</strong></span> <span class='ocrx_word' id='word_1_934' title='bbox 3006 4602 3057 4655; x_wconf 90' lang='lat' dir='ltr'><strong>in</strong></span> <span class='ocrx_word' id='word_1_935' title='bbox 3086 4601 3488 4673; x_wconf 72' lang='lat' dir='ltr'><strong>secunda-pra:-</strong></span> 
     </span>
    </p>
   </div>
   <div class='ocr_carea' id='block_1_107' title="bbox 1892 4694 3486 4760">
    <p class='ocr_par' dir='ltr' id='par_1_107' title="bbox 1892 4694 3486 4760">
     <span class='ocr_line' id='line_1_107' title="bbox 1892 4694 3486 4760; baseline 0.001 -10"><span class='ocrx_word' id='word_1_936' title='bbox 1892 4697 2063 4751; x_wconf 89' lang='lat' dir='ltr'><strong>seutia</strong></span> <span class='ocrx_word' id='word_1_937' title='bbox 2122 4695 2421 4749; x_wconf 78' lang='lat' dir='ltr'><strong>novissimus</strong></span> <span class='ocrx_word' id='word_1_938' title='bbox 2462 4694 2697 4747; x_wconf 86' lang='lat' dir='ltr'><strong>inimicus</strong></span> <span class='ocrx_word' id='word_1_939' title='bbox 2747 4694 3074 4747; x_wconf 83' lang='lat' dir='ltr'><strong>evacuabilur</strong></span> <span class='ocrx_word' id='word_1_940' title='bbox 3120 4710 3293 4760; x_wconf 85' lang='lat' dir='ltr'><strong>mors;</strong></span> <span class='ocrx_word' id='word_1_941' title='bbox 3343 4694 3486 4752; x_wconf 86' lang='lat' dir='ltr'><strong>ﬁlius</strong></span> 
     </span>
    </p>
   </div>
   <div class='ocr_carea' id='block_1_108' title="bbox 1889 4784 3488 4861">
    <p class='ocr_par' dir='ltr' id='par_1_108' title="bbox 1889 4784 3488 4861">
     <span class='ocr_line' id='line_1_108' title="bbox 1889 4784 3488 4861; baseline 0.001 -19"><span class='ocrx_word' id='word_1_942' title='bbox 1889 4787 2029 4861; x_wconf 67' lang='grc' dir='ltr'>λόγος</span> <span class='ocrx_word' id='word_1_943' title='bbox 2053 4788 2177 4840; x_wconf 79' lang='lat' dir='ltr'><strong>facit</strong></span> <span class='ocrx_word' id='word_1_944' title='bbox 2204 4786 2325 4852; x_wconf 87' lang='lat' dir='ltr'><strong>ista,</strong></span> <span class='ocrx_word' id='word_1_945' title='bbox 2354 4784 2445 4840; x_wconf 93' lang='lat' dir='ltr'><strong>sed</strong></span> <span class='ocrx_word' id='word_1_946' title='bbox 2476 4787 2717 4856; x_wconf 85' lang='lat' dir='ltr'><strong>potentia</strong></span> <span class='ocrx_word' id='word_1_947' title='bbox 2747 4793 2987 4853; x_wconf 86' lang='lat' dir='ltr'><strong>paterna.</strong></span> <span class='ocrx_word' id='word_1_948' title='bbox 3018 4785 3168 4840; x_wconf 86' lang='lat' dir='ltr'><strong>Facit</strong></span> <span class='ocrx_word' id='word_1_949' title='bbox 3189 4787 3348 4856; x_wconf 90' lang='lat' dir='ltr'><strong>igitur</strong></span> <span class='ocrx_word' id='word_1_950' title='bbox 3367 4802 3488 4843; x_wconf 87' lang='lat' dir='ltr'><strong>om-</strong></span> 
     </span>
    </p>
   </div>
   <div class='ocr_carea' id='block_1_109' title="bbox 1892 4878 3482 4951">
    <p class='ocr_par' dir='ltr' id='par_1_109' title="bbox 1892 4878 3482 4951">
     <span class='ocr_line' id='line_1_109' title="bbox 1892 4878 3482 4951; baseline 0.001 -16"><span class='ocrx_word' id='word_1_951' title='bbox 1892 4882 1982 4935; x_wconf 92' lang='lat' dir='ltr'><strong>nia</strong></span> <span class='ocrx_word' id='word_1_952' title='bbox 2006 4881 2227 4950; x_wconf 90' lang='lat' dir='ltr'><strong>spiritus</strong></span> <span class='ocrx_word' id='word_1_953' title='bbox 2262 4878 2554 4948; x_wconf 89' lang='lat' dir='ltr'><strong>spiritualia</strong></span> <span class='ocrx_word' id='word_1_954' title='bbox 2578 4920 2592 4944; x_wconf 91' lang='lat'><strong>,</strong></span> <span class='ocrx_word' id='word_1_955' title='bbox 2636 4887 2759 4931; x_wconf 88' lang='lat' dir='ltr'><strong>tunc</strong></span> <span class='ocrx_word' id='word_1_956' title='bbox 2796 4887 2843 4932; x_wconf 83' lang='lat' dir='ltr'><strong>et</strong></span> <span class='ocrx_word' id='word_1_957' title='bbox 2880 4879 2991 4949; x_wconf 87' lang='lat' dir='ltr'><strong>ipse</strong></span> <span class='ocrx_word' id='word_1_958' title='bbox 3028 4880 3327 4951; x_wconf 88' lang='lat' dir='ltr'><strong>subjicietur</strong></span> <span class='ocrx_word' id='word_1_959' title='bbox 3352 4880 3482 4951; x_wconf 86' lang='lat' dir='ltr'><strong>Deo,</strong></span> 
     </span>
    </p>
   </div>
   <div class='ocr_carea' id='block_1_110' title="bbox 1890 4956 3521 5045">
    <p class='ocr_par' dir='ltr' id='par_1_110' title="bbox 1890 4956 3521 5045">
     <span class='ocr_line' id='line_1_110' title="bbox 1890 4956 3521 5045; baseline 0.002 -19"><span class='ocrx_word' id='word_1_960' title='bbox 1890 4972 2179 5045; x_wconf 87' lang='lat' dir='ltr'><strong>subjicienti</strong></span> <span class='ocrx_word' id='word_1_961' title='bbox 2196 4971 2238 5025; x_wconf 89' lang='lat' dir='ltr'><strong>ei</strong></span> <span class='ocrx_word' id='word_1_962' title='bbox 2262 4970 2430 5024; x_wconf 91' lang='lat' dir='ltr'><strong>omnia</strong></span> <span class='ocrx_word' id='word_1_963' title='bbox 2455 4984 2471 5023; x_wconf 89' lang='lat'><strong>:</strong></span> <span class='ocrx_word' id='word_1_964' title='bbox 2494 4971 2767 5025; x_wconf 87' lang='lat' dir='ltr'><strong>cvacttatis</strong></span> <span class='ocrx_word' id='word_1_965' title='bbox 2784 4971 2927 5025; x_wconf 89' lang='lat' dir='ltr'><strong>enim</strong></span> <span class='ocrx_word' id='word_1_966' title='bbox 2949 4971 3220 5039; x_wconf 89' lang='lat' dir='ltr'><strong>omnibus,</strong></span> <span class='ocrx_word' id='word_1_967' title='bbox 3243 4974 3486 5045; x_wconf 84' lang='lat' dir='ltr'><strong>requies-</strong></span> <span class='ocrx_word' id='word_1_968' title='bbox 3516 4956 3521 4963; x_wconf 31' lang='grc'><strong><em>⁸</em></strong></span> 
     </span>
    </p>
   </div>
   <div class='ocr_carea' id='block_1_111' title="bbox 1893 5062 3486 5132">
    <p class='ocr_par' dir='ltr' id='par_1_111' title="bbox 1893 5062 3486 5132">
     <span class='ocr_line' id='line_1_111' title="bbox 1893 5062 3486 5132; baseline 0.001 -12"><span class='ocrx_word' id='word_1_969' title='bbox 1893 5066 1967 5120; x_wconf 87' lang='lat' dir='ltr'><strong>cit</strong></span> <span class='ocrx_word' id='word_1_970' title='bbox 1993 5064 2166 5118; x_wconf 87' lang='lat' dir='ltr'><strong>activa</strong></span> <span class='ocrx_word' id='word_1_971' title='bbox 2210 5062 2476 5132; x_wconf 90' lang='lat' dir='ltr'><strong>potentia,</strong></span> <span class='ocrx_word' id='word_1_972' title='bbox 2510 5069 2567 5116; x_wconf 89' lang='lat' dir='ltr'><strong>et</strong></span> <span class='ocrx_word' id='word_1_973' title='bbox 2601 5062 2705 5115; x_wconf 90' lang='lat' dir='ltr'><strong>erit</strong></span> <span class='ocrx_word' id='word_1_974' title='bbox 2746 5062 2796 5116; x_wconf 92' lang='lat' dir='ltr'><strong>in</strong></span> <span class='ocrx_word' id='word_1_975' title='bbox 2848 5063 2962 5131; x_wconf 74' lang='lat' dir='ltr'><strong>ipso</strong></span> <span class='ocrx_word' id='word_1_976' title='bbox 3008 5062 3150 5118; x_wconf 90' lang='lat' dir='ltr'><strong>Deus</strong></span> <span class='ocrx_word' id='word_1_977' title='bbox 3186 5065 3486 5121; x_wconf 89' lang='lat' dir='ltr'><strong>secundum</strong></span> 
     </span>
    </p>
   </div>
   <div class='ocr_carea' id='block_1_112' title="bbox 1891 5153 3485 5229">
    <p class='ocr_par' dir='ltr' id='par_1_112' title="bbox 1891 5153 3485 5229">
     <span class='ocr_line' id='line_1_112' title="bbox 1891 5153 3485 5229; baseline 0 -17"><span class='ocrx_word' id='word_1_978' title='bbox 1891 5156 2034 5229; x_wconf 91' lang='lat' dir='ltr'><strong>quod</strong></span> <span class='ocrx_word' id='word_1_979' title='bbox 2076 5162 2161 5211; x_wconf 90' lang='lat' dir='ltr'><strong>est</strong></span> <span class='ocrx_word' id='word_1_980' title='bbox 2203 5169 2355 5223; x_wconf 89' lang='lat' dir='ltr'><strong>esse,</strong></span> <span class='ocrx_word' id='word_1_981' title='bbox 2388 5162 2443 5209; x_wconf 90' lang='lat' dir='ltr'><strong>et</strong></span> <span class='ocrx_word' id='word_1_982' title='bbox 2466 5153 2759 5209; x_wconf 87' lang='lat' dir='ltr'><strong>secundum</strong></span> <span class='ocrx_word' id='word_1_983' title='bbox 2791 5154 2931 5224; x_wconf 85' lang='lat' dir='ltr'><strong>quod</strong></span> <span class='ocrx_word' id='word_1_984' title='bbox 2963 5164 3046 5211; x_wconf 76' lang='lat' dir='ltr'><strong>est</strong></span> <span class='ocrx_word' id='word_1_985' title='bbox 3070 5158 3351 5227; x_wconf 89' lang='lat' dir='ltr'><strong>quiescere</strong></span> <span class='ocrx_word' id='word_1_986' title='bbox 3381 5175 3393 5211; x_wconf 92' lang='lat'><strong>:</strong></span> <span class='ocrx_word' id='word_1_987' title='bbox 3428 5158 3485 5212; x_wconf 91' lang='lat' dir='ltr'><strong>in</strong></span> 
     </span>
    </p>
   </div>
   <div class='ocr_carea' id='block_1_113' title="bbox 1894 5247 3486 5317">
    <p class='ocr_par' dir='ltr' id='par_1_113' title="bbox 1894 5247 3486 5317">
     <span class='ocr_line' id='line_1_113' title="bbox 1894 5247 3486 5317; baseline 0.003 -13"><span class='ocrx_word' id='word_1_988' title='bbox 1894 5251 2014 5305; x_wconf 86' lang='lat' dir='ltr'><strong>aliis</strong></span> <span class='ocrx_word' id='word_1_989' title='bbox 2044 5256 2221 5304; x_wconf 88' lang='lat' dir='ltr'><strong>autem</strong></span> <span class='ocrx_word' id='word_1_990' title='bbox 2256 5248 2504 5303; x_wconf 89' lang='lat' dir='ltr'><strong>omnibus</strong></span> <span class='ocrx_word' id='word_1_991' title='bbox 2530 5247 2899 5317; x_wconf 74' lang='lat' dir='ltr'><strong>Spiritualiter,</strong></span> <span class='ocrx_word' id='word_1_992' title='bbox 2931 5250 3227 5307; x_wconf 87' lang='lat' dir='ltr'><strong>secundum</strong></span> <span class='ocrx_word' id='word_1_993' title='bbox 3258 5267 3407 5308; x_wconf 89' lang='lat' dir='ltr'><strong>suam</strong></span> <span class='ocrx_word' id='word_1_994' title='bbox 3429 5261 3486 5308; x_wconf 86' lang='grc' dir='ltr'><strong>ει</strong></span> 
     </span>
    </p>
   </div>
   <div class='ocr_carea' id='block_1_114' title="bbox 1897 5339 3481 5415">
    <p class='ocr_par' dir='ltr' id='par_1_114' title="bbox 1897 5339 3481 5415">
     <span class='ocr_line' id='line_1_114' title="bbox 1897 5339 3481 5415; baseline 0.001 -20"><span class='ocrx_word' id='word_1_995' title='bbox 1897 5341 2185 5411; x_wconf 80' lang='lat' dir='ltr'><strong>potentiam</strong></span> <span class='ocrx_word' id='word_1_996' title='bbox 2228 5348 2281 5395; x_wconf 89' lang='lat' dir='ltr'><strong>et</strong></span> <span class='ocrx_word' id='word_1_997' title='bbox 2324 5339 2700 5394; x_wconf 85' lang='lat' dir='ltr'><strong>substantiam.</strong></span> <span class='ocrx_word' id='word_1_998' title='bbox 2749 5341 2813 5395; x_wconf 77' lang='lat' dir='ltr'><strong>Et</strong></span> <span class='ocrx_word' id='word_1_999' title='bbox 2854 5340 2955 5396; x_wconf 91' lang='lat' dir='ltr'><strong>hoc</strong></span> <span class='ocrx_word' id='word_1_1000' title='bbox 2998 5350 3082 5397; x_wconf 88' lang='lat' dir='ltr'><strong>cst</strong></span> <span class='ocrx_word' id='word_1_1001' title='bbox 3116 5342 3161 5415; x_wconf 87' lang='grc' dir='ltr'><strong>(Ι</strong></span> <span class='ocrx_word' id='word_1_1002' title='bbox 3213 5343 3330 5397; x_wconf 83' lang='lat' dir='ltr'><strong>Cor.</strong></span> <span class='ocrx_word' id='word_1_1003' title='bbox 3373 5358 3481 5408; x_wconf 84' lang='lat' dir='ltr'><strong>xv,</strong></span> 
     </span>
    </p>
   </div>
   <div class='ocr_carea' id='block_1_115' title="bbox 1893 5430 3484 5505">
    <p class='ocr_par' dir='ltr' id='par_1_115' title="bbox 1893 5430 3484 5505">
     <span class='ocr_line' id='line_1_115' title="bbox 1893 5430 3484 5505; baseline 0 -17"><span class='ocrx_word' id='word_1_1004' title='bbox 1893 5433 2010 5505; x_wconf 88' lang='lat'><strong>28),</strong></span> <span class='ocrx_word' id='word_1_1005' title='bbox 2038 5443 2093 5488; x_wconf 87' lang='lat' dir='ltr'><strong>ut</strong></span> <span class='ocrx_word' id='word_1_1006' title='bbox 2114 5435 2178 5488; x_wconf 87' lang='lat' dir='ltr'><strong>sit</strong></span> <span class='ocrx_word' id='word_1_1007' title='bbox 2205 5434 2258 5487; x_wconf 91' lang='lat' dir='ltr'><strong>in</strong></span> <span class='ocrx_word' id='word_1_1008' title='bbox 2286 5430 2425 5488; x_wconf 88' lang='lat' dir='ltr'><strong>Deus</strong></span> <span class='ocrx_word' id='word_1_1009' title='bbox 2452 5432 2622 5487; x_wconf 91' lang='lat' dir='ltr'><strong>omnia</strong></span> <span class='ocrx_word' id='word_1_1010' title='bbox 2648 5433 2701 5487; x_wconf 91' lang='lat' dir='ltr'><strong>in</strong></span> <span class='ocrx_word' id='word_1_1011' title='bbox 2725 5433 2988 5488; x_wconf 88' lang='lat' dir='ltr'><strong>omnibus:</strong></span> <span class='ocrx_word' id='word_1_1012' title='bbox 3009 5450 3113 5489; x_wconf 92' lang='lat' dir='ltr'><strong>non</strong></span> <span class='ocrx_word' id='word_1_1013' title='bbox 3134 5432 3277 5488; x_wconf 90' lang='lat' dir='ltr'><strong>enim</strong></span> <span class='ocrx_word' id='word_1_1014' title='bbox 3304 5433 3484 5488; x_wconf 88' lang='lat' dir='ltr'><strong>omnia</strong></span> 
     </span>
    </p>
   </div>
   <div class='ocr_carea' id='block_1_116' title="bbox 1894 5524 3484 5602">
    <p class='ocr_par' dir='ltr' id='par_1_116' title="bbox 1894 5524 3484 5602">
     <span class='ocr_line' id='line_1_116' title="bbox 1894 5524 3484 5602; baseline -0.001 -17"><span class='ocrx_word' id='word_1_1015' title='bbox 1894 5529 1948 5585; x_wconf 92' lang='lat' dir='ltr'><strong>in</strong></span> <span class='ocrx_word' id='word_1_1016' title='bbox 1975 5544 2317 5601; x_wconf 85' lang='lat' dir='ltr'><strong>unoquoque,</strong></span> <span class='ocrx_word' id='word_1_1017' title='bbox 2342 5527 2436 5583; x_wconf 85' lang='lat' dir='ltr'><strong>sed</strong></span> <span class='ocrx_word' id='word_1_1018' title='bbox 2473 5527 2581 5583; x_wconf 91' lang='lat' dir='ltr'><strong>Deo</strong></span> <span class='ocrx_word' id='word_1_1019' title='bbox 2602 5526 2867 5584; x_wconf 79' lang='lat' dir='ltr'><strong>existente</strong></span> <span class='ocrx_word' id='word_1_1020' title='bbox 2897 5528 2948 5602; x_wconf 80' lang='lat' dir='ltr'><strong>in</strong></span> <span class='ocrx_word' id='word_1_1021' title='bbox 2971 5524 3240 5594; x_wconf 90' lang='lat' dir='ltr'><strong>omnibus,</strong></span> <span class='ocrx_word' id='word_1_1022' title='bbox 3284 5532 3339 5581; x_wconf 89' lang='lat' dir='ltr'><strong>et</strong></span> <span class='ocrx_word' id='word_1_1023' title='bbox 3357 5524 3484 5584; x_wconf 87' lang='lat' dir='ltr'><strong>ideo</strong></span> 
     </span>
    </p>
   </div>
   <div class='ocr_carea' id='block_1_117' title="bbox 1893 5617 3284 5692">
    <p class='ocr_par' dir='ltr' id='par_1_117' title="bbox 1893 5617 3284 5692">
     <span class='ocr_line' id='line_1_117' title="bbox 1893 5617 3284 5692; baseline -0.004 -14"><span class='ocrx_word' id='word_1_1024' title='bbox 1893 5621 2071 5679; x_wconf 89' lang='lat' dir='ltr'><strong>omnia</strong></span> <span class='ocrx_word' id='word_1_1025' title='bbox 2097 5621 2201 5678; x_wconf 89' lang='lat' dir='ltr'><strong>crit</strong></span> <span class='ocrx_word' id='word_1_1026' title='bbox 2231 5622 2390 5686; x_wconf 87' lang='lat' dir='ltr'><strong>Deus,</strong></span> <span class='ocrx_word' id='word_1_1027' title='bbox 2414 5619 2554 5692; x_wconf 87' lang='lat' dir='ltr'><strong>quod</strong></span> <span class='ocrx_word' id='word_1_1028' title='bbox 2583 5618 2765 5675; x_wconf 89' lang='lat' dir='ltr'><strong>omnia</strong></span> <span class='ocrx_word' id='word_1_1029' title='bbox 2794 5627 2951 5676; x_wconf 92' lang='lat' dir='ltr'><strong>erunt</strong></span> <span class='ocrx_word' id='word_1_1030' title='bbox 2977 5619 3086 5673; x_wconf 89' lang='lat' dir='ltr'><strong>Deo</strong></span> <span class='ocrx_word' id='word_1_1031' title='bbox 3110 5617 3284 5686; x_wconf 90' lang='lat' dir='ltr'><strong>plena.</strong></span> 
     </span>
    </p>
   </div>
  </div>
