4018 6184
589 154 726 213 1071

1886 145 2079 205 MAR“
2117 139 2464 204 VICTORINI
2504 140 2660 199 AFRI

3652 157 3746 213 ΜΗ

660 267 774 325 XL.
808 265 1060 324 Dicamus
1085 273 1140 321 et
1173 264 1278 320 alia
1307 264 1488 333 (Rom.
1519 278 1559 330 ι,
1586 262 1674 333 16)
1701 279 1714 316 :
1749 261 1871 316 Non
1896 262 2030 316 enim
2067 275 2190 314 eru~
2219 260 2269 318 Λ
2296 255 2414 309 aliis
2445 252 2672 318 talibus.
2708 251 2759 306 Ῐη
2789 249 2982 322 quibus
3011 257 3064 306 el
3094 249 3235 306 isllld
3263 250 3458 320 aCCidit,
3497 269 3750 336 quietumque

587 363 732 416 besco
762 358 1095 430 Evaiigelium
1119 358 1234 412 Dei.
1269 357 1531 412 Virtutem
1563 365 1619 412 et
1651 355 1946 426 potentiam
1983 352 2182 408 Paulus

586 453 714 510 dicit
753 453 1026 508 Christum
1052 451 1258 517 Jcsum,
1292 450 1394 504 hoc
1422 448 1567 506 enim
1599 447 1941 517 Evangeliinn
1971 444 2102 500 dicit
2128 452 2182 498 et

587 544 655 598 de
679 545 782 599 isto
817 543 860 616 (l
899 542 1019 598 Cor.
1060 559 1099 608 ι,
1124 541 1218 612 24)
1244 556 1258 595 :
1289 541 1522 596 Christus
1543 555 1672 611 ergo
1703 538 1800 593 Dei
1841 549 1886 592 ct
1929 535 2185 606 sapientia

587 644 635 689 et
679 636 856 690 virtus.
908 632 1047 702 Quid
1077 633 1273 688 deinde
1320 631 1584 702 sapientia
1626 640 1682 687 et
1702 630 1877 684 virtus
1919 627 2045 682 Dei?
2080 641 2186 680 non

593 725 714 796 ipse
741 725 927 782 Deus?
958 724 1074 778 Non
1101 723 1244 780 enim
1268 732 1325 777 ut
1349 723 1402 780 in
1430 722 1770 792 corporibus,
1799 727 1893 774 aut
1918 719 1971 773 in
1999 731 2187 786 corpo-

589 817 829 882 talibus,
858 815 1004 871 aliud
1047 824 1130 871 est
1165 805 1389 881 oculus,
1423 813 1569 868 aliud
1612 813 1772 867 visio.
1803 813 1908 866 Aut
1935 810 1987 864 in
2035 808 2190 879 igne,

591 909 736 964 aliud
770 907 940 980 ignis,
974 907 1119 962 aliud
1175 906 1355 962 lumen
1397 906 1548 975 ejus:
1573 912 1696 976 eget
1733 901 1876 957 enim
1922 900 2113 954 oculus
2141 905 2196 953 et

593 1001 733 1073 ignis
777 999 1002 1056 alterius
1051 999 1299 1068 alicujus,
1350 1006 1405 1052 et
1455 997 1643 1053 oculus
1684 995 1906 1049 alterius
1945 990 2192 1056 luminis,

593 1100 655 1146 ut
688 1090 760 1145 sit
803 1105 869 1146 ex
925 1090 1040 1160 ipso
1075 1097 1130 1144 et
1181 1089 1233 1143 in
1285 1087 1429 1158 ipso;
1465 1087 1603 1142 visio
1633 1085 1771 1154 ignis
1801 1092 1854 1140 et
1906 1082 2086 1148 aeris,
2141 1089 2199 1136 ut

600 1184 675 1239 sit
699 1201 762 1239 ex
802 1184 918 1254 ipso
972 1184 1172 1238 lumen.
1228 1181 1334 1238 Sed
1374 1180 1532 1236 sicuti
1584 1178 1810 1235 visionis
1855 1176 2092 1246 potentia
2141 1173 2194 1229 in

603 1293 664 1334 se
693 1277 856 1332 habet
881 1276 1141 1330 visionem
1175 1286 1302 1330 tunc
1332 1275 1462 1330 foris
1511 1274 1862 1335 exiSIentein,
1896 1286 2016 1324 cum
2068 1284 2197 1339 ope-

601 1377 752 1424 ratur
773 1368 1014 1438 potentia
1045 1366 1289 1430 visionis,
1321 1375 1376 1421 et
1401 1374 1687 1435 generatur
1715 1379 1742 1417 a
1770 1361 2010 1433 pOIeutia
2034 1360 2198 1416 visio-

598 1459 686 1515 nis
712 1459 880 1524 visio,
928 1458 1204 1528 nnigenita
1238 1472 1300 1513 ea
1338 1457 1492 1528 ipsa:
1527 1454 1664 1510 nihil
1695 1453 1839 1509 enim
1868 1451 2010 1506 aliud
2046 1451 2114 1504 ab
2134 1465 2198 1505 ea

598 1550 857 1621 gignitur,
887 1558 943 1606 et
966 1550 1031 1604 ad
1065 1548 1358 1619 potentiam
1397 1546 1623 1602 visionis
1653 1546 1790 1600 visio
1831 1552 1938 1608 est,
1973 1559 2078 1598 non
2117 1541 2200 1596 in-

2293 348 2408 402 sint
2446 346 2675 409 similia,
2707 343 2895 401 eadem
2923 359 3043 399 esse
3075 344 3377 408 diSsiniilia,
3403 348 3486 400 alia
3511 361 3554 404 et
3573 354 3644 406 alia
3665 374 3754 428 qua-

2287 441 2455 496 litate.
2488 440 2675 496 Simile
2703 440 2846 494 enim
2878 455 2982 492 non
3013 437 3189 503 idem,
3215 454 3378 508 neque
3402 441 3519 496 idem
3541 452 3756 513 unum,sed

2290 531 2430 588 idem
2473 533 2774 602 geminum:
2824 547 2987 587 unum
3032 539 3087 586 et
3130 530 3229 585 ista
3273 547 3372 585 non
3414 534 3672 606 substantia,
3699 543 3759 599 sed

2292 639 2520 680 numero
2561 639 2744 678 unum.
2778 622 2885 679 Nos
2916 638 3058 679 nunc
3087 623 3153 678 de
3182 622 3462 679 substantia
3487 631 3760 703 perquirimus,

2292 732 2410 785 quae
2438 716 2490 770 in
2526 716 2663 778 Deo,
2693 725 2787 770 aut
2814 716 2924 770 ﬁlio
2945 758 2959 781 ,
2991 725 3082 770 aut
3113 715 3226 784 ipsa
3269 725 3376 782 est,
3402 727 3484 773 aut
3516 721 3682 777 eadem:
3711 737 3767 782 aut

2299 807 2462 862 modo
2491 809 2722 879 quodam
2754 818 2808 864 et
2837 809 2950 879 ipsa
2979 819 3032 865 et
3059 809 3272 865 eadem.
3313 808 3560 880 Quomodo
3583 829 3678 885 ergo
3697 818 3767 888 ipsa

2297 910 2380 955 est
2419 899 2741 955 adventante
2783 899 2916 967 ﬁlio,
2959 910 3014 956 et
3045 909 3190 955 tanta
3223 899 3440 956 faciente
3461 911 3508 957 et
3540 903 3585 957 in
3617 907 3717 961 caelo
3741 918 3772 963 et

2300 993 2354 1049 in
2387 1003 2524 1048 terra
2546 1033 2561 1060 ,
2593 1003 2648 1049 et
2680 994 2914 1048 intrante
2946 994 2998 1048 in
3027 994 3286 1050 carnem?
3315 992 3564 1060 Quomodo
3594 996 3709 1052 lesus
3734 1001 3772 1053 ti-

2300 1084 2438 1150 lius,
2470 1085 2614 1156 quod
2647 1085 2915 1154 signiﬁcat
2955 1094 3160 1155 patrem
3180 1127 3196 1152 ,
3240 1085 3494 1155 quomodo
3525 1095 3572 1141 et
3602 1095 3682 1143 tres
3701 1100 3778 1145 sunt

2301 1175 2636 1243 substantiae,
2673 1177 2842 1240 Deus,
2878 1177 3058 1251 Λόγος,
3088 1176 3319 1246 Spiritus
3345 1185 3563 1232 sanctus:
3589 1194 3670 1233 non
3689 1182 3777 1237 enim

2298 1276 2511 1337 oportet
2554 1268 2766 1334 dicere,
2810 1283 2912 1324 nec
2952 1267 3034 1323 fas
3071 1275 3156 1323 est
3180 1267 3388 1335 dicere,
3418 1283 3560 1323 unam
3583 1285 3676 1326 esse
3695 1273 3774 1327 sub-

2301 1358 2548 1414 stantiam
2567 1400 2582 1426 ,
2613 1368 2726 1415 tres
2755 1374 2877 1416 esse
2904 1374 3185 1430 personas.
3217 1359 3272 1414 Si
3300 1361 3439 1414 enim
3465 1360 3552 1416 ista
3588 1362 3675 1430 ipsa
3702 1362 3780 1417 sub-

2300 1451 2492 1507 stantia
2519 1463 2570 1508 et
2598 1453 2704 1524 egit
2725 1454 2904 1508 omnia
2923 1494 2937 1518 ,
2963 1463 3017 1508 et
3042 1467 3197 1523 passa
3226 1462 3340 1519 εει,
3369 1452 3784 1526 Patripassianiergo

2302 1552 2357 1600 et
2385 1561 2511 1600 nos:
2545 1546 2702 1602 absit.
2735 1546 2872 1614 Quid
2904 1547 3098 1618 igitur?
3127 1546 3315 1603 eadem
3346 1555 3454 1613 est,
3483 1564 3572 1603 non
3600 1548 3707 1619 ipsa:
3727 1550 3783 1603 sed

601 1653 688 1699 tus
718 1645 912 1709 solum,
948 1643 1042 1698 sed
1073 1653 1126 1697 ct
1153 1645 1295 1698 intus
1322 1642 1373 1696 in
1400 1640 1661 1710 potentia,
1692 1640 1744 1693 in
1775 1638 1988 1693 actione
2018 1634 2191 1706 magis
2228 1637 2276 1697 B
2305 1641 2347 1695 si
2381 1639 2517 1694 istud
2540 1681 2555 1706 ,
2588 1649 2680 1695 aut
2708 1642 3089 1710 prazexistente
3115 1640 3416 1696 substantia
3443 1640 3558 1704 duo,
3583 1651 3655 1695 λιιι
3675 1641 3791 1695 abea-

600 1736 736 1790 foris
757 1778 773 1801 ,
817 1745 872 1791 et
900 1736 1023 1791 ideo
1063 1735 1130 1790 ad
1174 1734 1468 1805 potentiam
1489 1776 1504 1797 ,
1538 1733 1737 1804 quippe
1767 1731 1903 1786 visio
1932 1747 2054 1787 cum
2096 1729 2200 1795 sit,

603 1828 870 1901 ὁμοούσιον
898 1841 1028 1899 ergo
1042 1827 1266 1883 visionis
1281 1825 1539 1898 potentia:
1560 1823 1718 1890 visio,
1737 1833 1793 1879 et
1823 1839 1984 1878 unum
2009 1829 2201 1878 totum.

603 1923 675 1978 Et
700 1921 940 1992 potentia
968 1920 1183 1991 quidem
1207 1920 1460 1990 quiescit,
1481 1918 1618 1974 visio
1637 1927 1816 1973 autem
1846 1918 1897 1972 in
1921 1925 2066 1972 motu
2087 1926 2170 1971 est
2189 1933 2204 1973 :

605 2023 663 2069 et
697 2028 795 2083 per
823 2012 1087 2068 visionem
1126 2012 1307 2066 omnia
1354 2011 1585 2066 visibilia
1629 2011 1784 2077 ﬁunt,
1835 2019 1890 2064 et
1927 2009 2208 2081 passiones

607 2108 754 2165 circa
803 2106 1064 2162 visionem
1110 2115 1266 2171 sunt,
1325 2105 1550 2160 visionis
1593 2103 1832 2176 potentia
1890 2101 2210 2174 impassibili

619 2200 910 2265 existente,
937 2209 991 2255 et
1019 2200 1136 2254 sine
1179 2198 1429 2269 passione
1473 2197 1736 2253 visionem
1776 2206 2088 2269 generante.
2121 2195 2212 2252 Sic

611 2291 776 2364 igitur
799 2301 854 2347 et
879 2290 1051 2346 virtus
1077 2299 1131 2346 et
1159 2289 1423 2361 sapientia
1455 2289 1547 2346 Dei
1579 2289 1692 2360 ipse
1715 2290 1878 2356 Deus,
1903 2300 1986 2344 est
2014 2299 2207 2354 totum,

609 2386 754 2456 quod
797 2385 1050 2455 simplex,
1095 2383 1316 2454 etquod
1354 2399 1518 2438 unum
1543 2424 1556 2447 ,
1595 2393 1648 2437 et
1674 2383 1830 2438 unius
1877 2393 1931 2438 et
1972 2381 2212 2450 ejusdem

609 2479 950 2541 substantias,
985 2489 1036 2533 et
1069 2477 1225 2532 simul
1254 2494 1318 2532 ex
1350 2486 1577 2540 aeterno,
1617 2485 1672 2530 et
1714 2492 1956 2544 semper,
1989 2485 2043 2529 et
2073 2491 2101 2528 a
2123 2490 2216 2543 pa-

611 2578 717 2639 tre,
753 2569 845 2640 qui
871 2568 954 2624 sui
979 2577 1266 2640 generator
1310 2577 1394 2623 εει
1450 2567 1710 2623 existens.
1747 2567 2018 2636 Sapientia
2059 2567 2217 2632 igitur

614 2671 672 2718 et
702 2659 873 2716 virtus
898 2659 1251 2730 operationis,
1283 2659 1419 2714 hanc
1441 2660 1583 2713 enim
1607 2659 1858 2714 virtutem
1889 2674 2031 2713 nunc
2052 2657 2219 2729 signi-

616 2753 783 2808 ﬁcat:
823 2752 1104 2822 conjunxit
1140 2751 1283 2806 enim
1324 2750 1646 2822 sapientiam
1684 2759 1737 2805 et
1759 2749 2030 2804 virtutem.
2079 2751 2218 2820 Ergo

614 2847 809 2902 horum
835 2843 1074 2916 potentia
1103 2853 1184 2899 est
1215 2844 1377 2908 Deus,
1403 2851 1457 2898 et
1484 2842 1605 2898 ideo
1635 2847 1813 2913 pater,
1845 2843 1987 2913 quod
2011 2842 2079 2897 ab
2100 2841 2220 2910 ipso

617 2940 721 2996 ista
748 2957 761 2992 :
791 2936 962 3007 gignit
998 2935 1141 2992 enim
1181 2935 1284 2990 ista
1321 2935 1371 2989 in
1417 2935 1684 2990 actionem
1709 2942 1762 2989 et
1793 2932 2215 3005 iinpassibiliter,

2306 1731 2428 1786 dem
2450 1731 2730 1799 scissione,
2753 1741 2846 1787 aut
2864 1731 3154 1788 amissione
3179 1732 3349 1802 partis
3370 1731 3588 1802 ejusdem
3611 1733 3692 1801 ipsa
3709 1731 3790 1786 tacta

2309 1831 2393 1878 εει
2413 1823 2598 1878 eadem
2619 1840 2631 1875 :
2650 1839 2823 1893 neque
2847 1824 3184 1891 dimissione,
3203 1839 3376 1894 neque
3395 1824 3692 1880 diminutione
3707 1824 3792 1878 illius

2315 1925 2470 1970 natus
2513 1927 2626 1982 est,
2659 1915 2753 1970 sed
2787 1917 3057 1988 perlectus
3086 1927 3255 1986 pater,
3292 1926 3348 1972 et
3376 1932 3572 1986 semper
3595 1917 3791 1986 perlectus,

2313 2017 2368 2064 ει
2397 2023 2610 2079 semper
2649 2009 3124 2079 pater:perl'ectus
3168 2011 3342 2078 ﬁlius,
3390 2019 3444 2066 ει
3483 2025 3662 2081 semper
3688 2010 3796 2081 peric-

2311 2110 2462 2166 ctus,
2509 2112 2564 2156 et
2609 2117 2672 2156 ex
2717 2109 2922 2156 aeterno
2963 2111 3019 2158 et
3057 2103 3108 2158 in
3138 2113 3402 2158 internum
3437 2101 3579 2159 ﬁlius.
3605 2103 3794 2171 Quomodo

2315 2196 2475 2267 igitur
2499 2196 2685 2252 eadem
2707 2239 2721 2261 ,
2754 2197 2804 2250 in
2831 2197 3041 2252 duobus
3066 2198 3208 2252 enim
3236 2213 3359 2268 qua:
3384 2197 3592 2253 eadem?
3615 2197 3688 2252 sed
3707 2205 3796 2265 pater

2317 2297 2372 2343 et
2402 2288 2543 2342 ﬁlius
2573 2303 2736 2343 unum
2756 2330 2770 2356 ,
2805 2297 2860 2344 et
2887 2289 2978 2360 qui
3008 2298 3179 2360 pater,
3213 2283 3400 2359 pater:
3429 2299 3480 2345 et
3505 2290 3584 2360 qui
3611 2290 3738 2353 ﬁlius,
3760 2289 3796 2341 ti-

2321 2379 2448 2434 lius.
2477 2381 2540 2434 Et
2566 2365 2672 2435 non
2699 2381 2839 2436 idem
2868 2392 3019 2452 pater
3043 2393 3097 2438 et
3123 2383 3280 2446 ﬁlius,
3313 2398 3416 2439 nec
3439 2382 3567 2438 idem
3591 2380 3700 2436 ﬁlius
3717 2387 3805 2451 pater

2317 2473 2434 2542 ejus
2456 2473 2607 2543 cujus
2631 2474 2768 2528 ﬁlius
2789 2485 2891 2530 est.
2916 2475 3030 2530 Non
3055 2491 3186 2547 ergo
3207 2493 3375 2532 unum
3400 2485 3544 2532 sunt:
3568 2491 3705 2546 neque
3721 2475 3806 2544 ipsa,

2319 2581 2495 2637 neque
2530 2567 2718 2622 eadem
2749 2577 2836 2624 εει
2864 2568 3182 2624 substantia.
3218 2569 3553 2641 Relinquitur
3585 2584 3686 2640 ergo
3713 2566 3810 2622 motio

2320 2659 2548 2728 quodam
2580 2674 2700 2715 esse
2729 2671 2782 2715 et
2813 2661 2982 2731 ipsam
3013 2670 3068 2716 et
3097 2661 3369 2718 eamdem.
3412 2661 3525 2719 Non
3552 2664 3671 2717 enim
3695 2661 3748 2714 las
3764 2667 3811 2713 est

2327 2749 2507 2805 dicere
2529 2750 2752 2807 alterius
2775 2766 2897 2808 esse
2921 2753 3235 2809 sul-stantia
3262 2764 3469 2824 patrem
3495 2763 3546 2810 et
3565 2754 3720 2808 ﬁlium:
3737 2764 3813 2821 quo-

2323 2843 2465 2896 niam
2493 2843 2634 2912 quod
2663 2845 2732 2897 sit
2756 2843 2872 2914 ipsa
2898 2843 3160 2922 dicemus,
3187 2846 3302 2902 sive
3333 2848 3500 2903 Deum
3523 2857 3572 2902 et
3587 2843 3712 2920 Λόγον
3728 2844 3815 2898 diee-

2323 2949 2471 2999 mns,
2517 2936 2630 2990 sive
2665 2937 2830 2990 Deum
2861 2945 2914 2991 et
2943 2937 3035 2992 Dei
3064 2939 3316 2994 virtutem
3351 2949 3408 2995 et
3435 2935 3817 3010 sapientiamsm

619 3028 766 3101 quod
804 3029 1056 3102 ὁμοούσια
1085 3035 1210 3081 sunt
1240 3027 1478 3096 potentia
1519 3033 1572 3080 et
1602 3025 1741 3079 actin
1769 3033 1824 3080 et
1853 3025 2014 3090 Deus,
2046 3033 2100 3078 et
2124 3023 2219 3080 Dei
2249 3023 2293 3087 C
2326 3029 2468 3098 quod
2495 3040 2578 3082 est
2603 3044 2724 3086 esse
2751 3039 2806 3085 et
2832 3032 3020 3097 vitam,
3046 3032 3161 3088 sive
3182 3033 3328 3104 quod
3355 3043 3442 3090 est
3464 3048 3577 3093 esse
3600 3031 3819 3101 intelligat,

623 3121 820 3187 virtus,
854 3128 909 3174 ct
949 3118 1212 3188 sapientia
1240 3135 1254 3172 :
1283 3134 1402 3187 qua:
1433 3133 1553 3172 cum
1589 3118 1762 3172 activa
1801 3126 1944 3178 sunt,
1979 3116 2128 3188 juxta
2159 3133 2222 3172 ea

621 3228 742 3285 qua:
768 3211 900 3266 foris
936 3217 1062 3264 sunt
1081 3225 1265 3264 curam
1297 3209 1550 3265 habentia
1569 3251 1582 3276 ,
1610 3209 1676 3264 ad
1711 3211 1878 3264 Deum
1906 3219 2053 3274 sunt,
2082 3224 2224 3265 sem-

623 3319 722 3375 per
779 3303 1096 3374 sapientiam
1154 3302 1368 3367 dantia,
1432 3317 1645 3372 semper
1705 3301 2060 3365 viviﬁcantia,
2116 3316 2224 3356 non

624 3398 825 3463 Deum,
877 3396 970 3452 sed
1023 3411 1053 3448 a
1118 3396 1227 3451 Deo
1273 3395 1467 3449 factam
1527 3410 1621 3464 per
1668 3393 1956 3462 semetipsa
2010 3409 2226 3449 omnem

629 3499 932 3546 creaturam
973 3503 986 3540 :
1034 3496 1089 3542 ει
1133 3487 1178 3542 si
1227 3501 1331 3557 qua
1405 3485 1619 3557 passio,
1664 3485 1717 3538 in
1783 3483 1993 3540 actione
2052 3485 2229 3554 passio

626 3590 731 3638 est.
776 3580 883 3634 Isto
943 3578 1106 3634 modo
1149 3578 1265 3634 sive
1310 3579 1454 3653 λόγος
1490 3585 1570 3634 εει
1618 3577 1796 3641 .Iesus,
1850 3575 1964 3630 sive
2011 3577 2227 3640 lumen,

635 3671 752 3726 sive
799 3669 1142 3739 refulgentia,
1187 3670 1302 3724 sive
1349 3669 1542 3735 forma,
1577 3668 1690 3723 sive
1734 3668 1946 3739 imago,
1972 3667 2088 3724 sive
2126 3668 2233 3723 vir-

630 3771 722 3816 tus
764 3771 820 3816 et
848 3760 1114 3830 sapientia
1136 3801 1152 3826 ,
1177 3762 1290 3815 sive
1337 3760 1645 3828 character,
1675 3760 1790 3816 sive
1832 3762 1936 3816 vita
1971 3761 2234 3834 ὁμοούσιον

631 3853 913 3924 apparebit
938 3851 1096 3927 Λόγος
1124 3860 1176 3907 ει
1221 3851 1358 3907 Deus
1391 3853 1572 3919 Pater,
1613 3862 1669 3908 et
1695 3853 1887 3921 Filius,
1921 3853 2153 3925 Spiritus
2180 3863 2236 3910 et

633 3945 901 4002 Christus.

709 4037 842 4094 XLI.
873 4037 1064 4094 Adhuc
1091 4035 1404 4092 inducamus
1430 4035 1615 4092 eadem
1640 4037 1774 4108 ipsa.
1802 4037 1974 4094 Vitam
1997 4039 2238 4096 dicentes

633 4131 909 4188 Christum
928 4173 942 4198 ,
974 4130 1246 4203 quomodo
1271 4130 1534 4203 ὁμοούσιος
1563 4141 1645 4186 εει
1673 4132 1817 4188 Deo?
1846 4132 1981 4189 Dicit
2004 4133 2240 4190 Joannes

636 4225 834 4300 (Joan.
861 4242 908 4290 ι,
933 4227 989 4291 3,
1014 4225 1111 4296 4):
1147 4225 1298 4292 Quod
1323 4225 1518 4294 factum
1541 4234 1643 4288 est,
1672 4226 1723 4279 in
1750 4226 1862 4296 ipso
1890 4229 1989 4282 vita
2016 4239 2140 4282 erat.
2173 4227 2242 4283 Et

635 4317 831 4373 iterum
856 4315 1051 4389 (Joan.
1080 4331 1136 4380 ν,
1158 4314 1261 4384 26)
1285 4332 1297 4367 ε
1324 4315 1490 4369 Sicuti
1515 4315 1647 4369 enim
1674 4325 1815 4385 pater
1840 4317 1985 4371 habet
2011 4319 2164 4372 vitam
2186 4319 2240 4372 iit

2325 3129 2429 3215 aut)
2446 3121 2850 3192 intelligentiam
2871 3165 2886 3188 ,
2910 3125 3024 3180 sive
3047 3139 3170 3180 esse
3194 3135 3250 3182 et
3272 3128 3444 3182 vitam
3472 3127 3743 3204 intelligere,
3757 3123 3821 3177 sive

2329 3217 2533 3282 patrem
2577 3223 2632 3269 et
2673 3215 2875 3282 ﬁlium,
2921 3217 3037 3272 sive
3077 3217 3258 3274 lumen
3296 3229 3358 3276 et
3393 3215 3823 3290 eﬁ'ulgcntiam,siie

2329 3302 2496 3357 Deum
2525 3313 2578 3359 et
2606 3303 3006 3372 characterem,
3037 3308 3150 3364 sive
3179 3309 3356 3366 Deum
3387 3320 3444 3366 et
3469 3303 3671 3364 formam
3691 3315 3731 3361 et
3749 3306 3824 3359 iuu-

2329 3393 2506 3465 ginem
2523 3437 2536 3462 ,
2567 3397 2681 3452 sive
2705 3398 3054 3454 substantiam
3081 3410 3134 3456 et
3159 3401 3398 3472 speciem
3415 3444 3430 3468 ,
3455 3403 3588 3459 sicut
3611 3402 3694 3465 ibi,
3714 3402 3828 3452 nonut

2333 3486 2486 3554 heic,
2520 3489 2632 3543 sive
2661 3490 3013 3545 Substantiam
3045 3500 3102 3548 et
3133 3493 3467 3561 motionem,
3498 3495 3604 3549 sive
3631 3489 3827 3563 potentiam

2335 3588 2388 3634 et
2409 3581 2698 3646 actionem,
2725 3582 2838 3640 sive
2859 3584 3132 3640 silentium
3159 3595 3213 3642 et
3233 3588 3458 3644 eﬂ'atum
3487 3589 3648 3659 ipsum
3670 3585 3833 3641 substan-

2335 3670 2462 3725 tiam
2489 3686 2613 3727 esse
2638 3674 3023 3731 conﬁtendum.
3055 3677 3223 3732 Deum
3253 3680 3402 3734 enim
3435 3678 3577 3751 quod
3600 3687 3672 3734 est
3689 3672 3835 3732 essedr

2334 3773 2523 3819 centes
2549 3763 2712 3820 ﬁlium
2735 3766 2933 3836 vitam;
2958 3771 3230 3840 quomodo
3251 3787 3571 3843 separamus
3598 3772 3731 3825 vitam
3746 3767 3838 3820 abeo

2336 3855 2480 3926 quod
2508 3865 2590 3912 est
2615 3873 2756 3920 esse.
2785 3859 2898 3915 sive
2925 3859 2976 3915 in
3006 3872 3187 3932 patre,
3215 3863 3330 3919 sive
3358 3865 3414 3920 in
3445 3864 3584 3919 ﬁlio?
3607 3861 3769 3918 Etenim
3788 3869 3838 3924 ιιι-

2339 3957 2422 4003 ter
2464 3950 2515 4004 in
2553 3949 2732 4021 scipso
2758 3949 2920 4008 habet
2946 3952 3107 4008 vitam
3125 3995 3141 4021 ,
3169 3965 3225 4011 et
3250 3955 3431 4023 ﬁlius,
3459 3964 3674 4026 excepto
3695 3950 3795 4024 quod
3810 3947 3841 3999 l-

2337 4038 2441 4094 lius
2475 4056 2505 4095 a
2549 4054 2700 4112 patre
2725 4045 2934 4115 accepit
2960 4045 3102 4114 quod
3133 4047 3316 4104 habet.
3344 4049 3512 4105 Pater
3537 4063 3656 4119 ergo
3677 4056 3720 4101 ct
3738 4041 3842 4098 Filius

2341 4145 2370 4184 a
2403 4147 2462 4187 se
2488 4134 2624 4199 orti,
2658 4149 2687 4188 a
2719 4150 2777 4192 se
2804 4145 3051 4207 potentes
3077 4137 3144 4193 ad
3176 4140 3374 4208 vitam,
3419 4142 3500 4197 sic
3539 4139 3662 4196 mihi
3693 4134 3845 4200 intelligi

2344 4223 2546 4281 habere
2573 4227 2783 4295 dicere,
2816 4230 3088 4300 quomodo
3117 4231 3509 4304 Evangelium,
3538 4243 3584 4288 et
3620 4241 3739 4302 pater
3767 4227 3843 4280 ai!

2347 4317 2492 4372 habet
2532 4319 2585 4372 in
2615 4335 2668 4374 se
2696 4320 2870 4374 vitam.
2913 4320 3122 4379 Habere
3161 4339 3294 4398 ergo
3331 4341 3444 4382 non
3487 4325 3636 4397 quasi
3667 4313 3847 4378 aliudsal

633 4409 926 4478 semetipsa,
967 4408 1040 4461 sic
1079 4415 1124 4461 et
1161 4406 1270 4475 ﬁlio
1297 4408 1432 4461 dedit
1471 4409 1624 4461 vitam
1654 4409 1836 4464 habere
1859 4412 1910 4464 in
1937 4413 2202 4480 semetipso
2223 4427 2241 4467 :
2265 4414 2319 4476 D
2346 4409 2519 4480 ipsum
2549 4419 2664 4478 est,
2693 4411 2786 4468 sed
2820 4413 2872 4468 in
2903 4413 3200 4472 intellectu.

633 4500 773 4570 Quid
815 4509 922 4555 tam
963 4497 1160 4553 simul?
1199 4497 1332 4566 Quid
1363 4507 1468 4554 tam
1497 4499 1873 4557 ideni‘IHabet
1899 4512 2049 4572 pater
2089 4505 2138 4559 in
2178 4521 2237 4562 se

635 4592 838 4648 vitam’:
874 4591 1038 4646 habet
1067 4599 1121 4646 et
1157 4591 1296 4645 ﬁlius
1329 4591 1380 4646 in
1423 4601 1593 4648 semet
1624 4593 1806 4648 vitam.
1847 4595 1984 4662 Quid
2027 4607 2104 4652 est
2141 4596 2237 4653 ba-

633 4687 763 4742 bere
801 4688 964 4740 vitam
995 4686 1045 4739 in
1083 4684 1299 4756 seipso?
1323 4685 1499 4756 Ipsum
1531 4686 1630 4741 sibi
1657 4687 1817 4740 vitun
1849 4704 2002 4759 esse,
2035 4706 2140 4746 non
2169 4692 2237 4746 ab

635 4779 741 4833 alio
778 4779 1023 4847 accipere
1062 4778 1258 4842 vitam,
1290 4778 1383 4832 St'd
1413 4793 1442 4830 a
1475 4778 1655 4849 seipso
1683 4789 1738 4834 et
1765 4779 1886 4834 aliis
1915 4781 2064 4836 dare.
2100 4783 2238 4837 Dicit

634 4871 825 4939 aliquis
853 4870 1040 4924 similis
1066 4870 1378 4924 substanti:e
1407 4859 1556 4935 esse,
1603 4889 1706 4926 non
1750 4881 1928 4929 tamen
1971 4874 2235 4947 ὁμοούσιον

633 4977 772 5017 esse.
819 4961 954 5015 illud
989 4963 1097 5030 jam
1139 4963 1372 5028 dictum,
1414 4965 1664 5033 quoniam
1687 5008 1700 5032 ,
1732 4966 1904 5021 simile
1940 4969 2234 5026 substantia

631 5069 742 5109 non
784 5051 1010 5106 dicitur:
1058 5067 1229 5122 neque
1269 5053 1411 5108 enim
1452 5056 1717 5125 est.juxta
1758 5059 1897 5123 quod
1937 5060 2232 5118 substantia

635 5154 749 5210 est,
792 5142 962 5211 magis
1005 5151 1180 5196 autem
1221 5145 1263 5197 si
1294 5145 1530 5213 ejusdem
1577 5148 1891 5205 substantia:
1933 5161 2046 5219 est,
2090 5154 2229 5210 idem

626 5234 926 5293 substantia
955 5234 1171 5296 dicitur,
1203 5252 1308 5290 non
1337 5237 1531 5299 simile,
1557 5239 1732 5294 simile
1759 5242 1899 5296 enim
1925 5245 2075 5313 juxta
2101 5263 2232 5317 qua-

620 5330 830 5392 iitatcs,
863 5337 922 5382 ιιι
953 5327 1088 5394 ignis
1113 5326 1411 5382 substantia
1440 5339 1520 5383 est
1539 5371 1552 5393 ,
1583 5340 1636 5384 et
1661 5347 1754 5386 aer
1779 5337 2071 5392 secundum
2100 5340 2228 5396 sub-

622 5421 872 5477 stantiam
915 5419 1092 5487 idem,
1137 5417 1227 5479 ὖλη
1269 5419 1412 5475 enim
1455 5421 1644 5478 ambo:
1670 5425 2014 5494 qualitatibus
2041 5441 2221 5488 autem

626 5514 834 5578 simile,
858 5523 948 5568 aut
986 5510 1281 5576 dissimile,
1323 5513 1540 5568 notione
1580 5514 1868 5584 virtutum,
1912 5527 1966 5573 et
2005 5520 2124 5577 aliis
2151 5525 2224 5579 si-

618 5606 765 5666 mile.
798 5605 892 5662 Dic
918 5613 972 5662 et
999 5614 1173 5674 terra,
1203 5614 1256 5662 et
1280 5619 1414 5676 aqua
1444 5605 1707 5678 gravitate
1732 5617 1786 5665 et
1813 5610 2099 5679 densitate,
2131 5625 2224 5672 aut

2419 4503 2575 4559 XLII.
2627 4505 2732 4562 Ista
2761 4506 3014 4564 diximus.
3069 4511 3125 4567 Si
3162 4509 3326 4582 igitur
3367 4517 3617 4585 paterin
3653 4496 3852 4574 semetipso

2345 4593 2508 4651 habet
2538 4597 2736 4663 vitam,
2769 4599 2874 4654 vita
2904 4609 3017 4668 est,
3049 4611 3105 4658 et
3130 4605 3436 4662 substantia
3469 4609 3586 4678 ejus
3611 4607 3704 4661 vita
3727 4603 3851 4663 θείνει

2343 4688 2423 4743 sic
2454 4689 2615 4744 ﬁlius.
2651 4691 2787 4746 Dicit
2817 4692 2962 4748 enim
2995 4694 3192 4766 (Joan.
3227 4713 3340 4767 xw,
3372 4699 3452 4772 6)
3479 4719 3492 4754 :
3525 4699 3634 4772 Ego
3661 4714 3751 4754 sum
3771 4694 3855 4746 ιῐιιῑ

2345 4792 2497 4853 pater
2525 4800 2654 4855 ergo
2685 4786 2790 4840 vita
2824 4797 2936 4854 est,
2971 4797 3025 4844 et
3066 4789 3204 4845 ﬁlius
3241 4794 3371 4848 vita.
3422 4795 3613 4849 Omnis
3650 4793 3736 4847 vita
3763 4787 3854 4855 iam

2344 4877 2487 4945 quod
2517 4877 2622 4931 vita
2661 4887 2775 4948 est,
2819 4891 2996 4936 motus
3021 4891 3127 4951 est,
3158 4882 3444 4942 viviﬁcans
3471 4886 3658 4954 quibus
3681 4883 3860 4953 posse-(’5‘

2345 4969 2625 5026 viviﬁcari.
2665 4972 2731 5026 Et
2783 4971 2983 5029 idcirco
3036 4975 3278 5032 deﬁnitio
3330 4980 3539 5034 animae
3577 4987 3629 5033 et
3664 4976 3762 5030 Vlla!
3798 4969 3855 5022 is“

2342 5072 2458 5118 est:
2501 5063 2644 5133 quod
2673 5079 2701 5117 a
2732 5079 2792 5120 se
2832 5076 3080 5122 movetur
3117 5083 3260 5124 esse.
3302 5069 3371 5125 Et
3407 5080 3470 5126 ut
3498 5067 3764 5128 substantia
3792 5061 3862 5129 eius

2341 5154 2482 5210 istud
2513 5157 2725 5225 dicitur,
2760 5159 2928 5214 multo
2959 5160 3128 5232 magis
3157 5178 3288 5234 ergo
3317 5164 3424 5220 ista
3460 5166 3516 5220 in
3556 5166 3661 5220 Deo
3691 5173 3735 5216 et
3756 5159 3858 5226 sip»

2340 5246 2478 5308 Quid
2505 5264 2636 5318 ergo
2666 5248 2937 5306 diximus?
2967 5252 3072 5307 vita
3114 5245 3266 5324 pater
3303 5264 3357 5310 et
3400 5254 3699 5312 substantia
3732 5253 3864 5312 est,tt

2338 5354 2397 5393 se
2426 5355 2646 5396 movens
2676 5341 3005 5412 substantia,
3030 5355 3085 5401 et
3113 5347 3241 5402 nihil
3269 5348 3414 5404 aliud
3446 5365 3512 5406 se
3536 5361 3740 5406 m0vens
3759 5341 3862 5398 motio

2338 5433 2438 5489 nisi
2475 5435 2582 5488 vita
2617 5435 2730 5506 ipsa
2751 5479 2765 5503 ,
2797 5437 2960 5506 igitur
2989 5448 3045 5495 et
3073 5439 3368 5497 substantia
3389 5483 3405 5506 ,
3438 5451 3498 5499 et
3523 5444 3651 5499 vita.
3677 5437 3764 5498 Sed
3784 5446 3864 5505 φιν

2337 5525 2478 5580 niam
2511 5525 2563 5580 in
2597 5535 2745 5583 motu
2777 5529 3130 5602 intelligentia
3158 5533 3309 5604 quasi
3349 5534 3510 5591 aliud
3541 5527 3862 5599 adiutelligitlti

2330 5626 2384 5674 et
2409 5633 2512 5675 non
2545 5619 2786 5691 perfecte
2817 5621 2984 5680 aliud.
3017 5623 3197 5696 Ipsum
3229 5636 3412 5684 autem
3457 5629 3646 5687 vivere
3681 5625 3740 5685 ad
3769 5613 3865 5678 aliod
