4018 6184
231 315 362 374 1075

1441 321 1806 380 ADVERSUS
1843 327 2063 391 ARIUM
2101 331 2307 392 LIBER
2346 336 2386 392 Ι.

3377 350 3517 406 1074

233 434 384 491 velli“
415 434 674 490 πιῖιῑίὸηθ
705 434 757 489 in
791 441 1017 506 υιτοίιιιο
1056 436 1308 504 auctius.
1347 427 1496 505 Ῐυιῑα
1536 439 1680 509 qum!
1710 438 1816 495 Vita
1845 444 1899 504 A
1924 445 2094 516 ﬁlius,
2132 452 2333 509 veritas
2375 455 2547 525 Deus,
2593 459 2790 516 veritas
2828 461 3000 528 ﬁlius,
3041 472 3096 519 et
3125 464 3266 520 Dens
3293 476 3346 521 et
3374 467 3513 524 ﬁlius

232 536 334 593 est,
367 534 422 582 et
451 535 630 581 motus
659 535 774 592 est,
806 543 969 582 unum
998 537 1098 584 est.
1131 529 1337 584 Rursus
1358 529 1510 599 juxta
1538 531 1679 600 quod
1713 531 1818 587 vita

230 627 322 686 est,
348 618 400 672 in
423 617 596 688 ipsum
619 617 762 672 aliud
787 634 969 685 unum,
995 629 1048 674 et
1071 619 1268 675 idcirco
1288 621 1474 676 eadem
1497 621 1814 677 substantia.

231 711 328 769 Sed
351 712 466 768 sive
496 713 607 782 ipsa
629 755 642 779 ,
676 710 788 766 sive
817 711 1000 766 eadem
1032 713 1298 786 ὁμοούσιον
1334 715 1637 770 necessario
1665 726 1718 770 et
1745 717 1819 771 si-

165 842 170 847 -
229 804 332 861 mul
358 805 739 874 estzqnoniam
777 803 883 859 duo
912 806 1070 859 simul
1095 815 1250 871 sunt;
1277 807 1475 862 etenim
1503 807 1619 863 sine
1645 807 1817 864 altero

229 913 493 968 nunquam
531 896 628 953 fuit
650 898 902 954 alterum.
933 898 1105 955 Unum
1135 915 1263 970 ergo
1283 911 1334 956 et
1358 917 1519 956 unum
1550 913 1674 957 sunt
1695 903 1812 957 ista.

228 989 332 1046 Hoc
360 990 519 1060 igitur
540 989 680 1060 quod
703 999 784 1045 est
804 1004 924 1046 esse
941 990 1126 1056 vitam,
1154 998 1209 1046 et
1235 1007 1329 1062 per
1355 1001 1527 1048 semet
1556 1007 1676 1048 esse
1703 1010 1815 1049 mo-

230 1082 451 1146 tionem,
485 1090 636 1152 pater
660 1093 776 1138 est:
809 1082 921 1138 Hoc
950 1092 1126 1138 autem
1161 1085 1302 1154 quod
1335 1095 1418 1140 est
1443 1095 1643 1140 motum
1672 1102 1815 1154 esse,

227 1184 275 1232 et
299 1191 390 1246 per
420 1185 589 1230 semet
619 1190 742 1232 esse
771 1177 962 1243 vitam,
998 1176 1134 1232 ﬁlius
1164 1188 1266 1232 cst.
1318 1177 1491 1234 Causa
1527 1181 1670 1236 enim
1696 1196 1812 1235 mo-

226 1267 377 1324 tionis
404 1267 532 1322 vita.
565 1267 726 1324 Pater
753 1283 880 1339 ergo
906 1279 959 1325 et
991 1271 1160 1339 magis
1189 1271 1495 1340 principalis
1524 1272 1630 1325 vita
1650 1314 1665 1339 ,
1695 1287 1814 1326 mo-

225 1361 417 1419 tionem
445 1361 870 1431 requiescentem
902 1361 1103 1417 habens
1134 1363 1187 1417 in
1215 1362 1562 1429 abscondito,
1591 1371 1648 1418 et
1677 1363 1818 1418 intus

223 1467 277 1510 se
297 1463 598 1510 moventem
618 1473 632 1510 :
649 1453 815 1510 Filius
835 1463 1013 1509 autem
1038 1456 1088 1508 in
1111 1453 1395 1510 manifesto
1416 1455 1604 1520 motio,
1622 1465 1676 1509 et
1697 1454 1818 1509 ideo

224 1547 390 1614 ﬁlius,
418 1550 670 1621 quoniam
698 1549 766 1604 ab
787 1564 854 1605 eo
883 1549 1024 1620 quod
1052 1557 1134 1605 est
1164 1549 1308 1604 intus
1340 1551 1620 1620 processit.
1651 1550 1818 1621 Magis

223 1650 393 1696 autem
425 1642 591 1697 motio
619 1642 884 1704 existens,
927 1640 1069 1712 quod
1101 1641 1153 1696 in
1181 1641 1485 1698 manifesto.
1519 1643 1626 1697 Isto
1653 1643 1817 1697 modo

221 1743 271 1788 et
296 1731 402 1787 vita
431 1730 570 1787 [ilius
600 1747 630 1786 a
662 1743 810 1801 patre
842 1734 972 1800 vita,
1009 1734 1096 1796 qui
1127 1735 1207 1789 sic
1230 1735 1422 1804 accipit
1448 1734 1609 1789 vitam
1639 1750 1760 1790 esse
1785 1751 1815 1790 a

221 1823 606 1896 prmprincipali
638 1824 918 1894 principio.
951 1824 1142 1880 Natum
1171 1826 1476 1881 universale
1504 1825 1570 1881 ab
1599 1827 1812 1881 univer-
1844 1818 1894 1878 B

219 1917 343 1986 sali,
375 1925 486 1972 tota
517 1932 585 1973 ex
619 1925 754 1982 tota,
783 1918 1068 1973 et-ideirco
1095 1918 1224 1973 dicit
1253 1918 1432 1988 (Joan.
1463 1934 1546 1985 vt,
1573 1919 1699 1990 58):
1732 1919 1817 1972 Vi-

221 2027 334 2066 vens
365 2019 506 2082 pater
535 2011 670 2065 misit
697 2027 804 2078 me,
836 2020 883 2064 et
914 2026 1006 2081 ego
1035 2011 1142 2065 vivo
1166 2020 1381 2080 prapter
1409 2011 1600 2079 ipsum.
1632 2011 1686 2066 Si
1720 2011 1818 2080 igi-

225 2110 310 2158 tur
345 2115 610 2172 generans
641 2103 692 2155 in
722 2101 866 2166 vita,
907 2109 961 2156 et
1003 2101 1142 2156 ﬁlius
1185 2101 1480 2156 secundum
1523 2103 1817 2157 motionem

225 2195 388 2250 ﬁlium
409 2235 426 2262 ,
457 2193 750 2250 secundum
774 2202 952 2250 autem
976 2204 1177 2250 motum
1205 2195 1369 2250 vitam
1395 2209 1539 2262 esse,
1567 2195 1728 2250 vitam
1745 2182 1820 2250 'ﬁ-

225 2287 296 2344 lio
325 2288 484 2344 dante
514 2296 666 2359 patre
696 2288 748 2342 itt
780 2289 1073 2344 motionem
1098 2330 1113 2356 ,
1143 2290 1547 2358 generationem
1576 2299 1630 2345 et
1659 2289 1819 2344 simul

227 2381 416 2448 vitam,
447 2381 563 2451 ipse
587 2389 764 2436 autem
799 2382 850 2436 in
881 2382 1170 2452 semetipso
1196 2383 1493 2455 ὁμοούσιον;
1515 2397 1643 2455 ergo
1661 2392 1821 2453 pater
1851 2439 1855 2442 .

226 2483 279 2530 et
308 2474 446 2528 ﬁlius
473 2483 528 2529 et
558 2489 720 2528 unum
747 2485 829 2530 est
853 2489 1088 2545 semper,
1120 2484 1174 2530 et
1200 2491 1266 2530 ex
1295 2487 1498 2532 aeterno
1521 2485 1676 2532 natus
1701 2486 1816 2545 est,

227 2567 496 2623 etalterin
519 2566 716 2633 altero,
738 2576 792 2621 et
813 2567 1184 2636 inseparabilis
1206 2568 1494 2638 separatio,
1517 2577 1571 2623 et
1592 2568 1646 2623 in
1669 2577 1818 2637 patre

229 2657 396 2726 ﬁlius,
423 2666 479 2713 et
505 2658 557 2713 in
591 2658 700 2713 ﬁlio
730 2669 902 2726 pater,
930 2667 988 2714 et
1027 2661 1261 2716 maxime
1303 2659 1444 2716 ﬁlius
1481 2661 1651 2726 actio,
1683 2677 1818 2732 quo-

228 2753 371 2808 niam
402 2753 542 2808 ﬁlius
568 2768 690 2808 cum
716 2753 934 2810 actione
962 2754 1099 2809 vita:
1129 2754 1290 2810 Pater
1314 2765 1494 2811 autem
1522 2755 1817 2811 secundum

230 2845 284 2902 id
330 2846 472 2917 quod
499 2855 583 2902 est
626 2860 779 2910 esse,
807 2846 948 2912 vita;
979 2854 1034 2902 et
1083 2847 1375 2902 secundum
1427 2846 1570 2918 quod
1609 2857 1691 2903 est
1739 2849 1820 2902 vi-

230 2945 338 2992 tam
377 2952 530 3002 esse,
559 2938 722 2993 actio.
766 2936 945 2992 Manet
972 2938 1134 3007 igitur
1164 2945 1335 3008 pater,
1381 2948 1434 2993 et
1474 2938 1822 3008 impassibilis

228 3035 431 3084 manet.
475 3027 742 3098 Operatut'
786 3026 958 3094 ﬁlius,
988 3035 1042 3083 et
1087 3027 1138 3083 in
1187 3027 1674 3084 manifestationem
1725 3029 1823 3085 du-

229 3122 322 3178 cit.
356 3122 423 3176 Et
450 3121 589 3176 Deus
617 3123 761 3177 intus
785 3131 1072 3191 operatur,
1101 3121 1376 3176 existente
1416 3122 1628 3177 actione
1665 3122 1817 3193 juxta

1921 559 2024 598 una
2053 547 2268 602 veritas.
2319 548 2528 606 Veritas
2556 553 2699 607 enim
2727 555 2777 609 in
2805 558 3094 627 semetipsa
3125 558 3339 613 veritas.
3383 560 3513 615 Item

1919 637 1963 690 si
1992 638 2183 694 similis
2210 640 2420 697 veritati
2461 654 2542 699 est
2582 644 2753 712 ﬁlius,
2796 647 2848 702 id
2883 659 3000 716 est,
3041 651 3183 720 quod
3223 651 3400 707 simile
3431 663 3516 708 est

1923 726 2070 783 ducit
2089 772 2104 796 ,
2132 747 2252 800 qua:
2277 733 2457 789 ducit?
2483 737 2526 790 si
2552 748 2730 793 autem
2757 740 2988 808 veritas,
3019 741 3071 796 iit
3102 743 3380 799 veritatem
3411 744 3515 800 du-

1919 821 2012 875 cit.
2045 822 2156 878 Scd
2177 825 2321 879 enim
2359 828 2522 883 Deum
2550 829 2728 899 ducit,
2760 841 2816 888 et
2846 835 2987 890 Deus
3014 837 3240 903 veritas,
3285 837 3337 892 in
3374 840 3514 894 veri-

1923 922 2084 969 tatem
2114 916 2263 972 ducit
2293 934 2444 989 ergo.
2479 923 2586 978 Sed
2620 925 2986 994 impossibile,
3017 944 3140 984 cum
3170 930 3282 1000 ipse
3313 932 3516 988 veritas

1920 1022 2025 1062 non
2054 1007 2154 1075 sit,
2184 1009 2236 1064 in
2277 1013 2558 1068 veritatem
2589 1015 2818 1073 ducere:
2850 1018 3047 1074 veritas
3078 1037 3206 1092 ergo
3247 1032 3301 1077 et
3340 1033 3512 1093 pater,

1919 1113 1970 1158 et
2002 1103 2171 1170 ﬁlius,
2200 1105 2359 1160 sicuti
2385 1117 2437 1161 et
2462 1108 2658 1164 dicitur
2687 1110 2877 1182 (Joan.
2902 1130 2951 1168 vr
2970 1156 2982 1176 ,
3011 1115 3145 1186 57):
3177 1116 3336 1182 Quem
3365 1119 3519 1172 mittit

1919 1201 1987 1252 ad
2013 1215 2090 1252 me
2119 1197 2297 1265 Pater,
2327 1202 2419 1255 iste
2444 1202 2514 1256 ad
2539 1220 2616 1257 me
2642 1206 2819 1260 veniet.
2850 1205 2931 1261 Ex
2971 1206 3088 1262 istis
3115 1209 3364 1266 omnibus
3405 1225 3512 1266 non

1919 1289 2092 1343 solum
2119 1291 2477 1360 concluditur,
2509 1294 2602 1350 sed
2634 1295 2912 1351 manifesta
2941 1296 3174 1352 efﬁcitur
3214 1299 3517 1367 confessio,

1918 1392 2071 1435 extra
2087 1383 2435 1440 mutationem
2453 1400 2572 1440 esse
2588 1396 2788 1441 motum
2819 1387 2874 1442 in
2903 1389 3032 1443 Deo.
3053 1389 3168 1444 Non
3191 1390 3336 1444 enim
3367 1391 3518 1447 Iocao

1919 1471 1985 1527 lis
2009 1489 2182 1544 nequc
2203 1489 2321 1528 cum
2348 1476 2595 1544 passione
2615 1479 2908 1548 generatio,
2931 1490 3024 1534 aut
3043 1483 3407 1552 corruptione,
3430 1491 3525 1538 aut

1920 1575 2236 1635 augmento,
2267 1567 2348 1622 vel
2375 1567 2691 1637 minutione,
2725 1586 2895 1640 neque
2922 1572 3093 1642 aliqua
3126 1572 3519 1641 immutatione;

1920 1667 2002 1713 εει
2031 1657 2173 1712 enim
2204 1675 2420 1715 movere
2448 1660 2562 1726 ibi,
2596 1671 2649 1716 et
2677 1663 2882 1717 moveri
2911 1663 3084 1731 ipsum
3114 1665 3255 1734 quod
3283 1676 3366 1719 est
3394 1680 3517 1720 esse
3549 1647 3554 1698 ἶ

1921 1751 2077 1806 simul
2096 1763 2146 1807 et
2169 1753 2367 1823 ipsum,
2386 1763 2440 1809 ει
2456 1755 2702 1824 simplex,
2725 1765 2778 1810 ct
2800 1757 3097 1824 intellectu,
3123 1775 3284 1812 unum
3312 1758 3366 1812 itt
3392 1773 3521 1825 uno,

1920 1843 2058 1898 sicut
2073 1843 2125 1897 in
2151 1845 2408 1913 potentia,
2429 1855 2483 1902 ει
2502 1847 2732 1904 aetinne.
2751 1849 2977 1920 Semper
2992 1850 3228 1920 quidem,
3252 1851 3519 1924 ὁμοούσιον

1922 1931 1974 1987 in
1998 1949 2062 1988 ευ
2085 1935 2224 2003 quod
2247 1947 2329 1991 est
2351 1951 2493 2006 esse,
2512 1940 2806 1995 secundum
2827 1952 3005 1996 autem
3028 1957 3187 2012 agere
3205 1942 3270 1996 ab
3289 1957 3356 1997 eo
3375 1943 3518 2012 quod

1921 2035 2004 2080 est
2038 2039 2188 2094 esse,
2233 2026 2407 2095 ﬁlius,
2446 2038 2500 2084 et
2535 2039 2708 2101 pater.
2749 2031 2854 2088 Sed
2893 2032 3050 2088 sicuti
3080 2033 3280 2090 dictum
3320 2044 3434 2103 est,
3467 2045 3524 2092 et

1922 2115 1976 2170 itt
2007 2116 2118 2171 ﬁlio
2147 2129 2320 2189 pater,
2351 2129 2405 2175 ct
2433 2119 2486 2176 in
2518 2132 2667 2193 patre
2696 2123 2860 2180 ﬁlius.

1994 2209 2176 2266 XLIV.
2218 2211 2352 2268 Nam
2395 2213 2556 2269 timor
2590 2230 2659 2271 ex
2698 2216 2802 2272 isto
2841 2219 3097 2285 nascitur,
3127 2235 3248 2277 esse
3279 2237 3376 2277 nos
3419 2221 3524 2277 ista

1922 2299 2161 2356 dicentes
2186 2304 2334 2373 quasi
2357 2305 2817 2376 Patripassianos?
2845 2309 3064 2364 Multum
3094 2311 3272 2367 differt
3300 2327 3526 2382 serpen-

1923 2392 2090 2448 tinntn
2117 2395 2306 2467 dogma
2331 2412 2362 2452 a
2383 2399 2625 2454 veritate.
2648 2399 2729 2454 Illi
2751 2400 2891 2456 enim
2915 2403 3076 2456 Deum
3099 2404 3274 2458 solum
3297 2419 3418 2460 esse
3440 2403 3524 2459 di-

1921 2495 2048 2539 cunt
2070 2527 2084 2552 ,
2116 2502 2274 2557 quem
2307 2504 2405 2544 nos
2433 2502 2638 2558 patrem
2677 2491 2938 2559 dicimus,
2969 2493 3143 2561 ipsum
3172 2494 3346 2550 solum
3377 2495 3524 2550 exis-

1925 2583 2120 2630 tentem
2144 2584 2198 2632 et
2221 2576 2530 2634 effectorem
2552 2580 2815 2651 omnium,
2835 2591 2888 2638 et
2910 2583 3121 2639 venisse
3145 2600 3251 2640 non
3277 2586 3450 2640 solum
3470 2586 3526 2642 in

1923 2671 2200 2738 mundum,
2219 2671 2312 2726 sed
2339 2681 2392 2727 et
2421 2673 2475 2728 in
2502 2688 2740 2739 carnem,
2761 2686 2815 2730 et
2835 2676 2940 2730 alia
2965 2678 3166 2742 omnia,
3190 2694 3310 2749 quae
3337 2694 3436 2735 nos
3461 2680 3528 2734 ﬁ-

1924 2761 2053 2817 lium
2078 2761 2270 2819 fecisse
2290 2765 2536 2822 dicimus.
2558 2769 2615 2823 Si
2632 2770 2773 2826 enim
2791 2769 3020 2825 dicimus
3041 2782 3268 2841 patrem,
3291 2782 3525 2842 patrem:

1925 2868 1979 2912 et
2005 2857 2207 2925 ﬁlium,
2241 2860 2408 2916 ﬁlium
2429 2903 2442 2928 ,
2474 2879 2638 2918 unum
2671 2874 2726 2920 et
2749 2864 3013 2931 dicentes,
3043 2875 3095 2921 ct
3124 2865 3246 2920 ideo
3269 2869 3438 2940 λόγος,
3470 2866 3526 2921 id

1923 2949 2067 3018 quod
2095 2967 2287 3017 unum,
2319 2969 2423 3008 non
2452 2955 2626 3009 solum
2657 2971 2820 3010 unum
2848 2956 3092 3011 dicentes
3111 2999 3127 3025 ,
3155 2958 3248 3012 sed
3282 2974 3444 3012 unum
3473 2967 3529 3012 et

1927 3057 2112 3096 unum.
2145 3043 2301 3099 Aliud
2331 3055 2508 3100 autem
2532 3046 2886 3116 impassibile,
2916 3065 3082 3104 unum
3108 3048 3254 3103 aliud
3280 3064 3525 3120 passum,

1934 3135 2203 3202 quomodo
2237 3151 2368 3206 ergo
2409 3136 2797 3209 Patripassiani
2824 3140 3048 3194 sumus?
3077 3141 3218 3195 Deus
3243 3141 3388 3195 enim
3431 3156 3531 3196 nec

230 3215 545 3287 potentiam.
587 3214 653 3271 Et
699 3215 752 3270 in
798 3223 968 3286 patre,
999 3223 1054 3270 ct
1101 3214 1154 3270 in
1210 3213 1320 3270 ﬁlio
1364 3215 1515 3285 juxta
1560 3216 1825 3272 actionem

1939 3226 2180 3296 procedit
2215 3243 2244 3282 a
2285 3229 2596 3298 semetipso,
2635 3246 2811 3300 neque
2839 3231 2892 3285 in
2922 3231 3208 3287 manifesto
3233 3233 3374 3287 actio
3412 3243 3528 3301 est,

229 3307 371 3364 actio
391 3316 493 3363 est.

303 3401 488 3458 XLIII.
521 3403 626 3459 Ista
651 3402 960 3475 Itnjusmodi
989 3374 1204 3474 oportet
1233 3417 1488 3459 revocare
1510 3403 1575 3458 ad
1604 3403 1692 3458 illa
1717 3419 1832 3458 om-

229 3497 318 3554 nia
347 3511 467 3568 quze
495 3497 918 3567 praeposuimus:
949 3496 1062 3552 sive
1093 3497 1233 3552 Deus
1259 3506 1342 3551 est
1378 3494 1554 3567 λόγος,
1600 3495 1712 3551 sive
1751 3496 1832 3550 ln-

229 3576 354 3646 men
394 3599 449 3646 et
489 3589 832 3661 effulgentia,
878 3588 994 3644 sive
1032 3587 1305 3644 silentium
1339 3595 1394 3643 et
1423 3586 1674 3652 effatum,
1714 3587 1830 3643 sive

228 3684 336 3740 alia
377 3683 570 3753 quibus
599 3698 764 3738 unum
795 3691 849 3737 et
877 3681 1037 3737 simul
1067 3697 1130 3738 ea
1173 3682 1432 3754 ὁμοούσιον
1473 3688 1729 3751 apparet,
1776 3687 1832 3736 et

228 3775 470 3847 ingenita
492 3775 782 3845 generatio.
807 3774 906 3830 Ubi
930 3776 1089 3845 igitur
1110 3775 1269 3830 habet
1293 3775 1467 3830 locum
1491 3773 1633 3843 quod
1655 3773 1830 3828 simile

227 3877 316 3923 est
340 3866 642 3939 ὁμοούσιον,
670 3865 886 3921 dicere?
917 3881 1016 3936 qua
1048 3881 1208 3920 causa
1246 3865 1479 3920 dicitur?
1515 3865 1740 3934 Semper
1776 3872 1831 3920 et

230 3957 549 4029 mysterium
601 3965 770 4012 totum
813 3957 918 4012 hoc
955 3965 1070 4012 est:
1104 3956 1253 4013 Unus
1285 3957 1448 4023 Deus,
1481 3964 1536 4012 et
1564 3956 1743 4021 Pater,
1777 3967 1830 4011 et

229 4050 402 4106 Filius
422 4061 477 4106 et
497 4049 728 4122 Spiritus
745 4058 965 4106 sanctus
987 4065 1126 4104 unus
1151 4050 1310 4105 Deus.
1334 4049 1522 4106 Simile
1546 4065 1676 4120 ergo
1696 4063 1830 4119 quo-

227 4144 397 4200 modo
424 4160 562 4199 unus
586 4143 762 4200 Deus?
787 4144 856 4200 At
879 4143 1140 4210 ὁμοούσιον
1166 4144 1469 4199 necessario
1499 4159 1638 4199 unus
1666 4144 1825 4199 Deus.

231 4239 290 4294 Si
320 4238 465 4294 enitn
496 4238 644 4293 velut
671 4253 777 4292 non
805 4239 998 4306 simul,
1031 4237 1354 4296 necessario.
1378 4238 1518 4303 duo;
1560 4238 1604 4292 si
1647 4247 1827 4292 autem

228 4334 412 4390 simile
457 4333 589 4388 illttd
627 4333 890 4398 alterum,
923 4333 1231 4388 necessario
1255 4331 1488 4388 alterum
1520 4332 1827 4406 ὁμοούσιονς

230 4442 364 4498 ergo
391 4427 698 4482 necessario
721 4425 944 4480 alterius
984 4425 1319 4481 substantias.
1362 4424 1452 4479 Isti
1493 4424 1710 4488 Ariani,
1741 4424 1828 4480 isti

233 4519 557 4575 Lucianistte
577 4561 593 4584 ,
625 4520 710 4572 isti
739 4517 1026 4573 Eusebiani
1045 4560 1058 4586 ,
1103 4518 1190 4573 isti
1217 4517 1540 4589 Illyriciani,
1567 4517 1663 4573 sed
1691 4517 1829 4589 abji-

1936 3333 2112 3388 neque
2136 3318 2284 3373 velut
2309 3318 2362 3372 in
2392 3319 2658 3374 motione:
2688 3320 2830 3389 quod
2859 3319 3005 3374 intus
3029 3321 3198 3376 motio
3225 3321 3391 3377 veluti
3421 3338 3529 3377 non

1936 3418 2020 3465 est
2046 3409 2242 3473 motio;
2269 3411 2412 3485 λόγος
2436 3419 2613 3466 autem
2657 3411 2750 3481 qui
2776 3410 2846 3467 sit
2888 3411 2943 3465 in
2981 3412 3236 3467 motionis
3269 3415 3526 3483 potentia,

1935 3502 2106 3573 magis
2133 3502 2300 3558 motio
2323 3513 2377 3558 et
2402 3503 2545 3559 actio
2567 3512 2682 3571 εει,
2713 3503 2880 3560 fertur
2908 3505 3146 3574 potentia
3171 3520 3266 3560 sua
3306 3505 3360 3559 in
3400 3505 3533 3562 επε-

1933 3593 2165 3649 ctionem
2192 3609 2379 3650 eorum
2405 3612 2527 3667 qua:
2546 3597 2712 3651 sunt?
2739 3613 2846 3666 quo
2870 3597 3016 3652 cnim
3040 3599 3182 3672 λόγος
3200 3639 3214 3664 ,
3240 3597 3344 3653 hoc
3369 3613 3533 3656 causa

1934 3694 2019 3740 est
2044 3701 2232 3740 eorum
2255 3703 2375 3756 quae
2399 3696 2556 3741 sunt:
2583 3703 2690 3756 quo
2715 3695 2896 3742 autem
2921 3703 3102 3756 causa,
3127 3689 3229 3744 hoc
3254 3705 3360 3745 non
3391 3691 3444 3746 in
3472 3707 3533 3748 se

1932 3786 2113 3832 manet
2137 3793 2374 3848 semper,
2397 3780 2485 3850 qui
2516 3781 2584 3834 sit
2614 3779 2665 3834 in
2692 3795 2758 3835 eo
2784 3781 2928 3851 quod
2953 3791 3037 3837 est
3059 3781 3224 3857 λόγος.
3253 3784 3318 3839 Et
3341 3800 3533 3841 secun-

1931 3869 2060 3924 dum
2093 3871 2195 3925 hoc
2220 3879 2303 3924 est
2334 3872 2434 3925 iste
2464 3871 2788 3928 inversibilis
2817 3881 2872 3928 et
2925 3873 3274 3930 immutabilis
3293 3916 3308 3942 ,
3338 3876 3434 3931 sed
3476 3877 3533 3932 in

1934 3962 1998 4017 iis
2036 3977 2157 4032 qua:
2195 3972 2322 4018 sunt
2345 3962 2496 4032 juxta
2525 3979 2726 4034 genera
2758 3981 3114 4038 eorumzquae
3160 3975 3286 4021 sunt
3313 3967 3450 4022 alius
3475 3977 3533 4023 et

1932 4053 2092 4120 alius,
2121 4053 2238 4123 ipso
2266 4068 2373 4122 quo
2403 4054 2719 4110 universalis
2745 4056 2891 4128 λόγος
2912 4066 3016 4120 εει,
3043 4059 3096 4111 in
3124 4065 3276 4127 patre
3302 4071 3530 4112 manens

1934 4145 2075 4202 idem
2107 4147 2239 4217 ipse.
2267 4145 2552 4202 Passiones
2581 4147 2743 4219 igitur
2765 4149 2898 4203 ubi?
2926 4164 3100 4220 neque
3127 4149 3182 4204 in
3213 4158 3367 4220 patre
3385 4190 3400 4217 ,
3431 4164 3530 4207 tte-

1932 4253 2039 4309 que
2069 4238 2124 4294 in
2150 4238 2287 4306 ﬁlio,
2315 4238 2409 4294 sed
2430 4239 2580 4309 juxta
2609 4255 2730 4310 quae
2753 4249 2879 4294 sunt
2903 4255 3102 4311 genere
3127 4255 3226 4296 suo
3253 4257 3358 4295 non
3387 4242 3530 4297 reci-

1932 4328 2154 4400 pienda,
2184 4330 2434 4385 virtutem
2468 4339 2630 4386 totam
2657 4337 2748 4385 τοῦ
2776 4331 2956 4404 λόγου,
2988 4331 3268 4402 quodlibet
3307 4332 3528 4388 univer-

1932 4419 2096 4476 salis:
2126 4435 2447 4492 unoquoque
2470 4422 2756 4490 existente,
2785 4434 2840 4478 et
2867 4423 2960 4478 illo
2988 4423 3348 4480 distribuente
3373 4439 3531 4479 suum

1935 4513 2206 4582 proprium
2223 4553 2240 4580 ,
2282 4522 2341 4567 ut
2366 4512 2694 4582 Angelorum
2714 4555 2729 4579 ,
2757 4513 3144 4583 Potentiarum,
3160 4514 3529 4584 Tltronorum,

229 4610 442 4666 cientes
466 4609 676 4679 aliqua,
706 4607 1014 4663 auferentes
1039 4609 1219 4678 aliqua
1245 4619 1299 4663 et
1325 4617 1614 4676 mutantes,
1641 4623 1830 4665 omnes
1857 4582 1912 4648 Ι)
1943 4604 2376 4660 Dominationum
2397 4645 2411 4671 ,
2451 4605 2787 4661 Potestatum
2807 4649 2822 4672 ,
2864 4607 3194 4675 animarum,
3225 4619 3280 4664 et
3305 4609 3534 4665 sensibi-

228 4703 463 4758 diversze
490 4701 758 4772 opinionis
786 4701 1044 4756 haeretici.
1075 4701 1190 4756 Huc
1229 4701 1466 4767 accedit,
1491 4701 1536 4756 si
1567 4702 1833 4775 ὁμοούσιον

233 4804 393 4866 pater
417 4803 472 4848 et
497 4793 660 4861 ﬁlius,
689 4793 962 4862 qnomodo
984 4793 1111 4848 dicit
1138 4793 1388 4850 Salvator
1408 4794 1588 4865 (Joan.
1611 4807 1727 4861 xiv,
1751 4794 1828 4866 6):

235 4884 352 4955 Ego
378 4901 489 4938 sum
513 4885 736 4939 veritas?
755 4886 810 4941 Si
841 4884 891 4939 id
913 4884 1057 4956 quod
1084 4885 1285 4940 dictum
1315 4896 1396 4940 est
1422 4901 1612 4943 verum
1637 4895 1742 4952 est,
1770 4885 1833 4941 ﬁ-

231 4979 343 5034 lius
367 4993 487 5033 cum
514 4976 584 5032 sit
610 4980 836 5033 veritas:
866 4978 1041 5033 minor
1070 4989 1244 5048 pater,
1269 4979 1460 5034 similis
1487 4978 1577 5049 qui
1602 4980 1672 5033 sit
1691 4980 1834 5034 veri-

234 5070 371 5138 tati,
403 5083 508 5125 non
539 5069 758 5125 veritas.
791 5070 1003 5137 Quanta
1035 5069 1371 5141 blasphemia
1403 5069 1539 5125 ista?
1566 5069 1624 5125 Si
1652 5079 1834 5124 autem

234 5169 439 5224 veritas
468 5167 639 5234 Deus,
670 5168 866 5224 veritas
893 5167 1033 5221 ﬁlius
1056 5207 1070 5232 ,
1100 5166 1259 5222 sicuti
1290 5166 1390 5237 ipsi
1423 5164 1566 5219 ﬁlius
1592 5164 1752 5231 dicit,
1782 5172 1838 5218 et

234 5277 372 5318 vere
396 5261 553 5326 dicit,
577 5260 839 5333 ὁμοούσιον
865 5261 1007 5316 Deus
1031 5269 1116 5316 est
1135 5260 1310 5315 ﬁlius:
1338 5273 1445 5314 non
1466 5273 1595 5329 ergo
1613 5257 1836 5328 duplex,

235 5355 341 5412 sed
385 5370 488 5411 una
528 5369 746 5426 semper
768 5355 995 5417 veritas,
1024 5366 1080 5410 et
1110 5353 1272 5408 valde
1300 5352 1464 5420 foris,
1501 5360 1555 5408 et
1582 5351 1837 5408 deorsum

235 5449 433 5517 valde,
462 5447 606 5519 quod
630 5457 712 5504 est
741 5447 920 5503 simile
945 5447 1188 5514 veritati,
1218 5446 1362 5518 quod
1389 5445 1526 5502 forte
1551 5445 1606 5500 itt
1637 5447 1837 5500 mundo

234 5542 440 5597 cxistat
465 5539 767 5596 similitudo
792 5540 1056 5605 veritatis,
1082 5539 1172 5594 ubi
1192 5547 1246 5594 et
1265 5554 1439 5601 error,
1463 5547 1519 5594 et
1536 5537 1833 5608 corruptio,

231 5642 291 5691 et
315 5635 492 5690 omnis
515 5633 710 5704 passio.
729 5632 908 5703 Ipsum
930 5646 1058 5701 ergo
1079 5631 1356 5687 veritatem
1378 5645 1519 5696 esse,
1543 5629 1838 5685 substantia

233 5736 362 5794 est;
393 5742 498 5782 non
530 5726 674 5782 enim
717 5723 862 5779 aliud
888 5722 1221 5788 substantia,
1254 5721 1404 5778 aliud
1433 5721 1667 5778 veritas:
1695 5719 1841 5791 quod

233 5822 388 5877 enim
430 5820 698 5892 simplex,
743 5819 846 5876 ltoc
885 5819 1115 5884 veritas,
1157 5817 1388 5888 simplex
1407 5817 1584 5882 Deus,
1611 5815 1840 5886 simplex

1940 4695 2068 4750 lium
2087 4736 2102 4762 ,
2134 4705 2190 4752 et
2218 4696 2386 4766 ipsius
2411 4697 2612 4751 carnis.
2641 4695 2827 4752 Passio
2859 4699 3020 4768 igitur
3048 4701 3102 4754 in
3133 4700 3276 4768 istis,
3304 4708 3357 4756 et
3380 4702 3535 4771 juxta

1941 4787 2057 4844 haec
2087 4804 2194 4843 non
2223 4794 2316 4844 τοῦ
2344 4789 2516 4861 λόγου,
2551 4787 2654 4844 hoc
2684 4796 2796 4855 est,
2826 4788 2942 4844 ﬁlii.
2976 4789 3283 4847 Secundum
3312 4808 3534 4850 carnem

1940 4893 2073 4949 ergo
2100 4878 2346 4950 Salvator
2375 4893 2569 4948 passus
2597 4888 2716 4945 est,
2748 4881 3043 4936 secundum
3074 4882 3321 4952 spiritum
3351 4894 3535 4941 autem

1939 4969 2084 5040 quod
2127 4978 2271 5036 erat,
2302 4971 2420 5025 sine
2450 4969 2717 5039 passione.
2746 4969 2898 5026 Unde
2926 4971 3104 5028 diﬁert
3134 4984 3374 5030 nostrum
3401 4976 3534 5048 dog-

1941 5079 2028 5118 ma
2052 5078 2082 5116 a
2111 5062 2541 5132 Patripassianis.
2565 5061 2683 5117 Non
2706 5064 2850 5119 enim
2879 5063 3048 5120 ﬁlium
3074 5081 3196 5122 esse
3221 5069 3402 5139 passio
3423 5079 3532 5137 est,

1941 5154 2102 5210 sicuti
2143 5153 2375 5220 dictum,
2419 5169 2519 5210 nec
2557 5151 2740 5210 facere
2778 5154 2979 5226 aliquid
3016 5172 3116 5213 nec
3145 5159 3324 5230 loqui:
3355 5159 3537 5217 divina

1944 5247 2088 5304 enim
2119 5247 2357 5317 potentia
2384 5246 2504 5303 sine
2533 5248 2783 5318 passione
2807 5247 2943 5304 ﬁunt
2969 5251 3178 5318 omnia,
3207 5261 3264 5308 et
3291 5253 3395 5308 ista
3421 5268 3537 5308 ma-
3585 5294 3595 5298 -

1942 5341 2027 5412 gis
2058 5353 2183 5407 sua,
2227 5347 2283 5394 et
2308 5339 2706 5406 substantialis,
2751 5348 2808 5396 et
2844 5340 3022 5397 divina
3064 5342 3229 5399 motio
3269 5351 3382 5410 est,
3425 5357 3539 5400 non

1945 5430 2144 5504 passio.
2176 5429 2381 5488 Deinde
2405 5433 2473 5487 de
2497 5431 2600 5487 isto
2626 5445 2733 5487 non
2761 5431 2976 5489 fuerunt
3003 5434 3414 5504 Patripassiani,
3441 5435 3542 5492 sed

1944 5522 2014 5580 de
2051 5537 2241 5580 cruce:
2281 5522 2423 5594 quod
2461 5523 2621 5580 Pater
2661 5524 2948 5581 cruciﬁxus
2985 5536 3068 5582 est
3094 5525 3336 5582 dicentes
3372 5530 3543 5586 sacri-

1949 5619 2083 5692 legi:
2117 5617 2434 5689 impassibili
2466 5617 2730 5689 passionis
2758 5619 3096 5691 implicantes
3115 5661 3131 5689 ,
3162 5628 3219 5675 et
3245 5635 3352 5677 non
3383 5622 3542 5680 intel-

1949 5711 2208 5784 ligentes,
2239 5709 2547 5765 necessario
2575 5709 2776 5780 aliquid
2805 5709 3133 5780 impassibile
3174 5726 3326 5780 esse,
3371 5713 3418 5767 si
3459 5721 3545 5769 est

1949 5801 2098 5860 aliud
2139 5801 2283 5871 quod
2324 5799 2569 5870 patiatur.
2615 5800 2724 5858 Nos
2764 5809 2940 5859 tamen
2983 5801 3368 5873 impassibilem
3397 5811 3452 5859 et
3481 5804 3544 5861 li-
