4018 6184
637 326 777 385 1075

1982 309 2170 367 MARII
2214 303 2551 362 VICTORINI
2583 302 2741 358 ΛΕΜ
3699 307 3787 361 lilii}

639 446 771 500 lium
795 439 1040 504 dicimus,
1061 436 1210 507 juxta
1232 441 1410 488 autem
1439 429 1579 502 quod
1599 431 1756 501 Λόγος
1783 441 1906 482 caro
1929 423 2100 478 factus
2126 432 2229 488 est,
2259 424 2311 483 Α
2337 427 2512 473 autem
2543 418 2662 471 ista.
2693 413 2973 483 Quomodo
3000 428 3128 484 ergo
3154 411 3471 481 compulsio?
3506 411 3561 466 Et
3593 413 3667 471 hoc
3693 422 3791 470 Arii:

641 534 971 609 passibilem.
1003 533 1072 585 At
1099 544 1227 584 vero
1258 525 1553 586 miseratio,
1581 534 1635 578 et
1661 524 1760 588 ira,
1786 529 1840 574 et
1864 517 2115 589 gaudium
2139 557 2152 570 .
2180 523 2236 568 et

636 605 876 692 iristitia,
898 632 955 679 et
977 623 1080 676 alia
1108 618 1412 691 hujusmodi
1435 616 1505 672 ibi
1533 631 1638 671 non
1666 623 1786 668 sunt
1814 610 2113 683 passiones,
2138 605 2233 661 sed

635 730 849 786 natura,
877 729 933 772 et
959 715 1276 770 substantia.
1308 711 1364 768 Si
1393 711 1552 781 igitur
1581 708 1802 778 spiritus
1831 702 2229 766 benevolentia,

634 817 752 885 ipse
779 828 875 883 per
899 826 958 867 se
984 809 1237 879 optimus,
1263 803 1579 876 quibusdam
1609 803 1662 856 in
1689 801 1850 854 vitam
1868 840 1882 864 ,
1913 794 2233 868 quibusdam

637 911 696 964 in
721 919 948 963 mortem
976 915 1088 970 est;
1119 919 1225 957 non
1259 915 1352 954 sua
1381 910 1569 952 natura
1602 903 1864 958 mutatus,
1896 890 1989 946 sed
2024 890 2232 960 patien-

635 1001 766 1056 tium
799 995 1018 1052 materia
1053 1004 1107 1050 et
1136 995 1410 1047 voluntate
1430 1031 1445 1055 ,
1488 991 1815 1058 signaturam
1845 983 2233 1040 immutabilem

635 1091 888 1146 divinitas
933 1105 1028 1158 pro
1069 1084 1456 1155 accipientibus
1485 1091 1576 1136 aut
1608 1092 1662 1134 ut
1692 1087 1932 1148 oportet,
1963 1085 2050 1130 aut
2078 1075 2234 1130 aliter

636 1183 774 1237 silici
794 1180 1009 1246 dicitur,
1030 1179 1110 1233 vel
1138 1178 1275 1248 pati:
1303 1176 1552 1246 quoniam
1572 1188 1601 1226 a
1621 1171 1818 1226 nostris
1843 1167 2092 1224 sensibus
2113 1182 2234 1236 quae

636 1275 815 1330 divina
832 1282 956 1328 sunt
972 1271 1321 1326 :estimamus.
1343 1267 1398 1322 In
1412 1264 1755 1321 sensibilibus
1771 1263 1912 1317 enim
1926 1261 2075 1330 juxta
2091 1257 2233 1328 quod

635 1365 835 1420 animal
860 1374 942 1419 est
967 1362 1192 1426 animal,
1225 1361 1324 1414 hoc
1350 1367 1453 1426 est,
1482 1357 1656 1411 anima
1688 1365 1845 1410 utens
1868 1365 2116 1421 corpore,
2149 1348 2234 1404 vel

634 1472 832 1528 corpus
871 1457 1194 1520 animatum,
1237 1453 1384 1524 juxta
1424 1466 1643 1507 sensum
1689 1450 1797 1518 pati
1837 1447 2060 1501 dicitur:
2104 1459 2234 1500 vere

636 1562 815 1608 autem
843 1563 1018 1618 neque
1047 1561 1140 1616 per
1164 1555 1335 1600 semet
1361 1544 1529 1599 solius
1553 1543 1746 1597 animae
1773 1550 1900 1594 sunt
1927 1540 2227 1609 passiones,

635 1646 807 1702 multo
833 1641 1005 1712 magis
1033 1640 1252 1710 Spiritus
1272 1635 1440 1712 Λόγου
1472 1645 1529 1691 et
1558 1635 1670 1690 Dei.
1717 1632 2067 1703 lmpassibilis
2089 1634 2230 1690 enim

631 1740 813 1797 divina
841 1742 1029 1792 natura
1058 1739 1160 1787 est.

709 1893 870 1951 XLV.
911 1892 1198 1949 Discedant
1235 1902 1366 1960 ergo
1404 1883 1786 1956 Patripassiani
1810 1922 1826 1947 ,
1852 1883 2104 1954 quoniam
2135 1896 2234 1938 nos

637 1997 692 2044 et
723 1998 926 2058 patrem
956 1985 1183 2041 dicimus
1208 1991 1261 2038 et
1287 1981 1454 2035 ﬁlium
1476 2020 1490 2044 ,
1519 1979 1692 2047 ipsum
1721 1977 1892 2030 solum
1925 1975 2234 2045 passibilem

633 2083 784 2153 juxta
811 2089 1014 2134 motum
1045 2080 1094 2132 in
1125 2077 1268 2148 hyle.
1306 2073 1588 2129 Discedant
1617 2070 1830 2136 Ariani,
1859 2070 2108 2139 quoniam
2136 2082 2235 2123 nos

639 2184 846 2230 natura}
873 2174 1038 2228 lilium
1066 2171 1294 2224 dicimus
1312 2208 1326 2230 ,
1357 2175 1481 2221 ante
1507 2179 1724 2219 omnem
1753 2171 2053 2218 creaturam
2080 2161 2234 2230 geni-

637 2277 771 2322 tum.
817 2263 1103 2319 Discedunt
1133 2270 1188 2317 et
1217 2263 1320 2316 ἀπὸ
1360 2265 1454 2314 τοῦ
1495 2255 1638 2318 ὄντος
1681 2255 1922 2309 dicentes
1961 2251 2232 2307 Christum

635 2375 776 2425 esse,
800 2356 941 2429 quod
966 2372 995 2410 a
1019 2355 1127 2410 Deo
1151 2353 1322 2409 factus
1345 2352 1432 2418 sit,
1457 2351 1546 2421 qui
1574 2349 1712 2404 Deus
1735 2345 1787 2402 ὃν
1814 2357 1896 2402 est
1922 2363 1936 2401 :
1967 2357 2063 2400 nos
2090 2345 2234 2399 enim

643 2455 812 2510 filium
843 2452 1074 2508 dicimus
1105 2458 1371 2515 naturam,
1403 2456 1457 2502 ct
1484 2462 1514 2501 a
1545 2456 1694 2516 patre
1724 2445 1896 2513 ipsum
1928 2455 2068 2506 esse,
2101 2449 2154 2495 et
2181 2439 2235 2494 in

639 2555 814 2616 patre.
845 2543 1130 2598 Discedant
1160 2539 1394 2596 Marcelli
1421 2549 1474 2594 et
1498 2537 1712 2592 Photini
1743 2534 2026 2602 discipuli,
2061 2533 2236 2602 ipsum

639 2639 784 2694 enim
812 2635 1049 2692 Verbum
1067 2633 1294 2688 dicimus
1323 2633 1565 2690 incarne
1587 2630 1775 2692 fuisse,
1804 2642 1910 2681 non
1940 2625 2081 2679 aliud
2106 2623 2237 2678 Ver-

639 2730 767 2785 bum
795 2742 934 2793 csse,
968 2735 1021 2781 et
1041 2725 1183 2780 aliud
1211 2725 1483 2778 hominem
1503 2763 1517 2788 ,
1542 2722 1593 2775 in
1623 2734 1728 2790 quo
1753 2719 2023 2774 Christum
2051 2716 2238 2771 dicunt

646 2838 791 2890 esse,
823 2821 918 2878 sed
953 2822 1123 2890 ipsum
1156 2819 1314 2892 Λόγον
1341 2831 1559 2873 carnem
1586 2815 1842 2869 induisse.
1871 2812 1952 2866 llli
1983 2811 2126 2866 enim
2155 2809 2239 2864 di-

644 2925 771 2970 cunt
799 2927 920 2968 esse
945 2921 998 2966 et
1031 2912 1196 2964 Deum
1220 2951 1232 2970 ,
1267 2918 1320 2964 et
1348 2909 1532 2981 Λόγον,
1567 2916 1619 2960 et
1649 2905 1930 2976 Spiritum.
1973 2904 2233 2972 Quartum

639 3015 816 3061 autem
850 3004 1048 3065 ﬁlium.
1083 3003 1137 3058 id
1168 3013 1249 3057 est
1281 3001 1585 3065 hominem,
1619 2999 1710 3068 qni
1741 3015 1805 3053 ex
1834 2997 1992 3052 Maria
2015 3038 2030 3063 ,
2077 3011 2235 3065 quem

635 3095 1134 3168 assumpsitAén/og,
1158 3103 1214 3148 et
1239 3091 1614 3147 utministrum
1647 3089 1888 3144 rexitcui
1921 3088 2122 3144 homini
2148 3087 2233 3141 di-

2338 512 2536 567 demde
2563 509 2834 580 quomodo
2863 508 2961 562 ista
2989 505 3237 561 collisio?
3264 514 3316 560 et
3340 520 3539 575 quorum
3561 516 3604 560 et
3634 508 3672 560 in
3700 512 3793 579 quo?

2338 601 2603 672 Numquid
2632 601 2963 654 voluntatum
2983 598 3037 652 in
3058 601 3167 654 Deo
3187 595 3702 668 concursioiNumquid
3720 616 3796 669 pas-

2339 694 2548 749 sionum
2572 702 2662 748 aut
2681 691 3129 757 diii'erentiarum,
3154 689 3380 745 maxime
3400 690 3713 745 contrariarum
3727 710 3797 747 tuo-

2341 786 2578 842 tionum?
2602 786 2667 840 Et
2689 786 2732 839 si
2759 785 2898 839 istud
2927 798 3114 853 passus
3137 793 3214 836 est
3249 792 3410 852 pater,
3431 781 3509 850 qui
3531 791 3600 836 cst
3618 783 3706 837 sine
3722 799 3798 851 pas-

2338 882 2510 946 sione,
2528 890 2581 935 et
2600 895 2702 935 neu
2727 895 2792 934 ex
2815 893 2911 932 sua
2934 875 3233 931 substantia
3255 874 3483 942 apparuit
3502 874 3546 929 ei
3565 875 3802 930 lilius:collio

2337 974 2490 1026 sione
2533 970 2674 1026 enim
2711 969 2937 1025 duarum
2967 978 3058 1023 aut
3088 967 3432 1030 voluntatum,
3457 975 3537 1020 aut
3557 965 3801 1034 passionum,

2339 1083 2439 1122 nec
2466 1064 2710 1119 voluntas
2738 1063 2876 1119 facta
2901 1073 2984 1117 est
3005 1105 3018 1126 ,
3049 1077 3148 1116 nec
3177 1060 3372 1130 passio,
3412 1059 3560 1113 multo
3593 1058 3800 1129 magisnec

2339 1156 2640 1213 substantia
2667 1171 2697 1210 a
2720 1154 3021 1210 substantia
3063 1165 3311 1224 paterna,
3353 1150 3441 1206 sed
3481 1161 3613 1206 extra
3642 1151 3803 1221 quaedam

2336 1249 2655 1314 substantia,
2675 1265 2794 1319 qua:
2815 1263 2880 1302 ex
2904 1245 3071 1302 nihilo
3091 1245 3345 1302 existeret
3364 1245 3429 1300 de
3445 1241 3561 1317 λόγῳ
3580 1243 3634 1296 ad
3655 1250 3803 1312 patrem.

2339 1339 2614 1413 Suspicari
2646 1340 2778 1408 ista,
2809 1337 2974 1409 impia
3004 1335 3356 1409 blasphemia.

2409 1515 2594 1574 XLVI.
2646 1514 2884 1570 Diximus
2923 1513 3004 1570 de'
3029 1511 3318 1588 ὁμοοῦσιον,
3346 1521 3402 1568 et
3431 1509 3808 1568 sufﬁcienterdixi-

2338 1629 2460 1670 mus
2491 1635 2503 1667 :
2535 1613 2638 1668 hoc
2661 1613 2805 1668 enim
2843 1609 2999 1666 nobis
3040 1611 3396 1680 propositum.
3427 1609 3671 1677 Quomodo
3695 1622 3806 1666 autem

2338 1712 2382 1766 si
2415 1706 2701 1782 ὀμοούσιον,
2736 1706 2897 1770 (ilius,
2929 1713 2982 1760 et
3007 1719 3224 1774 semper
3251 1719 3371 1759 cum
3405 1712 3544 1773 patre
3569 1713 3653 1768 est,
3677 1715 3716 1758 et
3736 1719 3808 1772 pm-

2261 1810 2312 1871 B
2340 1803 2504 1866 cedit,
2533 1813 2588 1856 et
2623 1797 2917 1862 descendit,
2951 1807 3005 1852 et
3031 1797 3294 1861 ascendit,
3339 1807 3392 1852 et
3425 1796 3645 1860 mittitur,
3669 1804 3708 1848 et
3737 1795 3807 1848 facit

2339 1907 2463 1964 qua
2499 1891 2791 1947 voluntatis
2825 1899 2950 1944 sunt
2989 1891 3177 1958 patris,
3209 1897 3264 1943 et
3291 1886 3550 1958 quomodo
3587 1887 3722 1955 imago
3740 1901 3809 1939 cum

2341 1988 2412 2042 sit
2441 1987 2556 2050 Dei,
2587 1985 2640 2038 in
2668 1983 2889 2038 dextera
2918 1981 3104 2036 sedeat
3124 1980 3238 2045 Dei,
3272 1990 3325 2034 et
3355 1979 3480 2049 quid
3510 1978 3573 2032 sit
3595 1975 3768 2040 dextera,
3782 1987 3811 2030 et

2339 2079 2466 2149 quid
2498 2077 2710 2140 sedere,
2739 2085 2793 2131 et
2818 2075 2943 2146 quid
2974 2085 3058 2131 est
3096 2090 3193 2144 per
3217 2090 3376 2144 quem
3409 2072 3539 2129 facta
3566 2081 3669 2127 sunt
3689 2071 3812 2136 omnia,

2341 2181 2394 2227 et
2423 2169 2695 2243 quomodo
2717 2169 2917 2233 omnia,
2947 2176 3001 2222 et
3025 2166 3152 2238 quid
3183 2176 3265 2222 est
3295 2165 3440 2236 quod
3463 2165 3582 2219 nihil
3609 2163 3813 2223 factumet

2340 2266 2459 2320 sine
2491 2259 2627 2334 ipso,
2670 2271 2725 2318 et
2753 2261 3024 2332 quomodo
3059 2271 3110 2315 et
3154 2261 3269 2330 ipse
3296 2258 3612 2314 voluntatem
3635 2255 3816 2317 babet,et

2340 2372 2460 2427 qua:
2507 2357 2650 2424 facit,
2693 2355 2967 2408 voluntate
3009 2353 3174 2423 patris
3217 2350 3365 2416 facit,
3413 2359 3468 2405 et
3503 2348 3724 2420 quomodo
3746 2361 3814 2415 per-

2342 2449 2534 2514 fectus,
2559 2457 2613 2502 et
2639 2462 2669 2502 a
2701 2446 2942 2516 perfecto
2983 2456 3134 2514 patre
3172 2453 3230 2498 ut
3269 2441 3604 2512 imperfectus
3633 2448 3677 2494 et
3697 2449 3818 2504 corpus

2341 2544 2568 2612 accepit,
2595 2523 2651 2597 et
2678 2554 2825 2595 nunc
2853 2553 3050 2609 corpus
3077 2535 3200 2602 fert,
3229 2547 3286 2592 et
3319 2536 3370 2590 si
3393 2544 3620 2590 sanctum
3649 2528 3816 2601 spiritale,

2342 2648 2396 2695 et
2420 2635 2596 2693 simile
2625 2649 2812 2691 eorum
2840 2632 3152 2697 hominum,
3185 2631 3273 2700 qui
3305 2638 3433 2700 post
3467 2627 3620 2684 sancti
3647 2630 3772 2687 erunt,
3791 2629 3821 2672 et

2342 2729 2613 2800 quomodo
2652 2739 2974 2796 semperque
3007 2725 3098 2796 qui
3135 2732 3439 2789 moveatur,
3473 2731 3526 2777 et
3559 2735 3586 2774 a
3617 2734 3664 2773 se
3691 2715 3820 2786 genitus

2342 2820 2582 2893 potentia
2623 2817 2840 2888 quidem
2874 2817 3043 2886 patris
3075 2833 3087 2869 :
3126 2817 3225 2870 ista
3256 2817 3408 2871 enim
3439 2814 3606 2869 omnia
3633 2806 3819 2883 ὁμωῦσιω,

2342 2914 2624 2970 definiunt.
2659 2912 2714 2968 Si
2758 2913 2880 2981 quis
2914 2910 3108 2982 dignus
3149 2910 3219 2965 sit
3257 2909 3577 2980 intelligere,
3617 2914 3660 2960 et
3697 2906 3734 2957 in
3766 2902 3823 2953 isto

2343 3010 2482 3064 libro
2509 3007 2743 3063 inveniet
2774 3005 2958 3059 Fidem
2991 3005 3070 3059 sic
3100 3018 3241 3069 esse,
3270 3011 3325 3057 et
3355 3001 3673 3074 permittente
3695 2995 3824 3056 Domi

2343 3101 2468 3157 Jesu
2499 3099 2714 3155 Christo
2751 3099 2977 3152 Domino
3007 3105 3223 3162 nostro,
3254 3103 3307 3151 et
3351 3095 3550 3165 Spiritu
3586 3100 3733 3147 sancto
3751 3085 3825 3138 dici-

637 3199 800 3254 cunt,
826 3197 880 3242 et
906 3186 1086 3241 sedem
1115 3195 1352 3255 paratam
1379 3199 1518 3238 esse.
1555 3182 1876 3238 Exciderunt
1903 3196 2031 3251 ergo
2055 3196 2083 3234 a
2113 3178 2235 3234 Tri-

2305 3192 2313 3254 I
2345 3213 2487 3264 mus,
2521 3211 2588 3251 ne
2627 3195 2750 3267 quis
2780 3193 3168 3264 blaSphemiter
3199 3191 3506 3260 intelligens
3534 3199 3687 3240 meum
3710 3181 3824 3247 doguu

637 3282 826 3337 nitate.
861 3279 918 3334 Si
947 3288 1124 3334 autem
1157 3287 1336 3332 manet
1364 3275 1600 3330 Trinitas
1640 3275 1790 3340 sola,
1831 3273 1945 3344 ipse
1984 3274 2144 3327 homo
2183 3284 2238 3328 et

632 3374 809 3448 λόγοςς
834 3386 992 3442 quem
1022 3371 1186 3443 λόγον,
1215 3383 1314 3423 nos
1339 3383 1498 3437 supra
1531 3366 1698 3420 lilium
1725 3363 2234 3420 demonstravimus.

638 3469 754 3522 Non
785 3478 963 3521 autem
998 3465 1100 3518 hoc
1131 3462 1429 3533 signilicat:
1463 3469 1517 3515 et
1546 3461 1688 3532 λόγος
1711 3500 1724 3524 ,
1759 3473 1886 3512 caro
1919 3457 2088 3512 factus
2115 3466 2234 3522 est,

637 3569 923 3629 corruptus
949 3559 1093 3630 λόγος
1124 3557 1177 3610 in
1209 3570 1426 3610 carnem
1459 3567 1754 3608 conversus
1784 3561 1861 3607 est
1887 3591 1903 3616 ,
1935 3551 2026 3606 sed
2066 3551 2234 3625 λόγος,

641 3666 737 3719 per
775 3665 932 3719 quem
973 3648 1162 3703 ell‘ecta
1201 3655 1328 3702 sunt
1354 3645 1535 3701 omnia
1556 3687 1571 3714 ,
1604 3652 1660 3700 et
1688 3643 1867 3698 omnia
1895 3642 2152 3704 effectus,
2183 3653 2238 3696 et

639 3757 768 3798 caro
797 3741 969 3797 factus
997 3751 1116 3804 est,
1145 3749 1201 3794 ut
1229 3739 1284 3796 in
1313 3753 1478 3795 carne
1502 3753 1624 3794 cum
1650 3745 1830 3801 esset,
1862 3744 2033 3791 totum
2065 3734 2240 3790 homi-

642 3847 768 3888 nem
796 3847 891 3885 sua
919 3831 1170 3900 passione
1197 3840 1252 3886 et
1280 3839 1454 3886 morte
1488 3830 1637 3900 juxta
1679 3827 1957 3899 passiones
1995 3827 2239 3898 corporis

640 3931 994 3980 mercaretur.
1040 3922 1097 3977 Si
1139 3922 1280 3976 enim
1323 3937 1429 3976 non
1459 3931 1574 3976 erat
1601 3922 1716 3991 ipse
1747 3923 1907 3976 homo
1935 3921 2006 3976 de
2035 3921 2198 3976 Maria
2220 3963 2237 3990 ,

640 4034 808 4090 quare
837 4015 1134 4073 exinanivit
1161 4013 1548 4083 semetipsum?
1592 4013 1661 4067 Et
1686 4014 1815 4083 quid
1844 4022 1926 4068 est
1955 4015 1972 4083 (
1999 4011 2232 4082 Philipp.

641 4131 722 4181 ιι,
754 4111 830 4185 7)
881 4116 1101 4184 formam
1145 4110 1276 4165 servi
1324 4107 1620 4178 accipiens?
1657 4118 1712 4161 et
1755 4107 1883 4177 quid
1926 4121 2112 4162 rursus
2157 4115 2239 4162 est

644 4203 828 4274 (Joan.
863 4219 901 4270 t,
939 4202 1066 4273 14),
1099 4210 1146 4256 et
1173 4203 1334 4276 Λόγος
1361 4216 1482 4254 cura
1523 4202 1688 4271 factus
1728 4201 1843 4253 est?
1871 4199 2156 4255 Discedam.
2185 4207 2240 4255 et

641 4293 825 4348 Basilii
847 4335 861 4358 ,
889 4293 1172 4365 ὁμοούσιοι.
1201 4292 1310 4346 Nos
1337 4291 1481 4348 enim
1505 4290 1771 4362 ὁμοούσιον
1789 4289 2038 4356 dicimus,
2066 4300 2120 4346 et
2147 4306 2240 4346 ve-

637 4389 821 4454 ritate,
852 4397 903 4442 et
931 4386 1081 4456 juxta
1112 4385 1386 4457 Synodum
1418 4385 1471 4438 in
1509 4382 1817 4454 Nicarapoli.
1866 4384 1956 4440 Sic
1980 4385 2137 4440 enim
2181 4393 2240 4441 et

642 4492 814 4553 pater,
868 4488 924 4536 et
971 4479 1111 4535 tilius
1161 4495 1322 4534 unum
1372 4479 1552 4545 ambo,
1602 4486 1658 4534 et
1698 4495 1934 4548 semper,
1982 4489 2037 4534 et
2079 4480 2237 4536 simul

2343 3292 2560 3356 dixerit,
2592 3289 2770 3343 omnia
2799 3288 2942 3341 enim
2988 3301 3018 3339 a
3061 3295 3245 3339 sancta
3285 3285 3552 3352 scriptura
3577 3290 3624 3333 et
3649 3277 3824 3330 dicuntur.

2343 3392 2396 3438 et
2442 3393 2585 3437 sunt.
2637 3379 2886 3435 Dicemus
2935 3377 3170 3432 maxime
3218 3375 3386 3442 illud,
3427 3390 3460 3430 e
3501 3388 3599 3444 quo
3638 3370 3825 3440 gignimur

2343 3475 2526 3530 multa:
2577 3473 2834 3538 haereses,
2888 3471 3032 3542 quod
3081 3468 3399 3539 Evangelia,
3443 3477 3496 3522 et
3538 3463 3783 3534 Apostolus,
3802 3467 3828 3508 cl

2344 3566 2520 3621 omnis
2552 3575 2704 3619 vetus
2730 3563 3007 3633 Scriptura
3039 3563 3109 3617 de
3146 3562 3256 3616 Deo
3294 3559 3515 3630 quidem
3543 3557 3660 3611 dicit
3691 3550 3827 3608 omnia,

2343 3671 2394 3718 et
2421 3661 2488 3716 de
2518 3657 2646 3714 Jesu
2679 3657 2924 3722 Christo,
2957 3655 3060 3710 hoc
3099 3665 3180 3710 est
3218 3653 3284 3709 de
3323 3655 3462 3728 λόγῳ
3504 3643 3829 3709 incarnato,li}=:

2342 3755 2484 3810 enim
2530 3752 2844 3824 mysterium
2884 3749 3070 3804 salutis
3107 3757 3305 3803 nostra:
3347 3749 3488 3817 egit,
3539 3743 3619 3798 hic
3650 3752 3726 3795 nos
3757 3736 3832 3789 lib:-

2341 3860 2432 3899 ros
2479 3842 2635 3907 fecit,
2680 3839 2906 3896 redemit
2949 3857 2962 3893 :
3001 3839 3057 3894 in
3111 3839 3270 3892 istum
3327 3836 3601 3892 credimus
3633 3826 3832 3887 secundum

2342 3949 2579 4000 crucem,
2618 3942 2674 3989 et
2705 3932 2856 4003 juxta
2887 3930 3340 3986 resurrectionem
3370 3944 3399 3982 a
3443 3924 3655 3982 mortuis
3675 3919 3832 3977 Saluio-

2342 4043 2458 4083 rem
2497 4034 2770 4091 nostrum,
2823 4023 3021 4079 idcirco
3063 4021 3480 4077 Paulusdicit:
3524 4017 3638 4074 Non
3663 4015 3761 4070 erunt
3783 4015 3833 4080 ju-

2343 4121 2507 4175 dicavi
2552 4119 2830 4189 quidquam
2864 4116 2994 4172 scire
3037 4116 3091 4170 in
3123 4115 3262 4170 vobis
3289 4115 3389 4170 nisi
3427 4114 3602 4170 Iesum
3643 4108 3831 4165 Christ“.

2342 4225 2389 4270 et
2419 4213 2552 4268 hunc
2577 4211 2881 4280 cruciﬁxum
2909 4208 2962 4282 (Ι
2989 4208 3108 4265 Cor.
3143 4225 3199 4278 Il,
3232 4208 3310 4280 2).

2416 4389 2621 4446 XLVII.
2650 4385 2984 4444 Coniitemur
3022 4386 3184 4457 igitur
3221 4385 3388 4442 Deum
3436 4395 3636 4456 patrem
3675 4377 3835 4442 omnipo—

2342 4493 2565 4552 tentem,
2598 4481 2920 4538 confitemur
2959 4478 3126 4534 ﬁlium
3173 4479 3510 4550 unigenitum
3549 4476 3710 4533 Iesum
3741 4468 3834 4522 Chri-

639 4575 830 4640 alubo,
876 4581 930 4628 et
970 4572 1220 4641 quoniam
1262 4571 1544 4644 ὁμοούσιον.
1576 4570 1729 4640 Quod
1757 4580 1935 4626 autem
1974 4572 2235 4644 ὁμοούσιον

2305 4585 2504 4645 istum,
2539 4576 2704 4630 Deum
2745 4573 2813 4629 de
2849 4573 2960 4627 Deo
2994 4571 3179 4626 lumen
3208 4586 3397 4625 verum
3457 4570 3527 4626 de
3556 4582 3671 4624 vero
3692 4563 3836 4620 lumine

639 4666 861 4733 dicunt,
902 4673 956 4720 et
990 4664 1035 4718 si
1074 4665 1396 4720 confitentur
1425 4664 1592 4719 tilium
1623 4679 1652 4718 a
1686 4671 1837 4735 patre
1866 4663 2066 4720 habere
2106 4665 2237 4719 sub-

640 4761 931 4826 stantiam,
961 4758 1054 4815 sed
1095 4757 1238 4813 aliud
1279 4757 1494 4827 quidem
1536 4757 1743 4826 dicunt,
1783 4748 2024 4814 dicentes
2065 4776 2240 4831 neque

641 4853 986 4922 generatione
1026 4851 1195 4906 [ilium
1216 4893 1231 4920 ,
1275 4866 1448 4921 neque
1485 4849 1732 4906 faciendo
1761 4867 1884 4908 esse
1914 4869 1943 4906 a
1979 4853 2108 4921 Deo,
2141 4855 2237 4911 sed

643 4944 921 5012 compulsu
949 4944 1172 4998 istorum
1200 4945 1428 4998 duorum
1449 4987 1462 5012 ,
1489 4952 1541 4999 et
1568 4947 1930 5015 generationis
1954 4958 2007 5003 et
2035 4948 2235 5005 facien-

546 5099 549 5102 _
643 5039 728 5104 di,
754 5038 916 5093 veluti
943 5037 1131 5107 lapidis
1155 5047 1209 5093 et
1235 5038 1390 5104 ferri,
1414 5048 1576 5108 atque
1602 5039 1723 5094 inde
1744 5039 1915 5096 emitti
1940 5041 2230 5099 ﬂammam.

645 5133 750 5187 Ista
780 5129 1022 5184 dicentes
1049 5128 1242 5183 occulti
1272 5129 1453 5182 Ariani
1482 5138 1626 5183 sunt.
1657 5131 1898 5186 Primum
1927 5149 2033 5188 non
2071 5152 2235 5206 gene-

642 5224 853 5281 ratione
877 5220 1121 5276 dicentes
1153 5221 1240 5272 Dei
1287 5220 1452 5274 iilium
1494 5235 1644 5287 esse,
1685 5223 1779 5277 sed
1821 5223 2054 5294 factura,
2088 5230 2232 5300 quod

645 5317 839 5386 dogma
869 5322 952 5368 est
984 5309 1130 5376 Arii;
1158 5309 1360 5364 factura
1392 5310 1535 5364 enim
1564 5319 1676 5379 est,
1705 5314 1846 5382 quod
1885 5330 1914 5369 a
1949 5321 2233 5390 compulsu

645 5411 821 5474 exilit,
863 5416 918 5462 et
962 5420 1027 5460 ex
1061 5403 1228 5458 nihilo
1256 5413 1358 5458 est.
1388 5402 1507 5458 Non
1539 5406 1680 5458 enim
1709 5420 1738 5459 a
1771 5405 1912 5461 ferro
1940 5421 2030 5464 aut
2058 5412 2235 5483 lapide

647 5500 891 5565 ﬂamma,
924 5497 1063 5568 quod
1097 5498 1330 5551 maxime
1357 5493 1517 5549 Arius
1547 5495 1764 5552 insanus
1793 5499 1950 5568 sapit.
1983 5500 2094 5558 Etsi
2124 5506 2236 5561 col-

555 5635 566 5639 _
642 5592 765 5646 lisio
791 5589 927 5645 facta
954 5601 1066 5661 est,
1099 5591 1197 5646 fuit
1220 5592 1436 5662 quando
1462 5606 1568 5647 non
1592 5592 1723 5648 fuit:
1751 5604 1804 5649 et
1828 5594 1871 5648 si
1899 5596 2233 5666 compulsum

644 5682 880 5740 faciendi
921 5692 975 5738 et
1011 5685 1362 5755 generatione
1400 5685 1573 5742 factus
1611 5696 1694 5743 est
1719 5687 1885 5756 ﬁlius,
1921 5691 2237 5760 praeexstitit

647 5778 811 5835 factio
831 5785 882 5832 et
903 5781 1181 5850 generatio
1206 5793 1492 5854 antequam
1526 5781 1713 5840 fuisset
1739 5784 1896 5844 ﬁlius.
1929 5785 2236 5852 Posteriora

2340 4670 2569 4726 formam
2603 4666 2714 4730 Dei,
2751 4665 2840 4735 qui
2870 4663 3032 4719 habet
3069 4662 3424 4718 substantiam
3455 4661 3524 4716 de
3554 4659 3640 4715 Dei
3671 4656 3838 4710 substan-

2343 4767 2435 4832 tia,
2470 4771 2738 4826 naturam,
2769 4758 3197 4831 generationem,
3233 4756 3400 4810 ﬁlium
3434 4755 3595 4811 simul
3629 4768 3729 4808 cum
3751 4755 3842 4816 pelle

2323 4855 2858 4924 ,consnbstantiatum
2905 4852 3048 4923 quod
3094 4851 3264 4908 ϐπ·ωοί
3310 4849 3584 4923 ὁμοούσιον
3629 4841 3839 4916 appellat“.

2342 4947 2756 5023 primogenitum
2787 4955 2912 5002 ante
2938 4942 3373 5000 constitutionem
3403 4940 3625 5006 mundi,
3645 4947 3691 4992 et
3715 4934 3842 5005 primo-

2340 5044 2577 5116 genitum
2619 5048 2744 5096 ante
2787 5053 3001 5094 omnem
3046 5045 3345 5092 creaturam
3369 5076 3386 5101 ,
3425 5036 3529 5089 hoc
3564 5041 3659 5097 est,
3695 5037 3738 5083 et
3767 5030 3841 5075 anw

2341 5113 2693 5193 substantiam
2729 5129 3002 5197 veniendi,
3035 5140 3090 5184 et
3119 5126 3519 5199 generationis,
3547 5137 3599 5181 et
3630 5113 3840 5180 mirandi.

2341 5227 2754 5300 primogenitum
2783 5238 2813 5277 α
2846 5221 3071 5277 mortuis
3109 5221 3274 5296 λόγον,
3305 5219 3394 5289 qui
3427 5219 3502 5274 sit
3540 5216 3746 5272 omnium
3775 5204 3842 5258 uni-

2342 5317 2571 5375 versalis
2597 5316 2763 5391 λόγος,
2793 5313 2932 5387 λόγον
2959 5321 3138 5368 autem
3170 5311 3236 5367 ad
3267 5312 3460 5378 Deum,
3484 5310 3624 5386 λόγον
3641 5308 3686 5363 in
3708 5310 3843 5374 p05"?

2339 5413 2442 5468 mis
2500 5407 2830 5478 temporibus
2884 5406 3258 5473 incarnatum,
3305 5412 3361 5460 et
3411 5418 3576 5461 cruce
3624 5399 3840 5455 vincentem

2339 5515 2569 5560 mortem
2617 5509 2672 5557 et
2718 5513 2879 5555 omne
2926 5511 3224 5577 peccatum,
3279 5496 3612 5554 Salvatorem
3656 5495 3840 5546 nostrum.

2333 5597 2570 5670 judicem
2599 5594 2838 5648 omnium
2860 5633 2874 5659 ,
2909 5575 3123 5663 semper
3159 5606 3281 5648 cum
3323 5600 3481 5661 patre
3521 5575 3840 5644 substantiam

2338 5685 2700 5762 θι-ὁμοούσιον,
2731 5686 3022 5756 potentiam
3050 5683 3278 5740 activam
3311 5700 3341 5740 a
3379 5682 3554 5754 patria
3586 5670 3842 5752 potentia.ei

2337 5790 2722 5854 generantem,
2771 5788 2828 5837 et
2877 5778 3163 5839 facientem
3208 5781 3384 5840 omnia
3409 5819 3426 5849 ,
3475 5784 3530 5836 et
3569 5763 3838 5832 subsultim!
