4018 6184
241 298 361 354 i071

1407 293 1774 351 ADVERSUS
1811 291 2031 350 ΑΜοΜ
2070 292 2348 351 LIBERI.

3379 303 3518 358 1078

245 412 494 471 existendi
533 412 776 467 omnium
797 454 812 479 ,
845 421 897 467 et
932 413 1355 484 generationem,
1395 421 1451 467 et
1488 411 1819 467 reviviscen-
1845 411 1896 470 Α
1924 409 2052 466 dum
2084 411 2441 482 privationem
2470 412 2613 468 nulla
2639 415 3047 486 participatione
3067 415 3134 471 ad
3162 431 3220 472 se
3252 417 3516 486 invicem;

243 508 354 563 tiam
388 523 402 559 :
435 507 686 576 quoniam
717 506 824 561 vita
850 516 931 561 est
953 515 1175 573 aeterna,
1201 515 1256 560 et
1285 507 1380 561 Dei
1413 508 1606 571 virtus,
1641 516 1696 561 et
1733 521 1824 560 sa-

241 598 422 668 pientia
451 615 465 652 :
493 598 667 667 ipsum
711 596 1098 664 inversibilem,
1124 597 1509 652 immutabilem
1534 598 1628 669 (al.
1652 606 1824 651 muta-

241 687 416 760 bilem)
430 687 582 758 juxta
602 688 745 758 quod
771 689 912 762 λόγος
933 698 1037 755 est,
1062 698 1117 744 et
1142 688 1282 759 quod
1305 703 1521 758 semper
1538 689 1680 762 λόγος
1701 698 1785 743 est
1807 707 1820 744 :

235 781 372 852 juxta
395 789 572 835 autem
597 779 736 850 quod
759 789 842 835 est
863 795 1048 836 creare
1070 781 1270 844 omnia,
1286 792 1337 835 et
1357 781 1586 835 maxime
1597 781 1746 850 juxta
1770 780 1822 834 in

240 873 352 946 hyle
377 873 640 929 actionem
672 871 1067 942 impassibiliter
1091 873 1400 943 patientem.
1426 871 1492 928 Ut
1519 871 1638 926 fons
1660 887 1824 940 aqua-

240 982 346 1023 rum
377 966 744 1032 immutabilis,
778 965 1156 1035 impassibilis,
1201 977 1350 1021 extra
1383 981 1596 1020 omnem
1628 965 1822 1019 motio-

241 1075 376 1126 nem,
400 1075 520 1115 cum
545 1057 679 1126 ﬁuit,
703 1069 756 1113 et
786 1060 837 1112 in
862 1057 1060 1114 ﬁumen
1089 1057 1326 1124 advenit,
1349 1057 1502 1126 juxta
1531 1057 1739 1110 alveum
1771 1064 1824 1110 et

240 1168 423 1224 genera
436 1162 490 1207 et
501 1153 784 1224 qualitates
808 1160 964 1207 teme
978 1151 1214 1208 creditur
1229 1152 1357 1222 pati,
1373 1166 1590 1220 semper
1601 1165 1825 1206 servans

240 1246 521 1316 potentiam
553 1259 705 1314 aquae
743 1260 895 1299 suam
916 1285 930 1310 ,
962 1255 1016 1299 et
1045 1244 1199 1298 sicuti
1235 1242 1432 1298 ﬁumen
1477 1243 1662 1312 irrigat
1712 1252 1823 1297 ter-

238 1352 365 1402 ram,
400 1336 600 1391 nullam
620 1336 1030 1391 diminutionem
1063 1335 1323 1400 sentiens,
1348 1335 1414 1390 ad
1443 1334 1546 1390 hoc
1570 1333 1712 1405 quod
1742 1342 1827 1389 est

239 1445 351 1486 esse
390 1445 618 1499 aquam;
663 1431 741 1486 sic
784 1431 1029 1486 Christus
1072 1430 1162 1485 ille
1210 1440 1297 1485 est
1345 1429 1559 1493 ﬂuvius,
1605 1429 1672 1484 de
1719 1444 1826 1499 quo

240 1521 498 1592 Propheta
528 1523 656 1578 dicit
686 1539 702 1576 :
738 1523 839 1589 Qui
868 1523 1069 1593 irrigat,
1101 1530 1148 1576 et
1175 1521 1404 1593 infundit
1449 1530 1605 1575 totam
1637 1531 1826 1574 terram

239 1615 382 1687 (Gen.
408 1634 464 1684 tt,
498 1616 554 1688 6)
590 1635 604 1671 :
635 1616 726 1670 sed
753 1613 999 1670 Christus
1031 1624 1172 1668 totus
1200 1629 1361 1668 omne
1386 1612 1591 1682 irrigat,
1615 1622 1672 1668 et
1700 1613 1827 1666 visi-

236 1707 354 1764 bilia
383 1719 438 1764 et
465 1708 772 1773 invisibilia,
807 1707 1028 1763 nomine
1054 1707 1179 1761 vita:
1206 1705 1446 1761 omnium
1486 1719 1673 1759 eorum
1705 1719 1825 1774 quze

1929 517 2060 573 ergo
2092 518 2190 557 nec
2217 504 2466 558 alterum.
2499 504 2554 561 Si
2583 506 2746 576 igitur
2766 523 2884 577 quze
2908 517 3052 573 sunt,
3083 510 3243 563 etiam
3268 509 3520 566 differen-

1927 594 1997 648 tia
2027 595 2135 648 sint
2159 594 2423 658 etaltera,
2447 597 2676 666 quadam
2711 607 2887 654 tamen
2919 601 3303 656 communione
3329 603 3517 657 eadem

1927 695 2086 749 sunt,
2129 696 2184 739 et
2225 687 2523 740 secundum
2567 689 2726 742 istum
2767 691 2985 745 modum
3029 702 3085 746 et
3125 693 3314 748 eadem
3353 695 3520 750 altera

1925 787 2077 845 sunt;
2104 787 2160 832 et
2182 779 2321 834 istud
2345 779 2558 834 duobus
2585 783 2757 837 modis
2788 784 2902 840 sive
2939 785 3106 840 altera
3142 786 3193 840 in
3217 786 3519 852 identitate,

1925 869 2037 923 sive
2070 868 2260 924 eadem
2305 871 2356 924 in
2387 872 2686 938 alteritate;
2717 875 2810 928 sed
2839 875 2883 929 si
2914 876 3100 930 eadem
3134 877 3186 932 in
3227 878 3522 944 alterilate,

1927 964 2098 1032 magis
2143 965 2194 1018 in
2244 963 2569 1018 alteritatem
2620 977 2843 1037 vergunt
2883 986 2895 1020 :
2929 969 2972 1023 si
3035 979 3213 1025 autem
3261 971 3428 1026 altera
3471 974 3521 1026 itt

1925 1055 2242 1120 identitate,
2297 1056 2528 1112 maxime
2577 1058 2826 1113 idcntitas
2871 1071 3114 1132 apparet.
3168 1062 3306 1129 Quid
3364 1063 3524 1135 igitur

1929 1147 2047 1202 istis
2071 1149 2322 1203 concinat
2356 1148 2480 1203 hinc
2509 1150 2962 1219 perSpiciendum.

2000 1331 2188 1386 XLIX.
2221 1333 2294 1388 De
2348 1334 2458 1388 Deo
2500 1344 2554 1388 ct
2580 1335 2731 1408 λόγῳ,
2764 1334 2866 1390 hoc
2890 1344 3003 1404 est,
3035 1336 3104 1393 de
3134 1346 3284 1409 patre
3324 1347 3379 1394 et
3418 1339 3528 1394 ﬁlio

1930 1421 2028 1481 Dei
2057 1427 2319 1496 permissu
2343 1428 2673 1483 sufﬁcienter
2697 1429 2922 1496 dictum,
2946 1432 3201 1500 quoniam
3221 1447 3383 1486 unum
3408 1449 3527 1503 quae

1927 1517 2055 1572 duo.
2095 1519 2303 1572 Dictum
2339 1528 2392 1573 et
2419 1519 2486 1575 de
2508 1521 2657 1593 λόγῳ,
2693 1520 2794 1575 hoc
2825 1529 2908 1575 est
2945 1521 3012 1576 de
3056 1522 3166 1577 ﬁlio
3199 1533 3253 1578 et
3293 1523 3362 1578 de
3401 1523 3527 1594 Spi-

1931 1610 2036 1664 ritu
2063 1620 2274 1676 s:tncto,
2309 1610 2452 1680 quod
2487 1613 2537 1664 in
2571 1627 2698 1665 uno.
2733 1611 2789 1666 Si
2830 1613 2989 1682 igitur
3019 1629 3138 1683 quae
3177 1613 3306 1680 duo,
3337 1631 3525 1682 unum,

1930 1712 1984 1757 et
2013 1703 2064 1757 in
2095 1720 2200 1758 uno
2223 1705 2357 1770 duo;
2392 1704 2519 1759 illud
2553 1721 2714 1758 unum
2743 1708 2794 1759 in
2823 1721 2931 1776 quo
2961 1717 3086 1762 sunt
3112 1707 3240 1773 duo,
3273 1712 3524 1780 quoniam

236 1812 355 1857 sunt
387 1802 685 1857 substantia
715 1802 922 1871 irrigat.
953 1800 1010 1854 In
1041 1816 1149 1870 quo
1176 1811 1354 1854 autem
1387 1799 1526 1861 vita,
1559 1807 1641 1852 est
1671 1796 1827 1851 Chri-
1854 1786 1903 1848 Β
1931 1811 2052 1850 cum
2083 1797 2175 1851 illo
2205 1807 2309 1863 est,
2351 1808 2404 1851 et
2443 1814 2508 1851 ex
2539 1809 2742 1852 :eternn
2780 1815 2902 1853 cum
2940 1801 3058 1870 ipso
3097 1816 3313 1872 semper
3353 1819 3364 1856 :
3398 1818 3518 1873 qua:

235 1907 344 1953 stus
381 1915 394 1951 :
424 1897 480 1951 in
507 1911 616 1966 quo
653 1895 792 1965 rigat
817 1894 1048 1964 Spiritus
1075 1901 1293 1948 sanctus
1313 1935 1329 1960 ,
1363 1893 1415 1946 in
1447 1908 1553 1962 quo
1586 1891 1826 1960 potentia

238 1999 317 2045 est
351 1989 653 2054 vitalitatis,
697 1987 856 2043 Pater
893 1995 948 2042 et
993 1988 1134 2042 Deus
1186 2004 1198 2038 :
1254 1994 1421 2040 totum
1464 1993 1641 2038 autem
1689 1998 1827 2037 unus

241 2085 396 2140 Deus.
431 2080 764 2136 Conﬁtemur
794 2094 924 2148 ergo
960 2088 1016 2133 et
1048 2078 1308 2146 Spiritum
1339 2086 1582 2130 sanctum
1615 2091 1682 2128 ex
1720 2075 1828 2128 Deo

185 2201 190 2206 -
238 2175 393 2230 Patre
410 2174 586 2228 omnia
609 2172 916 2234 habentem,
936 2180 1009 2244 τῷ
1023 2171 1191 2245 Λόγῳ,
1212 2170 1314 2224 hoc
1332 2177 1436 2233 est,
1460 2167 1586 2222 .icsu
1611 2166 1829 2222 Christo

241 2266 483 2322 tradente
515 2265 589 2318 illi
620 2265 820 2328 omnia,
851 2279 968 2334 qua:
998 2261 1247 2317 Christus
1277 2261 1440 2315 habet
1481 2276 1510 2314 a
1553 2260 1728 2314 Patre.
1765 2260 1832 2313 Et

237 2361 338 2416 isto
364 2358 675 2427 bujusmodi
707 2357 868 2411 modo
889 2357 1047 2411 simul
1075 2357 1398 2410 conlltemur
1419 2368 1540 2409 esse
1564 2353 1680 2408 haec
1703 2353 1826 2419 tria,

238 2469 301 2509 ex
341 2453 447 2508 isto
477 2452 619 2522 quod
657 2466 842 2515 unum,
889 2457 945 2504 et
985 2463 1148 2503 unum
1182 2449 1374 2515 Deum,
1411 2445 1665 2521 ὁμοοὺσια
1695 2446 1828 2512 ista,

239 2555 292 2600 et
331 2559 545 2614 semper
583 2543 744 2598 simul
785 2552 840 2598 et
887 2551 1116 2613 patrem,
1163 2549 1217 2595 et
1255 2539 1444 2606 ﬁlium,
1479 2547 1534 2593 et
1573 2537 1829 2609 Spiritum

234 2644 476 2691 sanctum
527 2633 781 2691 ineﬁ‘abili
825 2633 1086 2702 potentia,
1129 2639 1185 2686 et
1226 2629 1558 2700 iueloqoibili
1600 2643 1829 2700 genera-

239 2729 382 2784 tione
419 2728 584 2782 lilium
618 2726 733 2792 Dei,
765 2725 949 2781 Jesum
975 2723 1274 2788 Christum,
1307 2725 1471 2797 Λόγος
1509 2722 1599 2792 qui
1649 2723 1739 2786 sit,
1777 2729 1834 2777 et

237 2823 427 2886 Deum,
458 2832 513 2877 et
542 2821 857 2891 imaginem,
885 2830 942 2876 et
973 2818 1223 2884 formam,
1252 2829 1307 2874 et
1335 2819 1703 2872 characterem
1727 2857 1742 2882 ,
1773 2824 1831 2871 et

244 2913 621 2985 refulgentiam
651 2912 838 2983 patris,
870 2920 925 2966 et
949 2910 1224 2977 virtutem,
1253 2917 1306 2964 et
1347 2909 1666 2978 sapientiam
1713 2907 1830 2975 Dei,

244 3024 338 3078 per
368 3023 486 3078 qum
514 3014 770 3076 appareat
798 3013 852 3059 et
879 3002 1184 3058 declaratur
1208 3002 1347 3060 Deus
1376 3002 1427 3055 in
1453 3000 1688 3072 potentia
1717 3013 1832 3053 omo

236 3103 407 3170 nium,
445 3111 501 3157 et
544 3103 806 3167 existens,
845 3109 900 3155 et
940 3112 1185 3160 manens,
1228 3106 1282 3152 et
1317 3112 1480 3167 agens
1523 3097 1702 3150 omnia
1743 3109 1828 3148 se-

1930 1890 2088 1942 simul
2115 1900 2239 1942 sunt
2264 1890 2364 1944 sibi
2396 1889 2624 1944 invicem
2657 1891 2865 1957 eadem,
2897 1892 3002 1946 duo
3031 1908 3197 1946 unum
3241 1903 3398 1959 sunt;
3434 1909 3528 1948 ne-

1930 1995 2085 2036 cesse
2119 1990 2204 2035 est
2240 1980 2401 2050 igitur
2429 1981 2527 2034 ista
2572 1983 2713 2036 idem
2744 1999 2884 2038 esse.
2919 1986 3202 2050 Quomodo
3243 1987 3380 2041 istud
3414 1989 3481 2040 sit
3513 2007 3525 2042 :

1934 2072 2094 2133 Audi,
2125 2082 2177 2125 ut
2209 2073 2352 2125 dico.
2384 2075 2525 2127 Ante
2554 2079 2732 2127 omnia
2763 2091 2882 2144 quzc
2905 2091 3031 2130 vere
3061 2087 3206 2142 sunt,
3236 2095 3398 2132 unum
3430 2078 3531 2132 fuit

1933 2163 2047 2218 sive
2077 2164 2250 2234 ipsum
2282 2179 2465 2230 unum,
2498 2175 2784 2234 antequam
2817 2167 2889 2220 sit
2927 2166 2977 2221 ei
3017 2181 3138 2222 esse
3177 2185 3360 2222 unum.
3393 2169 3527 2224 Illud

1934 2254 2078 2310 enim
2113 2270 2272 2307 unum
2301 2265 2513 2323 Oportet
2540 2255 2723 2310 dicere
2754 2267 2808 2310 et
2840 2257 3160 2326 intelligere,
3194 2260 3333 2328 quod
3365 2275 3528 2313 unam

1935 2347 2372 2416 imaginationem
2403 2347 2689 2401 alteritatis
2714 2347 2895 2412 habet,
2925 2365 3089 2402 unum
3128 2349 3329 2414 solum,
3363 2365 3528 2404 unum

1934 2439 2201 2508 simplex;
2238 2455 2398 2492 unum
2434 2455 2532 2509 per
2571 2442 3015 2505 concessionem,
3049 2456 3211 2494 unum
3255 2452 3382 2495 ante
3415 2455 3530 2495 om-

1939 2545 2062 2586 nem
2119 2531 2496 2596 existentiam,
2545 2539 2668 2584 ante
2711 2546 2927 2585 omnem
2985 2532 3526 2598 existentialitatetn,

1936 2634 1992 2680 et
2020 2625 2253 2678 maxime
2283 2633 2409 2678 ante
2435 2625 2617 2678 omnia
2649 2623 2926 2692 inferiora,
2960 2639 3085 2680 ante
3115 2626 3286 2696 ipsum
3316 2627 3399 2691 ὃν,
3431 2626 3532 2681 hoc

1934 2719 2078 2774 enim
2107 2734 2269 2772 unum
2292 2731 2418 2773 ante
2444 2716 2518 2772 ὅν.
2547 2720 2688 2774 Ante
2708 2735 2922 2775 omnem
2947 2720 3108 2790 igitur
3134 2721 3528 2790 essentitatem,

1934 2811 2314 2877 substantiam,
2342 2811 2770 2879 subsistentiam,
2798 2821 2852 2868 et
2878 2813 3055 2868 adhuc
3076 2816 3255 2868 omnia
3289 2831 3410 2884 quze
3437 2831 3532 2884 po-

1939 2907 2171 2960 tentiora
2201 2921 2386 2971 unum,
2419 2906 2534 2960 sine
2559 2905 2867 2971 existentia,
2908 2906 3026 2960 sine
3068 2907 3386 2971 substantia,
3414 2909 3530 2964 sine

1934 2997 2305 3068 intelligentia.
2333 2997 2505 3066 Supra
2533 2998 2673 3052 enim
2705 2997 2840 3064 lucc,
2867 2997 3211 3064 immensum,
3237 2999 3528 3067 invisibile,

1937 3091 2338 3146 indiseernibile
2375 3089 2776 3160 universaliter,
2819 3101 2874 3146 et
2913 3092 2996 3146 his
3035 3108 3155 3162 qua:
3201 3094 3253 3146 in
3302 3093 3440 3163 ipso,
3471 3107 3526 3148 ct

237 3169 472 3252 cundum
502 3197 766 3251 actionem
797 3193 911 3259 lilii,
941 3191 994 3246 id
1023 3201 1123 3256 est,
1153 3191 1280 3246 Jcsu
1308 3189 1530 3257 Christi,
1563 3203 1719 3258 quem
1748 3187 1829 3266 in-
1857 3169 1902 3232 C
1938 3186 2020 3238 bis
2046 3200 2164 3254 quae
2194 3193 2313 3253 post
2355 3184 2560 3252 ipsum,
2597 3185 2757 3237 etiam
2791 3200 2909 3252 qua:
2951 3200 3014 3238 ex
3046 3187 3180 3254 ipso.
3209 3184 3319 3240 Soli
3350 3197 3528 3238 autem

235 3298 544 3353 caritatum,
573 3298 626 3343 et
654 3285 1001 3352 cruciﬁxum,
1042 3295 1096 3339 et
1127 3291 1496 3353 resurgentem
1533 3297 1560 3333 a
1604 3278 1830 3334 mortuis

233 3389 288 3436 et
319 3379 698 3434 ascendentem
740 3379 792 3432 in
828 3378 1018 3443 cmlos,
1049 3387 1103 3431 et
1133 3375 1412 3430 sedentem
1447 3374 1512 3428 ad
1555 3373 1828 3428 dexteram

233 3473 430 3540 Patris,
457 3482 508 3528 et
529 3471 770 3543 judicem
799 3470 1036 3525 futurum
1067 3468 1250 3524 venire
1279 3470 1572 3524 viventium
1603 3477 1658 3522 et
1685 3483 1831 3521 mor-

234 3575 470 3632 tuorum,
511 3565 727 3620 Patrem
765 3563 940 3618 omnis
977 3573 1242 3618 creatura:
1281 3569 1337 3616 et
1375 3561 1733 3626 Salvatorem,
1776 3569 1830 3616 et

231 3672 388 3724 voce,
420 3665 476 3712 et
503 3665 617 3710 toto
642 3655 806 3710 corde
835 3653 1163 3710 conﬁtemur
1187 3667 1422 3721 semper,
1457 3655 1610 3726 ἀμήν.
1641 3652 1828 3708 Gratia

229 3759 286 3805 et
317 3765 418 3820 pax
461 3765 491 3803 a
533 3749 643 3804 Deo
681 3759 855 3820 patre,
894 3758 948 3803 et
989 3749 1098 3803 ﬁlio
1140 3749 1256 3818 ejus
1297 3747 1422 3803 Jcsu
1457 3747 1676 3803 Christo
1722 3749 1827 3803 Do-

230 3842 382 3897 mino
409 3851 620 3910 nostro,
651 3843 730 3897 sic
758 3841 859 3897 ista
886 3841 1169 3897 conﬁtenti
1200 3839 1253 3896 in
1285 3840 1462 3896 omnia
1493 3842 1688 3898 saecula
1725 3855 1828 3896 sae-

227 3934 496 3990 culorum.

305 4114 539 4172 XLVIII.
567 4115 820 4184 Spiritus,
845 4115 1006 4190 λὸγος,
1031 4121 1170 4183 νοῦς,
1197 4115 1477 4186 sapientia,
1501 4114 1824 4178 substantia,

231 4220 418 4267 utrum
463 4211 604 4266 idem
651 4211 864 4278 omnia,
904 4225 970 4264 an
1008 4211 1174 4266 altera
1219 4225 1248 4264 a
1285 4225 1343 4265 se
1383 4209 1654 4266 invicem?
1688 4208 1755 4264 Et
1785 4209 1829 4264 si

228 4305 413 4374 idem,
471 4305 851 4361 communione
906 4305 1170 4376 quadam,
1222 4319 1288 4359 an
1340 4304 1728 4360 universitate?
1773 4302 1829 4358 Si

226 4399 618 4454 communione
655 4397 909 4468 quadam,
955 4397 1081 4468 quid
1130 4398 1385 4468 primum,
1431 4397 1556 4467 quid
1598 4411 1668 4450 ex
1699 4395 1826 4462 alio,

225 4501 283 4546 et
314 4507 420 4562 qua
450 4490 873 4546 communione?
897 4491 943 4546 si
975 4491 1324 4545 universitate
1352 4499 1406 4545 et
1446 4491 1577 4556 ista,
1614 4497 1669 4544 et
1705 4501 1826 4558 quae

225 4583 557 4650 diii’erentia,
587 4591 642 4638 et
666 4599 787 4654 quae
816 4582 1162 4636 communio?
1187 4583 1230 4637 si
1257 4598 1286 4636 a
1313 4597 1372 4638 se
1401 4582 1624 4637 invicem
1657 4582 1825 4636 altera

225 4677 569 4743 Omnimodo,
596 4675 765 4731 altera
797 4676 849 4729 in
878 4674 980 4728 alia
1011 4684 1068 4728 ut
1098 4674 1398 4745 subjectum
1419 4716 1432 4738 ,
1465 4675 1566 4728 alia
1597 4683 1654 4728 ut
1687 4676 1827 4728 acci-

225 4767 371 4822 dens
404 4783 417 4819 :
445 4783 512 4822 an
535 4768 687 4838 juxta
712 4767 874 4822 alium
907 4767 1136 4822 alterum
1167 4767 1381 4820 modum
1401 4770 1424 4821 'l
1445 4766 1502 4823 Si
1530 4767 1688 4837 igitur
1707 4780 1824 4818 om-

226 4861 472 4918 nimodis
507 4864 696 4930 altera,
730 4872 783 4917 et
810 4863 1106 4939 ἕτερόνυμα,
1138 4871 1193 4916 et
1229 4864 1450 4927 alterius
1487 4862 1820 4919 substantiae.

225 4941 344 5010 Sed
390 4954 523 5010 nihil
573 4955 900 5010 omnimodis
945 4955 1168 5011 alterius
1217 4957 1529 5012 substantiae
1575 4970 1822 5011 :-eorum

224 5049 379 5105 enim
409 5065 529 5119 quae
555 5059 680 5104 sunt
703 5049 756 5104 ὂν
783 5063 975 5119 genus,
1008 5057 1062 5102 et
1101 5048 1271 5119 magis
1299 5064 1468 5118 genus
1497 5049 1550 5102 in
1589 5063 1654 5104 eo
1681 5048 1824 5118 quod

223 5150 317 5197 est
344 5155 484 5196 esse.
516 5141 621 5197 Sed
653 5143 905 5211 quoniam
931 5155 1051 5196 esse
1077 5139 1381 5210 dupliciter,
1413 5150 1466 5196 et
1496 5141 1668 5211 ipsum
1695 5143 1753 5196 τὸ
1773 5137 1827 5196 ὂν

224 5231 546 5302 dupliciter.
573 5241 658 5287 est
681 5233 825 5287 enim
857 5247 985 5287 vere
1015 5246 1167 5295 esse,
1197 5241 1280 5286 est
1310 5242 1364 5286 et
1390 5231 1563 5286 solum
1595 5247 1734 5287 esse.
1767 5231 1826 5287 Si

223 5323 400 5394 igitur
431 5325 490 5378 τὸ
527 5319 600 5388 ὃν,
632 5337 760 5378 vere
799 5318 851 5377 ὃν
894 5333 949 5377 et
991 5323 1164 5377 solum
1196 5319 1249 5378 ὂν
1287 5323 1353 5376 ad
1395 5325 1571 5378 omnia
1601 5323 1744 5391 ὄντα,
1773 5337 1828 5383 et

221 5415 411 5471 solum
441 5409 494 5469 ὃν
535 5414 600 5468 ad
631 5414 806 5468 solum
846 5411 987 5478 ὅντα,
1019 5415 1132 5469 sive
1172 5417 1504 5487 συνωνύμως,
1544 5418 1656 5471 sive
1695 5417 1831 5489 ὁμω-

225 5509 412 5578 νύμως
440 5506 708 5572 dicuntur,
741 5521 847 5560 non
879 5505 1202 5561 omnimodis
1225 5507 1392 5563 altera
1419 5520 1541 5562 sunt
1574 5528 1587 5564 :
1613 5512 1832 5579 partici-

223 5600 458 5669 patione
505 5599 668 5668 igitur
713 5597 990 5668 cujusdam
1036 5600 1430 5654 communionis
1477 5602 1656 5656 omnia
1710 5620 1832 5673 quac

220 5698 384 5755 sunt,
415 5689 481 5744 ad
524 5689 694 5744 altera
727 5698 874 5743 sunt.
911 5688 1118 5743 Etenim
1159 5689 1301 5760 quod
1338 5699 1412 5766 τῷ
1445 5689 1550 5749 ὄντι
1586 5702 1688 5760 est,
1728 5695 1830 5752 hoc

220 5782 381 5854 quod
417 5797 522 5838 non
551 5776 604 5837 ὃν
631 5790 738 5852 est,
765 5777 1074 5854 opponitur,
1102 5784 1252 5856 quasi
1279 5785 1607 5843 contrarium
1635 5801 1828 5845 secun-

1932 3277 2032 3332 sibi
2069 3287 2123 3331 et
2152 3275 2497 3330 discernibile
2518 3316 2532 3341 ,
2561 3285 2614 3330 et
2643 3275 2923 3329 deﬁnitum
2959 3277 3069 3345 ipsa
3101 3290 3195 3330 sua
3225 3277 3525 3341 cxistentia,

1931 3383 2039 3422 non
2065 3377 2265 3430 actum,
2297 3374 2356 3420 ut
2384 3380 2488 3420 non
2517 3367 2768 3436 quiddam
2811 3366 3041 3420 alterum
3068 3367 3135 3420 sit
3162 3367 3230 3420 ab
3256 3369 3374 3436 ipso
3403 3381 3528 3421 cono

1931 3461 2196 3526 sistentia,
2225 3469 2279 3514 ct
2305 3461 2684 3530 cognoscentia
2713 3461 2795 3514 sui
2828 3459 3096 3528 intpartile
3129 3459 3381 3529 undique,
3411 3462 3529 3516 sine

1933 3539 2120 3625 ﬁgura,
2152 3555 2270 3610 sine
2298 3553 2576 3624 qualitate,
2626 3567 2802 3621 neque
2834 3550 3177 3620 inqualitatc;
3210 3551 3326 3606 sine
3350 3554 3526 3622 quali-

1933 3657 2038 3703 tate
2065 3648 2246 3718 quale,
2278 3650 2395 3701 sine
2424 3645 2630 3711 colore,
2675 3645 2792 3700 sine
2818 3645 3015 3714 specie,
3045 3645 3161 3700 sine
3188 3645 3377 3713 forma,
3412 3663 3528 3702 om-

1932 3748 2090 3801 nibus
2123 3746 2309 3800 formis
2347 3761 2558 3801 carens.
2592 3745 2778 3815 Neque
2805 3747 2946 3816 quod
2983 3746 3052 3801 sit
3081 3748 3193 3816 ipsa
3231 3746 3398 3800 forma
3424 3758 3527 3812 qua

1930 3839 2230 3895 formantur
2273 3840 2486 3907 omnia,
2517 3850 2572 3894 et
2615 3840 2994 3895 universalium
3019 3851 3072 3895 et
3109 3839 3376 3910 partiliuin
3407 3854 3526 3892 om-

1933 3933 2079 3986 nium
2111 3945 2230 4002 quas
2258 3940 2402 3986 sunt.
2427 3931 2604 3986 Prima
2631 3946 2795 3987 causa
2847 3933 3086 3986 omnium
3114 3932 3524 4002 principiorum,

1930 4025 2252 4095 principium
2284 4025 2520 4078 omnium
2563 4025 3062 4095 intelligentiarum,
3106 4023 3527 4094 pracintelligcn-

1933 4120 2004 4173 tia
2039 4123 2279 4175 omnium
2310 4121 2690 4190 potentiarum,
2720 4118 2973 4172 iortitudo
2997 4119 3108 4188 ipsa
3131 4117 3371 4171 motione
3393 4115 3532 4170 cele-

1931 4212 2101 4280 brior,
2137 4214 2254 4284 ipso
2284 4223 2424 4268 statu
2455 4215 2719 4270 stabilior.
2761 4213 2992 4266 Motione
3021 4211 3165 4265 enim
3196 4210 3527 4280 ineloquibili
3599 4271 3608 4276 _

1931 4314 2103 4360 status
2134 4315 2246 4371 est,
2280 4317 2421 4360 Statu
2460 4314 2639 4362 autem
2678 4304 2931 4360 ineliabili
2960 4304 3317 4374 superelativa
3362 4307 3528 4358 motio

1930 4403 2030 4451 est.
2072 4395 2487 4452 Conlinuatione
2521 4397 2666 4451 omni
2709 4395 2946 4462 densior,
2981 4397 3234 4450 distantia
3273 4397 3525 4450 universa

1931 4488 2108 4555 altior,
2132 4488 2403 4543 deﬁnitior
2421 4489 2670 4544 universo
2687 4503 2935 4558 corpore,
2967 4498 3022 4544 et
3048 4490 3219 4559 major
3237 4487 3384 4542 omni
3413 4501 3526 4541 ma-

1929 4582 2228 4651 gnitudine,
2249 4582 2395 4635 omni
2421 4581 2742 4650 incorporali
2774 4581 2977 4651 purior,
3002 4582 3146 4636 omni
3176 4580 3522 4651 intelligentia

1933 4683 1986 4729 et
2011 4689 2237 4744 corpore
2268 4673 2673 4744 penetrabilior,
2703 4674 2943 4727 omnium
2975 4673 3396 4743 potentissimus.
3430 4688 3526 4742 po-

1933 4768 2097 4823 tentia
2151 4767 2511 4836 potcntiarum
2537 4808 2550 4830 ,
2603 4765 2750 4818 omni
2789 4781 3023 4835 genere,
3069 4766 3215 4819 omni
3249 4767 3520 4836 potentia,

1933 4862 2078 4917 omni
2118 4861 2297 4929 specie
2336 4858 2533 4927 majus,
2569 4866 2735 4912 totum
2767 4873 2896 4912 vero
2935 4873 3053 4927 qua:
3081 4867 3206 4912 sunt
3239 4858 3415 4912 omnia
3450 4859 3530 4927 ip-

1931 4970 2051 5009 sum
2078 4953 2318 5007 existens
2346 4952 2489 5006 omni
2521 4959 2632 5004 toto
2657 4951 2846 5020 majus,
2877 4951 3164 5019 eorporali,
3197 4960 3251 5005 et
3281 4953 3527 5021 incorpo-

1932 5046 2053 5110 rali,
2109 5044 2254 5098 omni
2304 5053 2454 5112 parte
2484 5043 2652 5112 magis
2694 5059 2815 5112 pars
2867 5043 3209 5098 inenarrabili
3252 5045 3525 5116 potentia,

1931 5153 2084 5210 pora,
2117 5137 2354 5194 existens
2381 5152 2488 5206 prae
2511 5136 2778 5206 onmibus,
2805 5153 2922 5209 qua:
2951 5153 3078 5194 vere
3098 5149 3242 5194 sunt.

2010 5317 2072 5372 L.
2119 5315 2214 5372 llic
2237 5327 2319 5372 est
2350 5317 2512 5386 Deus,
2543 5317 2628 5375 hic
2656 5318 2835 5384 Pater,
2876 5318 3360 5390 pra'intelligentia,
3391 5333 3528 5388 pra:-

1935 5418 2171 5473 exislens
2199 5426 2253 5472 et
2288 5418 2708 5488 prmexistenlia,
2754 5419 3139 5475 beatitudinem
3168 5433 3320 5472 suam
3345 5429 3396 5473 et
3426 5418 3527 5473 im-

1936 5510 2124 5564 mobili
2168 5510 2402 5564 matinne
2445 5510 2790 5580 semetipsum
2827 5511 3170 5575 custodiens,
3212 5520 3264 5564 et
3309 5522 3528 5581 propter

1937 5601 2077 5657 istud
2101 5618 2205 5656 non
2234 5602 2478 5673 indigens
2503 5603 2752 5667 aliorum,
2774 5603 3038 5674 perfectus
3061 5616 3222 5670 super
3240 5603 3524 5672 perfectos,

1935 5695 2196 5766 tripotens
2226 5695 2279 5749 in
2313 5694 2586 5761 onalitate,
2617 5694 2836 5766 spiritus
2869 5692 3132 5762 perfectus
3152 5701 3206 5747 et
3233 5708 3392 5764 supra
3418 5692 3530 5760 spi-

1933 5789 2119 5847 ritum.
2145 5788 2260 5847 Non
2289 5787 2430 5846 enim
2453 5788 2643 5860 spirat,
2672 5788 2766 5845 sed
2798 5795 3001 5845 tantum
3021 5783 3241 5856 Spiritus
3261 5796 3343 5843 est
3366 5785 3419 5840 in
3437 5800 3522 5853 eo,
