4018 6184
607 269 748 330 1079

1855 257 2046 314 MAR]!
2067 252 2427 312 VICTORINI
2467 257 2630 314 AFRI

3677 274 3762 331 ἱωο

607 377 752 458 quod
786 394 870 443 est
908 385 958 442 ei
985 398 1127 454 esse,
1157 383 1380 454 spiritus
1405 380 1620 451 spirans
1652 378 1706 434 in
1744 375 2118 443 semetipsum,
2152 381 2211 426 nt
2236 371 2291 432 Α
2315 369 2600 429 descensio
2627 374 2773 431 enim
2805 375 2934 444 vita,
2963 377 3211 434 ascensio
3236 377 3496 448 sapientia.
3521 381 3690 454 Spiritus
3708 406 3769 447 au.

607 481 681 536 sit
710 478 959 550 spiritus;
997 474 1250 547 quoniam
1286 482 1370 530 est
1407 472 1630 544 Spiritus
1661 465 2040 538 inseparabilis
2071 481 2098 516 a
2127 478 2214 518 se-

609 571 862 640 metipso,
895 569 1011 638 ipse
1043 567 1150 621 sibi
1171 575 1225 621 et
1253 566 1422 626 locus,
1460 575 1515 618 et
1542 561 1812 617 ltabitator
1842 559 1893 613 in
1917 554 2213 624 semetipso

609 675 857 724 manens,
890 659 1037 714 solus
1077 657 1132 712 in
1164 657 1300 719 solo,
1336 654 1532 725 ubique
1558 653 1824 717 existens,
1865 659 1919 705 et
1949 661 2212 718 nusquam

609 751 991 822 simplicitate,
1035 763 1172 803 unus
1217 746 1308 818 qui
1346 747 1451 810 sit,
1499 755 1606 799 tres
1647 741 1917 814 potentias
1956 737 2214 794 couniens

613 842 954 901 existentiam
983 855 1234 906 omnem,
1269 837 1433 894 vitam
1465 851 1679 891 omnent
1711 844 1764 889 et
1804 829 2210 888 beatitudinem.

611 937 721 992 Sed
751 936 851 989 ista
882 935 1062 989 omnia
1083 942 1137 987 et
1158 947 1345 998 unum,
1369 940 1423 984 et
1445 929 1670 999 simplex
1698 941 1882 992 unum,
1909 933 1963 979 et
1985 922 2218 977 maxime

614 1032 669 1086 in
697 1027 939 1100 potentia
979 1027 1096 1096 ejus
1153 1023 1295 1095 quod
1333 1032 1418 1078 cst
1451 1036 1604 1086 esse,
1638 1020 1739 1074 hoc
1785 1026 1869 1074 est
1915 1014 2217 1072 existentim

614 1121 877 1194 potentia,
902 1119 1025 1172 vitae
1045 1128 1098 1171 et
1129 1113 1477 1171 beatitudinis
1499 1111 1640 1183 quod
1672 1109 1815 1166 enim
1844 1118 1925 1164 est
1952 1119 2006 1162 et
2037 1104 2220 1162 existit

613 1212 878 1286 potentia,
916 1225 1036 1280 qua:
1066 1208 1139 1262 sit
1164 1205 1488 1271 existentim,
1530 1218 1594 1258 ac
1632 1201 1869 1271 potentia
1916 1208 1998 1254 est
2026 1198 2148 1252 vitae
2165 1206 2222 1252 et

615 1302 965 1363 beatitudinis
987 1301 1100 1370 ipsa
1130 1316 1224 1370 per
1252 1297 1616 1368 semetipsam,
1647 1304 1702 1350 et
1747 1294 1870 1349 ideo
1896 1303 1949 1347 et
1975 1292 2114 1366 λόγος
2136 1287 2220 1344 sui

616 1400 814 1471 ipsius,
843 1409 896 1456 et
927 1396 1128 1458 vivere.
1169 1405 1223 1449 et
1248 1407 1436 1463 agens,
1475 1390 1680 1445 habens
1707 1387 2001 1443 secundum
2048 1383 2218 1454 ipsam

617 1491 988 1560 Suintetipsius
1058 1487 1435 1542 inexistentem
1497 1482 1882 1544 existentiant,
1956 1480 2218 1534 indiscer—

615 1585 800 1642 nibilis
835 1583 1056 1654 spiritus
1095 1579 1371 1645 counitio,
1420 1576 1708 1641 divinitas,
1757 1571 2217 1638 substantialitas,

615 1674 911 1739 beatitudo,
935 1669 1438 1742 intelligentialilas,
1454 1667 1710 1732 vitalitas,
1725 1664 2020 1735 Optimitas,
2036 1672 2090 1718 et
2107 1665 2221 1718 uni-

2318 473 2424 520 teni
2454 477 2506 522 et
2532 467 2654 522 ista.
2695 469 2926 540 Spiritus
2958 471 3119 541 igitur
3152 480 3375 541 utraque
3407 492 3418 526 :
3454 476 3498 530 in
3525 492 3608 531 uno
3632 481 3771 544 duo.et

2317 559 2456 614 sicut
2515 560 2782 618 existente
2840 564 2947 618 vita
3004 564 3174 634 prima
3233 565 3528 633 existentia,
3577 578 3774 634 necessitas

2317 652 2492 709 fuitin
2522 656 2837 725 virginalem
2865 658 3156 727 potentiam
3183 659 3494 728 subintrarc,
3518 671 3562 717 et
3583 672 3775 725 masculari

2318 747 2539 818 virginis
2571 758 2724 818 partu
2767 750 2938 804 virum
2979 751 3229 821 generari
3274 751 3431 805 ﬁlium
3469 753 3565 808 Dei.
3598 756 3640 809 ιιι
3672 763 3779 827 prima

2319 838 2462 893 enim
2491 839 2753 907 motione,
2795 843 3022 912 primam
3051 842 3173 896 dico
3206 845 3257 897 in
3293 847 3615 914 apparentinm
3642 854 3783 908 venien-

2321 943 2451 1001 tem,
2484 935 2650 990 veluti
2676 935 2877 992 defecit
2904 952 2932 989 a
2967 938 3206 1006 potentia
3235 940 3416 1007 patris,
3445 944 3558 994 etin
3581 943 3784 1011 culiditate

2322 1025 2482 1081 insita
2511 1026 2896 1097 vivefaciendi,
2931 1032 3071 1084 intus
3109 1029 3325 1099 quidem
3353 1032 3564 1088 existens
3591 1037 3690 1094 vita,
3713 1055 3785 1092 mo-

2322 1122 2468 1174 tione
2505 1128 2682 1174 antem
2712 1119 2843 1176 foris
2881 1122 3120 1178 existens
3154 1123 3206 1176 in
3240 1122 3560 1192 semetipsam
3602 1129 3786 1183 recurrit:

2322 1226 2510 1266 rursus
2546 1212 2598 1266 in
2632 1212 2978 1282 semetipsam
3031 1229 3293 1268 conversa
3336 1215 3473 1269 venit
3508 1218 3551 1270 in
3590 1232 3701 1273 suam
3730 1236 3787 1290 pa-

2324 1301 2478 1358 ttiam
2508 1302 2870 1372 existentiant,
2902 1305 3096 1360 virtute
3127 1307 3314 1362 ell‘ecta
3350 1317 3404 1362 et
3429 1307 3626 1377 perfecta
3647 1312 3712 1380 (at.
3735 1328 3789 1381 per

2323 1395 2462 1452 facta
2498 1397 2992 1468 inomnipotentem
3021 1401 3268 1456 virtutem
3299 1401 3509 1458 ellectus
3529 1413 3598 1458 est
3615 1406 3790 1474 perlectus

2323 1490 2565 1558 Spiritus,
2598 1502 2730 1545 nutu
2762 1491 2815 1546 in
2863 1492 3142 1562 superiora
3182 1507 3463 1562 converso,
3494 1494 3582 1551 hoc
3612 1507 3675 1552 est
3693 1498 3789 1554 intro.

2324 1583 2414 1638 Sic
2435 1583 2727 1638 secundum
2757 1591 2940 1656 typum
2969 1587 3209 1654 oportuit
3253 1587 3492 1642 ordinem
3519 1602 3646 1655 esse,
3668 1600 3790 1644 etcum

2323 1675 2480 1730 estin
2507 1691 2736 1746 corpore
2756 1679 2998 1746 spiritus,
3025 1675 3128 1732 hoc
3158 1685 3259 1746 est,
3288 1678 3397 1732 ﬁlio
3419 1678 3627 1747 Christo,
3645 1690 3686 1735 ct
3703 1681 3793 1750 quasi

618 1768 901 1826 versaliter
928 1764 1255 1821 omnimodis
1304 1762 1507 1827 omnia,
1547 1777 1682 1830 pure
1708 1758 2004 1829 ingenitum
2029 1759 2214 1829 προὸν,

2323 1770 2735 1826 diminutionem
2767 1771 2900 1841 pati,
2937 1779 2989 1825 et
3015 1786 3046 1824 a
3076 1770 3293 1840 Virgine
3325 1773 3488 1836 nasci,
3516 1783 3562 1827 ct
3589 1773 3674 1842 ipsa
3696 1774 3793 1827 veluti

620 1861 856 1918 unalitas
889 1857 1216 1916 counitionis
1241 1857 1388 1912 nulla
1421 1853 1740 1911 counitimti.
1771 1853 1878 1907 lsto
1920 1851 2083 1923 igitur
2113 1867 2219 1906 uno

618 1956 920 2018 existente,
958 1968 1122 2008 unum
1168 1948 1397 2021 proinde
1435 1946 1608 2004 exiliit
1637 1961 1835 2013 unum,
1877 1944 1930 1999 in
1971 1943 2220 1999 substan-

619 2049 696 2106 tia
725 2062 916 2114 unum,
950 2047 1002 2099 in
1056 2051 1202 2099 motu
1228 2057 1414 2107 unum,
1443 2049 1498 2096 et
1527 2048 1704 2094 motus
1729 2037 1874 2093 enim
1902 2035 2217 2104 existentia,

619 2139 874 2212 quoniam
926 2134 1214 2193 existentia
1249 2141 1446 2189 motus.
1482 2129 1626 2186 Istud
1671 2128 1833 2201 igitur
1866 2143 2030 2184 unum
2079 2126 2222 2183 exis-

621 2231 916 2290 tentialiter
953 2245 1150 2298 unum,
1189 2226 1284 2284 sed
1325 2240 1431 2281 non
1461 2233 1519 2278 ut
1557 2223 1719 2279 Pater
1749 2219 2222 2277 inexistentialiter

620 2341 814 2392 unum,
863 2323 956 2394 qui
1003 2331 1086 2378 est
1123 2319 1418 2377 secundum
1458 2316 1752 2388 potentiam
1809 2313 2222 2372 existentialiter

618 2433 804 2472 unum.
840 2415 1014 2470 Habet
1040 2412 1184 2469 enim
1227 2410 1546 2482 potentiam,
1589 2418 1645 2464 et
1689 2407 1860 2474 magis
1885 2407 2047 2462 habet
2075 2404 2218 2476 quod

619 2510 672 2566 ei
695 2509 933 2564 futurum
961 2517 1046 2563 est
1070 2504 1365 2562 secundum
1394 2501 1760 2573 operationem
1785 2515 1926 2568 esse,
1955 2509 2010 2554 et
2030 2513 2221 2554 secun-

627 2601 758 2657 dum
785 2599 1068 2656 veritatem
1093 2613 1200 2652 non
1224 2597 1403 2662 habet,
1430 2595 1523 2650 sed
1547 2602 1664 2652 est:
1688 2592 1937 2664 quoniam
1959 2590 2217 2662 potentia,

619 2691 833 2748 coactio
856 2700 1076 2746 actuosa
1115 2687 1186 2744 sit
1214 2685 1412 2753 omnia,
1448 2696 1528 2741 est
1556 2684 1674 2740 sine
1714 2683 1980 2750 molestia,
2009 2692 2064 2739 et
2092 2697 2222 2739 vere

621 2783 948 2841 omnimodis
993 2799 1098 2837 non
1141 2796 1329 2853 egens,
1378 2796 1500 2851 qua:
1526 2778 1597 2834 sit
1633 2778 1700 2834 ab
1727 2778 1832 2834 hoc
1863 2787 1920 2832 ut
1943 2777 2015 2833 sit
2039 2777 2219 2832 omnia

620 2877 864 2950 potentia
893 2891 910 2932 :
939 2876 1139 2933 etenim
1170 2889 1278 2947 qua
1329 2883 1520 2945 potens
1546 2882 1671 2928 nata
1699 2871 1840 2927 actio
1870 2880 2010 2943 eget,
2054 2886 2220 2944 agens

619 2970 736 3042 ipsa
761 2969 1014 3026 unalitas.

691 3064 781 3121 Ll.
828 3063 994 3135 igitur
1036 3063 1137 3118 ista
1162 3063 1456 3119 secundum
1493 3062 1636 3119 istud
1663 3060 1805 3134 quod
1839 3076 1960 3117 esse
1989 3060 2219 3116 dicimus

619 3173 810 3223 unum,
832 3166 997 3212 unum
1025 3155 1131 3210 vita
1156 3165 1259 3220 est,
1286 3172 1406 3227 qua:
1431 3156 1500 3211 sit
1529 3156 1695 3211 motio
1725 3155 1951 3224 inﬁnita,
1981 3155 2216 3212 elTeCtrix
2245 3128 2292 3193 C

619 3247 883 3315 aliorum,
915 3248 999 3303 vel
1039 3263 1226 3304 eorum
1266 3263 1386 3318 qua;
1419 3263 1546 3303 vere
1586 3255 1732 3314 sunt,
1762 3249 1846 3302 vel
1882 3263 2070 3303 eorum
2100 3263 2221 3318 qua:

618 3351 770 3408 sunt,
802 3339 1042 3396 existens
1073 3341 1236 3414 λόγος,
1271 3340 1338 3395 ad
1371 3339 1426 3396 id
1454 3338 1600 3410 quod
1643 3348 1727 3396 est
1755 3354 1876 3396 esse
1912 3355 2032 3410 qua:
2059 3351 2215 3407 sunt,

619 3435 803 3492 omnia
837 3450 867 3490 a
896 3442 1132 3490 sesemet
1151 3449 1374 3490 movens
1403 3449 1620 3504 semper
1651 3432 1706 3488 in
1737 3441 1906 3498 motu,
1937 3433 1992 3488 in
2020 3443 2220 3489 semet-

619 3528 735 3602 ipsa
761 3528 968 3584 habens
992 3538 1217 3594 motum,
1245 3527 1416 3598 magis
1441 3535 1620 3582 autem
1643 3525 1756 3596 ipsa
1779 3534 1956 3581 motus
1985 3536 2068 3581 est
2100 3544 2112 3579 :
2142 3516 2222 3584 sic

619 3622 765 3678 enim
807 3619 1087 3691 Scriptura
1127 3618 1307 3674 divina
1349 3618 1479 3674 dicit
1526 3638 1539 3673 :
1583 3617 1735 3684 Quod
1761 3617 1900 3671 dedit
1931 3618 2039 3686 ipse
2077 3626 2221 3689 pater

620 3711 760 3767 Deus
792 3713 844 3766 in
871 3714 985 3782 ipso
1012 3727 1120 3766 esse
1146 3712 1301 3766 vitam
1326 3715 1434 3767 esse
1463 3711 1642 3784 (Joan.
1668 3727 1720 3778 v,
1751 3708 1866 3781 26).
1920 3712 2027 3766 lste
2079 3711 2220 3766 ﬁlius

621 3812 707 3859 est
725 3805 891 3878 λόγος,
919 3805 1010 3874 qui
1033 3813 1120 3859 est
1142 3805 1208 3859 ad
1235 3806 1424 3871 Deum,
1454 3804 1557 3861 iste
1594 3821 1690 3873 per
1717 3820 1876 3874 quem
1923 3805 2064 3860 facta
2093 3814 2221 3861 sunt

621 3895 826 3961 omnia,
865 3895 970 3951 iste
1017 3897 1155 3951 ﬁlius
1193 3905 1248 3951 et
1285 3897 1476 3952 ﬁlietas
1515 3907 1624 3952 tota
1670 3898 2014 3968 paternitatis
2057 3899 2219 3954 totius

622 4002 841 4059 semper
870 3987 962 4060 qui
992 3987 1063 4042 sit
1097 3996 1152 4042 et
1182 3986 1345 4052 ﬁlius,
1377 3998 1432 4042 et
1468 4003 1536 4042 ex
1568 3997 1771 4044 aeterno
1807 4007 1820 4045 :
1860 3989 2002 4044 ﬁlius
2039 3999 2218 4044 autem

619 4095 675 4142 et
705 4093 879 4141 semet
908 4092 1054 4139 mota
1081 4078 1340 4147 motione,
1373 4081 1612 4152 potentia
1636 4083 1781 4137 enim
1813 4084 2214 4153 progrediente,

620 4185 678 4233 et
705 4175 876 4232 veluti
915 4175 1182 4230 immobili
1214 4174 1636 4245 praeexistentia,
1667 4184 1723 4230 et
1757 4192 1862 4231 non
1891 4186 2031 4232 ntota
2065 4177 2218 4247 juxta

619 4270 764 4342 quod
788 4267 1026 4340 potentia
1053 4267 1171 4323 fuit.
1201 4267 1308 4322 Ista
1345 4266 1514 4322 motio
1554 4281 1818 4336 nusquam
1845 4268 2136 4338 requiescit
2163 4279 2218 4324 et

619 4380 653 4418 a
688 4361 978 4432 semetipsa
1022 4373 1310 4429 exurgens,
1339 4367 1394 4414 et
1418 4359 1472 4413 in
1504 4373 1666 4415 omne
1694 4373 1865 4430 genus
1904 4367 2082 4416 motus
2104 4360 2215 4417 fes-

617 4458 798 4514 tinans
830 4473 843 4510 :
877 4453 1077 4525 quippe
1096 4452 1208 4507 vita
1234 4467 1354 4523 qua:
1375 4451 1447 4506 sit
1475 4451 1704 4518 inﬁnita,
1733 4462 1788 4508 et
1814 4453 1927 4524 ipsa
1958 4453 2012 4509 in
2042 4454 2217 4509 viviﬁ-

614 4550 828 4608 catione
853 4537 1036 4603 veluti
1080 4543 1209 4600 foris
1249 4544 1516 4614 apparuit.
1556 4543 1873 4601 Necessario
1913 4546 2074 4617 igitur
2107 4550 2213 4604 vita

614 4657 742 4703 nata
769 4650 876 4708 est,
917 4640 1026 4696 vita
1055 4648 1232 4696 autem
1263 4638 1430 4705 ﬁlius,
1471 4638 1578 4694 vita
1608 4638 1796 4703 motio,
1838 4654 1868 4692 a
1893 4639 2040 4695 vitali
2071 4657 2211 4711 prae-

613 4735 896 4794 existentia
927 4733 1058 4800 vita,
1090 4730 1372 4788 existentia
1412 4730 1466 4785 in
1507 4730 1912 4796 constitutione,
1960 4741 2015 4787 et
2041 4748 2210 4803 appa-

612 4830 786 4887 rentia
823 4828 1060 4884 omnium
1099 4836 1356 4890 totorum,
1388 4841 1508 4895 qua:
1542 4824 1694 4894 juxta
1733 4826 2026 4894 potentiam
2058 4836 2207 4897 pater

612 4930 718 4987 est,
752 4929 811 4974 ut
838 4921 906 4975 ab
937 4935 1122 4976 eorum
1155 4935 1275 4990 qua:
1300 4933 1428 4974 vere
1464 4926 1590 4973 sunt
1634 4917 1983 4986 intelligentia
2013 4921 2209 4990 praeiu-

611 5012 908 5084 telligenlia
955 5021 1196 5081 apparet.
1239 5012 1343 5068 Ista
1389 5011 1552 5082 igitur
1588 5011 1873 5068 existentia
1933 5021 2016 5066 est
2043 5013 2208 5069 totius

609 5105 914 5165 cxistentia:
939 5105 1071 5170 vita,
1093 5115 1150 5162 et
1166 5105 1319 5176 juxta
1344 5105 1485 5176 quod
1514 5104 1623 5159 vita
1645 5115 1822 5161 motus
1853 5107 2006 5176 quasi
2028 5106 2207 5162 fremi-

609 5216 768 5259 neam
799 5200 992 5255 sortita
1018 5209 1100 5254 est
1132 5198 1450 5268 potentiam,
1491 5198 1594 5253 hoc
1613 5199 1754 5269 quod
1785 5199 2096 5269 concupivit
2123 5199 2204 5256 vi-

606 5298 847 5354 viﬁcare.
881 5293 989 5351 Sed
1017 5293 1266 5360 quoniam
1310 5293 1451 5349 sicut
1473 5292 1923 5360 demonstratum,
1954 5296 2055 5351 ista
2087 5311 2204 5352 mo-

605 5391 684 5447 tio
709 5404 816 5445 una
841 5403 964 5445 cum
999 5385 1089 5451 sit,
1121 5395 1176 5441 et
1202 5385 1310 5440 vita
1350 5395 1434 5442 est
1459 5385 1743 5456 sapientia,
1781 5395 1891 5442 tota
1939 5404 2201 5450 conversa

605 5479 663 5536 in
691 5478 1031 5549 sapientiam,
1071 5485 1126 5532 et
1151 5474 1324 5545 magis
1350 5475 1403 5530 in
1435 5475 1774 5532 existentiam
1806 5477 2056 5548 patriam,
2086 5497 2202 5537 ma-

602 5571 687 5643 gis
712 5580 804 5626 aut
828 5580 974 5627 retro
1001 5579 1164 5628 motae
1189 5567 1444 5625 motionis
1464 5567 1518 5625 in
1546 5569 1770 5640 patriam
1798 5571 2118 5642 potentiam,
2145 5585 2200 5632 et

601 5666 672 5724 ab
701 5665 820 5737 ipso
841 5664 1106 5724 viviﬁcata
1117 5667 1224 5725 vita
1245 5679 1532 5727 recurrens
1557 5665 1614 5723 in
1631 5675 1861 5740 patrem,
1883 5667 1970 5726 vir
1983 5667 2195 5739 eﬂecta,

2324 1863 2682 1919 diminutione
2718 1877 2815 1918 sua
2869 1865 3038 1934 patria
3083 1865 3312 1930 virtute,
3351 1865 3451 1920 hoc
3481 1875 3573 1928 est,
3605 1864 3795 1920 existentit

2323 1955 2588 2011 diviniore
2622 1965 2676 2011 et
2707 1957 2876 2026 prima
2912 1971 3198 2028 resurgere
3227 1966 3282 2011 et
3320 1956 3576 2021 renovari,
3607 1970 3648 2011 et
3675 1960 3794 2011 reverti

2323 2047 2375 2102 in
2408 2060 2638 2121 patrem,
2674 2051 2776 2106 ltoc
2811 2058 2915 2117 eSt,
2945 2049 2997 2104 in
3047 2049 3388 2106 existentiam
3417 2058 3469 2105 ct
3495 2049 3794 2120 potenti-tmpe-

2323 2143 2501 2199 triam.

2393 2323 2503 2378 LII.
2540 2322 2822 2391 Quomodo
2868 2323 3009 2379 istud
3061 2331 3164 2390 est,
3197 2323 3378 2379 adhuc
3423 2323 3582 2380 audeo
3605 2323 3750 2388 dicere,
3769 2336 3800 2378 ut

2322 2426 2508 2473 nostra
2535 2417 2821 2474 incidentia
2870 2417 3100 2488 plurima
3149 2418 3486 2488 expositione
3511 2419 3798 2474 manilestasit

2321 2510 2592 2566 Ponamus
2641 2510 3050 2580 intelligentiam
3101 2511 3440 2567 :secundum
3482 2515 3623 2568 istum
3665 2513 3800 2566 modum

2323 2603 2462 2659 Deus
2508 2605 2742 2674 potentia
2798 2612 2880 2657 est
2925 2603 3146 2658 istarunt
3191 2606 3347 2659 trium
3399 2606 3706 2675 potentiarum
3739 2605 3803 2660 eti-

2320 2695 2554 2761 stentiae,
2570 2694 2693 2750 vita:
2715 2694 3082 2760 beatitudinis,
3103 2696 3206 2750 hoc
3226 2705 3329 2760 est,
3349 2697 3397 2766 ej
3409 2713 3468 2751 ns
3493 2697 3617 2766 quod
3638 2707 3802 2759 estesse,

2320 2787 2462 2858 quod
2489 2787 2694 2852 vivere,
2723 2786 2864 2857 quod
2908 2787 3232 2858 intelligere.
3262 2789 3419 2856 Quod
3467 2800 3626 2844 autem
3652 2790 3690 2843 in
3724 2805 3803 2842 uno-

2320 2893 2535 2950 quoque
2590 2879 2814 2934 istorum
2849 2879 2948 2934 tria
2980 2922 2994 2945 ,
3024 2880 3366 2936 manifestum
3409 2890 3464 2936 et
3513 2882 3636 2953 quod
3660 2891 3805 2937 estesse

2322 2971 2589 3041 primum,
2644 2978 2698 3026 et
2753 2970 3046 3026 secundum
3115 2971 3258 3042 quod
3303 2982 3395 3028 est
3431 2987 3548 3029 esse
3604 2971 3805 3029 secundum

2323 3063 2498 3134 ipsum
2529 3063 2709 3119 vivere
2756 3072 2812 3119 et
2862 3063 3180 3135 intelligere,
3219 3064 3339 3120 sine
3395 3066 3498 3120 ulla
3527 3062 3807 3128 unitione,sal

2323 3155 2641 3226 simpliciter
2681 3156 2995 3228 simplicitas
3023 3167 3078 3213 et
3103 3157 3240 3212 istud
3273 3159 3606 3215 manifestum
3626 3157 3743 3214 sicuti
3757 3157 3809 3210 tle-

2324 3257 2702 3311 monstratum,
2735 3248 2865 3304 illud
2912 3260 2967 3306 et
3007 3249 3111 3304 tale
3138 3250 3280 3320 quod
3310 3261 3399 3306 est
3442 3266 3574 3318 esse,
3600 3252 3810 3305 Deumesse

2323 3339 2605 3396 manifeste
2631 3381 2646 3408 ,
2702 3340 2857 3396 sicuti
2904 3339 3378 3407 demonstratum;
3435 3343 3652 3412 potentia
3695 3350 3811 3410 potens

2322 3430 2609 3500 praestandi
2637 3431 2780 3500 quod
2825 3445 2944 3486 esse
2972 3431 3243 3499 omnibus,
3273 3446 3383 3486 non
3416 3433 3482 3489 ab
3505 3449 3567 3489 eo
3591 3431 3708 3504 quod
3743 3444 3812 3485 esse

2325 3533 2380 3579 ut
2407 3533 2613 3595 partem
2659 3523 2796 3579 dans
2826 3533 2879 3579 et
2909 3533 3184 3594 paternam
3211 3533 3266 3578 et
3291 3526 3611 3581 ett’eetricem
3645 3523 3812 3595 potentia

2323 3617 2608 3685 unicuique
2632 3616 2774 3686 quod
2803 3625 2886 3671 est
2909 3632 3031 3672 esse
3051 3621 3100 3672 ei
3135 3617 3412 3687 proprium
3440 3617 3709 3674 consistens
3731 3614 3815 3666 :boc

2321 3719 2498 3765 autem
2532 3724 2627 3778 per
2649 3709 3043 3764 ministrantem
3067 3709 3226 3784 λόγον,
3255 3710 3360 3764 hoc
3389 3719 3472 3764 est
3489 3725 3578 3780 per
3601 3709 3727 3763 vitam
3745 3717 3815 3773 qua

2321 3801 2570 3856 onmibus
2596 3809 2814 3872 praestat
2856 3799 3059 3868 vivere,
3080 3810 3134 3856 et
3160 3809 3283 3855 tunc
3309 3801 3572 3867 subsistit,
3600 3796 3749 3868 aliquis
3764 3810 3817 3847 ac-

2322 3897 2527 3966 cipiens
2548 3895 2691 3966 quod
2745 3903 2828 3951 est
2854 3910 2975 3951 esse
3025 3895 3320 3950 secundum
3349 3896 3493 3965 quod
3525 3904 3600 3950 est
3624 3894 3748 3949 vitam
3767 3903 3818 3941 te

2321 3988 2522 4057 cipere.
2571 3986 2624 4043 Si
2665 3987 2823 4058 igitur
2850 4001 2972 4041 esse
2995 3986 3112 4049 Dei,
3156 4002 3261 4041 non
3291 3987 3362 4042 ab
3392 4002 3460 4042 eo
3488 3986 3618 4058 quod
3646 3985 3724 4040 sibi
3747 3993 3818 4036 ess:

2321 4080 2569 4136 omnibus
2597 4089 2838 4150 prmstat,
2891 4077 2988 4134 sed
3030 4078 3370 4135 ministrante
3423 4079 3526 4136 hoc
3552 4077 3674 4150 quod
3696 4073 3816 4130 estvi-

2323 4181 2428 4227 tam
2469 4187 2589 4228 esse
2619 4189 2634 4238 ;
2667 4173 2842 4244 ipsum
2895 4182 3076 4227 autem
3109 4173 3270 4227 vitam
3295 4188 3423 4229 esse
3468 4175 3520 4228 in
3571 4189 3630 4230 eo
3653 4166 3818 4238 estqu

2319 4275 2402 4321 est
2427 4266 2543 4335 Dei,
2567 4281 2688 4322 esse
2715 4281 2877 4321 unum
2907 4274 2965 4321 et
3013 4265 3152 4321 idem
3183 4275 3269 4322 est
3311 4268 3623 4338 quiescenti,
3648 4262 3754 4334 quod
3773 4269 3818 4314 est

2319 4372 2441 4413 esse
2467 4358 2642 4428 patri,
2679 4372 2802 4413 cum
2851 4372 2921 4412 eo
2971 4357 3113 4428 quod
3165 4366 3247 4414 est
3291 4375 3414 4416 esse
3457 4361 3576 4416 vita:
3611 4356 3819 4414 secundum

2321 4451 2677 4516 identitatem,
2701 4459 2878 4508 motus
2899 4459 2982 4507 est
3006 4467 3070 4506 ex
3090 4466 3184 4507 sua
3211 4454 3447 4522 potentia
3469 4468 3498 4507 a
3522 4451 3674 4524 patria
3696 4457 3820 4518 poten-

2323 4548 2395 4600 tia
2423 4544 2755 4614 dependens.
2789 4545 2856 4599 Et
2891 4544 3146 4616 quoniam
3175 4546 3352 4600 omnis
3389 4547 3622 4619 potentia
3646 4537 3823 4599 naturalis

2321 4646 2404 4694 est
2429 4637 2696 4704 voluntas,
2729 4637 2897 4692 voluit
2945 4637 3108 4692 vitam
3140 4651 3360 4694 movere
3403 4639 3738 4708 semetipsam,
3772 4632 3822 4684 in-

2318 4731 2424 4788 sita
2451 4731 2601 4802 juxta
2627 4730 2980 4786 substantiam
3011 4731 3251 4787 motione
3282 4732 3688 4804 impassibiliter,
3706 4735 3824 4784 erecte

2317 4826 2370 4881 in
2399 4823 2450 4881 id
2479 4825 2620 4894 quod
2663 4835 2763 4880 est.
2809 4823 3074 4879 Naturalis
3099 4825 3242 4880 enim
3275 4825 3540 4891 voluntas,
3573 4837 3666 4880 non
3691 4819 3823 4892 passio.

2315 4917 2620 4976 Secundum
2672 4917 2831 4988 igitur
2856 4917 2998 4986 quod
3027 4926 3111 4972 est
3150 4932 3274 4974 esse
3301 4918 3419 4986 Dei,
3451 4920 3505 4974 in
3534 4931 3635 4990 quo
3661 4910 3824 4986 potentia

2315 5011 2617 5068 existentite
2673 5020 2777 5076 est,
2813 5010 3236 5067 substantialitas
3268 5013 3464 5082 patria,
3492 5010 3826 5072 secundumpo-

2313 5106 2556 5169 tentiam,
2582 5105 2877 5161 secundum
2917 5104 3059 5160 istud
3103 5120 3226 5162 esse
3270 5106 3449 5176 ipsum
3504 5114 3557 5161 et
3583 5104 3678 5159 vita
3700 5093 3825 5158 εει.δὶ

2311 5211 2441 5268 ergo
2469 5197 2636 5254 movit
2658 5198 2765 5252 vita
2811 5197 3182 5267 semetipsam,
3214 5199 3381 5252 motio
3431 5208 3608 5254 autem
3628 5195 3823 5250 voluntas,

2313 5295 2482 5366 patria
2515 5309 2644 5364 ergo
2673 5292 2860 5357 motio,
2883 5303 2936 5349 et
2964 5293 3135 5364 patria
3162 5293 3432 5362 voluntas,
3457 5293 3691 5365 quoniam
3710 5280 3825 5358 patri!

2311 5388 2549 5460 potentia
2579 5389 2709 5443 vita.
2756 5387 2864 5444 Sed
2911 5387 2959 5444 si
3010 5386 3303 5442 secundum
3342 5385 3491 5457 quod
3517 5397 3594 5441 est
3618 5395 3719 5439 esse
3738 5376 3822 5436 vita.

2308 5481 2476 5537 motio
2499 5491 2602 5547 est,
2635 5481 2851 5552 propria
2879 5495 3010 5551 ergo
3033 5481 3199 5535 motio
3228 5481 3350 5534 vita:
3377 5489 3483 5557 est.
3511 5477 3614 5535 Sed
3641 5469 3824 5545 quoniam

2307 5575 2476 5631 motio
2503 5573 2719 5630 aliunde
2746 5572 2813 5628 ad
2841 5572 2986 5629 aliud
3031 5573 3220 5639 fertur,
3257 5571 3421 5629 veluti
3451 5573 3522 5626 ab
3549 5586 3611 5625 eo
3638 5563 3752 5637 quod
3772 5567 3821 5612 es!

2302 5669 2447 5726 intus
2481 5667 2648 5738 foras,
2677 5666 2822 5738 quod
2869 5666 2975 5723 vita
3023 5674 3080 5723 et
3121 5665 3359 5738 potentia
3384 5673 3494 5732 est,
3525 5671 3579 5721 et
3601 5659 3821 5722 naturate'
