4018 6184
244 281 377 340 1081

1448 272 1813 332 ADVERSUS
1843 271 2061 331 ARIUM
2100 272 2305 330 LIBER
2342 274 2383 329 I.

3392 261 3535 328 1082

241 395 491 452 voluntas
517 411 531 449 :
562 400 618 450 et
646 392 879 450 maxime
909 390 1050 449 istud
1077 389 1361 447 existentia
1389 389 1579 460 ipsius,
1600 388 1725 445 ideo
1753 385 1832 443 ef-
1860 395 1908 455 Α
1937 393 2223 449 existeniia
2269 400 2323 447 et
2377 389 2654 448 beatitudo
2702 388 2843 446 idem
2888 403 3120 447 ενιπευς,
3170 402 3294 445 esse
3343 397 3399 444 et
3426 387 3530 443 vita

238 488 496 559 fulgentia
526 487 721 543 dicitur
745 502 865 542 esse
890 486 971 542 vel
1002 484 1330 556 progressio,
1360 493 1452 538 aut
1493 482 1687 538 clevati
1722 481 1836 552 spi-

239 581 379 639 ritus
414 579 803 647 manifestatio,
837 578 1110 651 operatrix
1138 578 1190 632 in
1216 574 1585 631 vivefaeiendo
1616 574 1668 629 id
1691 572 1837 644 quod

239 688 402 732 omne
448 684 617 731 totum
662 682 745 730 est
772 671 1120 729 essentitatis.
1155 671 1304 725 Intus
1338 670 1497 742 igitur
1553 668 1836 723 existentis

243 758 394 833 vitae,
420 764 569 835 juxta
626 764 767 836 quod
820 773 903 820 est
942 765 1237 819 motionem
1282 778 1402 818 esse
1446 762 1613 831 ipsam
1647 761 1835 827 vitam,

240 858 423 932 proles
451 858 570 929 ejus
598 859 738 930 quod
762 869 844 915 εει
871 869 1076 929 patrem
1105 872 1226 912 esse
1255 856 1359 910 vita
1400 866 1480 910 est
1504 873 1518 909 :
1543 853 1836 910 secundum

240 952 386 1026 quod
409 953 576 1007 motio
600 960 702 1008 est.
730 952 837 1009 Sed
881 954 1135 1023 quoniam
1171 951 1337 1006 motio
1377 950 1527 1020 juxta
1550 947 1689 1018 quod
1719 962 1837 1000 mo-

244 1046 319 1102 tio
349 1052 452 1112 est,
485 1044 689 1100 nullam
716 1038 1004 1101 elationem
1037 1044 1261 1112 habens,
1292 1044 1362 1098 ab
1384 1058 1449 1099 eo
1470 1042 1610 1113 quod
1638 1050 1721 1096 est
1751 1041 1838 1095 in-

242 1146 328 1196 tus
356 1152 641 1210 progressa
686 1138 834 1194 foras
875 1146 979 1205 est,
1005 1139 1147 1194 sicut
1185 1152 1378 1193 sensus
1403 1135 1472 1190 ab
1493 1150 1559 1191 eo
1587 1134 1675 1205 qui
1721 1140 1839 1197 νοῦς

244 1241 348 1298 est,
372 1233 667 1303 potentiam
717 1232 991 1288 fontanam
1020 1241 1075 1288 et
1132 1231 1489 1287 uuiversalem
1543 1227 1836 1297 accipiens,

239 1322 396 1395 juxta
442 1324 737 1380 motionem
791 1336 847 1381 et
877 1325 1020 1380 intus
1059 1336 1113 1380 et
1159 1324 1290 1380 foris
1329 1334 1448 1379 est:
1482 1321 1648 1377 motio
1691 1319 1836 1375 enim

243 1423 363 1478 νοῦς
392 1425 496 1484 est,
548 1418 627 1472 sic
654 1427 709 1473 et
744 1419 848 1472 vita
876 1417 1030 1489 juxta
1051 1416 1194 1487 quod
1248 1416 1415 1471 motio
1457 1424 1560 1480 cst,
1595 1412 1737 1467 ﬁlius
1759 1420 1842 1466 est

251 1508 429 1565 factus
451 1510 734 1567 manifesta
782 1514 950 1567 motio
970 1528 999 1565 a
1029 1512 1265 1567 metioue
1294 1512 1485 1581 patria,
1513 1524 1632 1579 quae
1661 1508 1712 1562 in
1750 1520 1841 1560 oc-

243 1604 391 1660 culto
421 1615 526 1671 est,
556 1621 677 1675 qua:
702 1607 999 1661 secundum
1029 1606 1251 1675 primum
1287 1604 1580 1674 potentiam
1604 1601 1842 1656 existen-

246 1696 319 1751 tia
364 1704 468 1752 est.
499 1696 709 1757 Rursus
738 1699 847 1753 vita
894 1696 1188 1753 secundum
1218 1696 1360 1767 quod
1387 1696 1552 1750 motio
1577 1703 1680 1758 est,
1711 1707 1838 1762 pro-

1941 487 2107 553 idcm,
2136 496 2191 544 et
2219 487 2324 541 vita
2353 494 2405 542 et
2434 486 2732 557 intelligere
2777 484 2940 541 idem.
2972 485 3177 540 Dictum
3206 482 3274 538 de
3303 482 3421 538 istis
3448 491 3534 538 est

1940 580 1993 635 in
2018 580 2158 636 libro
2187 580 2276 651 qui
2321 587 2447 634 ante
2472 579 2652 646 istum,
2687 587 2742 633 et
2786 578 2838 632 in
2867 576 3008 642 aliis,
3036 574 3290 645 quoniam
3342 575 3394 628 in
3423 587 3531 630 uno

1941 676 2064 742 tria,
2094 684 2148 730 et
2172 673 2374 729 idcirco
2420 671 2610 728 eadem
2645 671 2744 727 tria
2779 674 3092 744 εσυνὼνυμα
3146 665 3250 749 ἂρα
3297 671 3364 727 τὰ
3389 671 3530 745 τρία,

1938 766 2233 822 secundum
2253 780 2446 821 nomen
2470 764 2609 835 quod
2642 764 2846 819 obtinet
2875 761 3277 832 unumquidque
3305 760 3529 816 istorum

1941 858 2234 929 potentiam
2260 873 2437 912 suam.
2468 856 2681 912 Etenim
2711 854 2854 927 quod
2881 865 2966 911 est
2992 870 3133 922 esse,
3161 865 3215 908 et
3241 854 3347 909 vita
3372 862 3426 908 et
3451 853 3535 908 in-

1942 949 2236 1019 telligentia
2286 948 2409 1003 :sic
2447 956 2501 1004 et
2552 946 2699 1002 aliud
2741 946 2810 1001 ad
2856 945 3001 1013 alia;
3030 944 3219 1001 eadem
3272 944 3431 1014 igitur
3482 952 3538 999 et

1942 1045 2236 1114 συνώνυμα,
2267 1038 2458 1095 eadem
2487 1046 2874 1109 congenerata,
2906 1037 3071 1108 igitur
3097 1045 3150 1092 et
3176 1035 3536 1091 consubstan-

1942 1137 2088 1192 tialia
2132 1138 2254 1192 ista.
2301 1134 2406 1191 Sed
2434 1135 2586 1205 quasi
2633 1142 2855 1205 apparet
2906 1130 3146 1187 alteritas
3188 1128 3431 1201 qumdam
3479 1129 3534 1184 in

1942 1232 2080 1298 isﬁs,
2104 1240 2159 1286 et
2186 1228 2441 1294 maxime,
2486 1227 2689 1282 idcirco
2716 1224 2905 1281 eadem
2946 1240 3051 1280 non
3095 1224 3210 1293 ipsa
3240 1237 3255 1287 ;
3284 1220 3532 1291 qumdam

1941 1323 2083 1379 enim
2113 1336 2210 1378 sua
2256 1320 2494 1391 potentia
2548 1322 2599 1373 in
2647 1317 2882 1383 occulto,
2915 1324 2970 1372 et
3019 1313 3305 1371 manifesta
3351 1311 3454 1366 alia
3483 1319 3539 1366 et

1940 1426 2065 1473 sunt
2087 1426 2143 1473 et
2169 1416 2560 1486 intelliguntur,
2589 1412 2875 1469 existentia
2906 1419 3085 1465 autem
3134 1411 3188 1464 in
3217 1405 3407 1463 eadem
3438 1420 3534 1476 po-

1941 1512 2109 1567 tentia
2137 1510 2297 1565 simul
2322 1509 2559 1580 potentia
2609 1516 2663 1564 et
2688 1503 3172 1562 consubstantialia
3214 1509 3363 1567 sunt,
3398 1500 3533 1556 etin

1942 1605 2059 1659 istis
2087 1603 2219 1659 solis
2263 1602 2405 1657 inest
2429 1615 2592 1656 unum
2626 1614 2749 1655 esse
2778 1598 2990 1665 eadem,
3019 1595 3140 1652 aliis
3161 1607 3293 1650 vero
3320 1593 3386 1648 ab
3415 1591 3533 1646 istis

1942 1696 1994 1751 in
2023 1694 2305 1751 identitate
2334 1694 2504 1748 altera
2532 1706 2653 1747 esse
2678 1699 2732 1746 et
2759 1689 2977 1746 eadem.

238 1787 437 1844 cedens
482 1804 512 1843 a
540 1790 713 1859 patria
760 1790 1019 1856 motione,
1060 1798 1116 1845 et
1145 1789 1290 1845 intus
1320 1796 1375 1845 et
1416 1786 1548 1842 foris
1588 1783 1911 1844 est:sed’B
2009 1786 2122 1841 LV.
2160 1786 2311 1841 Nunc
2359 1794 2538 1840 autem
2588 1780 3021 1855 perspiciendum
3074 1777 3203 1850 quid
3234 1776 3537 1848 signiﬁcent

184 1884 188 1887 ’
241 1879 387 1936 enim
412 1881 520 1935 vita
547 1881 714 1936 motio
739 1890 825 1938 est
857 1898 869 1936 :
902 1883 1007 1938 vita
1041 1882 1200 1953 igitur
1229 1890 1284 1937 et
1313 1882 1455 1936 intus
1496 1890 1546 1935 et
1576 1878 1705 1933 foris
1732 1862 1837 1944 est,

240 1970 375 2027 vivit
407 1970 569 2041 igitur
598 1972 759 2040 Deus,
785 1973 915 2028 vivit
944 1975 1059 2043 ipsa
1090 1975 1217 2039 vita,
1257 1988 1386 2043 ergo
1407 1980 1463 2027 ct
1489 1972 1627 2027 Deus
1649 1979 1701 2025 et
1733 1971 1837 2024 vita

244 2077 434 2118 unum.
464 2062 632 2134 Igitur
662 2066 763 2120 ista
784 2065 891 2121 duo
921 2066 1050 2122 etin
1081 2081 1427 2137 unoquoque,
1460 2075 1513 2120 et
1535 2067 1762 2120 alterum
1785 2074 1841 2120 et

242 2152 386 2210 idem
419 2171 433 2208 :
464 2155 518 2209 in
551 2154 662 2211 ﬁlio
689 2157 849 2226 igitur
875 2163 1046 2227 pater,
1078 2165 1134 2212 et
1156 2159 1207 2212 in
1234 2166 1384 2227 patre
1406 2156 1571 2211 ﬁlius.

314 2245 450 2301 LIII.
492 2246 792 2303 Exclamat-
828 2249 987 2319 igitur
1024 2249 1244 2318 veritas,
1277 2248 1419 2321 quod
1462 2248 1711 2320 ὁμοούσια
1739 2247 1837 2303 ista

241 2338 540 2394 secundum
596 2339 930 2397 idetttitatem
972 2342 1187 2397 counita
1244 2341 1533 2397 alteritate.
1565 2340 1772 2396 Rursus
1791 2340 1837 2395 si

244 2440 399 2502 pater
423 2432 552 2501 vita,
584 2442 639 2489 et
668 2434 811 2489 filius
835 2436 959 2502 vita,
989 2437 1241 2513 quoniam
1296 2436 1434 2490 illius
1463 2436 1566 2490 vita
1598 2449 1718 2490 cum
1764 2434 1836 2488 sit

241 2522 536 2580 secundum
562 2524 704 2596 quod
751 2538 929 2582 motus
961 2536 1068 2593 est,
1096 2537 1151 2583 et
1179 2529 1322 2582 intus
1353 2537 1408 2582 et
1428 2526 1557 2581 foris
1583 2534 1684 2591 est,
1707 2524 1838 2580 vivit

242 2613 407 2681 Deus,
437 2616 574 2671 vivit
601 2614 768 2682 ﬁlius,
799 2625 857 2671 et
897 2617 1029 2673 foris
1079 2620 1263 2673 vivunt
1293 2618 1473 2672 omnia
1502 2617 1699 2687 ubique
1727 2615 1837 2671 ﬁlio

242 2707 528 2763 existente.
551 2707 614 2763 Et
642 2709 896 2779 quoniam
920 2710 974 2764 in
997 2710 1109 2764 ﬁlio
1139 2720 1311 2780 pater,
1345 2709 1546 2780 ubique
1571 2716 1627 2763 et
1658 2717 1832 2778 pater.

241 2797 453 2855 Rursus
477 2800 606 2856 item
638 2801 892 2871 quoniam
932 2800 987 2856 in
1042 2802 1155 2856 ﬁlio
1200 2813 1356 2872 pater
1384 2820 1397 2856 :
1427 2816 1549 2856 cuin
1595 2799 1836 2856 videritis

241 2889 433 2959 filium,
466 2900 522 2947 et
573 2891 974 2962 intellexeritis,
1004 2894 1256 2950 videbitis
1299 2905 1351 2950 ct
1407 2893 1716 2964 intelligetis
1744 2906 1835 2962 pa-

241 2990 400 3039 trem.
436 2983 637 3054 Siquis
673 3001 754 3038 me
778 2985 933 3053 videt,
961 2986 1096 3041 videt
1124 2996 1169 3041 et
1218 3000 1455 3057 patrem:
1490 2994 1710 3056 propter
1730 2982 1835 3039 hoc

241 3075 388 3131 enim
435 3075 641 3133 dictum
670 3086 772 3133 est.
800 3079 1062 3145 Quoniam
1116 3080 1255 3136 filius
1295 3080 1467 3135 forma
1497 3090 1580 3136 est
1623 3079 1789 3152 patris
1819 3096 1833 3132 ε

1942 1879 2044 1933 alia
2068 1877 2287 1933 nomina
2334 1876 2390 1931 iu
2425 1875 2611 1946 primis
2660 1874 2855 1945 posita.
2890 1872 3020 1927 Dico
3069 1879 3246 1926 autem
3290 1868 3535 1938 spiritus,

1941 1973 2108 2047 λόγος,
2140 1978 2276 2038 νοῦς,
2331 1979 2549 2025 sanctus
2579 1969 2833 2040 Spiritus,
2867 1965 3154 2045 sapientia,
3210 1962 3535 2019 substantia.

1942 2064 2174 2133 Spiritus
2205 2063 2517 2118 substantia:
2546 2076 2740 2116 nomen
2790 2067 2874 2115 est
2906 2058 2989 2114 vel
3035 2055 3361 2120 existentitc,
3391 2052 3535 2124 quod

1942 2157 2162 2229 quidem
2188 2170 2311 2213 esse
2337 2156 2625 2227 signiﬁcat,
2654 2162 2710 2210 et
2736 2154 2788 2208 in
2837 2168 2903 2208 eo
2932 2151 3071 2222 quod
3095 2149 3221 2220 quid
3250 2156 3333 2203 est
3352 2156 3407 2202 et
3428 2143 3533 2216 'ap-

1944 2251 2180 2322 pellatur
2208 2260 2261 2306 et
2289 2247 2627 2319 intelligitur.
2656 2245 2713 2302 Si
2740 2246 2889 2301 voles
2914 2259 3076 2300 nosse
3104 2242 3231 2313 quid
3268 2251 3348 2298 est
3372 2240 3535 2305 Deus,

1943 2343 2176 2413 Spiritus
2202 2342 2320 2411 ejus
2345 2339 2488 2412 quod
2517 2338 2589 2394 sit
2634 2352 2756 2394 esse
2806 2337 3074 2407 significat
3116 2352 3129 2387 :
3153 2348 3283 2405 ergo
3311 2332 3455 2387 Deus
3481 2338 3537 2387 et

1941 2436 2181 2508 Spiritus
2213 2433 2356 2506 quod
2380 2444 2461 2489 est
2481 2447 2602 2489 esse
2627 2430 2910 2503 signiﬁcat.
2931 2429 3140 2485 Rursus
3153 2427 3280 2499 quid
3301 2436 3384 2482 est
3404 2424 3538 2480 vita?

1938 2531 2081 2604 quod
2114 2530 2371 2601 Spiritus.
2430 2527 2667 2596 Spiritus
2710 2540 2840 2597 ergo
2887 2533 2940 2581 ct
2970 2523 3079 2579 vita
3123 2521 3267 2594 quod
3311 2528 3536 2576 estesse

1939 2622 2207 2695 signiﬁcat
2236 2640 2247 2676 :
2278 2622 2449 2677 sic-et
2496 2619 2730 2690 Spiritus
2760 2625 2978 2673 sanctus
3008 2614 3152 2683 quod
3179 2623 3262 2671 est
3289 2627 3410 2669 esse
3448 2626 3537 2667 se-

1938 2717 2172 2773 cundum
2215 2715 2354 2771 istuzl
2385 2716 2558 2784 ipsum
2610 2728 2805 2767 nomen
2851 2709 3157 2781 signiﬁcat,
3215 2722 3339 2762 cum
3384 2704 3535 2761 diﬁ’e—

1938 2808 2109 2865 rentia
2136 2805 2365 2862 duorum
2397 2805 2694 2876 primorum
2718 2818 2825 2857 uno
2851 2801 3071 2856 nomine
3102 2799 3528 2854 uominatorum.

1938 2899 2069 2968 Quae
2089 2897 2390 2955 differentia
2413 2894 2778 2951 substantialis
2805 2908 2927 2948 cum
2962 2892 3050 2958 sit,
3082 2889 3225 2960 quod
3253 2897 3336 2944 est
3363 2885 3533 2958 signi-

1938 2994 2083 3049 ﬁcat.
2110 2992 2191 3048 Ex
2238 2991 2304 3046 iis
2330 2990 2440 3061 jam
2485 2996 2729 3058 apparet,
2760 2985 3013 3057 quoniam
3058 2980 3361 3039 substantia
3387 2993 3528 3035 uno-

1937 3101 2155 3158 quoque
2194 3085 2462 3140 existente
2509 3081 2651 3153 quod
2699 3088 2784 3136 est
2825 3093 2947 3135 esse
2981 3077 3266 3149 significat.
3314 3076 3369 3131 ln
3412 3075 3532 3131 istis

242 3185 348 3227 non
373 3181 551 3227 autem
586 3188 730 3227 nunc
759 3172 931 3229 forma
978 3189 1101 3230 esse
1140 3175 1269 3230 foris
1295 3185 1446 3230 extra
1475 3174 1831 3230 substantiam
1859 3172 1905 3235 C
1941 3178 2110 3234 tribus
2140 3177 2299 3248 igitur
2318 3175 2551 3247 Spiritus
2581 3172 2902 3237 substantia,
2928 3171 3177 3244 ὁμοούσια
3202 3182 3351 3239 ergo.
3377 3167 3528 3236 Quo-

240 3261 588 3335 intelligitur,
615 3279 790 3335 neque
842 3274 901 3320 ut
928 3267 981 3322 in
1012 3267 1166 3323 nobis
1220 3267 1474 3337 adjaccns
1518 3267 1833 3323 substantia:

241 3352 459 3420 facies;
510 3355 605 3411 sed
652 3357 951 3412 substantia
981 3359 1229 3430 quaedam
1274 3359 1595 3427 subsistens,
1645 3360 1698 3414 in
1730 3373 1833 3429 qua

238 3456 466 3520 apparet
514 3458 570 3505 et
616 3450 1024 3507 demonstratur
1048 3452 1192 3524 quod
1219 3454 1490 3508 occultum
1519 3462 1575 3509 et
1598 3452 1833 3509 velatum

237 3552 324 3600 est
372 3545 427 3600 in
474 3544 604 3600 alio.
639 3544 780 3602 Deus
827 3555 1008 3603 autem
1049 3556 1108 3603 ut
1138 3547 1370 3602 velatum
1422 3546 1676 3618 quiddam
1701 3557 1830 3602 est:

238 3651 400 3693 nemo
426 3638 571 3694 enim
600 3639 750 3696 videt
791 3641 958 3696 Deum
991 3659 1004 3695 :
1046 3640 1429 3712 forma__igitur
1456 3640 1619 3708 ﬁlius,
1644 3641 1696 3695 iu
1726 3655 1832 3711 quo

190 3726 219 3813 ί
238 3730 450 3787 videtur
482 3732 642 3787 Deus.
662 3732 718 3789 Si
742 3735 883 3790 enim
917 3736 1204 3792 existentia
1231 3735 1391 3801 Deus,
1413 3737 1673 3811 potentia,
1700 3736 1831 3792 subt-

236 3827 459 3893 stautia,
509 3835 717 3896 motus,
754 3839 808 3884 et
852 3831 958 3885 vita
985 3831 1039 3885 in
1087 3830 1300 3887 occulto
1349 3830 1492 3886 Deus
1547 3833 1691 3886 velut
1717 3830 1833 3886 sine

235 3916 432 3975 forma.
463 3918 609 3990 Ergo
655 3920 701 3974 si
749 3921 1029 3977 manifesta
1082 3922 1212 3997 vita,
1262 3933 1317 3977 et
1349 3923 1633 3978 manifesta
1678 3923 1831 3993 juxta

237 4021 416 4068 mOtus
445 4012 760 4082 potentiam,
792 4014 901 4068 vita
941 4015 1100 4083 juxta
1151 4025 1354 4070 motum
1409 4017 1460 4069 in
1512 4016 1744 4081 occulto,
1777 4017 1830 4071 in

235 4106 574 4176 apparentia,
626 4107 678 4160 iu
722 4106 988 4162 existente
1037 4108 1278 4163 motione
1328 4108 1669 4180 intelligitur,
1701 4124 1830 4179 pro-

236 4196 534 4263 nuntiatur,
565 4196 794 4253 videtur.
830 4197 1023 4253 Adhuc
1047 4197 1126 4252 sic
1155 4197 1300 4269 quod
1347 4208 1431 4255 est
1459 4214 1598 4267 esse,
1633 4209 1783 4270 pater
1811 4215 1826 4253 :

235 4288 380 4359 quod
410 4299 592 4344 autem
646 4290 770 4356 vita,
799 4288 961 4356 ﬁlius,
995 4304 1116 4345 cum
1146 4289 1217 4345 sit
1246 4290 1576 4362 impossibile
1602 4290 1654 4346 id
1685 4292 1829 4363 quod

234 4388 319 4437 est
342 4394 465 4438 esse
516 4383 1019 4451 comprehendere:
1051 4384 1105 4438 in
1134 4384 1346 4439 occulto
1375 4385 1517 4440 enim
1559 4385 1692 4440 illud
1723 4395 1827 4455 est,

233 4476 345 4531 vita
369 4484 550 4532 autem
575 4476 727 4547 juxta
749 4476 892 4548 quod
916 4477 1022 4533 vita
1045 4487 1147 4546 est,
1179 4478 1292 4550 jam
1316 4488 1371 4533 et
1398 4478 1531 4534 illud
1553 4487 1778 4535 estesse
1810 4496 1825 4533 :

1935 3271 2081 3326 niam
2126 3268 2358 3339 Spiritus
2395 3282 2502 3322 non
2534 3265 2708 3322 diviso
2735 3265 2934 3335 Spiritu
2966 3281 2979 3317 :
3010 3265 3206 3334 quippe
3237 3276 3378 3317 unus
3403 3276 3526 3317 cum

1933 3365 2007 3420 sit
2051 3366 2106 3420 in
2149 3363 2341 3428 tribus,
2370 3362 2464 3419 sed
2510 3370 2734 3427 naturae,
2778 3358 3031 3431 potentiae
3057 3367 3113 3414 et
3160 3358 3388 3414 actionis
3423 3372 3529 3413 una

1934 3472 2053 3513 cum
2082 3457 2154 3512 sit
2202 3455 2485 3512 existentia
2514 3455 2706 3525 patria,
2738 3462 2794 3508 et
2825 3451 2929 3522 ipsi
2959 3450 3100 3520 quod
3129 3459 3211 3505 est
3261 3464 3381 3505 esse
3432 3450 3529 3504 Ita-

1934 3550 2082 3606 benti
2121 3551 2216 3606 tria
2245 3563 2366 3604 sese
2408 3546 2719 3620 generantia
2777 3545 3074 3600 substantia
3128 3554 3257 3599 sunt
3279 3544 3528 3614 omnipo-

1934 3644 2099 3699 tentia
2127 3662 2140 3698 :
2165 3657 2340 3714 neque
2362 3619 2524 3712 igitur
2546 3640 2836 3710 prreextitit
2860 3637 3165 3694 existentia.
3199 3636 3358 3692 Pater
3378 3619 3537 3692 enini

1933 3747 2046 3789 suae
2073 3734 2240 3804 ipsius
2269 3733 2583 3788 substantia:
2610 3739 2918 3800 generator,
2948 3738 3003 3784 ct
3050 3729 3275 3784 aliorum
3327 3744 3525 3785 secun-

1933 3825 2061 3880 dum
2091 3824 2350 3879 verticem
2392 3822 2609 3877 fontana
2656 3832 2740 3877 est
2782 3822 3064 3878 existentia
3091 3838 3104 3875 :
3132 3838 3305 3893 neque
3358 3824 3527 3879 scissa

1934 3926 2018 3973 est
2040 3918 2158 3988 ipsa
2199 3916 2944 3982 existentia:etexistentia,
2992 3926 3045 3971 et
3073 3917 3309 3987 potentia
3358 3917 3410 3972 in
3459 3932 3528 3975 eo

1933 4010 2075 4082 quod
2104 4021 2186 4064 est
2228 4024 2388 4075 esse,
2444 4009 2497 4064 in
2549 4024 2871 4080 unoquoipte
2919 4010 3144 4066 istorum
3185 4011 3348 4065 trium
3375 4010 3525 4079 juxta

1934 4085 2270 4173 majestate")
2316 4117 2533 4158 omnem
2585 4111 2639 4159 et
2668 4103 3136 4172 omnipotentiam,
3170 4111 3226 4157 et
3276 4101 3528 4157 omnibus

1933 4197 2107 4253 modis
2162 4195 2569 4267 perfectionem,
2600 4211 2722 4266 quae
2762 4205 2933 4250 semet
2991 4202 3233 4264 generat,
3268 4194 3435 4265 ipsam
3467 4208 3528 4250 se

1931 4290 2341 4345 substituentem
2370 4304 2400 4343 a
2428 4305 2549 4346 sese
2595 4298 2926 4355 moventem,
2965 4303 3024 4343 se
3054 4302 3270 4358 semper
3296 4302 3522 4343 moven-

1934 4392 2063 4450 tem,
2110 4383 2650 4448 consubstantialem,
2680 4383 2838 4437 simul
2883 4389 3153 4452 potentem
3196 4381 3370 4451 ipsum
3419 4379 3525 4437 hoc

1929 4476 2071 4546 quod
2099 4476 2177 4530 sic
2206 4484 2442 4541 estesse,
2467 4476 2710 4545 etipsum
2743 4473 2884 4544 quod
2908 4482 3136 4528 estesse
3160 4480 3312 4543 patre
3337 4471 3520 4528 dante.

233 4564 288 4622 in
319 4568 425 4622 vita
471 4568 635 4639 igitur
660 4577 885 4639 apparet
913 4570 1055 4641 quod
1086 4579 1169 4626 est
1212 4586 1356 4639 esse,
1389 4571 1549 4639 igitur
1574 4572 1683 4626 vita
1707 4572 1825 4641 ejus
1854 4552 1909 4612 Β
1934 4569 2075 4625 Dicit
2102 4569 2350 4626 Salvator
2384 4585 2397 4624 :
2430 4568 2621 4623 Omnia
2666 4583 2780 4637 qua:
2819 4566 2970 4621 habet
2998 4576 3142 4635 pater
3171 4582 3283 4620 mea
3312 4574 3454 4633 sunt,
3477 4575 3525 4621 et

230 4658 375 4730 quod
411 4667 496 4715 est
541 4674 683 4716 esse.
728 4660 835 4717 Sed
866 4663 1008 4717 enim
1040 4672 1195 4733 pater
1223 4664 1368 4719 Deus
1397 4664 1540 4734 quod
1566 4673 1651 4720 est
1678 4679 1822 4731 esse,

231 4749 378 4807 ﬁlius
398 4761 578 4808 autem
601 4753 732 4821 vita,
748 4754 888 4809 ﬁlius
909 4770 1038 4826 ergo
1061 4755 1171 4812 vita
1201 4758 1370 4826 patris
1396 4758 1491 4813 Dei
1518 4758 1690 4813 forma
1719 4766 1823 4820 est,

236 4845 291 4900 in
319 4861 424 4916 qua
467 4847 775 4917 speculatur
803 4848 1038 4920 potentia
1071 4850 1261 4919 patria.
1288 4848 1629 4907 Credendum
1662 4852 1825 4920 igitur

234 4938 290 4995 in
326 4940 503 4995 filium.
524 4942 640 5009 Dei,
667 4951 726 4998 ut
749 4944 855 4998 vita
885 4944 938 4998 in
971 4943 1126 4999 uobis
1176 4943 1291 5011 ﬁat,
1320 4960 1440 5015 quae
1470 4956 1553 5000 est
1590 4956 1647 5001 et
1676 4960 1823 5011 vera,

228 5041 286 5088 et
304 5041 506 5089 aeterna
535 5034 662 5090 vita.
690 5035 747 5091 Si
770 5037 912 5092 enim
946 5036 1263 5092 habebimus
1289 5036 1445 5092 ﬁdem
1473 5039 1526 5091 in
1551 5036 1821 5094 Christum

228 5123 587 5195 Nazarenum,
617 5126 951 5199 incarnatum
981 5127 1051 5184 de
1075 5127 1264 5195 Maria,
1286 5128 1340 5183 in
1364 5128 1530 5182 lilium
1561 5128 1655 5183 Dei
1679 5129 1822 5185 idem

229 5218 577 5287 habebimus,
609 5221 702 5290 qui
756 5220 855 5277 fuit
880 5231 938 5278 et
963 5223 1187 5279 effectus
1215 5231 1298 5279 est
1318 5220 1552 5293 Spiritus
1573 5221 1823 5279 incarna-

227 5318 336 5366 tus.
365 5309 649 5377 Quomodo
677 5310 818 5368 istud
847 5313 1049 5380 audivi,
1072 5312 1214 5368 dico.

298 5403 437 5461 LIV.
469 5404 575 5461 Sed
605 5414 821 5474 oportet
869 5406 1020 5477 prius
1051 5407 1254 5473 videre,
1283 5407 1557 5478 quomodo
1594 5406 1701 5462 alia
1729 5406 1817 5463 cui

226 5495 595 5551 attribuentur
631 5496 788 5565 patri,
821 5510 888 5551 an
937 5498 1087 5553 ﬁlio?
1119 5498 1249 5554 Dico
1303 5507 1483 5554 autem
1532 5497 1818 5569 Spiritum,

225 5590 396 5665 λόγον,
422 5596 559 5655 νοῦν,
589 5600 835 5645 sanctum
859 5590 1138 5660 Spiritum,
1171 5592 1513 5663 sapientiam,
1561 5592 1817 5647 substan-

228 5685 380 5748 tiam,
406 5682 635 5754 primum
661 5692 811 5754 pater
834 5690 888 5739 et
910 5683 1050 5738 ﬁlius
1072 5682 1238 5752 idem,
1256 5686 1395 5741 filius
1420 5693 1596 5740 autem
1613 5692 1669 5741 et
1694 5699 1818 5740 san-

226 5785 347 5835 ctus
361 5777 592 5850 Spiritus
612 5777 752 5853 idem
771 5776 1086 5853 :_existentia
1108 5777 1269 5851 igitur
1287 5787 1343 5836 et
1368 5780 1475 5835 vita
1493 5777 1664 5847 idem;
1687 5794 1816 5850 ergo

1927 4664 2119 4718 idcirco
2145 4664 2258 4718 dixi
2270 4678 2368 4717 :ex
2392 4678 2501 4717 meo
2527 4661 2740 4730 accipiet
2764 4656 2943 4730 (Joan.
2979 4674 3093 4725 xvr,
3125 4659 3240 4727 i5);
3269 4674 3370 4713 non
3389 4660 3523 4714 enim

1926 4757 2160 4826 loquetur
2213 4771 2244 4808 a
2278 4754 2567 4824 semetipso,
2612 4754 2701 4806 sed
2726 4767 3057 4822 quaecumque
3085 4751 3252 4816 audit,
3286 4750 3521 4821 loquetur

1927 4848 2183 4922 (1b.,13).
2206 4847 2433 4903 Sanctus
2463 4845 2625 4916 igitur
2655 4845 2884 4914 Spiritus
2908 4843 2954 4899 si
2983 4843 3283 4914 loquitur,a
3310 4843 3419 4897 ﬁlio
3438 4843 3521 4897 ln-

1926 4945 2138 5012 quitur;
2163 4941 2277 5010 ipse
2293 4947 2470 4994 autem
2488 4953 2517 4992 a
2542 4936 2837 5007 patre.Vox
2859 4936 3036 5007 igitur,
3055 4947 3106 4991 et
3127 4936 3290 5009 λόγος,
3311 4942 3367 4990 ct
3391 4934 3523 4991 Ver-

1926 5035 2075 5101 bum,
2101 5034 2188 5089 isti
2205 5042 2337 5096 tres,
2358 5040 2575 5102 prepter
2599 5031 2741 5098 quod
2764 5046 2926 5086 unum
2950 5037 3078 5086 tres.
3095 5029 3202 5086 Sed
3222 5038 3372 5100 pater
3394 5029 3519 5100 qui-

1926 5128 2050 5185 dem
2080 5129 2131 5183 in
2184 5127 2398 5183 silentio
2442 5127 2695 5196 loquitur,
2730 5126 2869 5182 ﬁlius
2910 5126 2964 5181 in
3001 5126 3305 5191 manifesto,
3359 5133 3416 5181 et
3463 5125 3516 5180 in

1926 5222 2199 5278 locutione
2238 5229 2458 5277 sanctus
2491 5220 2722 5290 Spiritus
2779 5234 2885 5274 non
2930 5219 2982 5273 in
3031 5218 3316 5275 manifesto
3346 5217 3519 5287 loqui-

1926 5325 2035 5382 tur,
2060 5316 2155 5372 sed
2185 5331 2304 5385 quae
2330 5315 2564 5385 loquitur
2600 5312 2946 5383 spiritualiter
2976 5311 3231 5383 loquitur.

1996 5408 2128 5465 LVI.
2155 5408 2256 5464 Ista
2278 5408 2433 5479 igitur
2453 5408 2552 5462 tria
2571 5421 2696 5469 vera
2722 5407 2944 5473 lumina,
2965 5405 3134 5475 magis
3153 5410 3329 5458 autem
3352 5413 3520 5456 unum

1927 5503 2130 5569 lumen,
2172 5516 2359 5557 verum
2403 5513 2543 5555 unus
2583 5500 2743 5574 λόγος,
2775 5512 2878 5552 una
2908 5510 3214 5560 vox,unum
3252 5491 3512 5561 Verbum,

1926 5593 2031 5650 hoc
2059 5602 2163 5661 est,
2193 5608 2295 5649 una
2324 5592 2561 5664 potentia
2587 5591 2786 5657 activa,
2819 5595 3099 5652 consonat,
3124 5593 3410 5654 antequam
3438 5587 3513 5640 fa-

1922 5690 2030 5748 ciet
2053 5706 2174 5747 esse
2198 5688 2475 5761 quiddam.
2495 5688 2701 5743 Anima:
2720 5693 2900 5741 autem
2926 5679 3068 5753 quod
3095 5679 3198 5735 alia
3218 5678 3513 5736 substantia

1923 5782 2016 5852 sit,
2045 5780 2386 5840 manifestum
2417 5778 2619 5836 :Facta
2649 5775 2845 5852 enim_a
2872 5769 3153 5844 tripotenti
3178 5769 3397 5844 Spiritu,
3420 5785 3515 5827 ne-
