4018 6184
514 299 656 359 1085

1718 294 1911 353 MAR"
1955 293 2294 352 VICTOBINI
2333 294 2494 352 AFRI

3726 301 3830 360 1086

515 431 621 489 que
642 428 773 487 pure
802 428 927 480 vox,
962 426 1137 483 neque
1164 410 1408 475 verbum,
1434 409 1528 465 sed
1568 409 1707 465 sicut
1730 413 1853 482 ἠχὼ
1882 408 2032 465 audit
2050 416 2106 463 ut
2133 408 2187 471 Α
2213 408 2644 479 prmexistentem
2692 408 2745 465 in
2771 391 3030 482 patriam.
3098 408 3167 465 In
3213 408 3334 465 isto
3367 408 3541 481 igitur
3569 410 3680 466 sine
3704 411 3835 467 iniri.

514 508 783 578 loquatur.
800 503 976 575 imago
992 503 1159 574 magis
1175 502 1323 558 vocis
1339 517 1497 573 quam
1516 517 1638 557 vox.
1660 501 1729 556 Et
1742 502 1840 556 hoc
1858 501 2112 556 estJoan-

512 600 600 657 nis
637 615 735 659 vox
760 597 1095 653 exciantantis
1124 596 1181 651 in
1213 596 1412 650 deserto
1443 618 1455 652 :
1489 594 1709 665 Dirigite
1747 595 1881 649 viam
1902 593 2113 648 Domini

516 692 676 767 (Mat.
706 708 786 758 ιιι,
807 689 864 764 5)
888 708 900 746 :
928 690 1105 745 anima
1130 688 1271 745 enim
1296 687 1348 743 in
1369 688 1605 753 deserto,
1628 687 1729 743 hoc
1743 696 1827 743 est
1846 687 1897 742 in
1915 685 2115 742 mundo

512 785 813 851 exclamat,
854 780 1109 853 quoniam
1139 782 1210 836 sit
1228 779 1509 835 Dominum
1541 779 1704 833 Deum
1734 787 1791 834 et
1814 779 1931 834 vult
1959 795 2113 832 mnu-

513 875 650 942 dari,
670 883 731 930 ut
758 873 982 928 Doruino
1010 874 1213 931 fruatur
1237 871 1364 938 Deo;
1382 878 1437 926 et
1461 871 1562 926 ista
1592 869 1724 925 dicit
1742 869 2112 926 testimonium

518 969 587 1026 de
620 970 753 1033 Deo,
786 974 841 1023 et
867 965 1145 1038 prtemissa
1173 972 1259 1020 est
1286 964 1339 1018 in
1371 964 1626 1019 mundum
1649 964 1714 1019 ad
1746 963 2114 1020 testimonium

514 1058 1251 1121 testimonii:testimonium
1303 1056 1445 1112 enim
1496 1057 1590 1111 Dei
1643 1056 1800 1112 Jesus
1848 1055 2114 1124 Christus,

515 1151 686 1209 Filius
711 1168 842 1224 ergo
859 1151 977 1218 Dei,
998 1150 1137 1205 lilius
1163 1151 1401 1207 Joannes
1416 1148 2118 1206 Donriui.EtenimJoannes

515 1261 619 1300 non
638 1254 747 1300 erat
761 1244 953 1308 lumen,
977 1243 1067 1297 sed
1079 1244 1212 1297 venit
1232 1251 1286 1296 ut
1314 1242 1654 1296 testimonium
1671 1242 1855 1296 diceret
1869 1242 1932 1297 de
1956 1242 2113 1295 (unti-

517 1352 581 1391 ne
600 1335 780 1410 (Joan.
801 1353 842 1402 ι,
861 1335 939 1410 8).
963 1335 1194 1391 Verbum
1211 1335 1389 1407 igitur,
1405 1344 1461 1391 et
1473 1351 1572 1390 vox
1588 1334 1726 1390 [ilius
1738 1341 1839 1399 est,
1859 1334 1973 1405 ipse
1985 1334 2114 1401 vita,

518 1422 640 1499 ipse
668 1428 831 1502 λόγος,
856 1426 972 1498 ipse
1000 1434 1198 1495 motus,
1226 1428 1341 1497 ipse
1377 1434 1513 1493 νοῦς,
1545 1428 1660 1499 ipse
1688 1426 1974 1499 sapientia,
2003 1426 2119 1497 ipse

516 1520 825 1587 existentia,
850 1529 905 1576 et
932 1520 1230 1576 substantia
1254 1520 1445 1591 prima,
1472 1521 1588 1592 ipse
1616 1521 1758 1577 actio
1785 1520 2115 1593 potentialis,

516 1614 632 1685 ipse
654 1611 729 1676 ὅν.
773 1614 1006 1685 priurum
1053 1630 1202 1680 vero,
1235 1611 1289 1671 ὅν
1317 1630 1385 1669 ex
1412 1630 1518 1685 quo
1547 1614 1729 1670 omnia
1760 1602 1903 1677 ὄντα,
1933 1621 1989 1669 et
2018 1629 2115 1683 per

518 1722 678 1778 quem
707 1705 832 1762 etin
866 1720 974 1776 quo
1006 1723 1018 1758 :
1044 1705 1135 1775 qui
1159 1714 1245 1760 est
1272 1704 1483 1760 medius
1505 1704 1560 1759 in
1586 1706 1788 1775 Angeio
1814 1703 2114 1769 Trinitatis,

2213 498 2353 556 lectu
2386 502 2641 572 temporis
2672 511 2936 573 tempore,
2975 503 3055 559 ab
3104 518 3185 558 eo
3219 501 3381 574 quod
3429 510 3551 558 erat
3575 518 3690 560 esse
3708 507 3837 563 veluti

2214 592 2496 664 egrediens
2524 594 2577 649 in
2622 594 3009 665 inspiciendum
3046 596 3256 667 ipsum
3292 595 3449 666 quod
3482 605 3602 651 crat
3624 598 3838 666 quoniam

2202 684 2287 740 ibi
2316 686 2494 743 omnis
2518 697 2696 743 motus
2746 689 3049 745 substantia
3087 695 3192 745 est
3224 689 3497 745 aiteritas
3526 697 3670 756 nata,
3690 690 3838 748 citoiu

2216 780 2549 837 identitatem
2595 782 2823 839 revenit.
2849 783 2964 840 Non
2987 784 3159 839 enim
3193 783 3525 838 secundum
3555 784 3761 839 dorsum
3783 788 3843 840 el-

2217 872 2497 945 l'ulgentia,
2530 875 2624 931 sed
2677 877 2835 932 sicuti
2863 876 3100 952 lumina,
3134 885 3245 930 aut
3279 876 3479 930 vultus
3504 889 3566 931 se
3608 877 3844 934 intuentes

2217 967 2426 1022 visione
2448 968 2499 1021 in
2523 982 2582 1022 se
2613 968 2861 1035 invicem,
2892 966 2945 1022 id
2987 968 3192 1037 ipsum
3216 982 3403 1021 unum
3421 966 3617 1022 eodem
3645 967 3845 1023 modoet

2218 1059 2514 1132 perfectum
2542 1057 2800 1113 substitit.
2824 1057 3054 1113 Lumina
3089 1066 3303 1113 autem
3332 1057 3589 1128 undique
3618 1067 3672 1118 ut
3699 1060 3844 1112 vultus

2219 1164 2279 1206 se
2313 1151 2639 1220 aspicientes
2665 1158 2813 1217 sunt,
2863 1158 2920 1205 et
2968 1150 3218 1205 dorsum
3280 1164 3403 1205 non
3437 1151 3662 1212 habent,
3685 1159 3735 1204 et
3755 1165 3847 1219 my-

2221 1242 2358 1297 stice
2386 1241 2585 1305 dicitur
2616 1240 2779 1306 Deus,
2808 1239 3113 1297 secundum
3145 1240 3407 1296 dorsum
3442 1240 3660 1296 videtur
3687 1257 3700 1292 :
3730 1240 3841 1293 nulla

2220 1333 2382 1406 igitur
2444 1333 2798 1389 diminutione
2858 1343 3026 1390 totum
3087 1349 3347 1405 semper
3431 1350 3606 1388 unum
3658 1332 3841 1394 mansit,

2223 1428 2455 1482 maxime
2481 1428 2842 1497 polentillcata
2865 1428 3201 1484 counitione
3234 1428 3504 1499 potentia
3535 1425 3842 1498 patria.San-

2219 1530 2337 1576 ctus
2364 1519 2522 1590 igitur
2552 1520 2786 1591 Spiritus
2838 1530 3013 1579 motus
3043 1522 3283 1592 primus
3314 1522 3509 1589 intus,
3535 1537 3655 1591 quae
3682 1522 3745 1576 sit
3768 1536 3842 1575 ex-

2222 1614 2474 1685 cogitatio
2499 1614 2691 1684 patria,
2718 1614 2819 1669 hoc
2839 1624 2926 1670 est
2945 1616 3025 1670 sui
3052 1615 3246 1685 ipsius
3272 1616 3682 1686 cognoscemia
3701 1635 3713 1671 :
3735 1632 3842 1687 pra:-

2212 1707 2660 1784 _cognoscentiam
2704 1706 2847 1759 enim
2901 1706 3315 1777 cognoscentia
3384 1707 3672 1777 prmcedit.
3712 1707 3838 1762 quta

518 1805 727 1870 patrem
760 1797 1000 1853 declarat
1028 1797 1487 1868 prmexistentem,
1514 1806 1571 1853 et
1613 1799 1849 1868 complet
1872 1806 2115 1854 sanctum
2149 1801 2196 1863 B
2223 1798 2381 1855 istum
2408 1814 2538 1871 ergo
2565 1801 2969 1870 coguoscentiae
3000 1800 3240 1855 modum
3276 1801 3603 1856 naturalem
3648 1801 3761 1856 loris
3781 1799 3839 1855 el-

475 1957 479 1960 ,
515 1891 774 1964 Spiritum
802 1893 851 1946 in
883 1891 1265 1962 perfectionem
1292 1909 1308 1950 :
1336 1900 1394 1948 ut
1421 1891 1565 1948 enim
1597 1892 1729 1947 dicit
1754 1892 1951 1948 Paulus
1979 1892 2114 1948 bea-

522 1994 609 2045 tus
627 1985 991 2058 :Evangelium
1005 1987 1165 2040 virtus
1180 1995 1253 2040 est
1275 1984 1371 2041 Dei
1386 1996 1430 2042 et
1451 1986 1705 2055 sapientia
1721 1985 1923 2059 (Rom,
1944 2000 1982 2052 ι,
2008 1983 2119 2057 16);

520 2095 619 2152 per
632 2082 885 2135 virtutem
904 2078 1099 2134 Filium
1117 2078 1595 2150 signiﬁcans,quod
1611 2077 1788 2133 omnia
1812 2093 1905 2149 per
1920 2077 2119 2148 ipsum;

522 2176 690 2231 verbo
718 2174 863 2230 enim
893 2173 1108 2229 virtutis
1140 2173 1270 2229 lient
1300 2172 1528 2239 omnia,
1579 2179 1633 2227 et
1679 2173 1850 2227 sancti
1893 2170 2124 2243 Spiritus

521 2267 787 2337 sapientia
835 2267 1076 2338 perfecta
1123 2267 1260 2322 fiunt
1310 2266 1512 2322 omnia.
1550 2266 1606 2322 Si
1628 2266 1787 2338 igitur
1817 2267 1957 2321 Deus
1997 2266 2121 2336 ista,

516 2357 674 2414 simul
704 2359 803 2413 ista
856 2358 976 2413 tria.
1012 2357 1275 2427 Quoniam
1324 2366 1502 2413 autem
1553 2374 1714 2413 unum
1764 2358 1893 2426 duo,
1937 2357 2125 2413 omnia

515 2450 675 2507 simul
702 2449 940 2507 existunt
980 2449 1036 2505 in
1063 2449 1368 2520 cognitione
1397 2448 1558 2503 simul
1610 2448 1879 2504 exi~tente
1906 2448 2016 2503 vita
2068 2448 2122 2503 in

517 2549 692 2612 patre,
724 2540 778 2595 in
808 2555 909 2611 qua
935 2547 1021 2595 est
1068 2547 1287 2594 sanctus
1317 2547 1373 2594 et
1424 2536 1658 2608 Spiritus
1683 2537 1984 2593 secundum
2011 2539 2127 2594 exi-

520 2631 801 2696 stentiam,
832 2631 1085 2701 quoniam
1114 2630 1217 2684 tria
1245 2645 1407 2685 unum
1440 2638 1615 2695 erant,
1645 2639 1699 2686 et
1718 2644 1941 2701 semper
1966 2640 2113 2686 sunt.

521 2724 577 2780 Si
605 2723 766 2793 igitur
791 2732 998 2778 mterna
1012 2721 1119 2777 vita
1132 2721 1274 2776 illius
1300 2721 1662 2777 eiurescentia
1687 2728 1772 2776 est
1793 2733 2125 2791 praxeternte

519 2817 664 2883 vitm,
686 2816 801 2888 ipse
830 2823 1008 2872 autem
1035 2815 1141 2871 vita
1168 2814 1547 2886 cognoscentis
1577 2815 1817 2885 perlecta
1844 2822 1901 2870 et
1918 2822 2120 2870 aeterna

522 2909 633 2967 vita
661 2925 675 2963 :
704 2916 832 2966 tunc
863 2909 1007 2965 enim
1051 2907 1290 2980 perfecta
1324 2922 1443 2963 cum
1484 2906 1802 2979 cognoverit
1829 2916 2039 2981 etquae,
2072 2915 2127 2964 et

520 3002 675 3072 cujus
700 3001 790 3067 sit,
822 3000 1075 3073 quoniam
1104 3008 1159 3055 et
1210 2999 1501 3072 semetipsa
1553 3009 1608 3055 et
1641 3000 1886 3071 iussione
1915 3000 2120 3073 patris:

525 3100 655 3149 tunc
704 3093 847 3149 enim
881 3092 933 3148 in
988 3100 1163 3148 semet
1204 3092 1461 3159 existens,
1495 3108 1601 3147 non
1634 3091 1711 3148 iit
1760 3093 1992 3160 inﬁnita,
2020 3094 2124 3150 sal-

2226 1891 2415 1946 l'ectam
2459 1892 2861 1961 intelligentiam
2914 1902 3070 1947 natus
3118 1902 3219 1947 est
3297 1892 3479 1960 ﬁlius,
3516 1893 3624 1947 vita
3656 1892 3833 1948 factus;

2227 2000 2333 2039 non
2365 1985 2529 2055 quod,
2564 2001 2669 2040 non
2695 1984 2854 2041 fuerit
2875 1987 3005 2053 vita,
3030 1986 3131 2042 sed
3157 1988 3449 2058 quoniam
3477 1986 3609 2042 toris
3632 1987 3730 2040 vita
3751 2001 3836 2039 ma-

2225 2078 2306 2148 gis
2331 2079 2459 2146 vita,
2492 2079 2546 2134 in
2577 2087 2721 2133 motu
2754 2079 2896 2135 enim
2926 2081 3052 2135 vita.
3080 2080 3185 2135 llic
3220 2091 3315 2136 est
3343 2082 3502 2156 λόγος
3530 2080 3623 2153 qui
3651 2088 3833 2135 vocatur

2225 2168 2382 2224 Jesus
2425 2168 2689 2235 Christus,
2719 2184 2815 2239 per
2843 2185 3002 2240 quem
3031 2169 3235 2226 eiiecta
3281 2183 3426 2227 sunt
3446 2171 3652 2236 omnia,
3684 2182 3832 2225 semen

2227 2260 2468 2315 omnium
2499 2261 2564 2316 ad
2596 2261 2648 2316 id
2682 2273 2739 2315 ut
2763 2264 2892 2329 sint,
2921 2263 3121 2333 quippe
3150 2262 3275 2317 vita
3308 2278 3422 2334 qua
3449 2264 3595 2328 sine,
3621 2261 3829 2331 impossi-

2225 2352 2335 2407 bile
2389 2361 2473 2408 est
2524 2368 2645 2408 esse
2681 2354 2880 2426 aliquid
2930 2353 2983 2409 in
3017 2355 3081 2409 iis
3107 2370 3243 2426 qum.
3278 2363 3444 2420 sunt,
3469 2356 3609 2411 etin
3644 2352 3706 2409 iis
3727 2364 3822 2422 quae

2227 2457 2332 2499 non
2363 2452 2505 2509 sunt,
2540 2460 2657 2515 qua:
2684 2446 3097 2502 consecutiones
3124 2455 3292 2502 sunt.

2300 2536 2482 2593 LVIII.
2507 2538 2770 2607 Quoniam
2799 2548 2978 2595 autem
3005 2540 3258 2596 diximus
3276 2555 3458 2602 unam
3486 2538 3760 2595 motionem
3783 2541 3825 2587 et

2226 2629 2495 2699 eamdem,
2528 2639 2582 2686 et
2623 2631 2764 2705 λόγον
2812 2640 2868 2686 et
2918 2641 3164 2687 sanctum
3202 2633 3513 2704 Spiritum,
3544 2631 3683 2705 λόγον
3707 2627 3819 2680 ineo

2227 2721 2368 2791 quod
2395 2722 2498 2776 vita
2525 2731 2610 2778 est
2640 2740 2653 2776 :
2698 2731 2941 2778 sanctum
2971 2722 3243 2793 Spiritum
3279 2724 3436 2795 quod
3488 2732 3574 2778 est
3596 2734 3707 2775 esse
3748 2731 3821 2771 co-

2225 2815 2614 2884 gnoscentiam,
2663 2822 2718 2870 et
2766 2815 3173 2886 intelligentiam
3208 2832 3347 2873 esse
3378 2832 3394 2870 :
3427 2814 3685 2882 Quoniam
3719 2822 3814 2878 qua:

2228 2905 2461 2963 diximus
2486 2905 2539 2961 id
2571 2907 2745 2976 ipsum
2793 2921 2916 2963 esse
2964 2909 3124 2963 vitam
3177 2917 3240 2964 et
3270 2906 3743 2980 cognoscentium:
3771 2904 3815 2953 et

2227 2998 2480 3069 quoniam
2527 2999 2766 3054 diximus
2795 3008 2994 3056 motam
3047 3000 3098 3055 in
3130 3001 3322 3071 prima
3381 2998 3625 3054 motione
3650 2991 3811 3050 intellic

2228 3090 2501 3162 ligentiam
2526 3109 2540 3146 :
2572 3090 2679 3147 Iste
2704 3092 2846 3148 enim
2875 3093 3012 3149 ordo
3043 3095 3318 3150 naturalis
3347 3102 3407 3151 et
3426 3094 3635 3149 divinus
3659 3099 3811 3158 poten-

526 3201 661 3242 vans
691 3193 746 3240 et
793 3184 996 3240 salvata
1040 3200 1070 3239 a
1116 3183 1426 3254 semetipsa,
1455 3198 1677 3241 necesse
1702 3194 1784 3240 est
1826 3184 2127 3256 intelligere
2153 3186 2200 3250 C
2230 3185 2303 3238 tia
2333 3199 2455 3239 cum
2498 3184 2609 3253 sit,
2657 3199 2880 3243 necesse
2933 3185 3032 3241 l‘uit
3073 3186 3510 3260 intelligentiam
3558 3183 3624 3239 ad
3651 3182 3808 3235 suimet

524 3285 580 3332 et
603 3275 786 3332 dicere
812 3295 825 3330 :
855 3276 996 3346 quod
1026 3274 1264 3347 potentia
1299 3276 1394 3332 Dei
1429 3276 1483 3331 in
1514 3275 1631 3347 ipsa
1656 3285 1761 3344 est,
1785 3278 1889 3332 hoc
1916 3286 2000 3333 est
2031 3295 2124 3348 pa—
2156 3302 2163 3307 -

524 3375 609 3424 ter
638 3367 693 3422 in
732 3366 860 3435 lilio,
890 3367 1001 3438 ipsa
1031 3375 1212 3423 autem
1242 3383 1335 3439 per
1358 3367 1705 3437 semetipsum
1736 3367 1945 3425 inllnita
2001 3368 2118 3425 fuit.

527 3461 598 3519 Et
625 3462 725 3517 hoc
748 3461 1013 3533 signiﬁcat
1035 3480 1049 3516 :
1074 3471 1118 3516 et
1143 3462 1285 3537 λόγος
1306 3477 1427 3515 caro
1448 3462 1615 3529 [actus
1640 3462 1714 3515 eat
1744 3461 1923 3533 (Joan.
1945 3477 1980 3528 ι,
2004 3463 2117 3530 14).

532 3554 768 3632 Ιιιίὶιιίιο,
798 3554 940 3610 enim
992 3561 1140 3609 motu
1189 3554 1242 3608 in
1293 3552 1546 3607 inferiora
1582 3552 1688 3608 vita
1737 3553 2041 3619 descendit,
2070 3562 2126 3611 et

531 3646 785 3703 vivefecit
810 3645 1232 3717 corruptionem,
1266 3645 1419 3715 cujus
1457 3659 1619 3700 causa
1644 3644 1964 3702 universalis
1981 3646 2126 3721 λόγος

529 3748 587 3798 et
630 3739 867 3809 potentia
925 3739 1046 3794 vita:
1094 3755 1223 3795 caro
1251 3738 1423 3794 factus
1473 3746 1578 3804 est,
1603 3746 1661 3794 ut
1696 3737 1831 3794 dixit
1858 3740 2121 3810 angelus:

529 3829 761 3901 Spiritus
798 3838 1007 3884 sanctus
1032 3830 1264 3884 adveniet
1292 3831 1345 3884 in
1387 3840 1454 3892 te,
1483 3839 1531 3887 et
1577 3831 1738 3885 virtus
1768 3831 2016 3886 Altissimi
2037 3832 2126 3887 ob—

529 3920 783 3977 umbrabit
831 3920 919 3975 tibi
949 3922 965 3990 (
992 3920 1119 3977 Luc.
1163 3937 1212 3988 ι,
1245 3923 1316 3978 55
1342 3921 1390 3994 ).
1424 3923 1588 3979 Natus
1638 3933 1722 3981 est
1768 3923 1930 3996 igitur
1970 3924 2128 3982 Jesus

530 4012 776 4070 Christus
824 4014 1118 4069 secundum
1147 4028 1365 4070 carnem
1409 4014 1478 4071 de
1527 4015 1711 4085 Maria,
1740 4024 1796 4073 et
1844 4034 1908 4073 ex
1939 4027 2128 4075 sancto

531 4107 759 4180 Spiritu,
791 4106 986 4163 virtute
1014 4105 1300 4163 Altissimi.

607 4198 763 4255 LVII.
799 4199 989 4256 Omnia
1021 4200 1184 4272 igitur
1209 4200 1456 4258 Christus
1491 4200 1745 4257 Dominus
1780 4210 1986 4272 noster,
2001 4216 2130 4259 caro

506 4301 751 4350 sanctus
775 4293 1028 4362 Spiritus,
1055 4293 1313 4349 Altissimi
1344 4293 1534 4362 virtus,
1559 4294 1723 4370 λόγος.
1748 4293 1865 4366 Ipse
1888 4294 2131 4366 implevit

533 4384 873 4459 mysterium,
901 4393 961 4440 ut
991 4385 1168 4440 omnis
1191 4385 1300 4441 vita
1327 4401 1449 4441 cum
1491 4402 1655 4443 carne
1701 4387 1768 4443 ad
1810 4387 2029 4458 impleta
2052 4390 2134 4444 lu-

536 4480 682 4536 mine
703 4488 909 4535 :eterno
935 4488 1181 4535 recurrat
1207 4480 1274 4536 ab
1302 4480 1451 4536 omni
1482 4480 1829 4552 corruptione
1858 4481 1912 4537 in
1938 4482 2126 4539 corios.

2223 3276 2392 3348 ipsius
2431 3279 2869 3349 cognoscentiam
2923 3279 3147 3335 moveri.
3175 3279 3363 3336 Natus
3394 3286 3480 3334 est
3501 3276 3661 3338 illius,
3690 3271 3807 3345 λόγος

2223 3369 2315 3439 qui
2345 3371 2434 3435 sit,
2460 3368 2562 3425 hoc
2616 3376 2700 3425 est
2729 3371 2839 3425 vita
2868 3371 3066 3425 virtute
3115 3373 3322 3440 patria,
3359 3378 3653 3443 generante
3675 3361 3804 3417 intel-

2225 3461 2466 3531 ligentia,
2497 3461 2599 3518 hoc
2625 3473 2707 3517 est
2736 3462 2879 3533 quod
2901 3476 3024 3519 esse
3054 3464 3307 3519 omnium
3338 3477 3465 3536 qua:
3504 3466 3647 3520 sunt,
3674 3450 3803 3507 veluli

2227 3561 2491 3608 teternum
2525 3553 2751 3610 fontem.
2776 3554 2892 3609 Non
2926 3555 3144 3611 falletur
3170 3571 3338 3629 ergo,
3366 3557 3415 3612 si
3438 3553 3558 3626 quis
3582 3543 3805 3605 subintel-

2228 3646 2421 3702 lexerit
2443 3655 2685 3703 sanctum
2719 3647 2976 3717 Spiritum
3008 3658 3238 3705 matrem
3269 3666 3397 3706 esse
3426 3648 3575 3712 les",
3595 3650 3648 3698 ει
3670 3647 3800 3707 ευιπδ

2227 3746 2283 3794 et
2325 3738 2600 3805 deorsum,
2631 3755 2789 3810 supra
2833 3740 3047 3810 quidem
3089 3751 3147 3795 ut
3176 3740 3413 3806 dictum,
3450 3740 3691 3795 deorsum
3726 3742 3802 3782 auv

2230 3840 2337 3887 tem
2364 3831 2469 3887 isto
2499 3832 2663 3888 modo
2693 3851 2708 3888 :
2737 3847 2962 3889 necesse
2989 3833 3087 3889 l'uit
3114 3832 3464 3890 liberationis
3484 3829 3649 3902 gratia
3668 3830 3797 3876 autne

2229 3923 2490 3990 divinum,
2516 3923 2620 3981 hoc
2647 3934 2731 3980 est
2759 3926 3106 3981 seminarium
3128 3926 3431 3995 spirituum
3457 3921 3686 3981 omnium
3706 3909 3800 3967 ουδ’

2229 4018 2514 4075 versaliter
2543 4020 2916 4099 existentium,
2947 4027 3002 4075 et
3023 4020 3073 4074 id
3101 4020 3245 4090 quod
3297 4028 3385 4077 est
3410 4030 3534 4074 esse
3578 4012 3791 4084 primum.

2231 4112 2335 4171 hoc
2363 4123 2445 4169 est
2475 4114 2836 4170 universalem
2883 4115 3043 4189 λόγον,
3068 4113 3136 4170 ab
3162 4115 3429 4171 inferiore
3457 4110 3580 4182 byle
3616 4110 3666 4159 et
3691 4111 3790 4198 col:-

2231 4210 2483 4280 ruptione
2514 4208 2662 4264 omni
2709 4207 3003 4273 incarnari,
3035 4207 3087 4261 in
3132 4205 3604 4263 mortificationem
3645 4198 3790 4291 oni".is

2232 4302 2597 4371 corruptionis
2623 4310 2673 4358 et
2706 4301 2908 4373 peccati
2941 4318 2954 4354 :
2983 4299 3221 4356 tenebrat
3268 4302 3415 4358 enim
3463 4304 3519 4352 et
3570 4288 3791 4362 ignoratio

2232 4395 2428 4451 anima:
2458 4395 2684 4471 direptae
2724 4395 2794 4450 ab
2818 4394 3010 4467 itylicis
3035 4394 3293 4464 potentiis
3337 4392 3598 4465 eguerunt
3622 4375 3786 4475 lumine

2233 4499 2439 4545 aeterno
2485 4488 2537 4542 in
2566 4486 2823 4543 auxilium
2855 4494 2914 4542 ut
2961 4487 3106 4561 λόγος
3136 4487 3353 4555 animae,
3382 4493 3437 4540 et
3459 4483 3621 4555 λόγος,
3643 4477 3787 4527 ωτιηε

533 4573 718 4645 Neque
750 4572 911 4644 igitur
938 4573 1113 4629 solum
1155 4588 1305 4641 caro,
1354 4590 1529 4646 neque
1558 4575 1733 4631 solum
1762 4582 1981 4631 sanctus
2009 4576 2131 4647 Spi-
2156 4566 2208 4628 D
2235 4580 2494 4655 mysterio
2522 4581 2714 4637 moi-tis
2761 4579 2979 4635 detrusa
3012 4579 3364 4649 corruptione
3398 4577 3451 4632 in
3501 4566 3783 4655 reviviscen-

532 4667 693 4734 ritus,
720 4682 892 4738 neque
919 4668 1093 4724 solum
1135 4666 1390 4740 Spiritus,
1424 4683 1524 4725 nec
1542 4669 1685 4745 λόγος
1705 4671 1898 4735 solum,
1930 4669 2025 4726 sed
2048 4670 2126 4727 si-

534 4758 647 4812 mul
675 4759 854 4813 omnia
888 4759 1144 4815 Dominus
1169 4768 1355 4815 noster
1378 4759 1554 4816 Jesus.
1581 4760 1812 4816 Sanctus
1837 4775 1966 4832 ergo
2010 4760 2133 4833 Spi-

536 4849 670 4903 ritus
696 4852 872 4906 omnis
896 4851 1172 4908 beatitudo
1200 4853 1254 4908 in
1286 4853 1459 4926 prima
1491 4853 1727 4924 ingenita
1758 4856 2127 4925 generatione,

538 4955 660 5013 qua:
686 4940 802 4995 sola
827 4946 1102 5014 generatio
1134 4952 1217 4999 est
1244 4954 1299 5000 et
1329 4944 1546 5010 dicitur,
1578 4946 1693 5016 ipse
1726 4957 1895 5017 pater,
1927 4946 2042 5019 ipse
2068 4947 2131 5003 ll-

536 5034 640 5089 iius
698 5033 818 5088 fuit.
865 5038 1065 5108 Spiritu
1098 5040 1240 5095 enim
1264 5050 1411 5096 moto
1438 5056 1467 5095 a
1525 5043 1840 5113 semetipso,
1900 5042 2002 5100 hoc
2045 5052 2130 5100 est

536 5130 661 5186 vitae
703 5129 956 5199 perfectas
981 5133 1033 5187 in
1071 5134 1311 5190 motione
1338 5136 1646 5203 existentis,
1683 5137 1914 5193 volentis
1943 5139 2130 5197 videre

538 5222 904 5293 semetipsum,
961 5223 1063 5280 hoc
1106 5235 1190 5280 est
1218 5215 1511 5296 potentiam
1540 5242 1716 5297 suam,
1749 5241 1953 5300 patrem
1984 5233 2130 5290 scili-

539 5323 647 5381 cet,
679 5314 815 5369 {acta
847 5324 929 5370 est
952 5315 1066 5384 ipsa
1088 5316 1451 5373 maniiestatio
1470 5318 1575 5385 sui,
1603 5335 1723 5390 qute
1748 5325 2028 5392 generatio
2047 5334 2131 5380 est

538 5417 594 5463 et
641 5405 857 5475 dicitur,
888 5416 941 5463 et
960 5406 1111 5479 juxta
1162 5408 1266 5464 hoc
1310 5408 1442 5465 foris
1468 5410 1728 5467 existens.
1777 5412 1965 5470 Omnis
1983 5416 2127 5472 enim

541 5504 948 5571 cognoscentia,
980 5502 1275 5557 secundum
1299 5503 1440 5574 quod
1469 5507 1846 5575 cognoscentia
1866 5519 1973 5578 est,
2003 5509 2135 5565 foris

540 5601 625 5651 est
643 5593 711 5648 ab
742 5595 834 5650 illo
860 5595 1001 5668 quod
1051 5596 1197 5667 cupit
1229 5611 1575 5668 cognoscere.
1606 5597 1762 5654 Foris
1783 5606 1959 5655 autem
1985 5600 2125 5672 dico,

539 5689 681 5744 sicut
703 5688 753 5742 in
777 5689 1107 5758 inspectione
1133 5690 1425 5747 secundum
1449 5691 1591 5762 quod
1619 5702 1703 5748 est
1726 5693 1911 5751 videre
1932 5705 2133 5752 semet-

541 5784 712 5855 ipsam
747 5799 760 5838 :
800 5782 941 5857 quod
989 5794 1071 5851 est
1114 5786 1255 5861 scire
1291 5786 1375 5844 vel
1419 5786 1605 5845 videre
1649 5787 1941 5861 potentiam
1983 5789 2133 5877 illam

2231 4645 2382 4738 tiam,
2413 4679 2473 4727 ~et
2494 4671 2724 4739 animas,
2747 4678 2805 4726 et
2833 4684 3022 4725 carnes
3052 4684 3150 4740 per
3178 4645 3426 4724 sanctum
3453 4660 3688 4734 Spiritum
3710 4645 3785 4702 ιά-

2233 4765 2653 4821 ministratorem
2683 4762 2750 4816 ad
2778 4761 2992 4818 divinas
3034 4771 3089 4819 et
3115 4759 3495 4816 vivel‘acientes
3517 4745 3780 4839 intelliget?

2234 4857 2336 4911 tias
2374 4856 2648 4927 erigerent
2684 4855 3087 4927 cognoscentia,
3116 4854 3243 4923 tlde,
3277 4866 3482 4911 amore.
3524 4831 3779 4927 BeSpOnd'tt

2234 4950 2395 5021 igitur
2422 4921 2642 5021 angelus
2667 4921 2847 5005 Maria:
2870 4957 2925 5005 et
2943 4948 3076 5004 dixit
3100 4948 3175 5003 illi
3206 4921 3471 5019 {Spiritus
3496 4921 3776 5021 σαπείη-Μ’

2234 5018 2398 5098 ueniet
2419 5043 2473 5098 in
2497 5018 2566 5111 te,
2598 5052 2646 5097 et
2700 5042 2864 5097 virtus
2890 5038 3137 5096 Altiuimi
3179 5018 3486 5095 inumbrabit
3514 5028 3598 5087 tibi
3635 5018 3770 5097 (ιη’

2234 5151 2277 5202 t,
2310 5136 2424 5199 35).
2457 5133 2593 5209 Haec.
2625 5133 2733 5191 duo
2780 5135 2832 5190 in
2858 5142 3028 5199 motu,
3054 5147 3178 5203 qua:
3199 5142 3326 5189 sunt
3365 5129 3506 5205 λόγος
3522 5130 3575 5179 et
3594 5120 3773 5174 sanctus

2238 5227 2491 5297 Spiritus,
2525 5226 2592 5282 ad
2627 5226 2682 5283 id
2723 5236 2780 5282 ut
2819 5226 3038 5298 gravida
3066 5234 3213 5281 esset
3241 5227 3424 5292 Maria,
3445 5230 3499 5277 ut
3522 5210 3770 5272 aediﬁcare'

2236 5327 2324 5373 tur
2343 5334 2470 5375 caro
2490 5334 2523 5373 a
2550 5334 2735 5387 carne,
2766 5319 2858 5374 Dei
2886 5318 3140 5388 templum
3166 5325 3222 5373 et
3241 5316 3558 5374 domicilium
3577 5303 3769 5360 advene-

2234 5421 2362 5471 runt
2394 5431 2407 5468 :
2434 5424 2653 5470 sanctus
2680 5414 2897 5486 quidem
2927 5412 3159 5484 Spiritus
3177 5414 3413 5483 petentia
3438 5410 3488 5465 in
3515 5407 3665 5461 motu,
3688 5401 3762 5461 ὅθ’

2237 5508 2533 5565 nerationis
2578 5509 2720 5563 enim
2789 5506 3111 5579 principium
3162 5516 3377 5573 motus;
3424 5502 3581 5558 virtus
3618 5491 3762 5579 θυιξη]

2237 5603 2485 5659 altissimi
2518 5602 2631 5673 ipse
2671 5571 2819 5677 167°}
2843 5609 2924 5656 est
2950 5571 2978 5652 τ’
3008 5598 3181 5655 Virtus
3218 5571 3758 5677 εηιιηάωρῖιπιίσθῗ

2239 5695 2390 5769 λόγος
2431 5664 2585 5751 leuis
2626 5695 2677 5766 (I
2707 5664 2825 5751 eor.
2859 5711 2897 5763 ι,
2943 5693 3062 5767 24).
3095 5693 3199 5751 Sed
3231 5693 3299 5750 de
3325 5695 3468 5769 λόγῳ,
3506 5684 3597 5740 hoc
3620 5664 3760 5769 cf”?
3861 5697 3868 5705 ’

2243 5764 2377 5861 ﬁlio,
2397 5764 2718 5847 obumbrobit
2742 5790 2852 5860 tibi,
2876 5764 3032 5858 dixit.
3061 5786 3369 5848 Perfectum
3388 5764 3544 5849 venint,
3562 5764 3754 5833 ᾶὶνὶηηω

3954 4420 3964 4557 ν
