  <div class='ocr_page' id='page_1' title='image "/cluster/home/n/w/nwhite01/storage/ocr_20150623/8/hvd.32044096580360/556.png"; bbox 0 0 4018 6184; ppageno 0'>
   <div class='ocr_carea' id='block_1_1' title="bbox 251 337 369 393">
    <p class='ocr_par' dir='ltr' id='par_1_1' title="bbox 251 337 369 393">
     <span class='ocr_line' id='line_1_1' title="bbox 251 337 369 393; baseline -0.017 0"><span class='ocrx_word' id='word_1_1' title='bbox 251 337 369 393; x_wconf 84' lang='lat' dir='ltr'><strong>I085</strong></span> 
     </span>
    </p>
   </div>
   <div class='ocr_carea' id='block_1_2' title="bbox 1431 332 2368 392">
    <p class='ocr_par' dir='ltr' id='par_1_2' title="bbox 1431 332 2368 392">
     <span class='ocr_line' id='line_1_2' title="bbox 1431 332 2368 392; baseline 0.003 -3"><span class='ocrx_word' id='word_1_2' title='bbox 1431 332 1799 390; x_wconf 84' lang='lat' dir='ltr'><strong>ADVERSUS</strong></span> <span class='ocrx_word' id='word_1_3' title='bbox 1838 334 2054 392; x_wconf 79' lang='lat' dir='ltr'><strong>ARIUM</strong></span> <span class='ocrx_word' id='word_1_4' title='bbox 2086 334 2286 391; x_wconf 79' lang='lat' dir='ltr'><strong>LIBER</strong></span> <span class='ocrx_word' id='word_1_5' title='bbox 2329 337 2368 392; x_wconf 96' lang='lat' dir='ltr'><strong>I.</strong></span> 
     </span>
    </p>
   </div>
   <div class='ocr_carea' id='block_1_3' title="bbox 3378 340 3517 395">
    <p class='ocr_par' dir='ltr' id='par_1_3' title="bbox 3378 340 3517 395">
     <span class='ocr_line' id='line_1_3' title="bbox 3378 340 3517 395; baseline 0.007 -1"><span class='ocrx_word' id='word_1_6' title='bbox 3378 340 3517 395; x_wconf 66' lang='lat'><strong>1086</strong></span> 
     </span>
    </p>
   </div>
   <div class='ocr_carea' id='block_1_4' title="bbox 246 447 3514 524">
    <p class='ocr_par' dir='ltr' id='par_1_4' title="bbox 246 447 3514 524">
     <span class='ocr_line' id='line_1_4' title="bbox 246 447 3514 524; baseline 0.001 -18"><span class='ocrx_word' id='word_1_7' title='bbox 246 460 290 506; x_wconf 89' lang='lat' dir='ltr'><strong>et</strong></span> <span class='ocrx_word' id='word_1_8' title='bbox 329 449 608 521; x_wconf 89' lang='lat' dir='ltr'><strong>splendide</strong></span> <span class='ocrx_word' id='word_1_9' title='bbox 653 458 711 506; x_wconf 90' lang='lat' dir='ltr'><strong>ut</strong></span> <span class='ocrx_word' id='word_1_10' title='bbox 764 459 844 503; x_wconf 81' lang='lat' dir='ltr'><strong>est</strong></span> <span class='ocrx_word' id='word_1_11' title='bbox 898 451 1100 504; x_wconf 78' lang='lat' dir='ltr'><strong>clarum</strong></span> <span class='ocrx_word' id='word_1_12' title='bbox 1150 464 1259 502; x_wconf 91' lang='lat' dir='ltr'><strong>non</strong></span> <span class='ocrx_word' id='word_1_13' title='bbox 1296 448 1439 518; x_wconf 89' lang='lat' dir='ltr'><strong>capit</strong></span> <span class='ocrx_word' id='word_1_14' title='bbox 1466 447 1696 502; x_wconf 88' lang='lat' dir='ltr'><strong>lmmana</strong></span> <span class='ocrx_word' id='word_1_15' title='bbox 1723 463 1820 502; x_wconf 89' lang='lat' dir='ltr'><strong>na-</strong></span> <span class='ocrx_word' id='word_1_16' title='bbox 1846 456 1896 516; x_wconf 75' lang='grc' dir='ltr'><strong>Α</strong></span> <span class='ocrx_word' id='word_1_17' title='bbox 1927 447 2045 502; x_wconf 83' lang='lat' dir='ltr'><strong>sibi.</strong></span> <span class='ocrx_word' id='word_1_18' title='bbox 2082 449 2249 521; x_wconf 87' lang='lat' dir='ltr'><strong>Magis</strong></span> <span class='ocrx_word' id='word_1_19' title='bbox 2277 459 2455 506; x_wconf 90' lang='lat' dir='ltr'><strong>autem</strong></span> <span class='ocrx_word' id='word_1_20' title='bbox 2487 451 2645 506; x_wconf 87' lang='lat' dir='ltr'><strong>simul</strong></span> <span class='ocrx_word' id='word_1_21' title='bbox 2689 451 2970 508; x_wconf 84' lang='lat' dir='ltr'><strong>existentia</strong></span> <span class='ocrx_word' id='word_1_22' title='bbox 3001 453 3115 508; x_wconf 89' lang='lat' dir='ltr'><strong>sine</strong></span> <span class='ocrx_word' id='word_1_23' title='bbox 3145 454 3320 524; x_wconf 85' lang='lat' dir='ltr'><strong>aliquo</strong></span> <span class='ocrx_word' id='word_1_24' title='bbox 3347 454 3514 508; x_wconf 82' lang='lat' dir='ltr'><strong>inter-</strong></span> 
     </span>
    </p>
   </div>
   <div class='ocr_carea' id='block_1_5' title="bbox 244 538 1820 613">
    <p class='ocr_par' dir='ltr' id='par_1_5' title="bbox 244 538 1820 613">
     <span class='ocr_line' id='line_1_5' title="bbox 244 538 1820 613; baseline -0.003 -15"><span class='ocrx_word' id='word_1_25' title='bbox 244 551 370 599; x_wconf 88' lang='lat' dir='ltr'><strong>tura.</strong></span> <span class='ocrx_word' id='word_1_26' title='bbox 424 545 492 599; x_wconf 87' lang='lat' dir='ltr'><strong>Et</strong></span> <span class='ocrx_word' id='word_1_27' title='bbox 539 545 640 598; x_wconf 90' lang='lat' dir='ltr'><strong>hoc</strong></span> <span class='ocrx_word' id='word_1_28' title='bbox 685 543 948 612; x_wconf 78' lang='lat' dir='ltr'><strong>signiﬁcat</strong></span> <span class='ocrx_word' id='word_1_29' title='bbox 995 559 1005 590; x_wconf 92' lang='lat'>:</span> <span class='ocrx_word' id='word_1_30' title='bbox 1054 538 1121 594; x_wconf 86' lang='lat' dir='ltr'><strong>Et</strong></span> <span class='ocrx_word' id='word_1_31' title='bbox 1166 540 1310 613; x_wconf 77' lang='grc' dir='ltr'>λόγος</span> <span class='ocrx_word' id='word_1_32' title='bbox 1359 556 1478 595; x_wconf 89' lang='lat' dir='ltr'><strong>caro</strong></span> <span class='ocrx_word' id='word_1_33' title='bbox 1533 541 1702 610; x_wconf 79' lang='lat' dir='ltr'><strong>factus</strong></span> <span class='ocrx_word' id='word_1_34' title='bbox 1747 549 1820 594; x_wconf 86' lang='lat' dir='ltr'><strong>est</strong></span> 
     </span>
    </p>
   </div>
   <div class='ocr_carea' id='block_1_6' title="bbox 245 631 1821 706">
    <p class='ocr_par' dir='ltr' id='par_1_6' title="bbox 245 631 1821 706">
     <span class='ocr_line' id='line_1_6' title="bbox 245 631 1821 706; baseline -0.002 -17"><span class='ocrx_word' id='word_1_35' title='bbox 245 635 409 706; x_wconf 80' lang='lat' dir='ltr'><strong>(Joan.</strong></span> <span class='ocrx_word' id='word_1_36' title='bbox 445 651 503 702; x_wconf 89' lang='grc' dir='ltr'><strong>ι,</strong></span> <span class='ocrx_word' id='word_1_37' title='bbox 561 634 676 706; x_wconf 71' lang='lat' dir='ltr'><strong>ﬂ).</strong></span> <span class='ocrx_word' id='word_1_38' title='bbox 710 634 875 703; x_wconf 80' lang='lat' dir='ltr'><strong>Magis</strong></span> <span class='ocrx_word' id='word_1_39' title='bbox 925 641 1102 687; x_wconf 92' lang='lat' dir='ltr'><strong>autem</strong></span> <span class='ocrx_word' id='word_1_40' title='bbox 1134 631 1602 688; x_wconf 87' lang='lat' dir='ltr'><strong>obumbrationem</strong></span> <span class='ocrx_word' id='word_1_41' title='bbox 1656 633 1821 702; x_wconf 84' lang='lat' dir='ltr'><strong>signi-</strong></span> 
     </span>
    </p>
   </div>
   <div class='ocr_carea' id='block_1_7' title="bbox 244 726 1823 800">
    <p class='ocr_par' dir='ltr' id='par_1_7' title="bbox 244 726 1823 800">
     <span class='ocr_line' id='line_1_7' title="bbox 244 726 1823 800; baseline -0.003 -15"><span class='ocrx_word' id='word_1_42' title='bbox 244 728 373 796; x_wconf 73' lang='lat' dir='ltr'><strong>licet,</strong></span> <span class='ocrx_word' id='word_1_43' title='bbox 433 729 574 800; x_wconf 88' lang='lat' dir='ltr'><strong>quod</strong></span> <span class='ocrx_word' id='word_1_44' title='bbox 602 729 801 787; x_wconf 91' lang='lat' dir='ltr'><strong>dictum</strong></span> <span class='ocrx_word' id='word_1_45' title='bbox 829 741 946 788; x_wconf 84' lang='lat' dir='ltr'><strong>est:</strong></span> <span class='ocrx_word' id='word_1_46' title='bbox 976 728 1274 786; x_wconf 74' lang='lat' dir='ltr'><strong>Exinanivit</strong></span> <span class='ocrx_word' id='word_1_47' title='bbox 1316 729 1639 800; x_wconf 74' lang='lat' dir='ltr'><strong>semetipsum</strong></span> <span class='ocrx_word' id='word_1_48' title='bbox 1665 726 1823 798; x_wconf 81' lang='lat' dir='ltr'><strong>(Plii-</strong></span> 
     </span>
    </p>
   </div>
   <div class='ocr_carea' id='block_1_8' title="bbox 243 819 564 892">
    <p class='ocr_par' dir='ltr' id='par_1_8' title="bbox 243 819 564 892">
     <span class='ocr_line' id='line_1_8' title="bbox 243 819 564 892; baseline 0 -16"><span class='ocrx_word' id='word_1_49' title='bbox 243 820 360 892; x_wconf 81' lang='lat' dir='ltr'><strong>lipp.</strong></span> <span class='ocrx_word' id='word_1_50' title='bbox 392 837 451 887; x_wconf 91' lang='grc' dir='ltr'><strong>ιι,</strong></span> <span class='ocrx_word' id='word_1_51' title='bbox 485 819 564 892; x_wconf 88' lang='grc'><strong>7).</strong></span> 
     </span>
    </p>
   </div>
   <div class='ocr_carea' id='block_1_9' title="bbox 303 914 1822 987">
    <p class='ocr_par' dir='ltr' id='par_1_9' title="bbox 303 914 1822 987">
     <span class='ocr_line' id='line_1_9' title="bbox 303 914 1822 987; baseline 0.001 -18"><span class='ocrx_word' id='word_1_52' title='bbox 303 914 432 970; x_wconf 90' lang='lat' dir='ltr'><strong>LIX.</strong></span> <span class='ocrx_word' id='word_1_53' title='bbox 468 915 733 971; x_wconf 84' lang='lat' dir='ltr'><strong>Habemus</strong></span> <span class='ocrx_word' id='word_1_54' title='bbox 762 933 890 987; x_wconf 84' lang='lat' dir='ltr'><strong>ergo</strong></span> <span class='ocrx_word' id='word_1_55' title='bbox 919 917 1216 974; x_wconf 91' lang='lat' dir='ltr'><strong>secundum</strong></span> <span class='ocrx_word' id='word_1_56' title='bbox 1263 916 1508 972; x_wconf 93' lang='lat' dir='ltr'><strong>ordinem</strong></span> <span class='ocrx_word' id='word_1_57' title='bbox 1543 915 1822 986; x_wconf 59' lang='lat' dir='ltr'><strong>praemissa</strong></span> 
     </span>
    </p>
   </div>
   <div class='ocr_carea' id='block_1_10' title="bbox 241 1007 1823 1084">
    <p class='ocr_par' dir='ltr' id='par_1_10' title="bbox 241 1007 1823 1084">
     <span class='ocr_line' id='line_1_10' title="bbox 241 1007 1823 1084; baseline 0.001 -21"><span class='ocrx_word' id='word_1_58' title='bbox 241 1007 322 1063; x_wconf 89' lang='lat' dir='ltr'><strong>Dei</strong></span> <span class='ocrx_word' id='word_1_59' title='bbox 352 1018 405 1066; x_wconf 89' lang='lat' dir='ltr'><strong>et</strong></span> <span class='ocrx_word' id='word_1_60' title='bbox 434 1010 666 1076; x_wconf 89' lang='lat' dir='ltr'><strong>Patrem,</strong></span> <span class='ocrx_word' id='word_1_61' title='bbox 687 1021 740 1066; x_wconf 91' lang='lat' dir='ltr'><strong>et</strong></span> <span class='ocrx_word' id='word_1_62' title='bbox 768 1012 954 1067; x_wconf 79' lang='lat' dir='ltr'><strong>Filium</strong></span> <span class='ocrx_word' id='word_1_63' title='bbox 979 1013 1261 1084; x_wconf 78' lang='grc' dir='ltr'>ὁμοοῦσιον,</span> <span class='ocrx_word' id='word_1_64' title='bbox 1281 1021 1330 1066; x_wconf 84' lang='grc' dir='ltr'><strong>ει</strong></span> <span class='ocrx_word' id='word_1_65' title='bbox 1359 1009 1606 1083; x_wconf 79' lang='grc' dir='ltr'><strong>ὁμοούσια</strong></span> <span class='ocrx_word' id='word_1_66' title='bbox 1635 1025 1823 1064; x_wconf 86' lang='lat' dir='ltr'><strong>secun-</strong></span> 
     </span>
    </p>
   </div>
   <div class='ocr_carea' id='block_1_11' title="bbox 243 1100 1822 1162">
    <p class='ocr_par' dir='ltr' id='par_1_11' title="bbox 243 1100 1822 1162">
     <span class='ocr_line' id='line_1_11' title="bbox 243 1100 1822 1162; baseline 0.001 -6"><span class='ocrx_word' id='word_1_67' title='bbox 243 1100 354 1156; x_wconf 88' lang='lat' dir='ltr'><strong>dum</strong></span> <span class='ocrx_word' id='word_1_68' title='bbox 383 1103 714 1159; x_wconf 89' lang='lat' dir='ltr'><strong>identitatem</strong></span> <span class='ocrx_word' id='word_1_69' title='bbox 748 1105 802 1160; x_wconf 92' lang='lat' dir='ltr'><strong>in</strong></span> <span class='ocrx_word' id='word_1_70' title='bbox 830 1106 1146 1162; x_wconf 91' lang='lat' dir='ltr'><strong>substantia.</strong></span> <span class='ocrx_word' id='word_1_71' title='bbox 1190 1106 1304 1162; x_wconf 89' lang='lat' dir='ltr'><strong>Una</strong></span> <span class='ocrx_word' id='word_1_72' title='bbox 1335 1106 1477 1160; x_wconf 90' lang='lat' dir='ltr'><strong>enim</strong></span> <span class='ocrx_word' id='word_1_73' title='bbox 1526 1103 1822 1158; x_wconf 91' lang='lat' dir='ltr'><strong>substantia</strong></span> 
     </span>
    </p>
   </div>
   <div class='ocr_carea' id='block_1_12' title="bbox 243 1192 1824 1269">
    <p class='ocr_par' dir='ltr' id='par_1_12' title="bbox 243 1192 1824 1269">
     <span class='ocr_line' id='line_1_12' title="bbox 243 1192 1824 1269; baseline 0.002 -19"><span class='ocrx_word' id='word_1_74' title='bbox 243 1192 486 1263; x_wconf 84' lang='lat' dir='ltr'><strong>Spiritus,</strong></span> <span class='ocrx_word' id='word_1_75' title='bbox 515 1196 560 1249; x_wconf 88' lang='lat' dir='ltr'><strong>is</strong></span> <span class='ocrx_word' id='word_1_76' title='bbox 588 1197 761 1266; x_wconf 87' lang='lat' dir='ltr'><strong>ipsum</strong></span> <span class='ocrx_word' id='word_1_77' title='bbox 790 1213 908 1254; x_wconf 90' lang='lat' dir='ltr'><strong>esse</strong></span> <span class='ocrx_word' id='word_1_78' title='bbox 948 1208 1050 1254; x_wconf 91' lang='lat' dir='ltr'><strong>est.</strong></span> <span class='ocrx_word' id='word_1_79' title='bbox 1082 1200 1259 1269; x_wconf 90' lang='lat' dir='ltr'><strong>Ipsum</strong></span> <span class='ocrx_word' id='word_1_80' title='bbox 1289 1215 1408 1255; x_wconf 90' lang='lat' dir='ltr'><strong>esse</strong></span> <span class='ocrx_word' id='word_1_81' title='bbox 1435 1212 1610 1255; x_wconf 85' lang='lat' dir='ltr'><strong>autem</strong></span> <span class='ocrx_word' id='word_1_82' title='bbox 1635 1210 1684 1255; x_wconf 91' lang='lat' dir='ltr'><strong>et</strong></span> <span class='ocrx_word' id='word_1_83' title='bbox 1719 1199 1824 1254; x_wconf 86' lang='lat' dir='ltr'><strong>vita</strong></span> 
     </span>
    </p>
   </div>
   <div class='ocr_carea' id='block_1_13' title="bbox 239 1287 1826 1364">
    <p class='ocr_par' dir='ltr' id='par_1_13' title="bbox 239 1287 1826 1364">
     <span class='ocr_line' id='line_1_13' title="bbox 239 1287 1826 1364; baseline 0.004 -24"><span class='ocrx_word' id='word_1_84' title='bbox 239 1296 286 1341; x_wconf 89' lang='lat' dir='ltr'><strong>et</strong></span> <span class='ocrx_word' id='word_1_85' title='bbox 316 1287 613 1359; x_wconf 80' lang='lat' dir='ltr'><strong>intelligere</strong></span> <span class='ocrx_word' id='word_1_86' title='bbox 652 1299 754 1345; x_wconf 90' lang='lat' dir='ltr'><strong>est.</strong></span> <span class='ocrx_word' id='word_1_87' title='bbox 785 1289 890 1345; x_wconf 91' lang='lat' dir='ltr'><strong>Ista</strong></span> <span class='ocrx_word' id='word_1_88' title='bbox 924 1293 1042 1356; x_wconf 84' lang='lat' dir='ltr'><strong>tria,</strong></span> <span class='ocrx_word' id='word_1_89' title='bbox 1080 1293 1129 1346; x_wconf 89' lang='lat' dir='ltr'><strong>in</strong></span> <span class='ocrx_word' id='word_1_90' title='bbox 1172 1291 1394 1363; x_wconf 77' lang='lat' dir='ltr'><strong>singulis</strong></span> <span class='ocrx_word' id='word_1_91' title='bbox 1423 1293 1742 1364; x_wconf 87' lang='lat' dir='ltr'><strong>quibusque,</strong></span> <span class='ocrx_word' id='word_1_92' title='bbox 1771 1300 1826 1347; x_wconf 90' lang='lat' dir='ltr'><strong>et</strong></span> 
     </span>
    </p>
   </div>
   <div class='ocr_carea' id='block_1_14' title="bbox 238 1380 1823 1456">
    <p class='ocr_par' dir='ltr' id='par_1_14' title="bbox 238 1380 1823 1456">
     <span class='ocr_line' id='line_1_14' title="bbox 238 1380 1823 1456; baseline 0.001 -18"><span class='ocrx_word' id='word_1_93' title='bbox 238 1380 348 1438; x_wconf 87' lang='lat' dir='ltr'><strong>ideo</strong></span> <span class='ocrx_word' id='word_1_94' title='bbox 375 1398 478 1437; x_wconf 89' lang='lat' dir='ltr'><strong>una</strong></span> <span class='ocrx_word' id='word_1_95' title='bbox 502 1383 774 1451; x_wconf 81' lang='lat' dir='ltr'><strong>divinitas,</strong></span> <span class='ocrx_word' id='word_1_96' title='bbox 806 1394 859 1440; x_wconf 92' lang='lat' dir='ltr'><strong>et</strong></span> <span class='ocrx_word' id='word_1_97' title='bbox 889 1401 1052 1439; x_wconf 93' lang='lat' dir='ltr'><strong>unum</strong></span> <span class='ocrx_word' id='word_1_98' title='bbox 1076 1402 1090 1450; x_wconf 94' lang='lat'>;</span> <span class='ocrx_word' id='word_1_99' title='bbox 1119 1385 1259 1456; x_wconf 86' lang='lat' dir='ltr'><strong>quod</strong></span> <span class='ocrx_word' id='word_1_100' title='bbox 1308 1402 1467 1440; x_wconf 91' lang='lat' dir='ltr'><strong>omne</strong></span> <span class='ocrx_word' id='word_1_101' title='bbox 1494 1402 1631 1441; x_wconf 93' lang='lat' dir='ltr'><strong>unus</strong></span> <span class='ocrx_word' id='word_1_102' title='bbox 1663 1387 1823 1452; x_wconf 89' lang='lat' dir='ltr'><strong>Deus,</strong></span> 
     </span>
    </p>
   </div>
   <div class='ocr_carea' id='block_1_15' title="bbox 238 1472 1823 1548">
    <p class='ocr_par' dir='ltr' id='par_1_15' title="bbox 238 1472 1823 1548">
     <span class='ocr_line' id='line_1_15' title="bbox 238 1472 1823 1548; baseline 0.003 -20"><span class='ocrx_word' id='word_1_103' title='bbox 238 1472 350 1542; x_wconf 86' lang='lat' dir='ltr'><strong>quia</strong></span> <span class='ocrx_word' id='word_1_104' title='bbox 377 1490 540 1529; x_wconf 91' lang='lat' dir='ltr'><strong>unum</strong></span> <span class='ocrx_word' id='word_1_105' title='bbox 564 1475 758 1543; x_wconf 89' lang='lat' dir='ltr'><strong>Pater,</strong></span> <span class='ocrx_word' id='word_1_106' title='bbox 794 1477 963 1532; x_wconf 87' lang='lat' dir='ltr'><strong>Filius</strong></span> <span class='ocrx_word' id='word_1_107' title='bbox 993 1488 1209 1532; x_wconf 89' lang='lat' dir='ltr'><strong>sanctus</strong></span> <span class='ocrx_word' id='word_1_108' title='bbox 1237 1478 1468 1548; x_wconf 87' lang='lat' dir='ltr'><strong>Spiritus</strong></span> <span class='ocrx_word' id='word_1_109' title='bbox 1493 1497 1505 1532; x_wconf 88' lang='lat'><strong>:</strong></span> <span class='ocrx_word' id='word_1_110' title='bbox 1529 1477 1823 1533; x_wconf 89' lang='lat' dir='ltr'><strong>secundum</strong></span> 
     </span>
    </p>
   </div>
   <div class='ocr_carea' id='block_1_16' title="bbox 244 1567 1820 1642">
    <p class='ocr_par' dir='ltr' id='par_1_16' title="bbox 244 1567 1820 1642">
     <span class='ocr_line' id='line_1_16' title="bbox 244 1567 1820 1642; baseline 0.004 -22"><span class='ocrx_word' id='word_1_111' title='bbox 244 1567 528 1636; x_wconf 88' lang='lat' dir='ltr'><strong>potentiam</strong></span> <span class='ocrx_word' id='word_1_112' title='bbox 568 1579 624 1624; x_wconf 92' lang='lat' dir='ltr'><strong>et</strong></span> <span class='ocrx_word' id='word_1_113' title='bbox 652 1570 917 1626; x_wconf 88' lang='lat' dir='ltr'><strong>actionem</strong></span> <span class='ocrx_word' id='word_1_114' title='bbox 961 1572 1133 1626; x_wconf 92' lang='lat' dir='ltr'><strong>solum</strong></span> <span class='ocrx_word' id='word_1_115' title='bbox 1187 1581 1481 1642; x_wconf 89' lang='lat' dir='ltr'><strong>apparente</strong></span> <span class='ocrx_word' id='word_1_116' title='bbox 1537 1572 1820 1628; x_wconf 86' lang='lat' dir='ltr'><strong>alteritate.</strong></span> 
     </span>
    </p>
   </div>
   <div class='ocr_carea' id='block_1_17' title="bbox 235 1655 1827 1730">
    <p class='ocr_par' dir='ltr' id='par_1_17' title="bbox 235 1655 1827 1730">
     <span class='ocr_line' id='line_1_17' title="bbox 235 1655 1827 1730; baseline 0.004 -20"><span class='ocrx_word' id='word_1_117' title='bbox 235 1655 378 1724; x_wconf 83' lang='lat' dir='ltr'><strong>Quod</strong></span> <span class='ocrx_word' id='word_1_118' title='bbox 407 1658 550 1715; x_wconf 90' lang='lat' dir='ltr'><strong>Deus</strong></span> <span class='ocrx_word' id='word_1_119' title='bbox 577 1661 630 1716; x_wconf 90' lang='lat' dir='ltr'><strong>in</strong></span> <span class='ocrx_word' id='word_1_120' title='bbox 662 1661 930 1730; x_wconf 88' lang='lat' dir='ltr'><strong>potentia,</strong></span> <span class='ocrx_word' id='word_1_121' title='bbox 961 1672 1018 1718; x_wconf 90' lang='lat' dir='ltr'><strong>et</strong></span> <span class='ocrx_word' id='word_1_122' title='bbox 1048 1663 1098 1716; x_wconf 93' lang='lat' dir='ltr'><strong>in</strong></span> <span class='ocrx_word' id='word_1_123' title='bbox 1128 1663 1339 1717; x_wconf 90' lang='lat' dir='ltr'><strong>occulto</strong></span> <span class='ocrx_word' id='word_1_124' title='bbox 1365 1671 1512 1718; x_wconf 91' lang='lat' dir='ltr'><strong>motu</strong></span> <span class='ocrx_word' id='word_1_125' title='bbox 1558 1670 1737 1717; x_wconf 88' lang='lat' dir='ltr'><strong>movet</strong></span> <span class='ocrx_word' id='word_1_126' title='bbox 1771 1669 1827 1717; x_wconf 88' lang='lat' dir='ltr'><strong>et</strong></span> 
     </span>
    </p>
   </div>
   <div class='ocr_carea' id='block_1_18' title="bbox 234 1749 1822 1832">
    <p class='ocr_par' dir='ltr' id='par_1_18' title="bbox 234 1749 1822 1832">
     <span class='ocr_line' id='line_1_18' title="bbox 234 1749 1822 1832; baseline 0.006 -30"><span class='ocrx_word' id='word_1_127' title='bbox 234 1749 452 1821; x_wconf 89' lang='lat' dir='ltr'><strong>imperat</strong></span> <span class='ocrx_word' id='word_1_128' title='bbox 489 1753 690 1818; x_wconf 92' lang='lat' dir='ltr'><strong>omnia,</strong></span> <span class='ocrx_word' id='word_1_129' title='bbox 734 1764 791 1809; x_wconf 93' lang='lat' dir='ltr'><strong>ut</strong></span> <span class='ocrx_word' id='word_1_130' title='bbox 831 1756 880 1809; x_wconf 92' lang='lat' dir='ltr'><strong>in</strong></span> <span class='ocrx_word' id='word_1_131' title='bbox 921 1755 1167 1829; x_wconf 83' lang='lat' dir='ltr'><strong>silentio;</strong></span> <span class='ocrx_word' id='word_1_132' title='bbox 1215 1757 1362 1832; x_wconf 77' lang='grc' dir='ltr'>λόγος</span> <span class='ocrx_word' id='word_1_133' title='bbox 1409 1766 1586 1811; x_wconf 90' lang='lat' dir='ltr'><strong>autem</strong></span> <span class='ocrx_word' id='word_1_134' title='bbox 1630 1756 1822 1823; x_wconf 88' lang='lat' dir='ltr'><strong>Filius,</strong></span> 
     </span>
    </p>
   </div>
   <div class='ocr_carea' id='block_1_19' title="bbox 1920 540 3517 614">
    <p class='ocr_par' dir='ltr' id='par_1_19' title="bbox 1920 540 3517 614">
     <span class='ocr_line' id='line_1_19' title="bbox 1920 540 3517 614; baseline 0.004 -20"><span class='ocrx_word' id='word_1_135' title='bbox 1920 540 2082 604; x_wconf 88' lang='lat' dir='ltr'><strong>vallo,</strong></span> <span class='ocrx_word' id='word_1_136' title='bbox 2107 542 2316 611; x_wconf 56' lang='lat' dir='ltr'><strong>sphaera</strong></span> <span class='ocrx_word' id='word_1_137' title='bbox 2343 553 2425 598; x_wconf 89' lang='lat' dir='ltr'><strong>est</strong></span> <span class='ocrx_word' id='word_1_138' title='bbox 2455 553 2508 597; x_wconf 91' lang='lat' dir='ltr'><strong>et</strong></span> <span class='ocrx_word' id='word_1_139' title='bbox 2540 545 2731 614; x_wconf 85' lang='lat' dir='ltr'><strong>prima,</strong></span> <span class='ocrx_word' id='word_1_140' title='bbox 2756 552 2808 599; x_wconf 91' lang='lat' dir='ltr'><strong>et</strong></span> <span class='ocrx_word' id='word_1_141' title='bbox 2849 543 3106 614; x_wconf 82' lang='lat' dir='ltr'><strong>perfecta,</strong></span> <span class='ocrx_word' id='word_1_142' title='bbox 3152 553 3204 598; x_wconf 90' lang='lat' dir='ltr'><strong>et</strong></span> <span class='ocrx_word' id='word_1_143' title='bbox 3251 545 3361 614; x_wconf 78' lang='lat' dir='ltr'><strong>ipsa</strong></span> <span class='ocrx_word' id='word_1_144' title='bbox 3404 546 3517 602; x_wconf 68' lang='lat' dir='ltr'><strong>SuIa</strong></span> 
     </span>
    </p>
   </div>
   <div class='ocr_carea' id='block_1_20' title="bbox 1921 635 3517 707">
    <p class='ocr_par' dir='ltr' id='par_1_20' title="bbox 1921 635 3517 707">
     <span class='ocr_line' id='line_1_20' title="bbox 1921 635 3517 707; baseline 0.003 -19"><span class='ocrx_word' id='word_1_145' title='bbox 1921 635 2130 704; x_wconf 79' lang='lat' dir='ltr'><strong>sphaera</strong></span> <span class='ocrx_word' id='word_1_146' title='bbox 2173 646 2264 690; x_wconf 89' lang='lat' dir='ltr'><strong>:at</strong></span> <span class='ocrx_word' id='word_1_147' title='bbox 2295 653 2423 691; x_wconf 91' lang='lat' dir='ltr'><strong>vero</strong></span> <span class='ocrx_word' id='word_1_148' title='bbox 2459 637 2560 690; x_wconf 89' lang='lat' dir='ltr'><strong>alia</strong></span> <span class='ocrx_word' id='word_1_149' title='bbox 2585 637 2737 707; x_wconf 87' lang='lat' dir='ltr'><strong>juxta</strong></span> <span class='ocrx_word' id='word_1_150' title='bbox 2766 637 3168 692; x_wconf 85' lang='lat' dir='ltr'><strong>similitudinem</strong></span> <span class='ocrx_word' id='word_1_151' title='bbox 3203 636 3517 706; x_wconf 72' lang='lat' dir='ltr'><strong>spinet-iram</strong></span> 
     </span>
    </p>
   </div>
   <div class='ocr_carea' id='block_1_21' title="bbox 1923 726 3519 803">
    <p class='ocr_par' dir='ltr' id='par_1_21' title="bbox 1923 726 3519 803">
     <span class='ocr_line' id='line_1_21' title="bbox 1923 726 3519 803; baseline 0.003 -23"><span class='ocrx_word' id='word_1_152' title='bbox 1923 726 2110 796; x_wconf 84' lang='lat' dir='ltr'><strong>magis.</strong></span> <span class='ocrx_word' id='word_1_153' title='bbox 2144 728 2223 782; x_wconf 79' lang='lat' dir='ltr'><strong>Ex</strong></span> <span class='ocrx_word' id='word_1_154' title='bbox 2246 729 2344 782; x_wconf 89' lang='lat' dir='ltr'><strong>ista</strong></span> <span class='ocrx_word' id='word_1_155' title='bbox 2377 728 2585 782; x_wconf 89' lang='lat' dir='ltr'><strong>ratione</strong></span> <span class='ocrx_word' id='word_1_156' title='bbox 2625 729 2952 794; x_wconf 87' lang='lat' dir='ltr'><strong>necessario,</strong></span> <span class='ocrx_word' id='word_1_157' title='bbox 2987 741 3040 783; x_wconf 91' lang='lat' dir='ltr'><strong>et</strong></span> <span class='ocrx_word' id='word_1_158' title='bbox 3070 738 3300 803; x_wconf 79' lang='grc' dir='ltr'><strong>σημεῖον,</strong></span> <span class='ocrx_word' id='word_1_159' title='bbox 3334 738 3519 796; x_wconf 85' lang='lat' dir='ltr'><strong>poten-</strong></span> 
     </span>
    </p>
   </div>
   <div class='ocr_carea' id='block_1_22' title="bbox 1923 819 3521 896">
    <p class='ocr_par' dir='ltr' id='par_1_22' title="bbox 1923 819 3521 896">
     <span class='ocr_line' id='line_1_22' title="bbox 1923 819 3521 896; baseline 0.004 -26"><span class='ocrx_word' id='word_1_160' title='bbox 1923 819 1992 870; x_wconf 91' lang='lat' dir='ltr'><strong>tia</strong></span> <span class='ocrx_word' id='word_1_161' title='bbox 2026 829 2130 880; x_wconf 65' lang='lat' dir='ltr'><strong>est,&quot;</strong></span> <span class='ocrx_word' id='word_1_162' title='bbox 2156 829 2207 874; x_wconf 90' lang='lat' dir='ltr'><strong>et</strong></span> <span class='ocrx_word' id='word_1_163' title='bbox 2229 825 2443 894; x_wconf 70' lang='grc' dir='ltr'><strong>γραμμή</strong></span> <span class='ocrx_word' id='word_1_164' title='bbox 2470 828 2522 874; x_wconf 84' lang='grc' dir='ltr'><strong>ει</strong></span> <span class='ocrx_word' id='word_1_165' title='bbox 2549 825 2791 896; x_wconf 69' lang='grc' dir='ltr'><strong>γραμμὴν</strong></span> <span class='ocrx_word' id='word_1_166' title='bbox 2815 835 3048 889; x_wconf 83' lang='lat' dir='ltr'><strong>Operatts</strong></span> <span class='ocrx_word' id='word_1_167' title='bbox 3079 831 3289 894; x_wconf 80' lang='grc' dir='ltr'><strong>σημεῖον</strong></span> <span class='ocrx_word' id='word_1_168' title='bbox 3314 831 3393 876; x_wconf 88' lang='grc' dir='ltr'><strong>εει</strong></span> <span class='ocrx_word' id='word_1_169' title='bbox 3427 839 3438 874; x_wconf 90' lang='lat'>:</span> <span class='ocrx_word' id='word_1_170' title='bbox 3468 829 3521 876; x_wconf 84' lang='lat' dir='ltr'><strong>cl</strong></span> 
     </span>
    </p>
   </div>
   <div class='ocr_carea' id='block_1_23' title="bbox 1922 911 3522 983">
    <p class='ocr_par' dir='ltr' id='par_1_23' title="bbox 1922 911 3522 983">
     <span class='ocr_line' id='line_1_23' title="bbox 1922 911 3522 983; baseline 0.003 -21"><span class='ocrx_word' id='word_1_171' title='bbox 1922 925 1950 962; x_wconf 92' lang='lat' dir='ltr'><strong>a</strong></span> <span class='ocrx_word' id='word_1_172' title='bbox 1981 911 2275 980; x_wconf 62' lang='lat' dir='ltr'><strong>semetipso</strong></span> <span class='ocrx_word' id='word_1_173' title='bbox 2305 911 2512 977; x_wconf 81' lang='lat' dir='ltr'><strong>exiens,</strong></span> <span class='ocrx_word' id='word_1_174' title='bbox 2544 923 2598 966; x_wconf 90' lang='lat' dir='ltr'><strong>et</strong></span> <span class='ocrx_word' id='word_1_175' title='bbox 2641 913 2830 966; x_wconf 76' lang='lat' dir='ltr'><strong>exiens</strong></span> <span class='ocrx_word' id='word_1_176' title='bbox 2874 928 2978 966; x_wconf 91' lang='lat' dir='ltr'><strong>non</strong></span> <span class='ocrx_word' id='word_1_177' title='bbox 3007 929 3242 983; x_wconf 85' lang='lat' dir='ltr'><strong>semper,</strong></span> <span class='ocrx_word' id='word_1_178' title='bbox 3287 913 3339 967; x_wconf 93' lang='lat' dir='ltr'><strong>in</strong></span> <span class='ocrx_word' id='word_1_179' title='bbox 3372 927 3522 967; x_wconf 85' lang='lat' dir='ltr'><strong>man-</strong></span> 
     </span>
    </p>
   </div>
   <div class='ocr_carea' id='block_1_24' title="bbox 1923 1002 3521 1081">
    <p class='ocr_par' dir='ltr' id='par_1_24' title="bbox 1923 1002 3521 1081">
     <span class='ocr_line' id='line_1_24' title="bbox 1923 1002 3521 1081; baseline 0.003 -25"><span class='ocrx_word' id='word_1_180' title='bbox 1923 1002 2098 1067; x_wconf 90' lang='lat' dir='ltr'><strong>sione,</strong></span> <span class='ocrx_word' id='word_1_181' title='bbox 2128 1011 2182 1057; x_wconf 90' lang='lat' dir='ltr'><strong>et</strong></span> <span class='ocrx_word' id='word_1_182' title='bbox 2211 1003 2262 1058; x_wconf 93' lang='lat' dir='ltr'><strong>in</strong></span> <span class='ocrx_word' id='word_1_183' title='bbox 2291 1015 2438 1058; x_wconf 87' lang='lat' dir='ltr'><strong>metu</strong></span> <span class='ocrx_word' id='word_1_184' title='bbox 2466 1004 2647 1068; x_wconf 90' lang='lat' dir='ltr'><strong>simul,</strong></span> <span class='ocrx_word' id='word_1_185' title='bbox 2678 1019 2892 1074; x_wconf 84' lang='lat' dir='ltr'><strong>semper</strong></span> <span class='ocrx_word' id='word_1_186' title='bbox 2919 1005 3099 1070; x_wconf 91' lang='lat' dir='ltr'><strong>simul,</strong></span> <span class='ocrx_word' id='word_1_187' title='bbox 3141 1007 3304 1081; x_wconf 77' lang='grc' dir='ltr'><strong>κύκλῳ</strong></span> <span class='ocrx_word' id='word_1_188' title='bbox 3349 1015 3521 1060; x_wconf 89' lang='lat' dir='ltr'><strong>semet</strong></span> 
     </span>
    </p>
   </div>
   <div class='ocr_carea' id='block_1_25' title="bbox 1924 1094 3514 1167">
    <p class='ocr_par' dir='ltr' id='par_1_25' title="bbox 1924 1094 3514 1167">
     <span class='ocr_line' id='line_1_25' title="bbox 1924 1094 3514 1167; baseline 0.001 -18"><span class='ocrx_word' id='word_1_189' title='bbox 1924 1095 2194 1149; x_wconf 88' lang='lat' dir='ltr'><strong>circulans</strong></span> <span class='ocrx_word' id='word_1_190' title='bbox 2225 1094 2460 1166; x_wconf 89' lang='lat' dir='ltr'><strong>undique</strong></span> <span class='ocrx_word' id='word_1_191' title='bbox 2488 1094 2754 1164; x_wconf 71' lang='lat' dir='ltr'><strong>sphzeram</strong></span> <span class='ocrx_word' id='word_1_192' title='bbox 2789 1110 2909 1151; x_wconf 87' lang='lat' dir='ltr'><strong>esse</strong></span> <span class='ocrx_word' id='word_1_193' title='bbox 2961 1098 3068 1151; x_wconf 89' lang='lat' dir='ltr'><strong>Deo</strong></span> <span class='ocrx_word' id='word_1_194' title='bbox 3117 1097 3314 1167; x_wconf 88' lang='lat' dir='ltr'><strong>ubique</strong></span> <span class='ocrx_word' id='word_1_195' title='bbox 3372 1098 3514 1152; x_wconf 65' lang='lat' dir='ltr'><strong>exis-</strong></span> 
     </span>
    </p>
   </div>
   <div class='ocr_carea' id='block_1_26' title="bbox 1928 1189 3520 1262">
    <p class='ocr_par' dir='ltr' id='par_1_26' title="bbox 1928 1189 3520 1262">
     <span class='ocr_line' id='line_1_26' title="bbox 1928 1189 3520 1262; baseline 0.001 -21"><span class='ocrx_word' id='word_1_196' title='bbox 1928 1195 2092 1242; x_wconf 85' lang='lat' dir='ltr'><strong>lente.</strong></span> <span class='ocrx_word' id='word_1_197' title='bbox 2123 1189 2332 1257; x_wconf 80' lang='lat' dir='ltr'><strong>Quippe</strong></span> <span class='ocrx_word' id='word_1_198' title='bbox 2363 1204 2484 1242; x_wconf 91' lang='lat' dir='ltr'><strong>cum</strong></span> <span class='ocrx_word' id='word_1_199' title='bbox 2516 1190 2584 1242; x_wconf 88' lang='lat' dir='ltr'><strong>sit</strong></span> <span class='ocrx_word' id='word_1_200' title='bbox 2617 1199 2829 1262; x_wconf 84' lang='grc' dir='ltr'><strong>σημεῖον</strong></span> <span class='ocrx_word' id='word_1_201' title='bbox 2855 1205 2884 1243; x_wconf 92' lang='lat' dir='ltr'><strong>a</strong></span> <span class='ocrx_word' id='word_1_202' title='bbox 2912 1205 3038 1260; x_wconf 89' lang='lat' dir='ltr'><strong>quo,</strong></span> <span class='ocrx_word' id='word_1_203' title='bbox 3071 1199 3126 1244; x_wconf 89' lang='lat' dir='ltr'><strong>et</strong></span> <span class='ocrx_word' id='word_1_204' title='bbox 3157 1191 3206 1244; x_wconf 92' lang='lat' dir='ltr'><strong>in</strong></span> <span class='ocrx_word' id='word_1_205' title='bbox 3233 1192 3372 1261; x_wconf 90' lang='lat' dir='ltr'><strong>quod</strong></span> <span class='ocrx_word' id='word_1_206' title='bbox 3403 1206 3520 1245; x_wconf 81' lang='lat' dir='ltr'><strong>om-</strong></span> 
     </span>
    </p>
   </div>
   <div class='ocr_carea' id='block_1_27' title="bbox 1927 1283 3519 1358">
    <p class='ocr_par' dir='ltr' id='par_1_27' title="bbox 1927 1283 3519 1358">
     <span class='ocr_line' id='line_1_27' title="bbox 1927 1283 3519 1358; baseline 0.002 -22"><span class='ocrx_word' id='word_1_207' title='bbox 1927 1284 2011 1338; x_wconf 88' lang='lat' dir='ltr'><strong>nis</strong></span> <span class='ocrx_word' id='word_1_208' title='bbox 2040 1283 2208 1337; x_wconf 90' lang='lat' dir='ltr'><strong>motio</strong></span> <span class='ocrx_word' id='word_1_209' title='bbox 2234 1284 2593 1338; x_wconf 87' lang='lat' dir='ltr'><strong>conversione</strong></span> <span class='ocrx_word' id='word_1_210' title='bbox 2619 1284 2918 1349; x_wconf 89' lang='lat' dir='ltr'><strong>reducitur,</strong></span> <span class='ocrx_word' id='word_1_211' title='bbox 2947 1284 3034 1338; x_wconf 91' lang='lat' dir='ltr'><strong>hic</strong></span> <span class='ocrx_word' id='word_1_212' title='bbox 3064 1293 3146 1338; x_wconf 86' lang='lat' dir='ltr'><strong>est</strong></span> <span class='ocrx_word' id='word_1_213' title='bbox 3189 1285 3330 1340; x_wconf 91' lang='lat' dir='ltr'><strong>Deus</strong></span> <span class='ocrx_word' id='word_1_214' title='bbox 3376 1286 3519 1358; x_wconf 69' lang='grc' dir='ltr'>λόγος</span> 
     </span>
    </p>
   </div>
   <div class='ocr_carea' id='block_1_28' title="bbox 1928 1376 3516 1446">
    <p class='ocr_par' dir='ltr' id='par_1_28' title="bbox 1928 1376 3516 1446">
     <span class='ocr_line' id='line_1_28' title="bbox 1928 1376 3516 1446; baseline 0.002 -19"><span class='ocrx_word' id='word_1_215' title='bbox 1928 1381 2092 1440; x_wconf 91' lang='lat' dir='ltr'><strong>totus,</strong></span> <span class='ocrx_word' id='word_1_216' title='bbox 2123 1381 2240 1435; x_wconf 83' lang='grc' dir='ltr'><strong>νοῦς</strong></span> <span class='ocrx_word' id='word_1_217' title='bbox 2285 1383 2450 1439; x_wconf 90' lang='lat' dir='ltr'><strong>totus,</strong></span> <span class='ocrx_word' id='word_1_218' title='bbox 2499 1383 2642 1430; x_wconf 92' lang='lat' dir='ltr'><strong>totus</strong></span> <span class='ocrx_word' id='word_1_219' title='bbox 2689 1376 2970 1446; x_wconf 84' lang='lat' dir='ltr'><strong>sapientia,</strong></span> <span class='ocrx_word' id='word_1_220' title='bbox 3004 1377 3340 1445; x_wconf 89' lang='lat' dir='ltr'><strong>omnipotens</strong></span> <span class='ocrx_word' id='word_1_221' title='bbox 3390 1379 3516 1431; x_wconf 87' lang='lat' dir='ltr'><strong>sub-</strong></span> 
     </span>
    </p>
   </div>
   <div class='ocr_carea' id='block_1_29' title="bbox 1926 1456 3515 1538">
    <p class='ocr_par' dir='ltr' id='par_1_29' title="bbox 1926 1456 3515 1538">
     <span class='ocr_line' id='line_1_29' title="bbox 1926 1456 3515 1538; baseline 0 -18"><span class='ocrx_word' id='word_1_222' title='bbox 1926 1468 2143 1531; x_wconf 82' lang='lat' dir='ltr'><strong>stantia,</strong></span> <span class='ocrx_word' id='word_1_223' title='bbox 2186 1467 2486 1522; x_wconf 75' lang='lat' dir='ltr'><strong>substantia</strong></span> <span class='ocrx_word' id='word_1_224' title='bbox 2529 1479 2698 1538; x_wconf 81' lang='lat' dir='ltr'><strong>quem‘</strong></span> <span class='ocrx_word' id='word_1_225' title='bbox 2745 1485 3014 1534; x_wconf 90' lang='lat' dir='ltr'><strong>veremur,</strong></span> <span class='ocrx_word' id='word_1_226' title='bbox 3067 1485 3224 1538; x_wconf 88' lang='lat' dir='ltr'><strong>quem</strong></span> <span class='ocrx_word' id='word_1_227' title='bbox 3267 1456 3515 1535; x_wconf 69' lang='lat' dir='ltr'><strong>colimus,</strong></span> 
     </span>
    </p>
   </div>
   <div class='ocr_carea' id='block_1_30' title="bbox 1926 1563 3516 1635">
    <p class='ocr_par' dir='ltr' id='par_1_30' title="bbox 1926 1563 3516 1635">
     <span class='ocr_line' id='line_1_30' title="bbox 1926 1563 3516 1635; baseline -0.001 -17"><span class='ocrx_word' id='word_1_228' title='bbox 1926 1563 2044 1618; x_wconf 92' lang='lat' dir='ltr'><strong>solo</strong></span> <span class='ocrx_word' id='word_1_229' title='bbox 2071 1563 2272 1633; x_wconf 88' lang='lat' dir='ltr'><strong>Spiritu</strong></span> <span class='ocrx_word' id='word_1_230' title='bbox 2302 1564 2568 1632; x_wconf 85' lang='lat' dir='ltr'><strong>videntes,</strong></span> <span class='ocrx_word' id='word_1_231' title='bbox 2605 1566 2771 1635; x_wconf 89' lang='lat' dir='ltr'><strong>ipsius</strong></span> <span class='ocrx_word' id='word_1_232' title='bbox 2804 1577 2932 1620; x_wconf 93' lang='lat' dir='ltr'><strong>nutu</strong></span> <span class='ocrx_word' id='word_1_233' title='bbox 2961 1574 3017 1621; x_wconf 88' lang='lat' dir='ltr'><strong>et</strong></span> <span class='ocrx_word' id='word_1_234' title='bbox 3047 1567 3319 1621; x_wconf 85' lang='lat' dir='ltr'><strong>voluntate</strong></span> <span class='ocrx_word' id='word_1_235' title='bbox 3352 1568 3400 1621; x_wconf 90' lang='lat' dir='ltr'><strong>in</strong></span> <span class='ocrx_word' id='word_1_236' title='bbox 3437 1569 3516 1635; x_wconf 85' lang='lat' dir='ltr'><strong>ip-</strong></span> 
     </span>
    </p>
   </div>
   <div class='ocr_carea' id='block_1_31' title="bbox 1931 1657 3513 1728">
    <p class='ocr_par' dir='ltr' id='par_1_31' title="bbox 1931 1657 3513 1728">
     <span class='ocr_line' id='line_1_31' title="bbox 1931 1657 3513 1728; baseline 0.001 -18"><span class='ocrx_word' id='word_1_237' title='bbox 1931 1671 2047 1711; x_wconf 89' lang='lat' dir='ltr'><strong>sum</strong></span> <span class='ocrx_word' id='word_1_238' title='bbox 2091 1657 2255 1711; x_wconf 84' lang='lat' dir='ltr'><strong>erecti</strong></span> <span class='ocrx_word' id='word_1_239' title='bbox 2282 1657 2452 1726; x_wconf 86' lang='lat' dir='ltr'><strong>gratia</strong></span> <span class='ocrx_word' id='word_1_240' title='bbox 2484 1658 2660 1728; x_wconf 84' lang='lat' dir='ltr'><strong>crucis</strong></span> <span class='ocrx_word' id='word_1_241' title='bbox 2685 1659 2973 1713; x_wconf 84' lang='lat' dir='ltr'><strong>miserante</strong></span> <span class='ocrx_word' id='word_1_242' title='bbox 3007 1674 3102 1713; x_wconf 92' lang='lat' dir='ltr'><strong>nos</strong></span> <span class='ocrx_word' id='word_1_243' title='bbox 3138 1659 3364 1714; x_wconf 89' lang='lat' dir='ltr'><strong>Domino</strong></span> <span class='ocrx_word' id='word_1_244' title='bbox 3392 1676 3513 1712; x_wconf 86' lang='lat' dir='ltr'><strong>nos-</strong></span> 
     </span>
    </p>
   </div>
   <div class='ocr_carea' id='block_1_32' title="bbox 1929 1741 2632 1825">
    <p class='ocr_par' dir='ltr' id='par_1_32' title="bbox 1929 1741 2632 1825">
     <span class='ocr_line' id='line_1_32' title="bbox 1929 1741 2632 1825; baseline 0.007 -23"><span class='ocrx_word' id='word_1_245' title='bbox 1929 1762 2011 1804; x_wconf 89' lang='lat' dir='ltr'><strong>tro</strong></span> <span class='ocrx_word' id='word_1_246' title='bbox 2037 1750 2162 1806; x_wconf 88' lang='lat' dir='ltr'><strong>Jesu</strong></span> <span class='ocrx_word' id='word_1_247' title='bbox 2191 1751 2405 1806; x_wconf 85' lang='lat' dir='ltr'><strong>Christo</strong></span> <span class='ocrx_word' id='word_1_248' title='bbox 2435 1767 2447 1804; x_wconf 89' lang='lat'><strong>:</strong></span> <span class='ocrx_word' id='word_1_249' title='bbox 2481 1741 2632 1825; x_wconf 71' lang='grc' dir='ltr'><strong>ἁμήν.</strong></span> 
     </span>
    </p>
   </div>
   <div class='ocr_carea' id='block_1_33' title="bbox 229 1835 3518 1917">
    <p class='ocr_par' dir='ltr' id='par_1_33' title="bbox 229 1835 3518 1917">
     <span class='ocr_line' id='line_1_33' title="bbox 229 1835 3518 1917; baseline 0.001 -21"><span class='ocrx_word' id='word_1_250' title='bbox 229 1840 311 1910; x_wconf 77' lang='grc' dir='ltr'>(ιιιί</span> <span class='ocrx_word' id='word_1_251' title='bbox 333 1849 416 1895; x_wconf 85' lang='grc' dir='ltr'><strong>εει</strong></span> <span class='ocrx_word' id='word_1_252' title='bbox 444 1841 687 1911; x_wconf 85' lang='lat' dir='ltr'><strong>Spiritus</strong></span> <span class='ocrx_word' id='word_1_253' title='bbox 717 1857 959 1911; x_wconf 81' lang='lat' dir='ltr'><strong>Sanctus,</strong></span> <span class='ocrx_word' id='word_1_254' title='bbox 989 1855 1043 1901; x_wconf 90' lang='lat' dir='ltr'><strong>et</strong></span> <span class='ocrx_word' id='word_1_255' title='bbox 1067 1861 1200 1902; x_wconf 85' lang='lat' dir='ltr'><strong>voce</strong></span> <span class='ocrx_word' id='word_1_256' title='bbox 1243 1847 1616 1902; x_wconf 77' lang='lat' dir='ltr'><strong>confabulatur</strong></span> <span class='ocrx_word' id='word_1_257' title='bbox 1635 1847 1700 1902; x_wconf 91' lang='lat' dir='ltr'><strong>ad</strong></span> <span class='ocrx_word' id='word_1_258' title='bbox 1728 1863 1822 1917; x_wconf 57' lang='grc' dir='ltr'><strong>κε.</strong></span> <span class='ocrx_word' id='word_1_259' title='bbox 1857 1835 1901 1894; x_wconf 85' lang='grc' dir='ltr'><strong><em>Β</em></strong></span> <span class='ocrx_word' id='word_1_260' title='bbox 2002 1842 2136 1896; x_wconf 87' lang='lat' dir='ltr'><strong>LXI.</strong></span> <span class='ocrx_word' id='word_1_261' title='bbox 2173 1843 2362 1897; x_wconf 84' lang='lat' dir='ltr'><strong>Erecta</strong></span> <span class='ocrx_word' id='word_1_262' title='bbox 2393 1845 2628 1898; x_wconf 85' lang='lat' dir='ltr'><strong>motione</strong></span> <span class='ocrx_word' id='word_1_263' title='bbox 2657 1843 2856 1914; x_wconf 84' lang='lat' dir='ltr'><strong>cyclica</strong></span> <span class='ocrx_word' id='word_1_264' title='bbox 2894 1852 3094 1899; x_wconf 88' lang='lat' dir='ltr'><strong>rectam</strong></span> <span class='ocrx_word' id='word_1_265' title='bbox 3128 1843 3270 1909; x_wconf 89' lang='lat' dir='ltr'><strong>dico,</strong></span> <span class='ocrx_word' id='word_1_266' title='bbox 3303 1844 3444 1914; x_wconf 91' lang='lat' dir='ltr'><strong>quod</strong></span> <span class='ocrx_word' id='word_1_267' title='bbox 3489 1859 3518 1898; x_wconf 85' lang='lat' dir='ltr'><strong>a</strong></span> 
     </span>
    </p>
   </div>
   <div class='ocr_carea' id='block_1_34' title="bbox 227 1933 1824 2004">
    <p class='ocr_par' dir='ltr' id='par_1_34' title="bbox 227 1933 1824 2004">
     <span class='ocr_line' id='line_1_34' title="bbox 227 1933 1824 2004; baseline 0.003 -15"><span class='ocrx_word' id='word_1_268' title='bbox 227 1933 455 1989; x_wconf 86' lang='lat' dir='ltr'><strong>neranda</strong></span> <span class='ocrx_word' id='word_1_269' title='bbox 494 1937 673 1991; x_wconf 90' lang='lat' dir='ltr'><strong>omnia</strong></span> <span class='ocrx_word' id='word_1_270' title='bbox 715 1940 1216 2003; x_wconf 84' lang='lat' dir='ltr'><strong>secundumvitam,</strong></span> <span class='ocrx_word' id='word_1_271' title='bbox 1249 1950 1303 1994; x_wconf 86' lang='lat' dir='ltr'><strong>et</strong></span> <span class='ocrx_word' id='word_1_272' title='bbox 1331 1941 1621 1995; x_wconf 90' lang='lat' dir='ltr'><strong>secundum</strong></span> <span class='ocrx_word' id='word_1_273' title='bbox 1657 1940 1824 2004; x_wconf 84' lang='lat' dir='ltr'><strong>jntcl-</strong></span> 
     </span>
    </p>
   </div>
   <div class='ocr_carea' id='block_1_35' title="bbox 229 2026 1818 2102">
    <p class='ocr_par' dir='ltr' id='par_1_35' title="bbox 229 2026 1818 2102">
     <span class='ocr_line' id='line_1_35' title="bbox 229 2026 1818 2102; baseline 0.004 -21"><span class='ocrx_word' id='word_1_274' title='bbox 229 2026 494 2096; x_wconf 82' lang='lat' dir='ltr'><strong>Iigentiam</strong></span> <span class='ocrx_word' id='word_1_275' title='bbox 526 2029 924 2094; x_wconf 88' lang='lat' dir='ltr'><strong>substituentia,</strong></span> <span class='ocrx_word' id='word_1_276' title='bbox 957 2032 1023 2087; x_wconf 91' lang='lat' dir='ltr'><strong>ad</strong></span> <span class='ocrx_word' id='word_1_277' title='bbox 1053 2032 1101 2085; x_wconf 92' lang='lat' dir='ltr'><strong>id</strong></span> <span class='ocrx_word' id='word_1_278' title='bbox 1124 2031 1267 2102; x_wconf 90' lang='lat' dir='ltr'><strong>quod</strong></span> <span class='ocrx_word' id='word_1_279' title='bbox 1297 2041 1520 2087; x_wconf 87' lang='lat' dir='ltr'><strong>estesse</strong></span> <span class='ocrx_word' id='word_1_280' title='bbox 1549 2031 1818 2087; x_wconf 84' lang='lat' dir='ltr'><strong>omnibus.</strong></span> 
     </span>
    </p>
   </div>
   <div class='ocr_carea' id='block_1_36' title="bbox 237 2118 1826 2193">
    <p class='ocr_par' dir='ltr' id='par_1_36' title="bbox 237 2118 1826 2193">
     <span class='ocr_line' id='line_1_36' title="bbox 237 2118 1826 2193; baseline 0.003 -20"><span class='ocrx_word' id='word_1_281' title='bbox 237 2118 312 2174; x_wconf 83' lang='lat' dir='ltr'><strong>Ex</strong></span> <span class='ocrx_word' id='word_1_282' title='bbox 343 2118 409 2173; x_wconf 90' lang='lat' dir='ltr'><strong>iis</strong></span> <span class='ocrx_word' id='word_1_283' title='bbox 436 2132 680 2189; x_wconf 88' lang='lat' dir='ltr'><strong>apparet,</strong></span> <span class='ocrx_word' id='word_1_284' title='bbox 712 2123 850 2192; x_wconf 69' lang='grc' dir='ltr'>λογος</span> <span class='ocrx_word' id='word_1_285' title='bbox 881 2125 994 2191; x_wconf 90' lang='lat' dir='ltr'><strong>ipsc</strong></span> <span class='ocrx_word' id='word_1_286' title='bbox 1021 2133 1074 2178; x_wconf 91' lang='lat' dir='ltr'><strong>et</strong></span> <span class='ocrx_word' id='word_1_287' title='bbox 1100 2123 1331 2193; x_wconf 89' lang='lat' dir='ltr'><strong>Spiritus</strong></span> <span class='ocrx_word' id='word_1_288' title='bbox 1370 2132 1588 2178; x_wconf 90' lang='lat' dir='ltr'><strong>sanctus</strong></span> <span class='ocrx_word' id='word_1_289' title='bbox 1633 2129 1746 2184; x_wconf 86' lang='grc' dir='ltr'>νοῦς</span> <span class='ocrx_word' id='word_1_290' title='bbox 1773 2132 1826 2178; x_wconf 83' lang='grc' dir='ltr'><strong>ει</strong></span> 
     </span>
    </p>
   </div>
   <div class='ocr_carea' id='block_1_37' title="bbox 222 2209 1819 2281">
    <p class='ocr_par' dir='ltr' id='par_1_37' title="bbox 222 2209 1819 2281">
     <span class='ocr_line' id='line_1_37' title="bbox 222 2209 1819 2281; baseline 0.002 -15"><span class='ocrx_word' id='word_1_291' title='bbox 222 2209 476 2277; x_wconf 84' lang='lat' dir='ltr'><strong>sapientia</strong></span> <span class='ocrx_word' id='word_1_292' title='bbox 504 2228 517 2265; x_wconf 91' lang='lat'>:</span> <span class='ocrx_word' id='word_1_293' title='bbox 571 2211 623 2265; x_wconf 90' lang='lat' dir='ltr'><strong>id</strong></span> <span class='ocrx_word' id='word_1_294' title='bbox 671 2213 843 2281; x_wconf 91' lang='lat' dir='ltr'><strong>ipsum</strong></span> <span class='ocrx_word' id='word_1_295' title='bbox 877 2213 1073 2268; x_wconf 89' lang='lat' dir='ltr'><strong>etenim</strong></span> <span class='ocrx_word' id='word_1_296' title='bbox 1109 2224 1164 2269; x_wconf 91' lang='lat' dir='ltr'><strong>et</strong></span> <span class='ocrx_word' id='word_1_297' title='bbox 1212 2214 1404 2268; x_wconf 85' lang='lat' dir='ltr'><strong>Paulus</strong></span> <span class='ocrx_word' id='word_1_298' title='bbox 1431 2214 1566 2269; x_wconf 77' lang='lat' dir='ltr'><strong>dixit</strong></span> <span class='ocrx_word' id='word_1_299' title='bbox 1593 2215 1772 2269; x_wconf 89' lang='lat' dir='ltr'><strong>divine</strong></span> <span class='ocrx_word' id='word_1_300' title='bbox 1805 2232 1819 2269; x_wconf 90' lang='lat'>:</span> 
     </span>
    </p>
   </div>
   <div class='ocr_carea' id='block_1_38' title="bbox 226 2301 1822 2376">
    <p class='ocr_par' dir='ltr' id='par_1_38' title="bbox 226 2301 1822 2376">
     <span class='ocr_line' id='line_1_38' title="bbox 226 2301 1822 2376; baseline 0.004 -20"><span class='ocrx_word' id='word_1_301' title='bbox 226 2301 348 2366; x_wconf 83' lang='lat' dir='ltr'><strong>Quis</strong></span> <span class='ocrx_word' id='word_1_302' title='bbox 365 2303 595 2372; x_wconf 80' lang='lat' dir='ltr'><strong>cognovit</strong></span> <span class='ocrx_word' id='word_1_303' title='bbox 636 2312 752 2359; x_wconf 91' lang='grc' dir='ltr'>νοῦν</span> <span class='ocrx_word' id='word_1_304' title='bbox 792 2303 1044 2359; x_wconf 84' lang='lat' dir='ltr'><strong>Domini?</strong></span> <span class='ocrx_word' id='word_1_305' title='bbox 1083 2305 1260 2376; x_wconf 85' lang='lat' dir='ltr'><strong>(Rom.</strong></span> <span class='ocrx_word' id='word_1_306' title='bbox 1289 2323 1368 2372; x_wconf 73' lang='grc' dir='ltr'><strong>ιι,</strong></span> <span class='ocrx_word' id='word_1_307' title='bbox 1399 2305 1514 2375; x_wconf 77' lang='grc'><strong>54).</strong></span> <span class='ocrx_word' id='word_1_308' title='bbox 1546 2307 1612 2361; x_wconf 86' lang='grc' dir='ltr'>Ει</span> <span class='ocrx_word' id='word_1_309' title='bbox 1638 2322 1822 2363; x_wconf 89' lang='lat' dir='ltr'><strong>rursus</strong></span> 
     </span>
    </p>
   </div>
   <div class='ocr_carea' id='block_1_39' title="bbox 221 2390 1824 2470">
    <p class='ocr_par' dir='ltr' id='par_1_39' title="bbox 221 2390 1824 2470">
     <span class='ocr_line' id='line_1_39' title="bbox 221 2390 1824 2470; baseline 0.004 -24"><span class='ocrx_word' id='word_1_310' title='bbox 221 2390 283 2446; x_wconf 88' lang='lat' dir='ltr'><strong>de</strong></span> <span class='ocrx_word' id='word_1_311' title='bbox 303 2392 421 2463; x_wconf 88' lang='lat' dir='ltr'><strong>ipso</strong></span> <span class='ocrx_word' id='word_1_312' title='bbox 455 2411 468 2447; x_wconf 89' lang='lat'><strong>:</strong></span> <span class='ocrx_word' id='word_1_313' title='bbox 513 2392 685 2448; x_wconf 77' lang='lat' dir='ltr'><strong>Virtus</strong></span> <span class='ocrx_word' id='word_1_314' title='bbox 711 2405 756 2448; x_wconf 86' lang='lat' dir='ltr'><strong>et</strong></span> <span class='ocrx_word' id='word_1_315' title='bbox 786 2398 1037 2465; x_wconf 79' lang='lat' dir='ltr'><strong>sapientia</strong></span> <span class='ocrx_word' id='word_1_316' title='bbox 1071 2397 1168 2451; x_wconf 87' lang='lat' dir='ltr'><strong>Dei</strong></span> <span class='ocrx_word' id='word_1_317' title='bbox 1195 2397 1247 2468; x_wconf 88' lang='lat' dir='ltr'><strong>(I</strong></span> <span class='ocrx_word' id='word_1_318' title='bbox 1293 2391 1412 2454; x_wconf 87' lang='lat' dir='ltr'><strong>Cor.</strong></span> <span class='ocrx_word' id='word_1_319' title='bbox 1444 2415 1480 2461; x_wconf 88' lang='grc' dir='ltr'><strong>ι,</strong></span> <span class='ocrx_word' id='word_1_320' title='bbox 1518 2397 1632 2470; x_wconf 71' lang='grc'><strong>24).</strong></span> <span class='ocrx_word' id='word_1_321' title='bbox 1670 2399 1824 2454; x_wconf 88' lang='lat' dir='ltr'><strong>Salo-</strong></span> 
     </span>
    </p>
   </div>
   <div class='ocr_carea' id='block_1_40' title="bbox 227 2485 1822 2559">
    <p class='ocr_par' dir='ltr' id='par_1_40' title="bbox 227 2485 1822 2559">
     <span class='ocr_line' id='line_1_40' title="bbox 227 2485 1822 2559; baseline 0.003 -19"><span class='ocrx_word' id='word_1_322' title='bbox 227 2500 346 2540; x_wconf 88' lang='lat' dir='ltr'><strong>mon</strong></span> <span class='ocrx_word' id='word_1_323' title='bbox 378 2485 539 2539; x_wconf 88' lang='lat' dir='ltr'><strong>eliam</strong></span> <span class='ocrx_word' id='word_1_324' title='bbox 567 2486 884 2555; x_wconf 85' lang='lat' dir='ltr'><strong>sapientiam</strong></span> <span class='ocrx_word' id='word_1_325' title='bbox 907 2488 976 2543; x_wconf 88' lang='lat' dir='ltr'><strong>de</strong></span> <span class='ocrx_word' id='word_1_326' title='bbox 1019 2489 1135 2559; x_wconf 82' lang='lat' dir='ltr'><strong>ipso</strong></span> <span class='ocrx_word' id='word_1_327' title='bbox 1163 2490 1311 2556; x_wconf 88' lang='lat' dir='ltr'><strong>dicit,</strong></span> <span class='ocrx_word' id='word_1_328' title='bbox 1337 2501 1383 2542; x_wconf 91' lang='lat' dir='ltr'><strong>et</strong></span> <span class='ocrx_word' id='word_1_329' title='bbox 1416 2490 1576 2544; x_wconf 86' lang='lat' dir='ltr'><strong>multa</strong></span> <span class='ocrx_word' id='word_1_330' title='bbox 1607 2491 1822 2544; x_wconf 87' lang='lat' dir='ltr'><strong>nomina</strong></span> 
     </span>
    </p>
   </div>
   <div class='ocr_carea' id='block_1_41' title="bbox 220 2575 1824 2652">
    <p class='ocr_par' dir='ltr' id='par_1_41' title="bbox 220 2575 1824 2652">
     <span class='ocr_line' id='line_1_41' title="bbox 220 2575 1824 2652; baseline 0.002 -20"><span class='ocrx_word' id='word_1_331' title='bbox 220 2576 272 2632; x_wconf 86' lang='lat' dir='ltr'><strong>in</strong></span> <span class='ocrx_word' id='word_1_332' title='bbox 296 2575 489 2630; x_wconf 82' lang='lat' dir='ltr'><strong>Filium</strong></span> <span class='ocrx_word' id='word_1_333' title='bbox 517 2589 860 2646; x_wconf 85' lang='lat' dir='ltr'><strong>revocantur,</strong></span> <span class='ocrx_word' id='word_1_334' title='bbox 889 2589 946 2635; x_wconf 90' lang='lat' dir='ltr'><strong>et</strong></span> <span class='ocrx_word' id='word_1_335' title='bbox 976 2581 1151 2652; x_wconf 87' lang='lat' dir='ltr'><strong>ipsum</strong></span> <span class='ocrx_word' id='word_1_336' title='bbox 1197 2591 1253 2637; x_wconf 89' lang='lat' dir='ltr'><strong>et</strong></span> <span class='ocrx_word' id='word_1_337' title='bbox 1297 2583 1654 2636; x_wconf 86' lang='lat' dir='ltr'><strong>substantiam</strong></span> <span class='ocrx_word' id='word_1_338' title='bbox 1695 2582 1824 2636; x_wconf 88' lang='lat' dir='ltr'><strong>dicit</strong></span> 
     </span>
    </p>
   </div>
   <div class='ocr_carea' id='block_1_42' title="bbox 219 2667 1876 2747">
    <p class='ocr_par' dir='ltr' id='par_1_42' title="bbox 219 2667 1876 2747">
     <span class='ocr_line' id='line_1_42' title="bbox 219 2667 1876 2747; baseline 0.003 -21"><span class='ocrx_word' id='word_1_339' title='bbox 219 2667 416 2726; x_wconf 87' lang='lat' dir='ltr'><strong>Paulus</strong></span> <span class='ocrx_word' id='word_1_340' title='bbox 437 2669 505 2725; x_wconf 91' lang='lat' dir='ltr'><strong>ad</strong></span> <span class='ocrx_word' id='word_1_341' title='bbox 549 2670 801 2727; x_wconf 64' lang='lat' dir='ltr'><strong>liebraros</strong></span> <span class='ocrx_word' id='word_1_342' title='bbox 820 2691 832 2725; x_wconf 90' lang='lat'><strong>:</strong></span> <span class='ocrx_word' id='word_1_343' title='bbox 849 2675 1016 2745; x_wconf 83' lang='lat' dir='ltr'><strong>imago</strong></span> <span class='ocrx_word' id='word_1_344' title='bbox 1037 2675 1336 2731; x_wconf 75' lang='lat' dir='ltr'><strong>substantia:</strong></span> <span class='ocrx_word' id='word_1_345' title='bbox 1355 2678 1464 2747; x_wconf 84' lang='lat' dir='ltr'><strong>ejus</strong></span> <span class='ocrx_word' id='word_1_346' title='bbox 1486 2675 1644 2747; x_wconf 83' lang='lat' dir='ltr'><strong>(Heb.</strong></span> <span class='ocrx_word' id='word_1_347' title='bbox 1672 2692 1708 2740; x_wconf 92' lang='grc' dir='ltr'><strong>ι,</strong></span> <span class='ocrx_word' id='word_1_348' title='bbox 1740 2677 1820 2747; x_wconf 76' lang='grc'><strong>5).</strong></span> <span class='ocrx_word' id='word_1_349' title='bbox 1873 2675 1876 2677; x_wconf 69' lang='grc'><em>’</em></span> 
     </span>
    </p>
   </div>
   <div class='ocr_carea' id='block_1_43' title="bbox 217 2760 1810 2838">
    <p class='ocr_par' dir='ltr' id='par_1_43' title="bbox 217 2760 1810 2838">
     <span class='ocr_line' id='line_1_43' title="bbox 217 2760 1810 2838; baseline 0.003 -20"><span class='ocrx_word' id='word_1_350' title='bbox 217 2760 288 2818; x_wconf 90' lang='grc' dir='ltr'>Ει</span> <span class='ocrx_word' id='word_1_351' title='bbox 337 2763 461 2818; x_wconf 91' lang='lat' dir='ltr'><strong>item</strong></span> <span class='ocrx_word' id='word_1_352' title='bbox 517 2765 1026 2822; x_wconf 84' lang='lat' dir='ltr'><strong>consubstantialem</strong></span> <span class='ocrx_word' id='word_1_353' title='bbox 1079 2769 1332 2838; x_wconf 88' lang='lat' dir='ltr'><strong>populum</strong></span> <span class='ocrx_word' id='word_1_354' title='bbox 1379 2768 1514 2823; x_wconf 79' lang='lat' dir='ltr'><strong>dixit</strong></span> <span class='ocrx_word' id='word_1_355' title='bbox 1561 2776 1616 2823; x_wconf 91' lang='lat' dir='ltr'><strong>et</strong></span> <span class='ocrx_word' id='word_1_356' title='bbox 1661 2769 1810 2824; x_wconf 88' lang='lat' dir='ltr'><strong>Jere-</strong></span> 
     </span>
    </p>
   </div>
   <div class='ocr_carea' id='block_1_44' title="bbox 218 2856 1820 2928">
    <p class='ocr_par' dir='ltr' id='par_1_44' title="bbox 218 2856 1820 2928">
     <span class='ocr_line' id='line_1_44' title="bbox 218 2856 1820 2928; baseline 0.002 -16"><span class='ocrx_word' id='word_1_357' title='bbox 218 2856 355 2912; x_wconf 85' lang='lat' dir='ltr'><strong>mias</strong></span> <span class='ocrx_word' id='word_1_358' title='bbox 381 2874 394 2912; x_wconf 89' lang='lat'><strong>:</strong></span> <span class='ocrx_word' id='word_1_359' title='bbox 426 2858 546 2928; x_wconf 84' lang='lat' dir='ltr'><strong>quia</strong></span> <span class='ocrx_word' id='word_1_360' title='bbox 571 2859 685 2928; x_wconf 83' lang='lat' dir='ltr'><strong>quis</strong></span> <span class='ocrx_word' id='word_1_361' title='bbox 713 2861 846 2914; x_wconf 90' lang='lat' dir='ltr'><strong>stetit</strong></span> <span class='ocrx_word' id='word_1_362' title='bbox 887 2862 938 2914; x_wconf 88' lang='lat' dir='ltr'><strong>in</strong></span> <span class='ocrx_word' id='word_1_363' title='bbox 974 2862 1256 2916; x_wconf 77' lang='lat' dir='ltr'><strong>substantia</strong></span> <span class='ocrx_word' id='word_1_364' title='bbox 1287 2880 1417 2928; x_wconf 88' lang='lat' dir='ltr'><strong>mea,</strong></span> <span class='ocrx_word' id='word_1_365' title='bbox 1447 2875 1492 2917; x_wconf 89' lang='lat' dir='ltr'><strong>et</strong></span> <span class='ocrx_word' id='word_1_366' title='bbox 1533 2862 1820 2917; x_wconf 83' lang='lat' dir='ltr'><strong>vidit-Ver-</strong></span> 
     </span>
    </p>
   </div>
   <div class='ocr_carea' id='block_1_45' title="bbox 216 2947 1824 3026">
    <p class='ocr_par' dir='ltr' id='par_1_45' title="bbox 216 2947 1824 3026">
     <span class='ocr_line' id='line_1_45' title="bbox 216 2947 1824 3026; baseline 0.004 -25"><span class='ocrx_word' id='word_1_367' title='bbox 216 2947 331 3002; x_wconf 90' lang='lat' dir='ltr'><strong>bum</strong></span> <span class='ocrx_word' id='word_1_368' title='bbox 358 2966 526 3004; x_wconf 87' lang='lat' dir='ltr'><strong>meum</strong></span> <span class='ocrx_word' id='word_1_369' title='bbox 554 2948 687 3020; x_wconf 84' lang='lat' dir='ltr'><strong>(Jer.</strong></span> <span class='ocrx_word' id='word_1_370' title='bbox 721 2967 872 3017; x_wconf 65' lang='grc' dir='ltr'>χχιιι,</span> <span class='ocrx_word' id='word_1_371' title='bbox 929 2954 1016 3020; x_wconf 85' lang='lat' dir='ltr'><strong>i8,</strong></span> <span class='ocrx_word' id='word_1_372' title='bbox 1049 2972 1148 3008; x_wconf 85' lang='lat' dir='ltr'><strong>sec.</strong></span> <span class='ocrx_word' id='word_1_373' title='bbox 1194 2957 1342 3026; x_wconf 70' lang='grc' dir='ltr'><strong>ιη).</strong></span> <span class='ocrx_word' id='word_1_374' title='bbox 1384 2957 1450 3011; x_wconf 89' lang='grc' dir='ltr'>Ει</span> <span class='ocrx_word' id='word_1_375' title='bbox 1495 2972 1683 3012; x_wconf 88' lang='lat' dir='ltr'><strong>rursus</strong></span> <span class='ocrx_word' id='word_1_376' title='bbox 1717 2974 1730 3010; x_wconf 88' lang='lat'><strong>:</strong></span> <span class='ocrx_word' id='word_1_377' title='bbox 1762 2955 1824 3013; x_wconf 90' lang='lat' dir='ltr'><strong>Si</strong></span> 
     </span>
    </p>
   </div>
   <div class='ocr_carea' id='block_1_46' title="bbox 216 3041 1824 3111">
    <p class='ocr_par' dir='ltr' id='par_1_46' title="bbox 216 3041 1824 3111">
     <span class='ocr_line' id='line_1_46' title="bbox 216 3041 1824 3111; baseline 0.006 -17"><span class='ocrx_word' id='word_1_378' title='bbox 216 3041 462 3094; x_wconf 72' lang='lat' dir='ltr'><strong>stetissent</strong></span> <span class='ocrx_word' id='word_1_379' title='bbox 506 3042 559 3095; x_wconf 85' lang='lat' dir='ltr'><strong>in</strong></span> <span class='ocrx_word' id='word_1_380' title='bbox 579 3041 864 3098; x_wconf 82' lang='lat' dir='ltr'><strong>substantia</strong></span> <span class='ocrx_word' id='word_1_381' title='bbox 908 3062 1050 3111; x_wconf 87' lang='lat' dir='ltr'><strong>mea,</strong></span> <span class='ocrx_word' id='word_1_382' title='bbox 1097 3056 1143 3101; x_wconf 88' lang='lat' dir='ltr'><strong>et</strong></span> <span class='ocrx_word' id='word_1_383' title='bbox 1196 3048 1455 3102; x_wconf 84' lang='lat' dir='ltr'><strong>audissent</strong></span> <span class='ocrx_word' id='word_1_384' title='bbox 1500 3049 1651 3103; x_wconf 81' lang='lat' dir='ltr'><strong>verba</strong></span> <span class='ocrx_word' id='word_1_385' title='bbox 1710 3066 1824 3103; x_wconf 85' lang='lat' dir='ltr'><strong>mea</strong></span> 
     </span>
    </p>
   </div>
   <div class='ocr_carea' id='block_1_47' title="bbox 217 3121 1820 3207">
    <p class='ocr_par' dir='ltr' id='par_1_47' title="bbox 217 3121 1820 3207">
     <span class='ocr_line' id='line_1_47' title="bbox 217 3121 1820 3207; baseline 0.007 -23"><span class='ocrx_word' id='word_1_386' title='bbox 217 3121 393 3190; x_wconf 83' lang='lat' dir='ltr'><strong>(Ibid.</strong></span> <span class='ocrx_word' id='word_1_387' title='bbox 450 3131 568 3203; x_wconf 72' lang='lat'><strong>22).</strong></span> <span class='ocrx_word' id='word_1_388' title='bbox 627 3134 693 3189; x_wconf 88' lang='lat' dir='ltr'><strong>Et</strong></span> <span class='ocrx_word' id='word_1_389' title='bbox 747 3137 1090 3207; x_wconf 84' lang='lat' dir='ltr'><strong>Evangeliqu</strong></span> <span class='ocrx_word' id='word_1_390' title='bbox 1141 3139 1434 3194; x_wconf 88' lang='lat' dir='ltr'><strong>secundum</strong></span> <span class='ocrx_word' id='word_1_391' title='bbox 1464 3140 1820 3196; x_wconf 83' lang='lat' dir='ltr'><strong>Matthaeum:</strong></span> 
     </span>
    </p>
   </div>
   <div class='ocr_carea' id='block_1_48' title="bbox 1924 1935 3518 2008">
    <p class='ocr_par' dir='ltr' id='par_1_48' title="bbox 1924 1935 3518 2008">
     <span class='ocr_line' id='line_1_48' title="bbox 1924 1935 3518 2008; baseline -0.003 -15"><span class='ocrx_word' id='word_1_392' title='bbox 1924 1943 2142 2006; x_wconf 80' lang='grc' dir='ltr'><strong>σημεῖον</strong></span> <span class='ocrx_word' id='word_1_393' title='bbox 2170 1935 2222 1990; x_wconf 91' lang='lat' dir='ltr'><strong>in</strong></span> <span class='ocrx_word' id='word_1_394' title='bbox 2271 1944 2499 2008; x_wconf 83' lang='grc' dir='ltr'><strong>σημεῖον,</strong></span> <span class='ocrx_word' id='word_1_395' title='bbox 2534 1937 2634 1991; x_wconf 92' lang='lat' dir='ltr'><strong>hoc</strong></span> <span class='ocrx_word' id='word_1_396' title='bbox 2654 1946 2737 1992; x_wconf 86' lang='lat' dir='ltr'><strong>est</strong></span> <span class='ocrx_word' id='word_1_397' title='bbox 2763 1953 2791 1990; x_wconf 70' lang='grc' dir='ltr'><strong>ιι</strong></span> <span class='ocrx_word' id='word_1_398' title='bbox 2821 1937 2978 1992; x_wconf 81' lang='lat' dir='ltr'><strong>Patre</strong></span> <span class='ocrx_word' id='word_1_399' title='bbox 3005 1937 3055 1991; x_wconf 89' lang='lat' dir='ltr'><strong>in</strong></span> <span class='ocrx_word' id='word_1_400' title='bbox 3089 1937 3299 1991; x_wconf 87' lang='lat' dir='ltr'><strong>Patrem</strong></span> <span class='ocrx_word' id='word_1_401' title='bbox 3331 1938 3380 1991; x_wconf 81' lang='lat' dir='ltr'><strong>in</strong></span> <span class='ocrx_word' id='word_1_402' title='bbox 3425 1953 3518 2006; x_wconf 86' lang='lat' dir='ltr'><strong>ap-</strong></span> 
     </span>
    </p>
   </div>
   <div class='ocr_carea' id='block_1_49' title="bbox 1927 2029 3517 2097">
    <p class='ocr_par' dir='ltr' id='par_1_49' title="bbox 1927 2029 3517 2097">
     <span class='ocr_line' id='line_1_49' title="bbox 1927 2029 3517 2097; baseline 0.004 -18"><span class='ocrx_word' id='word_1_403' title='bbox 1927 2029 2167 2097; x_wconf 83' lang='lat' dir='ltr'><strong>parentia</strong></span> <span class='ocrx_word' id='word_1_404' title='bbox 2223 2029 2378 2082; x_wconf 86' lang='lat' dir='ltr'><strong>istius</strong></span> <span class='ocrx_word' id='word_1_405' title='bbox 2421 2030 2674 2084; x_wconf 88' lang='lat' dir='ltr'><strong>motionis</strong></span> <span class='ocrx_word' id='word_1_406' title='bbox 2716 2038 2771 2085; x_wconf 91' lang='lat' dir='ltr'><strong>et</strong></span> <span class='ocrx_word' id='word_1_407' title='bbox 2799 2030 3096 2084; x_wconf 86' lang='lat' dir='ltr'><strong>divinitatis</strong></span> <span class='ocrx_word' id='word_1_408' title='bbox 3136 2031 3419 2094; x_wconf 70' lang='lat' dir='ltr'><strong>universm,</strong></span> <span class='ocrx_word' id='word_1_409' title='bbox 3465 2041 3517 2085; x_wconf 79' lang='lat' dir='ltr'><strong>et</strong></span> 
     </span>
    </p>
   </div>
   <div class='ocr_carea' id='block_1_50' title="bbox 1923 2119 3518 2194">
    <p class='ocr_par' dir='ltr' id='par_1_50' title="bbox 1923 2119 3518 2194">
     <span class='ocr_line' id='line_1_50' title="bbox 1923 2119 3518 2194; baseline 0.001 -18"><span class='ocrx_word' id='word_1_410' title='bbox 1923 2123 2010 2176; x_wconf 88' lang='grc' dir='ltr'><strong>τὸν</strong></span> <span class='ocrx_word' id='word_1_411' title='bbox 2051 2120 2212 2194; x_wconf 74' lang='grc' dir='ltr'><strong>λόγον,</strong></span> <span class='ocrx_word' id='word_1_412' title='bbox 2259 2129 2312 2174; x_wconf 87' lang='grc' dir='ltr'><strong>ει</strong></span> <span class='ocrx_word' id='word_1_413' title='bbox 2342 2119 2460 2174; x_wconf 84' lang='lat' dir='ltr'><strong>Filii</strong></span> <span class='ocrx_word' id='word_1_414' title='bbox 2514 2122 2696 2176; x_wconf 84' lang='lat' dir='ltr'><strong>existit</strong></span> <span class='ocrx_word' id='word_1_415' title='bbox 2734 2122 2978 2191; x_wconf 86' lang='lat' dir='ltr'><strong>jussione</strong></span> <span class='ocrx_word' id='word_1_416' title='bbox 3026 2122 3116 2176; x_wconf 85' lang='lat' dir='ltr'><strong>Dei</strong></span> <span class='ocrx_word' id='word_1_417' title='bbox 3151 2123 3323 2192; x_wconf 82' lang='lat' dir='ltr'><strong>imago</strong></span> <span class='ocrx_word' id='word_1_418' title='bbox 3367 2121 3518 2191; x_wconf 72' lang='lat' dir='ltr'><strong>juxta</strong></span> 
     </span>
    </p>
   </div>
   <div class='ocr_carea' id='block_1_51' title="bbox 1925 2210 3518 2284">
    <p class='ocr_par' dir='ltr' id='par_1_51' title="bbox 1925 2210 3518 2284">
     <span class='ocr_line' id='line_1_51' title="bbox 1925 2210 3518 2284; baseline 0.003 -20"><span class='ocrx_word' id='word_1_419' title='bbox 1925 2210 2208 2281; x_wconf 88' lang='lat' dir='ltr'><strong>imaginetu</strong></span> <span class='ocrx_word' id='word_1_420' title='bbox 2239 2223 2294 2267; x_wconf 89' lang='lat' dir='ltr'><strong>et</strong></span> <span class='ocrx_word' id='word_1_421' title='bbox 2323 2213 2729 2267; x_wconf 88' lang='lat' dir='ltr'><strong>similitudinem</strong></span> <span class='ocrx_word' id='word_1_422' title='bbox 2760 2214 2852 2268; x_wconf 90' lang='lat' dir='ltr'><strong>Dei</strong></span> <span class='ocrx_word' id='word_1_423' title='bbox 2893 2215 3067 2284; x_wconf 84' lang='lat' dir='ltr'><strong>imago</strong></span> <span class='ocrx_word' id='word_1_424' title='bbox 3099 2215 3367 2284; x_wconf 80' lang='lat' dir='ltr'><strong>imaginis,</strong></span> <span class='ocrx_word' id='word_1_425' title='bbox 3412 2214 3518 2269; x_wconf 88' lang='lat' dir='ltr'><strong>hoc</strong></span> 
     </span>
    </p>
   </div>
   <div class='ocr_carea' id='block_1_52' title="bbox 1925 2305 3517 2376">
    <p class='ocr_par' dir='ltr' id='par_1_52' title="bbox 1925 2305 3517 2376">
     <span class='ocr_line' id='line_1_52' title="bbox 1925 2305 3517 2376; baseline 0 -16"><span class='ocrx_word' id='word_1_426' title='bbox 1925 2314 2009 2360; x_wconf 89' lang='lat' dir='ltr'><strong>est</strong></span> <span class='ocrx_word' id='word_1_427' title='bbox 2053 2305 2171 2360; x_wconf 88' lang='lat' dir='ltr'><strong>Filii</strong></span> <span class='ocrx_word' id='word_1_428' title='bbox 2205 2323 2216 2359; x_wconf 94' lang='lat'><strong>:</strong></span> <span class='ocrx_word' id='word_1_429' title='bbox 2252 2307 2426 2376; x_wconf 88' lang='lat' dir='ltr'><strong>imago</strong></span> <span class='ocrx_word' id='word_1_430' title='bbox 2473 2308 2615 2362; x_wconf 92' lang='lat' dir='ltr'><strong>enim</strong></span> <span class='ocrx_word' id='word_1_431' title='bbox 2647 2307 2819 2362; x_wconf 88' lang='lat' dir='ltr'><strong>Patris</strong></span> <span class='ocrx_word' id='word_1_432' title='bbox 2865 2307 3052 2371; x_wconf 87' lang='lat' dir='ltr'><strong>Filius,</strong></span> <span class='ocrx_word' id='word_1_433' title='bbox 3082 2317 3137 2360; x_wconf 92' lang='lat' dir='ltr'><strong>ut</strong></span> <span class='ocrx_word' id='word_1_434' title='bbox 3177 2307 3517 2361; x_wconf 87' lang='lat' dir='ltr'><strong>demonstra-</strong></span> 
     </span>
    </p>
   </div>
   <div class='ocr_carea' id='block_1_53' title="bbox 1927 2397 3517 2468">
    <p class='ocr_par' dir='ltr' id='par_1_53' title="bbox 1927 2397 3517 2468">
     <span class='ocr_line' id='line_1_53' title="bbox 1927 2397 3517 2468; baseline 0 -16"><span class='ocrx_word' id='word_1_435' title='bbox 1927 2407 2036 2452; x_wconf 92' lang='lat' dir='ltr'><strong>tum</strong></span> <span class='ocrx_word' id='word_1_436' title='bbox 2084 2407 2166 2453; x_wconf 91' lang='lat' dir='ltr'><strong>est</strong></span> <span class='ocrx_word' id='word_1_437' title='bbox 2197 2416 2210 2452; x_wconf 88' lang='lat'><strong>:</strong></span> <span class='ocrx_word' id='word_1_438' title='bbox 2238 2397 2340 2453; x_wconf 90' lang='lat' dir='ltr'><strong>hoc</strong></span> <span class='ocrx_word' id='word_1_439' title='bbox 2380 2408 2560 2453; x_wconf 89' lang='lat' dir='ltr'><strong>autem</strong></span> <span class='ocrx_word' id='word_1_440' title='bbox 2607 2409 2708 2466; x_wconf 92' lang='grc' dir='ltr'>εει,</span> <span class='ocrx_word' id='word_1_441' title='bbox 2748 2399 3003 2468; x_wconf 84' lang='lat' dir='ltr'><strong>quoniam</strong></span> <span class='ocrx_word' id='word_1_442' title='bbox 3055 2399 3221 2453; x_wconf 87' lang='lat' dir='ltr'><strong>Filius</strong></span> <span class='ocrx_word' id='word_1_443' title='bbox 3261 2398 3368 2452; x_wconf 91' lang='lat' dir='ltr'><strong>vita</strong></span> <span class='ocrx_word' id='word_1_444' title='bbox 3413 2407 3517 2464; x_wconf 62' lang='lat' dir='ltr'><strong>est,</strong></span> 
     </span>
    </p>
   </div>
   <div class='ocr_carea' id='block_1_54' title="bbox 1925 2492 3518 2563">
    <p class='ocr_par' dir='ltr' id='par_1_54' title="bbox 1925 2492 3518 2563">
     <span class='ocr_line' id='line_1_54' title="bbox 1925 2492 3518 2563; baseline 0 -16"><span class='ocrx_word' id='word_1_445' title='bbox 1925 2492 2102 2563; x_wconf 80' lang='lat' dir='ltr'><strong>imago</strong></span> <span class='ocrx_word' id='word_1_446' title='bbox 2155 2493 2314 2562; x_wconf 77' lang='lat' dir='ltr'><strong>igitur</strong></span> <span class='ocrx_word' id='word_1_447' title='bbox 2359 2493 2482 2546; x_wconf 62' lang='lat' dir='ltr'><strong>vitae</strong></span> <span class='ocrx_word' id='word_1_448' title='bbox 2511 2493 2685 2546; x_wconf 89' lang='lat' dir='ltr'><strong>anima</strong></span> <span class='ocrx_word' id='word_1_449' title='bbox 2727 2492 2917 2547; x_wconf 75' lang='lat' dir='ltr'><strong>eil‘ecta</strong></span> <span class='ocrx_word' id='word_1_450' title='bbox 2944 2501 3048 2559; x_wconf 91' lang='lat' dir='ltr'><strong>est,</strong></span> <span class='ocrx_word' id='word_1_451' title='bbox 3113 2492 3289 2546; x_wconf 89' lang='lat' dir='ltr'><strong>anima</strong></span> <span class='ocrx_word' id='word_1_452' title='bbox 3340 2500 3518 2547; x_wconf 90' lang='lat' dir='ltr'><strong>autem</strong></span> 
     </span>
    </p>
   </div>
   <div class='ocr_carea' id='block_1_55' title="bbox 1925 2585 3521 2660">
    <p class='ocr_par' dir='ltr' id='par_1_55' title="bbox 1925 2585 3521 2660">
     <span class='ocr_line' id='line_1_55' title="bbox 1925 2585 3521 2660; baseline -0.001 -20"><span class='ocrx_word' id='word_1_453' title='bbox 1925 2601 2044 2641; x_wconf 88' lang='lat' dir='ltr'><strong>cum</strong></span> <span class='ocrx_word' id='word_1_454' title='bbox 2087 2601 2184 2640; x_wconf 91' lang='lat' dir='ltr'><strong>suo</strong></span> <span class='ocrx_word' id='word_1_455' title='bbox 2205 2595 2294 2660; x_wconf 86' lang='grc' dir='ltr'>νῷ,</span> <span class='ocrx_word' id='word_1_456' title='bbox 2323 2586 2391 2640; x_wconf 91' lang='lat' dir='ltr'><strong>ab</strong></span> <span class='ocrx_word' id='word_1_457' title='bbox 2421 2602 2487 2640; x_wconf 90' lang='lat' dir='ltr'><strong>eo</strong></span> <span class='ocrx_word' id='word_1_458' title='bbox 2517 2586 2608 2655; x_wconf 93' lang='lat' dir='ltr'><strong>qui</strong></span> <span class='ocrx_word' id='word_1_459' title='bbox 2640 2593 2758 2647; x_wconf 91' lang='grc' dir='ltr'>νοῦς</span> <span class='ocrx_word' id='word_1_460' title='bbox 2784 2595 2888 2651; x_wconf 85' lang='grc' dir='ltr'>εει,</span> <span class='ocrx_word' id='word_1_461' title='bbox 2923 2585 3161 2656; x_wconf 89' lang='lat' dir='ltr'><strong>potentia</strong></span> <span class='ocrx_word' id='word_1_462' title='bbox 3191 2586 3314 2639; x_wconf 76' lang='lat' dir='ltr'><strong>vitae</strong></span> <span class='ocrx_word' id='word_1_463' title='bbox 3362 2585 3521 2638; x_wconf 90' lang='lat' dir='ltr'><strong>intel-</strong></span> 
     </span>
    </p>
   </div>
   <div class='ocr_carea' id='block_1_56' title="bbox 1925 2676 3520 2748">
    <p class='ocr_par' dir='ltr' id='par_1_56' title="bbox 1925 2676 3520 2748">
     <span class='ocr_line' id='line_1_56' title="bbox 1925 2676 3520 2748; baseline 0 -16"><span class='ocrx_word' id='word_1_464' title='bbox 1925 2677 2164 2732; x_wconf 86' lang='lat' dir='ltr'><strong>lectualis</strong></span> <span class='ocrx_word' id='word_1_465' title='bbox 2192 2688 2296 2744; x_wconf 92' lang='lat' dir='ltr'><strong>est,</strong></span> <span class='ocrx_word' id='word_1_466' title='bbox 2327 2694 2432 2732; x_wconf 85' lang='lat' dir='ltr'><strong>noti</strong></span> <span class='ocrx_word' id='word_1_467' title='bbox 2463 2686 2576 2740; x_wconf 87' lang='grc' dir='ltr'>νοῦς</span> <span class='ocrx_word' id='word_1_468' title='bbox 2608 2688 2710 2743; x_wconf 83' lang='grc' dir='ltr'>εει,</span> <span class='ocrx_word' id='word_1_469' title='bbox 2745 2678 2808 2730; x_wconf 90' lang='lat' dir='ltr'><strong>ad</strong></span> <span class='ocrx_word' id='word_1_470' title='bbox 2825 2683 2943 2732; x_wconf 90' lang='grc' dir='ltr'>νοῦν</span> <span class='ocrx_word' id='word_1_471' title='bbox 2985 2676 3201 2748; x_wconf 90' lang='lat' dir='ltr'><strong>quidem</strong></span> <span class='ocrx_word' id='word_1_472' title='bbox 3227 2676 3520 2746; x_wconf 75' lang='lat' dir='ltr'><strong>respiciens</strong></span> 
     </span>
    </p>
   </div>
   <div class='ocr_carea' id='block_1_57' title="bbox 1924 2769 3520 2840">
    <p class='ocr_par' dir='ltr' id='par_1_57' title="bbox 1924 2769 3520 2840">
     <span class='ocr_line' id='line_1_57' title="bbox 1924 2769 3520 2840; baseline -0.001 -17"><span class='ocrx_word' id='word_1_473' title='bbox 1924 2771 2075 2840; x_wconf 88' lang='lat' dir='ltr'><strong>quasi</strong></span> <span class='ocrx_word' id='word_1_474' title='bbox 2121 2777 2238 2832; x_wconf 83' lang='grc' dir='ltr'>νοῦς</span> <span class='ocrx_word' id='word_1_475' title='bbox 2285 2781 2365 2824; x_wconf 86' lang='grc' dir='ltr'><strong>εει</strong></span> <span class='ocrx_word' id='word_1_476' title='bbox 2396 2788 2409 2824; x_wconf 89' lang='lat'>:</span> <span class='ocrx_word' id='word_1_477' title='bbox 2442 2771 2578 2824; x_wconf 89' lang='lat' dir='ltr'><strong>visio</strong></span> <span class='ocrx_word' id='word_1_478' title='bbox 2619 2769 2761 2824; x_wconf 91' lang='lat' dir='ltr'><strong>enim</strong></span> <span class='ocrx_word' id='word_1_479' title='bbox 2813 2769 2886 2822; x_wconf 90' lang='lat' dir='ltr'><strong>ibi</strong></span> <span class='ocrx_word' id='word_1_480' title='bbox 2928 2769 3095 2822; x_wconf 89' lang='lat' dir='ltr'><strong>unitio</strong></span> <span class='ocrx_word' id='word_1_481' title='bbox 3139 2779 3241 2832; x_wconf 90' lang='lat' dir='ltr'><strong>est,</strong></span> <span class='ocrx_word' id='word_1_482' title='bbox 3293 2784 3520 2839; x_wconf 88' lang='lat' dir='ltr'><strong>vergens</strong></span> 
     </span>
    </p>
   </div>
   <div class='ocr_carea' id='block_1_58' title="bbox 1924 2861 3521 2934">
    <p class='ocr_par' dir='ltr' id='par_1_58' title="bbox 1924 2861 3521 2934">
     <span class='ocr_line' id='line_1_58' title="bbox 1924 2861 3521 2934; baseline -0.002 -18"><span class='ocrx_word' id='word_1_483' title='bbox 1924 2873 2101 2916; x_wconf 90' lang='lat' dir='ltr'><strong>autem</strong></span> <span class='ocrx_word' id='word_1_484' title='bbox 2132 2861 2406 2927; x_wconf 83' lang='lat' dir='ltr'><strong>deorsum,</strong></span> <span class='ocrx_word' id='word_1_485' title='bbox 2437 2871 2492 2917; x_wconf 89' lang='lat' dir='ltr'><strong>et</strong></span> <span class='ocrx_word' id='word_1_486' title='bbox 2535 2876 2722 2915; x_wconf 83' lang='lat' dir='ltr'><strong>aversa</strong></span> <span class='ocrx_word' id='word_1_487' title='bbox 2747 2876 2773 2913; x_wconf 92' lang='lat' dir='ltr'><strong>a</strong></span> <span class='ocrx_word' id='word_1_488' title='bbox 2803 2868 2889 2934; x_wconf 88' lang='grc' dir='ltr'>νῷ,</span> <span class='ocrx_word' id='word_1_489' title='bbox 2917 2870 2970 2914; x_wconf 87' lang='grc' dir='ltr'><strong>ει</strong></span> <span class='ocrx_word' id='word_1_490' title='bbox 3019 2876 3077 2914; x_wconf 89' lang='lat' dir='ltr'><strong>se</strong></span> <span class='ocrx_word' id='word_1_491' title='bbox 3106 2869 3160 2913; x_wconf 95' lang='lat' dir='ltr'><strong>ct</strong></span> <span class='ocrx_word' id='word_1_492' title='bbox 3201 2875 3356 2914; x_wconf 92' lang='lat' dir='ltr'><strong>suum</strong></span> <span class='ocrx_word' id='word_1_493' title='bbox 3401 2866 3521 2914; x_wconf 88' lang='grc' dir='ltr'>νοῦν</span> 
     </span>
    </p>
   </div>
   <div class='ocr_carea' id='block_1_59' title="bbox 1926 2952 3521 3026">
    <p class='ocr_par' dir='ltr' id='par_1_59' title="bbox 1926 2952 3521 3026">
     <span class='ocr_line' id='line_1_59' title="bbox 1926 2952 3521 3026; baseline -0.002 -16"><span class='ocrx_word' id='word_1_494' title='bbox 1926 2955 2089 3010; x_wconf 76' lang='lat' dir='ltr'><strong>trahit</strong></span> <span class='ocrx_word' id='word_1_495' title='bbox 2115 2955 2392 3010; x_wconf 88' lang='lat' dir='ltr'><strong>deorsum.</strong></span> <span class='ocrx_word' id='word_1_496' title='bbox 2428 2955 2733 3026; x_wconf 85' lang='lat' dir='ltr'><strong>lutelligeus</strong></span> <span class='ocrx_word' id='word_1_497' title='bbox 2783 2962 2985 3008; x_wconf 88' lang='lat' dir='ltr'><strong>tantum</strong></span> <span class='ocrx_word' id='word_1_498' title='bbox 3017 2952 3227 3017; x_wconf 72' lang='lat' dir='ltr'><strong>eliecta,</strong></span> <span class='ocrx_word' id='word_1_499' title='bbox 3264 2967 3369 3006; x_wconf 90' lang='lat' dir='ltr'><strong>non</strong></span> <span class='ocrx_word' id='word_1_500' title='bbox 3409 2953 3521 3020; x_wconf 90' lang='lat' dir='ltr'><strong>jam</strong></span> 
     </span>
    </p>
   </div>
   <div class='ocr_carea' id='block_1_60' title="bbox 1925 3044 3523 3117">
    <p class='ocr_par' dir='ltr' id='par_1_60' title="bbox 1925 3044 3523 3117">
     <span class='ocr_line' id='line_1_60' title="bbox 1925 3044 3523 3117; baseline -0.002 -16"><span class='ocrx_word' id='word_1_501' title='bbox 1925 3057 1978 3101; x_wconf 93' lang='lat' dir='ltr'><strong>ut</strong></span> <span class='ocrx_word' id='word_1_502' title='bbox 2009 3045 2361 3117; x_wconf 86' lang='lat' dir='ltr'><strong>intelligibile,</strong></span> <span class='ocrx_word' id='word_1_503' title='bbox 2399 3046 2491 3102; x_wconf 89' lang='lat' dir='ltr'><strong>sed</strong></span> <span class='ocrx_word' id='word_1_504' title='bbox 2523 3046 2570 3100; x_wconf 91' lang='lat' dir='ltr'><strong>si</strong></span> <span class='ocrx_word' id='word_1_505' title='bbox 2605 3045 2684 3100; x_wconf 90' lang='lat' dir='ltr'><strong>sic</strong></span> <span class='ocrx_word' id='word_1_506' title='bbox 2711 3044 3159 3117; x_wconf 75' lang='lat' dir='ltr'><strong>perseveraverit,</strong></span> <span class='ocrx_word' id='word_1_507' title='bbox 3189 3059 3374 3099; x_wconf 90' lang='lat' dir='ltr'><strong>eorum</strong></span> <span class='ocrx_word' id='word_1_508' title='bbox 3401 3059 3523 3115; x_wconf 66' lang='lat' dir='ltr'><strong>qua:</strong></span> 
     </span>
    </p>
   </div>
   <div class='ocr_carea' id='block_1_61' title="bbox 1924 3138 3518 3209">
    <p class='ocr_par' dir='ltr' id='par_1_61' title="bbox 1924 3138 3518 3209">
     <span class='ocr_line' id='line_1_61' title="bbox 1924 3138 3518 3209; baseline -0.004 -14"><span class='ocrx_word' id='word_1_509' title='bbox 1924 3155 2087 3209; x_wconf 87' lang='lat' dir='ltr'><strong>super</strong></span> <span class='ocrx_word' id='word_1_510' title='bbox 2107 3141 2299 3195; x_wconf 66' lang='lat' dir='ltr'><strong>caelum</strong></span> <span class='ocrx_word' id='word_1_511' title='bbox 2329 3150 2454 3193; x_wconf 90' lang='lat' dir='ltr'><strong>sunt</strong></span> <span class='ocrx_word' id='word_1_512' title='bbox 2480 3148 2651 3193; x_wconf 85' lang='lat' dir='ltr'><strong>mater</strong></span> <span class='ocrx_word' id='word_1_513' title='bbox 2689 3147 2792 3206; x_wconf 89' lang='lat' dir='ltr'><strong>est,</strong></span> <span class='ocrx_word' id='word_1_514' title='bbox 2838 3139 3038 3203; x_wconf 90' lang='lat' dir='ltr'><strong>lumen,</strong></span> <span class='ocrx_word' id='word_1_515' title='bbox 3073 3155 3177 3192; x_wconf 85' lang='lat' dir='ltr'><strong>non</strong></span> <span class='ocrx_word' id='word_1_516' title='bbox 3209 3153 3392 3192; x_wconf 91' lang='lat' dir='ltr'><strong>verum</strong></span> <span class='ocrx_word' id='word_1_517' title='bbox 3437 3138 3518 3190; x_wconf 86' lang='lat' dir='ltr'><strong>lu-</strong></span> 
     </span>
    </p>
   </div>
   <div class='ocr_carea' id='block_1_62' title="bbox 216 3215 3521 3307">
    <p class='ocr_par' dir='ltr' id='par_1_62' title="bbox 216 3215 3521 3307">
     <span class='ocr_line' id='line_1_62' title="bbox 216 3215 3521 3307; baseline 0.002 -31"><span class='ocrx_word' id='word_1_518' title='bbox 216 3221 660 3279; x_wconf 86' lang='lat' dir='ltr'><strong>Panemnostrunt</strong></span> <span class='ocrx_word' id='word_1_519' title='bbox 681 3229 1164 3307; x_wconf 77' lang='lat' dir='ltr'><strong>consubstantialem</strong></span> <span class='ocrx_word' id='word_1_520' title='bbox 1187 3231 1253 3282; x_wconf 87' lang='lat' dir='ltr'><strong>da</strong></span> <span class='ocrx_word' id='word_1_521' title='bbox 1276 3232 1418 3285; x_wconf 85' lang='lat' dir='ltr'><strong>nobis</strong></span> <span class='ocrx_word' id='word_1_522' title='bbox 1435 3232 1584 3285; x_wconf 81' lang='lat' dir='ltr'><strong>hodie</strong></span> <span class='ocrx_word' id='word_1_523' title='bbox 1604 3232 1818 3303; x_wconf 73' lang='lat' dir='ltr'><strong>(.llattlt.</strong></span> <span class='ocrx_word' id='word_1_524' title='bbox 1851 3215 1896 3279; x_wconf 60' lang='grc' dir='ltr'><strong>(ἶ</strong></span> <span class='ocrx_word' id='word_1_525' title='bbox 1930 3249 2074 3300; x_wconf 88' lang='lat' dir='ltr'><strong>men,</strong></span> <span class='ocrx_word' id='word_1_526' title='bbox 2104 3243 2158 3288; x_wconf 90' lang='lat' dir='ltr'><strong>et</strong></span> <span class='ocrx_word' id='word_1_527' title='bbox 2185 3232 2400 3301; x_wconf 82' lang='lat' dir='ltr'><strong>quidem</strong></span> <span class='ocrx_word' id='word_1_528' title='bbox 2431 3248 2551 3288; x_wconf 92' lang='lat' dir='ltr'><strong>cum</strong></span> <span class='ocrx_word' id='word_1_529' title='bbox 2581 3247 2678 3286; x_wconf 88' lang='lat' dir='ltr'><strong>suo</strong></span> <span class='ocrx_word' id='word_1_530' title='bbox 2721 3231 2938 3302; x_wconf 87' lang='lat' dir='ltr'><strong>proprio</strong></span> <span class='ocrx_word' id='word_1_531' title='bbox 2960 3240 3026 3305; x_wconf 95' lang='grc' dir='ltr'><strong>νῷ</strong></span> <span class='ocrx_word' id='word_1_532' title='bbox 3071 3231 3272 3286; x_wconf 88' lang='lat' dir='ltr'><strong>lumen.</strong></span> <span class='ocrx_word' id='word_1_533' title='bbox 3305 3230 3358 3285; x_wconf 88' lang='lat' dir='ltr'><strong>Si</strong></span> <span class='ocrx_word' id='word_1_534' title='bbox 3393 3246 3521 3283; x_wconf 84' lang='lat' dir='ltr'><strong>vero</strong></span> 
     </span>
    </p>
   </div>
   <div class='ocr_carea' id='block_1_63' title="bbox 214 3317 1822 3394">
    <p class='ocr_par' dir='ltr' id='par_1_63' title="bbox 214 3317 1822 3394">
     <span class='ocr_line' id='line_1_63' title="bbox 214 3317 1822 3394; baseline 0.004 -24"><span class='ocrx_word' id='word_1_535' title='bbox 214 3330 290 3378; x_wconf 85' lang='lat' dir='ltr'><strong>vt.</strong></span> <span class='ocrx_word' id='word_1_536' title='bbox 325 3317 434 3387; x_wconf 83' lang='lat' dir='ltr'><strong>II).</strong></span> <span class='ocrx_word' id='word_1_537' title='bbox 469 3317 525 3371; x_wconf 92' lang='lat' dir='ltr'><strong>In</strong></span> <span class='ocrx_word' id='word_1_538' title='bbox 565 3319 817 3388; x_wconf 91' lang='lat' dir='ltr'><strong>parabola</strong></span> <span class='ocrx_word' id='word_1_539' title='bbox 845 3320 1016 3376; x_wconf 90' lang='lat' dir='ltr'><strong>Lucas</strong></span> <span class='ocrx_word' id='word_1_540' title='bbox 1049 3340 1061 3376; x_wconf 94' lang='lat'>:</span> <span class='ocrx_word' id='word_1_541' title='bbox 1095 3321 1240 3376; x_wconf 78' lang='lat' dir='ltr'><strong>Dixit</strong></span> <span class='ocrx_word' id='word_1_542' title='bbox 1255 3325 1442 3394; x_wconf 88' lang='lat' dir='ltr'><strong>junior</strong></span> <span class='ocrx_word' id='word_1_543' title='bbox 1463 3323 1526 3377; x_wconf 84' lang='lat' dir='ltr'><strong>de</strong></span> <span class='ocrx_word' id='word_1_544' title='bbox 1567 3325 1690 3391; x_wconf 78' lang='lat' dir='ltr'><strong>ﬁliis</strong></span> <span class='ocrx_word' id='word_1_545' title='bbox 1725 3322 1822 3394; x_wconf 80' lang='lat' dir='ltr'><strong>pa-</strong></span> 
     </span>
    </p>
   </div>
   <div class='ocr_carea' id='block_1_64' title="bbox 217 3403 1818 3485">
    <p class='ocr_par' dir='ltr' id='par_1_64' title="bbox 217 3403 1818 3485">
     <span class='ocr_line' id='line_1_64' title="bbox 217 3403 1818 3485; baseline 0.003 -22"><span class='ocrx_word' id='word_1_546' title='bbox 217 3409 288 3463; x_wconf 84' lang='lat' dir='ltr'><strong>tri</strong></span> <span class='ocrx_word' id='word_1_547' title='bbox 319 3423 337 3462; x_wconf 93' lang='lat'><strong><em>:</em></strong></span> <span class='ocrx_word' id='word_1_548' title='bbox 369 3407 448 3461; x_wconf 90' lang='lat' dir='ltr'><strong>Da</strong></span> <span class='ocrx_word' id='word_1_549' title='bbox 475 3409 604 3463; x_wconf 80' lang='lat' dir='ltr'><strong>mihi</strong></span> <span class='ocrx_word' id='word_1_550' title='bbox 651 3426 928 3480; x_wconf 85' lang='lat' dir='ltr'><strong>congruam</strong></span> <span class='ocrx_word' id='word_1_551' title='bbox 963 3423 1158 3483; x_wconf 82' lang='lat' dir='ltr'><strong>portent</strong></span> <span class='ocrx_word' id='word_1_552' title='bbox 1196 3413 1492 3469; x_wconf 69' lang='lat' dir='ltr'><strong>substantia!</strong></span> <span class='ocrx_word' id='word_1_553' title='bbox 1523 3414 1678 3485; x_wconf 86' lang='lat' dir='ltr'><strong>(Luc.</strong></span> <span class='ocrx_word' id='word_1_554' title='bbox 1701 3403 1705 3407; x_wconf 58' lang='grc'><em>’</em></span> <span class='ocrx_word' id='word_1_555' title='bbox 1727 3431 1818 3484; x_wconf 79' lang='lat' dir='ltr'><strong>xv,</strong></span> 
     </span>
    </p>
   </div>
   <div class='ocr_carea' id='block_1_65' title="bbox 214 3497 1817 3576">
    <p class='ocr_par' dir='ltr' id='par_1_65' title="bbox 214 3497 1817 3576">
     <span class='ocr_line' id='line_1_65' title="bbox 214 3497 1817 3576; baseline 0.006 -22"><span class='ocrx_word' id='word_1_556' title='bbox 214 3497 335 3569; x_wconf 75' lang='grc' dir='ltr'>ιε).</span> <span class='ocrx_word' id='word_1_557' title='bbox 361 3499 424 3556; x_wconf 88' lang='grc' dir='ltr'>Ει</span> <span class='ocrx_word' id='word_1_558' title='bbox 459 3515 646 3556; x_wconf 87' lang='lat' dir='ltr'><strong>rursus</strong></span> <span class='ocrx_word' id='word_1_559' title='bbox 675 3519 688 3557; x_wconf 92' lang='lat'>:</span> <span class='ocrx_word' id='word_1_560' title='bbox 720 3501 804 3556; x_wconf 90' lang='lat' dir='ltr'><strong>lbi</strong></span> <span class='ocrx_word' id='word_1_561' title='bbox 829 3503 1093 3572; x_wconf 84' lang='lat' dir='ltr'><strong>dissipavit</strong></span> <span class='ocrx_word' id='word_1_562' title='bbox 1121 3505 1463 3560; x_wconf 83' lang='lat' dir='ltr'><strong>substantiam</strong></span> <span class='ocrx_word' id='word_1_563' title='bbox 1486 3522 1629 3560; x_wconf 84' lang='lat' dir='ltr'><strong>suam</strong></span> <span class='ocrx_word' id='word_1_564' title='bbox 1657 3504 1817 3576; x_wconf 83' lang='lat' dir='ltr'><strong>(Ibid.</strong></span> 
     </span>
    </p>
   </div>
   <div class='ocr_carea' id='block_1_66' title="bbox 217 3593 1820 3669">
    <p class='ocr_par' dir='ltr' id='par_1_66' title="bbox 217 3593 1820 3669">
     <span class='ocr_line' id='line_1_66' title="bbox 217 3593 1820 3669; baseline 0.006 -22"><span class='ocrx_word' id='word_1_565' title='bbox 217 3593 330 3664; x_wconf 73' lang='grc'><strong>13).</strong></span> <span class='ocrx_word' id='word_1_566' title='bbox 379 3594 532 3662; x_wconf 86' lang='lat' dir='ltr'><strong>Quod</strong></span> <span class='ocrx_word' id='word_1_567' title='bbox 579 3598 722 3650; x_wconf 92' lang='lat' dir='ltr'><strong>enim</strong></span> <span class='ocrx_word' id='word_1_568' title='bbox 753 3597 875 3652; x_wconf 89' lang='lat' dir='ltr'><strong>inde</strong></span> <span class='ocrx_word' id='word_1_569' title='bbox 923 3597 1225 3665; x_wconf 90' lang='lat' dir='ltr'><strong>descendit,</strong></span> <span class='ocrx_word' id='word_1_570' title='bbox 1260 3601 1524 3669; x_wconf 89' lang='lat' dir='ltr'><strong>potentias</strong></span> <span class='ocrx_word' id='word_1_571' title='bbox 1553 3615 1678 3654; x_wconf 88' lang='lat' dir='ltr'><strong>suas</strong></span> <span class='ocrx_word' id='word_1_572' title='bbox 1714 3616 1820 3656; x_wconf 92' lang='lat' dir='ltr'><strong>non</strong></span> 
     </span>
    </p>
   </div>
   <div class='ocr_carea' id='block_1_67' title="bbox 213 3687 1823 3754">
    <p class='ocr_par' dir='ltr' id='par_1_67' title="bbox 213 3687 1823 3754">
     <span class='ocr_line' id='line_1_67' title="bbox 213 3687 1823 3754; baseline 0.006 -15"><span class='ocrx_word' id='word_1_573' title='bbox 213 3687 406 3740; x_wconf 91' lang='lat' dir='ltr'><strong>tenuit.</strong></span> <span class='ocrx_word' id='word_1_574' title='bbox 442 3687 544 3741; x_wconf 84' lang='lat' dir='ltr'><strong>Ista</strong></span> <span class='ocrx_word' id='word_1_575' title='bbox 575 3690 772 3744; x_wconf 75' lang='lat' dir='ltr'><strong>anima:</strong></span> <span class='ocrx_word' id='word_1_576' title='bbox 802 3700 948 3754; x_wconf 89' lang='lat' dir='ltr'><strong>sunt,</strong></span> <span class='ocrx_word' id='word_1_577' title='bbox 980 3689 1074 3745; x_wconf 84' lang='lat' dir='ltr'><strong>sed</strong></span> <span class='ocrx_word' id='word_1_578' title='bbox 1105 3691 1215 3745; x_wconf 80' lang='lat' dir='ltr'><strong>dixi</strong></span> <span class='ocrx_word' id='word_1_579' title='bbox 1241 3691 1381 3746; x_wconf 90' lang='lat' dir='ltr'><strong>istud</strong></span> <span class='ocrx_word' id='word_1_580' title='bbox 1409 3692 1697 3748; x_wconf 89' lang='lat' dir='ltr'><strong>adversum</strong></span> <span class='ocrx_word' id='word_1_581' title='bbox 1731 3708 1823 3749; x_wconf 87' lang='lat' dir='ltr'><strong>ne-</strong></span> 
     </span>
    </p>
   </div>
   <div class='ocr_carea' id='block_1_68' title="bbox 211 3783 1813 3856">
    <p class='ocr_par' dir='ltr' id='par_1_68' title="bbox 211 3783 1813 3856">
     <span class='ocr_line' id='line_1_68' title="bbox 211 3783 1813 3856; baseline 0.006 -26"><span class='ocrx_word' id='word_1_582' title='bbox 211 3789 404 3848; x_wconf 88' lang='lat' dir='ltr'><strong>gantes</strong></span> <span class='ocrx_word' id='word_1_583' title='bbox 432 3783 612 3841; x_wconf 80' lang='grc' dir='ltr'>οὐσίας</span> <span class='ocrx_word' id='word_1_584' title='bbox 642 3795 836 3836; x_wconf 88' lang='lat' dir='ltr'><strong>nomen</strong></span> <span class='ocrx_word' id='word_1_585' title='bbox 863 3784 1092 3851; x_wconf 90' lang='lat' dir='ltr'><strong>positum</strong></span> <span class='ocrx_word' id='word_1_586' title='bbox 1119 3798 1239 3839; x_wconf 87' lang='lat' dir='ltr'><strong>esse</strong></span> <span class='ocrx_word' id='word_1_587' title='bbox 1268 3783 1320 3838; x_wconf 90' lang='lat' dir='ltr'><strong>in</strong></span> <span class='ocrx_word' id='word_1_588' title='bbox 1356 3785 1522 3839; x_wconf 92' lang='lat' dir='ltr'><strong>sacris</strong></span> <span class='ocrx_word' id='word_1_589' title='bbox 1569 3785 1813 3856; x_wconf 56' lang='lat' dir='ltr'><strong>Scripta.</strong></span> 
     </span>
    </p>
   </div>
   <div class='ocr_carea' id='block_1_69' title="bbox 215 3870 1821 3942">
    <p class='ocr_par' dir='ltr' id='par_1_69' title="bbox 215 3870 1821 3942">
     <span class='ocr_line' id='line_1_69' title="bbox 215 3870 1821 3942; baseline 0.005 -18"><span class='ocrx_word' id='word_1_590' title='bbox 215 3872 318 3926; x_wconf 91' lang='lat' dir='ltr'><strong>ris.</strong></span> <span class='ocrx_word' id='word_1_591' title='bbox 344 3870 569 3941; x_wconf 86' lang='lat' dir='ltr'><strong>Accedit</strong></span> <span class='ocrx_word' id='word_1_592' title='bbox 599 3882 800 3938; x_wconf 88' lang='lat' dir='ltr'><strong>autem,</strong></span> <span class='ocrx_word' id='word_1_593' title='bbox 825 3874 966 3942; x_wconf 92' lang='lat' dir='ltr'><strong>quod</strong></span> <span class='ocrx_word' id='word_1_594' title='bbox 995 3875 1251 3940; x_wconf 90' lang='lat' dir='ltr'><strong>animam,</strong></span> <span class='ocrx_word' id='word_1_595' title='bbox 1287 3875 1388 3931; x_wconf 93' lang='lat' dir='ltr'><strong>hoc</strong></span> <span class='ocrx_word' id='word_1_596' title='bbox 1419 3887 1500 3932; x_wconf 90' lang='lat' dir='ltr'><strong>est</strong></span> <span class='ocrx_word' id='word_1_597' title='bbox 1546 3877 1821 3934; x_wconf 85' lang='lat' dir='ltr'><strong>hominem</strong></span> 
     </span>
    </p>
   </div>
   <div class='ocr_carea' id='block_1_70' title="bbox 215 3962 1640 4034">
    <p class='ocr_par' dir='ltr' id='par_1_70' title="bbox 215 3962 1640 4034">
     <span class='ocr_line' id='line_1_70' title="bbox 215 3962 1640 4034; baseline 0.003 -17"><span class='ocrx_word' id='word_1_598' title='bbox 215 3962 367 4018; x_wconf 92' lang='lat' dir='ltr'><strong>Deus</strong></span> <span class='ocrx_word' id='word_1_599' title='bbox 390 3962 517 4018; x_wconf 83' lang='lat' dir='ltr'><strong>fecit</strong></span> <span class='ocrx_word' id='word_1_600' title='bbox 541 3963 607 4018; x_wconf 89' lang='lat' dir='ltr'><strong>ad</strong></span> <span class='ocrx_word' id='word_1_601' title='bbox 640 3965 926 4034; x_wconf 88' lang='lat' dir='ltr'><strong>imaginem</strong></span> <span class='ocrx_word' id='word_1_602' title='bbox 952 3975 1005 4020; x_wconf 89' lang='lat' dir='ltr'><strong>et</strong></span> <span class='ocrx_word' id='word_1_603' title='bbox 1033 3967 1440 4023; x_wconf 90' lang='lat' dir='ltr'><strong>similitudinem</strong></span> <span class='ocrx_word' id='word_1_604' title='bbox 1469 3983 1640 4023; x_wconf 89' lang='lat' dir='ltr'><strong>suam.</strong></span> 
     </span>
    </p>
   </div>
   <div class='ocr_carea' id='block_1_71' title="bbox 294 4055 1822 4128">
    <p class='ocr_par' dir='ltr' id='par_1_71' title="bbox 294 4055 1822 4128">
     <span class='ocr_line' id='line_1_71' title="bbox 294 4055 1822 4128; baseline 0.004 -17"><span class='ocrx_word' id='word_1_605' title='bbox 294 4055 410 4111; x_wconf 87' lang='lat' dir='ltr'><strong>LX.</strong></span> <span class='ocrx_word' id='word_1_606' title='bbox 436 4055 577 4124; x_wconf 89' lang='lat' dir='ltr'><strong>Quid</strong></span> <span class='ocrx_word' id='word_1_607' title='bbox 604 4072 734 4113; x_wconf 88' lang='lat' dir='ltr'><strong>vero</strong></span> <span class='ocrx_word' id='word_1_608' title='bbox 759 4056 858 4112; x_wconf 90' lang='lat' dir='ltr'><strong>ista</strong></span> <span class='ocrx_word' id='word_1_609' title='bbox 888 4058 1213 4128; x_wconf 75' lang='lat' dir='ltr'><strong>signiﬁcent,</strong></span> <span class='ocrx_word' id='word_1_610' title='bbox 1241 4060 1362 4114; x_wconf 90' lang='lat' dir='ltr'><strong>audi</strong></span> <span class='ocrx_word' id='word_1_611' title='bbox 1395 4070 1453 4115; x_wconf 92' lang='lat' dir='ltr'><strong>ut</strong></span> <span class='ocrx_word' id='word_1_612' title='bbox 1480 4063 1600 4116; x_wconf 90' lang='lat' dir='ltr'><strong>dico</strong></span> <span class='ocrx_word' id='word_1_613' title='bbox 1623 4078 1637 4116; x_wconf 88' lang='lat'><strong>:</strong></span> <span class='ocrx_word' id='word_1_614' title='bbox 1664 4062 1822 4118; x_wconf 90' lang='lat' dir='ltr'><strong>Sum-</strong></span> 
     </span>
    </p>
   </div>
   <div class='ocr_carea' id='block_1_72' title="bbox 210 4151 1819 4230">
    <p class='ocr_par' dir='ltr' id='par_1_72' title="bbox 210 4151 1819 4230">
     <span class='ocr_line' id='line_1_72' title="bbox 210 4151 1819 4230; baseline 0.004 -25"><span class='ocrx_word' id='word_1_615' title='bbox 210 4165 340 4205; x_wconf 92' lang='lat' dir='ltr'><strong>mus</strong></span> <span class='ocrx_word' id='word_1_616' title='bbox 364 4156 480 4206; x_wconf 88' lang='grc' dir='ltr'>νοῦν</span> <span class='ocrx_word' id='word_1_617' title='bbox 514 4192 526 4213; x_wconf 89' lang='grc'><strong><em>.</em></strong></span> <span class='ocrx_word' id='word_1_618' title='bbox 562 4160 615 4206; x_wconf 85' lang='grc' dir='ltr'><strong>ει</strong></span> <span class='ocrx_word' id='word_1_619' title='bbox 647 4151 906 4220; x_wconf 84' lang='lat' dir='ltr'><strong>sapientia</strong></span> <span class='ocrx_word' id='word_1_620' title='bbox 947 4152 1206 4222; x_wconf 83' lang='lat' dir='ltr'><strong>perfecta,</strong></span> <span class='ocrx_word' id='word_1_621' title='bbox 1239 4153 1342 4209; x_wconf 93' lang='lat' dir='ltr'><strong>hoc</strong></span> <span class='ocrx_word' id='word_1_622' title='bbox 1383 4163 1466 4210; x_wconf 90' lang='lat' dir='ltr'><strong>est</strong></span> <span class='ocrx_word' id='word_1_623' title='bbox 1504 4156 1650 4230; x_wconf 73' lang='grc' dir='ltr'>λόγος</span> <span class='ocrx_word' id='word_1_624' title='bbox 1700 4157 1819 4212; x_wconf 85' lang='grc' dir='ltr'>ιιιιί-</span> 
     </span>
    </p>
   </div>
   <div class='ocr_carea' id='block_1_73' title="bbox 212 4243 1823 4314">
    <p class='ocr_par' dir='ltr' id='par_1_73' title="bbox 212 4243 1823 4314">
     <span class='ocr_line' id='line_1_73' title="bbox 212 4243 1823 4314; baseline 0.004 -15"><span class='ocrx_word' id='word_1_625' title='bbox 212 4244 470 4310; x_wconf 89' lang='lat' dir='ltr'><strong>versalis,</strong></span> <span class='ocrx_word' id='word_1_626' title='bbox 504 4243 644 4300; x_wconf 90' lang='lat' dir='ltr'><strong>idem</strong></span> <span class='ocrx_word' id='word_1_627' title='bbox 689 4244 862 4314; x_wconf 91' lang='lat' dir='ltr'><strong>ipsum</strong></span> <span class='ocrx_word' id='word_1_628' title='bbox 892 4245 1035 4300; x_wconf 90' lang='lat' dir='ltr'><strong>enim</strong></span> <span class='ocrx_word' id='word_1_629' title='bbox 1069 4247 1120 4301; x_wconf 93' lang='lat' dir='ltr'><strong>in</strong></span> <span class='ocrx_word' id='word_1_630' title='bbox 1163 4257 1366 4303; x_wconf 86' lang='lat' dir='ltr'><strong>aeterno</strong></span> <span class='ocrx_word' id='word_1_631' title='bbox 1396 4258 1562 4314; x_wconf 88' lang='lat' dir='ltr'><strong>motu,</strong></span> <span class='ocrx_word' id='word_1_632' title='bbox 1595 4249 1823 4305; x_wconf 88' lang='lat' dir='ltr'><strong>circula-</strong></span> 
     </span>
    </p>
   </div>
   <div class='ocr_carea' id='block_1_74' title="bbox 210 4338 1821 4412">
    <p class='ocr_par' dir='ltr' id='par_1_74' title="bbox 210 4338 1821 4412">
     <span class='ocr_line' id='line_1_74' title="bbox 210 4338 1821 4412; baseline 0.005 -20"><span class='ocrx_word' id='word_1_633' title='bbox 210 4338 292 4392; x_wconf 88' lang='lat' dir='ltr'><strong>ris</strong></span> <span class='ocrx_word' id='word_1_634' title='bbox 323 4346 503 4392; x_wconf 93' lang='lat' dir='ltr'><strong>motus</strong></span> <span class='ocrx_word' id='word_1_635' title='bbox 533 4346 647 4392; x_wconf 90' lang='lat' dir='ltr'><strong>erat</strong></span> <span class='ocrx_word' id='word_1_636' title='bbox 679 4353 709 4392; x_wconf 90' lang='lat' dir='ltr'><strong>a</strong></span> <span class='ocrx_word' id='word_1_637' title='bbox 761 4344 958 4412; x_wconf 80' lang='grc' dir='ltr'><strong>σημείῳ</strong></span> <span class='ocrx_word' id='word_1_638' title='bbox 984 4339 1159 4410; x_wconf 88' lang='lat' dir='ltr'><strong>primo</strong></span> <span class='ocrx_word' id='word_1_639' title='bbox 1188 4350 1242 4396; x_wconf 91' lang='lat' dir='ltr'><strong>et</strong></span> <span class='ocrx_word' id='word_1_640' title='bbox 1281 4340 1333 4396; x_wconf 91' lang='lat' dir='ltr'><strong>in</strong></span> <span class='ocrx_word' id='word_1_641' title='bbox 1379 4356 1590 4397; x_wconf 91' lang='lat' dir='ltr'><strong>summo</strong></span> <span class='ocrx_word' id='word_1_642' title='bbox 1620 4345 1821 4400; x_wconf 89' lang='lat' dir='ltr'><strong>vertice</strong></span> 
     </span>
    </p>
   </div>
   <div class='ocr_carea' id='block_1_75' title="bbox 209 4430 1820 4507">
    <p class='ocr_par' dir='ltr' id='par_1_75' title="bbox 209 4430 1820 4507">
     <span class='ocr_line' id='line_1_75' title="bbox 209 4430 1820 4507; baseline 0.004 -23"><span class='ocrx_word' id='word_1_643' title='bbox 209 4430 498 4486; x_wconf 90' lang='lat' dir='ltr'><strong>circularis</strong></span> <span class='ocrx_word' id='word_1_644' title='bbox 549 4430 787 4486; x_wconf 80' lang='lat' dir='ltr'><strong>existens</strong></span> <span class='ocrx_word' id='word_1_645' title='bbox 853 4431 1003 4501; x_wconf 75' lang='lat' dir='ltr'><strong>juxta</strong></span> <span class='ocrx_word' id='word_1_646' title='bbox 1081 4434 1253 4502; x_wconf 89' lang='lat' dir='ltr'><strong>ipsum</strong></span> <span class='ocrx_word' id='word_1_647' title='bbox 1315 4444 1561 4507; x_wconf 82' lang='grc' dir='ltr'><strong>σημεῖον,</strong></span> <span class='ocrx_word' id='word_1_648' title='bbox 1618 4435 1820 4504; x_wconf 78' lang='lat' dir='ltr'><strong>cyclica</strong></span> 
     </span>
    </p>
   </div>
   <div class='ocr_carea' id='block_1_76' title="bbox 210 4523 1816 4596">
    <p class='ocr_par' dir='ltr' id='par_1_76' title="bbox 210 4523 1816 4596">
     <span class='ocr_line' id='line_1_76' title="bbox 210 4523 1816 4596; baseline 0.006 -19"><span class='ocrx_word' id='word_1_649' title='bbox 210 4537 383 4578; x_wconf 88' lang='lat' dir='ltr'><strong>causa</strong></span> <span class='ocrx_word' id='word_1_650' title='bbox 427 4523 854 4593; x_wconf 88' lang='lat' dir='ltr'><strong>inseparabiliter</strong></span> <span class='ocrx_word' id='word_1_651' title='bbox 907 4540 1210 4591; x_wconf 88' lang='lat' dir='ltr'><strong>conversa,</strong></span> <span class='ocrx_word' id='word_1_652' title='bbox 1251 4537 1312 4581; x_wconf 91' lang='lat' dir='ltr'><strong>ut</strong></span> <span class='ocrx_word' id='word_1_653' title='bbox 1363 4543 1392 4582; x_wconf 91' lang='lat' dir='ltr'><strong>a</strong></span> <span class='ocrx_word' id='word_1_654' title='bbox 1435 4529 1611 4596; x_wconf 85' lang='lat' dir='ltr'><strong>Patre,</strong></span> <span class='ocrx_word' id='word_1_655' title='bbox 1659 4538 1715 4585; x_wconf 90' lang='lat' dir='ltr'><strong>et</strong></span> <span class='ocrx_word' id='word_1_656' title='bbox 1766 4531 1816 4586; x_wconf 91' lang='lat' dir='ltr'><strong>in</strong></span> 
     </span>
    </p>
   </div>
   <div class='ocr_carea' id='block_1_77' title="bbox 1929 3321 3524 3393">
    <p class='ocr_par' dir='ltr' id='par_1_77' title="bbox 1929 3321 3524 3393">
     <span class='ocr_line' id='line_1_77' title="bbox 1929 3321 3524 3393; baseline -0.002 -15"><span class='ocrx_word' id='word_1_657' title='bbox 1929 3323 1980 3378; x_wconf 85' lang='lat' dir='ltr'><strong>iu</strong></span> <span class='ocrx_word' id='word_1_658' title='bbox 2011 3324 2266 3380; x_wconf 81' lang='lat' dir='ltr'><strong>inferiora</strong></span> <span class='ocrx_word' id='word_1_659' title='bbox 2301 3323 2540 3393; x_wconf 73' lang='lat' dir='ltr'><strong>respitit,</strong></span> <span class='ocrx_word' id='word_1_660' title='bbox 2569 3339 2690 3378; x_wconf 90' lang='lat' dir='ltr'><strong>cum</strong></span> <span class='ocrx_word' id='word_1_661' title='bbox 2730 3323 2800 3376; x_wconf 89' lang='lat' dir='ltr'><strong>sit</strong></span> <span class='ocrx_word' id='word_1_662' title='bbox 2829 3324 3092 3392; x_wconf 87' lang='lat' dir='ltr'><strong>petulans,</strong></span> <span class='ocrx_word' id='word_1_663' title='bbox 3127 3321 3357 3392; x_wconf 86' lang='lat' dir='ltr'><strong>polentia</strong></span> <span class='ocrx_word' id='word_1_664' title='bbox 3390 3321 3524 3375; x_wconf 74' lang='lat' dir='ltr'><strong>vit-i-</strong></span> 
     </span>
    </p>
   </div>
   <div class='ocr_carea' id='block_1_78' title="bbox 1928 3415 3520 3486">
    <p class='ocr_par' dir='ltr' id='par_1_78' title="bbox 1928 3415 3520 3486">
     <span class='ocr_line' id='line_1_78' title="bbox 1928 3415 3520 3486; baseline -0.001 -13"><span class='ocrx_word' id='word_1_665' title='bbox 1928 3417 2126 3473; x_wconf 78' lang='lat' dir='ltr'><strong>Iicandi</strong></span> <span class='ocrx_word' id='word_1_666' title='bbox 2146 3417 2221 3484; x_wconf 87' lang='lat' dir='ltr'><strong>lit,</strong></span> <span class='ocrx_word' id='word_1_667' title='bbox 2244 3417 2424 3472; x_wconf 81' lang='lat' dir='ltr'><strong>vivere</strong></span> <span class='ocrx_word' id='word_1_668' title='bbox 2454 3432 2570 3486; x_wconf 84' lang='lat' dir='ltr'><strong>qmc</strong></span> <span class='ocrx_word' id='word_1_669' title='bbox 2589 3416 2746 3471; x_wconf 79' lang='lat' dir='ltr'><strong>faciet</strong></span> <span class='ocrx_word' id='word_1_670' title='bbox 2773 3416 2826 3470; x_wconf 87' lang='lat' dir='ltr'><strong>in</strong></span> <span class='ocrx_word' id='word_1_671' title='bbox 2852 3417 3128 3482; x_wconf 88' lang='lat' dir='ltr'><strong>tmmdum,</strong></span> <span class='ocrx_word' id='word_1_672' title='bbox 3157 3425 3210 3470; x_wconf 89' lang='lat' dir='ltr'><strong>et</strong></span> <span class='ocrx_word' id='word_1_673' title='bbox 3234 3431 3294 3470; x_wconf 91' lang='lat' dir='ltr'><strong>ea</strong></span> <span class='ocrx_word' id='word_1_674' title='bbox 3323 3431 3440 3485; x_wconf 72' lang='lat' dir='ltr'><strong>quae</strong></span> <span class='ocrx_word' id='word_1_675' title='bbox 3468 3415 3520 3472; x_wconf 87' lang='lat' dir='ltr'><strong>in</strong></span> 
     </span>
    </p>
   </div>
   <div class='ocr_carea' id='block_1_79' title="bbox 1927 3507 3521 3581">
    <p class='ocr_par' dir='ltr' id='par_1_79' title="bbox 1927 3507 3521 3581">
     <span class='ocr_line' id='line_1_79' title="bbox 1927 3507 3521 3581; baseline -0.003 -15"><span class='ocrx_word' id='word_1_676' title='bbox 1927 3511 2128 3566; x_wconf 88' lang='lat' dir='ltr'><strong>mundo</strong></span> <span class='ocrx_word' id='word_1_677' title='bbox 2146 3526 2314 3581; x_wconf 79' lang='lat' dir='ltr'><strong>uSque</strong></span> <span class='ocrx_word' id='word_1_678' title='bbox 2325 3509 2389 3564; x_wconf 91' lang='lat' dir='ltr'><strong>ad</strong></span> <span class='ocrx_word' id='word_1_679' title='bbox 2406 3508 2635 3580; x_wconf 87' lang='lat' dir='ltr'><strong>lapidem</strong></span> <span class='ocrx_word' id='word_1_680' title='bbox 2657 3509 2885 3579; x_wconf 88' lang='lat' dir='ltr'><strong>lapidum</strong></span> <span class='ocrx_word' id='word_1_681' title='bbox 2905 3524 3075 3574; x_wconf 88' lang='lat' dir='ltr'><strong>more,</strong></span> <span class='ocrx_word' id='word_1_682' title='bbox 3095 3507 3206 3577; x_wconf 90' lang='lat' dir='ltr'><strong>ipsa</strong></span> <span class='ocrx_word' id='word_1_683' title='bbox 3222 3507 3382 3562; x_wconf 88' lang='lat' dir='ltr'><strong>etiam</strong></span> <span class='ocrx_word' id='word_1_684' title='bbox 3399 3522 3521 3562; x_wconf 78' lang='lat' dir='ltr'><strong>rum</strong></span> 
     </span>
    </p>
   </div>
   <div class='ocr_carea' id='block_1_80' title="bbox 1923 3601 3522 3679">
    <p class='ocr_par' dir='ltr' id='par_1_80' title="bbox 1923 3601 3522 3679">
     <span class='ocr_line' id='line_1_80' title="bbox 1923 3601 3522 3679; baseline -0.002 -21"><span class='ocrx_word' id='word_1_685' title='bbox 1923 3613 1994 3679; x_wconf 92' lang='grc' dir='ltr'><strong>νῷ</strong></span> <span class='ocrx_word' id='word_1_686' title='bbox 2022 3605 2176 3660; x_wconf 78' lang='lat' dir='ltr'><strong>facta.</strong></span> <span class='ocrx_word' id='word_1_687' title='bbox 2235 3603 2443 3659; x_wconf 83' lang='lat' dir='ltr'><strong>Etenim</strong></span> <span class='ocrx_word' id='word_1_688' title='bbox 2475 3619 2597 3659; x_wconf 93' lang='lat' dir='ltr'><strong>cum</strong></span> <span class='ocrx_word' id='word_1_689' title='bbox 2648 3602 2886 3673; x_wconf 88' lang='lat' dir='ltr'><strong>quidem,</strong></span> <span class='ocrx_word' id='word_1_690' title='bbox 2917 3603 3057 3676; x_wconf 72' lang='grc' dir='ltr'>λόγος</span> <span class='ocrx_word' id='word_1_691' title='bbox 3087 3601 3154 3655; x_wconf 79' lang='lat' dir='ltr'><strong>sit</strong></span> <span class='ocrx_word' id='word_1_692' title='bbox 3185 3601 3384 3666; x_wconf 88' lang='lat' dir='ltr'><strong>anima,</strong></span> <span class='ocrx_word' id='word_1_693' title='bbox 3416 3616 3522 3656; x_wconf 92' lang='lat' dir='ltr'><strong>nou</strong></span> 
     </span>
    </p>
   </div>
   <div class='ocr_carea' id='block_1_81' title="bbox 1924 3691 3524 3771">
    <p class='ocr_par' dir='ltr' id='par_1_81' title="bbox 1924 3691 3524 3771">
     <span class='ocr_line' id='line_1_81' title="bbox 1924 3691 3524 3771; baseline -0.004 -19"><span class='ocrx_word' id='word_1_694' title='bbox 1924 3697 2068 3771; x_wconf 79' lang='grc' dir='ltr'>λόγος</span> <span class='ocrx_word' id='word_1_695' title='bbox 2098 3713 2111 3750; x_wconf 90' lang='lat'><strong>:</strong></span> <span class='ocrx_word' id='word_1_696' title='bbox 2144 3711 2372 3765; x_wconf 89' lang='lat' dir='ltr'><strong>cumque</strong></span> <span class='ocrx_word' id='word_1_697' title='bbox 2415 3694 2467 3749; x_wconf 91' lang='lat' dir='ltr'><strong>in</strong></span> <span class='ocrx_word' id='word_1_698' title='bbox 2496 3694 2730 3749; x_wconf 89' lang='lat' dir='ltr'><strong>medium</strong></span> <span class='ocrx_word' id='word_1_699' title='bbox 2778 3693 3084 3762; x_wconf 72' lang='lat' dir='ltr'><strong>spirituum,</strong></span> <span class='ocrx_word' id='word_1_700' title='bbox 3117 3702 3171 3747; x_wconf 91' lang='lat' dir='ltr'><strong>et</strong></span> <span class='ocrx_word' id='word_1_701' title='bbox 3214 3691 3524 3762; x_wconf 75' lang='lat' dir='ltr'><strong>intelligibi-</strong></span> 
     </span>
    </p>
   </div>
   <div class='ocr_carea' id='block_1_82' title="bbox 1925 3785 3513 3860">
    <p class='ocr_par' dir='ltr' id='par_1_82' title="bbox 1925 3785 3513 3860">
     <span class='ocr_line' id='line_1_82' title="bbox 1925 3785 3513 3860; baseline -0.004 -18"><span class='ocrx_word' id='word_1_702' title='bbox 1925 3789 2054 3844; x_wconf 90' lang='lat' dir='ltr'><strong>lium</strong></span> <span class='ocrx_word' id='word_1_703' title='bbox 2080 3831 2094 3854; x_wconf 91' lang='lat'><strong>,</strong></span> <span class='ocrx_word' id='word_1_704' title='bbox 2127 3797 2182 3843; x_wconf 92' lang='lat' dir='ltr'><strong>et</strong></span> <span class='ocrx_word' id='word_1_705' title='bbox 2207 3798 2298 3848; x_wconf 79' lang='grc' dir='ltr'>τῆς</span> <span class='ocrx_word' id='word_1_706' title='bbox 2320 3788 2442 3848; x_wconf 79' lang='grc' dir='ltr'>ὕλης</span> <span class='ocrx_word' id='word_1_707' title='bbox 2486 3785 2700 3856; x_wconf 79' lang='lat' dir='ltr'><strong>proprio</strong></span> <span class='ocrx_word' id='word_1_708' title='bbox 2743 3795 2810 3860; x_wconf 88' lang='grc' dir='ltr'><strong>νῷ</strong></span> <span class='ocrx_word' id='word_1_709' title='bbox 2854 3785 2920 3840; x_wconf 90' lang='lat' dir='ltr'><strong>ad</strong></span> <span class='ocrx_word' id='word_1_710' title='bbox 2963 3795 3187 3854; x_wconf 88' lang='lat' dir='ltr'><strong>utraque</strong></span> <span class='ocrx_word' id='word_1_711' title='bbox 3233 3799 3513 3850; x_wconf 89' lang='lat' dir='ltr'><strong>conversa,</strong></span> 
     </span>
    </p>
   </div>
   <div class='ocr_carea' id='block_1_83' title="bbox 1925 3874 3518 3948">
    <p class='ocr_par' dir='ltr' id='par_1_83' title="bbox 1925 3874 3518 3948">
     <span class='ocr_line' id='line_1_83' title="bbox 1925 3874 3518 3948; baseline -0.003 -15"><span class='ocrx_word' id='word_1_712' title='bbox 1925 3890 2017 3934; x_wconf 90' lang='lat' dir='ltr'><strong>aut</strong></span> <span class='ocrx_word' id='word_1_713' title='bbox 2059 3877 2237 3933; x_wconf 69' lang='lat' dir='ltr'><strong>divina</strong></span> <span class='ocrx_word' id='word_1_714' title='bbox 2269 3878 2348 3940; x_wconf 84' lang='lat' dir='ltr'><strong>Iit,</strong></span> <span class='ocrx_word' id='word_1_715' title='bbox 2398 3885 2491 3931; x_wconf 89' lang='lat' dir='ltr'><strong>aut</strong></span> <span class='ocrx_word' id='word_1_716' title='bbox 2528 3877 2901 3948; x_wconf 85' lang='lat' dir='ltr'><strong>incorporatur</strong></span> <span class='ocrx_word' id='word_1_717' title='bbox 2934 3894 2947 3930; x_wconf 92' lang='lat'><strong>:</strong></span> <span class='ocrx_word' id='word_1_718' title='bbox 2978 3875 3044 3930; x_wconf 88' lang='lat' dir='ltr'><strong>ad</strong></span> <span class='ocrx_word' id='word_1_719' title='bbox 3107 3874 3518 3946; x_wconf 82' lang='lat' dir='ltr'><strong>intelligentiun</strong></span> 
     </span>
    </p>
   </div>
   <div class='ocr_carea' id='block_1_84' title="bbox 1924 3966 3522 4039">
    <p class='ocr_par' dir='ltr' id='par_1_84' title="bbox 1924 3966 3522 4039">
     <span class='ocr_line' id='line_1_84' title="bbox 1924 3966 3522 4039; baseline -0.003 -12"><span class='ocrx_word' id='word_1_720' title='bbox 1924 3971 2122 4027; x_wconf 89' lang='lat' dir='ltr'><strong>etenim</strong></span> <span class='ocrx_word' id='word_1_721' title='bbox 2167 3986 2277 4026; x_wconf 64' lang='lat' dir='ltr'><strong>suae</strong></span> <span class='ocrx_word' id='word_1_722' title='bbox 2311 3968 2540 4026; x_wconf 69' lang='lat' dir='ltr'><strong>licentiae</strong></span> <span class='ocrx_word' id='word_1_723' title='bbox 2580 3980 2684 4037; x_wconf 89' lang='lat' dir='ltr'><strong>est,</strong></span> <span class='ocrx_word' id='word_1_724' title='bbox 2712 3978 2768 4024; x_wconf 89' lang='lat' dir='ltr'><strong>et</strong></span> <span class='ocrx_word' id='word_1_725' title='bbox 2816 3967 3114 4039; x_wconf 73' lang='lat' dir='ltr'><strong>privatione</strong></span> <span class='ocrx_word' id='word_1_726' title='bbox 3146 3967 3256 4022; x_wconf 83' lang='lat' dir='ltr'><strong>veri</strong></span> <span class='ocrx_word' id='word_1_727' title='bbox 3305 3966 3522 4022; x_wconf 89' lang='lat' dir='ltr'><strong>luminis</strong></span> 
     </span>
    </p>
   </div>
   <div class='ocr_carea' id='block_1_85' title="bbox 1923 4060 3520 4134">
    <p class='ocr_par' dir='ltr' id='par_1_85' title="bbox 1923 4060 3520 4134">
     <span class='ocr_line' id='line_1_85' title="bbox 1923 4060 3520 4134; baseline -0.005 -15"><span class='ocrx_word' id='word_1_728' title='bbox 1923 4073 2147 4134; x_wconf 88' lang='lat' dir='ltr'><strong>propter</strong></span> <span class='ocrx_word' id='word_1_729' title='bbox 2174 4062 2461 4118; x_wconf 84' lang='lat' dir='ltr'><strong>scintillam</strong></span> <span class='ocrx_word' id='word_1_730' title='bbox 2491 4072 2704 4117; x_wconf 91' lang='lat' dir='ltr'><strong>tenuem</strong></span> <span class='ocrx_word' id='word_1_731' title='bbox 2729 4060 2931 4131; x_wconf 80' lang='lat' dir='ltr'><strong>pr0piii</strong></span> <span class='ocrx_word' id='word_1_732' title='bbox 2959 4067 3051 4115; x_wconf 86' lang='grc' dir='ltr'><strong>τοῦ</strong></span> <span class='ocrx_word' id='word_1_733' title='bbox 3066 4066 3152 4114; x_wconf 88' lang='grc' dir='ltr'><strong>νοῦ</strong></span> <span class='ocrx_word' id='word_1_734' title='bbox 3180 4075 3391 4113; x_wconf 89' lang='lat' dir='ltr'><strong>rursum</strong></span> <span class='ocrx_word' id='word_1_735' title='bbox 3422 4073 3520 4112; x_wconf 85' lang='lat' dir='ltr'><strong>vo-</strong></span> 
     </span>
    </p>
   </div>
   <div class='ocr_carea' id='block_1_86' title="bbox 1927 4150 3521 4226">
    <p class='ocr_par' dir='ltr' id='par_1_86' title="bbox 1927 4150 3521 4226">
     <span class='ocr_line' id='line_1_86' title="bbox 1927 4150 3521 4226; baseline -0.005 -13"><span class='ocrx_word' id='word_1_736' title='bbox 1927 4166 2115 4222; x_wconf 87' lang='lat' dir='ltr'><strong>catur;</strong></span> <span class='ocrx_word' id='word_1_737' title='bbox 2144 4155 2396 4226; x_wconf 88' lang='lat' dir='ltr'><strong>quouiam</strong></span> <span class='ocrx_word' id='word_1_738' title='bbox 2442 4153 2658 4224; x_wconf 84' lang='lat' dir='ltr'><strong>quidem</strong></span> <span class='ocrx_word' id='word_1_739' title='bbox 2705 4154 2878 4207; x_wconf 89' lang='lat' dir='ltr'><strong>solum</strong></span> <span class='ocrx_word' id='word_1_740' title='bbox 2909 4163 3012 4217; x_wconf 92' lang='lat' dir='ltr'><strong>est,</strong></span> <span class='ocrx_word' id='word_1_741' title='bbox 3045 4150 3317 4206; x_wconf 86' lang='lat' dir='ltr'><strong>tenebrata</strong></span> <span class='ocrx_word' id='word_1_742' title='bbox 3343 4162 3521 4205; x_wconf 87' lang='lat' dir='ltr'><strong>autent</strong></span> 
     </span>
    </p>
   </div>
   <div class='ocr_carea' id='block_1_87' title="bbox 1923 4243 3524 4312">
    <p class='ocr_par' dir='ltr' id='par_1_87' title="bbox 1923 4243 3524 4312">
     <span class='ocr_line' id='line_1_87' title="bbox 1923 4243 3524 4312; baseline -0.005 -8"><span class='ocrx_word' id='word_1_743' title='bbox 1923 4249 2176 4304; x_wconf 89' lang='lat' dir='ltr'><strong>deorsum</strong></span> <span class='ocrx_word' id='word_1_744' title='bbox 2200 4247 2420 4302; x_wconf 89' lang='lat' dir='ltr'><strong>dicitur.</strong></span> <span class='ocrx_word' id='word_1_745' title='bbox 2455 4245 2664 4302; x_wconf 88' lang='lat' dir='ltr'><strong>Etenim</strong></span> <span class='ocrx_word' id='word_1_746' title='bbox 2697 4244 3035 4301; x_wconf 89' lang='lat' dir='ltr'><strong>summitates</strong></span> <span class='ocrx_word' id='word_1_747' title='bbox 3072 4253 3164 4306; x_wconf 81' lang='grc' dir='ltr'><strong>τῆς</strong></span> <span class='ocrx_word' id='word_1_748' title='bbox 3189 4244 3310 4305; x_wconf 77' lang='grc' dir='ltr'>ὕλης</span> <span class='ocrx_word' id='word_1_749' title='bbox 3343 4243 3524 4312; x_wconf 90' lang='lat' dir='ltr'><strong>purio-</strong></span> 
     </span>
    </p>
   </div>
   <div class='ocr_carea' id='block_1_88' title="bbox 1921 4337 3522 4405">
    <p class='ocr_par' dir='ltr' id='par_1_88' title="bbox 1921 4337 3522 4405">
     <span class='ocr_line' id='line_1_88' title="bbox 1921 4337 3522 4405; baseline -0.004 -6"><span class='ocrx_word' id='word_1_750' title='bbox 1921 4358 2009 4399; x_wconf 87' lang='lat' dir='ltr'><strong>res</strong></span> <span class='ocrx_word' id='word_1_751' title='bbox 2034 4341 2310 4398; x_wconf 87' lang='lat' dir='ltr'><strong>animandi</strong></span> <span class='ocrx_word' id='word_1_752' title='bbox 2352 4340 2458 4396; x_wconf 87' lang='lat' dir='ltr'><strong>vim</strong></span> <span class='ocrx_word' id='word_1_753' title='bbox 2490 4341 2774 4405; x_wconf 89' lang='lat' dir='ltr'><strong>habentes,</strong></span> <span class='ocrx_word' id='word_1_754' title='bbox 2803 4353 2960 4393; x_wconf 86' lang='lat' dir='ltr'><strong>causa</strong></span> <span class='ocrx_word' id='word_1_755' title='bbox 3003 4347 3128 4392; x_wconf 90' lang='lat' dir='ltr'><strong>sunt</strong></span> <span class='ocrx_word' id='word_1_756' title='bbox 3157 4337 3348 4392; x_wconf 87' lang='lat' dir='ltr'><strong>lumini</strong></span> <span class='ocrx_word' id='word_1_757' title='bbox 3378 4337 3522 4393; x_wconf 84' lang='lat' dir='ltr'><strong>velut</strong></span> 
     </span>
    </p>
   </div>
   <div class='ocr_carea' id='block_1_89' title="bbox 1922 4425 3521 4500">
    <p class='ocr_par' dir='ltr' id='par_1_89' title="bbox 1922 4425 3521 4500">
     <span class='ocr_line' id='line_1_89' title="bbox 1922 4425 3521 4500; baseline -0.005 -10"><span class='ocrx_word' id='word_1_758' title='bbox 1922 4436 1975 4491; x_wconf 91' lang='lat' dir='ltr'><strong>in</strong></span> <span class='ocrx_word' id='word_1_759' title='bbox 2004 4449 2097 4490; x_wconf 88' lang='lat' dir='ltr'><strong>sua</strong></span> <span class='ocrx_word' id='word_1_760' title='bbox 2124 4431 2498 4488; x_wconf 89' lang='lat' dir='ltr'><strong>descenderet.</strong></span> <span class='ocrx_word' id='word_1_761' title='bbox 2530 4431 2711 4500; x_wconf 73' lang='lat' dir='ltr'><strong>Quare</strong></span> <span class='ocrx_word' id='word_1_762' title='bbox 2745 4429 2887 4485; x_wconf 89' lang='lat' dir='ltr'><strong>enim</strong></span> <span class='ocrx_word' id='word_1_763' title='bbox 2929 4428 3130 4484; x_wconf 90' lang='lat' dir='ltr'><strong>dictum</strong></span> <span class='ocrx_word' id='word_1_764' title='bbox 3160 4438 3241 4483; x_wconf 90' lang='lat' dir='ltr'><strong>est</strong></span> <span class='ocrx_word' id='word_1_765' title='bbox 3276 4445 3288 4481; x_wconf 92' lang='lat'>:</span> <span class='ocrx_word' id='word_1_766' title='bbox 3319 4437 3372 4482; x_wconf 90' lang='lat' dir='ltr'><strong>et</strong></span> <span class='ocrx_word' id='word_1_767' title='bbox 3420 4425 3521 4482; x_wconf 68' lang='lat' dir='ltr'><strong>ista</strong></span> 
     </span>
    </p>
   </div>
   <div class='ocr_carea' id='block_1_90' title="bbox 1923 4518 3522 4594">
    <p class='ocr_par' dir='ltr' id='par_1_90' title="bbox 1923 4518 3522 4594">
     <span class='ocr_line' id='line_1_90' title="bbox 1923 4518 3522 4594; baseline -0.006 -11"><span class='ocrx_word' id='word_1_768' title='bbox 1923 4526 2207 4592; x_wconf 88' lang='lat' dir='ltr'><strong>discernit,</strong></span> <span class='ocrx_word' id='word_1_769' title='bbox 2242 4524 2372 4580; x_wconf 80' lang='lat' dir='ltr'><strong>dicit</strong></span> <span class='ocrx_word' id='word_1_770' title='bbox 2404 4523 2620 4594; x_wconf 82' lang='lat' dir='ltr'><strong>aliquis,</strong></span> <span class='ocrx_word' id='word_1_771' title='bbox 2645 4522 2694 4578; x_wconf 88' lang='lat' dir='ltr'><strong>si</strong></span> <span class='ocrx_word' id='word_1_772' title='bbox 2735 4523 2855 4577; x_wconf 87' lang='lat' dir='ltr'><strong>talis</strong></span> <span class='ocrx_word' id='word_1_773' title='bbox 2885 4531 2966 4577; x_wconf 88' lang='lat' dir='ltr'><strong>est</strong></span> <span class='ocrx_word' id='word_1_774' title='bbox 3012 4521 3208 4576; x_wconf 87' lang='lat' dir='ltr'><strong>anima.</strong></span> <span class='ocrx_word' id='word_1_775' title='bbox 3242 4518 3522 4588; x_wconf 86' lang='lat' dir='ltr'><strong>Quomodo</strong></span> 
     </span>
    </p>
   </div>
   <div class='ocr_carea' id='block_1_91' title="bbox 210 4598 3520 4690">
    <p class='ocr_par' dir='ltr' id='par_1_91' title="bbox 210 4598 3520 4690">
     <span class='ocr_line' id='line_1_91' title="bbox 210 4598 3520 4690; baseline -0.002 -19"><span class='ocrx_word' id='word_1_776' title='bbox 210 4615 460 4682; x_wconf 87' lang='lat' dir='ltr'><strong>Patrem,</strong></span> <span class='ocrx_word' id='word_1_777' title='bbox 483 4631 604 4671; x_wconf 91' lang='lat' dir='ltr'><strong>cum</strong></span> <span class='ocrx_word' id='word_1_778' title='bbox 626 4615 787 4671; x_wconf 90' lang='lat' dir='ltr'><strong>Patre</strong></span> <span class='ocrx_word' id='word_1_779' title='bbox 807 4617 1064 4679; x_wconf 74' lang='lat' dir='ltr'><strong>existens.</strong></span> <span class='ocrx_word' id='word_1_780' title='bbox 1083 4618 1358 4684; x_wconf 90' lang='lat' dir='ltr'><strong>incedens,</strong></span> <span class='ocrx_word' id='word_1_781' title='bbox 1378 4620 1536 4675; x_wconf 90' lang='lat' dir='ltr'><strong>simul</strong></span> <span class='ocrx_word' id='word_1_782' title='bbox 1558 4623 1810 4690; x_wconf 80' lang='lat' dir='ltr'><strong>existens,</strong></span> <span class='ocrx_word' id='word_1_783' title='bbox 1845 4598 1898 4658; x_wconf 84' lang='lat' dir='ltr'><strong>D</strong></span> <span class='ocrx_word' id='word_1_784' title='bbox 1922 4621 2121 4677; x_wconf 93' lang='lat' dir='ltr'><strong>dictum</strong></span> <span class='ocrx_word' id='word_1_785' title='bbox 2152 4629 2234 4675; x_wconf 90' lang='lat' dir='ltr'><strong>est</strong></span> <span class='ocrx_word' id='word_1_786' title='bbox 2261 4638 2275 4674; x_wconf 90' lang='lat'><strong>:</strong></span> <span class='ocrx_word' id='word_1_787' title='bbox 2308 4615 2585 4670; x_wconf 85' lang='lat' dir='ltr'><strong>Faciamus</strong></span> <span class='ocrx_word' id='word_1_788' title='bbox 2613 4616 2866 4668; x_wconf 80' lang='lat' dir='ltr'><strong>hominem</strong></span> <span class='ocrx_word' id='word_1_789' title='bbox 2895 4617 3050 4687; x_wconf 76' lang='lat' dir='ltr'><strong>juxta</strong></span> <span class='ocrx_word' id='word_1_790' title='bbox 3079 4614 3350 4683; x_wconf 83' lang='lat' dir='ltr'><strong>imaginem</strong></span> <span class='ocrx_word' id='word_1_791' title='bbox 3376 4623 3420 4666; x_wconf 85' lang='lat' dir='ltr'><strong>et</strong></span> <span class='ocrx_word' id='word_1_792' title='bbox 3447 4611 3520 4664; x_wconf 85' lang='lat' dir='ltr'><strong>si-</strong></span> 
     </span>
    </p>
   </div>
   <div class='ocr_carea' id='block_1_92' title="bbox 211 4707 1815 4772">
    <p class='ocr_par' dir='ltr' id='par_1_92' title="bbox 211 4707 1815 4772">
     <span class='ocr_line' id='line_1_92' title="bbox 211 4707 1815 4772; baseline 0.004 -8"><span class='ocrx_word' id='word_1_793' title='bbox 211 4717 272 4764; x_wconf 85' lang='lat' dir='ltr'><strong>et</strong></span> <span class='ocrx_word' id='word_1_794' title='bbox 300 4708 358 4762; x_wconf 92' lang='lat' dir='ltr'><strong>in</strong></span> <span class='ocrx_word' id='word_1_795' title='bbox 389 4707 548 4764; x_wconf 89' lang='lat' dir='ltr'><strong>Patre</strong></span> <span class='ocrx_word' id='word_1_796' title='bbox 569 4717 685 4763; x_wconf 90' lang='lat' dir='ltr'><strong>erat</strong></span> <span class='ocrx_word' id='word_1_797' title='bbox 711 4707 901 4772; x_wconf 87' lang='lat' dir='ltr'><strong>Filius,</strong></span> <span class='ocrx_word' id='word_1_798' title='bbox 925 4718 978 4763; x_wconf 88' lang='lat' dir='ltr'><strong>et</strong></span> <span class='ocrx_word' id='word_1_799' title='bbox 1007 4710 1056 4762; x_wconf 90' lang='lat' dir='ltr'><strong>in</strong></span> <span class='ocrx_word' id='word_1_800' title='bbox 1090 4709 1227 4764; x_wconf 87' lang='lat' dir='ltr'><strong>Filio</strong></span> <span class='ocrx_word' id='word_1_801' title='bbox 1247 4711 1425 4766; x_wconf 90' lang='lat' dir='ltr'><strong>Pater.</strong></span> <span class='ocrx_word' id='word_1_802' title='bbox 1460 4713 1635 4768; x_wconf 90' lang='lat' dir='ltr'><strong>Prima</strong></span> <span class='ocrx_word' id='word_1_803' title='bbox 1685 4715 1815 4770; x_wconf 87' lang='lat' dir='ltr'><strong>sub-</strong></span> 
     </span>
    </p>
   </div>
   <div class='ocr_carea' id='block_1_93' title="bbox 209 4799 1820 4876">
    <p class='ocr_par' dir='ltr' id='par_1_93' title="bbox 209 4799 1820 4876">
     <span class='ocr_line' id='line_1_93' title="bbox 209 4799 1820 4876; baseline 0.004 -22"><span class='ocrx_word' id='word_1_804' title='bbox 209 4799 444 4864; x_wconf 85' lang='lat' dir='ltr'><strong>stantia,</strong></span> <span class='ocrx_word' id='word_1_805' title='bbox 489 4811 543 4855; x_wconf 90' lang='lat' dir='ltr'><strong>et</strong></span> <span class='ocrx_word' id='word_1_806' title='bbox 598 4800 649 4855; x_wconf 92' lang='lat' dir='ltr'><strong>in</strong></span> <span class='ocrx_word' id='word_1_807' title='bbox 705 4799 1002 4855; x_wconf 88' lang='lat' dir='ltr'><strong>substantia</strong></span> <span class='ocrx_word' id='word_1_808' title='bbox 1039 4801 1149 4870; x_wconf 91' lang='lat' dir='ltr'><strong>jam</strong></span> <span class='ocrx_word' id='word_1_809' title='bbox 1199 4803 1515 4872; x_wconf 87' lang='lat' dir='ltr'><strong>substantia,</strong></span> <span class='ocrx_word' id='word_1_810' title='bbox 1563 4807 1820 4876; x_wconf 88' lang='lat' dir='ltr'><strong>spiritalis</strong></span> 
     </span>
    </p>
   </div>
   <div class='ocr_carea' id='block_1_94' title="bbox 209 4890 1822 4962">
    <p class='ocr_par' dir='ltr' id='par_1_94' title="bbox 209 4890 1822 4962">
     <span class='ocr_line' id='line_1_94' title="bbox 209 4890 1822 4962; baseline 0.004 -17"><span class='ocrx_word' id='word_1_811' title='bbox 209 4890 522 4945; x_wconf 88' lang='lat' dir='ltr'><strong>substantia</strong></span> <span class='ocrx_word' id='word_1_812' title='bbox 549 4891 844 4947; x_wconf 90' lang='lat' dir='ltr'><strong>secundum</strong></span> <span class='ocrx_word' id='word_1_813' title='bbox 875 4895 1328 4962; x_wconf 66' lang='lat' dir='ltr'><strong>vosv,geiterati-ix</strong></span> <span class='ocrx_word' id='word_1_814' title='bbox 1348 4907 1399 4950; x_wconf 91' lang='lat' dir='ltr'><strong>et</strong></span> <span class='ocrx_word' id='word_1_815' title='bbox 1425 4896 1663 4952; x_wconf 79' lang='lat' dir='ltr'><strong>effectrix</strong></span> <span class='ocrx_word' id='word_1_816' title='bbox 1694 4900 1822 4952; x_wconf 92' lang='lat' dir='ltr'><strong>sub-</strong></span> 
     </span>
    </p>
   </div>
   <div class='ocr_carea' id='block_1_95' title="bbox 210 4981 1822 5058">
    <p class='ocr_par' dir='ltr' id='par_1_95' title="bbox 210 4981 1822 5058">
     <span class='ocr_line' id='line_1_95' title="bbox 210 4981 1822 5058; baseline 0.006 -23"><span class='ocrx_word' id='word_1_817' title='bbox 210 4981 448 5045; x_wconf 87' lang='lat' dir='ltr'><strong>stantia,</strong></span> <span class='ocrx_word' id='word_1_818' title='bbox 483 4981 915 5054; x_wconf 61' lang='lat' dir='ltr'><strong>praeprincipium</strong></span> <span class='ocrx_word' id='word_1_819' title='bbox 951 4986 1215 5041; x_wconf 72' lang='lat' dir='ltr'><strong>universa:</strong></span> <span class='ocrx_word' id='word_1_820' title='bbox 1263 4988 1628 5058; x_wconf 82' lang='lat' dir='ltr'><strong>intelligibilis,</strong></span> <span class='ocrx_word' id='word_1_821' title='bbox 1659 4993 1710 5045; x_wconf 88' lang='lat' dir='ltr'><strong>et</strong></span> <span class='ocrx_word' id='word_1_822' title='bbox 1742 4991 1822 5044; x_wconf 86' lang='lat' dir='ltr'><strong>in—</strong></span> 
     </span>
    </p>
   </div>
   <div class='ocr_carea' id='block_1_96' title="bbox 216 5074 1826 5150">
    <p class='ocr_par' dir='ltr' id='par_1_96' title="bbox 216 5074 1826 5150">
     <span class='ocr_line' id='line_1_96' title="bbox 216 5074 1826 5150; baseline 0.006 -20"><span class='ocrx_word' id='word_1_823' title='bbox 216 5074 558 5130; x_wconf 85' lang='lat' dir='ltr'><strong>tellectualis</strong></span> <span class='ocrx_word' id='word_1_824' title='bbox 587 5086 638 5130; x_wconf 89' lang='lat' dir='ltr'><strong>et</strong></span> <span class='ocrx_word' id='word_1_825' title='bbox 663 5077 877 5142; x_wconf 67' lang='lat' dir='ltr'><strong>animae,</strong></span> <span class='ocrx_word' id='word_1_826' title='bbox 907 5089 962 5134; x_wconf 92' lang='lat' dir='ltr'><strong>et</strong></span> <span class='ocrx_word' id='word_1_827' title='bbox 1001 5079 1191 5150; x_wconf 75' lang='lat' dir='ltr'><strong>liylica:</strong></span> <span class='ocrx_word' id='word_1_828' title='bbox 1217 5081 1486 5137; x_wconf 63' lang='lat' dir='ltr'><strong>universae</strong></span> <span class='ocrx_word' id='word_1_829' title='bbox 1515 5083 1826 5140; x_wconf 69' lang='lat' dir='ltr'><strong>substantiae</strong></span> 
     </span>
    </p>
   </div>
   <div class='ocr_carea' id='block_1_97' title="bbox 212 5168 1826 5243">
    <p class='ocr_par' dir='ltr' id='par_1_97' title="bbox 212 5168 1826 5243">
     <span class='ocr_line' id='line_1_97' title="bbox 212 5168 1826 5243; baseline 0.006 -20"><span class='ocrx_word' id='word_1_830' title='bbox 212 5168 275 5223; x_wconf 90' lang='lat' dir='ltr'><strong>in</strong></span> <span class='ocrx_word' id='word_1_831' title='bbox 309 5168 455 5240; x_wconf 87' lang='lat' dir='ltr'><strong>hyle.</strong></span> <span class='ocrx_word' id='word_1_832' title='bbox 487 5169 540 5225; x_wconf 92' lang='lat' dir='ltr'><strong>Si</strong></span> <span class='ocrx_word' id='word_1_833' title='bbox 575 5170 734 5240; x_wconf 84' lang='lat' dir='ltr'><strong>igitur</strong></span> <span class='ocrx_word' id='word_1_834' title='bbox 765 5175 932 5238; x_wconf 88' lang='lat' dir='ltr'><strong>prima</strong></span> <span class='ocrx_word' id='word_1_835' title='bbox 981 5173 1170 5240; x_wconf 86' lang='lat' dir='ltr'><strong>motio,</strong></span> <span class='ocrx_word' id='word_1_836' title='bbox 1213 5175 1340 5239; x_wconf 82' lang='lat' dir='ltr'><strong>vita,</strong></span> <span class='ocrx_word' id='word_1_837' title='bbox 1373 5175 1606 5243; x_wconf 88' lang='lat' dir='ltr'><strong>inquam,</strong></span> <span class='ocrx_word' id='word_1_838' title='bbox 1640 5189 1689 5231; x_wconf 90' lang='lat' dir='ltr'><strong>et</strong></span> <span class='ocrx_word' id='word_1_839' title='bbox 1743 5176 1826 5232; x_wconf 84' lang='lat' dir='ltr'><strong>in-</strong></span> 
     </span>
    </p>
   </div>
   <div class='ocr_carea' id='block_1_98' title="bbox 212 5260 1818 5334">
    <p class='ocr_par' dir='ltr' id='par_1_98' title="bbox 212 5260 1818 5334">
     <span class='ocr_line' id='line_1_98' title="bbox 212 5260 1818 5334; baseline 0.006 -19"><span class='ocrx_word' id='word_1_840' title='bbox 212 5260 522 5332; x_wconf 88' lang='lat' dir='ltr'><strong>telligentia</strong></span> <span class='ocrx_word' id='word_1_841' title='bbox 556 5279 568 5315; x_wconf 90' lang='lat'>:</span> <span class='ocrx_word' id='word_1_842' title='bbox 604 5261 703 5316; x_wconf 91' lang='lat' dir='ltr'><strong>ista</strong></span> <span class='ocrx_word' id='word_1_843' title='bbox 727 5262 868 5316; x_wconf 90' lang='lat' dir='ltr'><strong>enim</strong></span> <span class='ocrx_word' id='word_1_844' title='bbox 891 5263 1020 5318; x_wconf 91' lang='lat' dir='ltr'><strong>illud</strong></span> <span class='ocrx_word' id='word_1_845' title='bbox 1041 5264 1336 5334; x_wconf 83' lang='lat' dir='ltr'><strong>perfectum</strong></span> <span class='ocrx_word' id='word_1_846' title='bbox 1357 5283 1517 5321; x_wconf 91' lang='lat' dir='ltr'><strong>unum</strong></span> <span class='ocrx_word' id='word_1_847' title='bbox 1545 5278 1598 5323; x_wconf 91' lang='lat' dir='ltr'><strong>et</strong></span> <span class='ocrx_word' id='word_1_848' title='bbox 1623 5269 1818 5324; x_wconf 91' lang='lat' dir='ltr'><strong>solum.</strong></span> 
     </span>
    </p>
   </div>
   <div class='ocr_carea' id='block_1_99' title="bbox 210 5353 1825 5430">
    <p class='ocr_par' dir='ltr' id='par_1_99' title="bbox 210 5353 1825 5430">
     <span class='ocr_line' id='line_1_99' title="bbox 210 5353 1825 5430; baseline 0.005 -20"><span class='ocrx_word' id='word_1_849' title='bbox 210 5353 346 5410; x_wconf 84' lang='lat' dir='ltr'><strong>Non</strong></span> <span class='ocrx_word' id='word_1_850' title='bbox 401 5353 575 5407; x_wconf 88' lang='lat' dir='ltr'><strong>solum</strong></span> <span class='ocrx_word' id='word_1_851' title='bbox 617 5353 893 5408; x_wconf 89' lang='lat' dir='ltr'><strong>circularis</strong></span> <span class='ocrx_word' id='word_1_852' title='bbox 924 5356 1091 5411; x_wconf 91' lang='lat' dir='ltr'><strong>motio</strong></span> <span class='ocrx_word' id='word_1_853' title='bbox 1124 5356 1248 5424; x_wconf 87' lang='lat' dir='ltr'><strong>ista,</strong></span> <span class='ocrx_word' id='word_1_854' title='bbox 1296 5359 1389 5414; x_wconf 89' lang='lat' dir='ltr'><strong>sed</strong></span> <span class='ocrx_word' id='word_1_855' title='bbox 1436 5360 1721 5430; x_wconf 75' lang='lat' dir='ltr'><strong>sphaerica,</strong></span> <span class='ocrx_word' id='word_1_856' title='bbox 1769 5371 1825 5418; x_wconf 90' lang='lat' dir='ltr'><strong>et</strong></span> 
     </span>
    </p>
   </div>
   <div class='ocr_carea' id='block_1_100' title="bbox 212 5445 1819 5525">
    <p class='ocr_par' dir='ltr' id='par_1_100' title="bbox 212 5445 1819 5525">
     <span class='ocr_line' id='line_1_100' title="bbox 212 5445 1819 5525; baseline 0.004 -23"><span class='ocrx_word' id='word_1_857' title='bbox 212 5448 404 5516; x_wconf 88' lang='lat' dir='ltr'><strong>magis</strong></span> <span class='ocrx_word' id='word_1_858' title='bbox 428 5445 661 5515; x_wconf 68' lang='lat' dir='ltr'><strong>sphatra,</strong></span> <span class='ocrx_word' id='word_1_859' title='bbox 693 5454 748 5500; x_wconf 91' lang='lat' dir='ltr'><strong>et</strong></span> <span class='ocrx_word' id='word_1_860' title='bbox 773 5460 896 5501; x_wconf 79' lang='lat' dir='ltr'><strong>vere</strong></span> <span class='ocrx_word' id='word_1_861' title='bbox 939 5449 1261 5505; x_wconf 90' lang='lat' dir='ltr'><strong>omnimodis</strong></span> <span class='ocrx_word' id='word_1_862' title='bbox 1305 5452 1539 5522; x_wconf 81' lang='lat' dir='ltr'><strong>perfecta</strong></span> <span class='ocrx_word' id='word_1_863' title='bbox 1587 5455 1819 5525; x_wconf 72' lang='lat' dir='ltr'><strong>sphaera.</strong></span> 
     </span>
    </p>
   </div>
   <div class='ocr_carea' id='block_1_101' title="bbox 212 5538 1821 5616">
    <p class='ocr_par' dir='ltr' id='par_1_101' title="bbox 212 5538 1821 5616">
     <span class='ocr_line' id='line_1_101' title="bbox 212 5538 1821 5616; baseline 0.004 -20"><span class='ocrx_word' id='word_1_864' title='bbox 212 5541 278 5597; x_wconf 93' lang='lat' dir='ltr'><strong>Si</strong></span> <span class='ocrx_word' id='word_1_865' title='bbox 315 5540 462 5594; x_wconf 88' lang='lat' dir='ltr'><strong>enim</strong></span> <span class='ocrx_word' id='word_1_866' title='bbox 495 5553 615 5594; x_wconf 85' lang='lat' dir='ltr'><strong>esse</strong></span> <span class='ocrx_word' id='word_1_867' title='bbox 641 5547 695 5594; x_wconf 86' lang='lat' dir='ltr'><strong>et</strong></span> <span class='ocrx_word' id='word_1_868' title='bbox 721 5538 902 5594; x_wconf 87' lang='lat' dir='ltr'><strong>vivere</strong></span> <span class='ocrx_word' id='word_1_869' title='bbox 929 5550 981 5595; x_wconf 91' lang='lat' dir='ltr'><strong>et</strong></span> <span class='ocrx_word' id='word_1_870' title='bbox 1004 5542 1327 5614; x_wconf 88' lang='lat' dir='ltr'><strong>intelligere,</strong></span> <span class='ocrx_word' id='word_1_871' title='bbox 1368 5554 1420 5600; x_wconf 91' lang='lat' dir='ltr'><strong>et</strong></span> <span class='ocrx_word' id='word_1_872' title='bbox 1448 5546 1492 5600; x_wconf 86' lang='lat' dir='ltr'><strong>si</strong></span> <span class='ocrx_word' id='word_1_873' title='bbox 1514 5546 1620 5599; x_wconf 89' lang='lat' dir='ltr'><strong>vita</strong></span> <span class='ocrx_word' id='word_1_874' title='bbox 1648 5547 1821 5616; x_wconf 88' lang='lat' dir='ltr'><strong>ipsum</strong></span> 
     </span>
    </p>
   </div>
   <div class='ocr_carea' id='block_1_102' title="bbox 204 5632 1824 5705">
    <p class='ocr_par' dir='ltr' id='par_1_102' title="bbox 204 5632 1824 5705">
     <span class='ocr_line' id='line_1_102' title="bbox 204 5632 1824 5705; baseline 0.004 -15"><span class='ocrx_word' id='word_1_875' title='bbox 204 5648 350 5690; x_wconf 88' lang='lat' dir='ltr'><strong>esse</strong></span> <span class='ocrx_word' id='word_1_876' title='bbox 377 5640 460 5687; x_wconf 90' lang='lat' dir='ltr'><strong>est</strong></span> <span class='ocrx_word' id='word_1_877' title='bbox 481 5639 536 5686; x_wconf 91' lang='lat' dir='ltr'><strong>et</strong></span> <span class='ocrx_word' id='word_1_878' title='bbox 555 5632 924 5702; x_wconf 85' lang='lat' dir='ltr'><strong>intelligentia,</strong></span> <span class='ocrx_word' id='word_1_879' title='bbox 950 5643 1004 5688; x_wconf 90' lang='lat' dir='ltr'><strong>et</strong></span> <span class='ocrx_word' id='word_1_880' title='bbox 1029 5637 1384 5705; x_wconf 86' lang='lat' dir='ltr'><strong>summitates,</strong></span> <span class='ocrx_word' id='word_1_881' title='bbox 1407 5646 1461 5692; x_wconf 90' lang='lat' dir='ltr'><strong>et</strong></span> <span class='ocrx_word' id='word_1_882' title='bbox 1482 5639 1713 5694; x_wconf 92' lang='lat' dir='ltr'><strong>medium</strong></span> <span class='ocrx_word' id='word_1_883' title='bbox 1740 5649 1824 5696; x_wconf 90' lang='lat' dir='ltr'><strong>est</strong></span> 
     </span>
    </p>
   </div>
   <div class='ocr_carea' id='block_1_103' title="bbox 202 5725 1862 5804">
    <p class='ocr_par' dir='ltr' id='par_1_103' title="bbox 202 5725 1862 5804">
     <span class='ocr_line' id='line_1_103' title="bbox 202 5725 1862 5804; baseline 0.006 -23"><span class='ocrx_word' id='word_1_884' title='bbox 202 5727 268 5782; x_wconf 90' lang='lat' dir='ltr'><strong>in</strong></span> <span class='ocrx_word' id='word_1_885' title='bbox 309 5740 658 5796; x_wconf 89' lang='lat' dir='ltr'><strong>unoquoque,</strong></span> <span class='ocrx_word' id='word_1_886' title='bbox 683 5725 760 5780; x_wconf 94' lang='lat' dir='ltr'><strong>sic</strong></span> <span class='ocrx_word' id='word_1_887' title='bbox 791 5734 841 5780; x_wconf 90' lang='lat' dir='ltr'><strong>et</strong></span> <span class='ocrx_word' id='word_1_888' title='bbox 872 5725 1220 5798; x_wconf 84' lang='lat' dir='ltr'><strong>intelligentia</strong></span> <span class='ocrx_word' id='word_1_889' title='bbox 1254 5747 1266 5785; x_wconf 90' lang='lat'><strong>:</strong></span> <span class='ocrx_word' id='word_1_890' title='bbox 1299 5747 1460 5786; x_wconf 89' lang='lat' dir='ltr'><strong>unum</strong></span> <span class='ocrx_word' id='word_1_891' title='bbox 1503 5732 1660 5804; x_wconf 90' lang='lat' dir='ltr'><strong>igitur</strong></span> <span class='ocrx_word' id='word_1_892' title='bbox 1690 5733 1820 5790; x_wconf 89' lang='lat' dir='ltr'><strong>isto-</strong></span> <span class='ocrx_word' id='word_1_893' title='bbox 1857 5777 1862 5784; x_wconf 91' lang='lat'><strong>.</strong></span> 
     </span>
    </p>
   </div>
   <div class='ocr_carea' id='block_1_104' title="bbox 204 5816 1817 5896">
    <p class='ocr_par' dir='ltr' id='par_1_104' title="bbox 204 5816 1817 5896">
     <span class='ocr_line' id='line_1_104' title="bbox 204 5816 1817 5896; baseline 0.006 -20"><span class='ocrx_word' id='word_1_894' title='bbox 204 5833 347 5876; x_wconf 91' lang='lat' dir='ltr'><strong>rum</strong></span> <span class='ocrx_word' id='word_1_895' title='bbox 382 5817 482 5886; x_wconf 75' lang='lat' dir='ltr'><strong>tria</strong></span> <span class='ocrx_word' id='word_1_896' title='bbox 509 5827 634 5874; x_wconf 89' lang='lat' dir='ltr'><strong>sunt</strong></span> <span class='ocrx_word' id='word_1_897' title='bbox 659 5818 709 5871; x_wconf 90' lang='lat' dir='ltr'><strong>in</strong></span> <span class='ocrx_word' id='word_1_898' title='bbox 740 5831 799 5871; x_wconf 88' lang='lat' dir='ltr'><strong>se</strong></span> <span class='ocrx_word' id='word_1_899' title='bbox 829 5816 1083 5875; x_wconf 87' lang='lat' dir='ltr'><strong>circulata</strong></span> <span class='ocrx_word' id='word_1_900' title='bbox 1112 5830 1165 5876; x_wconf 88' lang='lat' dir='ltr'><strong>et</strong></span> <span class='ocrx_word' id='word_1_901' title='bbox 1194 5823 1566 5896; x_wconf 87' lang='lat' dir='ltr'><strong>participantia</strong></span> <span class='ocrx_word' id='word_1_902' title='bbox 1589 5825 1817 5884; x_wconf 87' lang='lat' dir='ltr'><strong>invicem</strong></span> 
     </span>
    </p>
   </div>
   <div class='ocr_carea' id='block_1_105' title="bbox 1924 4705 2983 4778">
    <p class='ocr_par' dir='ltr' id='par_1_105' title="bbox 1924 4705 2983 4778">
     <span class='ocr_line' id='line_1_105' title="bbox 1924 4705 2983 4778; baseline -0.008 -11"><span class='ocrx_word' id='word_1_903' title='bbox 1924 4713 2262 4767; x_wconf 83' lang='lat' dir='ltr'><strong>militudinem</strong></span> <span class='ocrx_word' id='word_1_904' title='bbox 2294 4707 2560 4763; x_wconf 83' lang='lat' dir='ltr'><strong>nostram?</strong></span> <span class='ocrx_word' id='word_1_905' title='bbox 2586 4705 2748 4778; x_wconf 82' lang='lat' dir='ltr'><strong>(Gen.</strong></span> <span class='ocrx_word' id='word_1_906' title='bbox 2781 4723 2816 4771; x_wconf 93' lang='grc' dir='ltr'><strong>ι,</strong></span> <span class='ocrx_word' id='word_1_907' title='bbox 2847 4705 2983 4776; x_wconf 72' lang='lat'><strong>26,)</strong></span> 
     </span>
    </p>
   </div>
   <div class='ocr_carea' id='block_1_106' title="bbox 1995 4797 3520 4873">
    <p class='ocr_par' dir='ltr' id='par_1_106' title="bbox 1995 4797 3520 4873">
     <span class='ocr_line' id='line_1_106' title="bbox 1995 4797 3520 4873; baseline -0.004 -13"><span class='ocrx_word' id='word_1_908' title='bbox 1995 4804 2156 4860; x_wconf 88' lang='lat' dir='ltr'><strong>LXII.</strong></span> <span class='ocrx_word' id='word_1_909' title='bbox 2189 4800 2584 4873; x_wconf 83' lang='lat' dir='ltr'><strong>lnspiciendum</strong></span> <span class='ocrx_word' id='word_1_910' title='bbox 2617 4799 2764 4869; x_wconf 91' lang='lat' dir='ltr'><strong>prius</strong></span> <span class='ocrx_word' id='word_1_911' title='bbox 2793 4797 2918 4870; x_wconf 87' lang='lat' dir='ltr'><strong>quid</strong></span> <span class='ocrx_word' id='word_1_912' title='bbox 2948 4808 3029 4852; x_wconf 91' lang='lat' dir='ltr'><strong>est</strong></span> <span class='ocrx_word' id='word_1_913' title='bbox 3072 4799 3256 4865; x_wconf 90' lang='lat' dir='ltr'><strong>homo,</strong></span> <span class='ocrx_word' id='word_1_914' title='bbox 3287 4797 3520 4869; x_wconf 89' lang='lat' dir='ltr'><strong>denique</strong></span> 
     </span>
    </p>
   </div>
   <div class='ocr_carea' id='block_1_107' title="bbox 1927 4889 3522 4966">
    <p class='ocr_par' dir='ltr' id='par_1_107' title="bbox 1927 4889 3522 4966">
     <span class='ocr_line' id='line_1_107' title="bbox 1927 4889 3522 4966; baseline -0.002 -16"><span class='ocrx_word' id='word_1_915' title='bbox 1927 4896 2053 4966; x_wconf 88' lang='lat' dir='ltr'><strong>quid</strong></span> <span class='ocrx_word' id='word_1_916' title='bbox 2081 4896 2278 4964; x_wconf 85' lang='lat' dir='ltr'><strong>imago,</strong></span> <span class='ocrx_word' id='word_1_917' title='bbox 2308 4903 2362 4948; x_wconf 86' lang='lat' dir='ltr'><strong>et</strong></span> <span class='ocrx_word' id='word_1_918' title='bbox 2393 4891 2520 4961; x_wconf 83' lang='lat' dir='ltr'><strong>quid</strong></span> <span class='ocrx_word' id='word_1_919' title='bbox 2560 4890 2738 4946; x_wconf 86' lang='lat' dir='ltr'><strong>diiI&#39;ert</strong></span> <span class='ocrx_word' id='word_1_920' title='bbox 2770 4889 2944 4960; x_wconf 84' lang='lat' dir='ltr'><strong>imago</strong></span> <span class='ocrx_word' id='word_1_921' title='bbox 2971 4905 3012 4956; x_wconf 31' lang='lat' dir='ltr'><strong>.a</strong></span> <span class='ocrx_word' id='word_1_922' title='bbox 3044 4889 3420 4957; x_wconf 82' lang='lat' dir='ltr'><strong>similitudine,</strong></span> <span class='ocrx_word' id='word_1_923' title='bbox 3466 4901 3522 4947; x_wconf 90' lang='lat' dir='ltr'><strong>et</strong></span> 
     </span>
    </p>
   </div>
   <div class='ocr_carea' id='block_1_108' title="bbox 1925 4981 3516 5057">
    <p class='ocr_par' dir='ltr' id='par_1_108' title="bbox 1925 4981 3516 5057">
     <span class='ocr_line' id='line_1_108' title="bbox 1925 4981 3516 5057; baseline -0.003 -17"><span class='ocrx_word' id='word_1_924' title='bbox 1925 4987 2198 5057; x_wconf 88' lang='lat' dir='ltr'><strong>quomodo</strong></span> <span class='ocrx_word' id='word_1_925' title='bbox 2250 4986 2410 5040; x_wconf 93' lang='lat' dir='ltr'><strong>homo</strong></span> <span class='ocrx_word' id='word_1_926' title='bbox 2454 4984 2614 5054; x_wconf 84' lang='lat' dir='ltr'><strong>juxta</strong></span> <span class='ocrx_word' id='word_1_927' title='bbox 2664 4983 2949 5052; x_wconf 86' lang='lat' dir='ltr'><strong>imaginem</strong></span> <span class='ocrx_word' id='word_1_928' title='bbox 2995 4993 3046 5037; x_wconf 91' lang='lat' dir='ltr'><strong>et</strong></span> <span class='ocrx_word' id='word_1_929' title='bbox 3090 4981 3516 5049; x_wconf 86' lang='lat' dir='ltr'><strong>similitudinem,</strong></span> 
     </span>
    </p>
   </div>
   <div class='ocr_carea' id='block_1_109' title="bbox 1926 5074 3520 5148">
    <p class='ocr_par' dir='ltr' id='par_1_109' title="bbox 1926 5074 3520 5148">
     <span class='ocr_line' id='line_1_109' title="bbox 1926 5074 3520 5148; baseline -0.005 -12"><span class='ocrx_word' id='word_1_930' title='bbox 1926 5096 2034 5136; x_wconf 89' lang='lat' dir='ltr'><strong>non</strong></span> <span class='ocrx_word' id='word_1_931' title='bbox 2063 5082 2238 5148; x_wconf 85' lang='lat' dir='ltr'><strong>imago</strong></span> <span class='ocrx_word' id='word_1_932' title='bbox 2263 5092 2325 5132; x_wconf 92' lang='lat' dir='ltr'><strong>ac</strong></span> <span class='ocrx_word' id='word_1_933' title='bbox 2355 5075 2650 5131; x_wconf 88' lang='lat' dir='ltr'><strong>similitudo</strong></span> <span class='ocrx_word' id='word_1_934' title='bbox 2679 5074 2901 5130; x_wconf 72' lang='lat' dir='ltr'><strong>effectus</strong></span> <span class='ocrx_word' id='word_1_935' title='bbox 2929 5077 2998 5129; x_wconf 88' lang='lat' dir='ltr'><strong>sit</strong></span> <span class='ocrx_word' id='word_1_936' title='bbox 3031 5092 3044 5128; x_wconf 91' lang='lat'><strong>:</strong></span> <span class='ocrx_word' id='word_1_937' title='bbox 3075 5085 3128 5129; x_wconf 89' lang='lat' dir='ltr'><strong>et</strong></span> <span class='ocrx_word' id='word_1_938' title='bbox 3171 5074 3298 5144; x_wconf 90' lang='lat' dir='ltr'><strong>quid</strong></span> <span class='ocrx_word' id='word_1_939' title='bbox 3327 5085 3427 5142; x_wconf 88' lang='lat' dir='ltr'><strong>est,</strong></span> <span class='ocrx_word' id='word_1_940' title='bbox 3452 5077 3520 5129; x_wconf 84' lang='lat' dir='ltr'><strong>ad</strong></span> 
     </span>
    </p>
   </div>
   <div class='ocr_carea' id='block_1_110' title="bbox 1928 5165 3520 5237">
    <p class='ocr_par' dir='ltr' id='par_1_110' title="bbox 1928 5165 3520 5237">
     <span class='ocr_line' id='line_1_110' title="bbox 1928 5165 3520 5237; baseline -0.003 -12"><span class='ocrx_word' id='word_1_941' title='bbox 1928 5180 2153 5225; x_wconf 85' lang='lat' dir='ltr'><strong>nostram</strong></span> <span class='ocrx_word' id='word_1_942' title='bbox 2172 5169 2198 5222; x_wconf 87' lang='lat'><em>?</em></span> <span class='ocrx_word' id='word_1_943' title='bbox 2226 5167 2459 5222; x_wconf 85' lang='lat' dir='ltr'><strong>Dualiter</strong></span> <span class='ocrx_word' id='word_1_944' title='bbox 2484 5166 2626 5223; x_wconf 90' lang='lat' dir='ltr'><strong>enim</strong></span> <span class='ocrx_word' id='word_1_945' title='bbox 2671 5166 2849 5230; x_wconf 91' lang='lat' dir='ltr'><strong>homo,</strong></span> <span class='ocrx_word' id='word_1_946' title='bbox 2881 5165 3022 5237; x_wconf 89' lang='lat' dir='ltr'><strong>quod</strong></span> <span class='ocrx_word' id='word_1_947' title='bbox 3052 5174 3135 5221; x_wconf 89' lang='lat' dir='ltr'><strong>est</strong></span> <span class='ocrx_word' id='word_1_948' title='bbox 3190 5166 3244 5221; x_wconf 89' lang='lat' dir='ltr'><strong>in</strong></span> <span class='ocrx_word' id='word_1_949' title='bbox 3291 5183 3520 5222; x_wconf 87' lang='lat' dir='ltr'><strong>consue-</strong></span> 
     </span>
    </p>
   </div>
   <div class='ocr_carea' id='block_1_111' title="bbox 1931 5259 3518 5331">
    <p class='ocr_par' dir='ltr' id='par_1_111' title="bbox 1931 5259 3518 5331">
     <span class='ocr_line' id='line_1_111' title="bbox 1931 5259 3518 5331; baseline -0.003 -13"><span class='ocrx_word' id='word_1_950' title='bbox 1931 5263 2137 5330; x_wconf 85' lang='lat' dir='ltr'><strong>tudine,</strong></span> <span class='ocrx_word' id='word_1_951' title='bbox 2171 5279 2237 5318; x_wconf 67' lang='grc' dir='ltr'>εκ</span> <span class='ocrx_word' id='word_1_952' title='bbox 2267 5277 2494 5330; x_wconf 89' lang='lat' dir='ltr'><strong>corpore</strong></span> <span class='ocrx_word' id='word_1_953' title='bbox 2516 5270 2569 5316; x_wconf 90' lang='lat' dir='ltr'><strong>et</strong></span> <span class='ocrx_word' id='word_1_954' title='bbox 2594 5259 2772 5316; x_wconf 89' lang='lat' dir='ltr'><strong>anima</strong></span> <span class='ocrx_word' id='word_1_955' title='bbox 2798 5259 3131 5331; x_wconf 88' lang='lat' dir='ltr'><strong>intelligitur.</strong></span> <span class='ocrx_word' id='word_1_956' title='bbox 3165 5260 3390 5328; x_wconf 84' lang='lat' dir='ltr'><strong>Quidam</strong></span> <span class='ocrx_word' id='word_1_957' title='bbox 3422 5275 3518 5328; x_wconf 92' lang='lat' dir='ltr'><strong>pu-</strong></span> 
     </span>
    </p>
   </div>
   <div class='ocr_carea' id='block_1_112' title="bbox 1929 5353 3518 5426">
    <p class='ocr_par' dir='ltr' id='par_1_112' title="bbox 1929 5353 3518 5426">
     <span class='ocr_line' id='line_1_112' title="bbox 1929 5353 3518 5426; baseline -0.003 -14"><span class='ocrx_word' id='word_1_958' title='bbox 1929 5366 2047 5412; x_wconf 88' lang='lat' dir='ltr'><strong>tant</strong></span> <span class='ocrx_word' id='word_1_959' title='bbox 2073 5373 2136 5412; x_wconf 83' lang='lat' dir='ltr'><strong>ex</strong></span> <span class='ocrx_word' id='word_1_960' title='bbox 2165 5370 2391 5426; x_wconf 89' lang='lat' dir='ltr'><strong>corpore</strong></span> <span class='ocrx_word' id='word_1_961' title='bbox 2421 5364 2474 5410; x_wconf 91' lang='lat' dir='ltr'><strong>et</strong></span> <span class='ocrx_word' id='word_1_962' title='bbox 2502 5355 2680 5409; x_wconf 90' lang='lat' dir='ltr'><strong>anima</strong></span> <span class='ocrx_word' id='word_1_963' title='bbox 2711 5353 2908 5424; x_wconf 87' lang='lat' dir='ltr'><strong>triplici</strong></span> <span class='ocrx_word' id='word_1_964' title='bbox 2937 5372 2949 5407; x_wconf 87' lang='lat'><strong>:</strong></span> <span class='ocrx_word' id='word_1_965' title='bbox 2983 5353 3197 5424; x_wconf 87' lang='lat' dir='ltr'><strong>quidam</strong></span> <span class='ocrx_word' id='word_1_966' title='bbox 3226 5362 3402 5407; x_wconf 87' lang='lat' dir='ltr'><strong>autem</strong></span> <span class='ocrx_word' id='word_1_967' title='bbox 3450 5367 3518 5407; x_wconf 84' lang='lat' dir='ltr'><strong>ex</strong></span> 
     </span>
    </p>
   </div>
   <div class='ocr_carea' id='block_1_113' title="bbox 1930 5443 3516 5520">
    <p class='ocr_par' dir='ltr' id='par_1_113' title="bbox 1930 5443 3516 5520">
     <span class='ocr_line' id='line_1_113' title="bbox 1930 5443 3516 5520; baseline -0.004 -13"><span class='ocrx_word' id='word_1_968' title='bbox 1930 5465 2156 5520; x_wconf 88' lang='lat' dir='ltr'><strong>corpore</strong></span> <span class='ocrx_word' id='word_1_969' title='bbox 2205 5456 2261 5506; x_wconf 90' lang='lat' dir='ltr'><strong>et</strong></span> <span class='ocrx_word' id='word_1_970' title='bbox 2296 5447 2472 5505; x_wconf 89' lang='lat' dir='ltr'><strong>anima</strong></span> <span class='ocrx_word' id='word_1_971' title='bbox 2520 5455 2631 5504; x_wconf 88' lang='lat' dir='ltr'><strong>tres</strong></span> <span class='ocrx_word' id='word_1_972' title='bbox 2676 5447 2940 5519; x_wconf 89' lang='lat' dir='ltr'><strong>potentias</strong></span> <span class='ocrx_word' id='word_1_973' title='bbox 2988 5447 3236 5501; x_wconf 87' lang='lat' dir='ltr'><strong>habente.</strong></span> <span class='ocrx_word' id='word_1_974' title='bbox 3289 5443 3516 5512; x_wconf 90' lang='lat' dir='ltr'><strong>Quidam</strong></span> 
     </span>
    </p>
   </div>
   <div class='ocr_carea' id='block_1_114' title="bbox 1929 5537 3522 5616">
    <p class='ocr_par' dir='ltr' id='par_1_114' title="bbox 1929 5537 3522 5616">
     <span class='ocr_line' id='line_1_114' title="bbox 1929 5537 3522 5616; baseline -0.002 -18"><span class='ocrx_word' id='word_1_975' title='bbox 1929 5557 2112 5598; x_wconf 60' lang='lat' dir='ltr'><strong>rursus</strong></span> <span class='ocrx_word' id='word_1_976' title='bbox 2139 5542 2322 5598; x_wconf 91' lang='lat' dir='ltr'><strong>dicunt</strong></span> <span class='ocrx_word' id='word_1_977' title='bbox 2349 5557 2414 5598; x_wconf 81' lang='lat' dir='ltr'><strong>ex</strong></span> <span class='ocrx_word' id='word_1_978' title='bbox 2462 5556 2688 5612; x_wconf 90' lang='lat' dir='ltr'><strong>corpore</strong></span> <span class='ocrx_word' id='word_1_979' title='bbox 2738 5550 2792 5597; x_wconf 89' lang='lat' dir='ltr'><strong>et</strong></span> <span class='ocrx_word' id='word_1_980' title='bbox 2816 5549 2883 5616; x_wconf 89' lang='grc' dir='ltr'><strong>νῷ</strong></span> <span class='ocrx_word' id='word_1_981' title='bbox 2914 5539 3111 5610; x_wconf 88' lang='lat' dir='ltr'><strong>partili,</strong></span> <span class='ocrx_word' id='word_1_982' title='bbox 3162 5546 3214 5591; x_wconf 91' lang='lat' dir='ltr'><strong>et</strong></span> <span class='ocrx_word' id='word_1_983' title='bbox 3255 5537 3433 5594; x_wconf 83' lang='lat' dir='ltr'><strong>anima</strong></span> <span class='ocrx_word' id='word_1_984' title='bbox 3465 5547 3522 5595; x_wconf 92' lang='lat' dir='ltr'><strong>et</strong></span> 
     </span>
    </p>
   </div>
   <div class='ocr_carea' id='block_1_115' title="bbox 1928 5627 3518 5706">
    <p class='ocr_par' dir='ltr' id='par_1_115' title="bbox 1928 5627 3518 5706">
     <span class='ocr_line' id='line_1_115' title="bbox 1928 5627 3518 5706; baseline -0.004 -15"><span class='ocrx_word' id='word_1_985' title='bbox 1928 5634 2140 5706; x_wconf 87' lang='lat' dir='ltr'><strong>spiritu,</strong></span> <span class='ocrx_word' id='word_1_986' title='bbox 2174 5649 2281 5704; x_wconf 92' lang='lat' dir='ltr'><strong>quo</strong></span> <span class='ocrx_word' id='word_1_987' title='bbox 2323 5633 2572 5689; x_wconf 87' lang='lat' dir='ltr'><strong>consistit</strong></span> <span class='ocrx_word' id='word_1_988' title='bbox 2617 5632 2788 5687; x_wconf 82' lang='lat' dir='ltr'><strong>[luens</strong></span> <span class='ocrx_word' id='word_1_989' title='bbox 2826 5645 3041 5699; x_wconf 90' lang='lat' dir='ltr'><strong>corpus.</strong></span> <span class='ocrx_word' id='word_1_990' title='bbox 3093 5627 3280 5683; x_wconf 81' lang='lat' dir='ltr'><strong>Adhuc</strong></span> <span class='ocrx_word' id='word_1_991' title='bbox 3305 5629 3518 5700; x_wconf 87' lang='lat' dir='ltr'><strong>quiiant</strong></span> 
     </span>
    </p>
   </div>
   <div class='ocr_carea' id='block_1_116' title="bbox 1927 5723 3520 5801">
    <p class='ocr_par' dir='ltr' id='par_1_116' title="bbox 1927 5723 3520 5801">
     <span class='ocr_line' id='line_1_116' title="bbox 1927 5723 3520 5801; baseline -0.005 -15"><span class='ocrx_word' id='word_1_992' title='bbox 1927 5729 1996 5786; x_wconf 89' lang='lat' dir='ltr'><strong>de</strong></span> <span class='ocrx_word' id='word_1_993' title='bbox 2047 5727 2273 5801; x_wconf 83' lang='lat' dir='ltr'><strong>corpore</strong></span> <span class='ocrx_word' id='word_1_994' title='bbox 2318 5727 2719 5799; x_wconf 87' lang='lat' dir='ltr'><strong>quadripotenti</strong></span> <span class='ocrx_word' id='word_1_995' title='bbox 2768 5733 2995 5796; x_wconf 90' lang='lat' dir='ltr'><strong>quatuor</strong></span> <span class='ocrx_word' id='word_1_996' title='bbox 3033 5723 3421 5780; x_wconf 88' lang='lat' dir='ltr'><strong>elementorum</strong></span> <span class='ocrx_word' id='word_1_997' title='bbox 3465 5732 3520 5778; x_wconf 91' lang='lat' dir='ltr'><strong>et</strong></span> 
     </span>
    </p>
   </div>
   <div class='ocr_carea' id='block_1_117' title="bbox 1929 5816 3518 5900">
    <p class='ocr_par' dir='ltr' id='par_1_117' title="bbox 1929 5816 3518 5900">
     <span class='ocr_line' id='line_1_117' title="bbox 1929 5816 3518 5900; baseline -0.006 -19"><span class='ocrx_word' id='word_1_998' title='bbox 1929 5824 2106 5882; x_wconf 87' lang='lat' dir='ltr'><strong>anima</strong></span> <span class='ocrx_word' id='word_1_999' title='bbox 2158 5821 2382 5897; x_wconf 88' lang='lat' dir='ltr'><strong>duplici,</strong></span> <span class='ocrx_word' id='word_1_1000' title='bbox 2425 5832 2481 5881; x_wconf 90' lang='lat' dir='ltr'><strong>et</strong></span> <span class='ocrx_word' id='word_1_1001' title='bbox 2523 5821 2726 5895; x_wconf 89' lang='lat' dir='ltr'><strong>duplici</strong></span> <span class='ocrx_word' id='word_1_1002' title='bbox 2758 5829 2832 5897; x_wconf 84' lang='grc' dir='ltr'>τῷ</span> <span class='ocrx_word' id='word_1_1003' title='bbox 2875 5827 2962 5896; x_wconf 87' lang='grc' dir='ltr'>νῷ.</span> <span class='ocrx_word' id='word_1_1004' title='bbox 3008 5817 3123 5878; x_wconf 82' lang='lat' dir='ltr'><strong>Mea</strong></span> <span class='ocrx_word' id='word_1_1005' title='bbox 3169 5816 3518 5900; x_wconf 68' lang='lat' dir='ltr'><strong>intelligentia</strong></span> 
     </span>
    </p>
   </div>
  </div>
