4018 6184
581 290 720 348 1087

1787 287 1980 346 MAR"
2023 284 2363 344 VICTORINI
2403 287 2560 346 AFRI

3681 297 3776 359 I088

590 409 710 466 lucc
745 427 758 466 :
801 407 1007 480 Corpus
1055 409 1223 480 enim,
1271 411 1411 467 sicut
1455 409 1882 466 demonstratum
1922 425 1934 460 :
1970 405 2178 477 accepit
2203 408 2256 467 A
2284 404 2349 459 Et
2369 406 2510 462 sicut
2532 405 2694 463 Pater
2712 420 2833 464 esse
2850 416 2952 474 est,
2976 407 3144 466 Filius
3171 415 3343 464 autem
3363 407 3486 476 duo,
3509 410 3590 465 sed
3613 412 3655 466 in
3676 428 3782 472 motu

584 501 726 559 enim
773 501 1048 571 pulverem
1089 503 1230 559 Deus
1253 512 1307 558 et
1335 503 1620 574 plasmavit
1664 501 1872 569 Adam,
1921 499 2026 554 hoc
2071 508 2176 563 est,

583 593 848 649 fabricata
883 593 997 663 jam
1026 603 1192 660 terra,
1219 594 1558 650 summitates
1589 602 1744 650 terra:
1783 601 1838 646 et
1871 590 2060 646 ﬂorem
2086 588 2179 642 ha-

582 686 774 742 bemus
800 685 1064 758 principia
1098 687 1364 757 corporis.
1399 686 1685 743 Geminum
1709 684 1870 740 etiam
1910 689 2043 744 νοῦν,
2085 696 2178 751 ge-

582 779 784 836 minam
827 779 1324 836 animam‘declarat
1355 779 1700 851 Evangelium
1750 781 1886 835 κατὰ
1929 779 2183 832 Ματθαῐον

582 882 640 930 et
694 877 892 932 Λουκὰν
923 892 937 927 :
969 874 1049 929 sic
1077 874 1218 930 enim
1249 873 1437 931 dicunt
1469 894 1482 930 :
1515 873 1605 928 Sic
1635 873 1728 927 erit
1755 882 1804 926 et
1829 871 2098 941 prasentia
2119 870 2182 938 [i-

581 966 641 1021 lii
669 967 908 1022 hominis.
961 965 1100 1020 Tunc
1126 966 1229 1020 duo
1255 975 1400 1019 erunt
1429 965 1480 1018 in
1508 981 1631 1035 agro
1665 979 1682 1018 :
1705 979 1836 1017 unus
1881 962 2181 1030 accipietur,

584 1068 631 1114 et
659 1077 790 1115 unus
841 1060 1176 1130 relinquetur;
1204 1058 1320 1112 dua:
1345 1057 1586 1112 incientes
1613 1057 1664 1110 in
1695 1055 1934 1126 pistrino,
1957 1070 2062 1107 una
2097 1069 2182 1106 ac-

583 1151 819 1222 cipietur,
869 1162 917 1208 et
965 1167 1069 1205 una
1115 1151 1429 1220 relinquetur
1475 1147 1700 1220 (Matth.
1743 1161 1893 1212 xxw,
1925 1145 2016 1210 40,
2056 1145 2178 1214 41).

586 1243 763 1301 Lucas
790 1253 968 1300 autem
996 1243 1194 1314 adjecit
1223 1241 1290 1298 de
1315 1256 1542 1312 corpore
1563 1240 1697 1305 duo,
1730 1239 1842 1312 ipsa
1873 1247 2019 1293 nocte
2037 1247 2184 1292 erunt

586 1339 691 1392 duo
720 1339 773 1393 in
793 1355 894 1392 uno
917 1338 1122 1404 lectulo,
1146 1354 1278 1391 unus
1298 1337 1594 1407 accipietur,
1620 1345 1665 1388 et
1691 1335 1820 1388 alter
1865 1333 2180 1403 relinquetur

587 1429 750 1503 (Luc.
795 1446 928 1496 xvtt,
964 1429 1090 1501 54).
1141 1429 1258 1485 Alia
1287 1437 1467 1484 autem
1503 1425 1772 1482 similiter.
1803 1426 1944 1496 Ergo
1971 1425 2093 1494 quia
2130 1424 2183 1479 iu

585 1538 736 1594 agro,
781 1525 924 1594 λόγος
953 1522 1060 1577 duo
1101 1531 1246 1588 sunt,
1298 1520 1382 1577 vel
1411 1527 1526 1582 νοῦς
1553 1529 1608 1575 et
1651 1519 1795 1594 λόγος
1822 1516 2080 1584 cmleStis,
2131 1524 2188 1571 et

586 1615 723 1671 alius
752 1613 981 1688 hylicus.
1030 1615 1097 1669 Et
1143 1613 1408 1669 molentes
1431 1613 1552 1667 dua:
1599 1610 1816 1676 animae,
1845 1609 2088 1665 ccelestis
2132 1617 2188 1664 et

587 1707 766 1780 Itylica
799 1725 811 1760 :
835 1717 890 1763 et
909 1705 1204 1777 accipietur
1228 1704 1389 1776 igitur
1406 1703 1643 1759 cmleStis
1666 1709 1778 1764 νοῦς
1805 1701 1888 1757 vel
1909 1702 2052 1776 λόγος
2071 1715 2183 1756 coe-

2283 513 2338 560 et
2365 502 2416 556 in
2449 509 2601 566 actu;
2632 500 2712 554 sic
2755 502 2930 556 anima
2964 501 3015 556 in
3046 516 3112 556 co
3140 502 3280 572 quod
3321 503 3510 567 anima,
3542 513 3593 557 ut
3615 509 3782 572 potentia

2285 593 2454 666 patria
2498 611 2513 652 ς
2558 591 2847 648 vivificatio
2890 601 3069 647 autem
3115 605 3170 648 et
3213 593 3548 666 intelligentia
3588 597 3633 651 in
3667 611 3782 656 motu.

2282 686 2385 742 Ista
2425 700 2552 756 ergo
2580 699 2701 740 esse
2726 684 2919 740 anima:
2941 685 3092 754 juxta
3123 686 3405 757 imaginem
3433 687 3592 744 Patris
3616 700 3661 746 et
3676 693 3786 751 Filii:

2283 779 2360 834 sic
2385 787 2563 834 autem
2613 793 2732 833 csse
2775 779 2924 849 juxta
2973 779 3399 846 similitudinem,
3437 782 3672 855 ὁμοούσιον
3700 804 3788 858 ergo

2283 874 2444 927 etiam
2491 871 2605 941 ipsa
2636 870 2690 926 in
2719 886 2815 925 sua
2857 870 3137 938 uualitate,
3162 881 3215 927 et
3245 872 3406 928 simili
3444 875 3787 935 substantiazin

2285 963 2479 1034 tl'iplit-i
2511 963 2766 1033 potentia,
2792 962 2904 1031 ipsa
2927 978 3215 1033 generatis,
3249 979 3374 1034 ergo
3402 965 3509 1035 ipsa
3533 982 3586 1022 se
3611 983 3791 1037 movens,

2286 1062 2340 1108 ct
2362 1069 2576 1124 semper
2605 1054 2656 1108 in
2691 1065 2836 1108 motu
2863 1053 2917 1109 in
2949 1055 3148 1109 mundo
3171 1055 3486 1121 motionum,
3507 1057 3611 1113 fons
3632 1069 3676 1114 et
3696 1061 3793 1129 prin.

2286 1144 2506 1216 cipium,
2539 1144 2696 1200 sicuti
2725 1153 2872 1213 pater
2914 1155 2969 1201 et
3000 1147 3142 1201 filius
3181 1146 3348 1217 ipsius
3398 1148 3582 1204 animze
3613 1153 3796 1208 motionis

2285 1247 2340 1292 et
2368 1247 2580 1292 creator
2601 1280 2616 1303 ,
2648 1246 2699 1291 et
2728 1252 3004 1308 praecausa
3033 1248 3086 1293 et
3114 1240 3562 1310 pracprincipium.

2362 1329 2542 1384 LXIV.
2578 1329 2769 1384 Adhuc
2791 1331 2910 1384 dico
2940 1330 2993 1384 iu
3015 1331 3226 1387 occulto
3251 1334 3557 1404 mysterium
3585 1351 3795 1406 magnum:

2287 1421 2448 1477 sicuti
2479 1421 2713 1476 divinior
2741 1421 2978 1477 Trinitas
3004 1423 3172 1489 unali,
3205 1425 3498 1480 secundum
3528 1427 3654 1498 quod
3675 1445 3797 1496 perse

2289 1515 2606 1585 cﬂulgenter
2644 1514 2770 1570 fecit
2809 1515 3043 1571 animam
3085 1517 3137 1571 in
3192 1517 3394 1573 mundo
3434 1520 3734 1576 intellectibili
3766 1527 3797 1577 in

2292 1608 2646 1663 substantiam
2681 1621 2736 1663 et
2767 1610 3036 1679 pr0priam
3078 1610 3457 1679 substantiam,
3486 1628 3628 1682 quam
3652 1616 3799 1685 proprie

2290 1701 2516 1757 dicimus
2543 1702 2896 1758 substantiam
2929 1721 2941 1756 :
2980 1704 3062 1759 sic
3111 1705 3303 1758 anima:
3334 1705 3544 1760 trinitas
3571 1709 3714 1763 unalis
3743 1725 3798 1764 se-

587 1799 739 1856 Iestis
759 1798 959 1866 anima,
991 1799 1202 1871 hylicus
1227 1807 1403 1852 autem
1429 1798 1596 1871 λόγος,
1628 1806 1680 1851 el
1709 1794 1886 1850 anima
1915 1794 2184 1864 relithuc-
2216 1797 2263 1856 B
2291 1796 2466 1853 cunda
2504 1797 2789 1867 explicavit
2837 1798 3269 1869 imaginationem
3323 1801 3608 1856 insensibili
3645 1804 3800 1869 mundo,

588 1903 696 1951 tur.
721 1894 1003 1963 Quomodo
1026 1893 1192 1961 istud,
1215 1892 1362 1948 audi.
1395 1892 1565 1948 Homo
1586 1907 1650 1948 ex
1674 1891 1850 1947 anima
1872 1899 1928 1947 et
1954 1904 2186 1962 corpore

588 1986 948 2043 conlltendus.
980 1986 1059 2042 Ex
1101 1999 1345 2056 corpore,
1377 1984 1522 2056 quod
1560 1998 1590 2039 a
1639 1993 1777 2039 terra
1807 1983 2183 2054 compositum,

590 2081 751 2138 habet
770 2095 900 2152 ergo
920 2080 1153 2136 animam
1179 2091 1316 2136 terra
1341 2078 1595 2150 hylicam,
1616 2087 1671 2133 et
1698 2078 1867 2133 factus
1888 2086 1970 2132 est
1990 2075 2184 2144 Adam,

588 2171 741 2244 juxta
782 2186 981 2243 corpus
1012 2172 1232 2238 animal,
1277 2170 1436 2226 sicuti
1465 2179 1548 2226 est
1589 2169 1788 2224 animal
1838 2168 1906 2224 de
1951 2183 2088 2238 aqua
2136 2175 2191 2223 et

592 2275 754 2321 terra.
785 2263 904 2320 Alia
931 2263 1184 2319 animalia
1214 2262 1270 2320 in
1290 2262 1526 2318 animam
1545 2262 1740 2329 vivam,
1761 2260 1854 2317 sed
1882 2260 2053 2316 Adam
2082 2273 2188 2313 non

588 2357 689 2425 sic,
723 2355 1014 2413 insufﬂavit
1039 2356 1186 2412 enim
1230 2356 1373 2430 Deus
1399 2354 1453 2410 in
1481 2353 1671 2411 faciem
1700 2353 1820 2424 ejus
1863 2351 1937 2408 ibi
1973 2366 2189 2407 omnem

591 2449 885 2520 potentiam
915 2448 1250 2516 sensibilem,
1288 2447 1376 2503 cui
1401 2446 1552 2501 adest
1577 2453 1692 2507 νοῦς
1719 2446 1772 2500 in
1812 2443 2190 2500 discretionem

591 2555 802 2597 sensus.
835 2539 953 2596 Alia
986 2539 1147 2610 igitur
1167 2539 1344 2594 anima
1384 2537 1620 2594 divinior
1649 2552 1771 2594 cum
1803 2550 1902 2590 suo
1929 2544 1997 2609 νῷ
2023 2554 2035 2587 :
2063 2549 2190 2590 sen-

593 2631 738 2688 sibili
761 2631 907 2687 enim
938 2630 1194 2700 potentia:
1225 2630 1434 2702 hylicus
1461 2637 1581 2693 νοῦς
1608 2637 1691 2686 est
1721 2627 1934 2694 insitus,
1967 2638 2022 2684 et
2063 2645 2194 2685 con-

592 2721 960 2780 substantialis
986 2721 1199 2794 hyliczn.
1254 2723 1312 2779 Si
1373 2721 1534 2792 igitur
1564 2721 1703 2776 istud
1734 2730 1838 2790 est,
1884 2721 2046 2796 Λόγος
2085 2737 2195 2779 cre-

591 2817 764 2884 Iestis,
795 2817 898 2873 hoc
926 2826 1008 2873 est
1033 2824 1150 2880 νοῦς
1179 2818 1264 2874 vel
1289 2815 1520 2889 Spiritus
1543 2817 1758 2874 divinus
1787 2827 1870 2873 est
1913 2817 1966 2873 in
2015 2817 2194 2872 anima

591 2910 794 2967 divina.
825 2909 944 2980 Ipsa
974 2921 1154 2966 autem
1186 2911 1369 2967 divina
1415 2911 1593 2966 anima
1647 2911 1699 2966 in
1749 2910 1928 2984 hylico
1978 2910 2190 2982 spiritu,

594 3001 803 3072 hylicus
829 3010 1011 3058 autem
1038 3002 1262 3073 Spiritus
1292 3004 1345 3059 in
1371 3003 1547 3074 hylica
1578 3003 1778 3070 anima,
1808 3003 1984 3076 hylica
2013 3013 2191 3057 autem

597 3095 776 3152 anima
809 3095 864 3152 in
890 3096 1097 3152 carnali
1121 3111 1371 3168 corpore,
1409 3098 1551 3170 quod
1579 3107 1793 3170 oportet
1822 3098 2036 3170 purgari
2066 3112 2189 3153 cum

598 3187 770 3244 tribus
802 3189 1073 3256 omnibus,
1110 3199 1166 3244 ut
1192 3190 1420 3261 accipiat
1448 3192 1624 3247 lumen
1650 3201 1935 3259 tuternum,
1964 3200 2018 3248 et
2039 3201 2195 3247 acter—
2221 3174 2266 3239 Ο

597 3295 724 3337 nam
747 3280 912 3336 vitam
940 3299 952 3336 :
987 3281 1090 3337 hoc
1109 3291 1286 3338 autem
1316 3283 1497 3354 pellcit
1525 3283 1658 3340 ﬁdes
1688 3285 1744 3340 in
1773 3285 2013 3341 Christo.

668 3373 851 3430 LXIII.
891 3374 1138 3432 Dicamus
1181 3375 1342 3446 igitur
1371 3377 1640 3448 quomodo
1666 3378 1788 3433 talis
1832 3379 2009 3435 anima
2044 3379 2198 3450 juxta

608 3466 898 3538 imaginem
928 3468 1043 3536 Dei,
1090 3479 1144 3525 et
1183 3471 1334 3541 juxta
1363 3470 1769 3526 similitudinem
1798 3469 1987 3526 effecta
2033 3471 2123 3538 sit,
2147 3482 2200 3527 et

601 3557 651 3614 si
677 3559 792 3616 sola
817 3558 995 3615 anima
1037 3559 1222 3628 homo,
1274 3569 1332 3616 ut
1357 3560 1486 3616 dicit
1517 3561 1730 3628 Paulus,
1763 3559 1900 3616 alius
1931 3570 2197 3630 terrenus,

598 3652 736 3708 alius
780 3654 1047 3721 animalis,
1076 3655 1214 3711 alius
1243 3655 1520 3726 spiritalis,
1553 3666 1609 3713 et
1655 3655 1758 3712 ista
1787 3656 1968 3712 omnia
2000 3657 2053 3712 in
2087 3673 2193 3713 uno

600 3741 844 3805 homine.
871 3745 966 3800 sed
995 3749 1226 3802 maxime
1256 3746 1526 3804 hominem
1547 3748 1864 3805 interiorem
1892 3749 2204 3821 frequenter

607 3833 758 3901 dicit,
803 3834 884 3889 sic
910 3837 1052 3890 enim
1082 3846 1164 3892 est
1207 3839 1385 3893 anima
1421 3857 1434 3894 :
1464 3841 1671 3912 colligit
1695 3842 1839 3897 enim
1869 3849 2001 3909 νοῦν,
2035 3851 2088 3897 et
2121 3841 2204 3896 di-

602 3925 783 3981 viuam
805 3926 1071 3994 animam;
1100 3938 1154 3984 et
1174 3929 1594 3988 dicitccelestem
1619 3934 1912 4003 hominem,
1939 3935 2201 4006 reliquum

602 4030 782 4076 autem
810 4029 1084 4077 terrenum
1108 4021 1403 4078 hominem.
1430 4024 1488 4081 Si
1517 4024 1658 4080 istud
1681 4039 1786 4093 est,
1814 4027 1991 4083 anima
2022 4038 2203 4083 nostra

598 4111 752 4183 juxta
775 4113 1061 4185 imaginem
1087 4124 1173 4171 est
1215 4115 1326 4178 Dei,
1366 4127 1422 4172 et
1463 4117 1676 4173 Domini
1722 4118 1849 4175 Jesu
1893 4118 2116 4175 ChriSti.
2147 4119 2204 4175 Si

603 4204 746 4260 enim
767 4205 1014 4262 Christus
1041 4207 1170 4275 vita,
1187 4217 1241 4264 et
1274 4209 1547 4284 Aéyogest,
1573 4209 1748 4281 imago
1773 4221 1856 4266 est
1876 4210 1991 4278 Dei,
2023 4211 2074 4265 in
2100 4226 2202 4282 qua

603 4296 834 4368 imagine
855 4300 1178 4370 perspicitur
1198 4301 1356 4358 Pater
1374 4303 1534 4366 Deus.
1562 4303 1666 4358 hoc
1693 4313 1778 4360 est
1798 4303 1940 4374 quod
1961 4304 2100 4359 Deus
2122 4312 2207 4359 est

604 4401 728 4444 esse
754 4389 808 4443 in
833 4388 944 4445 vita
979 4408 992 4443 :
1019 4390 1124 4448 hoc
1160 4401 1244 4447 est
1275 4393 1420 4448 enim
1453 4395 1628 4464 imago
1659 4404 1718 4449 ut
1741 4393 1948 4452 dictum
1991 4403 2075 4450 est
2105 4411 2120 4448 :
2152 4403 2206 4450 et

603 4480 648 4535 si
678 4490 763 4536 est
796 4479 1044 4540 Christus
1073 4484 1201 4550 vita,
1228 4485 1370 4555 quod
1400 4497 1481 4542 est
1529 4496 1710 4542 autem
1741 4486 1942 4554 vivere,
1983 4486 2086 4542 hoc
2122 4497 2205 4542 cst

2288 1891 2401 1961 ipsa
2431 1891 2609 1946 anima
2642 1906 2858 1962 semper
2879 1907 2998 1962 qua:
3015 1906 3232 1948 sursum
3255 1893 3327 1949 sit
3353 1895 3635 1958 mundanas
3658 1898 3800 1952 animas

2288 1986 2533 2056 gignens,
2566 1996 2620 2041 et
2650 1984 2789 2041 istud
2811 2001 2940 2057 ergo
2966 1986 3117 2057 juxta
3148 1987 3437 2058 imaginem
3478 1999 3534 2044 et
3571 1988 3799 2043 similitudi-

2291 2095 2438 2135 nem.
2484 2078 2772 2134 Videamus
2799 2094 2929 2150 ergo
2955 2079 3002 2134 si
3033 2089 3088 2135 et
3123 2081 3274 2152 juxta
3306 2097 3524 2137 carnem
3553 2081 3748 2152 quidem,
3769 2089 3802 2136 et

2287 2175 2438 2244 juxta
2459 2188 2678 2229 carnem
2721 2175 2907 2230 dicunt
2932 2190 3044 2245 prae
3069 2174 3424 2242 divinatione,
3456 2175 3681 2246 quoniam
3706 2174 3802 2228 Iulu-

2291 2281 2408 2321 rum
2436 2275 2556 2322 erat
2589 2279 2646 2321 ut
2672 2265 2828 2322 Jesus
2849 2267 3098 2322 indueret
3119 2282 3363 2326 carnem.
3396 2267 3504 2338 Ego
3541 2277 3690 2322 autem
3722 2267 3802 2320 dico

2293 2356 2434 2414 forte
2459 2360 2504 2413 si
2534 2367 2588 2414 et
2615 2359 2668 2414 in
2709 2359 2813 2415 isto
2839 2359 2978 2430 quod
3008 2360 3187 2435 Λόγος,
3219 2369 3272 2416 et
3297 2359 3482 2414 carnis
3505 2360 3595 2415 est
3618 2357 3802 2432 arma

2293 2451 2432 2506 Deus
2478 2460 2528 2506 et
2575 2451 2894 2522 corporalis,
2919 2461 2972 2507 et
3019 2466 3182 2522 super
3222 2466 3388 2506 omne
3415 2465 3600 2522 corpus
3640 2449 3802 2504 dicitur:

2295 2542 2533 2612 potentia
2580 2543 2726 2598 enim
2777 2543 3150 2598 universorum
3196 2553 3251 2597 et
3288 2545 3530 2597 omnium
3567 2541 3702 2602 Deus,
3735 2553 3802 2593 non

2295 2633 2488 2689 frustra
2519 2633 2810 2690 secundum
2860 2635 3144 2704 imaginem
3177 2635 3449 2706 corporis.
3495 2633 3550 2691 Si
3569 2632 3686 2689 enim
3709 2630 3802 2685 futu-

2300 2741 2420 2781 rum
2448 2734 2531 2781 est
2555 2736 2796 2781 nostrum
2827 2742 3024 2797 corpus
3052 2735 3105 2782 οι
3143 2742 3364 2783 carnem
3392 2742 3668 2798 resurgere,
3691 2735 3730 2780 et
3750 2727 3804 2778 III-

2296 2819 2465 2874 (luere
2501 2819 2982 2889 incorruptionem,
3009 2828 3066 2875 et
3091 2820 3204 2875 fieri
3231 2820 3532 2891 spiritualis
3555 2834 3678 2884 caro,
3702 2816 3804 2873 sicuti

2297 2923 2351 2970 et
2380 2914 2634 2971 Salvator
2662 2925 2845 2970 noster
2867 2914 3016 2985 juxta
3044 2916 3222 2970 omnia
3253 2924 3308 2970 et
3335 2915 3459 2982 fuit,
3485 2926 3536 2971 et
3563 2897 3804 2975 resurrexit,

2298 3014 2354 3062 et
2374 3007 2637 3073 ascendit,
2660 3016 2715 3061 et
2740 3007 2972 3063 futurum
2997 3018 3079 3064 est
3103 3018 3159 3064 ut
3177 3009 3360 3065 veniat
3385 3027 3398 3065 :
3428 3017 3483 3066 et
3501 3011 3542 3064 si
3564 3016 3668 3080 post
3689 3019 3808 3061 resur-

2303 3100 2624 3156 reetionem‘
2645 3100 3044 3167 immutabitur,
3078 3103 3414 3172 accipientes
3462 3100 3678 3174 spiritale
3707 3097 3807 3152 indu-

2301 3201 2563 3258 mentum,
2596 3191 2729 3247 nihil
2759 3193 2983 3262 impedit
3001 3193 3154 3264 juxta
3195 3194 3487 3264 imaginem
3529 3193 3682 3249 carnis
3700 3202 3807 3258 supe-

2301 3283 2460 3339 rioris
2479 3291 2569 3340 τοῦ
2595 3283 2742 3356 λόγου
2771 3284 3041 3340 hominem
3082 3283 3276 3340 factum
3304 3300 3451 3346 esse.
3477 3286 3554 3341 Ad
3581 3283 3696 3339 istud
3717 3281 3808 3336 enim

2303 3377 2671 3432 teStimonium
2724 3376 2853 3432 dicit
2896 3376 3197 3447 Propheta,
3238 3377 3430 3434 dicens
3461 3397 3474 3431 :
3510 3377 3568 3431 Et
3595 3376 3692 3447 fecit
3722 3370 3810 3426 Dan

2301 3469 2557 3523 hominem
2588 3472 2745 3542 juxta
2789 3470 3066 3541 imaginem
3105 3468 3204 3524 Dei
3251 3468 3426 3539 (Gen.
3460 3486 3496 3536 ι,
3541 3469 3641 3538 27).
3665 3466 3706 3521 Si
3726 3461 3811 3516 fecit

2304 3559 2445 3616 Deus
2467 3559 2761 3615 secundum
2784 3560 3092 3631 imaginem,
3118 3561 3444 3631 paterjuxta
3468 3562 3556 3616 lilii
3575 3558 3809 3627 imaginem:

2303 3651 2362 3705 si-
2379 3661 2557 3707 autem
2586 3651 2724 3707 istud
2759 3651 2907 3719 dicit,
2932 3653 3050 3724 fecit
3072 3654 3238 3720 ipsum
3257 3654 3540 3707 masculum
3565 3661 3605 3706 et
3624 3649 3810 3719 faniam.

2305 3753 2360 3799 ut
2391 3743 2703 3814 praedictum
2738 3755 2840 3810 est,
2872 3747 2991 3817 fecit
3019 3747 3272 3800 hominem
3284 3747 3448 3818 juxta
3475 3746 3713 3816 imaginem
3734 3737 3813 3800 Dei;

2306 3837 2651 3894 manifestum
2675 3839 2930 3908 quoniam
2955 3848 3009 3894 et
3028 3839 3181 3910 juxta
3209 3854 3413 3910 corpus
3432 3850 3485 3895 et
3507 3850 3695 3894 carnem
3715 3831 3814 3884 valde

2305 3939 2360 3986 et
2388 3932 2634 4003 mystice,
2667 3939 2740 4006 τῷ
2782 3933 2914 4006 λόγῷ
2959 3931 3010 3986 in
3060 3946 3208 3986 mare
3257 3940 3312 3986 et
3350 3931 3542 3987 femina
3585 3928 3813 3983 existente:

2304 4025 2557 4094 quoniam
2581 4023 2697 4094 ipse
2726 4024 2941 4079 sibimet
2968 4023 3108 4078 filius
3145 4032 3278 4086 erat,
3309 4024 3363 4079 in
3395 4025 3562 4094 primo
3588 4031 3636 4077 et
3653 4014 3815 4073 secundo

2307 4122 2464 4182 partu
2508 4113 2823 4184 spiritaliter
2848 4121 2903 4169 ct
2931 4115 3238 4169 carnaliter.
3263 4114 3453 4169 Gratia
3498 4116 3600 4169 Deo
3639 4106 3764 4168 Patri.
3786 4113 3816 4156 ει

2306 4203 2443 4259 Filio
2472 4205 2606 4273 ejus,
2641 4203 2868 4258 Domino
2913 4215 3099 4259 nostro
3140 4203 3266 4260 Jesu
3312 4202 3547 4272 Christo,
3591 4218 3648 4259 ex
3679 4206 3817 4254 τεισυο

2308 4295 2362 4351 in
2391 4295 2800 4358 omniasaecula
2832 4295 3177 4353 szeeulorum.
3209 4296 3406 4353 Amen.

2787 4390 2988 4446 LIBER
3028 4389 3410 4448 SECUNDUS.

2379 4483 2418 4538 I.
2464 4483 2631 4540 Deum
2660 4485 3084 4555 omnipotentem
3129 4500 3321 4539 omnes
3374 4485 3600 4541 fatemur
3620 4477 3817 4535 Christum

601 4572 766 4649 Λόγος
794 4575 908 4645 ipsa
935 4584 1114 4631 autem
1142 4576 1272 4645 vita,
1299 4577 1400 4634 hoc
1427 4587 1510 4635 est
1535 4579 1676 4649 quod
1698 4590 1783 4635 est
1810 4594 1952 4647 esse,
1986 4579 2089 4633 hoc
2108 4594 2205 4634 au-
2233 4557 2285 4618 D
2312 4575 2494 4634 Jesum
2523 4593 2620 4633 nos
2646 4592 2824 4643 nunc;
2853 4592 2977 4633 mox
3006 4586 3186 4634 tamen
3214 4579 3521 4634 fatebuntur
3542 4587 3720 4636 omnes,
3744 4566 3819 4637 qur

613 4673 719 4720 tein
771 4666 915 4736 quod
941 4677 1026 4723 est
1051 4683 1192 4735 esse,
1224 4670 1384 4726 Pater
1409 4680 1511 4726 est.
1544 4671 1611 4726 Et
1638 4671 1687 4728 si
1715 4686 1900 4728 rursus
1941 4671 2054 4743 ipsa
2103 4671 2208 4727 vita

610 4756 711 4811 hoc
736 4767 816 4812 est
837 4759 978 4830 quod
1011 4760 1310 4832 intelligere
1339 4779 1352 4816 :
1379 4763 1432 4818 id
1462 4774 1638 4820 autem
1667 4774 1752 4821 est
1781 4775 2000 4821 sanctus
2023 4764 2207 4835 Spiii-

614 4857 716 4913 tus,
750 4857 803 4904 et
835 4851 931 4904 tria
964 4851 1062 4907 ista
1088 4864 1214 4909 sunt
1239 4854 1442 4921 omnia;
1470 4865 1523 4912 et
1561 4857 1615 4912 in
1647 4873 1972 4928 unoquoque
2004 4857 2126 4923 tria,
2158 4865 2214 4912 et

613 4955 778 4995 unum
803 4943 901 4996 tria
919 4954 972 4998 et
991 4945 1210 5001 omnino
1227 4947 1496 5020 ὁμοούσια.
1517 4949 1576 5006 Si
1602 4949 1762 5021 igitur
1783 4951 1984 5016 anima,
2017 4965 2210 5006 secun-

613 5034 740 5090 dum
773 5037 916 5105 quod
940 5038 1116 5094 anima
1145 5051 1247 5104 cst,
1271 5053 1325 5096 et
1347 5044 1540 5099 anima:
1573 5059 1693 5101 esse
1721 5055 1822 5114 est,
1854 5054 1909 5102 et
1951 5045 2130 5102 vivere
2157 5055 2212 5102 et

615 5126 916 5198 intelligere
961 5139 1041 5184 est
1077 5133 1215 5187 :tria
1253 5150 1383 5203 ergo
1433 5137 1727 5206 superioris
1773 5139 1998 5194 Triados
2031 5143 2212 5195 anima

615 5231 719 5285 est,
743 5231 800 5274 ut
827 5219 1001 5290 imago
1018 5221 1281 5294 imaginis.
1306 5225 1403 5280 Est
1420 5229 1564 5282 enim
1582 5229 1734 5298 juxta
1755 5231 1897 5300 quod
1923 5231 2100 5288 anima
2130 5241 2214 5287 est

615 5313 670 5370 in
697 5327 763 5369 eo
787 5313 930 5385 quod
960 5323 1046 5370 est
1070 5329 1210 5383 esse,
1237 5327 1291 5372 et
1315 5319 1476 5374 vitam
1509 5320 1665 5388 dans,
1697 5331 1753 5375 et
1778 5321 2209 5394 intelligentiam,

616 5417 742 5464 ante
781 5409 1079 5482 intelligere
1108 5409 1267 5466 simul
1321 5413 1541 5482 habens,
1589 5415 1840 5487 ὁμοούσια
1889 5415 1943 5470 iu
1991 5433 2116 5482 uno,
2159 5425 2216 5472 et

619 5509 746 5554 Slllll
771 5501 978 5573 singula
1009 5510 1066 5557 ut
1092 5518 1188 5558 sua
1212 5505 1529 5572 substantia,
1558 5520 1663 5561 non
1693 5505 1975 5573 scissione,
2007 5524 2112 5564 non
2135 5509 2216 5569 di-

623 5591 850 5660 visione,
878 5610 985 5652 uon
1014 5595 1295 5664 ell'usioue,
1333 5613 1433 5654 nec
1464 5601 1827 5671 protensione,
1862 5614 2035 5671 neque
2063 5610 2216 5670 partu

624 5685 869 5757 praecisa,
898 5688 994 5744 sed
1028 5690 1354 5762 sempiterna
1386 5691 1484 5748 tria
1517 5710 1530 5748 :
1578 5691 1724 5748 aliud
1752 5691 1989 5749 existens
2028 5692 2082 5749 in
2108 5694 2216 5751 alio

623 5779 906 5851 existente,
922 5790 975 5840 et
993 5781 1091 5840 ista
1108 5785 1558 5854 snbstantialiter;
1579 5783 1727 5856 juxta
1755 5785 2040 5858 imaginem
2063 5802 2212 5860 ergo.

2311 4671 2412 4727 bus
2441 4670 2575 4727 ﬁdes
2604 4672 2658 4726 in
2699 4670 2974 4726 Christum
3003 4669 3193 4726 ﬁlium.
3245 4672 3321 4728 De
3361 4682 3581 4741 utroque
3606 4663 3723 4737 quod
3755 4658 3822 4713 sint

2312 4762 2494 4827 ambo,
2526 4771 2582 4818 et
2620 4763 2852 4832 singuli:
2883 4763 3085 4834 quippe
3115 4772 3173 4817 ut
3208 4772 3359 4833 pater
3387 4763 3546 4829 Deus,
3580 4751 3820 4814 filiuslesus

2312 4854 2576 4919 Christus,
2613 4863 2720 4909 tota
2775 4855 2930 4910 nobis
2971 4856 3162 4926 religio
3196 4866 3300 4923 est,
3328 4865 3383 4911 et
3413 4870 3538 4926 spes
3582 4861 3693 4913 tota,
3716 4853 3756 4900 el
3789 4842 3820 4894 in

2313 4948 2416 5002 isto
2447 4947 2599 5002 fides.
2631 4947 2739 5004 Sed
2766 4963 2890 5003 cum
2917 4947 3150 5004 fatemur
3178 4948 3418 5019 singulos
3447 4947 3595 5014 duos,
3621 4954 3750 4999 unum
3773 4946 3822 4987 la-

2314 5059 2436 5101 meu
2472 5044 2640 5099 Deum
2669 5043 2919 5110 dicimus,
2967 5053 3023 5099 et
3051 5045 3238 5100 ambos
3266 5060 3428 5099 unum
3463 5045 3637 5106 Deum,
3663 5031 3772 5108 quod
3789 5037 3822 5082 et

2315 5146 2465 5208 pater
2502 5138 2572 5193 sit
2603 5139 2655 5192 in
2681 5135 2814 5203 tilio,
2860 5145 2914 5192 et
2943 5135 3084 5191 filius
3112 5139 3163 5192 iu
3195 5149 3364 5208 patre.
3399 5137 3501 5192 Alii
3541 5146 3681 5188 unum
3707 5128 3819 5182 Deum

2313 5230 2499 5285 dicunt
2529 5238 2734 5300 patrem
2765 5230 2962 5296 solum,
2994 5229 3164 5284 lilium
3196 5245 3326 5286 vero
3355 5230 3634 5291 hominem,
3659 5220 3733 5278 sed
3758 5217 3821 5270 δοε

2315 5337 2456 5378 nunc
2483 5323 2796 5377 omittamus
2826 5341 2840 5377 :
2871 5323 3067 5378 etenim
3104 5323 3289 5378 Jesum
3318 5323 3482 5378 filium
3516 5337 3624 5378 cum
3658 5313 3820 5372 dicimus

2317 5425 2371 5472 et
2397 5423 2682 5486 antequam
2711 5415 2776 5470 de
2800 5415 2964 5470 Maria
2996 5425 3339 5482 nasceretur,
3375 5415 3535 5470 fuisse
3569 5411 3710 5466 ﬁlium
3731 5415 3820 5457 con-

2321 5510 2555 5566 fitemur.
2598 5508 2731 5564 Nam
2757 5509 2802 5564 si
2825 5506 3005 5583 (Joan.
3036 5525 3076 5574 ι,
3109 5507 3225 5581 1-5)
3255 5509 3308 5562 in
3337 5508 3576 5579 principio
3598 5502 3680 5573 {uit
3703 5493 3817 5567 λόγος.

2321 5613 2375 5660 et
2398 5605 2546 5676 λόγος
2568 5603 2664 5673 fuit
2687 5601 2757 5656 ad
2788 5599 2972 5670 Deum,
3017 5609 3065 5655 et
3093 5599 3235 5655 Deus
3283 5602 3375 5672 fuit
3403 5600 3508 5670 ipse
3543 5597 3686 5667 λόγος.
3710 5587 3818 5641 (Μοί

2322 5699 2422 5772 fuit
2450 5697 2503 5752 in
2529 5695 2802 5767 principio,
2827 5695 2919 5766 qui
2944 5709 3066 5751 cum
3097 5703 3280 5765 postea
3311 5695 3452 5768 λόγος
3478 5707 3588 5747 caro
3609 5685 3816 5776 [actuali

2322 5788 2461 5844 idem
2482 5795 2566 5844 est
2605 5787 2760 5855 Λόγον
2785 5800 2906 5845 esse
2951 5794 3006 5844 et
3033 5786 3236 5844 .lesum.
3288 5785 3341 5842 Si
3383 5785 3519 5842 enim
3547 5782 3594 5835 in
3634 5771 3818 5847 principi"
