4018 6184
244 181 361 241 1089

1341 171 1699 233 ADVERSUS
1731 164 1946 229 ΑΠΙοΜ
1985 168 2186 228 LIBER
2208 168 2294 229 'll.

3378 175 3518 237 1090

241 307 328 352 erat
374 294 535 370 λόγος,
586 293 639 350 in
684 292 945 365 principio
990 292 1151 358 ﬁlius,
1203 291 1295 364 qui
1343 300 1528 364 postea
1558 292 1610 347 in
1649 287 1890 347 carneA
1918 297 2005 345 tur
2028 304 2217 346 omnes
2254 288 2348 361 qui
2378 286 2491 345 haec
2516 295 2676 360 atque
2702 287 3007 359 hujusmodi
3055 289 3125 345 de
3152 288 3367 347 Christo
3392 305 3519 347 sen-

241 388 397 455 lesus,
436 397 655 459 propter
688 386 1025 459 mysterium,
1068 385 1208 458 quod
1238 385 1493 442 mandato
1524 385 1694 458 patris
1720 387 1819 440 im-

241 481 407 553 plevit.
443 480 735 563 Fatendum
772 490 857 537 est
887 480 1046 551 igitur
1069 495 1099 536 a
1132 479 1399 552 principio
1422 479 1592 536 fuisse
1622 478 1813 534 ﬁlium.

242 572 306 629 De
332 573 498 645 patris
523 572 843 635 substantia,
892 587 960 627 an
1006 582 1156 627 extra
1204 571 1472 627 dicimus?
1525 569 1633 625 Sed
1677 567 1816 624 istud

142 732 150 742 η
242 663 593 736 quaerendum.
621 662 760 719 Num
784 664 948 720 Deum
979 679 1085 719 non
1109 662 1339 718 fatemur
1360 661 1516 719 esse?
1540 659 1813 716 Fatemur.

242 758 329 826 Qui
360 758 518 829 igitur
560 772 681 814 esse
726 756 866 813 istud
893 759 1123 813 ἁνούσιον
1165 756 1415 823 dicimus,
1448 770 1515 809 an
1549 753 1819 809 ἐνούσιονῖ

244 851 290 908 id
307 862 406 918 est,
421 852 539 909 sine
560 850 878 918 substantia,
899 868 967 906 an
993 850 1386 907 substantiam?
1428 849 1702 914 ’Δνούσιον,
1734 847 1818 902 in-

244 946 437 1018 quiunt.
485 943 728 1020 Accipio,
760 943 854 999 sed
897 959 1084 1015 quaaro
1109 945 1367 1009 ἀνούσιον,
1390 941 1682 1013 quomodo,
1730 939 1821 1010 qui

242 1039 523 1096 substantia
548 1054 653 1093 non
684 1039 757 1094 sit
780 1038 1038 1093 omnino?
1063 1054 1131 1094 an
1162 1040 1253 1109 qui
1279 1052 1440 1108 supra
1468 1035 1821 1092 substantiam

208 1124 211 1131 “
243 1131 331 1199 sit,
360 1131 413 1187 id
441 1140 522 1187 est
558 1132 906 1211 ὑπερούσιονῖ
951 1131 1078 1187 Sine
1129 1130 1431 1187 substantia
1484 1129 1605 1200 quis
1655 1127 1829 1197 dicat,”

245 1223 397 1280 Deum
422 1222 511 1293 qui
553 1237 676 1279 esse
706 1222 974 1279 fateatur?
1024 1237 1146 1280 esse
1191 1225 1337 1279 enim
1394 1221 1473 1277 illi
1523 1220 1822 1276 substantia

242 1329 346 1379 sua,
378 1330 482 1371 non
506 1314 593 1369 illa
611 1314 763 1370 nobis
787 1322 936 1382 nota,
959 1313 1055 1370 sed
1077 1315 1190 1384 ipsc
1217 1314 1358 1385 quod
1377 1323 1459 1369 est
1480 1314 1656 1383 ipsum
1681 1326 1823 1379 esse,

243 1415 318 1462 est
339 1406 455 1478 ipse
476 1420 583 1463 non
600 1422 666 1462 ex
682 1406 999 1474 substantia,
1030 1406 1126 1462 sed
1146 1407 1260 1477 ipsa
1288 1406 1605 1471 substantia,
1630 1420 1827 1476 parens

244 1498 493 1566 omnium,
522 1514 552 1554 a
580 1514 641 1555 se
680 1499 780 1555 sibi
826 1513 948 1555 esse
977 1498 1235 1563 tribuens,
1283 1500 1454 1569 prima
1501 1497 1823 1563 substantia,

243 1589 553 1645 universalis
580 1589 898 1657 substantia,
946 1597 1072 1645 ante
1102 1589 1452 1647 substantiam
1503 1588 1821 1643 substantia.

1921 380 2097 437 tiunt:
2129 381 2413 452 loquamur
2454 396 2576 436 cum
2615 380 2698 436 his
2719 423 2734 448 ,
2766 381 2860 452 qui
2906 380 3181 438 Christum
3222 382 3316 438 Dei
3345 380 3513 438 ﬁlium

1919 475 2124 540 dicunt,
2156 486 2209 531 et
2239 475 2403 530 ﬁlium
2433 484 2639 540 natum,
2668 472 2867 545 quippe
2895 489 3016 529 cum
3041 473 3311 531 fateantur
3331 474 3518 546 unige-

1921 571 2112 633 nitum,
2137 569 2377 640 genitum
2403 570 2606 639 utique,
2641 584 2747 625 non
2773 568 2992 625 factum.
3021 569 3212 625 Parum
3242 569 3383 626 istud
3413 580 3514 637 εει,

1922 661 2181 730 adjiciunt
2205 703 2220 727 ,
2252 661 2321 719 de
2366 670 2521 733 patre
2547 661 2753 727 ﬁlium,
2799 661 2868 719 de
2912 662 3022 719 Deo
3053 662 3254 728 Deum,
3286 662 3355 717 de
3394 677 3522 720 vero

1923 752 2127 809 lumine
2155 752 2335 809 lumen
2363 769 2578 821 verum,
2610 754 2794 824 utique
2819 762 2876 810 et
2897 754 3280 826 consequentia
3307 753 3379 811 de
3401 753 3525 825 Spi-

1923 845 2031 901 ritu
2053 889 2067 914 ,
2098 848 2358 919 Spiritum
2381 889 2398 913 ,
2426 858 2482 905 et
2504 848 2560 904 in
2583 859 2736 920 patre
2762 849 2932 905 ﬁlium
2952 891 2966 916 ,
2997 850 3125 906 etin
3154 850 3262 907 ﬁlio
3289 858 3521 921 patrem;

1924 935 2042 994 haec
2068 951 2189 994 cum
2214 938 2482 995 fateantur
2502 939 2732 996 consilio
2761 940 2932 1007 nullo,
2962 941 3168 996 ratione
3192 939 3401 996 timoris
3423 955 3524 1012 po-

1927 1030 2032 1087 tius
2068 1048 2228 1105 quam
2258 1034 2524 1090 veritatis.
2558 1033 2667 1093 Alii
2697 1035 3051 1091 substantiam
3086 1035 3207 1093 heic
3238 1037 3525 1092 nominan-

1930 1122 2052 1179 dam
2081 1134 2308 1195 negant,
2331 1125 2422 1180 alii
2453 1125 2753 1192 nominant,
2783 1127 2878 1182 sed
2907 1127 3140 1184 similem
3171 1128 3390 1196 volunt,
3419 1143 3525 1184 non

1929 1217 2176 1274 eamdem
2207 1218 2408 1275 dicere.
2434 1218 2643 1287 Quibus
2667 1220 2799 1276 illud
2829 1220 3059 1292 primum
3087 1222 3525 1294 perSpit-iendum

1929 1320 2033 1377 est,
2068 1311 2210 1381 quod
2239 1312 2498 1384 propheta
2527 1311 2692 1369 Isaias
2712 1313 2848 1369 dixit
2873 1313 3007 1387 (Ira.
3039 1331 3189 1382 mu,
3217 1315 3308 1384 10)
3342 1333 3355 1371 :
3383 1314 3527 1370 Nul—

1934 1404 2017 1458 lus
2064 1405 2163 1475 fuit
2207 1413 2327 1459 ante
2359 1421 2440 1460 me
2474 1402 2613 1459 Deus
2635 1448 2650 1471 ,
2687 1414 2734 1459 et
2762 1416 2874 1477 post
2914 1423 2994 1461 me
3034 1408 3210 1463 nullus
3243 1409 3340 1463 erit
3381 1407 3530 1463 simi-

1932 1494 1997 1549 lis
2069 1494 2229 1550 Deus.
2282 1495 2337 1552 Si
2393 1496 2535 1552 ﬁlius
2584 1495 2863 1564 Christus,
2916 1497 3099 1569 utique
3145 1510 3265 1570 post
3328 1500 3528 1567 Deum,

1934 1584 2187 1642 Christus
2215 1606 2229 1655 ;
2267 1586 2448 1643 nullus
2483 1598 2658 1646 autem
2686 1590 2875 1667 similis
2910 1601 3032 1662 post
3063 1592 3227 1648 Dcunt
3275 1591 3521 1649 Christus

243 1682 339 1737 Per
364 1681 414 1736 id
446 1682 606 1753 igitur
633 1680 774 1752 quod
809 1682 1119 1758 ὑπερούσιος
1144 1690 1250 1748 εει,
1282 1683 1514 1743 datodato;-
1543 1695 1574 1734 ει
1602 1680 1824 1751 quibus-

1949 1694 2060 1751 :rgn
2073 1695 2176 1735 non
2198 1680 2392 1736 similis
2420 1681 2711 1748 Deo,autsi
2744 1698 2849 1737 non
2883 1692 3003 1754 post
3028 1684 3221 1751 Deum,
3250 1695 3394 1740 certe
3409 1701 3529 1741 cum

240 1773 353 1830 dam
399 1773 614 1841 dicitur,
665 1789 772 1830 non
819 1776 962 1846 quod
992 1776 1064 1830 sit
1097 1775 1213 1830 sine
1256 1774 1579 1841 substantia,
1629 1774 1827 1844 quippe

242 1868 451 1923 cum‘sit
483 1885 498 1923 :
533 1882 855 1924 veneremur
881 1882 1012 1939 ergo
1042 1869 1233 1934 Deum,
1265 1876 1320 1923 et
1342 1882 1467 1923 esse
1486 1867 1747 1933 dicamus,
1778 1866 1830 1923 id

244 1969 320 2014 cst
348 1959 592 2022 ἑνούσιον,
620 1959 709 2027 qui
736 1959 1014 2013 constituit
1042 1958 1245 2025 omnia,
1283 1959 1479 2014 cmlum
1510 1965 1566 2013 et
1608 1967 1827 2025 terram,

247 2049 522 2116 mundum,
554 2050 793 2120 spiritus,
836 2050 1078 2120 angelos,
1101 2051 1329 2114 animas,
1357 2049 1630 2117 animalia,
1659 2060 1714 2106 et
1739 2050 1836 2105 lto-

246 2141 443 2196 minent
471 2139 536 2196 ad
560 2129 844 2212 imaginem
865 2148 922 2197 et
940 2141 1341 2197 similitudinem
1360 2143 1610 2214 imaginis
1624 2159 1834 2199 eorum.

249 2233 381 2303 Quid
406 2235 567 2306 igitur
593 2250 714 2289 cum
753 2234 824 2290 sit
866 2234 1132 2298 ἐνούσιοςῖ
1181 2235 1321 2291 Deus
1348 2244 1503 2306 pater
1545 2235 1729 2306 utique
1754 2235 1839 2292 di-

249 2328 401 2394 citur,
435 2328 515 2383 sic
540 2326 790 2396 fatemur,
831 2335 885 2383 et
916 2336 1067 2398 pater
1099 2327 1366 2400 Unigeniti
1396 2346 1408 2382 :
1438 2329 1679 2385 omnium
1708 2328 1839 2387 ﬁdes

250 2419 371 2477 ista.
404 2419 540 2475 Num
573 2420 733 2491 igitur
758 2419 894 2475 fallit
932 2420 1343 2492 intelligentiam
1372 2420 1634 2487 Verbum,
1667 2422 1840 2478 ambi-

247 2528 351 2585 guo
379 2512 516 2569 suo?
562 2511 761 2569 Genuit
804 2512 946 2568 enim
990 2529 1108 2581 vos,
1158 2522 1213 2570 et
1256 2513 1322 2569 de
1355 2512 1664 2569 hominibus
1707 2514 1843 2570 dixit

253 2605 388 2660 Deus
418 2622 430 2657 :
463 2604 507 2661 si
538 2603 698 2675 igitur
727 2603 995 2675 significat
1023 2605 1182 2676 genui
1221 2610 1278 2660 et
1303 2605 1505 2671 creavi,
1540 2613 1599 2659 ut
1621 2612 1841 2660 creatu-

250 2711 385 2764 ram,
416 2707 472 2752 et
512 2696 828 2752 naturaliter
873 2697 939 2752 de
984 2711 1102 2752 mea
1128 2697 1425 2753 substantia
1475 2698 1658 2770 genui.
1704 2698 1844 2766 Quid

251 2791 419 2862 magis
446 2791 756 2863 unigenito?
785 2790 913 2862 quid
953 2791 1003 2847 ei
1031 2793 1121 2864 qui
1150 2790 1290 2848 ﬁlius
1335 2793 1459 2849 est?
1501 2793 1627 2865 quid
1661 2793 1711 2849 ei
1755 2794 1844 2864 qui

252 2899 388 2940 unus
416 2889 473 2938 et
492 2883 681 2940 solus?
702 2883 830 2954 quid
850 2884 899 2940 ei
923 2882 976 2938 in
1005 2899 1112 2955 quo
1138 2893 1292 2956 pater
1315 2885 1437 2942 est?
1454 2887 1580 2956 quid
1612 2866 1775 2957 ei'qui
1793 2886 1844 2942 in

254 2986 403 3048 patre
425 2976 546 3033 est?
575 2977 701 3047 quid
729 2977 779 3034 ei
798 2978 887 3049 qui
915 2978 1064 3051 λόγος
1090 2987 1190 3046 est,
1217 2981 1305 3049 qtti
1352 2980 1403 3033 in
1428 2980 1682 3051 principio
1712 2989 1845 3045 erat,

1933 1771 2062 1838 Deo,
2095 1788 2216 1827 nam
2245 1784 2369 1828 ante
2394 1772 2561 1828 Deum
2582 1773 2735 1829 nullo
2756 1773 2915 1831 modo
2943 1775 3238 1849 ὁμοούσιον.
3270 1776 3337 1832 Et
3366 1776 3533 1834 David

1933 1865 2012 1921 sic
2032 1865 2259 1935 (Psalm.
2283 1882 2414 1931 Lxx,
2448 1867 2540 1939 l9)
2568 1868 2743 1924 nullus
2774 1868 2956 1924 similis
2975 1870 3085 1925 tibi.
3118 1868 3342 1937 Deinde,
3389 1868 3534 1942 quod

1935 1958 2119 2014 multis
2142 1958 2463 2026 docuimus,
2513 1959 2809 2015 substantia
2842 1961 2893 2015 in
2937 1976 3004 2016 eo
3047 1961 3188 2031 quod
3236 1962 3535 2019 substantia

1936 2058 2043 2114 est,
2070 2050 2312 2105 maxime
2338 2050 2385 2105 si
2407 2050 2478 2106 sit
2505 2050 2745 2122 ejusdem
2772 2054 3005 2123 generis,
3028 2062 3083 2108 et
3112 2053 3226 2111 haec
3252 2055 3303 2109 itt
3326 2055 3536 2113 duobus

1937 2141 2248 2212 pluribusve
2288 2143 2361 2199 sit
2383 2184 2399 2208 ,
2447 2142 2565 2200 iure
2588 2144 2775 2201 eadem
2805 2160 2912 2200 non
2958 2144 3151 2202 similis
3188 2146 3386 2203 dicitur
3412 2161 3536 2203 esse

1938 2234 2267 2301 substantia;
2299 2246 2359 2291 ιιι
2382 2237 2561 2293 anima
2588 2237 2886 2294 substantia
2930 2250 3046 2308 est,
3087 2248 3214 2296 sunt
3237 2241 3365 2297 licet
3391 2241 3533 2297 mul-

1939 2335 2009 2383 tm
2047 2328 2277 2394 animat,
2325 2330 2378 2385 in
2431 2345 2498 2386 eo
2546 2332 2688 2403 quod
2737 2332 2931 2389 anima:
2978 2342 3133 2403 sunt,
3162 2350 3268 2390 una
3312 2344 3396 2390 cst
3432 2334 3540 2391 illis

1942 2419 2240 2492 eademque
2260 2421 2580 2478 substantia.
2613 2423 2730 2481 Non
2759 2426 2899 2498 quod
2927 2428 3267 2495 prmcesserit
3295 2427 3384 2483 illa
3411 2427 3540 2484 sub-

1941 2513 2136 2569 stantia
2166 2522 2220 2570 et
2259 2516 2662 2586 prteexstiterit,
2694 2518 2790 2574 sed
2818 2518 2976 2574 simul
3006 2534 3222 2591 semper
3247 2519 3538 2589 exstiterit,

1943 2605 2016 2660 ita
2037 2614 2092 2662 et
2122 2606 2175 2662 in
2202 2607 2435 2665 caneris.
2473 2608 2685 2677 Quanto
2711 2610 2881 2683 magis
2907 2610 2960 2668 in
2994 2612 3140 2669 Deo?
3176 2629 3298 2671 cum
3327 2613 3443 2686 ipse
3470 2613 3544 2671 sit

1944 2699 2097 2770 origo
2122 2700 2468 2768 substantize,
2498 2718 2619 2759 cum
2650 2719 2757 2774 quo
2780 2704 2963 2761 divino
2990 2706 3221 2778 quodam
3249 2716 3370 2762 ortu
3399 2705 3543 2765 ﬁlius

1941 2805 1976 2846 a
2008 2801 2161 2862 patre
2188 2801 2406 2864 accepta
2435 2795 2734 2852 substantia
2755 2839 2769 2864 ,
2799 2811 3016 2868 semper
3041 2815 3160 2855 cum
3184 2814 3250 2855 eo
3269 2841 3284 2867 ,
3308 2799 3437 2863 etin
3453 2815 3541 2866 eo,

1948 2891 2008 2937 ιιι
2035 2883 2173 2939 alter
2200 2894 2359 2955 atque
2405 2884 2544 2941 idem
2587 2886 2830 2958 ejusdem
2874 2890 3224 2958 substantiae,
3269 2890 3414 2947 nulla
3459 2892 3546 2949 vel

1952 2975 2094 3031 illius
2120 2975 2508 3046 diminutione,
2538 2981 2622 3036 vel
2668 2979 2827 3050 hujus
2851 2983 3162 3055 acceptione
3189 2983 3547 3040 consubstan-

251 3079 304 3125 et
328 3079 438 3125 erat
463 3070 602 3139 apud
635 3068 821 3138 Deum,
849 3079 897 3123 et
926 3070 1061 3124 Deus
1081 3080 1175 3136 est,
1203 3082 1251 3125 et
1276 3087 1366 3140 per
1385 3085 1534 3142 quem
1561 3076 1701 3142 facta
1728 3080 1849 3126 sunt
1875 3051 1919 3115 Ο
1954 3068 2067 3124 tiali
2097 3069 2417 3138 completiva
2444 3072 2702 3129 unalitate
2728 3074 2872 3130 Deus
2895 3051 3055 3147 atque
3079 3075 3250 3133 virtus
3269 3078 3384 3146 ejtts
3407 3091 3549 3134 sem-

254 3164 448 3230 omnt'a,
479 3171 528 3219 et
553 3164 662 3218 sine
684 3180 781 3235 quo
810 3167 1002 3236 factum
1025 3164 1101 3220 est
1120 3166 1249 3220 niln'l
1270 3164 1447 3239 (Joan.
1478 3182 1518 3232 t,
1537 3165 1679 3239 1-5).
1710 3166 1848 3235 Quid

251 3268 434 3314 autem
483 3257 583 3312 hoc
612 3256 898 3328 signiﬁcat,
942 3258 1082 3328 quod
1112 3244 1361 3313 Christus
1406 3258 1750 3329 unigenitus?
1790 3258 1850 3315 Si

251 3351 398 3408 enim
432 3351 574 3406 Deus
615 3351 854 3406 omnium
897 3358 1047 3419 pater
1086 3361 1169 3407 est
1197 3350 1490 3406 secundum
1522 3362 1845 3419 creaturam,

251 3442 525 3515 quomodo
550 3441 711 3514 hujus
735 3443 993 3514 unigeniti
1034 3453 1207 3513 pater,-
1238 3444 1284 3499 si
1316 3457 1421 3498 non
1455 3444 1561 3500 alio
1604 3443 1766 3499 modo
1795 3450 1851 3500 et

252 3552 321 3593 ex
347 3536 668 3602 substantia,
720 3551 826 3592 non
866 3551 931 3592 ex
972 3526 1177 3592 nihilo?
1220 3537 1351 3591 Erat
1387 3545 1567 3592 autem
1610 3552 1717 3591 non
1749 3536 1851 3593 alia

251 3630 554 3694 substantia
596 3639 722 3687 ante
760 3632 939 3686 omnia
980 3646 1139 3700 quam
1174 3630 1341 3703 patris
1372 3648 1384 3685 :
1413 3631 1481 3689 de
1511 3632 1682 3705 patris
1722 3646 1853 3704 ergo

252 3722 555 3779 substantia
580 3720 850 3780 Christus.

326 3816 393 3874 ll.
419 3819 530 3889 Age
556 3836 568 3871 :
592 3834 733 3874 nunc
751 3832 871 3873 esse
892 3818 946 3874 in
968 3818 1238 3875 Christum
1261 3819 1510 3877 fatemur.
1534 3820 1855 3889 Qureramus

248 3908 449 3966 eodem
474 3908 632 3964 modo
653 3908 779 3977 hoc,
812 3925 933 3966 esse
968 3913 1189 3968 ἐνούσιον
1212 3921 1316 3989 εει,
1349 3929 1415 3968 an
1441 3914 1711 3970 ἀνούσιονῖ
1736 3913 1856 3969 lam

253 4021 423 4080 supra
458 4006 659 4063 dictum
704 4010 934 4066 ἀνούσιον
971 4023 1092 4065 εεεε
1120 4024 1226 4064 non
1273 4024 1434 4080 posse
1477 4011 1564 4066 cui
1605 4011 1678 4066 sit
1712 4024 1856 4066 esse.

253 4099 398 4168 Quid
427 4097 620 4170 igitur?
646 4098 792 4155 istud
819 4113 960 4166 esse,
989 4099 1131 4155 unde
1157 4108 1274 4167 est;
1315 4102 1367 4156 ἐκ
1381 4085 1474 4158 ’το-ὗ
1504 4104 1769 4168 ἀνουσὼυ,
1792 4117 1860 4157 an

252 4194 312 4249 ἐκ
330 4198 426 4250 τοῦ
454 4194 709 4260 ἐνουσὶου,
739 4192 791 4248 id
822 4202 926 4261 est,
953 4191 1021 4249 ab
1046 4207 1113 4248 eo
1138 4191 1281 4263 quod
1308 4202 1392 4250 est
1426 4208 1569 4262 esse,
1601 4209 1669 4249 an
1699 4194 1768 4251 ab
1795 4208 1862 4251 eo

253 4286 404 4358 quod
432 4293 517 4343 est
560 4302 668 4342 non
724 4284 883 4342 esse?
936 4286 1099 4350 Deus,
1149 4292 1210 4340 ut
1244 4285 1529 4357 inquiunt,
1573 4300 1695 4342 esse
1734 4296 1861 4342 est:

252 4380 509 4438 Christus
550 4380 677 4437 item
721 4395 863 4448 esse,
903 4379 1003 4437 sed
1047 4381 1211 4451 cmpit
1254 4388 1455 4437 tamen.
1510 4378 1712 4436 Verum
1762 4379 1865 4437 hoc

1956 3174 2055 3231 per
2080 3161 2169 3232 qui
2202 3161 2394 3227 fuerit,
2440 3172 2496 3220 et
2520 3180 2734 3237 semper
2762 3168 3050 3235 exstiterit,
3092 3168 3194 3225 hoc
3218 3177 3303 3225 est
3325 3169 3464 3228 Deus
3493 3178 3551 3228 et

1960 3252 2151 3329 Λόγος,
2187 3254 2328 3310 Dens
2358 3265 2411 3311 et
2448 3255 2619 3312 forma
2663 3258 2813 3328 ejus,
2856 3268 3010 3331 pater
3036 3269 3091 3316 et
3113 3260 3281 3327 ﬁlius,
3331 3262 3470 3319 Deus
3495 3269 3553 3319 et

1951 3345 2107 3402 Jcsns
2130 3345 2394 3413 Christus,
2422 3348 2568 3405 Dens
2594 3358 2648 3405 et
2667 3349 2839 3407 virtus
2860 3362 2912 3407 et
2934 3352 3216 3422 sapientia,
3241 3354 3505 3427 ὀμοούσιον
3533 3370 3548 3408 :

1954 3455 2084 3510 ergo
2108 3439 2213 3495 hoc
2241 3440 2289 3496 si
2310 3440 2511 3497 dictum
2535 3441 2805 3515 ὁμοούσιον
2829 3453 2888 3501 ιιι
2907 3444 3204 3518 ὁμοούσιον,
3232 3460 3355 3504 cum
3380 3445 3434 3501 in
3460 3460 3556 3502 ea-

1955 3533 2076 3588 dem
2104 3543 2229 3590 sunt
2266 3535 2447 3606 specie
2475 3534 2635 3591 simul
2670 3535 2999 3604 existentes,
3040 3537 3285 3612 ὁμοειδεῖς
3309 3537 3553 3610 ejusdem

1959 3628 2219 3698 temporis
2239 3629 2510 3684 etaetatis.
2542 3628 2672 3685 lleie
2701 3644 2830 3685 vero
2855 3629 3121 3704 ὁμοηλικής
3142 3631 3406 3703 signiﬁcat
3425 3648 3556 3690 cott-

1956 3717 2309 3774 substantiale
2338 3718 2496 3773 simul
2524 3728 2581 3774 et
2608 3719 2966 3777 substantiam
3000 3725 3115 3779 sine
3142 3725 3445 3795 Composito
3467 3725 3557 3784 vel

1959 3810 2290 3867 discretione
2307 3853 2323 3878 ,
2356 3812 2452 3868 sed
2480 3812 2636 3869 simul
2665 3828 2885 3886 semper
2910 3816 3053 3889 quod
3078 3818 3149 3875 sit
3179 3833 3361 3876 rerum
3386 3821 3558 3878 virtu-

1965 3902 2108 3959 tibus
2134 3903 2542 3976 actionibusque
2573 3904 2885 3989 discretum.
3426 3918 3430 3923 ’

2034 3994 2124 4050 lll.
2156 3995 2286 4051 lleic
2311 3997 2558 4052 oriuntur
2579 3998 2910 4069 quaestiones
2938 4017 2951 4054 :
2975 4000 3155 4058 Prima
3175 4044 3189 4068 ,
3221 4002 3362 4074 quod
3390 4003 3443 4059 in
3473 4017 3561 4059 sa-

1964 4085 2071 4142 cris
2094 4086 2390 4158 Scripturis
2432 4087 2749 4145 substantia:
2788 4089 2991 4146 mentio
3030 4091 3169 4148 facta
3219 4107 3324 4149 non
3356 4093 3460 4160 sit,
3507 4101 3563 4151 et

1967 4180 2135 4252 magis
2163 4196 2270 4237 non
2296 4181 2558 4256 ὁμοοῦσιον
2581 4199 2686 4240 ηοη
2713 4185 2784 4241 sit
2814 4185 3031 4242 lectum.
3066 4188 3186 4245 Alia
3225 4189 3370 4261 quod
3392 4190 3436 4246 si
3460 4188 3563 4247 hoc

1966 4271 2040 4329 ita
2082 4282 2195 4341 est,
2246 4290 2562 4348 compassus
2590 4287 2679 4333 est
2714 4277 2827 4334 ﬁlio
2860 4289 3036 4350 pater.
3088 4280 3302 4351 Tertia,
3331 4282 3476 4354 quod
3514 4282 3564 4340 si

1969 4367 2072 4425 hoc
2101 4366 2177 4425 ita
2208 4369 2310 4438 sit,
2345 4386 2521 4443 neque
2547 4376 2700 4442 pater
2722 4372 2926 4443 major,
2954 4388 3129 4446 neque
3176 4375 3356 4432 minor
3378 4375 3522 4432 ﬁlius
3544 4418 3563 4446 ,

253 4484 364 4532 est.
414 4474 522 4531 Sed
561 4473 705 4531 istud
734 4488 856 4530 esse
893 4473 1034 4543 quod
1074 4448 1260 4544 coepit,
1290 4474 1372 4531 ab
1398 4488 1464 4530 eo
1490 4473 1675 4546 coepit,
1718 4491 1844 4545 quot

1978 4477 2150 4533 neque
2179 4462 2318 4519 alius
2344 4463 2599 4531 mittens,
2630 4465 2767 4521 alius
2797 4467 3014 4522 missus.
3059 4467 3130 4523 Et
3157 4469 3273 4525 hmc
3293 4479 3347 4525 et
3376 4468 3567 4540 hujus-

252 4569 361 4626 fuit
390 4569 570 4642 aliquo
596 4568 757 4625 modo
794 4567 988 4637 fuisse,
1033 4577 1095 4625 ut
1119 4568 1299 4624 omnia
1326 4567 1540 4636 divina,
1571 4578 1627 4624 et
1654 4584 1685 4625 a
1715 4568 1861 4625 divi-

250 4664 349 4721 nis
380 4674 496 4719 orta
519 4704 536 4731 ,
586 4661 825 4735 potentia
853 4676 1068 4734 semper
1101 4670 1229 4717 sunt
1256 4677 1320 4718 ac
1350 4663 1565 4718 fuerunt
1591 4680 1605 4717 :
1642 4677 1857 4733 proces-

254 4772 358 4814 sus
380 4766 558 4813 autem
582 4772 770 4814 eorum
796 4763 948 4812 actus
975 4765 1059 4811 est
1079 4797 1094 4822 ,
1120 4763 1177 4811 et
1201 4770 1266 4811 ex
1290 4762 1440 4812 motu
1470 4754 1859 4823 manifestatio,

254 4859 317 4906 et
362 4849 578 4920 quidem
629 4847 867 4905 natalis:
916 4846 1043 4919 quid
1086 4846 1229 4904 enim
1270 4847 1368 4903 Dei
1415 4848 1690 4917 nascitur,
1740 4862 1863 4902 cum

258 4942 412 4997 Deus
433 4940 505 4996 sit
532 4940 840 5012 ingenitus?
867 4956 934 4995 an
964 4938 1095 4995 illud
1117 4939 1375 4996 credibile
1404 4949 1491 4995 est
1508 4981 1524 5008 ,
1553 4947 1647 4995 aut
1672 4940 1752 4995 fas
1773 4951 1857 4995 est

256 5034 482 5101 dicere,
508 5051 573 5092 ex
600 5036 766 5091 nihilo
795 5036 879 5093 vel
908 5045 1092 5091 natum
1121 5049 1243 5090 esse
1257 5033 1561 5101 Christum,
1595 5050 1755 5104 quem
1782 5032 1865 5089 di-

256 5127 445 5183 t-imus
473 5127 568 5184 Dei
590 5127 793 5182 ﬁlium?
820 5127 914 5198 qui
936 5138 1018 5185 est
1043 5127 1303 5183 Dominus
1329 5127 1649 5198 majestatis;
1679 5138 1732 5183 et
1759 5142 1867 5184 cte-

259 5230 386 5278 tera
427 5237 548 5293 qua:
597 5235 757 5291 supra
808 5221 1041 5278 diximus
1089 5222 1214 5278 etin
1237 5221 1355 5277 aliis
1391 5221 1563 5278 libris.
1595 5221 1710 5279 Hoc
1735 5236 1866 5278 vero

257 5327 549 5389 postremo
596 5315 817 5371 haeresis
862 5314 991 5371 dicit
1038 5317 1122 5371 cui
1169 5316 1372 5371 similes
1416 5324 1473 5370 et
1517 5314 1607 5371 illa
1656 5324 1738 5371 est
1789 5314 1872 5371 vel

256 5425 395 5481 qua:
436 5424 468 5466 a
508 5407 670 5464 Maria
705 5407 836 5463 dicit
879 5409 1110 5480 coepisse
1138 5407 1447 5477 Christum,
1490 5410 1575 5466 vel
1605 5426 1725 5482 qnte
1764 5426 1870 5467 non

254 5502 449 5576 ipsum
468 5504 628 5578 Λόγον
656 5499 896 5559 induisse
924 5518 1169 5571 carnem,
1189 5501 1284 5558 sed
1310 5503 1672 5575 assumpsisse
1699 5502 1875 5558 homi-

256 5611 399 5654 nem
421 5639 436 5665 ,
478 5607 536 5654 ut
562 5612 684 5653 eum
718 5596 834 5667 ipse
860 5591 1019 5668 Λόγος
1060 5605 1300 5665 regeret,
1340 5605 1500 5666 atque
1520 5593 1625 5651 hoc
1652 5594 1874 5651 Marcel-

256 5690 358 5752 lus
384 5707 399 5749 :
426 5690 571 5765 quod
596 5688 846 5764 superius
864 5695 1063 5755 autem,
1087 5685 1367 5743 Photinus.
1394 5686 1757 5746 Excludamus
1776 5686 1873 5761 igi-

1968 4557 2182 4614 cemodi
2236 4559 2381 4615 talia.
2451 4559 2689 4616 Primum
2744 4561 2905 4633 igitur
2943 4562 3075 4619 illud
3138 4563 3206 4620 de
3266 4565 3567 4623 substantia

1965 4650 2241 4709 videamus
2283 4668 2435 4709 :non
2499 4662 2584 4710 est
2634 4654 2687 4710 in
2743 4654 2855 4711 Deo
2899 4655 3251 4724 substantia,
3308 4674 3482 4728 neque
3512 4659 3567 4716 in

1966 4742 2183 4800 Christo
2224 4762 2237 4799 :
2267 4744 2353 4801 An
2383 4760 2488 4802 non
2541 4754 2625 4801 est
2653 4745 2895 4802 lectum?
2941 4749 2985 4804 si
3022 4764 3131 4805 non
3175 4759 3289 4815 est,
3324 4758 3381 4805 ut
3406 4765 3569 4823 supra

1966 4835 2201 4893 diximus
2245 4838 2416 4909 :quia
2456 4836 2678 4893 omnino
2717 4854 2822 4895 non
2869 4848 2974 4905 est,
3011 4841 3092 4897 sic
3131 4841 3456 4912 accipimus;
3495 4858 3567 4901 an

1968 4931 2090 5002 quia
2128 4932 2347 4988 omnino
2384 4948 2546 5003 supra
2576 4932 2933 4989 substantiam
2966 4943 3080 5001 est,
3114 4936 3285 4994 Deum
3312 4954 3418 4993 non
3447 4952 3571 4995 esse

1970 5024 2129 5081 nobis
2177 5024 2328 5080 nefas
2388 5025 2572 5082 dicere
2624 5043 2639 5080 :
2695 5026 2995 5084 substantia
3070 5036 3155 5084 est
3224 5029 3369 5086 enim
3421 5029 3565 5102 quod

1971 5119 2115 5175 Deus
2135 5128 2250 5187 est,
2277 5118 2421 5191 quod
2448 5119 2666 5190 spiritus
2689 5161 2704 5187 ,
2736 5119 2880 5191 quod
2909 5120 3090 5178 lumen
3130 5129 3234 5178 est.
3280 5122 3389 5179 Cur
3421 5123 3567 5178 enim

1973 5212 2222 5269 addimus
2263 5222 2318 5269 et
2353 5228 2537 5270 verum
2582 5214 2806 5289 lumen?
2843 5214 3053 5270 Etenim
3079 5215 3133 5271 in
3164 5215 3358 5273 divinis
3383 5257 3398 5283 ,
3430 5223 3486 5271 et
3514 5215 3569 5271 in

1980 5306 2093 5363 Deo
2133 5308 2212 5363 sic
2249 5308 3001 5379 accipiemussubstantiam,
3042 5319 3101 5365 ut
3137 5310 3189 5365 in
3219 5309 3412 5380 Itylicis
3449 5322 3574 5364 cor-

1979 5415 2109 5472 pora
2133 5440 2148 5465 ,
2187 5408 2242 5456 et
2270 5401 2322 5456 in
2354 5400 2726 5472 corporalibus
2756 5402 3014 5458 animum.
3062 5402 3190 5457 Haec
3214 5402 3357 5457 enim
3388 5410 3473 5457 est
3500 5401 3574 5459 ibi

1980 5495 2313 5563 substantia,
2366 5509 2488 5553 esse
2539 5511 2703 5567 supra
2758 5497 3112 5553 substantiam
3160 5512 3174 5549 :
3233 5496 3400 5553 Deum
3453 5512 3577 5556 esse

1946 5665 1953 5671 _
1980 5602 2170 5645 omnes
2208 5589 2447 5646 fatentur
2470 5603 2594 5647 cum
2619 5588 2692 5646 sit
2716 5590 2952 5661 potentia
2974 5587 3287 5644 substantia:
3310 5631 3327 5657 ,
3364 5600 3418 5646 et
3456 5589 3580 5648 ideo

1981 5698 2142 5757 supra
2189 5683 2546 5742 substantiam
2583 5694 2746 5758 atque
2772 5698 2840 5741 ex
2868 5682 2972 5740 hoc
3005 5681 3303 5742 substantia
3335 5701 3349 5739 :
3381 5683 3580 5747 etenim
