4018 6184
571 167 702 228 1091

1812 167 2004 226 MAR“
2047 165 2081 221 ν
2094 151 2386 224 lCTORlNl
2426 157 2586 225 AFRI

3673 173 3765 236 i093

572 288 826 356 potentiae
871 288 1011 345 inest
1032 302 1176 345 esse.
1221 286 1381 344 Certe
1418 286 1562 344 Deus
1590 284 1932 354 omnipotens
1962 290 2082 346 est,
2113 290 2166 336 ct
2195 276 2252 338 Α
2274 289 2328 334 ιιι
2362 281 2588 349 primum
2630 294 2752 336 esse
2779 279 2850 335 sit
2874 271 3034 338 Dens.
3069 281 3266 337 Verum
3308 285 3425 354 quia
3472 296 3624 357 potest
3646 296 3766 364 accipi

570 396 796 451 quorum
827 381 976 450 origo
1007 382 1091 436 vel
1115 395 1273 435 causa
1301 388 1422 445 est,
1449 379 1564 447 ipse
1611 377 1702 432 ille
1735 375 1912 430 omnia
1935 384 2018 429 est
2046 373 2158 428 vir-

574 482 686 528 tute
740 472 946 526 scilicet
1001 480 1056 528 et
1107 472 1270 528 modo
1329 470 1596 542 quodam,
1663 468 1808 524 unde
1868 466 2069 522 dictum
2135 479 2164 520 a

571 563 734 616 Paulo
783 562 856 633 (l
898 561 1017 617 Cor.
1064 579 1157 627 xv,
1199 563 1321 634 28)
1381 581 1394 616 :
1453 561 1520 617 Ut
1570 563 1636 616 sit
1697 559 1834 615 Deus
1893 559 2066 613 omnia
2114 559 2166 612 in

570 653 800 707 omnibus
827 668 844 706 :
872 669 1000 724 ergo
1027 663 1082 709 et
1111 653 1163 709 ὃν
1191 663 1303 722 εει,
1340 663 1393 710 ει
1427 653 1698 716 existens,
1749 661 1801 707 et
1828 651 2126 707 substantia
2149 690 2164 717 ,

569 761 687 813 qum
724 746 900 799 omnia
938 761 1061 801 cum
1101 746 1173 800 sit
1209 764 1220 800 :
1252 747 1374 817 quia
1419 759 1614 815 parcns
1643 743 1883 797 omnium
1925 751 2043 805 est,
2075 757 2170 809 pu—

573 838 734 892 tentia
778 838 939 907 igitur
965 839 1144 893 omnia
1171 847 1272 892 est.
1304 838 1419 891 Non
1445 834 1800 891 dubitandum
1831 848 1963 905 ergo
1988 833 2170 886 dicere

571 932 924 987 substantiam
976 933 1068 987 Dei
1119 949 1131 985 :
1184 931 1305 1001 quia
1355 945 1475 984 cum
1529 944 1628 984 nos
1676 930 1817 983 circa
1861 931 2031 997 prima
2085 924 2172 979 vel

573 1040 781 1080 summa
815 1025 1028 1095 proprie
1058 1024 1221 1079 verba
1243 1022 1520 1084 deﬁciunt,
1545 1035 1653 1076 non
1697 1034 1933 1090 congrue
1953 1016 2171 1072 demum

572 1116 714 1186 apud
739 1131 833 1170 nos
856 1115 998 1187 quod
1012 1115 1303 1170 convenire
1326 1115 1497 1185 possit
1518 1112 1886 1182 intelligentia:
1903 1118 2174 1181 aptamus,

576 1217 632 1261 ut
655 1208 774 1264 hcic
803 1209 944 1278 quod
970 1217 1082 1270 est,
1117 1209 1226 1263 Deo
1247 1221 1368 1262 esse
1395 1248 1410 1273 ,
1438 1207 1704 1261 substanti
1741 1208 1865 1273 jure
1908 1203 2171 1258 dicamus.

576 1299 779 1357 Eodem
813 1303 973 1357 modo
998 1302 1326 1372 accipiamus
1354 1300 1629 1356 Christum
1675 1308 1727 1355 et
1751 1314 1873 1355 esse
1919 1299 2174 1355 substan-

578 1395 705 1448 tiam
725 1435 740 1460 ,
770 1403 824 1450 et
849 1395 916 1450 de
942 1405 1090 1466 patre
1116 1396 1233 1467 ejus
1259 1411 1380 1452 esse
1409 1394 1760 1451 substantiam
1786 1435 1802 1461 ,
1831 1394 2027 1464 quippe
2054 1408 2176 1446 cum

575 1489 647 1544 sit
673 1498 726 1543 et
754 1490 866 1558 ipse
894 1491 1073 1545 lumen
1095 1491 1162 1546 de
1185 1490 1415 1556 lumine,
1451 1490 1593 1544 Deus
1626 1489 1694 1545 de
1727 1490 1866 1552 Deo,
1920 1487 2176 1557 Spiritus,

579 1581 738 1655 Λόγος
769 1597 864 1651 ρει·
883 1597 1043 1652 quem
1077 1581 1212 1637 iacta
1243 1591 1368 1637 sunt
1395 1582 1596 1636 omnia.
1630 1581 1702 1635 Et
1728 1596 1848 1635 cum
1879 1581 1948 1636 sit
1968 1578 2039 1632 ita
2060 1618 2076 1644 ,
2124 1585 2181 1632 ut

2269 388 2389 427 esse
2419 388 2523 427 non
2553 380 2741 444 aperte
2768 373 2893 442 quid
2950 374 3019 428 sit
3061 373 3190 429 illud
3219 390 3336 430 esse
3358 417 3372 442 ,
3401 376 3441 430 si
3467 378 3564 446 jam
3584 395 3770 451 compre-

2273 465 2538 521 hensibile
2560 467 2660 521 erit
2686 507 2701 534 ,
2732 465 2784 522 ὃν
2811 467 3025 533 dicitur,
3058 467 3108 523 id
3140 479 3254 535 est,
3284 468 3446 524 forma
3495 473 3696 541 quaedam
3734 477 3774 533 in

2272 560 2512 614 notitiam
2542 558 2794 621 veniens.
2827 560 2969 627 quod
2996 561 3100 616 tale
3126 577 3246 617 esse
3283 563 3391 631 jam
3440 557 3489 618 ὂν
3535 573 3581 619 ει
3617 565 3777 642 Strepit;

2271 650 2488 718 dicitur,
2535 655 2709 707 omnis
2754 652 2972 727 ὑπαρξις
3014 653 3175 708 habet
3224 655 3364 724 quod
3395 664 3475 709 est
3509 671 3642 720 esse;
3679 660 3777 727 quod

2271 751 2449 798 autem
2477 753 2560 798 est
2588 759 2706 800 esse
2727 787 2740 810 ,
2773 761 2876 800 non
2903 745 3160 800 continuo
3182 750 3266 801 καὶ
3290 745 3502 823 ὑπαρξις
3525 757 3614 812 εει,
3659 764 3780 820 neque

2274 837 2346 904 ὃν,
2379 839 2477 894 nisi
2513 839 2874 910 potentialiter
2894 880 2908 906 ,
2941 855 3047 895 non
3077 840 3128 893 in
3161 840 3442 896 manifesto
3469 850 3519 895 ut
3541 838 3586 895 ὃν
3611 841 3780 909 dicatur,

2275 942 2356 986 est
2384 933 2524 986 enim
2555 928 2606 987 ὃν
2633 933 2799 1002 ﬁgura
2826 934 3070 1002 quaedam
3105 932 3392 988 formatum
3437 932 3555 987 illud
3598 934 3712 1003 quod
3731 946 3786 991 est

2277 1040 2419 1092 esse,
2439 1027 2581 1097 quod
2612 1036 2790 1082 tamen
2821 1043 3012 1098 purum
3040 1035 3166 1082 tunc
3196 1041 3384 1096 purum
3412 1027 3689 1097 intelligitur
3705 1041 3786 1082 cum

2276 1117 2592 1190 intelligitur
2635 1120 2745 1190 jam
2797 1118 3085 1174 formatum
3113 1134 3127 1171 :
3159 1118 3327 1174 forma
3361 1117 3501 1173 enim
3528 1118 3787 1174 intellectum

2286 1213 2599 1282 ingenerat,
2627 1211 2910 1268 manifeste
2939 1211 3250 1281 pronuntiat
3294 1209 3435 1264 aliud
3463 1224 3573 1265 esse
3599 1209 3790 1275 formam,

2279 1303 2421 1359 aliud
2470 1303 2610 1374 quod
2663 1303 2950 1358 formatum
2997 1311 3101 1358 est.
3154 1301 3308 1371 Quod
3361 1311 3532 1357 autem
3583 1303 3790 1357 formatum

2282 1407 2367 1453 est
2387 1441 2401 1464 ,
2432 1399 2535 1452 hoc
2561 1406 2637 1452 est
2666 1411 2787 1452 esse
2822 1416 2834 1450 :
2872 1395 3042 1452 l‘orma
3073 1411 3198 1452 vero
3223 1405 3338 1462 est,
3374 1411 3491 1464 qua:
3511 1394 3794 1464 iutelligitacit

2284 1488 2416 1543 illud
2437 1488 2574 1559 quod
2603 1499 2685 1543 cst
2705 1504 2848 1544 esse.
2887 1489 2998 1544 l-loc
3023 1503 3152 1558 ergo
3177 1487 3318 1558 quod
3347 1496 3431 1543 est
3453 1502 3596 1551 esse,
3633 1485 3796 1541 [νεοάλ-

2286 1597 2438 1648 mus,
2472 1580 2700 1636 formam
2731 1593 2911 1637 autem
2942 1581 3187 1650 Christo,
3213 1581 3338 1651 quia
3368 1596 3463 1651 per
3489 1581 3634 1634 tilium
3659 1593 3795 1650 cogno-

584 1690 753 1743 usqne
780 1673 846 1729 ad
877 1676 1190 1746 mysterium
1218 1673 1503 1744 corporale
1546 1672 1845 1728 substantia
1872 1685 1966 1725 sua
1997 1670 2183 1725 venire
2214 1656 2263 1719 Β
2290 1677 2457 1731 scitur
2488 1684 2659 1745 pater,
2687 1674 2736 1730 id
2768 1684 2872 1743 est,
2909 1691 3008 1745 per
3043 1675 3271 1730 formam
3291 1716 3306 1739 ,
3347 1674 3486 1745 quod
3511 1682 3585 1729 est
3628 1687 3745 1735 esse;
3766 1680 3798 1726 et

589 1768 852 1832 voluerit,
905 1767 971 1823 de
1014 1783 1121 1838 quo
1170 1768 1371 1822 dictum
1424 1767 1490 1823 ab
1533 1765 1795 1836 Apostolo
1841 1762 2078 1835 (Coloss.
2125 1777 2183 1826 ιι.

580 1858 637 1924 8,
668 1859 722 1930 9)
758 1877 769 1912 :
805 1858 870 1914 Et
911 1877 1011 1914 non
1044 1859 1321 1914 secundum
1361 1858 1620 1914 Christum
1649 1873 1668 1912 :
1693 1859 1812 1927 quia
1838 1857 1890 1910 in
1929 1855 2188 1917 illo/tabi-

584 1960 656 2004 tat
686 1953 850 2020 omnis
887 1952 1150 2024 plenitudo
1202 1952 1485 2006 divinitatis
1539 1952 1872 2022 corporaliter
1917 1949 2057 2019 quod
2105 1955 2189 2002 est

542 2055 548 2060 '
583 2045 875 2110 οὑσιακῶςς
924 2046 1060 2099 Deus
1109 2045 1250 2099 enim
1293 2043 1560 2114 potentia,
1604 2051 1660 2097 et
1701 2041 1861 2115 Λόγος
1907 2040 2090 2101 actio.
2134 2039 2199 2093 in'

585 2147 816 2207 utroque
846 2143 1130 2206 utrumque
1160 2154 1172 2190 :
1208 2152 1332 2190 nam
1361 2144 1414 2191 et
1441 2135 1675 2206 potentia
1704 2133 1845 2203 quod
1866 2139 2042 2202 potest
2067 2144 2189 2186 esse

584 2239 701 2296 cst,
752 2240 803 2284 et
846 2229 986 2300 quod
1036 2239 1146 2298 est,
1192 2239 1370 2301 potest
1398 2243 1538 2284 esse.
1577 2227 1692 2298 Ipsa
1735 2229 1895 2299 igitur
1949 2225 2186 2296 potentia

585 2324 721 2378 actio
743 2335 820 2380 est
848 2366 862 2390 ,
913 2334 968 2380 et
1018 2327 1128 2395 ipsa
1159 2325 1297 2379 actio
1327 2324 1583 2394 putentia.
1618 2321 1774 2377 Actio
1831 2329 1914 2376 εει
1955 2334 2086 2390 ergo
2133 2327 2189 2376 et

590 2427 761 2486 pater,
791 2417 900 2488 agit
926 2426 981 2472 et
1012 2418 1150 2472 ﬁlius
1173 2458 1186 2482 ,
1211 2417 1322 2488 agit
1351 2424 1404 2470 et
1449 2425 1602 2486 pater
1634 2434 1646 2468 :
1673 2415 1796 2470 ideo
1840 2423 2027 2485 pater;
2065 2415 2188 2484 quia

587 2510 826 2578 putentia
868 2509 1035 2580 gignit
1061 2511 1327 2564 actionem
1364 2525 1377 2563 :
1411 2518 1465 2564 et
1496 2509 1617 2563 ideo
1646 2507 1788 2562 ﬁlius
1841 2507 2022 2574 actio;
2065 2507 2186 2576 quia

587 2600 726 2654 aetio
755 2615 819 2654 ex
855 2600 1091 2669 polentia
1117 2617 1129 2654 :
1157 2616 1283 2672 ergo
1311 2611 1364 2656 et
1387 2611 1538 2670 pater
1584 2601 1637 2655 in
1676 2600 1822 2662 ﬁlio,
1869 2611 1921 2656 et
1947 2600 2085 2654 ﬁlius
2135 2601 2188 2655 in

590 2703 772 2760 putre,
810 2691 903 2748 sed
946 2703 1232 2763 utrumque
1261 2695 1312 2747 in
1343 2693 1596 2763 singulis,
1651 2701 1705 2749 et
1757 2694 1958 2748 idcirco
2000 2710 2184 2748 unum.

589 2785 704 2839 Duo
743 2779 921 2840 autem
948 2828 963 2853 ,
1004 2785 1128 2856 quia
1168 2803 1274 2857 quo
1313 2788 1482 2859 magis
1526 2797 1639 2853 est,
1680 2787 1731 2843 id
1759 2787 1988 2844 alterum
2020 2803 2187 2859 appa-

587 2885 670 2932 ret
701 2894 714 2929 :
746 2879 913 2948 magis
941 2887 1117 2932 autem
1148 2889 1299 2948 pater
1329 2879 1564 2950 potentia
1591 2921 1605 2945 ,
1648 2887 1704 2936 et
1740 2881 1880 2934 actio
1909 2865 2088 2947 ﬁlius:
2135 2867 2191 2935 et

590 2969 788 3026 idcirco
818 2969 940 3040 quia
985 2973 1154 3042 magis
1195 2973 1370 3041 actio,
1415 2974 1586 3044 magis
1629 2983 1807 3028 autem
1847 2973 1987 3028 actio
2013 3014 2028 3038 ,
2065 2972 2186 3042 quia

2293 1771 2412 1826 heic
2442 1770 2642 1825 dictum
2669 1778 2752 1826 est
2773 1768 2953 1838 (Joan.
2980 1768 3170 1838 xiv-,9)
3201 1786 3214 1822 :
3250 1768 3354 1834 Qui
3384 1785 3462 1822 me
3510 1767 3648 1832 vidit,
3668 1767 3800 1820 ridittt

2290 1873 2506 1933 patrem.
2557 1863 2652 1918 Est
2703 1877 2833 1932 ergo
2861 1872 2914 1917 et
2943 1862 3083 1917 Deus
3110 1863 3355 1937 ὕπαρξις,
3382 1870 3435 1916 ει
3459 1859 3674 1916 Christus
3691 1858 3800 1931 ὕπαρ·

2289 1956 2398 2020 ξιςς
2431 1955 2656 2031 ὑπαρξις
2687 1954 2833 2010 enim
2862 1969 2983 2008 cum
3017 1953 3204 2007 ~iorma
3235 1951 3382 2023 quod
3406 1960 3489 2007 est
3508 1966 3640 2014 esse,
3663 1959 3705 2004 et
3724 1949 3800 2018 quia

2290 2063 2504 2119 semper
2531 2047 2691 2103 simul
2721 2056 2882 2113 sunt,
2911 2054 2968 2102 et
2995 2044 3164 2100 forma
3193 2058 3315 2101 esse
3340 2053 3454 2111 est,
3482 2051 3533 2099 et
3565 2043 3707 2112 ipsum
3727 2054 3802 2095 esse

2293 2141 2466 2194 forma
2488 2180 2503 2206 ,
2534 2139 2677 2193 unde
2705 2147 2859 2209 pater
2916 2137 2969 2191 in
3029 2136 3140 2191 ﬁlio
3160 2180 3173 2204 ,
3206 2144 3262 2190 et
3294 2135 3441 2191 ﬁlius
3467 2135 3517 2189 in
3544 2142 3670 2204 patre
3711 2148 3721 2184 :
3754 2139 3803 2185 est

2290 2234 2432 2288 enim
2459 2248 2580 2288 esse
2601 2242 2654 2286 et
2685 2232 2736 2286 in
2768 2239 2920 2300 patre
2944 2274 2958 2298 ,
2989 2229 3134 2301 quod
3166 2239 3248 2285 est
3282 2228 3550 2299 potentia,
3577 2225 3690 2299 quod
3711 2225 3803 2296 prius

2291 2332 2377 2380 est
2406 2323 2472 2378 ab
2501 2338 2568 2378 eo
2597 2323 2737 2393 quod
2765 2333 2851 2378 est
2880 2321 3079 2377 forma.
3110 2322 3205 2376 Est
3244 2321 3379 2376 item
3409 2334 3585 2375 rursus
3609 2327 3654 2373 et
3675 2319 3714 2371 in
3734 2317 3801 2369 lilio

2291 2431 2412 2472 esse
2432 2433 2447 2482 ;
2470 2415 2563 2471 sed
2595 2415 2735 2470 istud
2754 2458 2768 2483 ,
2803 2414 2945 2485 quod
2975 2422 3059 2469 est
3085 2428 3208 2469 esse
3230 2413 3513 2484 proprium
3541 2426 3567 2464 a
3592 2422 3710 2480 patre
3743 2406 3799 2459 ha-

2291 2507 2411 2576 bet,
2445 2516 2501 2562 ut
2527 2507 2596 2562 sit
2619 2507 2694 2561 illi
2721 2506 2947 2561 formam
2979 2521 3136 2570 esse;
3173 2506 3308 2560 alter
3342 2519 3470 2575 ergo
3499 2504 3547 2557 in
3569 2502 3733 2564 altero,
3771 2506 3802 2552 et

2292 2600 2452 2655 ambo
2482 2614 2666 2653 unum.
2699 2597 2839 2668 Ergo
2864 2593 2916 2653 ὃν
2949 2598 3108 2665 Deus,
3139 2593 3192 2652 ὂν
3220 2597 3386 2663 ﬁlius,
3410 2595 3462 2651 id
3492 2604 3571 2650 est
3595 2594 3708 2648 enim
3723 2587 3805 2646 τὸὲν

2291 2707 2413 2748 esse
2441 2707 2562 2748 cum
2595 2693 2765 2747 forma
2787 2711 2799 2746 :
2824 2707 2984 2747 omne
2998 2691 3140 2746 enim
3167 2689 3308 2761 quod
3342 2699 3424 2746 est
3444 2688 3495 2744 ὂν
3519 2704 3640 2755 esse,
3659 2693 3803 2741 esttam

2293 2783 2464 2839 forma
2492 2804 2503 2838 :
2523 2784 2623 2840 hoc
2645 2793 2699 2840 et
2726 2784 3013 2840 existentia
3033 2783 3230 2838 dicitur
3257 2791 3311 2838 et
3335 2780 3612 2838 substantia
3634 2786 3676 2833 et
3695 2775 3805 2830 subsi-

2292 2878 2508 2944 stentia,
2541 2876 2682 2947 quod
2712 2877 2855 2931 enim
2887 2871 2938 2931 ὂν
2957 2883 3059 2942 εει,
3089 2885 3142 2930 ει
3164 2875 3354 2930 existit
3383 2884 3434 2929 et
3460 2872 3714 2942 subjectum
3741 2875 3803 2921 est.

2293 2967 2405 3024 lloc
2433 2979 2608 3025 autem
2633 2979 2716 3025 est
2747 2968 2889 3040 quod
2919 2979 3138 3029 estesse
3168 2968 3286 3023 sine
3313 2981 3558 3023 conuexo
3597 2964 3701 3025 ullo,
3717 2956 3804 3030 quod

590 3060 721 3115 furis
745 3061 904 3116 actio.
961 3061 1074 3117 l-luc
1121 3063 1168 3117 si
1194 3064 1262 3117 ita
1318 3073 1442 3130 est,
1482 3075 1536 3120 et
1579 3064 1879 3120 substantia
1929 3075 2082 3134 pater
2127 3072 2182 3119 et
2208 3043 2254 3108 (ἶ
2287 3063 2518 3134 simplex
2574 3072 2694 3130 est,
2751 3062 2892 3134 quod
2925 3077 3124 3127 unum;
3157 3059 3495 3116 manifestior
3527 3059 3663 3130 igitur
3693 3051 3806 3108 subsi-

591 3151 765 3219 ﬁlius,
797 3163 851 3210 et
879 3169 983 3209 una
1020 3155 1348 3222 substantia,
1381 3167 1435 3211 ct
1465 3156 1534 3212 de
1565 3166 1714 3226 patre
1762 3158 2059 3214 substantia
2082 3198 2097 3223 ,
2135 3165 2190 3211 et

589 3249 747 3303 simul
776 3249 1073 3303 substantia
1096 3289 1111 3316 ,
1136 3257 1190 3304 et
1209 3264 1424 3321 semper
1447 3260 1500 3305 et
1530 3266 1600 3306 ex
1629 3259 1834 3305 aeterno
1860 3249 2016 3305 simul
2039 3259 2190 3320 pater

592 3351 646 3395 et
703 3343 877 3407 ﬁlius,
938 3341 1126 3397 eadem
1193 3342 1462 3413 simulque
1521 3343 1854 3408 substantia,
1907 3342 2009 3398 hoc
2065 3350 2187 3405 est,

592 3431 878 3507 όμοοὺσιον.
911 3433 993 3488 An
1033 3451 1136 3489 non
1177 3443 1260 3496 est
1291 3435 1485 3504 lectum
1519 3436 1570 3489 in
1617 3434 1913 3506 Scripturis
1958 3433 2194 3489 divinis?

593 3526 829 3581 Primum
861 3527 948 3596 qui
983 3529 1081 3582 hoc
1111 3537 1286 3598 negat,
1318 3543 1432 3584 rem
1463 3527 1660 3583 fatetur
1684 3569 1698 3592 ,
1754 3529 1848 3584 sed
1900 3528 2193 3597 Scriptura:

593 3620 783 3688 quatrit
828 3620 1223 3676 attetoritatetn.
1261 3619 1544 3688 Quomodo
1587 3629 1767 3676 autem
1799 3635 1903 3675 non
1953 3620 2191 3691 iniquum

595 3719 708 3776 cst,
752 3710 872 3765 ideo
910 3727 1024 3766 rem
1058 3728 1170 3767 non
1210 3712 1526 3782 admittere,
1565 3714 1688 3784 quia
1725 3713 1967 3784 majores
1997 3715 2195 3770 omise-

597 3803 740 3868 rint,
774 3803 953 3876 aliquo
1002 3804 1227 3861 l'ortasse
1259 3821 1422 3874 casu,
1454 3806 1535 3862 vel
1589 3822 1749 3862 causa
1777 3850 1791 3873 ,
1825 3822 1948 3862 cum
1986 3811 2195 3864 ratione

599 3894 867 3951 vincaris?
897 3910 1082 3950 verum
1115 3896 1239 3965 quid
1265 3898 1459 3953 lectum
1488 3908 1683 3970 negant
1721 3901 2098 3956 substantiam"
2127 3915 2194 3955 an

599 3989 667 4044 de
707 3990 816 4044 Deo
843 3998 896 4043 et
935 3987 1152 4044 Christo
1186 3990 1662 4047 substantiam?au
1695 3992 1961 4065 όμοοὺσιον
1996 3993 2195 4064 ipsum?

599 4083 674 4138 De
705 4083 812 4137 Deo
836 4093 888 4138 et
915 4080 1130 4138 Christo
1152 4083 1448 4139 substantia
1470 4083 1605 4139 lecta
1635 4095 1740 4140 est.
1758 4087 1829 4139 De
1849 4089 1957 4139 Deo
1982 4086 2116 4140 lecta
2144 4084 2195 4138 in

601 4175 858 4245 propheta
911 4175 1176 4230 Hieremia
1208 4174 1340 4248 (Jer.
1395 4191 1544 4243 xxnt,
1578 4176 1665 4238 18,
1719 4193 1819 4230 sec.
1868 4177 1994 4247 Lxx)
2024 4194 2036 4229 :
2071 4175 2197 4242 Quis

601 4267 734 4321 stetit
755 4267 806 4320 in
834 4265 1116 4322 substantia
1145 4267 1352 4321 Domini
1371 4308 1386 4331 ,
1419 4277 1464 4321 et
1516 4267 1638 4320 vidit
1678 4266 1880 4320 verbum
1901 4268 2049 4335 ejus?
2085 4267 2198 4334 quis

604 4357 820 4428 ρνίῑόιιὶι
872 4374 1078 4419 aurem,
1106 4365 1155 4411 et
1197 4358 1394 4412 audivit
1423 4358 1446 4412 ?
1475 4357 1604 4413 Item
1651 4358 1808 4426 paulo
1867 4367 1986 4427 post
2028 4356 2194 4428 (Ibid.

601 4449 695 4520 2:2)
727 4468 740 4505 :
773 4447 837 4502 Et
875 4449 920 4503 si
946 4449 1198 4503 stetissent
1249 4449 1303 4502 in
1330 4449 1639 4514 substantia,
1675 4460 1722 4503 et
1756 4449 2015 4505 audissent
2044 4450 2199 4505 verba
2222 4429 2276 4491 Ῑ)

603 4561 733 4598 mea.
765 4543 893 4598 item
944 4543 1078 4598 lecta
1129 4544 1422 4600 substantia
1474 4543 1615 4613 apud
1672 4543 1986 4614 prOphetam
2031 4543 2199 4598 David

603 4635 826 4704 (Psalm.
857 4635 1239 4708 cxxxvut,_15)
1274 4651 1286 4688 :
1319 4634 1384 4689 Et
1415 4636 1697 4690 substantia
1726 4654 1834 4690 mea
1858 4638 1910 4690 in
1934 4637 2196 4705 inferiori-

605 4729 695 4783 bus
724 4743 886 4785 terrte.
918 4730 1142 4787 Lectum
1167 4729 1305 4801 apud
1326 4729 1548 4786 Paulum
1574 4730 1637 4784 ad
1664 4730 1918 4786 Ilebraros
1943 4730 2010 4785 de
2039 4731 2198 4784 Chri-

605 4823 730 4894 sto(
767 4825 919 4880 Hebr.
953 4842 988 4894 ι,
1019 4826 1114 4896 5);
1153 4823 1252 4890 Qui
1293 4834 1364 4880 est
1417 4826 1679 4880 character
1731 4824 2025 4879 substantia:
2068 4826 2197 4889 eius.

609 4915 744 4970 Sunt
787 4926 841 4970 et
865 4918 967 4972 alia
995 4918 1272 4988 exempla,
1302 4934 1488 4974 verum
1522 4919 1636 4974 ham
1665 4919 1915 4974 sufﬁcere
1945 4919 2192 4973 arbitror.

547 5084 555 5092 ι
681 5007 767 5062 IV.
815 5008 887 5062 At
929 5011 1071 5064 enim
1119 5010 1259 5080 apud
1303 5011 1520 5067 Gracos
1564 5014 1735 5082 posita
1761 5024 1845 5068 est
1881 5012 2196 5078 ὑπόστασις,

610 5120 712 5160 ιιοιι
744 5106 913 5160 οὐσία.
943 5103 1240 5160 Videamus
1285 5105 1413 5178 quid
1464 5106 1695 5161 intersit.
1736 5118 1872 5165 οντα
1920 5110 2202 5162 nominant

609 5197 780 5254 Graeci
815 5206 920 5251 tam
951 5212 1012 5251 ea
1045 5213 1162 5266 qua:
1192 5207 1319 5253 sunt
1346 5199 1399 5252 in
1431 5197 1650 5252 aeternis
1670 5239 1683 5263 ,
1718 5215 1880 5270 quam
1911 5215 1972 5254 ea
2005 5211 2124 5270 qua}
2148 5198 2200 5254 in

608 5291 813 5348 mundo
859 5299 1021 5361 atque
1073 5291 1344 5346 terrenis:
1381 5291 1432 5345 in
1475 5291 1692 5346 attentis
1738 5292 1896 5362 igitur
1924 5293 2067 5347 Deus
2119 5299 2204 5348 est

608 5386 982 5455 oumipotens,
1023 5397 1180 5438 causa
1217 5385 1488 5449 omnium;
1535 5391 1585 5437 et
1634 5383 1749 5440 lous
1795 5393 1848 5440 et
1902 5386 2053 5455 origo
2083 5400 2200 5440 om-

612 5479 756 5532 nium
789 5494 905 5548 qua:
927 5486 1050 5532 sunt
1072 5518 1087 5543 ,
1107 5475 1159 5530 id
1188 5485 1268 5530 est
1297 5484 1395 5533 τῶν
1421 5473 1574 5532 ὅντων
1602 5477 1821 5532 πάντων.
1856 5475 1990 5544 Quid
2043 5477 2202 5547 igitur

612 5569 802 5625 damus
851 5572 996 5625 Deo?
1049 5570 1148 5624 hoc
1177 5567 1318 5641 quod
1343 5579 1425 5626 est
1452 5584 1573 5625 esse
1595 5609 1609 5633 ,
1641 5584 1708 5623 an
1737 5568 1987 5622 omnibus
2016 5568 2204 5624 damus

615 5676 769 5730 esse,
800 5661 902 5728 do,
933 5679 1036 5718 non
1059 5663 1248 5720 damus
1263 5659 1575 5734 quuidcm
1622 5663 1761 5719 ratio
1807 5660 1885 5717 sic
1915 5675 1973 5717 se
2002 5659 2186 5729 habet,

2290 3158 2486 3212 stantia
2507 3163 2621 3222 est,
2647 3163 2701 3212 et
2725 3157 3011 3212 existentia
3041 3165 3144 3223 est,
3177 3166 3228 3211 et
3268 3154 3560 3210 substantia
3586 3149 3751 3206 dicitur.
3772 3144 3804 3198 Si
3890 3183 3891 3234 ἦ

2292 3265 2420 3321 ergo
2451 3249 2647 3305 dicitur
2678 3249 2744 3305 de
2769 3250 2878 3304 Deo
2899 3249 3268 3314 subsistentia,
3294 3249 3472 3319 magis
3493 3247 3554 3303 de
3577 3246 3665 3300 Deo
3681 3241 3805 3296 dicitur
3890 3263 3891 3321 η

2292 3343 2620 3409 substantia,
2654 3350 2710 3398 et
2739 3342 2905 3413 magis
2937 3343 3035 3397 ista
3059 3383 3075 3410 ,
3108 3342 3368 3412 quoniam
3398 3341 3670 3410 subjectum
3693 3330 3804 3402 signi-

2293 3436 2418 3490 ﬁcat
2435 3478 2448 3500 ,
2477 3445 2528 3490 et
2558 3435 2852 3506 principale
2875 3435 3017 3506 quod
3041 3435 3296 3490 convenit
3329 3435 3460 3489 Deo.
3485 3431 3591 3487 Non
3614 3431 3673 3484 sit
3691 3435 3805 3479 autem

2295 3529 2594 3598 subjectum
2622 3529 2761 3584 sicut
2791 3529 2842 3583 in
2876 3528 3078 3583 mundo
3105 3527 3420 3585 substantia
3439 3569 3454 3595 ,
3501 3525 3586 3581 sed
3612 3519 3724 3592 quod
3744 3517 3803 3570 ho-

2296 3621 2540 3675 noratius
2581 3628 2636 3675 ct
2678 3621 2948 3691 antiquius
2980 3630 3033 3674 et
3062 3620 3366 3675 secundum
3399 3617 3594 3673 fontem
3621 3606 3806 3669 universi-

2299 3713 2441 3768 tatis.
2472 3712 2673 3768 Verum
2731 3712 2872 3783 quod
2903 3722 2985 3766 est
3023 3727 3144 3767 esse
3168 3753 3182 3778 ,
3212 3711 3357 3782 quod
3387 3717 3594 3780 praestat
3617 3707 3724 3760 Deus
3756 3696 3805 3751 his

2297 3819 2418 3873 quas
2487 3813 2651 3870 sunt,
2701 3813 2760 3859 ut
2805 3802 3225 3875 unumquodque
3269 3803 3343 3856 sit
3400 3801 3650 3875 ὁμοοὺσιος
3687 3812 3696 3847 ε
3729 3801 3807 3858 Eii-'0

2298 3911 2418 3952 csse
2444 3896 2671 3953 formam
2703 3897 2938 3964 habens,
2971 3907 3026 3954 et
3053 3897 3286 3967 primum
3315 3896 3490 3952 solum
3512 3906 3673 3949 verum
3694 3899 3805 3955 :qutr

2301 3991 2442 4044 niam
2471 3991 2614 4062 quod
2644 4001 2726 4047 est
2755 3992 2882 4046 illud
2911 4006 3033 4047 esse
3064 4006 3254 4061 purum
3282 4000 3396 4058 est,
3429 3989 3527 4044 hoc
3552 3984 3694 4056 magis
3715 3979 3805 4036 sub-

2299 4086 2493 4138 stantia
2523 4093 2626 4139 est.
2655 4084 2917 4151 Quoniam
2948 4092 3126 4139 autem
3156 4098 3345 4138 rursus
3375 4093 3429 4138 et
3452 4083 3608 4136 forma
3629 4084 3804 4132 estesse.

2301 4188 2355 4230 et
2379 4176 2490 4246 ipsa
2523 4177 2821 4232 substantia
2863 4187 2980 4242 est,
3028 4175 3122 4232 sed
3156 4174 3258 4229 hoc
3307 4172 3591 4233 ὑπόστασις
3638 4165 3805 4222 dicitur:

2296 4271 2406 4341 jam
2437 4270 2580 4324 enitn
2611 4268 2897 4324 formatum
2921 4285 3044 4324 esse
3091 4269 3395 4322 substantia
3451 4275 3559 4329 est,
3602 4261 3805 4316 formatum
3890 4299 3891 4328 1

2304 4374 2481 4418 autem
2509 4378 2630 4418 esse
2651 4372 2736 4418 est
2763 4362 2902 4418 Deus
2922 4403 2937 4428 ,
2965 4360 3110 4432 quod
3142 4363 3282 4415 Deus
3313 4369 3397 4414 est
3417 4401 3431 4424 ,
3459 4367 3511 4413 et
3538 4363 3682 4427 pater,
3703 4347 3804 4401 sicel
3889 4373 3891 4432 ἰ

2304 4454 2444 4510 ﬁlius
2463 4497 2477 4518 ,
2509 4454 2652 4526 quod
2683 4451 2826 4528 λόγος
2852 4464 2906 4509 ει
2929 4454 3088 4508 ﬁlius.
3115 4451 3470 4507 Subsistentia
3522 4461 3638 4518 ergo
3662 4434 3807 4511 ριόρτίθ

2303 4547 2500 4601 dicitur
2550 4547 2615 4601 de
2665 4527 2926 4600 ambobus
2950 4586 2962 4608 ,
2993 4544 3134 4614 quod
3157 4552 3239 4598 cst
3266 4541 3558 4597 substantia
3590 4556 3601 4589 :
3629 4527 3806 4625 quoniatl

2305 4639 2444 4709 quod
2477 4647 2560 4694 est
2584 4654 2704 4694 esse
2731 4639 3056 4709 principale,
3085 4651 3208 4691 cum
3241 4634 3411 4690 forma
3439 4627 3700 4688 substantia
3721 4620 3808 4673 dici-

2306 4741 2410 4786 tur.
2445 4731 2571 4786 llacc
2597 4740 2772 4785 autem
2803 4740 2856 4784 et
2883 4729 3184 4783 substantia
3205 4727 3420 4794 dicitur,
3451 4735 3512 4779 et
3531 4721 3637 4776 idco
3667 4715 3804 4770 dietum

2305 4833 2422 4890 est,
2454 4825 2521 4878 de
2567 4837 2668 4876 una
2699 4822 3004 4877 substantia
3055 4831 3164 4876 tres
3215 4817 3580 4874 subsistentias
3612 4823 3736 4866 esse.
3773 4805 3807 4852 nl

2307 4918 2479 4988 ipsum
2513 4915 2654 4986 quod
2678 4925 2760 4971 est
2785 4929 2906 4970 esse
2933 4913 3189 4970 subsistat
3223 4911 3520 4980 tripliciter,
3544 4908 3644 4976 ipse
3682 4899 3802 4988 υξιιε,

2302 4987 2355 5065 et
2380 5009 2656 5077 Christus,
2689 5007 2740 5063 id
2770 5016 2855 5064 εει
2889 5007 3051 5078 A670,-
3105 5016 3160 5061 et
3196 5004 3424 5075 Spiritus
3475 5007 3681 5056 sanctus.

2302 5102 2591 5162 ὑπόστασις
2616 5099 2739 5172 jure
2765 5100 2875 5155 Deo
2905 5098 3205 5168 daturjure
3234 5097 3400 5170 Λόγῳ,
3434 5093 3484 5148 id
3511 5099 3611 5154 εει,
3638 5079 3746 5184 ita":
3770 5079 3804 5175 ῗί

2311 5196 2443 5250 ﬁlio.
2473 5194 2529 5250 ld
2559 5169 2738 5249 autem
2772 5192 2944 5247 Latini
2969 5188 3322 5246 substantiam
3346 5169 3557 5249 dicunt,
3591 5177 3690 5249 quia
3711 5169 3803 5224 dixi-

2311 5301 2432 5342 mus
2461 5296 2515 5342 et
2541 5284 2891 5342 substantiam
2917 5283 3020 5339 dici
3047 5297 3236 5354 posse,
3263 5280 3464 5336 scilicet
3513 5274 3558 5330 id
3593 5263 3707 5342 quod
3726 5267 3804 5316 esse

2311 5390 2430 5448 est,
2461 5381 2629 5451 magis
2660 5381 2944 5435 formatum
2976 5393 3116 5433 esse.
3141 5376 3274 5443 Quae
3303 5389 3423 5429 cum
3465 5372 3529 5427 ita
3551 5370 3672 5427 sint.
3709 5359 3801 5409 1°C“

2312 5487 2390 5533 est
2414 5475 2720 5540 ὑπόστασις,
2749 5474 2861 5530 haec
2883 5481 3158 5527 autemest
3179 5473 3348 5537 οὐσία,
3363 5469 3497 5523 sicut
3516 5451 3799 5542 probavi“?-

2385 5569 2448 5624 ν.
2473 5569 2624 5623 Νυιιε
2643 5566 2920 5622 videamus
2942 5573 3117 5620 utrum
3145 5564 3241 5628 ibi,
3270 5561 3355 5618 ubi
3388 5559 3612 5630 legimus,
3632 5539 3738 5648 aliud

2347 5663 2546 5728 niticet,
2575 5659 2868 5725 ὑπόστασις
2899 5674 3058 5731 quam
3091 5660 3259 5715 οὐσία.
3288 5654 3433 5713 Multi
3460 5650 3588 5708 enim
3612 5633 3802 5701 testim?!“
