4018 6184
253 225 382 280 1035

1415 219 1782 277 ADVERSUS
1818 215 2036 274 ΑΜοΜ
2073 217 2280 274 LIBER
2312 217 2381 273 ll.

3392 220 3532 278 509‘

249 337 422 405 copias
445 321 605 407 atque
636 335 874 390 fortunas
901 328 1183 404 signiﬁcari
1203 335 1307 390 hoc
1329 337 1513 400 verbo,
1536 335 1832 398 ὑπόστασις

1938 333 2127 405 gistis?
2158 351 2223 389 an
2249 333 2399 390 vobis
2427 334 2552 389 licet
2583 334 2660 390 sic
2681 333 2882 401 dicere,
2909 333 3046 390 unde
3075 337 3242 408 magis
3265 337 3534 413 ὁμοοὺσιον

249 427 476 491 scilicet;
512 426 606 482 sed
648 427 689 481 si
723 426 856 481 dixit
889 444 901 480 :
939 425 1000 482 Si
1040 427 1286 480 stetissent
1325 428 1376 480 in
1408 429 1698 484 ὑποστάσει
1726 427 1831 480 Do-

249 521 367 575 mini
393 562 407 586 ,
437 521 674 575 vidissent
707 519 922 575 Verbum
937 524 1047 594 ejus
1069 519 1204 593 (Jer.
1225 537 1376 588 χχιιι,
1404 522 1506 589 22,
1539 539 1639 576 sec.
1678 521 1828 592 Lxx).

248 613 394 681 Quod
436 613 554 667 heic
596 612 939 682 intelligimus
991 611 1278 670 ὑπόστασιν
1328 615 1580 680 Domini,
1633 615 1732 670 nisi
1779 615 1831 669 id

251 708 382 776 quod
405 716 487 762 est
517 706 693 760 Deus?
727 707 820 760 Est
850 717 1026 761 autem
1065 707 1202 762 Deus
1226 708 1468 776 Spiritus,
1499 709 1697 775 lumen,
1739 724 1835 777 po-

253 797 434 862 tentia,
465 798 824 868 omnipotens,
857 807 911 852 et
940 798 1242 868 hujusmodi
1272 800 1414 854 talia.
1463 799 1556 854 llic
1597 800 1686 868 qui
1728 807 1833 853 stat

251 902 300 946 et
329 890 597 960 intelligit,
629 905 734 944 non
765 874 944 945 autem
976 901 1088 945 erat
1109 891 1199 961 qui
1230 891 1496 960 intelligit,
1529 900 1633 945 stat
1659 907 1788 960 ergo
1815 905 1828 942 :

251 983 545 1054 intelligens
569 993 745 1038 autem
772 985 935 1039 Deum
959 983 1204 1054 intelligit
1225 992 1279 1039 et
1299 983 1443 1038 videt
1469 983 1628 1057 Λόγον
1663 983 1752 1038 Dei
1779 982 1833 1036 ll-

250 1075 395 1140 liutu;
428 1074 768 1130 manifestum
791 1090 917 1146 ergo
940 1075 1078 1132 hanc
1105 1075 1198 1130 Dei
1221 1091 1341 1132 esse
1365 1075 1676 1139 ὑπόστασιν,
1709 1074 1830 1145 quia

249 1167 512 1222 intellecta
543 1176 596 1222 et
625 1167 857 1222 Verbum
881 1167 1214 1238 intelligitur,
1245 1168 1404 1222 simul
1433 1168 1574 1222 enim
1603 1175 1749 1230 sunt,
1779 1174 1834 1221 et

248 1262 342 1316 hoc
371 1268 454 1316 est
474 1261 765 1334 ὁμοούσιον.
792 1261 904 1318 Hoc
927 1271 982 1317 et
1009 1262 1202 1317 iterum
1232 1263 1361 1316 dicit
1388 1280 1400 1317 :
1433 1261 1570 1327 Quia
1599 1261 1642 1314 si
1665 1259 1833 1319 stetis-

244 1369 350 1413 sent
377 1357 428 1411 in
455 1375 564 1412 mea
585 1359 890 1422 ὑποστάσει,
924 1368 966 1413 ει
988 1359 1194 1413 verbum
1223 1355 1386 1411 meum
1414 1357 1697 1411 audissent.
1729 1355 1830 1409 Su-

247 1465 334 1519 pra
367 1451 566 1515 videre;
597 1450 714 1507 heic
741 1461 920 1506 autem
947 1451 1122 1521 posuit
1151 1461 1455 1518 utrumque,
1490 1448 1591 1503 hoc
1617 1459 1698 1504 est
1724 1462 1832 1518 quo

245 1543 559 1614 intelligere.
589 1542 639 1597 ls
670 1544 814 1599 enim
847 1559 962 1600 rem
989 1543 1254 1612 intelligit,
1286 1541 1374 1611 qui
1399 1543 1451 1596 in
1479 1541 1556 1596 rei
1582 1541 1832 1596 substan-

247 1637 315 1691 tia
342 1646 465 1698 stat,
503 1636 552 1690 id
576 1645 678 1701 est,
699 1637 751 1692 in
784 1639 954 1707 primo
973 1635 1119 1692 fonte
1147 1637 1244 1702 rei,
1271 1644 1328 1690 ut
1353 1635 1532 1692 omnia
1563 1652 1681 1705 qua:
1704 1645 1828 1690 sunt

1939 428 2210 498 probatur,
2243 429 2398 484 nobis
2425 428 2634 485 discere
2660 427 2924 502 όμοούσιον
2955 446 3058 485 non
3087 430 3306 486 licebit?
3337 433 3532 487 Verum

1936 524 1978 574 si
2004 523 2123 576 ideo
2145 524 2320 576 dit-itis
2355 524 2531 578 lumen
2561 524 2627 578 de
2673 525 2896 590 lumine,
2931 527 3052 595 quia
3077 535 3131 580 et
3174 526 3311 580 Deus
3352 526 3533 580 lumen

1935 614 2133 680 dictus,
2166 615 2487 672 etCItristus
2530 618 2730 681 lumen,
2773 627 2824 672 et
2852 619 2979 673 item
3027 627 3080 674 et
3100 619 3260 676 Pater
3290 619 3454 685 Deus,
3483 629 3539 676 et

1935 708 2180 762 Christus
2202 709 2340 763 Deus
2364 710 2573 774 dictus;
2610 710 2661 764 id
2693 710 2910 782 quidem
2939 711 3308 778 manifestum,
3349 727 3537 766 verum

1935 797 2002 852 de
2028 798 2134 852 Deo
2156 815 2260 852 nou
2285 800 2500 868 lectum,
2529 803 2706 857 lumen
2725 802 2791 857 de
2815 802 3042 868 lumine;
3068 813 3120 858 at
3137 804 3285 857 licuit
3301 817 3533 858 sumere.

1933 889 2116 945 Liceat
2140 907 2267 963 ergo
2290 893 2354 948 de
2383 894 2534 948 lectis
2567 911 2671 948 non
2706 895 2842 950 lecta
2871 911 3213 965 componere.
3237 894 3536 970 ὀμοοὺσιον

1935 981 2131 1037 lectum
2162 985 2404 1055 negatis;
2441 985 2533 1040 sed
2557 986 2601 1040 si
2624 986 2800 1056 aliqua
2821 988 3036 1055 similia,
3061 989 3144 1042 vel
3170 988 3420 1044 similiter
3440 989 3537 1044 de-

1935 1075 2205 1130 nominata
2232 1077 2370 1132 lecta
2400 1086 2545 1142 sunt,
2566 1077 2686 1147 jure
2726 1079 2838 1148 pari
2871 1089 2922 1133 et
2947 1079 3086 1134 istud
3127 1080 3532 1136 deuominatum

1933 1167 2179 1236 accipere
2219 1167 2498 1224 debemus.
2536 1169 2627 1224 Dei
2660 1173 2813 1226 οὐσία
2846 1171 3027 1226 lumen
3071 1183 3171 1236 εει,
3211 1174 3314 1229 Ιιοε
3354 1173 3532 1229 lumen

1934 1256 2040 1312 vita
2067 1269 2169 1324 est,
2193 1268 2246 1313 et
2269 1260 2363 1313 ista
2389 1261 2516 1325 vita,
2542 1259 2643 1316 ista
2677 1261 3049 1332 intelligentia,
3076 1263 3176 1318 hoc
3198 1279 3316 1318 esse
3342 1264 3532 1332 Deum,

1934 1345 2037 1404 hoc
2057 1365 2178 1406 esse
2202 1350 2477 1408 Christum
2499 1351 2627 1407 Satis
2643 1353 2971 1409 declaratum
2993 1365 3093 1411 est.
3137 1355 3270 1410 Vivit
3297 1369 3461 1427 pater,
3491 1366 3537 1412 et

1932 1455 2022 1510 ego
2052 1440 2161 1493 vivo
2192 1439 2373 1513 (loan.
2399 1459 2472 1507 v1,
2499 1442 2613 1513 58).
2637 1441 2793 1498 Pater
2821 1446 2966 1500 liabet
2995 1448 3046 1500 in
3069 1464 3122 1502 se
3149 1449 3322 1515 vitam,
3353 1458 3400 1502 et
3427 1449 3536 1517 ﬁlio

1931 1533 2069 1587 dedit
2099 1534 2282 1590 habere
2310 1538 2449 1608 apud
2498 1555 2551 1591 se
2576 1539 2728 1593 vitam
2761 1540 3030 1611 (Joan.v,
3053 1543 3123 1598 26
3147 1546 3186 1614 ).
3219 1545 3346 1612 Qua:
3387 1545 3536 1601 liabet

1933 1636 2097 1693 pater,
2133 1643 2192 1680 ea
2220 1629 2348 1682 milii
2377 1630 2514 1684 dedit
2542 1633 2711 1685 omnia
2740 1631 2920 1704 (Joan.
2954 1651 3062 1699 xvi,
3092 1637 3201 1704 15).
3231 1636 3322 1692 His
3339 1648 3391 1692 et
3418 1638 3536 1693 aliis

242 1729 352 1800 ejus
377 1729 655 1800 intelligat.
684 1730 818 1798 Qttid
849 1729 1078 1785 deinde?
1106 1745 1228 1784 cum
1249 1729 1376 1783 alibi
1409 1730 1488 1784 vel
1518 1729 1569 1782 in
1603 1727 1823 1794 Davide,

1938 1729 2076 1788 smpc
2099 1720 2406 1788 probamus,
2433 1723 2620 1778 eadem
2643 1724 2694 1778 in
2716 1734 2866 1795 patre
2883 1742 3002 1782 esse
3019 1738 3071 1782 ει
3096 1729 3144 1784 in
3171 1729 3297 1794 lilio,
3316 1739 3369 1785 et
3391 1731 3532 1801 quod

240 1822 319 1875 vel
343 1823 393 1874 in
427 1821 714 1891 Evangelia
747 1823 915 1891 posita
945 1831 1100 1877 estet
1127 1823 1260 1877 lecta
1292 1818 1583 1882 ὑπόστασις
1609 1862 1624 1886 ,
1676 1838 1832 1876 num—

243 1913 362 1984 quid
381 1913 520 1969 aliud
545 1929 702 1984 quam
721 1915 872 1971 οὑσία
895 1914 1241 1984 intelligitur?
1259 1912 1576 1974 ’Υπόστασις
1595 1930 1724 1978 mea,
1753 1914 1832 1968 in-

241 2006 364 2073 quid
398 2005 559 2059 David
593 2005 813 2077 (Psalm.
861 2023 1105 2062 cxxxvtu
1131 2049 1145 2072 ,
1200 2005 1288 2077 15)
1324 2024 1337 2060 :
1371 2007 1438 2062 de
1472 2007 1579 2061 Deo
1605 2007 1789 2077 utique
1812 2049 1826 2072 ,

241 2093 554 2157 ⁸Υπόστασις
587 2113 695 2150 mea
723 2098 776 2150 in
805 2099 1128 2168 inferioribus
1157 2108 1322 2152 terrae.
1359 2098 1492 2151 Dicit
1522 2098 1662 2152 enim
1692 2116 1704 2153 :
1737 2087 1830 2153 oc?

243 2189 440 2243 cultum
471 2205 530 2243 se
558 2205 716 2244 nemo
737 2188 945 2254 credat,
968 2191 1089 2260 quia
1115 2189 1296 2260 utique
1321 2203 1435 2243 sum
1452 2200 1674 2244 etomue
1689 2189 1830 2260 quod

244 2298 358 2336 sunt
374 2281 734 2337 etsubstantia
751 2293 958 2347 mea,et
979 2283 1028 2336 in
1051 2282 1389 2337 inferioribus
1418 2291 1574 2338 terra:
1595 2299 1607 2336 :
1637 2281 1832 2353 ubique

244 2375 474 2429 estcuim
495 2374 751 2440 Deus,vt:|
771 2374 988 2444 Spiritus
1009 2374 1122 2441 Dei,
1139 2389 1258 2444 quae
1287 2374 1377 2428 Dei
1407 2374 1699 2429 substantia
1724 2383 1826 2429 est.

316 2463 402 2519 Vl.
435 2464 568 2519 Volo
595 2481 735 2520 nunc
763 2474 817 2520 et
843 2464 973 2520 illud
1005 2465 1187 2520 videre
1210 2465 1262 2518 in
1294 2463 1580 2535 Evangelio
1611 2481 1705 2535 per
1730 2481 1827 2535 pa-

245 2556 476 2610 rabolant
508 2565 561 2611 ει
599 2555 902 2625 exemplum
933 2556 1184 2626 positum.
1234 2555 1374 2610 Dixit
1405 2557 1549 2611 enim
1577 2567 1720 2626 pater
1750 2559 1830 2628 fa-

245 2649 407 2702 tttilias
461 2647 674 2718 quidam
724 2647 932 2716 duobus
969 2647 1120 2714 ﬁliis,
1150 2648 1438 2704 ὑπόστασιν
1477 2665 1622 2702 suam
1663 2648 1832 2701 divisit

241 2739 365 2798 Luc.
399 2761 486 2809 xv,
515 2743 627 2812 12);
654 2746 834 2811 utique
860 2741 1110 2797 fortunas
1131 2749 1185 2796 et
1213 2741 1597 2811 patrimonium
1622 2740 1826 2795 intelli-

241 2840 434 2909 gimus.
487 2836 593 2895 Sed
641 2838 684 2890 si
735 2835 834 2892 hoc
863 2835 1050 2890 relerri
1099 2833 1164 2888 ad
1215 2834 1379 2890 Deum
1429 2841 1679 2904 oportet,
1727 2834 1832 2888 erit

243 2934 529 2993 ὑπόστασις
552 2935 604 2986 et
626 2929 746 2984 heic
768 2929 1008 3000 potentia
1033 2933 1207 2983 omnis
1232 2937 1286 2983 et
1316 2928 1504 2982 virtus.
1536 2923 1681 2980 lianc
1703 2942 1834 2981 ιτυιιο

251 3029 412 3083 sumit
441 3043 578 3083 unus
622 3027 758 3081 [ilius
787 3024 930 3095 quia
967 3023 1076 3077 Deo
1108 3021 1307 3078 recedit
1334 3040 1346 3075 :
1373 3022 1570 3079 etenim
1617 3021 1706 3093 qui
1742 3039 1832 3092 pe-

1935 1825 2152 1880 scmper
2169 1821 2221 1868 ct
2237 1830 2302 1868 ex
2321 1823 2524 1870 :DlCl‘lto
2550 1835 2562 1869 :
2587 1826 2640 1872 et
2673 1817 2793 1873 ideo
2811 1818 3072 1893 ὁμοούσιον
3089 1823 3408 1892 appellatum
3427 1831 3528 1879 cst.

2010 1903 2141 1960 \‘lll.
2186 1906 2291 1962 Sed
2341 1909 2480 1964 unde
2527 1908 2631 1967 hoc
2675 1913 2935 1981 verbum,
2985 1914 3109 1969 audi
3162 1916 3530 1986 Evangelium,

1933 1997 2059 2052 audi
2106 1999 2327 2056 Paulum
2370 2004 2698 2073 apostolum,
2733 2006 2856 2060 audi
2895 2009 3194 2063 orationem
3227 2010 3532 2078 oblationis,

1940 2092 2194 2158 quoniam
2220 2091 2325 2146 vita
2363 2101 2447 2148 est
2479 2095 2662 2161 Deus;
2711 2107 2766 2153 et
2813 2108 3013 2154 interna
3049 2103 3177 2155 vita.
3231 2100 3337 2156 Nos
3379 2101 3537 2157 Chri—

1938 2179 2120 2248 stiani,
2159 2183 2206 2237 id
2230 2195 2330 2251 est,
2367 2186 2454 2255 qui
2481 2187 2532 2240 in
2569 2185 2840 2244 Christum
2871 2190 3165 2259 credimus,
3194 2192 3457 2249 docemur
3481 2195 3533 2250 in

1935 2273 2227 2344 Evangelio
2251 2276 2467 2348 (Matth.
2498 2296 2568 2345 v1,
2604 2281 2660 2350 9)
2702 2283 2972 2352 quomodo
3009 2285 3172 2338 Deum
3205 2295 3406 2354 patrem
3450 2302 3534 2342 ro-

1932 2382 2059 2435 gare
2098 2367 2416 2437 debeamus,
2465 2372 2518 2426 in
2546 2389 2650 2442 qua
2677 2375 2921 2430 oratione
2944 2391 3064 2430 cum
3094 2378 3256 2432 multa
3284 2380 3534 2448 petimus,
3589 2424 3596 2432 .

1936 2467 2045 2512 tum
2076 2461 2306 2528 petimus
2335 2478 2549 2532 panem,
2585 2465 2674 2534 qui
2707 2467 2858 2534 panis
2890 2468 2993 2522 vita
3011 2477 3093 2523 est
3126 2470 3226 2541 (sic
3260 2471 3400 2524 enim
3426 2470 3538 2526 dic-

1936 2559 2045 2603 tum
2085 2560 2169 2606 est
2208 2551 2388 2625 (Joan.
2434 2569 2505 2620 vr,
2531 2554 2625 2626 59)
2660 2578 2671 2609 :
2701 2555 2802 2609 Hic
2828 2559 2972 2612 enim
3014 2569 3087 2614 est
3130 2563 3311 2630 panis,
3354 2564 3441 2630 qui
3469 2566 3532 2618 de

1933 2643 2062 2697 caelo
2090 2644 2392 2716 descendit).
2429 2647 2577 2704 Hanc
2609 2651 2772 2704 vitam
2797 2658 2851 2706 et
2881 2649 3077 2706 Christi
3104 2662 3159 2708 et
3199 2654 3315 2720 Dei,
3347 2653 3399 2710 id
3427 2663 3532 2720 est,

1935 2745 2188 2791 mlcrnam
2217 2738 2358 2807 quod
2384 2741 2603 2796 nomine
2627 2742 2740 2811 ipse
2761 2742 2909 2809 dicit,
2956 2745 3216 2802 ἐπιούσιον
3255 2743 3426 2819 ἄρτον,
3467 2761 3536 2802 ex

1933 2826 2121 2880 eadem
2147 2829 2302 2884 οὐσία
2329 2844 2543 2899 panem,
2578 2831 2628 2885 id
2652 2843 2757 2898 est,
2789 2833 2858 2888 de
2881 2836 2985 2888 vita
3012 2835 3102 2890 Dei
3132 2855 3144 2890 :
3170 2838 3535 2892 consubstan-

1936 2918 2117 2972 tialem
2159 2921 2342 2974 vitam.
2380 2920 2533 2978 Unde
2560 2925 2702 2978 enim
2738 2923 2831 2978 ﬁlii
2866 2926 2956 2981 Dei
2978 2929 3202 2994 erimus,
3247 2928 3348 2985 nisi
3376 2931 3539 3000 parti-

1935 3008 2202 3079 cipatione
2231 3011 2354 3067 vita:
2375 3015 2628 3069 atteram?
2667 3032 2828 3084 quam
2862 3018 3015 3072 nobis
3054 3017 3303 3076 Christus
3333 3037 3361 3076 a
3387 3033 3538 3093 patre

246 3121 543 3190 regrinatur
567 3135 597 3173 a
624 3120 752 3185 Deo,
783 3134 882 3172 nec
899 3119 1144 3188 spiritum
1176 3118 1265 3171 Dei
1298 3115 1476 3180 habet,
1504 3132 1601 3171 nec
1623 3115 1826 3181 lumen,

1938 3102 2165 3159 :tll'erens
2203 3104 2371 3160 dedit.
2421 3107 2534 3162 lloc
2575 3125 2704 3180 ergo
2740 3119 2823 3165 est
2871 3109 3024 3183 (Luc.
3061 3129 3140 3180 ιιι,
3173 3112 3250 3186 5),
3300 3114 3384 3177 δὸς
3419 3119 3540 3190 ἡμῖν

245 3227 343 3266 nec
365 3209 660 3276 Christum,
693 3209 776 3264 hic
799 3209 937 3278 apud
965 3225 1022 3264 se
1043 3211 1311 3264 consumit
1333 3207 1686 3283 substantiam
1716 3206 1829 3261 Dei.

246 3302 369 3358 lliuc
397 3313 473 3358 est
506 3303 646 3358 enim
682 3302 774 3357 Dei
801 3303 1126 3368 ὑπόστασις,
1157 3311 1213 3355 ιιι
1242 3301 1508 3366 diximus;
1554 3301 1665 3354 sive
1693 3314 1835 3355 nunc

246 3397 363 3452 licic
389 3394 880 3461 divitiasdicamus,
909 3395 991 3450 vel
1021 3393 1421 3464 patrimonium,
1451 3391 1582 3446 nihil
1613 3390 1792 3445 differt
1817 3408 1830 3444 :

243 3487 322 3543 sic
352 3488 491 3542 enim
515 3486 713 3542 dictum
741 3486 906 3552 estab
927 3485 1169 3556 apostolo
1184 3484 1351 3540 Paulo
1372 3505 1383 3540 :
1405 3485 1448 3538 0
1472 3484 1686 3538 attitude
1708 3483 1838 3537 divi-

243 3582 428 3635 tiarum
455 3581 720 3650 sapientia:
770 3589 814 3633 et
859 3579 1081 3633 scientiae
1132 3577 1259 3632 Dei!
1287 3576 1464 3651 (Rom.
1506 3593 1581 3641 xt,
1614 3575 1730 3647 3'5).
1779 3575 1833 3632 Si

246 3674 400 3743 igitur
421 3671 618 3726 divitiae
643 3670 760 3738 Dei,
792 3670 1048 3740 sapientia
1074 3681 1128 3724 et
1151 3670 1376 3724 scientia
1401 3677 1527 3724 sunt
1553 3686 1565 3721 :
1599 3677 1652 3724 et
1683 3669 1726 3722 si
1746 3682 1834 3722 sa-

246 3765 438 3835 pientia
472 3774 526 3818 et
554 3763 772 3819 scientia
805 3763 918 3833 ipsa
951 3763 1119 3817 virtus
1164 3761 1254 3817 Dei
1290 3773 1406 3829 est,
1442 3762 1612 3816 virtus
1656 3769 1834 3815 autem

247 3857 339 3912 Dei
373 3856 616 3910 Christus
642 3867 745 3924 est,
774 3853 1024 3911 Christus
1055 3866 1231 3910 autem
1260 3856 1419 3927 Λόγος
1461 3864 1564 3920 εει;
1593 3865 1753 3926 Λογος
1783 3861 1837 3907 et

244 3964 370 4002 vere
395 3947 557 4012 ﬁlius,
592 3947 731 4000 [ilius
758 3956 937 4001 autem
967 3947 1018 4000 in
1051 3955 1198 4015 patre
1231 3947 1342 4017 ipse
1368 3956 1451 4000 est
1477 3964 1488 3998 :
1526 3946 1639 4016 ipse
1667 3961 1795 4015 ergo
1817 3986 1832 4012 ,

244 4040 443 4095 divitia:
474 4039 660 4110 patris;
685 4038 797 4108 ipse
820 4039 1108 4100 ὑποστασις
1137 4045 1238 4092 est.
1270 4037 1385 4092 Jam
1414 4037 1574 4108 igitur
1602 4037 1733 4091 nihil
1756 4036 1836 4091 in-

246 4145 450 4200 terest,
504 4145 682 4188 utrum
725 4129 1010 4189 ὑπόστασιν
1058 4132 1268 4186 divitias
1321 4131 1715 4201 intelligamus,
1767 4147 1835 4186 an

243 4230 419 4284 οὐσίαν
443 4269 458 4293 ,
506 4225 797 4282 dummodo
825 4227 875 4281 id
907 4225 1240 4296 signiﬁcetur
1269 4241 1376 4295 quo
1409 4225 1524 4295 ipse
1559 4225 1698 4279 Deus
1728 4233 1832 4280 est.

243 4319 386 4391 Ergo
406 4319 599 4374 lectum
630 4317 802 4374 estde
835 4317 943 4372 Deo
969 4318 1047 4372 vel
1070 4315 1362 4378 ὑπόστασις
1395 4317 1475 4372 vel
1511 4319 1658 4372 οὐσία
1689 4333 1702 4369 :
1735 4315 1837 4372 hoc

243 4422 422 4469 autem
451 4411 597 4477 etde
625 4408 842 4465 Christo
875 4409 1208 4480 intelligitur.
1245 4409 1456 4463 Dictum
1483 4419 1566 4464 est
1599 4427 1610 4461 :
1644 4405 1756 4477 Ego
1783 4410 1837 4465 in

1937 3195 2191 3250 ἐπιούσιον
2222 3192 2396 3270 ἄρτον,
2440 3197 2492 3252 id
2533 3208 2636 3264 est,
2683 3200 2849 3255 vitam
2889 3218 2955 3256 ex
2983 3202 3171 3259 eadem
3213 3207 3534 3275 substantia,

1937 3289 2138 3342 ctenim
2185 3290 2226 3342 si
2268 3289 2408 3358 quod
2449 3291 2763 3360 accipimus,
2803 3309 3001 3363 corpus
3039 3294 3239 3350 Christi
3285 3307 3390 3366 est,
3422 3297 3537 3368 ipse

1937 3388 2116 3433 autem
2155 3379 2403 3436 Christus
2442 3383 2545 3437 vita
2588 3395 2692 3450 est,
2733 3385 3028 3454 qurrimus
3068 3385 3220 3463 ἄρτον
3252 3390 3532 3459 ἐπιούσιον,

1936 3469 2138 3524 divitia:
2175 3474 2318 3526 enim
2366 3473 2417 3527 in
2444 3474 2660 3528 Christo
2680 3477 3036 3545 corporaliter
3077 3479 3350 3547 habitant;
3385 3482 3538 3538 Crte-

1936 3575 2057 3615 cuut
2100 3562 2258 3632 igitur
2281 3563 2623 3634 Evangelium
2645 3566 2800 3620 habet
2821 3569 3104 3636 ἐπιούσιον,
3128 3572 3271 3641 quod
3294 3573 3538 3627 denomi-

1938 3664 2118 3706 uatum
2152 3667 2233 3708 est
2253 3671 2282 3708 a
2305 3657 2624 3720 substantia,
2657 3669 2710 3713 et
2739 3661 2920 3729 utique
2949 3662 3038 3716 Dei
3063 3665 3363 3720 substantia
3391 3685 3402 3720 :
3429 3667 3532 3722 hoc

1939 3744 2109 3798 Latini
2134 3746 2215 3800 vel
2239 3763 2344 3800 non
2369 3748 2726 3818 intelligeutcs
2748 3753 2829 3806 vel
2849 3767 2955 3807 non
2973 3755 3211 3811 valentes
3224 3759 3529 3827 exprimere

1941 3853 2043 3892 non
2060 3849 2348 3922 potuerunt
2363 3840 2565 3906 dicere,
2599 3847 3040 3901 ettantummodo
3059 3850 3413 3918 quotidianum
3435 3869 3530 3922 po-

1938 3921 2289 3997 suerunt,‘nou
2310 3933 2582 3989 ἐπιούσιον.
2612 3935 2850 4006 Estergo
2870 3948 2922 3993 et
2939 3954 3135 3994 nomen
3159 3941 3379 4009 lectum,
3406 3921 3534 4000 etin

1942 4019 2052 4074 Deo
2075 4021 2394 4090 substantia,
2427 4033 2477 4079 et
2499 4024 2602 4080 dici
2632 4035 2806 4096 potest
2829 4032 3202 4099 graece-etiam
3224 4033 3388 4089 latine
3424 4051 3531 4092 non

1940 4117 2278 4186 exprimitur;
2302 4119 2494 4175 dicitur
2513 4131 2688 4178 tamen
2711 4140 2883 4194 graice
2896 4126 3019 4195 quia
3041 4125 3535 4200 intelligitur.Ergo

1942 4224 2040 4262 nos
2068 4211 2156 4280 qui
2187 4210 2459 4268 Christum
2502 4215 2792 4282 credimus,
2826 4219 2951 4288 quia
2975 4219 3044 4275 ab
3081 4235 3147 4276 eo
3172 4222 3334 4276 vitam
3379 4235 3539 4279 reter-

1941 4316 2063 4356 nam
2095 4317 2392 4373 speramus,
2423 4308 2546 4376 quia
2576 4308 2690 4378 ipse
2728 4310 2836 4365 vita
2867 4321 2972 4378 est,
3002 4327 3122 4367 cum
3159 4314 3332 4384 ipsunt
3360 4316 3538 4386 sequi-

1942 4417 2081 4467 mur,
2113 4410 2167 4456 et
2196 4417 2316 4457 cum
2340 4420 2425 4468 eo,
2453 4414 2504 4460 et
2526 4406 2668 4460 circa
2693 4407 2890 4476 ipsum,
2921 4419 2972 4464 et
3002 4409 3146 4466 circa
3183 4412 3346 4466 vitam
3379 4423 3537 4469 aeter-

244 4518 388 4577 νοω-ε
410 4549 424 4574 ,
473 4515 520 4560 et
549 4513 692 4577 pater
731 4505 781 4558 in
815 4521 890 4557 me
919 4503 1096 4571 (Joan.
1123 4519 1214 4559 xtv
1233 4545 1250 4571 ,
1297 4505 1408 4572 10).
1439 4503 1590 4570 Quod
1618 4503 1832 4573 quidem

1941 4509 2062 4547 nam
2112 4509 2337 4562 sumus,
2391 4507 2444 4551 et
2493 4499 2828 4568 appellamur
2878 4501 2998 4563 λαὸς
3040 4505 3355 4579 περιούσιος.
3405 4505 3542 4562 Hinc

243 4598 367 4654 ideo
395 4599 476 4653 bis
512 4599 709 4653 dictum
735 4639 748 4664 ,
777 4598 898 4666 quia
933 4598 982 4651 in
1008 4607 1155 4666 patre
1178 4612 1300 4652 esse
1332 4598 1502 4666 potuit
1529 4597 1690 4663 lilius,
1724 4612 1828 4652 non

241 4699 422 4745 tamen
451 4699 505 4745 et
535 4692 586 4744 in
619 4690 728 4744 filio
779 4698 945 4759 pater,
979 4688 1071 4743 sed
1103 4696 1160 4742 ttt
1187 4687 1463 4757 plenitudo
1494 4697 1652 4758 atque
1691 4689 1832 4744 idem

243 4797 409 4835 onum
441 4781 492 4834 iu
519 4783 739 4852 singulis
768 4791 928 4836 esset.
965 4781 1019 4835 Si
1048 4789 1230 4836 autem
1274 4780 1458 4836 eadem
1499 4781 1789 4844 ὑπόστασις
1816 4823 1830 4848 ,

243 4875 508 4948 ὁμοοὺσιον
529 4892 675 4946 ergo.
709 4875 910 4931 Eadem
939 4885 1116 4931 autem
1144 4895 1156 4930 :
1189 4891 1308 4929 nam
1332 4875 1576 4932 Christus
1597 4879 1734 4933 Deus
1763 4878 1832 4933 de

244 4969 378 5034 Deo,
395 4978 447 5024 et
462 4970 636 5024 lumen
653 4969 718 5024 de
734 4970 954 5024 lumine.
979 4969 1118 5040 Ergo
1136 4966 1418 5042 ὁμοοὺσιον.
1438 4969 1490 5024 ld
1509 4980 1686 5025 autem
1705 4971 1748 5026 si
1764 4988 1831 5026 ex

242 5071 449 5116 aeterno
463 5074 510 5115 et
529 5077 744 5132 semper
759 5065 1062 5118 necessario
1080 5062 1394 5132 simul,ergo
1409 5079 1531 5118 vere
1547 5063 1830 5138 ὁμοοὺσιον.

320 5153 430 5209 νιι.
457 5156 524 5208 At
555 5158 696 5209 enim
724 5156 826 5212 hoc
854 5156 1026 5226 ipsum
1057 5155 1322 5228 ὁμοοὺσιον
1351 5156 1548 5228 lectum
1573 5167 1670 5212 est.
1703 5158 1835 5212 Otii-

241 5247 330 5300 nia
363 5248 504 5302 enim
547 5263 667 5316 quae
714 5247 948 5304 diximus
991 5249 1126 5304 lecta
1158 5262 1282 5304 sunt
1313 5269 1324 5302 :
1359 5249 1510 5304 Vobis
1541 5249 1693 5316 dico,
1745 5251 1834 5322 qui

235 5341 352 5409 jam
384 5339 624 5394 fatemini
656 5340 724 5396 de
766 5340 893 5404 Deo,
919 5347 1001 5396 vel
1043 5342 1185 5413 quod
1232 5344 1409 5398 lumen
1437 5343 1538 5409 sit,
1566 5343 1650 5398 vel
1690 5344 1833 5414 quod

239 5435 484 5504 spiritus.
522 5434 703 5488 Dicitis
723 5449 851 5505 ergo
874 5434 941 5490 de
971 5437 1080 5490 Deo
1109 5436 1297 5500 Deum,
1340 5435 1409 5491 de
1442 5435 1691 5490 invisibili
1719 5435 1842 5507 Spi-

240 5529 354 5584 ritu
395 5529 675 5598 Spiritutn,
703 5537 758 5583 et
784 5543 966 5583 verum
1011 5529 1191 5583 lumen
1219 5528 1288 5584 de
1311 5544 1441 5584 vero
1467 5530 1689 5596 lumine,
1719 5545 1840 5602 qua:

239 5631 375 5678 stutt
417 5623 734 5683 ὑποστάσεις
778 5620 895 5675 Dei.
928 5619 1123 5676 Verum
1164 5638 1286 5678 cum
1325 5623 1503 5681 dicitis
1539 5622 1838 5693 Christum,

241 5717 421 5772 Deum
449 5717 516 5773 de
545 5716 676 5784 Deo,
710 5715 889 5770 lumen
921 5713 990 5772 de
1019 5716 1252 5790 lumine,
1282 5729 1336 5778 et
1359 5721 1483 5781 talia
1509 5739 1524 5778 :
1552 5721 1641 5781 ubi
1667 5723 1746 5781 sic
1766 5723 1842 5783 le-

1937 4595 2154 4641 sauctus
2175 4588 2468 4656 Apostolus
2495 4588 2560 4642 ad
2583 4590 2758 4644 Titum
2785 4591 3026 4662 Epistola
3061 4596 3140 4649 sic
3177 4596 3314 4650 dixit
3353 4596 3542 4654 Graece

1939 4676 2068 4748 (Tit.
2098 4693 2156 4743 ιι,
2194 4680 2279 4748 14)
2311 4697 2324 4732 :
2347 4678 2454 4736 ἰνα
2472 4682 2799 4758 λυτρώσηται
2819 4687 2952 4758 ἡμᾶς·
2976 4687 3076 4741 ἀπὸ
3098 4688 3269 4748 πάσης
3306 4690 3539 4761 ἀνομίας,

1934 4775 2016 4825 καὶ
2036 4773 2282 4848 καθαρίσῃ
2304 4772 2470 4844 ἐαυτῷ
2490 4773 2607 4828 λαὸν
2630 4777 2926 4851 περιούσιον
2949 4779 3153 4842 ζηλοτήν
3177 4779 3338 4834 καλῶν
3359 4778 3538 4856 ἔργων.

1935 4861 2158 4918 Latinus
2180 4881 2301 4918 cum
2327 4881 2432 4920 non
2455 4865 2783 4938 intelligeret
2810 4874 3106 4947 περιούσιον
3129 4870 3306 4945 ὄχλον,
3331 4876 3543 4952 περιού-

1935 4976 2064 5019 σιον,
2090 4956 2175 5010 τόν
2209 4959 2475 5033 περιόντα,
2506 4957 2558 5012 id
2587 4970 2690 5026 est,
2724 4961 2866 5016 circa
2897 4964 3061 5018 vitam
3094 4981 3254 5034 quam
3293 4966 3543 5023 Christus

1938 5059 1992 5104 et
2013 5049 2174 5105 habet
2195 5061 2248 5106 et
2269 5052 2381 5118 dat,
2409 5055 2585 5122 posuit
2607 5057 2856 5125 papulum
2877 5057 3237 5116 abundantem.
3263 5063 3402 5131 Quid
3426 5079 3541 5120 me-

1939 5146 2026 5201 riti
2050 5153 2131 5201 est
2160 5154 2219 5202 ut
2248 5148 2484 5205 salvetur
2507 5153 2734 5221 populus
2771 5169 2877 5224 quo
2907 5155 3181 5212 abundat?
3214 5159 3327 5214 Hoc
3359 5169 3538 5214 autem

1940 5256 2126 5294 rursus
2157 5257 2344 5310 magna
2367 5257 2527 5299 causa
2569 5255 2622 5300 et
2655 5246 2819 5301 veluti
2849 5252 3166 5317 necessitas,
3199 5267 3306 5322 quo
3326 5253 3538 5328 περιού-

1943 5355 2075 5394 σιος.
2114 5334 2246 5390 lliuc
2267 5336 2441 5390 oratio
2461 5337 2749 5395 oblationis
2772 5340 3050 5398 intellectu
3077 5343 3268 5399 eodem
3293 5352 3545 5413 precatur

1941 5443 2100 5483 eum:
2135 5435 2302 5485 σῶσον
2339 5433 2630 5506 περιούσιον
2665 5433 2815 5496 λαὸν,
2873 5436 3098 5500 ζηλωτήν
3138 5437 3302 5490 καλῶν
3355 5435 3538 5512 ἔργων.

1943 5519 2085 5592 Ergo
2132 5523 2266 5580 lecta
2297 5535 2422 5581 sunt
2459 5528 2667 5598 omnia,
2717 5527 3062 5583 denominata
3101 5529 3168 5582 ab
3207 5531 3386 5592 οὐσίας
3419 5531 3546 5588 hinc

1943 5618 2118 5688 itaque
2139 5621 2496 5689 compositum
2524 5621 2792 5695 ὁμοοὺσιον
2813 5623 2882 5678 de
2915 5623 3021 5676 Deo
3044 5607 3100 5677 et
3129 5619 3366 5692 Christo,
3398 5623 3543 5695 quod

1943 5717 2000 5765 et
2035 5709 2103 5766 ab
2145 5712 2354 5768 ratione
2385 5726 2492 5768 non
2533 5721 2616 5769 est
2654 5715 2885 5770 alienum
2914 5731 2926 5768 :
2953 5712 3115 5772 habet
3151 5715 3296 5774 enim
3343 5713 3541 5786 οὕσιον,
