4018 6184
594 245 737 303 1095

1808 228 2003 287 MAR“
2030 221 2379 285 VICTORINI
2418 218 2582 277 AFRI

3686 211 3782 267 i096

586 372 747 429 quam
785 354 861 429 (t)
889 352 1087 408 habent
1125 347 1406 420 superiora
1443 344 1685 409 nomina,
1735 353 1788 400 et
1809 343 1998 399 eodem
2037 338 2195 394 modo
2223 342 2274 402 Α
2301 344 2468 390 totum
2491 331 2680 387 orbem
2701 330 2972 385 decretam
2998 325 3158 384 ﬁdem
3180 325 3466 391 mittentes,
3494 324 3787 396 episcoporum

588 450 991 508 denominatum
1023 455 1106 500 cst
1128 461 1141 501 :
1165 451 1221 498 et
1248 442 1350 497 hoc
1378 455 1577 496 nomen
1597 451 1785 495 omnes
1809 433 2047 491 excludit
2076 431 2186 485 hac-

590 545 828 608 retieos;
860 538 1167 597 necessario
1187 552 1316 607 ergo
1345 535 1579 606 positum
1599 549 1629 588 a
1655 531 1968 603 majoribus.
1994 526 2186 583 Dicen-

587 639 714 695 dum
735 651 865 708 ergo
893 645 947 691 et
970 647 1188 704 semper
1209 628 1543 687 tractandum
1566 635 1668 684 est.

660 753 753 810 IX.
777 756 848 809 At
866 750 1012 809 enim
1028 747 1150 820 quia
1173 744 1634 816 noninlelligit‘ur,
1657 736 2042 797 et'seandalum
2064 732 2189 789 facit
2263 727 2273 733 ’

597 845 890 904 tollendum
913 853 969 901 et
986 842 1055 899 de
1070 840 1173 897 ﬁde
1192 849 1247 896 et
1261 846 1511 903 tractatu,
1528 847 1619 890 aut
1639 842 1787 890 certe
1804 831 1972 886 latine
1985 842 2190 898 ponen-

586 940 751 998 dum:
781 955 886 995 non
923 936 1264 1007 intelligitur,
1288 918 1493 989 dicunt.
1524 929 1666 1001 Ergo
1701 941 1807 983 nec
1827 924 1991 981 latine
2015 927 2191 993 potest

589 1034 718 1090 dici.
788 1032 905 1088 Non
970 1028 1324 1103 intelligitur,
1372 1037 1540 1096 quare
1589 1034 1685 1075 vos
1732 1015 1933 1073 timetis
2002 1010 2190 1068 istud?

586 1128 677 1201 qui
718 1127 860 1183 enim
901 1132 1232 1196 Oppugnant,
1265 1118 1458 1174 timent
1483 1125 1662 1170 tamen
1687 1130 1699 1167 :
1724 1112 1768 1165 si
1812 1106 2048 1171 timetis;
2080 1104 2192 1160 ha:-

585 1218 744 1276 retici
772 1194 1075 1279 cstis,Vhoc
1101 1211 1319 1268 excluso
1359 1209 1667 1264 subintrare
1704 1201 1919 1273 cupitis.
1960 1196 2098 1252 Num
2145 1194 2192 1250 si

591 1314 775 1367 οὐσίαν
798 1309 852 1364 in
877 1309 987 1363 Deo
1013 1305 1240 1376 negatis,
1273 1299 1539 1375 ὁμοοῦσιον
1559 1297 1681 1352 ideo
1704 1294 1820 1350 tolli
1847 1290 2030 1355 vultis,
2066 1286 2191 1358 quia

588 1404 766 1459 οὐσίαν
790 1398 1058 1455 fatentur?
1098 1397 1239 1467 Ergo
1272 1391 1571 1462 intelligitis
1590 1397 1646 1444 et
1677 1385 1898 1442 timetis.
1927 1382 1985 1439 Si
2009 1391 2189 1435 autem

588 1503 647 1552 et
668 1489 893 1551 Basilius
910 1491 1180 1565 ὅμοούσιον
1193 1486 1337 1552 dicit,
1355 1494 1409 1540 et
1429 1482 1531 1549 hoc
1550 1494 1765 1551 quoque
1784 1488 1982 1532 nomen
2002 1471 2195 1528 adver-

592 1604 712 1645 sum
740 1586 895 1643 vobis
931 1564 1036 1653 est,
1084 1592 1140 1639 et
1161 1580 1284 1637 ideo
1308 1588 1363 1635 et
1403 1579 1506 1632 hoc
1532 1572 1852 1645 repudiatis,
1879 1568 2003 1640 quia
2025 1564 2195 1621 semel

591 1682 772 1738 οὐσίαν
802 1676 1011 1749 negatis
1050 1676 1104 1730 in
1136 1673 1273 1728 Deo.
1303 1670 1361 1727 Si
1382 1679 1561 1725 autem
1589 1667 1711 1722 ideo
1733 1661 2046 1734 repudiatis,
2070 1658 2193 1729 quia

2301 426 2466 483 millia
2502 427 2554 479 in
2595 423 2783 480 eadem
2824 421 3151 486 habuerunt,
3175 419 3260 475 vel
3288 418 3424 473 illius
3460 418 3695 487 temporis,
3728 419 3791 473 vel

2290 518 2630 591 sequentium
2675 531 2960 573 annorum.
2995 514 3288 571 Probatum
3325 521 3496 569 autem
3532 510 3592 566 ab
3624 510 3794 582 impen-

2292 624 2410 669 tore
2446 610 2792 682 imperatoris
2818 609 2986 665 nostri
3017 615 3187 678 patre.

2362 746 2431 801 X.
2473 744 2580 803 Sed
2622 744 2788 801 latine
2807 742 2911 799 hoc
2933 757 3031 798 nos
3051 740 3158 797 diei
3180 738 3425 795 volumus
3451 755 3470 793 :-
3485 751 3578 793 nec
3593 735 3802 793 haerebis

2291 840 2595 911 negabitur,
2624 853 2721 893 vos
2750 838 2839 907 qui
2873 835 3232 891 substantiam
3258 833 3462 903 negatis
3484 832 3532 886 in
3555 832 3649 886 Deo
3665 846 3802 901 quam-

2291 947 2399 1005 que
2427 948 2456 986 a
2478 930 2679 986 Basilio
2701 927 3015 994 vincamini,
3040 936 3092 982 ct
3114 936 3191 991 tu,
3218 925 3403 990 Basili,
3424 923 3511 993 qui
3530 923 3807 978 substantiam

2291 1024 2588 1090 conﬁteris,
2647 1022 2861 1094 utrique
2908 1021 3105 1076 vestris
3144 1019 3364 1075 vocibus
3409 1017 3656 1091 ὁμοούσιον
3689 1016 3810 1071 conﬁ-

2295 1119 2502 1176 temini.
2530 1117 2734 1188 Nempe
2772 1116 2950 1171 dicitis
2982 1115 3173 1181 Deum,
3221 1121 3274 1169 et
3317 1110 3559 1167 eumdem
3595 1109 3812 1165 dieitisln-

2295 1226 2436 1280 men,
2471 1209 2722 1267 eumdem
2751 1209 3023 1279 spiritum.
3057 1205 3159 1273 Qui
3205 1205 3337 1261 dicit
3373 1206 3495 1270 ista,
3536 1203 3811 1257 substantiam

2295 1302 2422 1358 dicit
2452 1302 2568 1358 Dei.
2617 1300 2748 1355 Nam
2777 1300 2866 1370 qui
2897 1299 3027 1354 dicit
3071 1305 3275 1368 patrem
3306 1295 3393 1351 vel
3441 1294 3810 1365 omnipotentem,

2294 1392 2380 1447 vel
2420 1392 2643 1459 bonum,
2676 1390 2759 1445 vel
2791 1389 3060 1443 inﬁnitum
3092 1395 3148 1442 et
3179 1386 3325 1451 talia,
3357 1400 3464 1440 non
3510 1370 3810 1449 substantiam,

2294 1483 2391 1540 sed
2418 1483 2730 1554 qualitatem
2752 1480 2903 1536 dicit.
2936 1481 3067 1536 item
3093 1478 3260 1533 ﬁlium
3284 1476 3464 1533 dicitis
3484 1474 3646 1549 Λόγον.
3670 1475 3814 1541 lumen,

2295 1576 2581 1647 spiritum;
2610 1583 2665 1630 et
2684 1574 2786 1629 ista
2814 1573 3168 1629 substantiam
3196 1570 3519 1641 signiﬁcant.
3542 1568 3721 1624 Rursus
3735 1581 3817 1621 cum

2297 1668 2476 1725 dicitis
2511 1668 2698 1734 Deum,
2725 1665 2903 1720 dicitis
2935 1664 3103 1720 Deum
3135 1664 3202 1719 de
3227 1664 3361 1727 Deo,
3395 1676 3577 1716 verum
3607 1660 3750 1715 lumen
3771 1656 3815 1713 de

593 1771 924 1844 intelligitis;
945 1779 1001 1825 et
1020 1768 1136 1838 ipse
1164 1764 1392 1821 Basilius
1410 1759 1663 1830 intelligit
1689 1758 1778 1828 qui
1802 1755 2069 1828 ὁμοούσιον
2089 1749 2196 1805 dici

2300 1776 2432 1817 vero
2460 1758 2665 1814 lumine
2690 1775 2703 1811 :
2732 1764 3111 1826 argumentum
3138 1753 3348 1811 timoris
3380 1754 3557 1809 Basilii
3589 1752 3756 1815 tollitis,
3776 1764 3819 1804 ne

594 1867 726 1933 vult,
749 1866 816 1922 de
836 1878 945 1935 quo
966 1870 1087 1933 post
1106 1860 1405 1930 loquemur.
1432 1853 1548 1909 Non
1573 1859 1657 1907 est
1675 1849 1945 1924 ὁμοούσιον
1965 1857 2185 1907 nomen,

593 1958 738 2029 quod
769 1970 875 2011 non
900 1952 1237 2023 intelligitur.
1265 1948 1475 2010 Latine,
1502 1942 1772 2015 inquiunt,
1796 1939 2028 1994 dicatur.
2055 1935 2194 2004 Quia

594 2025 816 2106 difﬁcile
841 2046 1058 2111 dicitur,
1104 2042 1227 2099 ideo
1254 2039 1540 2110 expetitis;
1572 2045 1627 2090 et
1671 2034 1715 2088 si
1745 2033 1975 2095 dicatur,
2018 2025 2197 2098 sequi-

596 2144 752 2202 mini.
796 2142 1046 2214 Magnum
1093 2133 1443 2193 miraculum!
1498 2129 1723 2187 verbum
1768 2141 1868 2181 vos
1907 2122 2197 2178 haereticos

594 2234 745 2301 facit,
777 2234 860 2290 vel
886 2208 1080 2304 'potius
1122 2242 1289 2285 sonus
1328 2223 1514 2288 verbi,
1574 2218 1719 2290 quod
1757 2208 1934 2288 graece
1974 2211 2194 2268 dicitur.

600 2326 805 2384 Deinde
833 2327 877 2380 si
906 2323 1073 2379 latine
1097 2321 1308 2385 dixero,
1340 2319 1464 2390 quia
1483 2314 1729 2370 Ecclesia
1758 2310 1920 2367 habet
1953 2306 2195 2372 Crmcos,

597 2429 653 2477 et
672 2420 796 2492 quia
811 2416 987 2473 omnis
998 2416 1264 2485 scriptura
1286 2410 1369 2467 vel
1386 2409 1595 2465 Veteris
1606 2403 1939 2461 Testamenti
1963 2410 2018 2455 et
2037 2396 2197 2463 Novi,

602 2524 658 2571 et
698 2526 874 2583 graece
900 2519 958 2568 et
984 2508 1153 2564 latine
1180 2505 1378 2576 scripta
1409 2512 1516 2569 est,
1548 2500 1595 2557 si
1637 2513 1747 2554 non
1775 2496 2024 2567 ponimus
2062 2505 2199 2563 grte-

598 2622 684 2673 ce,
713 2603 1027 2674 interrogati
1048 2616 1080 2656 a
1100 2598 1323 2665 Graecis,
1353 2596 1480 2668 quid
1502 2586 1980 2665 respondebimus?
1999 2584 2201 2641 Neces-

602 2701 749 2757 sario
782 2696 1070 2756 dicendum
1094 2704 1177 2752 est
1197 2693 1466 2766 ὁμοούσιον
1495 2707 1509 2744 :
1536 2702 1667 2758 ergo
1697 2681 2028 2756 ponendum.
2060 2676 2201 2747 Quid

604 2794 824 2852 autem?
869 2793 929 2849 In
970 2788 1263 2859 Scripturis
1306 2800 1414 2841 non
1455 2782 1620 2838 multa
1659 2787 1786 2835 sunt
1827 2774 2066 2834 nomina.
2115 2770 2202 2826 vel

599 2902 798 2962 graeca,
828 2886 914 2941 vel
961 2882 1238 2949 hebraica,
1271 2887 1365 2934 aut
1389 2880 1762 2946 interpretata,
1792 2879 1885 2926 aut
1906 2883 2014 2923 non
2036 2865 2203 2921 inter-

603 2979 846 3053 pretata?
875 2987 932 3033 ut
977 2973 1192 3048 (Matth.
1242 2967 1552 3039 xxvu,46),
1595 2967 1725 3030 Ηλεὶ,
1758 2963 1886 3027 alii,
1927 2962 2070 3032 λαμᾶ
2106 2979 2204 3013 σα-

607 3050 874 3147 έαχθανεί.
907 3070 1041 3127 Item
1083 3066 1451 3138 Golgotha,et
1495 3057 1819 3115 Emmanuel.
1860 3056 1992 3111 Item
2015 3051 2059 3126 (l
2080 3050 2200 3106 Cor.

2298 1855 2370 1910 sit
2391 1853 2643 1924 superior
2671 1850 2998 1913 substantia,
3031 1865 3098 1905 ex
3125 1864 3227 1920 qua
3255 1847 3364 1902 duo
3391 1854 3538 1902 sunt.
3567 1846 3617 1900 Si
3644 1843 3758 1899 enim
3777 1841 3820 1897 de

2295 1946 2407 2001 Deo
2453 1945 2615 2007 Deus,
2643 1951 2699 1998 et
2728 1942 2908 1997 lumen
2957 1939 3037 1995 de
3071 1938 3307 2003 lumine,
3340 1925 3524 2006 utique
3560 1936 3706 2005 patris
3736 1933 3819 1988 sub-

2295 2037 2491 2094 stantia
2520 2036 2614 2091 tilii
2642 2044 2726 2091 est
2753 2052 2765 2089 :
2794 2034 2919 2105 quia
2944 2032 3060 2104 ipse
3089 2032 3234 2088 Deus
3266 2041 3445 2101 pater,
3467 2031 3577 2099 ipse
3601 2027 3819 2084 substantia

2296 2140 2409 2198 est,
2430 2129 2499 2186 de
2527 2143 2629 2200 qua
2658 2126 2959 2182 substantia
2991 2123 3133 2179 ﬁlius
3170 2124 3355 2195 Λόγος,
3390 2123 3590 2188 lumen,
3628 2120 3817 2192 spiritus:

2297 2223 2496 2280 etenim
2528 2236 2649 2277 cum
2680 2220 2878 2275 dicitur
2905 2217 3074 2281 ﬁlius,
3122 2216 3250 2271 item
3279 2215 3553 2280 Salvator,
3580 2214 3690 2269 item
3712 2211 3818 2267 lesus

2296 2313 2569 2379 Christus,
2596 2309 2893 2366 secundum
2922 2308 3260 2380 qualitatem,
3293 2322 3406 2362 non
3442 2304 3706 2361 secundum
3739 2301 3819 2357 sub-

2301 2404 2556 2460 stantiam
2582 2401 2804 2457 dieitur.
2832 2400 2923 2457 Sic
2950 2399 3155 2470 reliqua
3181 2400 3264 2453 vel
3294 2399 3438 2469 patri
3461 2397 3643 2453 dantur
3656 2395 3719 2450 vel
3734 2394 3817 2456 ﬁlio,

2291 2509 2431 2566 ergo
2470 2492 2828 2549 substantiam
2868 2491 3133 2547 fatemini.
3167 2489 3275 2546 Vos
3303 2499 3491 2546 autem
3526 2496 3659 2546 certe
3686 2485 3818 2541 Basilio

2300 2586 2634 2657 creditc,qui
2661 2584 2847 2641 eadem
2889 2584 2957 2638 de
2980 2585 3179 2650 Deo,et
3212 2583 3283 2639 de
3312 2582 3533 2638 Christo
3552 2581 3680 2646 dicit;
3699 2579 3818 2633 lumen

2305 2681 2469 2736 Deum
2495 2696 2510 2734 :
2540 2679 2807 2749 spiritum,
2834 2677 2998 2751 λόγον,
3029 2684 3083 2732 ει
3109 2676 3472 2731 substantiam
3499 2672 3757 2730 conﬁtetur.
3775 2668 3820 2721 At

2304 2772 2447 2826 enim
2500 2771 2555 2826 in
2583 2771 2700 2825 istis
2749 2769 3013 2842 ὀμοούσιον
3058 2783 3165 2823 non
3196 2778 3318 2822 est:
3347 2766 3422 2821 ita
3452 2776 3555 2832 est,
3596 2766 3637 2820 si
3677 2776 3754 2816 non
3785 2759 3820 2811 in

2306 2864 2565 2938 όμοουσὶῳ
2615 2861 2858 2917 eamdem
2889 2860 3243 2916 substantiam
3290 2858 3581 2929 intelligas.
3604 2854 3684 2912 Sin
3703 2860 3821 2907 autem

2305 2971 2427 3012 eum
2457 2955 2801 3024 componitur
2822 2954 3070 3019 verbum,
3102 2951 3241 3007 idem
3283 2952 3340 3006 in
3381 2951 3589 3006 duobus
3616 2947 3688 3003 vel
3710 2943 3821 3016 pluri-

2305 3049 2406 3105 bus
2436 3048 2771 3119 signiﬁcatur
2811 3044 3061 3119 ὁμοειδὴς,
3093 3044 3235 3116 quod
3264 3046 3461 3101 eadem
3504 3044 3571 3099 sit
3596 3040 3822 3113 speciem

602 3128 861 3237 “1:22),
894 3161 956 3218 Si
982 3161 1096 3232 quis
1135 3128 1238 3213 min
1266 3128 1404 3210 amat
1451 3152 1732 3208 Dominum
1769 3156 2001 3204 nostrum
2026 3142 2201 3199 Chris-
2229 3139 2275 3205 C
2306 3140 2506 3215 ὁμοήλιξ
2538 3138 2679 3207 quod
2723 3137 2911 3193 eadem
2944 3146 3121 3199 :utate,
3156 3144 3212 3193 et
3237 3136 3385 3208 quod
3429 3136 3673 3208 ὁμώνυμος
3693 3128 3823 3186 eodem

604 3270 714 3315 tum
752 3258 940 3328 ﬁlium,
985 3256 1219 3326 ἀνάθεμα.
1262 3250 1524 3307 Sexcenta
1553 3246 1660 3300 alia
1689 3252 1783 3300 aut
1818 3243 2196 3310 interpretata,

602 3351 782 3425 posita
821 3359 996 3405 tamen
1026 3363 1040 3401 :
1068 3355 1161 3401 aut
1191 3358 1298 3399 non
1339 3343 1711 3410 interpretata,
1745 3343 1799 3390 et
1836 3332 1951 3388 sola
1993 3329 2197 3400 posita;

601 3454 696 3501 aut
717 3443 1011 3505 anathema,
1057 3436 1200 3510 quod
1233 3451 1338 3490 non
1367 3416 1709 3503 exprimitur,
1756 3438 1857 3480 nec
1908 3420 2073 3477 latine
2102 3431 2202 3473 nec

603 3552 780 3609 graece
801 3578 815 3603 ,
844 3543 899 3592 et
928 3543 1105 3588 tamen
1133 3529 1368 3601 positum
1390 3533 1495 3589 est,
1527 3530 1584 3579 et
1612 3516 1856 3590 quotidie
1887 3519 2199 3582 usurpatur,

601 3605 742 3688 sicut
766 3637 823 3685 et
844 3627 1091 3692 Alleluia,
1122 3632 1178 3679 et
1199 3621 1381 3687 Amen,
1405 3630 1525 3688 quae
1547 3615 1603 3669 in
1624 3611 1770 3666 omni
1794 3609 1973 3679 lingua
1995 3605 2204 3659 incom-

603 3720 935 3778 mutabiliter
953 3718 1225 3774 dicuntur.
1248 3713 1398 3768 Licet
1421 3708 1580 3780 igitur
1603 3717 1805 3776 ponere
1826 3698 2019 3756 eodem
2039 3692 2203 3751 modo

606 3813 894 3889 ὁμοούσιον.
921 3810 1083 3867 Certe
1101 3807 1327 3871 verbum
1357 3820 1481 3865 cum
1506 3796 1801 3857 tollendum
1828 3804 1934 3860 est,
1957 3799 2043 3846 aut
2076 3787 2203 3859 quia

606 3909 895 3967 obscurum
930 3911 1017 3962 est
1050 3903 1277 3967 tollitur,
1318 3907 1411 3953 aut
1427 3896 1551 3965 quia
1571 3890 1925 3956 contrarium,
1954 3894 2048 3940 aut
2079 3882 2203 3954 quia

605 4004 787 4059 minus
825 3996 1071 4067 veLplus
1100 3989 1374 4062 exprimit,
1404 3997 1496 4041 aut
1519 3985 1641 4056 quia
1680 3991 2074 4051 supervacuum
2096 3982 2200 4030 est.

601 4096 719 4154 Hoc
743 4109 848 4150 non
872 4066 1162 4148 obscurum
1187 4093 1302 4152 est;
1335 4094 1462 4137 nam
1488 4085 1543 4133 et
1569 4091 1669 4132 nos
1687 4074 1928 4130 diximus
1954 4066 2100 4140 quod
2129 4066 2203 4122 si-

601 4190 860 4264 gniﬁcet;
891 4195 945 4242 et
967 4198 1065 4238 vos
1089 4180 1213 4252 quia
1250 4170 1574 4246 intelligitis,
1605 4168 1840 4224 timetis:
1872 4173 1926 4220 et
1944 4160 2201 4225 Basilius,

603 4260 728 4357 quia
768 4277 1056 4349 intelligit,
1089 4281 1280 4330 mutat.
1323 4264 1666 4324 Contrarium
1712 4267 1894 4315 autem
1940 4270 2049 4311 non
2095 4260 2199 4320 est,

601 4344 730 4437 nam
769 4389 891 4430 cum
922 4344 991 4426 de
1027 4363 1323 4422 substantia
1351 4362 1464 4433 jam
1503 4369 1697 4414 orunes
1735 4352 1997 4407 fateamur
2033 4365 2046 4400 :
2076 4344 2204 4402 sub-

604 4468 804 4528 stantia
834 4473 918 4522 est
957 4461 1102 4518 enim
1135 4459 1293 4521 Deus,
1327 4451 1578 4524 Spiritus,
1605 4447 1816 4509 lumen;
1848 4456 1967 4512 qua:
1993 4437 2063 4493 de
2091 4436 2203 4491 Deo

2305 3232 2560 3297 nomine,
2614 3228 2902 3285 concordia
2951 3227 3192 3303 ὁμονοίᾳ,
3239 3227 3442 3284 eodem
3488 3225 3658 3291 corde,
3696 3220 3823 3279 eadem

2302 3329 2461 3402 ἐννοίᾳ
2503 3340 2694 3397 :,ergo
2740 3323 3200 3381 consubstantiale
3246 3324 3397 3395 quod
3444 3324 3519 3379 sit
3559 3319 3717 3377 eadem
3744 3313 3824 3368 snit-

2302 3419 2499 3475 stantia
2522 3418 2736 3488 est..Sin
2765 3424 2943 3472 autem
2968 3417 3099 3491 ὁμοῦ
3126 3417 3472 3487 intelligitur,
3494 3415 3592 3471 erit
3611 3411 3823 3485 ὁμοούσιον,

2306 3511 2472 3568 latine
2511 3511 2667 3566 simul
2709 3509 3163 3575 cansubstantinle,
3214 3525 3320 3564 non
3351 3509 3425 3565 ab
3450 3509 3623 3579 aliquo
3647 3495 3825 3565 alio,sed

2304 3607 2399 3664 Dei
2440 3607 2677 3678 potentia
2718 3621 2784 3661 ex
2823 3615 3050 3661 aeterno.
3095 3604 3308 3659 Etenim
3359 3604 3409 3659 si
3448 3600 3620 3676 (Idan.
3645 3597 3681 3665 Ι,
3711 3595 3750 3666 1)
3782 3588 3824 3645 II

2304 3699 2556 3770 principio
2602 3707 2712 3753 erat
2758 3697 2922 3771 λόγος,
2956 3705 3003 3751 et
3022 3695 3165 3768 λόγος
3187 3694 3389 3749 eratad
3413 3693 3601 3757 Deum,
3644 3685 3825 3760 quoniam

2304 3789 2626 3860 principium
2662 3798 2788 3844 ante
2816 3787 2950 3842 nihil
2976 3787 3136 3843 habet
3163 3805 3177 3843 :
3206 3786 3253 3841 si
3284 3786 3433 3841 enim
3464 3782 3709 3847 habuerit,
3733 3773 3827 3832 desi~

2307 3886 2386 3940 nit
2428 3898 2550 3940 esse
2579 3882 2905 3955 principium
2936 3898 2950 3936 :
2982 3897 3049 3937 ex
3069 3889 3275 3936 mterno
3302 3880 3472 3947 Deus,
3504 3889 3557 3935 et
3593 3892 3652 3933 ex
3688 3878 3828 3929 sterno

2303 3978 2469 4053 λόγος.
2501 3976 2677 4035 Simul
2717 3992 2846 4047 ergo
2886 3976 3069 4044 ambo,
3100 3984 3157 4053 et
3197 3991 3418 4045 semper
3448 3973 3628 4040 simul,
3670 3984 3749 4023 nec
3767 3962 3829 4018 ali-

2305 4071 2523 4140 quando
2551 4072 2691 4126 alter
2736 4071 2855 4126 sine
2886 4069 3080 4137 altero,
3103 4052 3213 4126 nec
3241 4070 3387 4126 ﬁlius
3428 4084 3497 4126 ex
3525 4083 3589 4124 eo
3612 4062 3823 4137 quodnon

2306 4174 2390 4220 est
2411 4163 2724 4236 aliquando.
2757 4162 2890 4219 Heic
2915 4178 3045 4235 ergo
3076 4162 3335 4218 exclusus
3366 4163 3547 4228 Arius,
3573 4159 3655 4231 qui
3676 4147 3829 4227 protulit

2307 4259 2459 4314 ἐνιότε
2503 4255 2643 4318 asas
2669 4273 2682 4311 ι
2709 4257 2977 4313 sententia
3023 4257 3141 4328 ejus
3168 4236 3351 4312 fuitet
3381 4256 3494 4319 illa,
3542 4255 3589 4319 εξ
3628 4253 3699 4306 οὐκ
3728 4244 3829 4300 ὄντων

2307 4364 2429 4406 esse
2455 4349 2647 4414 lilium,
2690 4348 2742 4404 id
2773 4347 2952 4405 estde
2988 4347 3184 4403 nihilo.
3226 4347 3512 4418 Significat
3548 4333 3830 4417 όμοσόσωνεὶ·

2308 4442 2419 4499 mul
2450 4459 2591 4512 esse,
2622 4452 2679 4500 et
2699 4442 3051 4499 substantiam
3077 4458 3091 4496 :
3123 4441 3400 4497 Adversus
3426 4450 3695 4510 utrumque
3717 4426 3831 4485 sacri-

600 4574 755 4638 patre
783 4555 1068 4616 etChristo
1083 4550 1351 4607 dicuntur.
1377 4543 1492 4599 Hoc
1516 4539 1737 4597 verbum
1758 4533 2201 4631 apooﬁctov,.cunl
2226 4526 2281 4588 D
2308 4534 2504 4606 legium
2542 4534 2694 4590 verbi
2731 4534 2889 4604 huius
2924 4533 3163 4604 polentia
3191 4540 3483 4604 mpngna,’
3512 4544 3614 4602 quo
3636 4526 3831 4600 ὁμούεῶ

598 4620 671 4714 de
695 4649 992 4711 substantia
1031 4645 1261 4707 dicatur,
1314 4652 1421 4694 non
1460 4638 1638 4706 potest
1677 4642 1800 4684 esse
1844 4620 2199 4695 contrarium.

606 4748 715 4807 Sed
742 4748 919 4803 minus
944 4752 1038 4798 aut
1063 4736 1293 4807 amplius
1319 4728 1659 4800 exprimitur.
1687 4715 2078 4788 Corrigendum
2106 4726 2202 4782 po-

602 4842 712 4899 tius
733 4855 892 4912 quam
921 4831 1299 4893 auferendum.
1342 4825 1461 4883 Jam
1490 4835 1621 4879 vero
1641 4826 2033 4889 supervacuum
2066 4822 2203 4880 quo-

605 4904 801 4991 modo?
830 4932 955 5002 quia
998 4928 1107 4999 jam
1143 4924 1367 4987 dictum,
1415 4916 1505 4973 ubi
1551 4911 1755 4968 dictum
1786 4926 1799 4961 :
1830 4921 1899 4961 an
1928 4904 2052 4975 quia
2091 4914 2199 4955 non

604 5029 758 5092 utile,
773 5024 915 5097 quod
935 5019 1172 5077 excludit
1193 5012 1478 5071 haereticos
1499 5004 1732 5062 maxime
1750 4994 2022 5059 Arianos?
2044 4989 2200 5061 Quod

604 5082 903 5193 majoribus
930 5115 1160 5186 positum
1184 5118 1242 5165 ut
1270 5119 1456 5162 murus
1485 5111 1540 5157 et
1561 5086 2057 5171 propugnaculum?
2094 5082 2202 5142 Sed

602 5190 780 5287 nuper
806 5219 889 5266 est
915 5205 1167 5280 positum.
1201 5200 1337 5270 Quia
1381 5209 1554 5266 nuper
1587 5190 1767 5261 erupit
1794 5192 2061 5244 venenata
2105 5194 2200 5234 co-

605 5280 737 5367 hers
765 5300 1165 5362 haereticorum,
1203 5307 1310 5364 quo
1346 5300 1527 5346 tamen
1568 5283 1841 5342 conditum
1866 5280 2019 5351 juxta
2051 5282 2202 5330 vete-

605 5415 722 5458 rem
750 5382 939 5460 ﬁdem,
959 5405 1083 5447 nam
1113 5395 1169 5443 et
1205 5394 1332 5440 ante
1363 5387 1670 5443 tractatum,
1711 5371 1867 5430 multi
1896 5369 2043 5426 orbis
2087 5366 2203 5438 epi-

604 5492 757 5563 scopi
783 5484 1009 5547 trecenti
1029 5479 1339 5555 quindecim
1365 5476 1418 5531 in
1439 5472 1658 5530 civitate
1694 5466 1873 5523 Nicaea
1901 5476 2063 5533 quam
2106 5474 2203 5531 per

610 5658 615 5663 '
684 5650 763 5724 (l)
787 5648 927 5724 Heic_
950 5645 1161 5724 videtur
1186 5638 1377 5724 deesse
1417 5626 1862 5707 signiﬁcationem,
1910 5617 2208 5678 denomina-

608 5713 816 5792 tioiie'm,
847 5720 931 5779 vel
952 5716 1080 5790 quid
1105 5713 1303 5774 simile.

2306 4627 2502 4684 dicitur
2526 4645 2541 4682 ε
2586 4628 2701 4682 sive
2729 4628 2873 4682 enim
2905 4614 2977 4682 ita
3003 4634 3107 4693 est,
3153 4634 3213 4680 ut
3237 4624 3535 4697 ὁμοούσιον,
3564 4613 3830 4688 sitejusdenl

2304 4720 2640 4787 substantiae,
2672 4727 2733 4775 ut
2759 4718 2993 4792 ὁμοειδὴς
3020 4719 3174 4774 sicuti
3201 4732 3359 4789 supra
3384 4716 3675 4774 docuimus,
3702 4703 3831 4762 exclu-

2304 4814 2448 4869 ditur
2473 4811 2617 4883 quod
2661 4790 2864 4866 dictum
2901 4819 3007 4877 est,
3049 4825 3170 4866 esse
3207 4807 3484 4864 Christum
3520 4822 3584 4862 cx
3610 4790 3831 4859 nihilozsi

2303 4905 2448 4960 enim
2479 4903 2620 4960 Deus
2648 4911 2703 4959 et
2731 4903 2892 4977 Λόγος
2934 4898 3123 4958 eadem
3152 4900 3457 4957 substantia
3486 4905 3625 4960 sunt,
3668 4893 3774 4947 Deus
3794 4890 3829 4939 ει

2303 5000 2463 5073 Λόγος
2494 5013 2598 5053 non
2621 4996 2794 5053 solum
2824 5012 2932 5051 non
2959 5012 3026 5051 ex
3056 4994 3244 5059 nihilo,
3279 4993 3373 5049 sed
3406 5007 3478 5048 ne
3502 5007 3566 5048 ex
3599 4977 3829 5049 similiqni-

2305 5088 2428 5145 dem
2450 5088 2771 5143 substantia.
2804 5087 2861 5144 Si
2908 5102 3038 5143 vero
3087 5086 3380 5160 όμιοούσιον¹
3404 5100 3474 5139 ex
3515 5097 3577 5139 eo
3618 5073 3737 5150 quod
3757 5075 3828 5132 esb

2305 5180 2465 5236 simul
2492 5194 2615 5236 esse
2642 5178 2940 5235 substantia
2989 5178 3328 5249 intelligitur,
3362 5176 3468 5232 hoc
3492 5183 3573 5231 est
3590 5168 3726 5226 simul
3745 5174 3830 5219 esse

2305 5271 2749 5338 substantiarum,
2798 5269 2961 5325 simul
3007 5269 3152 5327 Deus
3193 5278 3249 5325 et
3287 5270 3455 5343 λόγος,
3489 5275 3546 5337 et
3584 5279 3642 5321 ex
3678 5264 3828 5316 mterno

2308 5381 2523 5437 semper
2553 5364 2711 5421 simul
2737 5373 2893 5437 pater
2918 5372 2971 5421 et
3000 5363 3166 5420 ﬁlius.

2381 5499 2474 5556 XI.
2518 5499 2596 5555 Ex
2614 5496 2718 5553 hoc
2733 5496 3035 5555 excluditur
3049 5495 3193 5569 quod
3214 5496 3415 5553 dictum
3438 5502 3519 5551 est
3540 5510 3553 5549 :
3576 5477 3826 5564 fuitquam

2312 5613 2414 5653 non
2442 5595 2559 5667 fuit.
2590 5592 2706 5650 Hoc
2748 5592 2795 5648 si
2834 5592 2907 5648 ita
2931 5601 3038 5659 est,
3069 5590 3172 5648 hoc
3205 5606 3334 5659 uno,
3362 5589 3420 5645 id
3458 5596 3559 5655 est,
3606 5581 3824 5655 όμοοὺσωῑι

2287 5716 2290 5719 λ
2319 5703 2481 5748 omne
2497 5701 2767 5750 venenum
2791 5685 2977 5747 Ariani
2996 5684 3261 5758 dogmatis
3281 5684 3654 5743 internecatur.
3676 5672 3714 5731 0
3727 5660 3827 5728 docti
