4018 6184
279 233 418 292 1097

276 541 534 607 tenditur,
575 544 736 600 simul
757 563 821 602 ex
843 559 1070 620 teternn,
1094 561 1147 607 et
1173 569 1391 624 semper
1421 541 1719 630 eademque
1740 564 1867 620 snb-

272 635 488 690 stantia.
521 635 730 694 Dictum
762 641 924 712 igitur
953 644 1117 702 latine
1141 656 1224 702 est
1250 649 1520 722 ὁμοούσιον
1549 671 1562 707 :
1598 654 1744 711 unde
1775 673 1866 712 ne-

271 728 510 782 cessario
541 731 702 786 etiam
759 749 935 803 graece
964 739 1272 807 ponendum
1309 754 1471 814 atque
1499 748 1862 806 tractandum.

272 819 378 875 Sed
403 821 719 893 adjiciamus
747 827 911 884 etiam
947 846 1088 887 nunc
1115 834 1341 905 aliquid,
1383 853 1490 908 quo
1522 855 1617 909 per
1645 843 1861 898 confes-

268 911 476 970 sionem
524 924 755 974 vestram
799 930 859 980 et.
897 937 994 993 per
1037 925 1326 984 lectionem
1387 930 1637 989 deiﬁcam
1700 935 1864 992 latine

268 1018 588 1075 expressum
607 1009 871 1082 ὁμοούσιον
894 1017 1243 1086 approbetur.
1274 1020 1459 1078 Lectio
1481 1024 1662 1081 divina
1687 1026 1816 1083 dicit
1846 1045 1859 1082 :

267 1109 417 1167 pater
445 1101 497 1156 in
528 1101 659 1171 ﬁlio,
695 1115 750 1162 et
775 1107 916 1163 ﬁlius
962 1109 1012 1165 in
1062 1121 1230 1181 patre.
1269 1115 1332 1170 Et
1363 1131 1430 1172 ne
1469 1134 1656 1188 parum
1685 1121 1756 1176 sit
1793 1121 1861 1176 ad

265 1191 423 1246 ﬁdem
444 1193 557 1264 ipse
583 1197 839 1256 Dominus
858 1204 1210 1261 nosterJesus
1229 1206 1477 1264 Chrisms
1514 1210 1645 1266 dicit
1676 1211 1856 1282 (Joan.

263 1297 379 1350 xxv,
416 1285 536 1358 10):
572 1287 684 1361 Ego
713 1291 765 1346 in
796 1292 954 1350 Patre
998 1306 1044 1351 et
1075 1296 1232 1355 Pater
1274 1301 1327 1355 in
1365 1319 1461 1356 me.
1511 1302 1649 1372 Quid
1687 1308 1860 1374 ergo?

261 1373 390 1433 Hmc
438 1382 651 1438 nomina
682 1383 864 1442 insunt
908 1389 1012 1444 sibi
1058 1391 1332 1448 invicem?
1379 1411 1446 1450 an
1492 1397 1739 1465 virtutes,
1790 1414 1856 1454 an

261 1471 606 1542 substantiae,
637 1492 705 1532 an
749 1480 1027 1549 sapientia:
1069 1493 1124 1538 et
1168 1487 1505 1554 potestates?
1555 1498 1705 1559 pater
1748 1506 1856 1561 quo

261 1571 412 1632 pater
435 1578 535 1633 est,
571 1569 623 1624 iu
649 1569 758 1624 ﬁlio
785 1587 906 1628 esse
929 1589 1034 1628 non
1061 1585 1258 1646 potest.
1283 1578 1414 1634 Item
1440 1578 1582 1635 ﬁlius
1624 1582 1677 1636 in
1705 1592 1855 1652 patre

257 1669 378 1712 esse
407 1673 512 1714 non
545 1669 740 1728 potest,
774 1664 867 1719 sed
893 1681 999 1736 quo
1028 1669 1242 1723 virtutis
1270 1671 1588 1726 substantiae
1615 1673 1717 1728 sibi
1746 1684 1850 1742 est,

255 1746 356 1803 hoc
379 1761 482 1815 est,
515 1752 567 1808 in
597 1754 788 1810 altero.
812 1757 940 1814 lude
965 1760 1190 1816 alterum
1219 1763 1270 1816 in
1298 1765 1472 1820 altero
1497 1783 1510 1817 :
1540 1783 1703 1822 unum
1731 1769 1856 1824 red-
1883 1777 1932 1836 Β
1961 1769 2132 1838 magis
2168 1786 2231 1827 ac
2261 1779 2432 1848 magis

251 1839 396 1896 ditur
415 1845 577 1900 etiam
595 1849 1009 1907 subsistentibus
1025 1855 1283 1926 singulis;
1307 1873 1473 1913 unum
1499 1870 1699 1927 tamen,
1725 1863 1850 1933 quia

250 1930 392 1989 idem
436 1935 487 1991 in
535 1949 761 2011 utroque
805 1942 1118 2014 intelligitur
1153 1957 1208 2002 et
1253 1951 1579 2005 nominatur.
1631 1930 1772 2022 Ergo
1797 1963 1854 2010 et

251 2038 405 2096 pater
439 2030 491 2084 in
523 2031 654 2098 ﬁlio,
693 2044 746 2088 et
777 2034 919 2090 ﬁlius
949 2037 1002 2092 in
1031 2048 1198 2108 patre.
1230 2041 1335 2096 Sed
1378 2043 1482 2098 isto
1521 2045 1702 2100 modo.
1740 2047 1850 2102 lloc

251 2118 296 2172 si
328 2119 396 2174 ita
423 2131 525 2186 est,
559 2124 836 2182 videamus
863 2137 1078 2184 cmtera.
1112 2130 1320 2200 Dicitis,
1351 2143 1407 2188 et
1462 2145 1612 2193 recte
1632 2137 1808 2193 dicitis
1834 2157 1848 2195 :

250 2207 433 2268 Jesum
460 2213 731 2272 Christum
763 2219 1044 2276 Dominum
1069 2231 1332 2293 nostrum,
1360 2225 1525 2283 Deum
1547 2229 1614 2285 de
1638 2230 1768 2300 Deo,
1797 2243 1854 2290 et

250 2304 431 2362 lumen
469 2308 537 2366 de
582 2311 803 2369 lumine.
836 2313 1080 2371 Vicinum
1127 2327 1245 2383 est,
1274 2319 1522 2377 similiter
1568 2323 1750 2383 dicere
1794 2337 1852 2383 et

250 2395 413 2454 istud.
446 2400 698 2460 Dicamus
721 2421 873 2476 ergo,
899 2423 1130 2480 vereque
1149 2409 1391 2468 dicamus
1422 2413 1474 2468 in
1505 2413 1637 2483 Deo,
1667 2416 1848 2475 lumen

249 2490 304 2546 in
330 2493 552 2553 lumine.
577 2497 730 2566 Quod
755 2500 973 2569 quidem
997 2501 1117 2557 ideo
1140 2519 1244 2558 non
1268 2514 1323 2560 et
1346 2507 1606 2563 reversim
1627 2508 1842 2578 dicitur,

248 2590 371 2655 quia
399 2603 561 2644 unum
590 2591 813 2646 verbum
845 2602 929 2648 est
957 2594 1010 2649 in
1038 2595 1265 2652 duobus.
1297 2597 1430 2653 Nam
1455 2610 1604 2670 pater
1631 2613 1686 2658 et
1708 2603 1848 2659 lilius

248 2678 354 2737 duo
379 2690 505 2736 sunt
533 2683 808 2750 vocabula,
841 2694 893 2740 et
935 2686 1134 2744 idcirco
1163 2690 1299 2746 verti
1343 2692 1569 2749 invicem
1599 2708 1843 2767 possunt,

247 2787 305 2829 ut
334 2787 387 2831 et
421 2784 571 2846 pater
595 2777 647 2832 itt
676 2778 790 2834 ﬁlio
815 2779 1039 2849 dicatur,
1073 2792 1130 2838 et
1155 2782 1297 2840 ﬁlius
1327 2785 1380 2840 in
1419 2795 1591 2857 patre.
1620 2790 1690 2845 At
1717 2807 1846 2848 vero

248 2883 368 2924 cum
395 2886 558 2924 unum
587 2886 783 2927 nomen
815 2873 868 2928 in
910 2874 1121 2931 duobus
1164 2876 1380 2943 dicitur,
1428 2878 1569 2935 Deus
1620 2881 1671 2936 in
1713 2883 1842 2951 Deo,

247 2959 436 3016 eodem
465 2961 626 3017 modo
655 2961 862 3019 dicetur
883 2977 936 3020 et
961 2981 1083 3021 cum
1114 2967 1183 3023 de
1211 2969 1382 3026 altero
1402 2970 1621 3040 dicitur,
1654 2974 1842 3032 eadem

249 3055 384 3108 ratio
405 3063 600 3110 etcum
629 3056 822 3112 dicitur
848 3057 1029 3114 lumen
1062 3059 1114 3114 in
1139 3061 1360 3119 lumine.
1392 3063 1724 3124 Necessitate
1746 3070 1844 3140 igi-

250 3155 336 3204 tur
362 3149 594 3204 nominis
621 3151 781 3206 unius
805 3153 970 3208 semel
997 3153 1212 3224 quidem
1237 3156 1453 3225 dicitur,
1489 3162 1582 3216 sed
1623 3173 1844 3234 propter
1869 3164 1914 3226 C

246 3238 354 3296 duo
385 3251 589 3310 patrem
613 3251 664 3297 et
694 3241 858 3297 ﬁlium
888 3243 970 3298 bis
991 3254 1045 3300 et
1068 3247 1381 3319 intelligitur
1406 3260 1462 3306 et
1489 3253 1718 3310 auditur.
1750 3255 1845 3312 Di-

246 3343 432 3386 camus
454 3332 619 3404 igitur
644 3333 826 3390 Jesum
857 3337 947 3392 Dei
971 3339 1160 3405 liliutn,
1195 3341 1362 3398 Deum
1393 3344 1460 3400 de
1488 3345 1619 3413 Deo,
1662 3349 1844 3408 lumen

243 3422 312 3480 de
337 3424 556 3481 lumine.
590 3426 838 3484 Dicamus
863 3439 918 3485 et
956 3430 1105 3499 illud,
1140 3433 1306 3489 Deum
1339 3437 1391 3491 in
1419 3438 1549 3506 Deo,
1582 3440 1760 3497 lumen
1791 3445 1842 3499 in

243 3519 465 3578 lumine.
499 3521 556 3576 Si
585 3522 750 3591 enim,
784 3533 841 3579 ut
864 3523 1097 3582 fatemur
1120 3543 1332 3600 omnes,
1363 3542 1418 3589 ct
1451 3535 1592 3590 ﬁlius
1616 3537 1667 3592 in
1692 3548 1844 3608 patre

242 3625 345 3683 εει,
376 3627 430 3674 ει
451 3628 604 3689 pater
632 3621 684 3676 in
713 3622 826 3679 ﬁlio
847 3666 863 3690 ,
897 3634 982 3682 est
1004 3636 1183 3684 autem
1224 3639 1375 3698 pater
1393 3640 1449 3688 et
1475 3633 1634 3703 Deus,
1668 3644 1724 3691 et
1759 3637 1843 3692 lu-

241 3727 388 3778 men,
422 3713 492 3771 ita
521 3726 698 3793 tamen
726 3727 786 3774 ιιι
809 3719 879 3776 de
899 3731 1051 3791 patre
1079 3723 1219 3780 lilius
1248 3724 1335 3782 hic
1360 3728 1451 3794 sit,
1481 3729 1624 3786 unde
1645 3747 1838 3788 neces-

241 3807 384 3863 sario
407 3819 463 3865 et
489 3825 614 3866 vere
634 3821 719 3868 est
741 3813 958 3869 dicere:
989 3825 1042 3872 et
1066 3817 1208 3874 Deus
1235 3818 1290 3874 in
1321 3821 1452 3888 Deo,
1483 3832 1536 3878 ct
1575 3824 1754 3880 lumen
1785 3825 1836 3879 in

241 3898 464 3958 lumine.
496 3903 578 3958 An
597 3903 790 3961 durum
813 3907 942 3963 illud
963 3910 1086 3965 εειῖ
1113 3911 1208 3966 sed
1234 3915 1542 3972 necessario
1562 3915 1836 3973 fatendum

239 4005 321 4050 est
345 4004 400 4051 et
425 3996 504 4052 sic
531 4012 651 4054 esse
673 4007 728 4054 et
756 4001 837 4056 sic
860 4016 919 4057 se
941 4001 1158 4060 habere.

312 4086 429 4143 Xll.
472 4089 613 4156 Quid
643 4091 688 4146 si
729 4092 889 4148 etiam
919 4094 1118 4151 lcetum
1145 4105 1259 4164 est,
1290 4108 1344 4154 et
1371 4115 1438 4156 ex
1479 4100 1691 4158 duobus
1720 4102 1837 4158 istis

238 4167 404 4236 unum
435 4182 777 4251 apertissime
817 4184 897 4240 sic
937 4186 1199 4257 positum,
1231 4200 1347 4246 uta
1372 4207 1458 4247 me
1488 4207 1594 4248 non
1642 4193 1835 4249 inven-

239 4279 350 4327 tum
367 4313 382 4340 ,
407 4272 504 4328 sed
529 4287 679 4329 sacra
708 4275 938 4332 lectione
961 4277 1034 4333 sit
1053 4279 1162 4349 jam
1189 4281 1513 4352 probatum?
1538 4283 1834 4356 Hymnicus

236 4363 404 4420 David
435 4365 487 4420 itt
520 4365 660 4421 libro
692 4367 1025 4426 Psalmorum
1048 4414 1064 4440 ,
1101 4374 1191 4444 qui
1241 4375 1407 4430 clavis
1451 4378 1830 4449 mysteriorum

236 4459 474 4515 omnium
517 4459 744 4528 dicitur,
770 4463 850 4520 sic
872 4463 984 4520 Deo
1030 4467 1211 4536 psallit
1249 4468 1474 4541 (Psalm.
1497 4488 1660 4540 xxxv,
1689 4473 1780 4546 10)
1813 4493 1826 4530 :

238 4553 489 4620 Quoniam
529 4555 670 4624 apud
696 4565 744 4610 te
762 4567 835 4612 est
865 4561 982 4630 fons
1021 4561 1169 4629 vitae,
1197 4571 1243 4616 et
1269 4563 1321 4617 in
1352 4564 1542 4620 lumine
1571 4575 1658 4621 tuo
1685 4569 1824 4624 itide-
1853 4553 1908 4614 D
1934 4590 2096 4630 unum
2130 4594 2143 4630 :
2171 4592 2331 4635 omne
2361 4582 2504 4637 enim
2538 4601 2642 4656 quo

235 4645 396 4702 bimus
423 4649 593 4705 lumen
622 4651 774 4706 :Deo
817 4651 1020 4729 dictum
1063 4655 1426 4726 aestimamus,
1465 4676 1534 4715 an
1571 4661 1828 4719 Christo?

232 4755 300 4796 an
346 4742 593 4812 utrique?
631 4744 766 4812 Quia
811 4741 1130 4820 cuicumque
1176 4762 1360 4809 recte:
1405 4754 1457 4809 in
1501 4765 1656 4826 patre
1682 4759 1827 4814 enim

233 4830 396 4899 ﬁlius,
429 4843 480 4888 et
513 4835 566 4890 in
594 4836 704 4910 ﬁlio
729 4845 900 4907 pater.
927 4839 1032 4896 Sed
1064 4841 1108 4896 si
1137 4845 1271 4913 patri
1293 4844 1423 4907 Deo.
1445 4845 1547 4902 hoc
1573 4848 1672 4903 erit
1697 4849 1827 4905 illud

233 4924 537 4997 (lenium,
555 4929 626 4984 22
654 4930 942 5003 sec.1.xx):
971 4933 1031 4990 Si
1059 4940 1114 4989 in
1130 4938 1410 4994 substantia
1427 4958 1537 4996 mea
1552 4943 1823 5008 stetissent,

231 5027 278 5072 et
316 5018 520 5073 verbum
563 5037 731 5076 meum
773 5026 1050 5080 audissent.
1082 5027 1138 5084 Si
1186 5040 1364 5086 autem
1402 5032 1550 5100 ﬁlio,
1598 5034 1698 5090 hoc
1724 5036 1828 5091 erit

229 5109 360 5165 illud
397 5110 588 5180 (Joan.
637 5130 749 5182 xxv,
777 5116 883 5189 9):
919 5118 1135 5194 Qui‘me
1177 5122 1311 5178 uidet
1348 5124 1482 5179 videt
1517 5136 1563 5180 et
1590 5125 1821 5182 Patrem.

229 5201 376 5275 Ergo
396 5205 450 5260 iu
473 5205 666 5262 lumine
684 5216 771 5263 tuo
792 5211 1069 5266 videbimus
1091 5213 1279 5270 lumen.
1311 5216 1408 5271 Est
1432 5216 1598 5288 igitur
1619 5219 1821 5288 lumen,

227 5297 283 5352 in
316 5298 508 5354 lumine
540 5309 627 5354 tuo
665 5301 941 5359 videbimus
971 5307 1157 5364 lumen.
1187 5309 1371 5381 Neque
1398 5312 1542 5367 enim
1569 5313 1816 5369 dubitan-

227 5388 350 5446 dem
375 5399 460 5446 est
484 5391 702 5463 quando
719 5403 784 5450 et
813 5394 914 5452 hoc
939 5409 1216 5468 sequatur,
1239 5417 1364 5458 cum
1399 5404 1529 5460 illttd
1560 5406 1700 5476 quod
1729 5422 1820 5462 eo-

227 5482 351 5538 dem
382 5484 543 5540 modo
569 5494 673 5552 est,
699 5496 754 5542 et
782 5504 841 5543 re
867 5489 968 5556 sit,
992 5502 1045 5547 et
1073 5493 1304 5551 lectione
1332 5497 1634 5567 probatum.
1665 5499 1821 5568 Quod

225 5577 272 5633 si
305 5577 378 5653 ita
405 5586 510 5644 est,
542 5579 858 5651 colligamus
884 5585 1064 5640 omnia
1093 5601 1106 5640 :
1143 5586 1254 5658 jam
1293 5588 1565 5662 ὁμοούσιον
1591 5608 1820 5664 appare-

224 5667 307 5726 bit
327 5679 381 5726 et
398 5686 574 5744 graece
597 5672 950 5740 intellectum,
977 5686 1031 5732 et
1052 5677 1216 5736 latine
1239 5685 1662 5750 pronuntiatum.
1693 5686 1824 5744 Cre-

225 5761 404 5821 dimus
429 5767 482 5823 in
514 5765 681 5824 Deum
700 5775 904 5837 patrem
917 5769 1364 5848 omnipotentem,
1379 5787 1434 5836 et
1452 5777 1507 5836 in
1524 5779 1692 5838 ﬁlium
1707 5782 1826 5854 ejus

655 5860 928 5922 Panos.
991 5863 1157 5928 Vlll.

1418 254 1785 316 ADVERSUS
1822 260 2043 319 ARIUM
2085 264 2288 323 LIBER
2329 271 2418 326 ΙΙΙ.

275 355 542 426 episcopi!
586 371 619 412 ο
666 363 868 418 sancti!
919 379 952 419 o
994 364 1152 421 ﬁdem
1201 367 1394 438 Spiritu
1432 373 1862 435 conﬁrmantes!
1896 383 1942 442 A
1972 381 2326 453 unigenitum.
2363 386 2560 447 Verum
2594 393 2681 448 ﬁat
2712 413 2723 448 :
2749 395 2890 454 Satis
2918 410 3002 457 est
3025 404 3137 472 jam
3160 405 3228 464 de
3257 411 3378 469 hoc,

277 461 305 472 Α
335 450 553 472 unum
870 457 882 472 .
1039 461 1072 472 ,ι
1116 461 1158 472 ..
1319 463 1332 472 .
1363 465 1394 472 _
1605 471 1613 472 κ

274 461 308 501 o
335 450 580 519 verbum,
611 468 736 510 vere
772 457 992 512 verbum
1038 461 1158 516 Dei!
1190 463 1332 531 quod
1360 465 1502 521 Deus
1527 477 1582 522 et
1604 471 1749 544 λόγος
1780 488 1870 527 os-

3437 301 3576 362 1098

3409 416 3576 477 Isaias

1973 475 2052 528 sic
2080 475 2150 529 ita
2184 475 2337 550 (lsai.
2369 497 2492 547 XLV,
2526 484 2615 556 Η)
2647 502 2659 538 :
2692 486 2964 547 Laboravit
2986 495 3282 569 zEgyptus,
3313 515 3359 559 et
3388 475 3575 566 merci;

1973 569 2145 620 monia
2170 568 2484 642 Ait/tiupum
2525 586 2570 630 et
2612 577 2843 635 Subaim.
2889 582 2994 640 Viri
3020 590 3261 648 altissimi
3302 596 3355 650 in
3387 609 3435 654 te
3463 620 3576 658 am-

1971 657 2248 730 bulabunt,
2283 675 2330 718 et
2360 667 2448 720 tibi
2476 679 2622 724 erunt
2651 674 2780 727 servi
2802 716 2815 739 ,
2849 685 2894 729 et
2943 691 3078 736 retro
3107 699 3398 758 sequentur,
3429 694 3578 764 ligati

1967 754 2185 808 manicis
2223 765 2271 811 te
2310 761 2700 828 venerabantur,
2747 778 2794 820 et
2846 781 2894 824 te
2943 776 3304 850 precabantur,
3335 754 3491 854 quod.
3519 791 3577 844 in

1967 851 2014 897 te
2039 842 2181 899 Deus
2207 858 2312 917 est,
2344 861 2390 905 et
2419 869 2520 907 non
2543 866 2618 910 est
2642 857 2778 913 Deus
2810 874 2952 918 εει-ινα
2982 877 3048 920 te.
3078 869 3261 927 .lesum
3295 873 3572 936 Christum

1968 934 2255 994 Dominum
2289 954 2556 1013 nostrum,
2591 949 2756 1008 Deum
2786 953 2851 1007 de
2880 959 3010 1023 Deo,
3043 961 3225 1020 lumen
3251 967 3318 1024 de
3345 969 3581 1030 lumine:

1967 1031 2515 1105 consubstantialem,
2550 1041 2712 1099 simul
2762 1047 3170 1112 substantialcm
3198 1077 3210 1112 :
3239 1062 3316 1117 sic
3363 1067 3570 1138 reliqua

1965 1119 2032 1175 ad
2063 1125 2433 1194 symbolarum
2460 1147 2582 1202 qua:
2616 1137 2936 1208 junguntur,
2963 1154 3017 1199 et
3047 1147 3112 1202 ad
3144 1149 3304 1207 ﬁdem
3337 1119 3570 1228 expli‘ci:

1967 1219 2077 1268 tum
2110 1228 2224 1285 est,
2271 1229 2325 1275 et
2352 1221 2660 1282 absolutum
2711 1230 2980 1304 ὀμοούσιον
3011 1241 3226 1307 plenum
3268 1257 3380 1316 est,
3411 1262 3465 1306 et
3503 1255 3574 1312 de

1965 1308 2153 1364 eadem
2193 1313 2515 1383 substantia,
2541 1329 2595 1376 et
2624 1322 2677 1378 in
2699 1327 2888 1384 eadem
2921 1333 3243 1405 substantia,
3275 1353 3328 1398 et
3355 1360 3573 1420 semper

1965 1398 2121 1420 ὠμὴ,
2177 1403 2216 1420 λ.
2288 1405 2300 1420 .
2411 1417 2418 1420 ,
2479 1411 2490 1420 .
2555 1413 2565 1420 .
2703 1416 2713 1420 -

1963 1398 2146 1468 simul,
2173 1403 2217 1457 si
2251 1405 2445 1476 placet,
2477 1411 2640 1468 latine
2671 1416 2750 1472 sic
2793 1421 3074 1482 habeatur.
3108 1429 3165 1485 Si
3193 1444 3370 1492 autem
3401 1398 3568 1499 unlum

1963 1490 2200 1578 verbum
2223 1511 2486 1568 grmcum,
2519 1507 2661 1574 quod
2715 1524 2905 1582 magna
2936 1523 3319 1592 expressione,
3346 1546 3570 1604 magna-

1961 1597 2066 1696 que
2093 1585 2356 1646 brevitate
2404 1605 2692 1669 utrumque
2741 1585 3050 1676 concludit,
3085 1615 3263 1684 placet
3305 1585 3567 1696 'tnan‘ere,

1960 1672 2028 1730 de
2062 1677 2171 1733 Deo
2210 1690 2265 1737 et
2288 1682 2516 1742 Domino
2547 1703 2736 1749 nostro
2766 1713 3107 1771 perseveret;
3142 1709 3408 1782 ὁμοοὺσιον
3437 1672 3568 1778 vero

2477 1793 2745 1856 teneatur,
2776 1792 3064 1864 scribatur,
3096 1801 3328 1875 dicatur,
3365 1821 3568 1872 tracte-

1959 1870 2064 1930 tur,
2100 1864 2153 1920 in
2186 1868 2447 1929 Ecclesiis
2475 1882 2725 1937 omnibus
2772 1889 3116 1955 praedicetur.
3173 1900 3300 1959 Haac
3329 1909 3472 1965 enim
3504 1912 3567 1967 ti-

1955 1951 2057 2063 desl
2075 1959 2217 2026 apud
2234 1961 2466 2022 Nicaeam
2487 2011 2501 2037 ,
2529 1971 2645 2028 hme
2676 1975 2812 2034 lides
2833 1987 3237 2062 apostolorum,
3283 1998 3400 2056 haec
3428 2005 3564 2063 ﬁdes

1954 2046 2238 2105 catholica.
2272 2054 2406 2112 Hinc
2429 2062 2645 2132 Ariani,
2680 2066 2807 2126 hinc
2835 2072 3073 2135 lttcretici
3118 2046 3402 2149 vincuntur
3438 2046 3558 2155 uni:

1953 2142 2261 2255 versij’a-x
2285 2163 2408 2255 cum
2443 2152 2525 2255 his
2552 2157 2644 2226 qui
2691 2161 2764 2217 ita
2788 2169 3050 2241 sentiunt,
3077 2191 3107 2232 a
3139 2178 3253 2238 Deo
3283 2197 3433 2255 patre
3455 2202 3510 2249 et
3532 2211 3564 2252 a

1954 2225 2082 2285 Jesu
2111 2232 2330 2293 Christo
2359 2225 2590 2302 Domino
2615 2263 2821 2310 nostro.
2855 2225 3052 2320 Amen:

2481 2355 2687 2416 LIBER
2716 2364 3034 2430 TERTlUS.

2024 2445 2221 2494 ΛΟΓΟΣ
2263 2442 2348 2498 vel
2391 2455 2511 2512 νοῦς
2552 2451 2768 2512 divinus
2813 2471 2869 2516 ut
2909 2467 3040 2524 sede
3091 2472 3281 2546 utitur,

1949 2535 2210 2598 corpore,
2255 2534 2432 2592 anima
2468 2543 2712 2613 eceleSIi;
2759 2567 2822 2607 ea
2872 2571 3002 2614 vero
3045 2534 3283 2626 sensuali

1948 2620 2115 2694 Λόγος
2145 2622 2442 2685 insensuali
2465 2636 2676 2704 anima,
2711 2653 2770 2697 ut
2809 2645 2927 2717 ipse
2953 2660 3224 2718 sensualis
3244 2664 3298 2721 in

1949 2721 2071 2779 est,
2101 2724 2154 2770 et
2198 2717 2319 2774 ideo
2363 2721 2415 2777 in
2448 2728 2828 2806 qualicumque
2875 2756 3124 2814 corpore.
3171 2754 3306 2813 Otun

1950 2803 2092 2871 quod
2132 2821 2200 2861 ex
2231 2809 2429 2869 divinis
2467 2828 2550 2873 cst
2588 2822 2655 2876 ad
2688 2803 2783 2881 sua

1948 2896 2044 2951 sed
2074 2910 2128 2953 ut
2159 2899 2353 2973 imago,
2388 2920 2443 2963 ιιι
2471 2910 2525 2966 id
2558 2914 2612 2969 in
2654 2918 2777 2974 aliis

3312 2490 3474 2555 atque
3501 2499 3562 2547 ut

3329 2585 3434 2646 νοῦ,
3475 2586 3560 2640 vel

3327 2685 3560 2742 corpore

3313 2775 3344 2816 e
3372 2774 3554 2825 autem

2835 2835 2989 2900 quasi
3033 2854 3158 2907 pars
3201 2861 3386 2906 eorum
3434 2869 3550 2928 est,

2829 2935 2881 2978 et
2926 2942 3192 2991 assertum
3223 2951 3306 2997 est
3341 2957 3396 3001 et
3425 2964 3553 3019 pro-

3226 2987 3306 2997 ___
3342 2987 3396 3001 ν,
3464 2987 3552 3008 ω,

1947 2987 2128 3046 batum
2159 3012 2170 3046 :
2203 2997 2398 3069 quippe
2429 3018 2549 3060 cum
2579 3007 2632 3062 it
2665 3011 2796 3080 ipsis
2825 3016 3026 3077 divinis
3049 3027 3208 3100 Λόγος
3247 3033 3342 3090 Dei
3374 2987 3552 3114 inraso

1947 3080 2012 3114 ait
2093 3085 2170 3114 οἷη
2203 3088 2361 3114 ξηει....
2406 3106 2495 3114 -μ.
2965 3113 2972 3114 ,

1946 3088 2039 3148 sit,
2091 3088 2171 3141 sic
2202 3088 2362 3159 igitur
2399 3106 2630 3167 caetera;
2660 3120 2791 3177 ergo
2830 3113 3068 3170 omnium
3102 3088 3430 3187 divinorum.
3484 3088 3552 3194 ὖι

1947 3176 2098 3296 eniml
2127 3180 2222 3236 Dei
2252 3186 2414 3256 Λόγος
2440 3188 2619 3263 imago
2647 3207 2764 3266 est,
2795 3201 2867 3256 ita
2899 3213 2989 3261 τοῦ
3017 3209 3168 3284 λόγου
3191 3218 3370 3277 anima
3402 3242 3550 3296 qum-

1951 3282 2053 3338 que
2084 3269 2187 3327 hoc
2226 3291 2395 3345 genus
2439 3280 2550 3350 ibi,
2584 3299 2777 3345 cmtera
2806 3269 3243 3368 intagincs'sunt.
3268 3313 3338 3368 At
3372 3269 3432 3370 iii
3451 3336 3550 3375 na-

1949 3369 2066 3416 tura
2111 3369 2350 3423 sensuali
2396 3389 2500 3428 non
2549 3376 2843 3453 imagines,
2885 3393 2981 3446 sed
3011 3398 3180 3468 magis
3223 3402 3546 3482 simulacra,

1949 3469 2009 3482 ηιιι
2035 3457 2317 3482 ι.ξ.κ.-1-..--
2369 3475 2378 3482 .
2480 3469 2512 3482 ιι
2641 3474 2653 3482 .
2747 3478 2768 3482 _

1945 3469 2009 3510 ac
2035 3457 2414 3520 simulamenta
2461 3469 2709 3529 dicenda.
2746 3478 2823 3534 Ita
2854 3483 2998 3540 enim
3027 3457 3206 3549 rer'um
3241 3457 3549 3573 progressu;

1945 3559 2059 3617 est,
2085 3561 2145 3607 ut
2183 3556 2494 3629 ellulgentia
2527 3563 2774 3638 luminis,
2805 3573 2983 3648 imago
3008 3582 3078 3638 sit
3105 3556 3548 3660 luntiitisiunde

1945 3642 2245 3702 substantia
2291 3652 2480 3708 eadem
2527 3666 2610 3712 est
2658 3660 2714 3716 in
2761 3669 2989 3726 summis
3026 3683 3076 3729 et
3120 3685 3376 3756 aeternis,
3419 3642 3544 3763 qui;

1945 3734 2115 3763 ξηιλ-..
2151 3741 2279 3763 I_-__:
2326 3746 2358 3763 o,
2437 3749 2450 3763 ι
2798 3759 2841 3763 --

1941 3734 2119 3804 imago
2150 3741 2399 3812 luminis,
2437 3749 2617 3807 lumen
2649 3767 2751 3811 est.
2798 3759 2866 3816 Ut
2893 3765 3036 3822 enim
3067 3770 3136 3828 de
3163 3734 3544 3846 Spirituiimn

1940 3829 2046 3885 nisi
2076 3832 2310 3903 Spiritus
2341 3883 2354 3906 ,
2400 3850 2456 3896 et
2481 3845 2547 3898 de
2577 3861 2732 3916 vero,
2759 3867 2944 3912 verum
2964 3901 2978 3924 ,
3014 3873 3068 3918 et
3096 3866 3162 3922 de
3188 3829 3321 3941 Deo,
3349 3829 3538 3940 Deus

1940 3921 2022 3978 sic
2050 3933 2105 3980 et
2145 3925 2213 3983 de
2252 3930 2586 4005 substantia,
2619 3941 2919 4004 substantia
2958 3953 3235 4024 :Spiritus
3276 3921 3542 4041 eitimrqei

1939 4029 2098 4072 verus
2117 4060 2131 4084 ,
2159 4029 2213 4075 et
2241 4021 2384 4079 Deus
2416 4027 2713 4088 substantia
2741 4049 2843 4094 εει.
2875 4021 3252 4110 Omne'autem
3283 4021 3541 4128 ειυόῖρξιξ

1938 4107 2227 4180 unicuique
2277 4129 2433 4171 suum
2480 4134 2634 4190 esse,
2678 4127 2977 4190 substantia
3008 4149 3111 4195 est.
3151 4141 3257 4202 Sed
3287 4107 3391 4207 bac
3417 4107 3539 4217 esse

1937 4203 2080 4272 quod
2119 4205 2379 4316 dit-imus,
2417 4211 2564 4316 aliud
2610 4216 2836 4294 intelligi
2869 4227 3031 4286 debet
3081 4234 3134 4291 in
3181 4255 3247 4297 eo
3280 4203 3544 4316 quasi;

1934 4308 2055 4350 esse
2084 4314 2096 4348 :
2121 4298 2260 4354 aliud
2289 4317 2418 4357 vero
2448 4304 2501 4359 in
2527 4322 2593 4361 eo
2629 4313 2770 4381 quod
2798 4312 2881 4372 εει
2909 4319 2979 4378 ita
3009 4339 3151 4397 esse,
3184 4345 3241 4389 ut
3272 4298 3434 4400 uinum

1934 4388 2268 4462 substantiae,
2297 4395 2442 4451 aliud
2480 4401 2775 4469 qualitatis.
2822 4409 2924 4466 Sed
2957 4414 3056 4472 ista
3102 4388 3180 4478 sic

1933 4478 2078 4536 libus
2107 4492 2160 4538 et
2202 4483 2256 4538 in
2290 4487 2508 4545 mundo.
2548 4492 2618 4546 At
2653 4493 2706 4548 in
2749 4497 2945 4557 divinis
2971 4516 3025 4561 et
3054 4517 3272 4573 mternis
3298 4521 3397 4580 ista
3426 4478 3533 4586 duo

2645 4587 2678 4643 d
2723 4591 2798 4646 ibi
2839 4594 3101 4681 simplex,
3142 4619 3198 4663 et
3239 4612 3344 4670 hoc
3388 4620 3532 4683 Deus

1932 4668 2076 4773 quod
2106 4668 2322 4784 lumen:
2351 4677 2495 4780 quod
2525 4679 2785 4747 optimum
2806 4726 2820 4752 ,
2848 4668 2990 4756 quod
3016 4668 3337 4774 existentia,

1930 4761 2037 4815 vita
2059 4804 2073 4828 ,
2108 4765 2249 4834 quod
2289 4765 2644 4840 intelligentia
2680 4791 2692 4828 :
2723 4779 2875 4836 atde
2920 4783 3023 4842 hoc
3063 4802 3115 4845 et
3153 4793 3207 4850 iu
3238 4761 3529 4866 aliis

1931 4870 2074 4911 mus.
2116 4856 2307 4912 Omnia
2337 4876 2468 4932 ergo
2516 4862 2588 4918 ibi
2621 4867 3049 4933 substantialiter
3097 4856 3402 4964 simplicia,

1930 4959 2206 5068 connexa,
2253 4965 2374 5004 cum
2422 4968 2649 5011 numero
2681 4975 2875 5030 unum,
2925 4985 3025 5025 nec
3071 4990 3295 5039 numero
3327 4959 3524 5068 Ullum,

1933 5051 1992 5068 ΩΔ
2069 5048 2193 5068 nn.“
2236 5055 2515 5068 ...ιηιΑ.......-
2549 5063 2706 5068 ----γςη
2802 5055 2813 5065 ⁸
2837 5054 2850 5068 ¹
2966 5067 2970 5068 ⁷

1931 5037 2028 5093 sed
2067 5048 2193 5093 ante
2235 5055 2516 5098 numerum
2549 5063 2712 5104 unum
2735 5093 2749 5118 ,
2800 5054 2851 5110 id
2895 5067 3010 5128 est,
3039 5076 3164 5124 ante
3190 5037 3351 5135 unum

1934 5139 2013 5156 Α...
2055 5130 2106 5156 ε..
2140 5148 2363 5156 ......----
2433 5135 2530 5156 [Α-
2578 5155 2585 5156 ,
2631 5151 2642 5156 -
2742 5144 2754 5156 ι
2934 5149 2944 5156 .
3046 5155 3054 5156 ,

1933 5139 2017 5186 est
2055 5130 2107 5185 in
2140 5148 2387 5197 numero,
2433 5135 2535 5193 hoc
2565 5151 2668 5210 est,
2701 5144 2861 5214 plane
2901 5149 3159 5229 simplex,
3205 5130 3529 5240 somniis};

1931 5223 2234 5295 phantasia,
2273 5230 2414 5299 quod
2461 5233 2716 5291 alterum.
2746 5239 2900 5299 Unde
2929 5223 3072 5318 quod
3113 5223 3527 5332 nias

1929 5320 2128 5392 imago,
2152 5337 2256 5377 non
2279 5323 2490 5391 scissio,
2520 5343 2621 5384 nec
2641 5331 2854 5403 ell‘usio,
2877 5339 2972 5394 sed
2994 5344 3206 5405 elIulsio
3232 5370 3246 5407 :
3272 5372 3372 5415 nec
3400 5320 3528 5433 pro:

1929 5410 2098 5433 .-.μμ
2179 5413 2268 5433 --1
2331 5431 2342 5433 Α
2568 5419 2601 5433 λ’

1929 5410 2132 5480 tensio,
2175 5413 2271 5470 sed
2323 5419 2668 5488 apparentia,
2721 5441 2821 5481 nec
2865 5435 3186 5500 germinatio
3239 5410 3525 5529 poteniiae,

1928 5519 2085 5576 quam
2108 5511 2365 5577 potentia:
2392 5511 2535 5567 actio
2571 5531 2583 5568 :
2614 5515 2706 5570 ubi
2733 5519 2874 5575 enim
2905 5526 3066 5595 actio,
3095 5541 3188 5586 aut
3217 5511 3389 5611 unde,
3421 5511 3528 5608 nisi

1927 5595 1982 5652 in
2028 5600 2268 5669 potentia
2316 5611 2477 5674 atque
2506 5621 2572 5661 ex
2603 5613 2882 5677 potentia?
2931 5616 2998 5671 Et
3039 5625 3254 5688 quando
3302 5595 3524 5702 aut

1929 5691 2210 5762 potentia,
2244 5694 2346 5750 nisi
2375 5711 2497 5753 cum
2526 5700 2738 5758 actione
2776 5713 2830 5760 et
2867 5706 2920 5762 in
2951 5710 3162 5772 actione
3182 5720 3207 5772 ?
3229 5691 3525 5807 Non'erg;

1931 5785 2146 5807 ,μων
2695 5796 2728 5807 ..
2899 5801 2910 5807 -
3021 5805 3029 5807 μ

1929 5785 2152 5845 alterum
2183 5788 2235 5846 in
2274 5791 2468 5860 altero,
2513 5809 2617 5852 nec
2661 5796 2950 5866 aliquando
2987 5805 3193 5882 simile,
3228 5820 3350 5888 quia
3381 5785 3524 5894 13:“;

3016 5897 3096 5961 35
