4018 6184
571 216 706 293 toea

1809 216 2005 274 MAR"
2045 216 2197 276 VICT

2299 219 2390 278 lNl
2427 222 2591 286 AFRI
3667 237 3755 296 i100

566 346 806 403 semper.
838 330 908 387 Et
952 327 1077 402 quia
1125 329 1437 402 et‘fulgentia
1485 329 1790 386 declaratur
1837 331 2052 396 lumen,
2088 333 2171 388 vel
2202 338 2250 397 A
2281 345 2441 392 totus.
2487 337 2589 407 Qui
2619 353 2738 394 cum
2767 339 2819 396 in
2842 348 3089 397 cessante
3129 349 3278 398 motu
3305 343 3540 412 accipitur
3564 353 3762 420 atquein-

569 423 712 480 aCtio
741 424 1046 481 declaratur
1095 423 1375 494 potentia;
1411 422 1612 480 idcirco
1660 423 1851 494 (Joan.
1896 441 2010 490 xxv,
2056 425 2122 495 9)
2157 442 2170 478 :

575 517 680 585 Qui
709 531 786 570 me
825 515 990 584 videt,
1019 515 1158 569 uidet
1202 525 1247 569 et
1294 515 1524 569 Patrem.
1581 515 1647 570 Et
1696 514 1817 585 quia
1877 515 2173 586 potentiam

569 609 741 681 ipsam
774 609 942 663 solam
977 623 1138 662 nemo
1168 607 1314 663 videt
1353 606 1543 677 (Joan.
1577 624 1624 673 ι,
1654 608 1793 680 18);
1827 607 1991 662 Deum
2030 624 2175 662 nemo

568 702 694 759 vidit
723 718 964 772 unquam.
1001 701 1066 755 Et
1098 701 1349 772 quoniam
1400 703 1638 771 potentia
1669 716 1888 756 cessans
1919 701 2025 756 vita
2057 711 2174 770 est,

569 805 626 852 ει
650 808 871 850 cessans
921 786 1305 864 intelligentia,
1342 793 1458 848 lucc
1507 805 1684 848 autem
1716 793 1825 848 vita
1870 805 1923 849 et
1973 793 2176 849 intelli-

570 888 750 960 gentia
779 887 920 943 actio
947 897 1066 953 est;
1104 890 1148 942 si
1179 886 1298 957 quis
1330 887 1494 942 Deum
1527 885 1759 954 videtit,
1796 886 2056 942 moriatur
2085 902 2180 942 ne-

569 998 723 1039 cesse
750 991 832 1038 est
867 999 879 1037 :
909 982 1034 1054 quia
1060 982 1155 1038 Dei
1187 983 1292 1037 vita
1323 991 1376 1038 et
1402 981 1751 1052 intelligentia
1803 982 1856 1036 in
1889 982 2180 1054 semetipsa

571 1085 684 1142 est,
715 1092 821 1130 non
868 1074 923 1130 in
969 1082 1092 1130 actu
1120 1091 1132 1128 :
1165 1073 1344 1131 omnis
1383 1085 1561 1130 autem
1589 1084 1740 1131 actus
1770 1074 1903 1131 foris
1931 1085 2014 1132 est
2034 1117 2048 1142 ,
2078 1075 2181 1132 hoc

571 1186 704 1226 vero
731 1180 817 1226 est
845 1181 1088 1225 nosuum
1118 1169 1334 1237 vivere,
1365 1169 1507 1240 quod
1540 1171 1668 1224 t'oris
1696 1179 1778 1225 est
1806 1169 2023 1226 vivere:
2054 1185 2181 1240 ergo

571 1271 657 1318 est
682 1277 826 1317 mors
861 1262 1025 1316 Deum
1054 1259 1239 1317 videre
1265 1260 1460 1332 (Exod.
1495 1277 1685 1328 χχχιιι,
1707 1260 1800 1332 20)
1840 1283 1852 1317 :
1879 1260 2066 1328 Nemo,
2096 1260 2180 1315 in-

571 1353 716 1425 quit,
761 1370 984 1425 tmquam
1025 1354 1149 1407 vidit
1185 1362 1230 1408 et
1259 1355 1420 1418 vixit;
1451 1353 1615 1409 simili
1644 1354 1785 1409 enim
1819 1354 1996 1410 simile
2026 1353 2180 1410 vidc-

577 1456 682 1502 tur.
716 1445 1026 1502 Omittenda
1051 1445 1213 1516 igitur
1241 1443 1347 1500 vita
1381 1445 1532 1515 toris,
1561 1444 1854 1502 omittenda
1881 1447 2187 1518 intelligen-

577 1538 682 1602 tia,
714 1540 759 1593 si
791 1539 958 1594 Deum
987 1538 1172 1595 videre
1195 1539 1474 1607 volumus,
1505 1550 1558 1596 ct
1588 1538 1691 1596 hoc
1719 1539 1877 1596 nobis
1902 1556 2052 1596 mors
2077 1550 2182 1597 est.

650 1632 711 1686 ll.
754 1631 1018 1699 Quoniam
1047 1640 1226 1686 autem
1275 1632 1390 1687 base
1415 1632 1525 1687 vita
1558 1641 1613 1688 et
1642 1632 1995 1705 intelligentia
2022 1635 2187 1709 Λόγος

2278 429 2553 500 tclligitnr,
2588 431 2692 486 hoc
2717 441 2798 486 est
2828 431 2990 498 Deus,
3019 443 3181 503 atque
3211 434 3323 503 ipse
3349 445 3488 505 pater
3512 448 3598 504 est,
3617 453 3766 511 semper

2275 532 2438 594 atque
2463 539 2528 578 ex
2554 533 2762 580 mterno
2807 535 2960 596 pater
2989 542 3001 578 :
3031 526 3154 597 quia
3186 543 3394 598 semper
3419 539 3575 585 motus
3613 547 3662 587 ex
3685 539 3768 591 sub

2277 617 2495 683 Stantia,
2527 626 2580 671 et
2627 617 2679 672 in
2724 617 3047 686 substantia,
3085 618 3170 674 vel
3201 620 3379 690 potius
3406 620 3511 690 ipsa
3535 622 3771 692 substantia,

2278 709 2368 782 qui
2398 725 2519 765 cum
2549 708 2694 765 foras
2724 719 2953 782 spectat,
2980 711 3082 768 hoc
3110 721 3194 768 est
3227 721 3403 768 autem
3433 712 3563 770 foras
3584 727 3776 786 spectare,

2280 814 2484 858 momm
2530 805 2618 860 vel
2663 805 2959 860 motionem
3007 819 3128 861 esse
3162 823 3175 860 :
3205 805 3347 877 quod
3387 805 3546 876 ipsum
3585 807 3668 863 hoc
3695 809 3780 865 illud

2279 904 2365 950 est
2403 910 2463 951 se
2509 895 2720 963 videre,
2763 911 2823 952 se
2871 895 3210 968 intelligere,
3241 913 3305 954 ac
3345 913 3497 954 nosse
3532 899 3783 957 vellezcum

2280 1000 2458 1044 autem
2487 1004 2547 1046 se
2570 989 2734 1058 videt,
2755 991 3003 1061 geminus
3043 991 3226 1047 existit
3245 1000 3300 1046 ct
3323 991 3614 1062 intelligitur
3639 994 3786 1061 videns,

2283 1092 2335 1138 et
2366 1081 2510 1153 quod
2538 1083 2748 1139 videtur
2779 1102 2792 1138 :
2825 1084 2939 1153 ipse
2968 1085 3058 1155 qui
3090 1085 3253 1151 videt,
3278 1085 3450 1154 ipsum
3477 1084 3604 1156 quod
3623 1086 3789 1156 videtur,

2283 1173 2405 1246 quia
2457 1190 2517 1230 se
2559 1174 2700 1230 videt
2737 1193 2750 1228 :
2784 1174 2888 1232 hoc
2921 1185 3007 1232 est
3055 1177 3217 1248 igitur
3249 1176 3391 1232 foras
3437 1177 3791 1248 spectans,loris

2282 1267 2494 1338 genitus
2524 1269 2612 1326 vel
2655 1269 2917 1338 existens,
2968 1281 3025 1326 ut
3052 1270 3178 1340 quid
3230 1270 3300 1326 sit
3350 1270 3613 1342 intelligat.
3642 1270 3788 1342 Ergosi

2287 1361 2421 1418 foris
2445 1371 2550 1429 est,
2579 1371 2636 1419 et
2657 1366 2702 1419 si
2733 1363 2965 1436 genitus,
3001 1365 3140 1419 ﬁlius
3171 1381 3184 1419 :
3211 1375 3264 1419 et
3295 1365 3338 1419 si
3369 1364 3526 1430 ﬁlius,
3550 1365 3788 1435 unigenitus,

2288 1457 2412 1525 quia
2442 1456 2612 1526 solus,
2643 1458 2734 1529 qui
2775 1466 2860 1514 est
2889 1458 3068 1515 omnis
3095 1467 3268 1526 actus,
3297 1467 3459 1530 atque
3479 1460 3636 1515 omnis
3658 1467 3701 1514 et
3720 1461 3794 1513 uni-

2288 1549 2549 1614 versalis,
2581 1558 2638 1606 et
2679 1565 2816 1606 unus
2847 1560 2932 1608 est
2960 1561 3140 1606 motus
3161 1592 3176 1618 ,
3207 1550 3349 1607 idem
3395 1559 3563 1606 autem
3592 1561 3795 1621 motusque

2288 1642 2589 1699 substantia
2621 1659 2635 1699 :
2665 1659 2795 1716 ergo
2843 1654 2898 1700 et
2945 1654 3117 1715 pater,
3154 1653 3209 1702 et
3252 1645 3394 1702 titius
3442 1661 3540 1701 una
3580 1645 3794 1716 eademque

573 1735 656 1783 est
678 1769 692 1792 ,
725 1726 814 1796 qui
843 1723 1093 1781 Christus
1119 1735 1202 1780 est
1231 1741 1244 1778 :
1279 1741 1374 1795 per
1414 1724 1690 1781 Christum
1725 1736 1779 1782 ct
1823 1743 1923 1783 nos
1951 1727 2134 1784 omnia
2163 1745 2176 1783 :
2214 1725 2264 1786 B
2289 1736 2589 1791 substantia
2621 1753 2635 1790 :
2667 1735 3128 1792 consubstantiale
3174 1737 3354 1808 igitur,
3388 1736 3440 1792 id
3467 1746 3564 1802 est,
3593 1735 3795 1808 ὁμοσύσιω.

575 1834 674 1889 per
717 1817 892 1888 ipsum
935 1829 1018 1873 est
1057 1833 1184 1888 ergo
1219 1818 1383 1891 Λόγος
1404 1859 1418 1885 ,
1451 1828 1506 1874 ει
1536 1818 1642 1873 vita
1666 1861 1680 1885 ,
1723 1829 1776 1876 et
1805 1819 2181 1892 intelligentia.

577 1912 790 1978 Quare?
819 1913 942 1983 quia
988 1912 1088 1966 ista
1118 1913 1300 1967 omnia
1347 1923 1554 1978 motus,
1586 1922 1639 1968 et
1667 1914 1899 1985 adjectio
1927 1927 2011 1970 est
2045 1932 2056 1968 :
2088 1932 2187 1971 nos

581 2021 734 2076 ergo,
761 2003 808 2058 si
835 2020 1019 2060 sumus
1047 2003 1100 2059 in
1127 2005 1341 2061 Christo
1359 2006 1611 2075 Domino,
1628 2023 1724 2080 per
1739 2007 2012 2064 Christum
2040 2009 2188 2065 vide-

575 2112 718 2165 mus,
747 2096 801 2151 id
831 2107 938 2163 est,
962 2094 1128 2152 vitam
1153 2113 1358 2165 veram,
1383 2099 1484 2154 hoc
1511 2109 1613 2165 est,
1648 2115 1745 2170 per
1772 2093 2063 2174 imaginem
2096 2117 2189 2157 ve-

577 2204 714 2245 ram.
749 2190 814 2244 Et
853 2189 980 2260 quia
1009 2204 1191 2244 veram
1210 2232 1225 2257 ,
1249 2205 1378 2262 ergo
1407 2190 1649 2261 ejusdem
1677 2191 1994 2248 substantiae
2016 2233 2032 2261 ,
2065 2192 2188 2264 quia

578 2291 634 2337 et
663 2282 718 2336 in
749 2281 965 2336 actione
1007 2281 1245 2351 potentia
1273 2290 1356 2336 est
1389 2301 1401 2336 :
1433 2282 1509 2338 ibi
1553 2298 1682 2355 ergo
1713 2282 1879 2340 Deum
1910 2283 2186 2353 videmus,

577 2383 634 2430 et
676 2374 803 2429 hinc
844 2373 978 2429 illud
1024 2375 1044 2446 (
1080 2374 1241 2429 Joan.
1295 2391 1408 2443 xw,
1453 2378 1521 2448 9)
1567 2395 1580 2431 :
1631 2377 1732 2443 Qui
1761 2396 1840 2433 me
1865 2380 2030 2445 ridet,
2060 2380 2190 2434 videt

576 2468 767 2525 Deum.
809 2467 965 2536 Quod
1008 2481 1137 2524 vero
1180 2469 1248 2524 de
1287 2469 1528 2539 potentia
1577 2470 1741 2538 actio,
1774 2471 1896 2526 ideo
1939 2472 2006 2528 de
2033 2471 2193 2529 Patre

578 2557 749 2613 Filius
770 2599 786 2623 ,
829 2573 893 2612 ac
921 2559 989 2614 de
1018 2559 1222 2629 Spiritu
1264 2562 1424 2637 Λόγος
1457 2579 1470 2615 :
1499 2571 1554 2617 et
1581 2563 1705 2634 quia
1731 2564 1800 2620 de
1829 2564 2028 2636 Spiritu
2071 2565 2194 2638 Spi-

579 2653 751 2719 ritus,
781 2651 908 2708 ideo
936 2651 1006 2708 de
1037 2652 1150 2707 Deo
1184 2653 1326 2710 Deus
1360 2672 1372 2708 :
1402 2669 1532 2727 ergo
1563 2656 1629 2712 de
1665 2658 1963 2714 substantia
2003 2659 2192 2716 eadem

581 2742 881 2800 substantia
906 2784 922 2809 ,
954 2753 1013 2798 ut
1059 2761 1220 2815 supra
1267 2745 1576 2805 docuimus.
1623 2749 1873 2808 Potentia
1906 2752 2052 2809 Deus
2079 2762 2192 2823 est,

578 2834 639 2892 id
669 2843 784 2903 est,
815 2835 957 2906 quod
999 2835 1229 2906 primum
1274 2839 1584 2896 existentite
1612 2845 1919 2900 universale
1946 2858 2028 2901 εει
2049 2861 2194 2916 εεεε,

581 2931 726 3002 quod
771 2945 992 2999 secum,
1042 2931 1094 2987 id
1141 2941 1256 3001 cst,
1305 2932 1358 2988 in
1390 2950 1450 2992 se
1483 2937 1646 2993 vitam
1678 2949 1733 2994 et
1784 2938 2195 3012 intelligentiam

583 3025 748 3080 habet
775 3039 790 3078 :
818 3022 991 3095 magis
1021 3034 1200 3080 autem
1235 3027 1409 3096 ipsum
1458 3030 1601 3100 quod
1632 3042 1716 3087 est
1754 3048 1910 3102 esse,
1943 3034 2049 3090 boc
2079 3043 2193 3104 est,

587 3115 731 3187 quod
761 3115 867 3171 vita
908 3127 1069 3188 atque
1096 3116 1452 3191 intelligentia
1484 3132 1632 3179 motu
1679 3125 1940 3182 interiore
1970 3136 2025 3183 et
2055 3128 2109 3183 in
2139 3142 2199 3184 se
2223 3110 2270 3175 (ἶ

587 3223 853 3266 converso
879 3227 891 3265 :
921 3220 1003 3265 est
1028 3227 1156 3282 ergo
1177 3223 1355 3269 motus
1385 3215 1437 3270 in
1468 3216 1599 3285 Deo,
1629 3228 1684 3276 et
1714 3236 1777 3278 ex
1820 3220 1924 3278 hoc
1950 3232 2002 3278 et
2031 3224 2197 3294 actio,

589 3302 730 3358 unde
755 3302 958 3359 dictum
988 3304 1181 3377 (Joan.
1215 3322 1271 3373 v,
1299 3307 1398 3379 19)
1431 3328 1442 3363 :
1477 3311 1636 3366 Amen
1661 3355 1674 3380 ,
1706 3333 1852 3370 amen
1878 3317 1992 3373 dico
2021 3319 2156 3373 vobis
2181 3359 2198 3388 ,

591 3415 695 3452 non
723 3408 882 3469 potest
931 3398 1102 3454 Filius
1154 3417 1184 3454 a
1226 3404 1500 3474 semetipso
1544 3406 1714 3475 [acere
1746 3409 1979 3480 aliquid,
2011 3412 2056 3466 si
2101 3428 2204 3466 non

597 3493 778 3546 viderit
821 3491 1030 3548 Patrem
1060 3495 1330 3566 facientem
1359 3514 1376 3551 :
1402 3514 1515 3569 qua:
1559 3502 1691 3555 enim
1728 3503 1816 3558 ille
1844 3505 1994 3574 facit,
2028 3507 2204 3563 eadem

597 3594 643 3639 et
676 3583 846 3640 Filius
878 3586 1022 3656 facit.
1053 3587 1315 3644 Similiter
1343 3605 1471 3662 ergo
1495 3599 1549 3646 et
1571 3591 1733 3649 Pater
1761 3605 1815 3650 et
1846 3595 1972 3652 facit
1998 3608 2052 3654 et
2071 3600 2202 3670 agit,

598 3674 694 3730 sed
721 3676 868 3732 intus
889 3719 904 3743 ,
929 3679 1073 3734 unde
1111 3693 1231 3735 cum
1261 3681 1408 3737 nullo
1437 3693 1559 3755 eget
1585 3687 1924 3744 extrinsecus
1943 3731 1958 3757 ,
1991 3707 2208 3764 semper

599 3767 818 3837 plenum
839 3809 854 3835 ,
889 3783 1105 3840 semper
1135 3781 1301 3827 totum
1323 3817 1336 3836 ,
1369 3790 1581 3847 semper
1613 3779 1823 3835 beatum
1869 3791 1971 3837 est.
2003 3783 2204 3840 Verum

599 3859 854 3928 quoniam
888 3861 994 3919 vita
1027 3871 1188 3932 atque
1235 3866 1591 3938 intelligentia
1622 3882 1797 3929 motus
1835 3886 1961 3931 sunt
1984 3919 1998 3943 ,
2030 3878 2207 3933 omnis

603 3961 782 4008 autem
816 3952 919 4006 vita
949 3953 1197 4020 viviticat,
1234 3971 1394 4013 omne
1416 3976 1542 4015 vero
1566 3966 1705 4034 quod
1739 3969 2035 4026 vivilicatur
2078 3972 2210 4029 foris

602 4054 718 4112 est;
772 4045 1009 4117 itemque
1054 4047 1407 4118 intelligentia
1440 4055 1580 4122 quod
1636 4058 1884 4130 intelligit
1925 4062 2056 4119 furis
2089 4073 2206 4133 est,

602 4148 659 4194 ει
684 4139 736 4192 id
763 4139 905 4209 quod
949 4139 1202 4210 intelligit
1245 4142 1420 4211 intus,
1471 4155 1638 4201 tracta
1692 4160 1747 4205 et
1795 4152 1899 4207 vita
1936 4171 2002 4210 ex
2046 4156 2209 4213 intel-

601 4233 854 4303 ligentia,
879 4233 964 4289 vel
986 4233 1275 4305 eﬁ‘ulgente
1297 4238 1378 4293 vel
1413 4239 1748 4298 illuminante
1781 4246 2212 4320 intelligit.Unde

606 4323 677 4379 de
710 4323 821 4379 Deo
844 4333 1007 4393 atque
1032 4341 1098 4380 cx
1133 4325 1322 4382 eadem
1353 4329 1650 4387 substantia
1676 4345 1779 4402 est,
1807 4347 1861 4393 et
1887 4340 2209 4412 substantia,

607 4424 663 4472 ct
690 4414 820 4482 vita,
848 4425 902 4470 et
930 4415 1284 4488 intelligentia
1303 4461 1318 4486 ,
1347 4421 1583 4493 itemque
1615 4437 1792 4483 motus
1818 4445 1940 4486 cum
1983 4434 2124 4491 intus
2155 4437 2210 4492 in

2357 1827 2444 1883 Ill.
2486 1827 2679 1884 Omnia
2723 1844 2852 1900 ergo
2897 1829 3081 1896 ﬁlius,
3122 1837 3177 1885 ut
3205 1829 3388 1886 omnia
3423 1839 3581 1900 pater.
3614 1828 3701 1884 Sed
3721 1829 3796 1899 quia

2295 1921 2665 1990 potentialiter
2686 1922 2834 1992 prior
2865 1932 2950 1977 est
2977 1922 3282 1978 substantia
3327 1937 3488 1992 quam
3511 1931 3646 1977 actus
3664 1936 3712 1977 ac
3729 1936 3798 1975 tuo

2290 2023 2396 2082 tus,
2448 2015 2594 2085 prius
2637 2024 2815 2070 autem
2862 2015 2930 2071 ad
2969 2015 3080 2071 vim
3106 2016 3217 2071 dixi
3259 2025 3316 2071 et
3362 2015 3431 2071 ad
3474 2031 3689 2081 causam,
3722 2016 3799 2084 qui:

2290 2109 2463 2165 motui
2505 2125 2666 2166 causa
2700 2111 3004 2167 susbtantia
3033 2128 3046 2165 :
3074 2112 3254 2167 omnis
3275 2113 3429 2166 enim
3457 2121 3619 2166 motus
3657 2108 3698 2164 in
3719 2111 3799 2164 sui»

2291 2203 2512 2270 stantia,
2540 2218 2671 2274 ergo
2700 2206 3009 2261 necessario
3049 2215 3342 2276 generator
3371 2215 3454 2262 est
3484 2213 3640 2276 pater,
3661 2213 3703 2259 et
3723 2203 3799 2256 item

2294 2297 2604 2352 necessario
2631 2298 2811 2353 omnia
2854 2314 2972 2369 qua:
3003 2308 3156 2370 pater
3196 2299 3394 2365 habet,
3451 2299 3601 2353 habet
3634 2306 3680 2354 et
3717 2296 3801 2350 tilias

2295 2386 2474 2462 (Joan.
2509 2407 2621 2457 xw,
2672 2387 2761 2461 15)
2819 2408 2834 2446 :
2889 2391 3098 2458 Omnia,
3145 2393 3342 2463 inquit,
3393 2408 3505 2463 qua:
3547 2391 3671 2445 habet
3707 2388 3802 2444 Puta

2295 2483 2423 2537 mihi
2451 2483 2612 2540 dedit.
2661 2484 2725 2540 Et
2752 2486 2878 2542 item
2907 2485 3102 2557 (Joan.
3132 2503 3185 2553 v,
3215 2485 3319 2558 26)
3355 2504 3368 2541 :
3401 2485 3553 2542 Pater
3571 2496 3620 2540 ut
3649 2487 3729 2555 ipse
3745 2483 3801 2534 ta-

2295 2573 2372 2628 bet
2395 2591 2458 2631 ea:
2481 2593 2534 2630 se
2563 2576 2736 2644 vitam,
2759 2578 2832 2632 ita
2854 2578 2992 2633 dedit
3019 2577 3161 2634 Filio
3186 2595 3251 2634 ea:
3269 2596 3329 2633 se
3351 2579 3532 2633 habere
3555 2579 3680 2632 vitam
3695 2593 3709 2630 :
3725 2590 3803 2644 ergo

2297 2678 2356 2723 ut
2396 2675 2566 2738 pater,
2602 2670 2671 2724 ita
2723 2671 2864 2725 titius
2895 2671 3000 2726 vita
3046 2681 3162 2738 est,
3190 2683 3244 2726 et
3289 2686 3361 2727 ex
3406 2685 3467 2727 se
3503 2671 3618 2726 vita.
3651 2668 3737 2738 ipsa
3756 2675 3804 2720 est

2299 2762 2444 2818 enim
2473 2763 2601 2830 vita,
2625 2778 2746 2833 quae
2774 2761 2878 2818 sibi
2900 2772 2955 2820 et
2977 2763 3097 2819 aliis
3119 2775 3202 2819 est
3226 2765 3306 2819 vis
3334 2763 3568 2832 vivendi,
3591 2777 3678 2818 non
3698 2761 3806 2814 alian-

2299 2854 2368 2908 dc
2400 2855 2526 2910 vita.
2555 2854 2724 2924 Igitur
2761 2867 2976 2926 motus,
3008 2867 3065 2914 et
3091 2859 3407 2929 principalis
3453 2868 3640 2924 motus,
3666 2864 3708 2912 et
3724 2867 3807 2908 lllttlS

2300 2958 2514 3017 motus,
2546 2960 2601 3005 et
2645 2965 2677 3005 a
2721 2967 2782 3007 se
2808 2961 3014 3020 motus,
3046 2960 3102 3009 et
3128 2954 3440 3024 unigenitus
3467 2949 3806 3008 motus:bicest

2301 3047 2468 3121 Λόγος
2499 3062 2512 3099 :
2546 3046 2747 3102 etenim
2779 3047 2886 3103 vita
2925 3058 3040 3116 est,
3075 3063 3172 3119 per
3199 3063 3366 3120 quem
3397 3049 3576 3105 vivunt
3601 3046 3752 3104 omnia.
3771 3041 3810 3097 Et

2303 3141 2427 3212 quia
2455 3141 2562 3197 vita
2585 3150 2686 3209 est,
2720 3143 2837 3213 ipse
2862 3153 2945 3198 est
2978 3159 3072 3213 per
3107 3159 3266 3214 quem
3291 3156 3428 3200 sunt
3455 3143 3585 3200 facta
3604 3140 3761 3198 omnia.
3780 3143 3811 3189 et

2305 3235 2358 3289 in
2398 3250 2558 3306 quem
2605 3234 2744 3291 facta
2785 3245 2913 3291 sunt
2959 3236 3139 3291 omnia
3178 3254 3189 3290 :
3222 3237 3352 3307 quia
3393 3248 3601 3309 purgata
3639 3229 3810 3290 omniain

2305 3328 2472 3382 vitam
2501 3335 2758 3383 aeternam
2786 3328 3032 3384 redeunt.
3065 3330 3129 3385 Et
3153 3329 3339 3384 omnia
3371 3332 3423 3385 in
3455 3331 3567 3402 ipso
3593 3329 3705 3384 facta
3723 3329 3810 3382 sunt,

2308 3425 2432 3494 quia
2480 3437 2602 3493 quae
2647 3423 2790 3478 facta
2834 3435 2960 3480 sunt
3009 3425 3065 3480 in
3115 3425 3232 3495 ipso
3275 3428 3388 3481 vita
3417 3420 3811 3483 sunt:nihilenim

2308 3517 2454 3588 quod
2485 3519 2572 3586 sit,
2607 3518 2694 3574 cui
2720 3521 2789 3574 sit
2814 3533 2936 3575 esse
2965 3533 3120 3574 suum
3141 3563 3154 3587 ,
3189 3536 3254 3576 ex
3282 3535 3396 3592 quo
3424 3521 3520 3592 ipsi
3550 3520 3642 3574 vita
3674 3517 3726 3572 sit
3742 3525 3812 3568 esse

2310 3609 2453 3679 quod
2495 3612 2584 3667 sit.
2631 3611 2769 3682 Ergo
2820 3612 2872 3666 in
2917 3609 3134 3667 Christo
3181 3613 3320 3668 facta
3367 3623 3490 3670 sunt
3529 3611 3709 3675 omnia,
3742 3606 3814 3676 quia

2310 3701 2558 3758 Christus
2587 3700 2747 3778 Λόγος
2798 3713 2902 3759 est.
2928 3703 3049 3760 Vita
3075 3714 3254 3761 autem
3287 3723 3396 3763 nec
3423 3708 3599 3776 erepit,
3625 3704 3720 3775 quia
3745 3716 3765 3753 a
3783 3713 3816 3750 se

2312 3795 2414 3850 sibi
2444 3810 2662 3866 semper
2689 3806 2803 3861 est,
2847 3796 2992 3852 unde
3029 3813 3302 3868 nunquam
3349 3799 3575 3865 desinit,
3601 3807 3647 3852 et
3682 3790 3816 3848 inﬁnita

2314 3902 2533 3958 semper
2558 3897 2660 3950 est.
2686 3896 2740 3944 et
2771 3903 2866 3957 per
2891 3890 3095 3954 omnia,
3123 3899 3178 3944 et
3205 3889 3260 3944 in
3289 3892 3546 3947 omnibus
3570 3902 3711 3958 usque
3729 3898 3750 3937 a
3768 3880 3817 3934 di-

2314 3977 2455 4032 vinis
2486 3987 2541 4032 ει
2569 3994 2597 4031 a
2621 3979 3100 4047 supracmlestihns
3127 3981 3194 4037 ad
3226 3997 3402 4052 usque
3445 3973 3817 4043 ctelestia,ctslos-

2316 4087 2422 4141 quc
2448 4085 2669 4137 omnes,
2712 4072 2912 4128 :etbera
2935 4113 2951 4141 ,
2980 4089 3139 4139 aera,
3187 4073 3412 4130 humida
3457 4085 3607 4146 atque
3651 4081 3816 4126 terrent.

2316 4162 2605 4233 omniaque
2647 4179 2768 4234 qua:
2817 4165 3066 4220 oriuntur
3104 4180 3134 4221 e
3173 4174 3342 4233 terra,
3371 4167 3649 4237 omniaque
3675 4170 3817 4216 calen-

2321 4257 2463 4327 Ergo
2502 4266 2558 4314 et
2585 4272 2780 4330 corpus
2809 4274 3043 4332 caroque
3084 4271 3266 4316 uestra
3311 4261 3476 4318 habet
3498 4257 3678 4331 aliquid
3702 4253 3819 4309 vitale,

2319 4352 2606 4422 omnisque
2631 4353 2855 4408 materia
2885 4353 3119 4409 animata
3139 4363 3242 4421 est,
3274 4363 3337 4409 ut
3360 4353 3589 4410 mundus
3622 4349 3818 4406 existet“.

2320 4443 2466 4498 unde
2506 4454 2804 4513 eruperunt
2841 4449 2996 4515 jussu
3041 4446 3133 4502 Dei
3181 4447 3459 4502 animalia.
3507 4446 3565 4501 In
3590 4458 3723 4501 carne
3742 4447 3821 4504 ετεο

607 4524 667 4566 se
691 4518 796 4575 est,
823 4509 1073 4613 idem-est
1098 4510 1242 4613 quod
1266 4511 1562 4571 substantia
1593 4535 1604 4570 :
1631 4520 1718 4590 qui
1749 4537 1870 4576 cum
1900 4524 2028 4581 inde
2057 4542 2208 4599 spec-
2233 4507 2292 4570 D
2318 4537 2460 4592 inest
2487 4507 2622 4603 vita,
2641 4537 2690 4592 id
2723 4507 3020 4613 est,'.aéyo;
3047 4557 3060 4594 :
3083 4541 3204 4594 vita:
3233 4548 3412 4595 autem
3453 4540 3588 4596 inest
3621 4532 3822 4591 Christus:

608 4614 718 4672 tat,
760 4614 815 4659 et
861 4615 917 4659 ut
965 4605 1109 4660 foras
1138 4605 1403 4675 emineat,
1442 4609 1493 4665 id
1524 4620 1634 4678 est,
1678 4625 1737 4669 ut
1766 4628 2020 4688 operetur
2049 4632 2211 4694 atque

608 4707 760 4766 agat,
787 4698 874 4754 hic
905 4709 1091 4770 partus
1114 4708 1226 4766 est,
1259 4699 1346 4758 bic
1373 4703 1586 4760 natalis.
1617 4706 1683 4762 Et
1711 4709 1833 4780 quia
1865 4722 2043 4770 motus
2073 4732 2211 4774 unus

613 4798 726 4854 est,
777 4792 1084 4861 unigenitus
1133 4791 1311 4860 ﬁlius,
1360 4807 1536 4852 motus
1565 4809 1745 4856 autem
1799 4820 1934 4860 unus
1979 4808 2088 4863 sive
2119 4809 2210 4865 illa

614 4880 756 4945 vita,
799 4884 912 4939 sive
959 4885 1314 4956 intelligentia
1349 4905 1361 4942 :
1396 4891 1597 4948 etenim
1631 4896 1792 4952 vitam
1841 4911 2044 4956 motum
2091 4919 2212 4961 esse

613 4985 837 5027 necesse
862 4982 965 5027 est.
1014 4974 1274 5033 Vivefacit
1303 4980 1445 5035 enim
1477 4985 1652 5040 omnis
1678 4989 1782 5043 vita
1807 5031 1821 5056 ,
1864 4992 2006 5048 unde
2033 5007 2212 5052 motus

615 5071 701 5118 est
721 5063 850 5130 vita,
879 5065 972 5135 qui
1020 5067 1134 5123 sive
1161 5068 1214 5124 in
1260 5086 1318 5126 se
1345 5073 1603 5144 existens,
1629 5087 1787 5150 atque
1816 5083 1868 5138 in
1896 5100 1955 5142 se
1985 5101 2212 5144 conver-

617 5169 713 5210 sus
736 5155 1035 5210 substantia
1064 5155 1178 5227 ipse
1216 5159 1318 5216 sibi
1340 5177 1452 5232 est;
1484 5166 1597 5222 sive
1628 5171 1770 5227 foras
1809 5187 2038 5246 spectat,
2073 5180 2216 5237 unde

616 5248 787 5320 magis
813 5248 1012 5304 dicitur
1042 5260 1218 5306 motus
1251 5271 1263 5306 :
1291 5270 1412 5311 nam
1457 5259 1598 5314 intus
1630 5275 1808 5322 motus
1834 5275 2065 5327 cessatio
2094 5285 2218 5342 est,

617 5341 703 5397 vel
753 5350 896 5397 mota
940 5343 1194 5410 cessatio,
1238 5360 1567 5422 cessansque
1609 5365 1786 5411 motus
1820 5376 1832 5412 :
1864 5360 2023 5419 debet
2070 5341 2218 5423 enim

619 5433 761 5490 Deus
792 5436 1092 5506 utriusque,
1123 5439 1442 5498 cessationis
1471 5442 1592 5500 dico
1622 5457 1674 5502 et
1704 5459 1910 5520 motus,
1941 5466 1994 5511 et
2024 5473 2217 5528 parens

621 5541 764 5594 esse,
791 5539 845 5583 et
893 5529 1008 5599 ipsa
1039 5530 1368 5601 substantia,
1401 5537 1542 5606 quod
1575 5541 1836 5600 societate
1889 5557 1942 5603 et
1984 5553 2218 5620 quadam

623 5620 795 5675 forma
851 5621 918 5677 ad
961 5633 1250 5698 utrumque
1294 5627 1412 5684 t‘ons
1457 5641 1570 5700 est,
1623 5644 1704 5692 est
1743 5639 1972 5710 simplex
2023 5643 2136 5714 ipse
2168 5658 2224 5704 et

620 5731 779 5782 unus,
797 5731 1118 5790 semperque
1138 5737 1275 5778 unus
1303 5738 1367 5780 ac
1397 5727 1565 5794 solus,
1599 5739 1673 5796 et,
1699 5740 1931 5804 utsupra
1959 5735 2219 5812 diximus,

2315 4644 2484 4699 quare
2511 4631 2670 4704 Λόγος
2699 4645 2824 4686 caro
2852 4629 3026 4687 factus
3054 4640 3156 4688 est.
3186 4631 3341 4689 Unde
3393 4647 3499 4688 non
3541 4631 3709 4686 mirum
3732 4617 3821 4694 quod

2317 4722 2580 4794 mysterio
2607 4723 2837 4793 sumpsit
2862 4739 3104 4791 carnem,
3134 4736 3194 4782 ut
3220 4737 3274 4782 et
3304 4727 3458 4782 carni
3484 4737 3536 4783 et
3561 4721 3730 4781 homini
3747 4714 3824 4772 sub

2316 4818 2556 4884 veniret,
2581 4816 2674 4872 scd
2695 4832 2818 4872 cum
2846 4832 3064 4876 carnem
3094 4822 3339 4892 sumpsit,
3372 4819 3705 4877 universatetn
3726 4813 3825 4883 Δὰγω

2320 4912 2500 4966 carnis
2533 4912 2763 4982 sumpsit
2786 4929 2798 4965 :
2825 4928 2947 4968 nam
2975 4913 3177 4970 idcirco
3193 4915 3369 4969 omnis
3390 4913 3566 4970 carnis
3588 4913 3775 4983 potestas
3793 4900 3824 4952 il

2319 5018 2482 5058 carne
2508 5002 2888 5072 triumphavit,
2917 5013 2972 5060 et
2996 5004 3200 5061 idcirco
3220 5005 3368 5060 omni
3393 4996 3827 5060 subvenitcarni.“i

2321 5094 2522 5150 dictum
2539 5106 2616 5149 est
2632 5095 2685 5150 in
2700 5096 2833 5151 Isaia
2852 5095 3005 5169 (Isai.
3025 5112 3116 5162 ιι,
3135 5098 3404 5165 5;Lt1,l0;
3425 5085 3826 5166 ιαε.ιιι,6);ι’ἱλιο

2325 5187 2395 5242 bit
2426 5198 2471 5242 te
2500 5188 2663 5243 omnis
2691 5205 2811 5243 caro
2844 5189 3072 5247 salutare
3090 5188 3212 5246 Dei.
3250 5190 3316 5246 Et
3351 5191 3404 5245 in
3427 5190 3558 5246 libro
3573 5185 3825 5243 Ρηιωοηιω

2330 5278 2504 5352 (Ρωι.
2537 5297 2678 5346 LXIV,
2711 5282 2768 5353 3)
2796 5283 2908 5337 :Ad
2933 5292 2980 5339 te
3017 5287 3183 5340 omnis
3211 5303 3329 5340 caro
3359 5287 3532 5342 veniet.
3561 5285 3676 5340 hell
3695 5285 3736 5335 et
3754 5269 3828 5327 uui-

2331 5375 2594 5428 versalem
2616 5375 2759 5448 λόσνον
2784 5377 2978 5431 animae
3007 5395 3020 5434 :
3047 5394 3168 5432 nam
3196 5389 3250 5435 et
3271 5381 3502 5434 animam
3529 5375 3737 5434 habuisse
3756 5378 3826 5420 Ιιν

2331 5465 2616 5533 nifestum,
2641 5483 2762 5523 cum
2795 5469 2936 5525 idem
3005 5470 3256 5527 Salvator
3300 5473 3436 5529 dixit
3489 5472 3509 5546 (
3530 5469 3692 5527 Matth.
3718 5471 3823 5520 ll":

2331 5560 2440 5632 55)
2473 5579 2486 5616 :
2519 5561 2698 5618 Tristis
2737 5575 2809 5619 est
2851 5567 3024 5620 anima
3045 5583 3200 5636 usque
3229 5568 3296 5621 ad
3321 5565 3545 5623 mortem.
3591 5565 3650 5620 Et
3682 5561 3775 5615 item
3794 5552 3825 5602 il

2331 5655 2806 5730 Psalmo(Psatm.
2857 5675 2950 5726 xv,
2988 5660 3094 5732 10)
3129 5677 3142 5714 :
3192 5662 3312 5716 Non
3355 5652 3823 5733 derelinquam

2335 5763 2498 5802 nteant
2525 5748 2578 5803 in
2606 5750 2828 5822 inferno.
2852 5750 3008 5820 Quod
3041 5761 3220 5809 autem
3252 5755 3530 5824 sumpserit
3557 5739 3824 5807 αἱηηιιεω
