4018 6184
282 220 393 279 “0|

1447 208 1813 269 ADVERSUS
1853 210 2074 271 ARIUM
2111 209 2316 267 LIBER
2354 208 2441 266 lli.

3427 210 3570 271 “0%

279 332 407 406 λόγον
434 328 659 395 animae,
694 326 781 385 his
828 325 1172 383 manifestum
1222 324 1278 380 in
1309 321 1596 380 Ezechiele
1627 322 1863 397 (Emit.

1998 338 2060 378 ur
2091 340 2105 376 :
2133 325 2189 379 ἐκ
2216 331 2338 397 μιᾶς
2390 324 2569 385 οὐσίας
2612 330 2750 400 τρεῖς
2776 317 2903 379 εἶναι
2947 327 3043 387 τὰς
3080 325 3420 389 ὑποστάσεις.
3456 326 3568 383 Hoc

279 439 413 489 “Ill,
435 422 491 492 4)
517 442 530 476 :
567 420 755 475 Omnes
774 420 961 475 animus
1001 427 1117 473 sunt
1147 432 1288 484 nteit,
1307 425 1362 470 ut
1390 416 1565 470 anima
1583 416 1769 485 patris,
1792 414 1865 468 sic

280 527 319 574 ιι
340 516 512 571 nnittta
535 514 655 584 ﬁlii.
685 513 817 570 Item
844 509 1159 568 universalis
1180 510 1375 566 anima:
1397 508 1543 585 λόγος
1573 517 1627 563 ει
1655 524 1721 563 ex
1765 508 1867 565 hoc

279 607 589 671 ostenditur,
631 604 776 678 quod
820 614 872 662 et
916 604 1188 668 irascitur,
1231 617 1355 657 cum
1403 600 1670 656 maledicit
1700 607 1757 656 et
1779 614 1867 654 ar—

279 700 384 758 bori
416 700 537 762 ﬁci,
581 708 637 756 et
663 698 794 756 dicit
827 696 1058 770 (Matth.
1091 713 1156 763 κ,
1190 694 1292 763 15;
1322 711 1409 760 x1,
1440 692 1549 767 25)
1579 713 1592 749 :
1629 694 1871 750 Sodomis

279 803 319 850 et
346 791 645 848 Gomorrltis
691 793 744 846 in
787 790 880 845 illa
911 790 992 844 die
1018 788 1336 844 commodius
1382 788 1478 843 erit
1527 803 1682 858 quam
1708 784 1867 841 vobis.

282 886 363 943 Sic
396 885 556 940 etiam
589 883 771 940 multis
801 886 852 939 in
900 881 1054 939 locis.
1085 880 1219 937 Item
1247 891 1298 934 et
1326 880 1506 949 cupit,
1562 893 1685 935 cum
1741 876 1873 932 dicit

284 977 484 1050 (Matth.
518 992 668 1041 χχιιι,
698 974 791 1047 59)
815 991 828 1029 :
854 972 1034 1042 Pater,
1067 973 1112 1027 si
1132 972 1245 1042 ﬁeri
1271 980 1457 1043 potest,
1476 969 1813 1039 transferatur
1840 984 1873 1024 α

280 1087 352 1127 me
377 1071 459 1126 hic
499 1069 655 1125 calix.
690 1068 766 1125 lbi
813 1069 976 1123 etiam
1024 1064 1378 1121 ratiocinator
1407 1079 1422 1119 :
1452 1063 1542 1117 sed
1575 1063 1667 1133 ﬁat
1709 1061 1876 1132 potius

282 1166 502 1222 voluntas
523 1174 631 1218 tua.
656 1162 782 1218 Hazc
801 1172 855 1217 et
879 1160 984 1215 alia
1012 1159 1177 1215 multa
1204 1166 1330 1213 sunt
1355 1155 1548 1228 quibus
1575 1153 1877 1211 ostenditur

281 1258 465 1314 anima:
485 1256 628 1331 λόγος
651 1253 966 1311 universalis
990 1269 1004 1306 :
1029 1258 1336 1322 assumptus
1362 1263 1491 1320 ergo
1519 1246 1681 1303 homo
1707 1256 1874 1315 tatus,

281 1362 329 1411 et
356 1359 685 1421 assumptus,
700 1356 755 1405 et
774 1348 1029 1405 liberatus
1049 1353 1161 1401 est:
1186 1343 1241 1398 in
1263 1343 1366 1398 isto
1387 1341 1531 1396 enim
1556 1340 1734 1397 omnia
1759 1338 1878 1394 uni-

283 1444 503 1521 versalia
533 1441 773 1509 fuerunt,
796 1438 1122 1498 universalis
1150 1451 1299 1505 caro,
1328 1436 1506 1491 anima
1537 1430 1875 1495 universalis,

284 1538 409 1596 etin
440 1551 656 1593 crucem
692 1536 903 1593 sublata
933 1542 1096 1603 atque
1126 1536 1348 1601 purgata
1373 1535 1499 1582 sunt
1530 1540 1622 1597 per
1650 1522 1877 1581 salutem

288 1631 449 1688 Deum
478 1631 645 1706 λόγον,
673 1624 1054 1685 universalium
1084 1623 1326 1679 omnium
1355 1617 1713 1677 universalem
1741 1634 1753 1670 :
1784 1630 1881 1688 per

1968 430 2090 471 cum
2121 416 2196 470 ita
2221 417 2290 470 sit
2315 456 2330 482 ,
2364 431 2485 472 esse
2511 424 2567 470 ut
2600 414 3005 471 fundamentum
3054 425 3140 471 est
3189 417 3413 489 reliquis
3442 435 3455 473 :
3487 418 3569 472 vi-

1970 525 2096 566 vere
2121 510 2265 565 enim
2288 520 2342 566 et
2372 509 2677 581 intelligere
2698 518 2754 564 ut
2791 509 3024 565 secunda
3051 519 3103 566 et
3135 511 3433 581 posteriora
3458 554 3472 578 ,
3508 522 3569 568 ut

1970 615 2163 660 natura
2188 603 2421 674 quadam
2448 604 2500 658 in
2527 618 2595 659 eo
2616 602 2760 674 quod
2792 614 2875 660 est
2900 618 3022 660 esse
3045 644 3060 671 ,
3112 604 3252 660 velut
3281 606 3459 661 inesse
3482 605 3567 660 vi-

1972 694 2222 762 dcautur,
2250 696 2333 751 vel
2355 710 2418 751 ex
2442 710 2509 753 eo
2539 695 2681 766 quod
2700 710 2822 751 esse
2846 694 3245 766 quodammodo
3274 706 3331 752 ut
3382 697 3572 754 extite-

1973 788 2080 844 rint
2102 828 2121 855 ,
2149 798 2310 859 atque
2336 788 2389 844 in
2418 802 2485 843 eo
2513 786 2657 860 quod
2687 797 2771 842 est
2795 803 2949 842 suum
2978 802 3121 853 esse,
3165 787 3297 843 illud
3339 788 3572 860 primum

1974 894 2038 935 ac
2069 880 2346 934 fontanum
2368 894 2490 935 esse
2515 878 2855 935 servaverint
2896 900 2907 934 :
2942 896 3213 952 nunquam
3260 880 3404 937 enim
3450 897 3574 940 esse

1975 970 2093 1026 sine
2121 970 2303 1027 vivere
2324 980 2486 1042 atque
2518 971 2819 1043 intelligere
2847 988 2862 1029 :
2888 988 3061 1043 neque
3092 973 3274 1031 vivere
3300 984 3463 1046 atque
3484 977 3572 1033 in-

1979 1063 2220 1134 telligere
2250 1063 2368 1119 sine
2395 1079 2460 1118 eo
2489 1064 2631 1136 quod
2655 1074 2735 1120 est
2760 1066 3005 1135 essejam
3035 1069 3315 1137 probatum
3341 1079 3447 1126 est.

2056 1157 2119 1212 V.
2156 1156 2326 1227 Ilujus
2356 1158 2432 1212 rei
2482 1157 2548 1213 ad
2578 1158 2985 1229 intelligentiam
3012 1159 3115 1216 hoc
3141 1160 3211 1216 sit
3241 1162 3569 1235 exemplum.

1980 1247 2251 1307 Pouamus
2281 1249 2456 1306 visum
2482 1250 2566 1305 vel
2597 1250 2859 1307 visionem
2883 1267 2981 1322 per
3006 1268 3065 1309 se
3089 1254 3135 1306 vi
3164 1269 3261 1309 sua
3289 1263 3452 1327 atque
3477 1272 3577 1312 na-

1983 1353 2101 1397 tura
2131 1342 2493 1412 potentialiter
2515 1342 2870 1410 existentem,
2899 1343 3003 1399 hoc
3031 1353 3112 1400 est
3156 1346 3273 1415 ejus
3303 1361 3455 1416 esse,
3486 1363 3581 1418 po-

1985 1433 2205 1489 tentiam
2239 1434 2522 1491 habentem
2555 1434 2775 1490 visivam
2811 1436 2877 1489 ad
2927 1436 3218 1494 videndum
3239 1479 3256 1506 ,
3286 1439 3430 1512 quod
3477 1440 3583 1496 erit

1977 1526 2069 1597 jus
2099 1526 2330 1583 videre:
2383 1536 2437 1583 ct
2478 1528 2607 1584 item
2659 1528 2951 1600 potentiam
3011 1530 3301 1589 habentem
3349 1533 3584 1591 videndo

1984 1617 2096 1675 visa
2118 1634 2345 1690 quaeque
2370 1618 2681 1676 discernere
2705 1662 2721 1686 ,
2751 1621 2894 1691 quod
2923 1631 3008 1679 est
3028 1633 3213 1680 contra
3237 1624 3540 1696 intelligere
3568 1642 3584 1681 :

284 1722 450 1793 ipsum
480 1704 625 1781 enim
654 1723 834 1779 omnia
891 1720 1026 1776 facta
1056 1722 1201 1785 sunt,
1224 1714 1315 1786 qui
1341 1720 1426 1770 est
1449 1711 1607 1768 Jesus
1634 1704 1881 1765 Christus
1910 1721 1960 1787 Β
1988 1707 2103 1767 hinc
2128 1710 2176 1767 si
2204 1711 2441 1782 potentia
2471 1721 2626 1778 sunt,
2657 1712 2795 1769 nihil
2836 1713 2981 1769 aliud
3030 1730 3189 1785 quam
3230 1731 3353 1773 esse
3390 1716 3588 1773 dicitur

289 1814 423 1871 Deus
449 1826 503 1871 et
528 1814 795 1882 Salvator,
822 1821 876 1869 et
908 1810 1164 1867 Dominus
1191 1815 1393 1863 noster.
1424 1808 1619 1860 Anien.

350 1907 441 1964 IV.
469 1904 630 1983 Λόγος
655 1908 816 1979 igitur
843 1920 964 1978 qua:
991 1912 1147 1971 sunt,
1198 1914 1423 1972 quaeque
1465 1912 1585 1953 esse
1618 1902 1878 1966 possunt,

287 2017 467 2070 quaeve
511 2016 634 2057 esse
680 2010 1004 2070 potuerunt,
1068 1998 1234 2054 veluti
1280 2012 1465 2052 semen
1534 2009 1597 2050 ac
1643 1992 1884 2065 potentia

287 2092 545 2153 existendi
564 2134 579 2158 ,
613 2094 877 2164 sapientia
906 2105 969 2146 ac
997 2090 1166 2146 virtus
1196 2088 1435 2144 omnium
1463 2085 1884 2142 substantiarum

284 2186 354 2247 de
384 2186 492 2242 Deo
520 2185 584 2239 ad
615 2186 857 2240 actiones
886 2196 1076 2240 omnes
1097 2223 1112 2247 ,
1149 2182 1292 2237 Deus
1323 2178 1564 2251 potentia
1596 2178 1759 2249 patris
1790 2191 1884 2233 ac-

291 2288 450 2352 tuquc
467 2322 483 2347 ,
514 2294 620 2349 quo
646 2277 789 2333 lilius
830 2276 947 2349 ipse
972 2290 1093 2332 cum
1128 2284 1280 2348 patre
1302 2289 1439 2330 unus
1466 2273 1604 2328 Deus
1629 2280 1734 2327 est.
1755 2270 1884 2326 Ete-

291 2374 397 2429 nim
425 2387 547 2429 cum
587 2371 697 2427 sint
721 2371 839 2427 ista:
867 2369 1169 2426 existentia:
1206 2368 1456 2423 viventes
1488 2363 1885 2435 intelligentes-

289 2480 419 2536 quc,
443 2461 933 2519 animadvertamus
960 2459 1073 2515 haec
1128 2459 1231 2514 tria
1250 2499 1264 2525 ,
1309 2472 1462 2522 esse,
1489 2457 1699 2522 vivere,
1729 2451 1887 2509 intel-

290 2558 486 2628 ligere,
520 2557 593 2611 ita
621 2555 724 2611 tria
751 2569 872 2610 esse
892 2595 907 2621 ,
946 2563 1002 2609 ut
1031 2568 1197 2609 unum
1226 2566 1442 2622 semper
1467 2549 1573 2605 sint
1592 2590 1606 2615 ,
1640 2557 1802 2618 atque
1832 2546 1884 2601 in

294 2665 357 2706 co
380 2648 520 2720 quod
545 2658 628 2704 est
655 2662 797 2704 esse.
826 2645 935 2702 Sed
957 2645 1010 2700 in
1042 2660 1107 2701 eo
1134 2642 1275 2716 quod
1311 2652 1387 2698 est
1413 2656 1534 2698 esse
1563 2640 1716 2704 dico,
1747 2636 1890 2711 quod

291 2744 359 2801 ibi
387 2753 471 2800 est
493 2758 614 2800 esse
646 2759 661 2799 :
694 2742 749 2798 in
779 2740 881 2795 hoc
917 2739 1076 2812 igitur
1101 2753 1253 2803 esse,
1285 2736 1391 2792 hoc
1418 2743 1502 2791 est
1534 2734 1722 2789 vivere
1747 2774 1762 2798 ,
1786 2730 1891 2787 hoc

290 2836 588 2908 intelligere
613 2833 797 2891 omnia
824 2832 1276 2896 substantialiter,
1306 2838 1361 2884 et
1386 2844 1552 2884 unum
1584 2825 1889 2882 subsisten-

292 2932 406 2987 tia:
447 2930 629 2986 vivere
668 2926 816 2985 enim
874 2925 1049 2999 ipsum
1104 2923 1156 2979 id
1215 2932 1300 2978 est
1356 2920 1500 2994 quod
1534 2933 1688 2986 esse;
1719 2931 1893 2989 neque

290 3024 433 3081 enim
462 3024 539 3080 ita
566 3024 618 3079 in
652 3021 761 3078 Deo
782 3063 799 3089 ,
846 3029 903 3076 ut
957 3023 1010 3077 in
1057 3019 1214 3075 nobis
1262 3017 1406 3073 aliud
1438 3026 1522 3073 est
1556 3013 1700 3087 quod
1726 3014 1890 3082 vivit,

1985 1810 2042 1859 et
2070 1812 2323 1872 manent,
2356 1812 2409 1860 et
2439 1812 2498 1860 ut
2538 1803 2721 1874 quieta
2748 1814 2907 1873 sunt,
2937 1813 3105 1877 atque
3132 1807 3185 1865 in
3232 1823 3294 1866 se
3323 1822 3587 1865 conversa

1989 1901 2193 1951 tantum
2247 1903 2302 1950 ut
2355 1895 2503 1964 sint,
2546 1906 2841 1966 onerantur
2870 1898 3046 1954 Solum
3102 1900 3270 1968 visio,
3302 1902 3388 1957 vel
3440 1902 3588 1961 visus

1988 1987 2312 2054 existentia,
2346 1997 2405 2043 et
2455 1987 2657 2047 idcirco
2706 1991 2879 2045 solum
2936 2006 3058 2048 esse
3110 1994 3463 2049 numeranda.
3519 1994 3593 2050 At

1988 2093 2109 2133 cum
2140 2076 2331 2133 eadem
2381 2077 2517 2133 visio
2570 2079 2883 2149 operatione
2932 2082 3153 2139 videndi
3194 2085 3267 2139 uti
3313 2084 3587 2155 coeperit,

1988 2172 2137 2240 quasi
2192 2172 2570 2242 progressione
2601 2172 2682 2228 sui
2736 2172 2892 2241 visio,
2947 2176 3123 2244 quasi,
3170 2176 3422 2246 inquam,
3480 2192 3592 2232 non

1990 2261 2134 2317 enim
2168 2263 2530 2332 progreditur,
2577 2278 2678 2319 nec
2722 2279 2752 2320 a
2778 2279 2837 2320 se
2867 2265 3013 2331 exit,
3061 2274 3155 2321 sed
3204 2268 3503 2325 intentione
3530 2284 3595 2326 ac

1990 2359 2175 2431 vigore
2208 2359 2437 2429 prepriac
2484 2360 2805 2430 potestatis,
2854 2361 2997 2429 quod
3049 2370 3133 2417 est
3160 2361 3210 2417 ei
3238 2363 3421 2420 vivere
3471 2378 3594 2418 om-

1990 2455 2076 2507 nia
2104 2466 2226 2523 qua:
2250 2461 2376 2506 sunt
2403 2453 2453 2507 ei
2482 2452 2638 2507 obvia
2666 2493 2681 2518 ,
2709 2452 2793 2508 vel
2838 2452 3032 2522 quibus
3083 2453 3409 2511 incurrendo
3436 2455 3594 2512 obvia

1990 2542 2340 2613 ennSpexerit
2364 2557 2487 2597 eum
2520 2542 2702 2599 olﬁeio
2740 2544 2953 2599 vivendi
3002 2544 3260 2617 fungitur,
3294 2548 3399 2602 vita
3429 2546 3599 2619 ipsius

1993 2635 2216 2689 visionis
2244 2642 2361 2700 est,
2394 2650 2514 2706 quae
2549 2645 2697 2690 motu
2747 2644 3008 2707 operante
3059 2639 3242 2695 vivere
3294 2639 3498 2697 indicat
3521 2641 3603 2697 vi-

1994 2727 2199 2783 sionem
2222 2768 2237 2793 ,
2271 2737 2478 2782 tantum
2500 2728 2552 2782 in
2584 2743 2651 2784 eo
2672 2729 2817 2800 quod
2846 2728 2992 2785 videt
3016 2745 3152 2800 puro
3188 2730 3404 2789 videndi
3434 2748 3603 2789 sensu

1996 2835 2102 2874 non
2164 2819 2615 2885 discritniuante,
2666 2837 2765 2877 nec
2833 2820 3163 2894 dijudicante
3234 2827 3379 2895 quod
3433 2826 3598 2883 videt.

1995 2909 2151 2980 Quod
2189 2911 2404 2984 quidem
2431 2927 2528 2967 nos
2554 2913 2848 2984 accipimus
2878 2914 3238 2973 aestimatione
3258 2956 3274 2984 ,
3300 2927 3357 2974 ut
3409 2920 3603 2989 opine-

1997 3021 2120 3062 mur
2160 3004 2345 3062 videre
2374 3004 2549 3062 solum
2580 3006 2696 3062 sine
2736 3007 3086 3078 intelligentia
3112 3028 3125 3067 :
3166 3024 3288 3067 cum
3315 3020 3494 3069 autem
3523 3015 3605 3068 vi-

293 3116 434 3170 aliud
463 3116 571 3170 vita
600 3129 719 3185 quae
749 3111 918 3169 efﬁcit
946 3112 1146 3166 vivere.
1174 3108 1390 3165 Etenim
1420 3107 1466 3164 si
1489 3121 1752 3179 ponamus
1796 3118 1889 3159 ac-
1917 3099 1963 3165 C
1996 3097 2160 3165 dere,
2193 3098 2336 3170 quod
2366 3108 2451 3155 est
2501 3096 2683 3155 vivere
2730 3101 2922 3156 visioui
2943 3144 2957 3169 ,
2999 3103 3185 3181 videre
3225 3120 3331 3161 non
3359 3108 3462 3171 sit,
3496 3107 3603 3163 nisi

292 3208 662 3279 cipiamusque
684 3206 860 3277 ipsum
884 3206 1051 3258 vitam
1073 3216 1196 3258 esse
1221 3209 1382 3271 atque
1408 3201 1651 3256 existere
1676 3240 1690 3264 ,
1718 3196 1895 3270 quod-

291 3317 396 3374 que
425 3301 472 3357 ei
505 3299 758 3373 potentia:
787 3299 887 3362 sit,
914 3296 965 3353 id
997 3297 1167 3368 ipsum
1196 3294 1267 3350 sit
1290 3294 1339 3350 ei
1365 3308 1486 3349 esse
1508 3334 1522 3358 ,
1553 3292 1755 3347 clarum
1800 3290 1897 3347 lict

292 3410 458 3450 unum
486 3401 648 3465 atque
678 3390 823 3447 idem
857 3406 955 3446 nos
979 3388 1225 3459 accipere
1251 3386 1449 3442 debere
1466 3399 1586 3442 esse
1606 3384 1890 3440 etvivere:

274 3488 407 3549 ,ha-e
431 3484 568 3541 ratio
598 3493 709 3549 est,
733 3483 925 3555 visque
954 3480 1142 3538 eadem
1174 3477 1548 3551 intelligentia:
1595 3486 1679 3533 est
1709 3475 1894 3548 utique

289 3565 389 3637 illi.
422 3579 534 3635 Hoc
564 3577 740 3649 ipsum
766 3591 896 3648 ergo
925 3573 1261 3645 intelligere,
1291 3573 1394 3627 hoc
1437 3580 1520 3626 est
1547 3567 1689 3641 quod
1732 3576 1813 3623 est
1843 3566 1895 3623 ei

291 3688 443 3737 esse,
466 3670 628 3742 idque
652 3684 773 3726 esse
802 3667 945 3740 quod
980 3676 1065 3723 est
1090 3663 1396 3737 intelligere
1425 3681 1439 3719 :
1472 3661 1647 3734 ipsum
1680 3660 1783 3716 hoc
1807 3658 1893 3715 in-

291 3763 543 3835 telligere
569 3760 922 3833 intelligentia
945 3768 1029 3815 est
1068 3776 1084 3817 :
1112 3775 1234 3816 esse
1274 3773 1433 3828 ergo,
1466 3770 1587 3811 esse
1613 3764 1669 3810 et
1695 3752 1817 3809 vita:
1841 3761 1895 3809 et

290 3855 659 3927 intelligentia:
683 3863 764 3911 est
788 3896 803 3921 ,
834 3854 886 3908 id
914 3863 997 3909 est
1020 3896 1035 3920 ,
1069 3850 1210 3923 quod
1261 3851 1365 3905 vita
1394 3858 1449 3906 et
1495 3845 1889 3918 intelligentia:

291 3967 457 4007 unum
486 3946 648 4020 igitur
677 3944 818 4016 quod
846 3942 989 4011 vita,
1017 3951 1072 3999 et
1115 3941 1256 3998 idem
1289 3956 1412 3996 esse
1453 3937 1593 4009 quod
1625 3945 1708 3993 est
1736 3934 1892 3992 intel-

290 4042 535 4115 ligentia.
559 4039 711 4108 Quod
734 4038 781 4093 si
809 4038 920 4093 haec
947 4036 1000 4091 in
1028 4033 1252 4106 singulis
1279 4043 1438 4103 atque
1465 4030 1517 4086 in
1541 4027 1680 4085 binis
1702 4043 1888 4093 unum,

291 4134 539 4207 sequitur
569 4142 625 4188 ut
672 4131 850 4204 ipsum
898 4130 1082 4184 vivere
1114 4126 1217 4183 huc
1244 4123 1340 4190 sit,
1372 4121 1514 4196 quod
1543 4119 1841 4190 intelligere
1870 4134 1885 4172 :

290 4245 420 4286 nam
452 4225 498 4282 si
525 4241 647 4283 esse
678 4225 780 4279 hoc
803 4229 883 4278 est
906 4221 1088 4276 vivere
1108 4262 1123 4289 ,
1152 4228 1313 4288 atque
1341 4231 1462 4273 esse
1492 4214 1543 4269 id
1566 4212 1707 4286 quod
1731 4211 1890 4266 intel-

276 4323 497 4395 ligere;
532 4320 590 4376 ﬁt
621 4334 784 4375 unum
827 4314 1018 4371 vivere
1062 4321 1223 4382 atque
1273 4307 1603 4379 intelligere,
1652 4319 1773 4360 cum
1821 4299 1892 4359 sit

276 4394 405 4470 illis
436 4428 600 4469 unum
655 4406 798 4482 quod
829 4416 1079 4464 estesse.
1114 4401 1231 4459 Huc
1279 4397 1488 4457 accedit
1533 4398 1677 4470 quod
1714 4394 1891 4466 ipsum

2000 3189 2179 3260 capiat
2222 3188 2751 3261 comprehendatqne
2805 3192 2949 3262 quod
3006 3193 3236 3262 viderit,
3280 3197 3439 3253 simul
3472 3213 3603 3269 ergo

1998 3289 2081 3335 est
2101 3289 2155 3335 et
2177 3278 2421 3351 judicare
2449 3279 2590 3351 quod
2621 3280 2815 3337 viderit
2846 3299 3016 3355 :ergo
3049 3285 3100 3341 in
3143 3301 3210 3342 eo
3230 3289 3372 3358 quod
3401 3297 3485 3345 est
3521 3290 3605 3345 vi-

1999 3370 2149 3439 dere’,
2185 3371 2323 3427 inest
2352 3371 2646 3443 diiudicare
2675 3391 2688 3429 :
2720 3390 2895 3446 neque
2935 3376 3080 3431 enim
3133 3378 3179 3435 si
3212 3379 3439 3448 viderit,
3468 3398 3603 3455 quo-

1999 3462 2395 3535 modocumque
2442 3463 2639 3520 viderit
2691 3481 2798 3524 non
2852 3466 3165 3537 dijudicavit
3213 3471 3345 3530 illud
3377 3474 3551 3549 ipsum
3581 3519 3598 3543 ,

1998 3553 2085 3611 vel
2115 3557 2257 3628 quod
2285 3555 2496 3612 viderit.
2542 3556 2715 3630 Ergo,
2766 3567 2822 3614 ut
2863 3558 3121 3629 dicimus,
3155 3563 3208 3619 in
3236 3580 3302 3621 eo
3331 3567 3474 3639 quod
3519 3580 3604 3627 est

1999 3646 2182 3703 videre
2220 3656 2304 3704 est
2346 3648 2683 3718 diiudicare:
2714 3648 2769 3705 in
2825 3667 2891 3708 eo
2944 3663 3121 3711 autem
3162 3658 3306 3729 quod
3342 3669 3426 3717 est
3480 3676 3603 3720 esse

2000 3737 2261 3795 visionem
2308 3740 2449 3795 inest
2477 3740 2661 3797 videre
2717 3760 2729 3796 :
2784 3742 3080 3801 inconnexa
3132 3749 3294 3819 igitur
3338 3767 3401 3808 ac
3430 3756 3600 3828 magis

2000 3829 2264 3901 simplicia
2295 3832 2346 3885 iu
2386 3847 2452 3887 eo
2477 3831 2619 3904 quod
2670 3843 2834 3903 sunt,
2868 3850 2975 3892 non
3021 3837 3164 3894 aliud
3211 3858 3371 3912 quam
3399 3860 3595 3915 unum,

2003 3921 2139 3978 visio
2158 3965 2174 3991 ,
2205 3922 2421 3992 videre,
2444 3922 2789 3995 discernere;
2842 3944 2950 3999 quo
2995 3941 3152 4001 pacto
3198 3942 3254 3990 et
3276 3936 3330 3991 iu
3357 3953 3423 3994 eo
3452 3941 3600 4010 quod

1999 4024 2084 4119 est
2108 4016 2440 4083 discernere,
2462 4018 2602 4074 inest
2628 4017 2834 4089 videre,
2861 4032 2915 4077 et
2945 4023 2997 4080 in
3025 4040 3092 4082 eo
3112 4028 3255 4099 quod
3277 4041 3360 4086 est
3388 4033 3594 4103 videre,

2001 4109 2141 4162 inest
2166 4123 2286 4164 esse
2315 4109 2743 4182 visione,atque,
2776 4123 2832 4168 ut
2856 4129 2983 4171 vere
3032 4115 3232 4189 dicam,
3265 4137 3368 4179 non
3408 4123 3550 4183 ineSt
3577 4166 3597 4197 ,

1999 4198 2094 4254 sed
2114 4213 2178 4253 eo
2208 4199 2349 4269 quod
2377 4209 2459 4256 est
2486 4201 2620 4256 visio
2644 4241 2659 4269 ,
2691 4202 2743 4256 in
2773 4218 2838 4258 eo
2868 4215 2953 4262 est
2978 4205 3162 4265 videre
3198 4220 3358 4284 atque
3381 4215 3594 4275 discer-

1998 4306 2130 4397 nere
2162 4289 2268 4347 :ita
2296 4292 2350 4348 in
2391 4292 2618 4365 singulis
2648 4294 2826 4350 omnia
2848 4338 2863 4364 ,
2894 4298 2979 4352 vel
3034 4302 3436 4379 unumquidque
3474 4324 3601 4366 om-

1997 4399 2084 4439 uta
2107 4400 2292 4440 unum.

288 4524 417 4567 csse
442 4506 577 4565 nihil
606 4477 690 4562 esi
718 4501 861 4560 aliud
883 4515 1042 4572 quam
1066 4497 1285 4553 vivere:
1315 4492 1457 4567 quod
1499 4490 1645 4549 enim
1669 4505 1777 4547 non
1809 4487 1890 4543 vi-
1918 4490 1972 4553 υ
2068 4477 2158 4536 Vl.
2194 4480 2402 4536 Extolle
2443 4489 2494 4537 te
2538 4481 2699 4572 igitur
2738 4492 2900 4555 atque
2932 4484 3111 4558 erige,
3143 4490 3364 4561 spiritus
3408 4509 3597 4564 meus,

290 4600 401 4665 vit,
427 4600 600 4671 ipsum
632 4611 753 4653 esse
779 4594 830 4651 ei
855 4589 1104 4664 deperit,
1137 4600 1196 4644 ut
1239 4583 1495 4661 quamdiu
1521 4581 1754 4655 quidque
1784 4579 1886 4649 sit,

290 4693 401 4749 hoc
424 4692 494 4748 sit
517 4692 568 4748 ei
601 4705 758 4746 suum
810 4688 1024 4754 vivere,
1059 4680 1202 4738 unde
1232 4676 1589 4736 commeritur
1617 4688 1739 4731 esse
1765 4688 1888 4729 cum

294 4784 425 4841 vita.
462 4784 565 4841 Sed
598 4798 696 4839 nos
717 4796 838 4837 cum
861 4777 929 4833 de
957 4772 1177 4833 aeternis
1198 4770 1488 4846 loquimur,
1531 4766 1673 4822 aliud
1707 4764 1889 4820 vivere

290 4874 590 4949 accipimus
626 4892 637 4928 :
693 4872 789 4931 sed
840 4871 940 4927 hoc
969 4867 1142 4940 ipsum
1172 4862 1312 4922 scire
1357 4861 1498 4935 quod
1537 4859 1719 4924 vivas,
1746 4855 1889 4912 scire

290 4983 462 5043 porro
488 4966 589 5023 hoc
612 4975 693 5022 est
718 4962 858 5037 quod
888 4962 1226 5032 intelligere:
1256 4952 1563 5028 Ergo‘scire
1584 4951 1889 5022 intelligere

291 5071 413 5129 est,
440 5070 493 5115 et
515 5059 653 5115 seire
679 5057 821 5132 quod
847 5057 1029 5123 vivas,
1058 5053 1161 5110 hoc
1189 5060 1273 5108 est
1300 5049 1484 5105 vivere
1512 5066 1525 5104 :
1560 5046 1612 5103 id
1638 5061 1767 5117 ergo
1788 5045 1893 5100 erit

288 5151 599 5225 intelligere
623 5152 765 5224 quod
797 5149 998 5206 vivere.
1030 5146 1185 5217 Quod
1211 5143 1259 5201 si
1286 5141 1363 5199 ita
1383 5150 1501 5211 est,
1531 5147 1590 5195 ut
1632 5152 1795 5194 unum
1821 5136 1892 5191 sit

288 5247 480 5305 vivere
501 5254 555 5301 et
585 5242 885 5315 intelligere
910 5284 924 5307 ,
948 5251 1003 5298 et
1031 5255 1153 5297 cum
1201 5251 1364 5293 unum
1392 5234 1462 5291 sit
1483 5246 1605 5289 esse
1626 5229 1773 5301 quod
1805 5237 1890 5284 est

288 5346 482 5399 vivere
502 5348 662 5410 atque
684 5334 984 5406 intelligere
1006 5352 1021 5400 ;
1046 5330 1343 5389 substantia
1367 5343 1564 5391 unum,
1589 5322 1887 5380 subsisten-

288 5434 371 5491 tia
406 5433 504 5488 tria
548 5440 669 5486 sunt
712 5430 811 5484 ista
847 5445 859 5481 :
892 5442 1014 5482 cum
1042 5422 1182 5481 enim
1210 5422 1321 5480 vim
1364 5434 1428 5475 ac
1474 5413 1886 5490 significantium

286 5542 449 5583 suam
480 5524 744 5590 habeant,
772 5530 932 5592 atque
961 5530 1018 5575 ut
1064 5516 1314 5572 dicuntur
1361 5522 1414 5569 ct
1437 5517 1599 5575 sunt;
1632 5520 1886 5563 necessa-

286 5621 382 5678 rio
411 5628 468 5676 et
491 5624 617 5672 sunt
642 5613 741 5672 tria
765 5656 780 5683 ,
813 5623 865 5667 ct
898 5622 1075 5666 tamen
1121 5624 1282 5664 unum
1303 5648 1319 5673 ,
1370 5619 1491 5662 cum
1534 5615 1695 5657 omne
1741 5594 1886 5669 quod

284 5711 566 5785 singultim
589 5718 672 5767 est
711 5721 904 5772 unum,
931 5703 1032 5760 tria
1062 5701 1172 5759 sint
1196 5743 1209 5767 ,
1241 5698 1402 5770 idque
1423 5695 1626 5754 ercis
1648 5693 1721 5749 ita
1747 5691 1884 5747 dici-

2000 4580 2055 4627 et
2082 4572 2278 4627 virtute
2302 4588 2403 4641 qua
2454 4589 2482 4627 a
2530 4571 2642 4628 Deo
2694 4574 2825 4630 mihi
2868 4591 2927 4631 es
2971 4576 3265 4649 inspiratus
3293 4624 3307 4649 ,
3336 4599 3592 4660 agnosce,

2000 4661 2168 4718 Deum
2203 4662 2500 4734 intelligere
2529 4662 2752 4721 difﬁcile
2776 4706 2791 4730 ,
2829 4682 2934 4722 non
2986 4677 3164 4725 tamen
3204 4670 3546 4747 desperatum
3576 4700 3592 4739 ς

1996 4768 2122 4811 nam
2169 4755 2291 4812 ideo
2335 4770 2496 4812 nosse
2549 4771 2609 4812 se
2662 4758 2860 4827 voluit,
2909 4758 3031 4816 ideo
3060 4766 3317 4823 mundum
3348 4781 3402 4828 et
3429 4788 3596 4846 opera

1997 4861 2091 4901 sua
2115 4846 2295 4902 divina
2319 4845 2630 4915 constituit,
2664 4856 2721 4903 ut
2748 4863 2871 4904 eum
2898 4865 2995 4921 per
3015 4851 3117 4909 ista
3144 4858 3320 4916 omnia
3342 4845 3594 4924 cernere-

1996 4937 2343 5014 ιιιιιειΛόσγος
2388 4949 2554 5032 certe,
2586 4941 2680 5012 qui
2722 4942 2837 5012 ejus
2884 4942 3054 5012 ﬁlius,
3103 4948 3193 5018 qui
3231 4950 3408 5026 imago
3434 4998 3448 5024 ,
3500 4961 3593 5032 qui

1994 5034 2163 5089 forma
2189 5044 2273 5088 est
2293 5074 2308 5099 ,
2340 5047 2372 5086 a
2397 5047 2457 5088 se
2481 5030 2548 5088 ad
2574 5043 2781 5104 patrem
2825 5033 3157 5110 intelligendi
3184 5048 3467 5107 transitum
3496 5030 3592 5112 de-

1993 5126 2091 5184 dit.
2123 5125 2291 5181 Deum
2320 5125 2478 5196 igitur
2524 5125 2576 5180 in
2625 5141 2727 5198 qua
2760 5139 2980 5211 natura,
3035 5131 3087 5186 in
3118 5150 3225 5206 qtto
3270 5155 3500 5213 genere,
3529 5146 3587 5204 in

1992 5234 2095 5292 qua
2117 5220 2200 5287 vi,
2230 5218 2284 5274 in
2311 5234 2414 5289 qua
2439 5219 2672 5290 potentia
2706 5219 2954 5291 ponimus
2973 5265 2989 5291 ,
3020 5222 3369 5302 intelligimus
3392 5276 3407 5302 ,
3442 5240 3589 5295 msu.

1993 5327 2204 5370 mantus
2222 5313 2248 5367 ?
2276 5311 2363 5369 vel
2388 5328 2490 5384 qua
2522 5312 2805 5385 phantasia
2836 5315 3203 5391 intelligentiae
3229 5328 3540 5399 attingimus
3567 5376 3583 5402 ,

1992 5407 2225 5480 atquein
2249 5422 2372 5464 eum
2400 5406 2783 5478 provehimur?
2806 5408 2873 5465 Et
2901 5426 3021 5466 cum
3052 5412 3438 5488 intelligibilem
3462 5439 3586 5485 esse

1991 5500 2248 5569 dicimus,
2279 5509 2426 5557 certe
2466 5499 2832 5569 iusulllatione
2872 5504 2965 5560 Dei
3019 5506 3196 5563 anima
3223 5512 3379 5569 nobis
3420 5527 3583 5589 atque

1989 5600 2053 5652 ex
2077 5610 2143 5651 eo
2173 5608 2295 5665 pars
2321 5596 2373 5649 in
2403 5594 2557 5649 nobis
2581 5603 2664 5650 est
2688 5636 2701 5661 ,
2739 5610 2859 5664 quae
2902 5597 2952 5650 in
2998 5599 3155 5652 nobis
3196 5615 3278 5658 est
3308 5609 3579 5667 maxima:

1988 5688 2301 5761 attingimus
2331 5687 2490 5759 igitur
2514 5701 2636 5745 cum
2690 5702 2787 5756 eo,
2843 5703 2952 5758 quo
3013 5689 3137 5749 inde
3189 5710 3377 5761 sumus
3418 5710 3581 5777 atque
