4018 6184
531 194 670 250 1103

1819 187 2016 242 ιιΑιιιι
2059 182 2403 241 VICTUHINI
2445 185 2606 241 AFBI

3648 191 3748 249 1104

525 313 845 384 pendemus.
874 310 1033 367 Certe
1083 318 1206 380 post
1234 306 1529 364 Salvatoris
1559 304 1849 361 adventum
1875 347 1890 373 ,
1921 320 2041 359 eum
2076 303 2127 356 in
2156 303 2204 362 A
2234 303 2430 360 dicitur
2458 321 2472 358 :
2503 303 2596 360 sed
2617 301 2695 375 (2)
2729 302 2988 368 cessatio,
3034 309 3212 357 motus
3247 319 3258 353 :
3292 301 3339 354 si
3388 300 3597 355 essentia
3619 343 3631 365 ,
3653 303 3752 360 vita.

528 405 812 462 Salvatore
839 404 1010 472 ipsum
1044 400 1214 456 Deum
1239 398 1470 454 vidimus
1495 439 1509 463 ,
1535 412 1657 452 eum
1687 397 1754 452 ab
1783 411 1850 451 eo
1876 395 2023 450 docti
2047 404 2129 449 at-

527 512 634 560 que
665 493 914 549 instrueti
961 506 1180 557 sumus,
1209 506 1334 546 cum
1365 491 1432 544 ab
1472 505 1537 544 eo
1591 498 1834 543 sanctum
1868 486 2128 558 Spiritum

525 586 899 657 intelligentia:
930 585 1246 656 magistrum
1285 583 1594 654 accepimus
1617 624 1632 649 ,
1685 582 1814 652 quid
1843 580 1990 636 aliud
2014 593 2133 635 tan-

524 690 612 736 tus
643 679 1009 751 intelligentia:
1039 677 1293 750 magister
1337 677 1524 739 dabit,
1568 676 1672 732 nisi
1721 675 1888 732 Deum
1935 690 2131 743 nosse,

523 775 696 832 Deum
719 789 1086 845 cognoscere,
1119 773 1286 828 Deum
1338 771 1532 828 fateri?
1564 771 1632 826 Et
1685 771 1923 841 majores
1962 769 2133 825 nostri

523 870 855 940 quaesierunt
880 867 1010 939 quid
1035 876 1182 924 esset
1206 909 1222 937 ,
1251 875 1343 922 aut
1367 867 1490 938 quis
1510 874 1654 922 esset
1681 865 1853 930 Deus;
1883 874 1938 922 ει
1964 865 2046 921 his
2066 865 2135 922 ab

523 979 591 1020 eo
634 964 724 1035 qui
771 964 824 1019 in
869 967 985 1033 ejus
1006 963 1216 1032 gremio
1245 976 1463 1032 semper
1484 970 1566 1017 est
1609 975 1932 1031 responsum
1956 960 2135 1017 estita

523 1055 708 1128 (Joan.
738 1071 849 1111 xrv.
870 1056 927 1121 9,
966 1055 1056 1128 10)
1081 1073 1094 1109 :
1121 1054 1207 1110 Me
1226 1055 1406 1110 videtis
1429 1063 1476 1110 et
1509 1053 1718 1110 Patrem
1747 1071 1914 1110 uteuut
1943 1054 2134 1125 quieri-

524 1151 622 1215 tis,
666 1151 789 1205 olim
813 1149 1068 1205 vobiscum
1097 1167 1210 1205 sum
1241 1151 1367 1221 :qui
1394 1166 1474 1205 me
1502 1150 1647 1218 vidit,
1671 1150 1794 1204 vidit
1822 1160 1868 1204 et
1900 1148 2133 1214 Patrem,

525 1255 619 1313 ego
639 1242 691 1296 in
720 1241 897 1309 Patre,
931 1251 977 1296 et
1048 1239 1208 1296 Pater
1247 1241 1300 1296 in
1358 1257 1454 1296 me.
1506 1240 1650 1312 Ergo
1689 1241 1815 1312 quid
1865 1240 2136 1296 dicimus?

526 1333 697 1389 Deum
740 1349 934 1403 nempe
970 1332 1263 1403 Spiritum,
1320 1342 1374 1388 et
1426 1333 1683 1402 Spiritum
1733 1334 1894 1388 vitae:
1929 1333 2135 1388 dictum

525 1426 670 1481 enim
700 1437 803 1492 εει,
855 1427 962 1481 vita
992 1435 1145 1496 pater
1185 1434 1300 1491 εει,
1343 1434 1398 1480 ει
1453 1427 1578 1480 item
1622 1423 1867 1481 Christus
1905 1425 2138 1494 Spiritus

525 1529 629 1574 est.
681 1519 748 1573 Et
791 1519 906 1588 ipse
947 1533 1134 1574 rursus
1184 1518 1253 1574 de
1296 1533 1356 1573 se
1379 1517 1514 1573 dixit
1553 1516 1717 1591 (Ibid.
1758 1519 1791 1586 ᾗ
1820 1555 1835 1571 .
1870 1517 1924 1589 6)
1957 1535 1970 1570 :
2024 1517 2136 1588 Ego

523 1628 636 1666 sum
658 1613 782 1666 vita.
809 1611 876 1666 Et
896 1610 1074 1682 (Joan.
1094 1628 1147 1665 v.
1172 1611 1268 1681 26)
1296 1629 1308 1664 :
1339 1610 1408 1666 Ut
1439 1609 1597 1664 Pater
1634 1611 1780 1664 habet
1806 1611 1857 1664 in
1885 1627 1938 1665 se
1958 1611 2132 1677 vitam,

2233 396 2409 462 Quod,
2430 405 2485 451 ut
2505 394 2813 460 docilimus,
2847 395 2898 448 in
2927 410 2992 449 eo
3019 393 3160 464 quod
3193 403 3410 448 estesse
3433 400 3487 447 et
3508 393 3689 459 vivere,
3713 397 3750 448 in

2240 503 2305 543 eo
2331 488 2474 559 quod
2498 497 2582 544 est
2606 488 2879 543 silentium
2907 496 2991 542 est
3036 495 3221 541 tacens
3262 483 3534 549 Verbum,
3557 493 3604 539 et
3639 485 3679 539 in
3713 501 3758 542 eo

2235 581 2378 653 quod
2399 591 2480 637 est
2507 580 2662 652 quies
2693 579 2779 636 vel
2801 579 3034 636 cessatio
3062 579 3205 634 inest
3233 578 3315 632 vel
3346 577 3576 632 occultus
3600 586 3758 644 motus,

2235 676 2320 732 vel
2346 678 2553 731 occulta
2579 674 2740 730 actio.
2769 672 3093 730 Necessario
3111 674 3288 741 itaque
3312 686 3381 727 ex
3409 670 3506 726 hac
3527 671 3765 726 cessatione

2237 777 2394 825 natus
2420 779 2599 824 motus
2623 810 2636 835 ,
2671 775 2727 823 et
2752 777 2878 822 nata
2907 766 3048 822 actio
3077 774 3195 832 est,
3229 765 3316 820 vel
3368 779 3397 818 a
3450 763 3641 819 silentio
3674 763 3769 818 Ver-

2237 862 2363 918 bum
2382 905 2396 929 ,
2430 861 2516 917 vel
2547 861 2614 917 ab
2641 862 2874 917 essentia
2898 860 3028 916 vita.
3060 860 3202 931 Ergo
3241 859 3345 914 ista
3371 857 3618 924 essentia,
3645 858 3770 914 silen-

2238 954 2369 1009 tium
2391 994 2406 1022 ,
2439 953 2670 1010 cessatio
2689 995 2705 1021 ,
2733 952 2915 1020 Pater,
2948 951 3053 1008 hoc
3079 960 3194 1020 est,
3223 951 3368 1007 Deus
3399 959 3561 1021 pater.
3592 953 3650 1004 At
3679 966 3773 1006 vero

2237 1051 2344 1106 vita
2371 1093 2387 1119 ,
2419 1051 2686 1118 Verbum,
2718 1060 2896 1107 motus
2923 1059 3016 1106 aut
3069 1048 3245 1118 actio,
3284 1048 3430 1103 ﬁlius
3475 1056 3529 1104 et
3549 1046 3709 1102 unicus
3730 1046 3774 1101 li-

2238 1143 2344 1200 lius
2370 1161 2384 1211 ;
2410 1145 2533 1216 quia
2560 1144 2696 1200 nihil
2723 1144 2868 1200 aliud
2893 1159 3052 1215 quam
3080 1158 3283 1209 unum,
3307 1139 3402 1197 vel
3424 1140 3529 1195 vita
3546 1180 3560 1203 ,
3579 1139 3652 1193 vel
3689 1153 3776 1194 vet-

2240 1237 2366 1293 bnm
2393 1279 2407 1305 ,
2443 1241 2528 1297 vel
2550 1248 2727 1295 motus
2755 1247 2848 1294 aut
2868 1239 3038 1305 actio,
3061 1237 3344 1308 magisque
3364 1232 3542 1289 omnia
3568 1232 3654 1287 ista
3692 1246 3773 1287 mo-

2243 1345 2327 1392 tus
2353 1345 2446 1391 aut
2474 1335 2614 1391 actio
2647 1351 2660 1388 :
2694 1333 2895 1390 etenim
2925 1332 3111 1387 omnia
3133 1328 3428 1386 illa‘activa
3452 1336 3597 1393 sunt,
3635 1327 3720 1381 vita
3739 1335 3777 1382 et

2245 1429 2482 1486 Verbum
2503 1471 2519 1496 ,
2549 1439 2698 1484 motu
2729 1428 2913 1498 vigent
2953 1437 3008 1482 et
3039 1436 3188 1481 motu
3243 1432 3573 1496 operantur;
3617 1421 3779 1478 univer-

2241 1522 2371 1578 salis
2399 1533 2578 1577 autem
2627 1529 2837 1584 motus,
2868 1519 2962 1591 qui
3009 1518 3325 1591 principalis
3357 1529 3444 1573 est
3487 1527 3676 1583 motus,
3697 1532 3780 1574 asc

2241 1614 2458 1671 oritur:
2488 1614 2614 1686 quid
2641 1615 2785 1670 enim
2817 1623 2900 1669 est
2945 1622 3157 1677 motus,
3204 1612 3307 1666 nisi
3348 1627 3381 1665 a
3435 1625 3493 1666 se
3537 1611 3626 1665 sibi
3652 1620 3780 1667 motus

521 1703 594 1760 ita
615 1717 661 1761 et
692 1706 832 1761 Filio
859 1707 998 1760 dedit
1028 1707 1212 1761 habere
1239 1723 1302 1761 ex
1327 1723 1380 1760 se
1400 1707 1575 1761 vitam.
1601 1705 1801 1762 Eodem
1828 1705 1990 1762 modo
2017 1706 2139 1777 Spi-
2167 1699 2218 1762 B
2242 1710 2347 1766 sit?
2377 1709 2509 1765 Nam
2532 1711 2575 1764 si
2617 1709 2686 1765 ab
2703 1709 2808 1764 alio
2838 1717 3110 1775 movetur,
3137 1715 3219 1761 est
3246 1705 3470 1776 quidam
3510 1704 3641 1760 aliud
3664 1719 3778 1775 quam

521 1801 658 1854 ritus
679 1798 896 1855 sanctds
925 1798 1156 1869 Spiritus
1205 1807 1330 1866 est,
1363 1799 1548 1869 utique
1593 1809 1649 1854 et
1699 1800 1812 1870 ipse
1843 1801 1969 1855 vita.
2001 1799 2135 1855 Nam

525 1891 705 1947 omnia
731 1891 1252 1962 Christusaccepita
1276 1902 1427 1962 patre
1461 1891 1644 1962 (Joan.
1678 1909 1810 1949 xvu.
1843 1895 1897 1957 7,
1921 1893 1977 1961 8,
2001 1892 2091 1966 l0)
2119 1911 2132 1949 :

527 1981 598 2037 Et
638 1984 829 2051 omnia,
863 1983 1082 2054 inquit,
1104 1984 1151 2039 ei
1177 1983 1316 2038 dedi.
1347 1983 1414 2038 Et
1461 1983 1589 2040 item
1641 2001 1655 2040 :
1691 1985 1819 2052 Qua:
1849 1986 1998 2040 habet
2026 2003 2137 2041 mea

525 2084 663 2130 sunt.
687 2075 830 2146 Ergo
850 2074 1015 2131 habet
1039 2077 1201 2130 vitam
1228 2117 1242 2141 ,
1271 2085 1326 2131 et
1375 2075 1541 2130 vitam
1595 2093 1626 2133 a
1669 2093 1730 2134 εε
1772 2093 1916 2134 esse.
1952 2080 2136 2146 Quare

531 2165 713 2222 istud?
734 2168 857 2237 quia
890 2167 978 2223 ubi
1018 2169 1125 2224 vita
1157 2178 1270 2236 est,
1297 2169 1373 2224 ibi
1399 2178 1516 2236 εει,
1547 2186 1576 2224 a
1609 2185 1668 2228 se
1689 2187 1811 2227 esse
1838 2172 2000 2228 vitam
2030 2192 2045 2230 :
2081 2183 2133 2230 et

526 2261 572 2316 si
604 2261 748 2317 istud
770 2261 842 2318 ita
872 2270 989 2330 est,
1014 2262 1086 2318 ibi
1116 2273 1200 2320 est
1228 2263 1533 2335 intelligere
1559 2279 1621 2322 se
1659 2265 1825 2322 vitam
1877 2283 2033 2334 esse,
2081 2276 2137 2324 et

523 2356 652 2428 quid
682 2372 803 2414 esse
857 2358 928 2413 sit
982 2356 1165 2414 vivere
1207 2367 1306 2413 :et
1359 2357 1487 2429 quid
1533 2375 1656 2416 esse
1685 2360 1826 2432 quod
1874 2363 1982 2416 vita
2008 2371 2131 2418 est:

525 2451 812 2520 conjuncta
842 2451 1004 2521 igitur
1033 2451 1213 2506 omnia
1235 2494 1248 2516 ,
1273 2463 1329 2507 et
1356 2468 1520 2507 unum
1551 2459 1732 2508 omnia
1758 2465 1813 2510 et
1858 2471 1963 2510 una
2003 2456 2132 2512 sub-

522 2545 721 2600 stantia
748 2584 762 2607 ,
795 2553 849 2598 et
874 2557 1005 2599 vere
1023 2543 1292 2615 ὁμοούσια,
1315 2545 1405 2601 vel
1435 2545 1629 2614 simul,
1660 2545 1804 2617 quod
1843 2557 1926 2604 est
1977 2549 2131 2622 ὁμοῦ,

527 2638 615 2694 vel
637 2636 938 2708 eademque
961 2636 1284 2692 substantia.

605 2728 716 2785 VII.
752 2730 911 2786 Pater
939 2729 1102 2802 igitur
1125 2745 1246 2786 esse
1268 2738 1352 2786 est
1372 2749 1386 2796 ;
1405 2731 1509 2788 hoc
1529 2731 1671 2788 enim
1695 2734 1910 2790 caeteris
1936 2734 2133 2806 princi-

526 2823 676 2893 pium
702 2830 758 2876 et
810 2821 1043 2891 primum
1091 2820 1159 2876 ad
1197 2821 1532 2891 phantasiam
1581 2825 1990 2882 secundorum:
2043 2826 2132 2882 hic

534 2911 680 2969 Dens
703 2954 719 2982 ,
741 2913 785 2968 is
815 2928 938 2968 cum
971 2912 1182 2968 duobus
1211 2914 1423 2969 caneris
1445 2915 1620 2984 Deus,
1654 2915 1744 2973 hic
1783 2933 1923 2974 unus
1955 2919 2126 2986 Deus,

525 3006 652 3077 quia
681 3004 825 3077 quod
855 3013 939 3060 est
983 3004 1164 3061 vivere
1220 3013 1274 3060 et
1322 3005 1658 3076 intelligere,
1707 3007 1810 3063 hoc
1838 3009 2012 3080 ipsum
2047 3019 2130 3065 est

2242 1819 2420 1863 motus
2440 1848 2454 1870 .
2479 1806 2621 1878 quod
2651 1806 2720 1861 ab
2745 1805 2853 1860 alio
2879 1813 3125 1860 movetur
3156 1821 3170 1858 :
3203 1813 3257 1858 et
3280 1802 3330 1856 si
3378 1800 3510 1857 illud
3550 1800 3674 1873 quod
3710 1799 3782 1856 hoc

2240 1907 2426 1957 nescio
2450 1901 2575 1972 quid
2607 1909 2819 1966 movet,
2851 1910 3028 1955 motus
3052 1914 3156 1953 non
3198 1905 3319 1963 est,
3352 1911 3566 1950 movere
3600 1909 3688 1949 non
3717 1909 3780 1963 pn-

2243 2004 2343 2051 test
2376 2013 2389 2049 :
2423 1994 2566 2049 unde
2607 1993 2750 2049 enim
2791 2002 3007 2048 moveat
3044 2007 3150 2046 non
3178 1989 3426 2046 habebit.
3463 1989 3553 2046 Sin
3590 1997 3730 2042 motus
3759 1999 3779 2040 a

2239 2093 2388 2141 motu
2411 2085 2666 2153 nascitur,
2691 2094 2870 2141 motus
2895 2099 3026 2156 ergo
3061 2099 3091 2137 a
3119 2099 3178 2139 se
3215 2082 3478 2138 nascitur.
3500 2080 3598 2136 Sed
3623 2081 3703 2134 hoc
3726 2086 3781 2134 est

2240 2177 2424 2249 (Joan.
2458 2194 2517 2244 ν,
2550 2177 2646 2248 26)
2677 2193 2692 2234 :
2728 2177 2882 2232 Dedit
2906 2177 2954 2231 ei
2989 2187 3140 2246 pater
3169 2175 3360 2242 vitam,
3385 2183 3446 2229 ut
3475 2173 3523 2230 ei
3549 2173 3641 2228 vita
3663 2180 3779 2227 esset.

2310 2270 2448 2325 VIII.
2484 2270 2626 2341 Ergo
2657 2279 2864 2337 motus,
2898 2279 2952 2326 et
2975 2286 3110 2326 unus
3138 2278 3220 2326 est
3265 2277 3480 2337 motus,
3507 2276 3558 2324 et
3581 2283 3605 2321 a
3633 2281 3680 2322 se
3702 2281 3780 2320 mo-

2236 2371 2343 2418 tus.
2375 2363 2587 2418 Etcum
2622 2363 2674 2418 in
2720 2373 2872 2433 parte
2923 2362 3168 2418 occultus
3218 2363 3328 2429 ετι,
3388 2372 3548 2434 atque
3588 2359 3690 2415 inde
3721 2357 3780 2412 hic

2239 2465 2416 2513 motus
2446 2472 2713 2527 apparens
2735 2473 2764 2511 a
2804 2467 2956 2527 patre
2985 2467 3184 2512 motus.
3221 2455 3290 2510 Et
3321 2455 3450 2527 quia
3475 2471 3505 2510 a
3547 2462 3674 2509 motu
3697 2466 3777 2507 mo-

2239 2561 2354 2617 tus,
2388 2551 2510 2607 ideo
2532 2567 2558 2604 a
2589 2567 2647 2606 se
2688 2560 2895 2616 motus,
2927 2559 2981 2605 et
3014 2563 3152 2604 unus
3206 2559 3423 2615 motus,
3478 2547 3611 2603 unde
3645 2545 3779 2601 unicus

2237 2644 2402 2699 ﬁlius.
2453 2643 2551 2700 llic
2579 2646 2740 2719 Λόγος
2787 2643 3115 2698 universalis
3169 2642 3222 2697 in
3273 2642 3528 2698 omnibus
3557 2657 3640 2712 per
3668 2653 3778 2711 quem

2235 2733 2374 2790 facta
2398 2736 2748 2790 suutomnia.
2780 2734 2878 2789 llic
2921 2734 3028 2788 vita
3054 2734 3338 2802 omnibus,
3391 2735 3512 2806 quia
3557 2748 3658 2805 qua:
3685 2731 3780 2786 facta

2233 2840 2360 2884 sunt
2402 2831 2588 2884 vivunt
2638 2829 2839 2884 omnia.
2877 2829 2974 2886 llic
3021 2830 3184 2885 etiam
3236 2828 3406 2886 Jesus
3454 2829 3678 2886 Christus
3696 2835 3776 2889 est,

2233 2920 2358 2991 quia
2383 2920 2448 2975 ad
2483 2920 2648 2976 vitam
2677 2920 2914 2977 salvabit
2952 2921 3156 2976 omnia.
3199 2920 3360 2978 Unus
3388 2936 3516 2993 ergo
3553 2928 3722 2987 motus,
3744 2923 3780 2971 et

2234 3028 2372 3068 unus
2399 3012 2541 3068 ﬁlius
2568 3022 2622 3068 et
2669 3013 2894 3080 unicus,
2926 3015 3051 3083 quia
3105 3015 3260 3070 unica
3291 3016 3442 3081 vita,
3472 3025 3523 3070 et
3561 3028 3650 3070 una
3671 3011 3776 3077 vita,

527 3096 780 3169 quodest
804 3111 926 3153 esse
951 3111 966 3162 ;
999 3107 1052 3152 et
1076 3095 1286 3152 duobus
1317 3097 1434 3152 istis
1455 3098 1596 3168 quod
1629 3100 1818 3157 vivere
1857 3111 2018 3172 atque
2041 3102 2124 3157 inv
2153 3091 2202 3157 C
2234 3109 2456 3179 solaque
2483 3117 2706 3165 aeterna.
2734 3109 2876 3180 Ergo
2903 3108 3170 3180 ὁμοούσιος
3193 3107 3340 3165 ﬁlius
3363 3108 3501 3182 patri
3533 3108 3657 3164 :vita
3678 3103 3779 3161 enim

530 3189 778 3261 telligere
803 3230 816 3253 ,
845 3189 913 3243 ab
934 3203 1000 3245 eo
1023 3190 1271 3261 provenit
1299 3191 1443 3262 quod
1478 3203 1562 3248 est
1605 3209 1749 3251 esse.
1777 3194 1947 3252 Nemo
1971 3197 2135 3268 igitur

527 3290 741 3352 separet
783 3281 1042 3352 Spiritum
1087 3295 1371 3350 sanctum,
1423 3293 1476 3338 et
1529 3286 1750 3355 profana
1799 3287 2133 3359 blasphemia

527 3390 650 3431 esse
674 3374 854 3430 nescio
879 3373 1006 3445 quid
1028 3374 1355 3445 suspicetur.
1386 3375 1510 3446 quia
1538 3387 1594 3432 et
1613 3378 1726 3446 ipse
1755 3377 1823 3434 de
1855 3390 2008 3450 patre
2026 3391 2132 3450 est,

527 3464 654 3538 quia
686 3467 801 3537 ipse
830 3477 912 3521 est
943 3474 998 3522 et
1045 3466 1218 3535 ﬁlius,
1273 3465 1366 3538 qui
1404 3466 1473 3523 de
1521 3477 1672 3538 patre
1719 3482 1850 3524 eSt:
1901 3487 2134 3544 namque

529 3569 655 3631 post
679 3559 730 3615 id
761 3559 905 3631 quod
929 3569 1012 3616 est
1038 3575 1191 3626 esse,
1218 3560 1272 3616 id
1313 3570 1398 3616 est
1441 3561 1728 3617 existentia
1761 3563 1847 3618 vel
1877 3564 2127 3621 substan-

527 3651 622 3721 tia,
647 3653 732 3709 vel
763 3652 816 3707 iu
835 3651 996 3707 altius
1027 3661 1171 3708 metu
1195 3653 1274 3723 (1)
1303 3653 1533 3724 quodam
1568 3665 1788 3727 propter
1811 3666 1934 3712 nota
1959 3658 2134 3714 nomi-

529 3761 595 3800 na
612 3744 965 3811 conscendas,
986 3744 1238 3816 dicasque
1252 3746 1334 3801 vel
1357 3735 1873 3815 existentialitatem.
1895 3752 1976 3808 vel
2000 3752 2132 3809 sub-

527 3837 960 3901 stantialitatem,
986 3846 1067 3892 est
1095 3836 1149 3892 id
1166 3839 1537 3914 ὐπαρχότητα,
1558 3843 2128 3913 οὐσιὸτητα,ὁντότητα,

529 3933 780 3990 omnibus
802 3928 885 3986 his
898 3945 1022 3987 esse
1038 3930 1184 4001 quod
1196 3931 1317 3987 dico
1331 3947 1553 3988 manens
1575 3933 1628 3990 in
1649 3952 1728 4002 se,
1749 3952 1845 3993 suo
1863 3954 1894 3992 a
1906 3955 1964 3994 se
1982 3949 2131 3996 motu

523 4025 800 4082 viviﬁcans
821 4023 1058 4095 potentia
1085 4038 1202 4090 sua,
1233 4039 1335 4094 qua
1361 4035 1555 4080 cuncta
1581 4027 1934 4099 viviﬁcentur,
1965 4040 2020 4088 et
2038 4047 2132 4103 po-

522 4117 908 4186 teutiticantur,
937 4116 1116 4187 plena,
1145 4116 1412 4186 absoluta,
1435 4133 1600 4189 super
1627 4135 1815 4178 omnes
1844 4125 2132 4194 perfectio-

530 4229 630 4270 nes
652 4211 978 4268 omnimodis
1024 4222 1108 4268 est
1156 4211 1340 4267 divina
1390 4214 1670 4283 perfectio.
1721 4216 1816 4273 ilic
1859 4228 1943 4274 est
1987 4221 2129 4277 Deus

529 4321 694 4376 supra
717 4313 854 4372 νοῦν,
885 4319 1050 4375 supra
1081 4306 1362 4361 veritatem
1386 4346 1403 4372 ,
1451 4307 1794 4378 omnipotens
1851 4313 2086 4380 potentia
2109 4355 2126 4383 ,

525 4408 578 4454 et
611 4395 813 4452 idcirco
842 4411 949 4450 non
978 4396 1147 4450 forma
1175 4411 1190 4461 ;
1218 4402 1334 4457 νοῦς
1362 4406 1562 4464 autem,
1596 4407 1649 4453 et
1679 4400 1900 4466 veritas,
1933 4401 2122 4471 forma,

524 4491 622 4549 sed
647 4506 752 4547 non
783 4499 840 4546 ut
871 4488 1143 4545 inhaerens
1185 4487 1342 4545 alteri
1369 4491 1746 4562 inseparabilis
1786 4495 1960 4551 forma
1987 4538 2002 4563 ,
2031 4498 2127 4554 sed

524 4593 583 4639 ut
613 4581 1046 4654 inseparabiliter
1069 4596 1282 4636 annexa
1303 4581 1368 4636 ad
1401 4581 1821 4642 declarationem
1869 4590 2127 4660 potentiae

527 4677 620 4732 Dei
670 4677 836 4747 patris
867 4675 1054 4732 eadem
1103 4675 1404 4732 substantia
1455 4678 1538 4734 vel
1590 4679 1765 4751 imago
1815 4682 1899 4738 vel
1933 4683 2122 4740 forma.

524 4767 660 4823 lllnd
691 4767 853 4838 igitur
881 4769 1115 4839 primum
1164 4767 1308 4840 quod
1334 4785 1456 4826 esse
1508 4770 1741 4830 diximus
1764 4816 1778 4841 ,
1807 4776 1951 4848 quod
1982 4777 2124 4835 Deus

523 4867 646 4923 est,
676 4869 726 4914 et
761 4857 1032 4915 silentium
1073 4859 1307 4928 dictum,
1363 4871 1416 4916 et
1469 4863 1620 4934 quies
1668 4877 1830 4937 atque
1868 4872 2120 4926 cessatio.

521 4949 677 5021 Quod
708 4950 755 5005 si
785 4955 857 5005 ita
882 4961 964 5007 est
988 4994 1003 5019 ,
1037 4953 1294 5022 potentiae
1328 4958 1638 5026 progressio
1663 5000 1676 5024 ,
1706 4976 1826 5030 quae
1857 4978 1965 5018 non
1996 4967 2120 5035 qui-

521 5045 648 5101 dem
676 5043 1016 5114 progressio,
1039 5045 1134 5100 sed
1160 5048 1470 5116 apparentia
1497 5060 1615 5118 est;
1647 5061 1701 5107 et
1725 5054 1770 5110 si
1812 5059 2122 5128 progressio

520 5151 630 5194 non
661 5136 936 5191 dimittens
955 5135 1095 5192 unde
1127 5140 1486 5209 progreditur,
1512 5142 1608 5198 sed
1629 5159 1749 5200 cum
1779 5151 2119 5209 connexione

522 5228 834 5302 progressio
854 5270 870 5294 ,
902 5229 1074 5298 magis
1101 5240 1281 5284 autem
1308 5234 1623 5301 apparentia
1652 5253 1664 5289 τ
1695 5253 1799 5291 non
1849 5242 1994 5297 enim
2022 5245 2120 5300 fuit

514 5323 717 5396 aliquid
771 5329 922 5377 extra
966 5319 1110 5391 quod
1150 5324 1453 5392 progressio
1502 5325 1673 5380 ﬁeret.
1721 5329 1932 5402 Ubique
1972 5337 2116 5393 enim

517 5415 660 5470 Deus
680 5456 695 5481 ,
726 5413 977 5471 etomnia
1011 5412 1152 5468 Deus
1183 5430 1196 5466 :
1227 5428 1356 5484 ergo
1389 5418 1644 5485 potentiae
1681 5428 1987 5493 progressio
2027 5443 2116 5484 ac-

515 5515 600 5562 Ius
625 5505 829 5562 exstitit
858 5522 873 5563 :
905 5519 952 5562 is
983 5513 1154 5575 actus,
1177 5503 1223 5561 si
1252 5504 1524 5564 silentium
1553 5507 1696 5567 Deus
1739 5522 1845 5582 est,
1879 5514 2116 5578 Verbum

587 5693 667 5768 (l)
696 5691 857 5750 Metu.
890 5691 1052 5754 Forte
1080 5703 1241 5755 motu.

2237 3212 2412 3273 pater,
2441 3212 2495 3258 et
2525 3202 2628 3257 vita
2662 3203 2832 3270 ﬁlius,
2863 3218 2982 3274 quae
3009 3205 3156 3260 οὐσία
3189 3212 3270 3259 εει
3327 3222 3342 3258 :
3396 3204 3521 3260 item
3549 3211 3696 3258 motus
3717 3213 3781 3271 pa-

2239 3305 2342 3362 ter,
2369 3304 2422 3350 et
2471 3303 2647 3350 motus
2707 3294 2846 3349 ﬁlius
2893 3310 3012 3366 qum.
3039 3297 3194 3351 οὐσία
3228 3303 3312 3350 εει
3339 3338 3355 3362 ,
3405 3311 3574 3365 neque
3600 3292 3714 3350 enim
3733 3288 3779 3344 ibi

2235 3388 2434 3457 aliquid
2463 3387 2744 3452 accidens;
2777 3402 2906 3460 ergo
2933 3397 2989 3443 et
3030 3387 3262 3444 Verbum
3307 3397 3486 3458 pater,
3511 3389 3626 3444 licet
3647 3397 3778 3440 tacens

2238 3479 2508 3547 Verbum,
2552 3478 2788 3534 Verbum
2817 3491 2998 3536 tamen
3022 3521 3037 3546 ,
3070 3487 3125 3535 et
3146 3479 3392 3535 Verbum
3441 3481 3607 3547 ﬁlius,
3643 3475 3780 3533 ethoc

2237 3575 2405 3629 οὐσία.
2430 3571 2698 3644 Quidquid
2725 3571 2869 3628 enim
2900 3571 2987 3627 vel
3018 3583 3136 3638 est,
3170 3571 3254 3628 vel
3301 3573 3420 3645 agit
3467 3582 3619 3644 atque
3639 3581 3780 3639 opert-

2238 3673 2325 3721 tur
2355 3668 2506 3722 οὐσία
2529 3707 2545 3733 ,
2575 3674 2629 3721 et
2646 3664 2734 3720 ubi
2787 3664 2958 3736 magis
3015 3667 3168 3722 οὐσία
3191 3707 3205 3732 ,
3251 3666 3510 3722 Verbum.
3545 3664 3648 3720 Non
3677 3660 3778 3718 enim

2237 3767 2298 3812 ut
2327 3757 2413 3812 hic
2437 3772 2532 3812 aer
2557 3772 2778 3824 sonans,
2799 3756 3034 3813 Verbum
3056 3799 3071 3826 ,
3100 3757 3195 3813 sed
3219 3767 3275 3813 ut
3302 3757 3396 3815 hic
3423 3757 3613 3830 aliquid
3639 3767 3778 3827 agens.

2234 3848 2493 3906 Verbum.
2523 3849 2674 3907 Unus
2700 3857 2830 3922 ergo
2883 3851 3026 3908 ﬁlius
3051 3893 3065 3918 ,
3107 3852 3231 3923 quia
3288 3868 3432 3909 unus
3488 3860 3779 3908 motus:una

2237 3943 2346 3996 vita
2372 3985 2387 4011 ,
2411 3942 2534 4014 quia
2563 3959 2667 3998 una
2693 3944 2805 3998 sola
2827 3943 2932 3998 vita
2965 3960 3084 4014 quae
3120 3953 3346 4000 aeterna.
3377 3945 3488 4002 Nec
3521 3945 3648 4002 enim
3669 3941 3777 4007 vita,

2235 4051 2354 4107 qua:
2402 4036 2691 4108 aliquando
2738 4037 2984 4094 moritur.
3033 4037 3313 4110 Nunquam
3361 4051 3537 4096 autem
3585 4036 3776 4099 moritur,

2233 4129 2279 4183 si
2307 4143 2366 4185 se
2388 4127 2545 4184 sciat.
2578 4129 2730 4186 Scire
2759 4137 2938 4185 autem
2982 4145 3041 4186 se
3090 4145 3197 4186 non
3231 4132 3464 4201 poterit,
3509 4130 3603 4187 nisi
3651 4128 3776 4183 Deum

2233 4224 2400 4290 sciat,
2431 4233 2484 4279 et
2507 4224 2675 4280 Deum
2704 4226 2795 4296 qui
2827 4225 2932 4280 vita
2964 4234 3082 4293 est,
3107 4235 3162 4280 et
3188 4241 3316 4282 vera
3347 4228 3454 4282 vita
3477 4235 3588 4294 est,
3615 4238 3667 4279 ac
3688 4221 3776 4275 fons

2232 4318 2377 4373 vitae.
2411 4318 2523 4374 Hoc
2548 4319 2592 4373 si
2623 4319 2694 4374 ita
2720 4328 2836 4384 est,
2860 4319 2972 4375 Deo
3023 4320 3242 4388 cognito
3286 4328 3570 4392 cognoscet
3612 4313 3775 4372 omnia:

2231 4410 2357 4481 quia
2385 4425 2413 4463 a
2449 4410 2558 4466 Deo
2580 4409 2758 4466 omnia
2781 4451 2797 4479 ,
2829 4423 2880 4467 et
2904 4410 2959 4465 in
2983 4411 3232 4466 omnibus
3265 4411 3408 4467 Deus
3429 4455 3444 4481 ,
3473 4419 3527 4468 et
3553 4412 3672 4465 Deus
3691 4417 3776 4457 0m-

2233 4503 2340 4557 nia.
2379 4502 2490 4559 lloc
2514 4501 2751 4559 Joannes
2799 4503 2994 4559 clamat
3046 4502 3225 4576 (Joan.
3256 4520 3388 4560 xvn.
3434 4506 3535 4576 5):
3588 4499 3695 4556 Hazc
3723 4499 3776 4549 αι

2229 4607 2403 4650 autent
2434 4596 2538 4649 vita
2565 4606 2793 4663 aeterna,
2823 4606 2877 4650 ut
2917 4607 3229 4666 ceguoscant
3260 4608 3309 4653 te
3337 4600 3508 4653 solum
3561 4605 3603 4650 et
3641 4602 3773 4648 verum

2231 4688 2394 4745 Deum
2417 4731 2431 4753 ,
2459 4699 2505 4744 et
2531 4707 2680 4761 quem
2729 4690 2912 4745 misisti
2956 4689 3140 4746 Iesum
3167 4691 3448 4748 Christum.
3475 4688 3696 4762 Cognitio
3713 4691 3772 4739 εει

2228 4785 2358 4840 vita.
2384 4785 2554 4840 Porro
2579 4795 2760 4841 autem
2805 4785 2925 4841 sive
2953 4785 3059 4842 vita
3078 4827 3094 4853 ,
3128 4787 3242 4843 sive
3278 4787 3514 4858 cognitio
3539 4792 3692 4840 motus
3712 4783 3773 4833 est

2229 4895 2368 4934 unus
2393 4921 2408 4945 ,
2432 4887 2488 4935 et
2514 4879 2654 4934 idem
2680 4891 2862 4936 motus
2890 4895 3056 4950 agens
3083 4880 3248 4935 vitam
3269 4923 3284 4944 ,
3331 4889 3386 4936 et
3413 4895 3507 4950 per
3540 4879 3681 4933 vitam
3703 4884 3772 4927 co-

2227 4971 2551 5042 gnitionem,
2585 4977 2659 5027 et'
2686 4985 2784 5040 per
2837 4970 3200 5042 cognitionem
3259 4972 3420 5027 vitam
3455 4991 3467 5025 :
3515 4969 3640 5025 idem
3675 4973 3772 5031 ergo

2227 5073 2406 5119 motus
2429 5105 2444 5129 ,
2473 5063 2786 5150 dllwda
2813 5065 3123 5134 complens,
3171 5065 3336 5121 vitam
3384 5073 3441 5120 et
3486 5057 3797 5134 cognoscen-l

2226 5156 2372 5210 tiam.
2405 5153 2564 5229 Λόγος
2592 5145 2772 5211 ειιιᾶξιη
2801 5165 2978 5210 motus
3005 5163 3113 5221 est,
3157 5165 3213 5211 et
3252 5157 3415 5230 Λόγος
3444 5154 3594 5210 ﬁlius.
3637 5145 3770 5205 Fili“!

2222 5250 2385 5318 igitur
2414 5250 2604 5305 unicus
2633 5250 2686 5304 in
2717 5265 2785 5306 eo
2832 5248 2974 5318 quod
3024 5249 3198 5316 ﬁlius;
3244 5250 3298 5306 in
3352 5267 3416 5307 eo
3471 5233 3766 5310 autemquod

2221 5342 2400 5415 Λόγος,
2435 5342 2703 5410 geminus.
2744 5341 2866 5412 Ipse
2913 5341 3056 5396 enim
3087 5341 3192 5396 vita
3220 5383 3236 5408 ,
3267 5341 3380 5413 ipse
3408 5330 3762 5412 cognoscentis:

2223 5442 2450 5505 utroque
2518 5444 2774 5505 operatus
2823 5433 2889 5489 ad
2933 5433 3235 5490 animarum
3284 5433 3506 5490 salutem
3556 5419 3765 5500 mysterio

2219 5528 2396 5585 crucis
2423 5544 2438 5584 :
2471 5535 2527 5583 ct
2552 5527 2659 5582 vita
2684 5569 2700 5594 ,
2733 5525 2859 5599 quia
2904 5525 2974 5584 de
3004 5534 3182 5584 morte
3218 5525 3473 5585 liberandi
3499 5523 3758 5582 fueramus:

2295 5714 2378 5787 (ἒ)
2404 5713 2532 5773 Sed.
2561 5712 2723 5772 Forte
2741 5713 2806 5768 si.
