4018 6184
276 307 388 363 “05

1358 300 1724 361 ADVERSUS
1762 297 1981 356 ARIUM
2025 299 2224 355 LIBER
2267 299 2351 355 ΙΙΙ.

3415 295 3555 350 1106

273 420 507 491 mysterio
527 415 704 476 autem
727 421 1122 489 cognoscendae
1146 434 1241 489 per
1261 418 1517 491 Spiritum
1548 425 1793 473 sanctum
1829 433 1840 468 :
1874 414 1928 473 A
1952 413 2095 468 enim
2123 423 2180 471 et
2205 415 2460 480 rebellat,
2512 429 2575 470 ac
2619 422 2883 486 repugnat
2912 427 3095 470 secum
3125 428 3300 478 error,
3355 413 3559 482 impru-

273 512 374 584 quia
398 512 443 567 is
466 513 636 583 magis
665 522 749 569 est
769 511 928 568 datus
957 526 1011 570 et
1042 514 1155 584 ipse
1197 526 1385 569 omnes
1412 512 1626 578 docuit,
1655 519 1710 565 et
1742 519 1847 564 tes-

272 603 528 658 timonium
554 603 622 659 de
649 602 1041 678 Christoqdixit.
1065 603 1218 672 Quod
1246 611 1330 658 est
1371 601 1733 671 cognitionem
1776 599 1850 654 vi-

275 704 364 751 tam
390 711 583 767 agere,
609 706 664 752 et
708 713 772 752 ex
815 698 917 753 hoc
960 699 1126 753 Deum
1178 710 1536 768 cognoscere,
1590 693 1734 765 quod
1766 703 1850 750 est

274 789 420 844 vitam
446 805 628 844 veram
661 789 804 858 ﬁeri,
839 799 893 846 et
924 789 1028 846 hoc
1056 799 1139 845 est
1161 790 1527 844 testimonium
1559 787 1626 843 de
1658 786 1849 843 Chris-

271 890 320 936 to
345 881 538 938 dicere.
567 881 644 937 Ita
675 883 768 938 Dei
798 882 941 939 ﬁlius
964 881 1240 945 Christus,
1271 882 1322 937 id
1355 891 1458 946 cst,
1485 882 1646 956 Λόγος
1666 921 1681 946 ,
1704 888 1760 934 et
1785 879 1848 933 li-

272 974 360 1031 lius
384 975 489 1028 vita
515 991 530 1040 ;
558 983 613 1029 et
633 975 756 1045 quia
782 975 837 1030 id
865 984 948 1031 est
973 984 1153 1030 motus
1177 975 1337 1029 etiam
1361 983 1416 1028 et
1444 972 1847 1042 cognoscentia,

273 1064 396 1120 ﬁlius
425 1075 510 1121 est
537 1081 704 1136 opere
754 1080 864 1136 quo
896 1072 1004 1120 vita
1060 1073 1145 1122 est
1182 1065 1342 1121 Jesus
1385 1065 1641 1120 existens.
1675 1062 1850 1132 Opere

271 1168 428 1214 autem
457 1173 564 1229 quo
588 1159 966 1227 cognoscentia
997 1169 1080 1214 est
1100 1200 1114 1223 ,
1144 1157 1379 1227 Spiritus
1400 1167 1622 1212 sanctus
1657 1164 1714 1211 et
1736 1155 1850 1226 ipse

269 1253 492 1308 existens
517 1295 532 1318 ,
563 1260 623 1307 ut
647 1253 755 1308 sint
782 1252 1087 1308 existentia:
1113 1251 1266 1316 duae,
1309 1249 1510 1306 Christi
1536 1259 1590 1304 et
1619 1248 1851 1319 Spiritus

223 1381 225 1384 -
269 1348 444 1413 sancti,
472 1347 525 1402 in
557 1363 665 1402 uno
693 1357 863 1411 metu,
893 1346 982 1416 qui
1015 1329 1162 1400 ﬁlius
1189 1354 1291 1401 est.
1325 1344 1392 1399 Et
1414 1343 1537 1397 hinc
1566 1351 1619 1397 et
1640 1357 1673 1396 a
1701 1349 1851 1410 patre

269 1441 411 1498 Jesus
433 1441 624 1513 (Eccli.
649 1457 793 1496 ntv.
828 1439 884 1512 5)
911 1457 924 1493 ;
956 1438 1042 1494 Ea:
1085 1455 1171 1493 ore
1219 1437 1471 1496 Altissimi
1499 1436 1721 1508 processi
1750 1451 1770 1489 .°
1797 1442 1854 1490 et

269 1534 487 1605 Spiritus
515 1544 736 1590 sanctus
762 1533 925 1589 etiam
960 1533 1074 1604 ipse
1095 1549 1124 1587 a
1179 1540 1361 1602 patre,
1394 1529 1516 1602 quia
1570 1543 1708 1584 unus
1729 1541 1850 1582 mo-

266 1635 342 1683 tus
360 1638 646 1697 utrumque
685 1629 741 1683 in
770 1627 1112 1682 existentiam
1145 1625 1386 1696 protulit.
1412 1624 1478 1679 Et
1505 1622 1634 1694 quia
1666 1621 1848 1692 (Joan.

263 1733 360 1775 xvr.
392 1716 492 1784 15;
514 1735 643 1774 xvn.
683 1719 772 1789 10)
822 1734 942 1788 quae
967 1717 1126 1772 habet
1149 1728 1301 1788 pater
1325 1715 1438 1771 ﬁlio
1456 1715 1605 1770 dedit
1622 1715 1805 1770 omnia
1833 1732 1846 1766 :

263 1808 373 1864 ideo
399 1819 454 1863 et
483 1809 648 1876 ﬁlius,
679 1810 768 1880 qui
804 1817 982 1863 motus
1033 1815 1145 1872 est,
1195 1808 1345 1864 dedit
1398 1808 1578 1862 omnia
1625 1806 1848 1878 Spiritui
1879 1806 1928 1865 B

261 1910 434 1956 sancto
465 1918 479 1953 :
509 1903 690 1956 omnia
715 1902 858 1956 cnim
883 1917 1003 1972 qua:
1049 1901 1208 1957 habet
1239 1901 1421 1974 (Joan.
1455 1916 1571 1955 xvi.
1609 1899 1701 1968 M,
1755 1897 1847 1971 l5)

261 1992 318 2047 de
340 2010 414 2046 me
430 1993 606 2061 liabet,
637 1993 836 2062 inquit;
886 1995 1086 2050 etenim
1115 1993 1238 2062 quia
1268 2001 1322 2048 et
1370 1993 1486 2061 ipse
1530 2001 1704 2047 motus
1731 2002 1845 2057 est,

259 2085 321 2140 de
351 2095 494 2140 motu
513 2085 674 2141 habet
703 2104 718 2142 ε
743 2100 847 2140 non
878 2087 1021 2141 enim
1054 2085 1194 2138 ﬁlius
1223 2084 1298 2139 illi
1331 2082 1502 2149 dedit,
1531 2083 1624 2138 sed
1655 2081 1848 2155 (lbid.)

263 2176 365 2246 ille,
423 2178 629 2248 inquit,
669 2179 733 2232 de
753 2195 862 2233 meo
885 2178 1054 2233 habet.
1081 2177 1458 2248 Priueipaliter
1487 2177 1631 2232 enim
1671 2184 1854 2231 motus

261 2269 362 2326 vita
391 2280 512 2335 est,
543 2280 598 2328 et
625 2272 740 2342 ipsa
774 2272 880 2326 vita
934 2271 1157 2326 scientia
1197 2280 1283 2327 est
1328 2282 1381 2327 et
1423 2271 1806 2342 coguoscentia
1837 2289 1850 2324 :

259 2377 380 2434 ergo
408 2363 664 2434 quidquid
719 2364 884 2420 habet
934 2363 1345 2435 cognoscentia,
1403 2362 1471 2418 de
1504 2364 1614 2418 vita
1663 2362 1848 2418 habet.

261 2457 381 2515 Haec
405 2473 615 2516 summa
645 2458 886 2514 Trinitas
911 2501 924 2525 ,
966 2458 1082 2514 lucc
1121 2474 1332 2513 summa
1378 2457 1623 2515 Unalitas
1662 2455 1850 2528 (lbid.,

273 2551 344 2621 ᾖ.
377 2550 466 2621 15)
505 2569 520 2605 :
565 2550 752 2605 Omnia
780 2567 1108 2622 quaecumque
1152 2553 1298 2607 habet
1326 2551 1486 2607 Pater
1533 2567 1642 2605 mea
1693 2561 1854 2620 sunt;

259 2652 522 2715 propterea
571 2643 683 2697 dixi
743 2644 865 2713 quia
909 2643 972 2698 de
1013 2659 1126 2698 meo
1175 2645 1390 2715 accipiet
1434 2653 1481 2698 et
1529 2644 1854 2703 annuntiabit

258 2737 413 2792 vobis.

325 2829 416 2884 IX.
449 2830 560 2885 Hoc
589 2831 748 2900 igitur
775 2830 910 2885 satis
962 2829 1168 2886 clarum
1208 2828 1405 2898 faciet,
1437 2844 1560 2884 esse
1591 2829 1733 2901 quod
1763 2845 1858 2900 pa-

256 2928 340 2978 ter
365 2930 479 2989 est,
509 2929 565 2976 et
614 2921 774 2976 vitam
805 2921 948 2990 quod
989 2931 1073 2984 esti
1113 2923 1287 2986 ﬁlius,
1317 2933 1372 2977 et
1418 2926 1854 2993 cognoscentiam

257 3015 396 3085 quod
422 3025 504 3069 cst
533 3013 768 3084 Spiritus
791 3023 1038 3081 sanctus,
1063 3032 1226 3071 unum
1259 3032 1379 3072 esse
1403 3057 1418 3081 ,
1451 3024 1508 3072 et
1552 3032 1710 3071 unam
1737 3032 1857 3073 esse

257 3107 610 3164 substantiam
637 3150 653 3175 ,
682 3108 1062 3164 subsist'entias
1093 3117 1202 3165 tres
1221 3151 1237 3174 ,
1284 3110 1377 3180 qui
1414 3109 1484 3166 ab
1516 3126 1581 3164 eo
1607 3109 1750 3180 quod
1774 3119 1860 3166 est

1951 508 2132 564 dentia
2159 551 2173 577 ,
2211 510 2526 576 inscientia;
2559 519 2615 566 et
2664 511 2767 565 hoc
2813 507 3002 580 (lbid.)
3037 509 3310 579 prudentia
3365 511 3555 573 carnis,

1950 617 2070 672 qum
2093 602 2487 672 imprudentia,
2519 612 2574 658 et
2620 603 2742 673 quia
2783 602 2948 657 Deum
3006 602 3211 668 nescit,
3245 617 3383 656 mors
3436 611 3560 657 est:

1951 708 2083 765 ergo
2109 696 2387 764 prudentia
2412 698 2642 767 spiritus.
2665 697 2768 752 vita
2795 707 2946 768 atque
2975 714 3080 768 pax
3113 706 3186 752 est
3211 714 3229 752 :
3257 711 3365 768 quo
3397 696 3561 752 modo

1947 785 2059 856 jam
2089 787 2266 857 juncti
2298 788 2386 844 isti
2413 797 2566 856 sunt,
2596 798 2652 846 et
2680 805 2845 845 unum
2872 799 3020 846 sunt.

2026 899 2094 954 X.
2145 901 2443 957 Doceamus
2486 903 2629 972 quod
2665 903 2806 959 Deus
2851 911 2907 959 et
2952 903 3179 959 scientia
3208 903 3278 958 sit
3307 912 3362 959 et
3406 902 3547 968 vita,

1951 1008 2275 1064 quamquam
2298 994 2366 1049 ab
2398 994 2517 1062 ipso
2550 995 2649 1049 ista
2674 995 2870 1050 Paulus
2892 994 3071 1066 (Rom.
3101 1011 3177 1050 xi.
3211 994 3338 1067 55):
3369 993 3436 1059 Ο,
3465 994 3548 1049 in-

1951 1086 2088 1155 quit,
2118 1086 2339 1140 altitudo
2370 1086 2664 1140 divitiarum
2693 1088 2958 1157 sapientiae
2985 1097 3032 1140 et
3057 1087 3284 1141 scientia:
3307 1086 3438 1141 Dei!
3466 1086 3558 1143 Sic

1954 1177 2156 1233 dictum
2184 1179 2252 1234 ab
2273 1179 2464 1235 eodem
2489 1179 2704 1250 (Eplies.
2728 1195 2810 1246 tu,
2839 1177 2928 1252 10)
2957 1196 2970 1232 :
2993 1178 3334 1247 Multiformis
3352 1180 3560 1250 sapien-

1955 1271 2026 1325 tia
2049 1272 2163 1327 Dei.
2195 1273 2329 1328 Hinc
2355 1283 2412 1328 et
2440 1285 2708 1328 secretum
2733 1273 2851 1339 Dei,
2878 1273 3006 1328 hinc
3031 1283 3083 1328 et
3103 1271 3353 1328 Christus
3381 1271 3558 1327 dictus

1955 1366 2238 1440 sapientia,
2268 1366 2393 1422 hinc
2415 1377 2468 1421 et
2497 1366 2622 1420 illud
2653 1363 2814 1438 (Ibid.
2839 1363 2927 1436 18)
2960 1382 2972 1417 :
3002 1363 3068 1419 Ut
3093 1365 3300 1436 possitis
3329 1381 3562 1436 compre—

1955 1462 2176 1518 hendere
2197 1477 2311 1514 cum
2325 1459 2555 1514 omnibus
2568 1459 2780 1525 sanctis,
2799 1473 2911 1527 qua:
2923 1459 2987 1512 sit
3009 1457 3250 1524 latitudo,
3270 1458 3559 1529 longitudo,

1954 1555 2194 1620 altitudo,
2225 1553 2559 1625 profundum,
2584 1551 2714 1606 scire
2743 1551 2895 1605 etiam
2909 1551 3367 1620 supereminentcm
3393 1552 3559 1605 scien-

1955 1648 2038 1703 tia:
2069 1647 2375 1701 cliaritatem
2401 1643 2611 1700 Christi.
2643 1643 2717 1698 lla
2739 1653 2792 1698 et
2819 1642 3041 1698 scientia
3077 1642 3220 1698 Deus
3246 1651 3349 1710 est,
3382 1651 3437 1698 et
3465 1656 3566 1696 nos

1954 1740 2176 1796 scientia
2201 1738 2414 1804 liberat,
2432 1736 2528 1792 sed
2551 1752 2646 1807 per
2665 1735 2937 1791 Christum
2961 1745 3162 1801 tamen,
3200 1735 3321 1806 quia
3348 1735 3462 1806 ipse
3483 1743 3567 1790 est

1954 1838 2012 1887 et
2035 1829 2284 1896 scientia,
2307 1839 2361 1884 et
2381 1830 2564 1898 janua,
2593 1838 2649 1884 et
2674 1829 2805 1893 vita,
2831 1837 2885 1884 et
2907 1826 3084 1902 λόγος,
3113 1837 3167 1884 et
3197 1827 3436 1882 omnium
3468 1843 3565 1898 per

1952 1940 2114 1996 quem
2145 1923 2282 1980 facta
2314 1935 2436 1978 sunt
2461 1925 2662 1978 omnia.
2695 1922 2837 1994 Ergo
2861 1931 2916 1978 et
2953 1925 3092 1980 scire
3122 1923 3254 1990 ista,
3303 1932 3358 1978 et
3388 1922 3551 1977 etiam

1957 2018 2274 2082 charitatem
2305 2018 2356 2072 in
2382 2014 2656 2071 Christum
2683 2016 2885 2072 habere
2924 2015 3204 2072 debemus.
3238 2015 3368 2071 Hazc
3395 2023 3558 2086 atque

1957 2111 2062 2165 alia
2093 2111 2323 2181 plurima
2342 2151 2356 2174 ,
2388 2120 2443 2164 et
2471 2109 2636 2163 Deum
2662 2109 2943 2164 scientiam
2972 2123 3092 2163 esse
3115 2149 3130 2173 ,
3156 2116 3212 2164 et
3241 2105 3516 2162 Christum
3539 2147 3557 2172 ,

1954 2211 2011 2258 ct
2038 2202 2296 2273 Spiritum
2317 2209 2565 2256 sanctum
2602 2201 2736 2255 satis
2775 2199 2978 2255 clarum
3009 2199 3174 2255 etiam
3222 2199 3387 2254 vitam
3439 2213 3563 2253 esse

1957 2311 2064 2352 uno
2091 2295 2216 2351 licet
2260 2296 2393 2350 satis
2421 2293 2682 2364 probatur
2701 2293 2988 2363 exemplo;
3022 2307 3145 2347 nam
3176 2292 3230 2346 in
3259 2291 3380 2346 aliis
3408 2291 3562 2346 libris

1957 2387 2175 2444 uberius
2190 2385 2607 2456 approbavimus
2620 2382 2827 2454 (Joan.,
2844 2399 2902 2448 v,
2917 2382 3008 2456 26)
3027 2401 3040 2438 :
3057 2383 3224 2438 Sicuti
3247 2383 3381 2437 enim
3404 2380 3565 2436 Pater

1955 2481 2108 2536 vitam
2136 2479 2287 2534 habet
2306 2479 2359 2532 in
2374 2479 2662 2550 semetipso,
2689 2479 2764 2532 sic
2785 2477 2922 2531 dedit
2953 2486 2998 2531 et
3026 2476 3168 2531 Filio
3189 2477 3344 2531 vitam
3373 2475 3560 2529 habere

1955 2572 2012 2626 in
2053 2571 2342 2641 semetipso.
2390 2569 2518 2625 Item
2564 2569 2692 2625 dicit
2747 2567 2930 2641 (Joan.
2961 2584 3038 2634 γι,
3091 2567 3184 2638 58)
3224 2583 3240 2623 :
3288 2567 3438 2624 Sicut
3487 2584 3566 2622 me

1957 2664 2094 2718 misit
2114 2663 2251 2717 vivus
2278 2661 2456 2728 Pater,
2480 2662 2553 2715 ita
2598 2671 2645 2715 et
2669 2678 2760 2732 ego
2785 2661 2896 2715 vivo
2919 2671 3125 2732 prapter
3154 2660 3383 2714 Patrem.
3418 2659 3561 2716 Sunt

1958 2754 2122 2825 igitur
2144 2754 2243 2808 ista
2267 2754 2346 2808 sic
2370 2753 2576 2824 singula
2594 2795 2608 2815 ,
2629 2761 2690 2808 ut
2721 2753 2901 2807 omnia
2925 2752 3025 2807 tria
3045 2751 3150 2807 ista
3176 2762 3302 2806 sunt
3327 2751 3563 2820 singula,

1957 2862 2062 2902 una
2105 2845 2250 2900 omni
2283 2844 2365 2917 (l)
2397 2861 2526 2916 ergo
2565 2846 2866 2900 substantia
2898 2853 2980 2900 est
3012 2853 3184 2914 pater,
3212 2859 3341 2915 ergo
3389 2843 3565 2908 ﬁlius,

1959 2939 2190 3009 Spiritus
2219 2948 2470 3006 sanctus,
2496 2939 2668 3005 Deus,
2689 2935 2836 3012 λόγος
2859 2937 3202 3014 παράκλητος,
3231 2953 3394 2991 unum
3418 2946 3563 3003 sunt,

1960 3031 2103 3101 quod
2132 3030 2588 3096 substantialitas,
2617 3029 2852 3085 vitalitas
2871 3071 2886 3096 ,
2917 3029 3223 3094 beatitudo,
3266 3029 3564 3096 silentium,

1961 3122 2056 3178 sed
2085 3122 2227 3192 apud
2253 3137 2311 3176 se
2337 3125 2566 3193 loquens
2588 3121 2862 3176 silentium
2885 3162 2902 3189 ,
2927 3121 3163 3176 Verbum
3189 3159 3205 3186 ,
3232 3120 3400 3176 Verbi
3426 3119 3564 3174 Ver-

257 3215 409 3268 esse,
432 3217 553 3272 qua:
593 3201 892 3257 substantia
919 3211 1002 3257 est
1030 3210 1208 3257 motus
1232 3243 1246 3268 ,
1273 3202 1398 3272 quia
1429 3203 1612 3271 etipse
1633 3243 1647 3267 ,
1677 3211 1736 3257 ut
1761 3202 1857 3257 do-

1968 3214 2092 3269 bum
2116 3231 2130 3268 :
2154 3213 2278 3283 quid
2308 3213 2468 3269 etiam
2496 3223 2581 3269 est
2606 3213 2856 3268 voluntas
2885 3212 3079 3284 patris,
3106 3213 3209 3267 nisi
3233 3211 3403 3266 silens
3436 3211 3568 3266 Ver-

257 3294 510 3362 cuimus,
577 3295 691 3365 ipsa
749 3295 1050 3351 substantia
1105 3305 1218 3362 est,
1265 3295 1547 3368 geminans
1611 3296 1854 3366 potentia

257 3389 443 3456 valet,
479 3398 534 3446 et
560 3389 870 3456 vitalitatis,
903 3398 960 3446 et
994 3391 1304 3462 sapientiai,
1339 3400 1500 3462 atque
1553 3391 1856 3462 intelligen-

256 3484 377 3550 tiae,
407 3485 478 3538 ita
507 3485 759 3552 scilicet,
789 3493 848 3539 ut
890 3485 943 3540 in
1000 3485 1255 3541 omnibus
1299 3486 1526 3556 singulis
1578 3485 1677 3540 tria
1700 3485 1809 3540 sint
1839 3503 1852 3538 ;

253 3594 386 3651 ergo
404 3578 635 3649 Spiritus
664 3589 884 3636 sanctus
928 3581 1152 3636 scientia
1181 3589 1265 3635 est
1317 3589 1373 3635 et
1420 3581 1708 3650 sapientia.
1744 3579 1858 3636 Hoc

254 3673 330 3727 ita
357 3687 479 3728 esse
531 3673 761 3743 probant
812 3688 982 3729 sacrae
1036 3672 1297 3729 lectiones
1341 3672 1382 3742 (I
1420 3671 1539 3727 Car.
1590 3689 1647 3728 ιι.
1705 3671 1794 3742 16)
1841 3691 1854 3728 :

257 3763 392 3832 Quis
414 3764 512 3819 Dei
532 3775 748 3819 mentem
774 3767 1036 3837 cognovit,
1056 3766 1156 3819 nisi
1182 3765 1326 3820 solus
1368 3765 1597 3836 Spiritus
1621 3766 1647 3818 .9
1675 3763 1854 3836 (Rom.

253 3875 373 3914 vni.
396 3859 488 3929 16)
514 3877 526 3913 :
556 3858 680 3931 Ipse
701 3861 932 3930 Spiritus
949 3862 1290 3916 testimonium
1316 3861 1484 3916 reddit
1505 3862 1711 3931 spiritui
1735 3878 1854 3916 nos-

256 3965 360 4010 tro.
394 3955 528 4023 Quis
557 3955 714 4010 testis
743 3955 863 4008 sine
916 3954 1180 4009 scientia?
1213 3953 1278 4008 Et
1307 3953 1530 4008 scientia
1563 3953 1703 4022 ipsa,
1734 3955 1858 4022 quia

253 4048 530 4119 sapientia
551 4057 663 4110 est.
692 4047 854 4103 docet
896 4063 996 4101 nos
1029 4061 1151 4101 esse
1184 4046 1322 4100 tilios
1371 4047 1484 4100 Dei.
1519 4045 1652 4100 Item
1687 4061 1701 4100 :
1730 4045 1863 4113 Quis

252 4151 442 4197 autem
466 4149 740 4196 scrutatur
789 4139 995 4194 corda?
1025 4139 1144 4207 quis
1173 4139 1276 4193 scit
1320 4138 1676 4208 cogitationes
1705 4139 1864 4208 spiri-

255 4235 388 4290 tus?
416 4235 548 4290 Item
575 4233 846 4304 quomodo
886 4232 952 4288 ad
1010 4233 1289 4288 scientiam
1336 4233 1636 4302 junguntur
1661 4231 1864 4286 ambo?

254 4327 445 4402 (Rom.
481 4344 553 4382 ix.
591 4325 644 4397 l)
676 4344 688 4381 :
729 4325 1000 4381 Veritatem
1025 4327 1138 4380 dico
1166 4326 1218 4379 in
1242 4323 1466 4380 Christo.
1499 4323 1601 4380 Ubi
1632 4325 1861 4390 veritas,

251 4421 333 4475 ibi
357 4420 583 4475 scientia
605 4463 618 4484 ,
654 4420 776 4489 quia
801 4419 999 4473 veritas
1027 4415 1310 4480 Christus;
1346 4416 1467 4471 ideo
1497 4425 1553 4470 et
1597 4416 1818 4472 scientia
1847 4456 1862 4481 ,

1963 3307 2128 3362 bum?
2175 3307 2288 3363 Hoc
2338 3322 2468 3378 ergo
2500 3307 2663 3363 modo
2690 3323 2812 3362 cum
2842 3306 3079 3362 Verbum
3104 3315 3260 3376 pater
3281 3307 3350 3361 sit
3370 3345 3384 3367 ,
3417 3313 3472 3359 et
3498 3304 3565 3359 ﬁ-

1959 3402 2064 3457 lius
2086 3401 2321 3458 Verbum
2342 3442 2356 3466 ,
2377 3401 2428 3456 id
2459 3413 2570 3468 εει,
2596 3415 2796 3457 sonans
2820 3400 3061 3456 Verbum
3087 3409 3249 3470 atque
3279 3412 3514 3467 operans
3540 3413 3555 3450 :

1959 3508 2123 3564 ergo,
2154 3494 2371 3564 inquam
2391 3535 2404 3558 ,
2435 3494 2479 3548 si
2508 3503 2562 3549 et
2593 3503 2766 3564 pater,
2795 3502 2853 3548 et
2879 3491 3024 3547 ﬁlius
3046 3491 3282 3547 Verbum
3312 3499 3428 3557 est,
3461 3507 3565 3545 una

1957 3585 2256 3640 substantia
2289 3593 2391 3640 est.
2433 3585 2638 3640 Deinde
2668 3583 2848 3656 (Joan.
2876 3598 2934 3651 v,
2962 3581 3055 3654 30)
3078 3601 3090 3637 :
3117 3581 3346 3644 Justum.
3373 3582 3567 3652 inquit,

1959 3694 2129 3733 meum
2149 3677 2410 3748 judicium
2439 3688 2516 3731 est
2534 3719 2549 3745 ,
2580 3677 2704 3748 quia
2729 3693 2834 3730 non
2861 3692 3037 3747 quaero
3064 3675 3234 3746 facere
3259 3675 3569 3729 voluntatem

1961 3787 2127 3825 meam
2147 3811 2161 3836 ,
2188 3771 2278 3824 sed
2299 3771 2408 3840 ejus
2428 3770 2515 3839 qui
2541 3786 2621 3823 me
2646 3769 2801 3822 misit.
2825 3768 2970 3839 Ergo
2992 3783 3095 3823 una
3117 3767 3368 3823 voluntas
3385 3809 3400 3834 ,
3426 3765 3568 3822 unde

1964 3881 2068 3920 una
2098 3865 2435 3921 substantia:
2470 3865 2593 3935 quia
2623 3874 2678 3920 et
2707 3866 2820 3933 ipsa
2858 3864 3105 3919 voluntas
3134 3863 3432 3920 substantia
3462 3872 3564 3920 est.

1963 3957 2201 4013 Verbum
2231 3966 2409 4011 autem
2440 3955 2612 4026 ipsum
2637 3957 2802 4012 vitam
2831 3972 2953 4011 esse
2973 3957 3051 4010 sic
3081 3954 3563 4022 ostenditurUbirt.

1964 4048 2059 4122 40)
2079 4067 2091 4103 :
2115 4047 2236 4103 Non
2252 4047 2404 4102 uultis
2417 4048 2484 4101 ad
2498 4065 2575 4102 me
2586 4049 2772 4112 venire,
2789 4059 2844 4102 ut
2859 4048 3013 4101 vitam
3031 4047 3278 4101 habeatis.
3301 4045 3502 4101 Deinde
3515 4057 3570 4102 et

1965 4143 2033 4198 de
2059 4141 2163 4197 hoc
2188 4149 2358 4196 totum
2387 4143 2701 4212 mysterium
2730 4149 2847 4205 est,
2872 4140 3015 4210 quod
3041 4154 3254 4210 espono
3280 4137 3458 4211 (Joan.
3489 4154 3566 4206 vi,

1966 4235 2059 4306 57)
2083 4251 2096 4288 :
2133 4233 2296 4288 Omne
2323 4233 2458 4304 quod
2509 4233 2634 4287 mihi
2660 4232 2837 4286 datum
2862 4241 2936 4286 est
2963 4249 2995 4286 a
3020 4229 3174 4285 Patre
3200 4231 3342 4302 apud
3366 4246 3446 4284 me
3469 4230 3568 4284 Ita-

1967 4330 2075 4385 beo.
2100 4329 2233 4398 Quia
2260 4343 2390 4382 vero
2441 4326 2584 4382 idem
2632 4333 2810 4381 motus
2835 4334 2916 4380 est
2947 4324 3090 4394 quod
3121 4339 3278 4391 esse,
3326 4332 3383 4379 et
3425 4324 3568 4392 quod

1967 4431 2195 4478 estesse
2216 4429 2394 4476 motus
2420 4431 2524 4485 est,
2553 4427 2607 4474 et
2632 4419 2756 4490 quia
2785 4417 3012 4489 quadam
3046 4417 3396 4488 intelligentia
3421 4415 3572 4486 prius

249 4513 408 4584 quod
449 4523 532 4568 est
586 4510 822 4580 Spiritus
863 4519 1105 4564 sanctus.
1165 4507 1232 4564 Et
1263 4510 1389 4563 item
1437 4505 1631 4579 (1bid.)
1676 4525 1690 4560 :
1741 4505 1857 4562 Non

1969 4531 2123 4585 esse,
2154 4516 2223 4571 ab
2266 4530 2331 4570 eo
2354 4513 2497 4585 quod
2527 4511 2733 4567 moveri
2759 4553 2774 4577 ,
2806 4510 2901 4566 sed
2929 4511 3076 4581 prius
3103 4511 3234 4566 κατὰ
3274 4510 3332 4565 τὸ
3369 4506 3532 4565 αἴτιον
3551 4548 3569 4574 ,

248 4579 502 4672 mentior,
522 4579 858 4660 testimonium
889 4603 1013 4656 milii
1038 4601 1329 4674 per/tibente
1357 4601 1665 4655 conscientia
1685 4615 1798 4654 mea
1812 4600 1865 4655 in
1890 4579 1946 4640 Ῑ)
1971 4611 2021 4667 id
2052 4579 2156 4675 est,
2211 4579 2506 4664 secundum
2538 4619 2788 4660 causam:
2831 4579 2953 4658 ideo
3005 4602 3155 4657 dedit
3199 4611 3349 4671 pater
3379 4600 3488 4655 ﬁlio
3517 4610 3577 4656 et

250 4698 471 4768 Spiritu
487 4707 682 4751 sancto.
704 4695 841 4762 Quid
871 4705 954 4752 est
979 4696 1124 4750 enim
1151 4693 1297 4749 aliud
1320 4692 1648 4749 conscientia
1665 4733 1682 4760 ,
1706 4709 1866 4763 quam

249 4805 392 4845 cum
422 4789 594 4844 altero
621 4789 886 4845 scientia?
917 4787 1068 4843 Nunc
1092 4797 1272 4844 nostra
1320 4803 1441 4843 cum
1474 4787 1710 4858 Spiritu,
1739 4801 1870 4857 ergo

250 4880 505 4952 Spiritus
521 4881 742 4936 scientia
774 4899 788 4937 :
822 4889 877 4936 et
900 4878 1151 4936 Christus
1175 4887 1260 4936 est
1278 4880 1502 4936 scientia
1521 4921 1536 4946 ,
1577 4880 1702 4950 quia
1731 4881 1872 4936 veri-

253 4983 393 5040 tas;
421 4991 550 5046 ergo
585 4984 640 5031 et
668 4973 917 5030 Christus
961 4986 1017 5030 et
1073 4973 1309 5043 Spiritus
1337 4973 1586 5028 scientia.
1614 4973 1686 5029 At
1723 4975 1870 5030 enim

250 5067 520 5124 Christus
539 5067 646 5122 vita
683 5085 695 5121 :
724 5065 860 5135 Quid
882 5068 927 5122 si
969 5065 1204 5138 Spiritus
1234 5067 1376 5122 vita:
1410 5082 1550 5122 unus
1597 5066 1780 5133 enim,
1813 5075 1873 5122 ut

250 5161 422 5230 dixi,
455 5171 632 5216 motus
661 5169 785 5227 est,
809 5170 864 5216 et
908 5159 1097 5216 eadem
1146 5159 1252 5214 vita
1297 5175 1417 5230 quae
1447 5158 1673 5214 scientia
1700 5176 1713 5213 :
1742 5157 1871 5229 quid

250 5255 420 5313 enim
452 5256 508 5310 in
539 5253 758 5311 Christo
790 5253 1003 5319 doctus,
1033 5252 1086 5308 id
1117 5262 1232 5319 est,
1283 5268 1314 5308 a
1364 5254 1504 5317 Deo;
1535 5261 1729 5308 etcum
1751 5252 1875 5307 dico

1972 4713 2208 4768 motum,
2255 4701 2344 4771 qui
2374 4709 2429 4755 et
2457 4697 2599 4769 quod
2652 4705 2734 4752 est
2771 4709 2893 4751 esse
2945 4693 3126 4749 habet.
3177 4692 3320 4770 Ergo
3367 4700 3574 4748 motum

1972 4809 2093 4851 esse
2119 4805 2201 4850 est
2238 4794 2417 4866 λόγοςε
2463 4790 2625 4861 igitur
2651 4792 2741 4860 qui
2782 4795 2958 4842 motus
2984 4795 3068 4842 est
3117 4785 3278 4841 habet
3315 4793 3370 4841 et
3407 4798 3572 4841 esse:

1975 4903 2097 4946 esse
2136 4895 2314 4942 autem
2344 4885 2450 4939 vita
2481 4891 2568 4940 est
2594 4891 2648 4938 et
2677 4881 2934 4938 scientia:
2967 4880 3130 4936 habet
3160 4879 3318 4951 igitur
3345 4879 3526 4935 omnia
3559 4921 3574 4944 ,

1973 4981 2096 5052 quia
2128 4976 2296 5050 patris
2347 4975 2508 5032 habet
2535 4989 2692 5031 esse:
2725 4989 2854 5046 ergo
2904 4974 3234 5029 voluntatem
3261 4973 3429 5044 patris
3475 4972 3575 5026 im-

1979 5071 2091 5143 plet
2116 5071 2274 5126 ﬁlius.
2305 5068 2437 5137 Quae
2471 5077 2652 5124 autem
2681 5067 2929 5123 voluntas
2953 5109 2970 5134 ,
3000 5066 3100 5122 nisi
3121 5066 3244 5139 quia
3270 5081 3390 5121 cum
3423 5075 3577 5136 pater

1981 5166 2092 5221 vita
2115 5165 2220 5230 sit,
2256 5173 2434 5219 motus
2460 5172 2545 5220 est
2581 5162 2691 5218 vita
2721 5161 2881 5233 ejus?
2915 5161 3032 5217 haec
3070 5161 3314 5217 voluntas
3340 5167 3424 5214 est
3447 5199 3462 5224 ,
3489 5156 3575 5212 vi-

1981 5274 2109 5314 vere
2159 5257 2334 5314 facere
2382 5257 2508 5311 alia.
2555 5254 2684 5311 Haec
2711 5269 2841 5326 ergo
2869 5263 2923 5310 et
2969 5260 3060 5310 τοῦ
3111 5254 3320 5326 λόγουη
3353 5249 3405 5304 id
3453 5256 3577 5312 est,

248 5355 499 5418 doctus,
523 5367 552 5407 a
582 5351 804 5407 scientia
825 5349 979 5419 dico,
1009 5350 1152 5422 quod
1177 5351 1292 5406 sive
1333 5366 1364 5406 a
1389 5348 1636 5417 Christo,
1685 5351 1801 5406 sive
1845 5364 1878 5405 a
1978 5350 2181 5408 Christi
2213 5349 2374 5423 (Ibid.
2401 5392 2418 5417 ,
2447 5348 2534 5412 59,
2565 5348 2678 5419 40).
2709 5349 2839 5414 Qua:
2865 5357 2972 5415 est,
2996 5346 3189 5416 inquit,
3214 5343 3448 5397 uoluntas
3474 5339 3580 5394 Pa-

249 5448 516 5520 Spiritu,
541 5459 706 5502 unum
728 5453 888 5515 atque
918 5444 1056 5499 idem
1079 5454 1164 5500 est
1187 5461 1202 5509 ;
1251 5443 1378 5512 quid
1406 5441 1548 5499 enim
1575 5441 1708 5498 dicit
1733 5441 1876 5497 Pau-

249 5545 399 5608 lus,
455 5555 578 5597 cum
604 5548 892 5607 utrumque
943 5536 1177 5606 idipsum
1231 5549 1352 5592 esse
1397 5536 1637 5591 declaret
1695 5535 1874 5603 (Rom.

1982 5445 2072 5499 tris
2091 5444 2179 5516 qui
2204 5459 2284 5498 me
2303 5443 2478 5498 misit?
2497 5450 2552 5496 ut
2571 5458 2635 5496 ea:
2654 5458 2712 5496 eo
2732 5441 2867 5512 quod
2886 5440 3010 5494 milii
3031 5438 3168 5493 dedit
3191 5433 3321 5489 nihit
3343 5433 3574 5502 perdam,

1980 5539 2071 5595 sed
2094 5555 2358 5611 resurgere
2385 5538 2573 5609 faciam
2601 5537 2657 5590 id
2677 5537 2847 5607 ipsum
2870 5543 3125 5605 postrema
3154 5530 3255 5583 die.
3284 5526 3413 5581 Ηωυ
3441 5527 3578 5580 enim

247 5651 397 5693 vnn.
443 5633 542 5708 6)?
571 5631 858 5688 Prudentia
897 5645 1015 5685 uero
1053 5629 1266 5700 spiritus
1289 5670 1305 5698 ,
1358 5629 1460 5685 vita
1510 5637 1606 5684 est.
1662 5627 1882 5687 Estuat
1980 5633 2215 5690 voluntas
2241 5642 2314 5690 est
2345 5632 2520 5689 Patris
2539 5631 2638 5688 mei
2660 5672 2674 5700 ,
2702 5639 2757 5686 ut
2779 5630 2942 5685 omnis
2965 5626 3053 5697 qui
3081 5623 3214 5681 videt
3237 5621 3428 5679 Filium
3452 5629 3498 5676 et
3524 5621 3580 5674 in

340 5824 432 5898 (1)
449 5818 619 5876 Omni.
649 5818 811 5875 Forte
835 5814 1026 5872 omnia.
