4018 6184
275 282 400 340 "09

1398 282 1767 343 onaasus
1797 284 2019 343 Amuu
2059 284 2265 343 LIBER
2295 265 2388 344 in.

3433 291 3567 349 iliO

271 412 408 457 trem.
441 401 509 456 Et
539 399 718 473 (Joan.
741 415 851 466 xw,
874 398 933 473 9)
959 417 973 455 :
1004 400 1107 469 Qui
1138 414 1216 455 me
1239 400 1366 455 uidit
1398 399 1523 455 vidit
1557 410 1605 455 et
1627 399 1859 457 Patrem.
1888 403 1942 464 Α
1967 401 2145 458 adhuc
2175 411 2358 473 postea
2390 411 2649 459 venturus
2678 413 2792 471 est,
2823 413 2877 461 et
2901 421 3005 462 non
3025 405 3133 477 jam
3166 370 3262 476 per
3288 374 3565 462 Christum

273 492 401 549 Hinc
426 502 482 548 et
525 490 658 548 illud
697 491 862 565 (Ibid.
885 529 904 560 ,
929 490 1061 565 ll):
1097 491 1219 546 Non
1261 492 1461 560 credis,
1507 492 1646 563 quod
1690 510 1781 565 ego
1810 494 1865 549 in

276 584 427 641 Patre
446 626 464 652 ,
516 593 564 639 et
592 583 752 639 Pater
789 586 842 639 in
868 586 987 639 me?
1017 584 1152 640 Hinc
1180 595 1235 641 et
1266 585 1396 640 illud
1427 588 1654 659 mystice
1682 584 1862 657 (Joan.

273 691 372 743 xlv,
405 674 539 749 ﬂ):
596 676 737 731 Etsi
782 676 907 748 quid
954 676 1233 745 aliquando
1276 678 1519 748 petieritis
1562 680 1615 733 in
1662 680 1868 736 nomine

273 784 376 824 meo
394 809 410 835 ,
432 769 569 824 istud
596 769 803 840 faciam.
828 768 965 837 Quid
987 777 1070 826 est
1092 777 1274 841 petere
1298 771 1350 825 in
1371 770 1574 827 ChriSIi
1604 772 1824 829 nomine
1840 772 1867 827 ι

274 861 498 917 animam
528 871 784 918 aeternam
836 861 981 925 ﬁeri,
1024 863 1200 918 lucem
1235 862 1329 918 Dei
1356 862 1572 930 videre,
1602 864 1669 919 ad
1690 865 1865 935 ipsum

276 952 558 1010 videndum
589 955 807 1021 venire,
838 963 1097 1011 aeternam
1133 956 1295 1011 vitam
1324 955 1522 1012 habere
1543 998 1557 1024 ,
1589 973 1695 1012 non
1733 957 1868 1013 divi-

274 1047 369 1104 tias
394 1088 409 1113 ,
442 1062 548 1102 non
580 1047 724 1103 iilios
745 1089 760 1114 ,
790 1062 897 1104 non
926 1047 1194 1117 honores,
1228 1048 1467 1120 nihilque
1491 1049 1820 1105 mundanum
1847 1091 1863 1117 ,

274 1140 361 1196 sed
407 1139 652 1211 spiritale
714 1156 909 1208 omne,
963 1152 1124 1211 atque
1174 1157 1337 1198 omne
1401 1157 1509 1213 quo
1567 1142 1701 1197 uniti
1756 1142 1867 1199 Deo

271 1230 481 1288 Christo
515 1235 841 1305 iungamur:
886 1234 989 1291 hoc
1034 1235 1176 1291 enim
1202 1243 1321 1299 est.
1351 1244 1410 1290 ut
1455 1235 1785 1306 gioriﬁcetur
1812 1235 1867 1294 in

272 1325 404 1381 Filio
424 1368 439 1393 ,
463 1326 514 1383 id
542 1336 657 1394 est,
688 1330 795 1384 vita
835 1328 1033 1385 interna
1056 1371 1072 1396 ,
1110 1344 1270 1400 quam
1300 1330 1604 1400 petentibus
1631 1328 1790 1384 dabo.

336 1417 475 1475 XIV.
531 1418 885 1493 Subjungitur
932 1420 1131 1477 deinde
1180 1420 1490 1491 plenissime
1543 1420 1612 1477 de
1661 1420 1867 1492 Spiritu

269 1522 450 1568 sancto
473 1553 488 1577 ,
514 1511 641 1582 quid
662 1514 771 1578 sit,
803 1513 947 1569 unde
971 1513 1076 1579 sit,
1104 1510 1247 1584 quod
1276 1513 1391 1583 ipse
1422 1513 1492 1567 sit
1513 1510 1673 1584 (Ibid.
1704 1555 1719 1579 ,
1754 1513 1823 1569 l5
1846 1555 1863 1583 ,

269 1603 387 1674 i6):
421 1603 483 1659 Si
513 1603 678 1665 enim.
728 1605 900 1675 lnquit
920 1645 936 1670 ,
963 1620 1045 1659 me
1072 1605 1256 1659 amatis
1276 1644 1292 1670 ,
1338 1604 1583 1659 mandata
1608 1621 1719 1660 mea
1748 1621 1866 1660 cus-

264 1694 436 1750 todite.
469 1695 540 1749 Et
565 1710 661 1768 ego
678 1696 872 1769 rogabo
907 1695 1116 1752 Patrem
1145 1712 1312 1751 meum
1333 1739 1348 1765 ,
1394 1706 1442 1751 et
1489 1697 1649 1751 alium
1696 1696 1862 1752 Para-

1970 495 2111 565 apud
2143 495 2266 551 illos
2286 512 2407 551 esse
2429 494 2626 569 carpit?
2652 495 2796 570 Ergo
2812 496 2987 568 juncti
3020 508 3180 568 atque
3201 510 3265 552 ex
3292 512 3398 551 uno
3419 505 3565 563 sunt,

1968 589 2061 659 qui
2086 598 2266 645 motus
2295 598 2399 646 est.
2425 589 2484 645 1d
2526 591 2764 661 apertius
2790 593 2843 648 in
2870 593 3219 663 sequentibus
3239 592 3566 660 declaratur,

1968 680 2045 734 ait
2071 681 2216 737 enim
2250 679 2413 754 (Ibid.
2443 725 2457 750 ,
2507 682 2607 749 25,
2631 683 2760 753 26):
2814 682 2943 740 Haec
2986 685 3125 740 vobis
3162 683 3272 740 dixi
3315 685 3455 757 apud
3482 702 3570 740 vos

1968 786 2197 827 manens.
2229 772 2534 829 Paracietus
2560 785 2731 830 autem
2752 775 2983 849 Spiritus
3003 789 3245 846 sanctus,
3285 794 3432 850 quem
3454 781 3573 833 mit-

1970 870 2037 918 tet
2066 863 2226 920 Pater
2254 868 2310 921 in
2339 868 2545 922 nomine
2585 884 2697 922 meo
2722 910 2737 936 ,
2770 883 2858 923 vos
2889 868 3086 924 docebit
3112 871 3284 925 omnia
3312 885 3571 936 quwcum-

1967 974 2067 1026 que
2092 960 2228 1014 dico.
2257 959 2368 1034 Ego
2399 1003 2414 1029 ,
2438 962 2648 1032 inquit,
2678 964 2730 1016 in
2758 963 2898 1017 vobis
2920 979 3118 1018 maneo.
3157 964 3284 1019 Data
3314 974 3399 1020 est.
3422 966 3567 1021 enim

1968 1053 2119 1122 vita,
2162 1068 2261 1109 nec
2291 1052 2360 1110 ab
2390 1054 2493 1110 illis
2515 1054 2626 1125 jam
2655 1054 2902 1111 Christus
2940 1055 3215 1112 abscedit:
3246 1065 3372 1112 sunt
3409 1057 3570 1128 igitur

1969 1152 2024 1202 et
2049 1144 2276 1217 Spiritali
2304 1154 2452 1201 motu
2477 1188 2493 1215 ,
2527 1147 2670 1218 quod
2692 1156 2774 1203 est
2803 1145 3077 1204 Christum
3110 1149 3161 1204 in
3187 1148 3289 1204 illis
3312 1164 3565 1206 manere:

1969 1240 2070 1312 ipsi
2096 1248 2275 1296 autem
2307 1242 2501 1297 animae
2520 1284 2535 1309 ,
2571 1242 2621 1296 in
2646 1242 2840 1314 quibus
2860 1243 3080 1313 spiritus
3101 1251 3315 1310 manet,
3346 1259 3448 1300 nec
3468 1244 3569 1299 ali-

1969 1330 2188 1403 quando
2236 1332 2496 1400 discedit,
2534 1332 2736 1389 dictum
2779 1343 2958 1391 tamen
2999 1334 3179 1409 (Joan.
3238 1348 3367 1404 xvr,
3436 1334 3565 1407 ili):

1972 1422 2129 1478 Nunc
2153 1424 2235 1478 ibo
2263 1426 2332 1478 ad
2364 1423 2591 1480 Patrem.

2039 1517 2157 1573 XV.
2196 1517 2334 1586 Quid
2362 1519 2501 1574 istud
2538 1521 2605 1574 sit
2648 1518 2806 1576 facile
2859 1520 3083 1593 intelligi
3113 1530 3322 1592 potest,
3351 1522 3394 1577 si
3424 1523 3567 1577 acci-

1970 1613 2147 1683 piatur
2172 1628 2237 1669 ex
2286 1614 2543 1686 mysterio
2587 1613 2786 1669 dictum
2813 1656 2828 1682 ,
2860 1622 2914 1671 et
2955 1615 3219 1687 corporali
3268 1618 3564 1690 mysterio:

1967 1720 2095 1760 nam
2124 1705 2440 1775 spiritaliter
2467 1721 2587 1761 cum
2613 1714 2668 1761 et
2697 1706 2811 1779 ipse
2842 1707 2893 1761 in
2918 1707 3079 1764 Patre
3111 1709 3220 1775 sit,
3250 1717 3305 1764 et
3331 1719 3483 1779 pater
3512 1709 3565 1763 in

261 1787 441 1841 cletum
469 1787 611 1841 dabit
661 1788 802 1843 vobis
828 1829 843 1855 ,
890 1797 948 1842 ut
972 1788 1230 1844 vobiscum
1257 1790 1323 1844 sit
1365 1789 1421 1843 in
1459 1805 1606 1843 omne
1640 1800 1859 1861 tempus.
1895 1792 1937 1853 Β
1972 1798 2087 1869 ipso
2112 1840 2125 1861 ,
2158 1814 2264 1869 quo
2285 1841 2299 1863 ,
2333 1808 2425 1853 ant
2466 1814 2632 1872 quare
2658 1800 2776 1855 ibit.
2832 1802 2907 1856 Ex
2939 1801 3128 1858 eodem
3156 1803 3417 1875 mysterio
3445 1812 3525 1863 est
3548 1845 3562 1866 .

259 1877 392 1947 Quid
435 1887 518 1935 est
560 1879 911 1947 Paracletns,
956 1883 1045 1953 qui
1074 1892 1285 1937 asserat
1325 1880 1675 1952 adstruatque
1717 1882 1860 1952 apud

259 1972 467 2028 Patrem
491 1972 737 2030 homines
762 1989 952 2031 omnes
978 1974 1170 2031 ﬁdeles
1198 1985 1359 2046 atque
1378 1975 1701 2032 credentes?
1729 1976 1861 2044 Quis

259 2072 338 2118 est
367 2064 467 2120 iste
491 2065 515 2120 ἲ
547 2081 685 2121 unus
713 2081 782 2122 ne
817 2066 968 2122 solus
995 2066 1229 2137 Spiritus
1257 2067 1515 2122 sanctus?
1540 2082 1607 2122 an
1642 2067 1780 2123 idem
1805 2076 1862 2125 et

257 2157 548 2213 Christus?
576 2159 787 2215 Etenim
832 2160 951 2230 ipse
978 2159 1145 2215 dixit:
1178 2159 1338 2214 alium
1365 2158 1691 2214 Paractetum
1720 2161 1861 2217 dabit

255 2251 390 2306 vobis
420 2249 577 2306 Deus.
628 2251 762 2306 Dum
807 2252 946 2307 dixit
970 2252 1164 2320 alium,
1214 2266 1274 2308 se
1320 2251 1456 2307 dixit
1500 2253 1661 2308 alium
1689 2271 1704 2321 ;
1731 2254 1857 2309 dum

254 2347 385 2403 dixit
433 2346 789 2416 Paracietum,
846 2363 1069 2418 Operam
1119 2348 1351 2404 similem
1415 2347 1751 2417 declaravit,
1804 2356 1860 2405 et

252 2440 496 2498 eamdem
521 2441 920 2513 quodammodo
939 2443 1227 2498 actionem.
1256 2442 1397 2512 Ergo
1417 2451 1473 2497 et
1495 2441 1730 2515 Spiritus
1752 2442 1858 2498 Pa-

251 2536 523 2611 racletus,
553 2544 609 2591 et
653 2535 885 2607 Spiritus
930 2547 1189 2603 sanctus,
1238 2535 1378 2591 alius
1428 2536 1768 2603 Paracletus,
1802 2545 1859 2592 et

252 2627 367 2697 ipse
402 2642 436 2682 a
484 2635 636 2699 patre
667 2628 918 2684 mittitur.
969 2628 1127 2685 Jesus
1166 2643 1296 2700 ergo
1323 2626 1554 2700 Spiritus
1601 2636 1853 2686 sanctus:

250 2727 429 2775 motus
455 2720 599 2776 enim
626 2720 879 2792 Spiritus,
904 2722 1048 2779 unde
1068 2732 1121 2778 et
1140 2722 1375 2795 Spiritus
1403 2731 1600 2789 motus,
1625 2738 1690 2779 eo
1711 2722 1854 2796 quod

249 2811 480 2882 Spiritus
511 2812 693 2882 (Joan.
719 2829 810 2882 ιιι,
844 2814 935 2885 8):
982 2814 1162 2888 Spirat
1199 2817 1334 2870 enim
1374 2817 1460 2871 ubi
1484 2816 1606 2871 uult.
1644 2817 1710 2872 Et
1739 2818 1856 2886 ipse

251 2920 391 2962 nunc
419 2907 587 2962 dicit:
618 2907 848 2979 Spiritus
871 2910 1119 2975 ueritatis,
1145 2921 1197 2965 et
1223 2910 1293 2965 ita
1322 2911 1370 2965 ei
1397 2923 1595 2965 nomen
1627 2921 1704 2966 εει
1733 2910 1856 2981 Spi-

250 2998 383 3054 ritus
422 3007 668 3067 sanctus,
722 2999 954 3071 Spiritus
999 3002 1162 3056 etiam
1202 3002 1489 3070 Christus,
1540 3002 1772 3073 Spiritus
1801 3008 1856 3060 et

255 3091 426 3157 Deus,
456 3105 645 3146 omnes
675 3106 805 3163 ergo
843 3092 1094 3162 Spiritus.
1132 3093 1326 3150 Verum
1358 3095 1498 3150 Deus
1527 3096 1851 3151 substantia

1962 1889 2103 1962 quod
2134 1888 2199 1945 ad
2230 1889 2503 1946 Christum
2563 1893 2793 1963 Spiritus
2836 1894 3103 1951 columba:
3150 1896 3345 1951 similis
3376 1899 3524 1952 venit
3548 1941 3563 1959 ,

1961 1988 2017 2036 ει
2041 1980 2185 2052 quod
2214 1998 2378 2036 nunc.
2400 1982 2634 2054 Spiritus
2665 1985 2910 2041 mittetur
2939 2001 2969 2039 a
3006 1996 3162 2059 patre
3182 2030 3196 2053 ,
3232 1996 3283 2043 et
3325 1988 3566 2043 mittetur

1962 2074 2027 2129 ad
2057 2083 2264 2145 patrem
2292 2116 2307 2141 ,
2338 2074 2556 2131 Christo
2602 2087 2763 2133 eunte
2790 2087 2845 2133 et
2874 2089 3089 2149 petente
3120 2087 3177 2135 ut
3224 2079 3496 2135 mittatur:
3534 2096 3563 2133 a

1963 2176 2138 2222 morte
2168 2166 2312 2221 enim
2342 2166 2454 2221 vita
2503 2175 2792 2237 revoCata,
2843 2179 2898 2226 ct
2948 2172 3058 2227 vita
3106 2188 3212 2229 non
3263 2172 3375 2245 ipsa
3420 2172 3562 2242 vita,

1960 2258 2083 2329 quia
2114 2259 2270 2334 Λόνγος
2295 2270 2379 2315 εει
2403 2276 2415 2311 :
2450 2258 2563 2315 lituo
2590 2261 2732 2316 enim
2759 2272 2985 2319 mortem
3019 2265 3226 2333 nescit,
3252 2265 3422 2336 magis
3451 2265 3566 2319 Itn-c

1960 2349 2075 2422 ipsa
2106 2350 2359 2407 interﬁcit
2391 2365 2657 2421 mortem;
2704 2353 2799 2411 sed
2848 2356 2951 2410 tita
3000 2372 3120 2426 quae
3152 2356 3206 2412 in
3255 2356 3565 2412 hominibus

1963 2443 2263 2500 resurrexit
2309 2460 2340 2499 a
2372 2453 2565 2501 morte.
2597 2445 2769 2514 Quam
2798 2446 2983 2518 utique
3032 2447 3207 2503 induit
3251 2448 3409 2503 simul
3437 2463 3560 2502 cum

1957 2552 2187 2607 corpore
2212 2579 2226 2603 ,
2258 2545 2313 2592 et
2339 2553 2458 2593 eam
2485 2536 2554 2592 ab
2600 2537 2811 2594 inferno
2836 2539 3146 2609 resumpsit.
3170 2537 3397 2611 Propter
3424 2541 3564 2595 hanc

1957 2627 2120 2699 igitur
2148 2627 2589 2684 sanctiﬁcandam
2611 2670 2625 2694 ,
2662 2629 2897 2684 eundum
2943 2628 3044 2686 fuit
3073 2626 3141 2686 ad
3184 2636 3391 2702 patrem
3415 2673 3429 2694 ,
3464 2628 3561 2685 sed

1958 2721 2320 2791 corporaliter
2347 2721 2524 2792 adque
2569 2721 2890 2789 animalitcr,
2937 2722 2990 2777 id
3013 2732 3124 2788 est,
3173 2722 3226 2778 in
3259 2723 3310 2778 id
3339 2721 3479 2796 quod
3509 2722 3563 2776 in

1957 2829 2018 2869 se
2048 2822 2199 2884 pater
2230 2812 2401 2868 fuerat
2431 2812 2818 2882 penetrandum
2843 2813 3208 2884 potentialiter
3237 2822 3401 2885 atque
3447 2812 3563 2867 exi-

1957 2904 2317 2962 stentialiter:
2353 2905 2457 2959 hoc
2485 2904 2647 2976 igitur
2676 2905 2837 2961 modo
2859 2904 2957 2960 ivit
2976 2904 3042 2961 ad
3071 2915 3299 2976 patrem.
3323 2903 3564 2977 Denique

1958 3013 2058 3054 nec
2076 2997 2333 3053 absentia:
2348 3007 2558 3068 tempus
2572 2996 2830 3063 edictum,
2845 2996 2941 3052 sed
2958 3004 3145 3052 contra
3158 2995 3359 3052 dictum
3375 2995 3558 3066 (Joan.

1956 3106 2046 3154 xx,
2069 3090 2218 3157 i,i7,
2239 3090 2326 3157 ts,
2349 3089 2436 3156 l9,
2453 3088 2546 3157 20,
2561 3090 2655 3153 27,
2671 3087 2785 3160 29),
2809 3087 2948 3159 quod
2969 3097 3125 3144 nocte
3144 3100 3264 3158 quae
3280 3087 3560 3143 sabbatum

249 3180 375 3238 liter
414 3180 678 3252 Spiritus:
729 3183 868 3239 inest
894 3185 1035 3240 enim
1081 3187 1135 3240 in
1161 3200 1229 3240 eo
1257 3185 1398 3256 quod
1444 3196 1529 3242 est
1558 3188 1855 3249 substantia
1882 3176 1928 3239 C
1960 3180 2204 3252 sequitur
2244 3180 2550 3250 apparuerit
2576 3179 2778 3242 Mariae,
2812 3179 2959 3249 tangi
2984 3178 3216 3233 noluerit
3250 3176 3562 3247 priusquam

250 3281 307 3330 et
336 3283 546 3329 motus:
576 3274 663 3331 vel
689 3276 865 3345 potius
894 3277 1192 3332 substantia
1220 3279 1331 3347 ipsa
1356 3319 1371 3345 ,
1414 3279 1505 3350 qui
1534 3288 1613 3333 est
1642 3288 1819 3334 motus
1843 3320 1858 3346 ,

254 3365 351 3424 sed
378 3369 430 3424 in
460 3383 520 3424 se
540 3384 765 3426 manens
788 3411 803 3437 ,
833 3378 891 3425 nt
918 3384 1060 3440 saepe
1083 3371 1195 3443 jam
1220 3371 1457 3427 diximus
1476 3414 1490 3439 ,
1516 3382 1567 3427 et
1590 3371 1859 3427 retinendi

249 3476 412 3518 causa
463 3477 612 3533 saepe
677 3471 1009 3534 repetemus.
1063 3471 1131 3521 Λι
1157 3480 1288 3521 vero
1334 3464 1493 3521 Jesus
1534 3472 1590 3521 et
1630 3466 1860 3536 Spiritus

249 3563 471 3610 sanctus
520 3555 690 3611 motio
730 3570 858 3612 vere
881 3565 1024 3612 mota
1054 3558 1255 3623 motio;
1282 3556 1422 3614 unde
1450 3556 1582 3613 foris
1606 3570 1857 3628 operans,

249 3648 347 3704 sed
369 3647 529 3705 iesus
558 3649 779 3720 spiritus
808 3660 1061 3721 apertus:
1095 3650 1293 3723 quippe
1321 3659 1375 3707 et
1409 3651 1463 3706 in
1503 3665 1699 3707 carne:
1734 3650 1859 3721 Spl-

250 3741 389 3795 ritus
416 3750 597 3797 autem
640 3750 859 3797 sanctus
900 3742 1182 3810 occultus;
1216 3742 1374 3798 Jesus
1402 3744 1601 3813 quippe
1640 3742 1730 3813 qui
1778 3743 1859 3797 in-

252 3832 583 3902 telligentias
613 3832 880 3901 infundat,
926 3849 1032 3889 non
1056 3834 1168 3905 jam
1206 3835 1296 3906 qui
1338 3836 1487 3907 signa
1539 3835 1739 3901 faciat,
1770 3844 1862 3890 aut

253 3940 356 3994 per
382 3924 666 3995 parabolas
696 3926 944 4003 loquatur
977 3928 1149 3995 ipsum
1182 3942 1239 3981 se
1269 3942 1391 3983 esse
1415 3968 1430 3994 ,
1455 3928 1571 3998 ipse
1594 3927 1675 3982 sic
1701 3926 1861 3983 docet

257 4015 441 4087 (Joan.
476 4032 591 4083 xlv,
622 4013 744 4091 18):
781 4016 903 4072 Non
934 4034 1022 4073 uos
1042 4019 1298 4073 dimittam
1340 4020 1599 4089 orphanos
1619 4063 1633 4086 ,
1665 4020 1862 4075 ueniam

249 4108 326 4163 ad
359 4125 465 4166 vos.
496 4109 615 4182 Ipse
639 4119 819 4166 autem
850 4111 902 4166 in
943 4111 1148 4183 Spiritu
1187 4121 1376 4169 sancto
1418 4120 1540 4169 esse
1594 4113 1861 4170 occultum

252 4203 337 4259 sic
357 4202 519 4258 docet
545 4201 738 4275 (Ibid.,
770 4203 863 4275 i9)
884 4221 897 4257 :
916 4198 1147 4259 Mundus
1171 4220 1251 4259 me
1270 4206 1381 4275 iam
1405 4221 1507 4260 non
1539 4205 1746 4273 uidebit,
1777 4221 1864 4261 vos

252 4305 427 4351 autem
447 4294 679 4351 uidebitis
701 4312 780 4350 me
799 4338 814 4363 ,
839 4297 1082 4367 quoniam
1102 4298 1214 4352 uiuo
1234 4313 1326 4368 ego
1349 4307 1399 4353 et
1423 4312 1511 4353 uos
1534 4298 1725 4353 vinetis.
1751 4298 1864 4355 Hoc

252 4391 421 4446 etiam
446 4400 636 4446 sancto
664 4390 886 4460 Spiritui
913 4389 1096 4445 datum
1122 4389 1311 4464 (lbid.,
1361 4390 1484 4462 ili):
1516 4402 1574 4446 ut
1601 4408 1752 4463 penes
1777 4408 1864 4447 vos

250 4485 322 4539 sit
350 4484 404 4539 in
435 4493 680 4539 (eternium
704 4481 935 4557 Spiritus
963 4486 1211 4540 ueritatis.
1233 4484 1300 4540 Et
1328 4484 1397 4541 de
1424 4499 1482 4541 se
1509 4486 1641 4541 dixit
1669 4485 1861 4559 (Ibid.,

1967 3274 2071 3329 iret
2122 3273 2187 3328 ad
2220 3281 2454 3343 patrem:
2489 3272 2755 3327 nuntiavit
2804 3272 2969 3327 Maria
3012 3271 3333 3341 discipulis:
3375 3270 3563 3326 eadem

1966 3376 2129 3422 nocte
2153 3364 2219 3420 ad
2242 3364 2387 3436 ipsos
2409 3364 2553 3420 venit
2583 3349 2876 3419 ostendens
2906 3378 3098 3419 manus
3120 3371 3173 3418 et
3194 3358 3331 3417 latus
3348 3404 3363 3429 ,
3382 3362 3568 3432 utique

1966 3459 2111 3531 tangi
2126 3459 2238 3530 jam
2272 3473 2378 3513 non
2403 3456 2716 3534 prohibens.
2751 3457 2878 3527 Post
2908 3457 3143 3512 Thomas
3160 3454 3417 3526 palpavit,
3441 3454 3564 3509 teti-

1961 3552 2060 3624 git,
2091 3552 2212 3623 ipso
2235 3551 2449 3623 quidem
2474 3550 2747 3619 hortante,
2775 3549 2898 3620 quia
2929 3549 3019 3604 ille
3041 3548 3385 3617 desperabat.
3421 3546 3565 3618 quod

1962 3646 2228 3719 signiﬁcat
2256 3644 2647 3701 sanctificatum
2670 3644 2779 3715 jam
2826 3643 3012 3698 fuisse.
3040 3643 3213 3710 Quam
3240 3656 3371 3713 ergo
3393 3641 3564 3697 breve

1964 3739 2070 3795 hoc
2099 3748 2307 3809 tempus
2331 3742 2409 3792 est
2429 3778 2445 3805 ,
2477 3735 2572 3791 sed
2611 3743 2829 3806 propter
2861 3734 3177 3808 mysterium
3209 3732 3448 3789 dictum:
3483 3730 3566 3787 ibo

1965 3832 2033 3885 ad
2065 3830 2271 3885 Patrem
2292 3846 2310 3883 :
2341 3842 2463 3884 nam
2491 3842 2613 3883 cum
2642 3828 2757 3900 ipse
2782 3827 2836 3883 in
2866 3836 3017 3899 patre
3038 3869 3053 3893 ,
3085 3835 3142 3883 et
3167 3826 3223 3881 in
3271 3825 3390 3897 ipso
3417 3833 3569 3896 pater

1964 3924 2069 3989 sit,
2096 3940 2202 3995 quo
2227 3922 2369 3977 ibit?
2396 3914 2602 3977 Eodem
2627 3936 2756 3991 ergo
2786 3920 3080 3993 mysterio:
3112 3932 3261 3990 quem
3286 3921 3427 3976 vobis
3449 3921 3568 3974 mit—

1967 4017 2024 4071 tit
2052 4015 2233 4081 Pater,
2263 4014 2386 4087 quia
2445 4022 2598 4084 pater
2623 4012 2804 4080 mittit,
2834 4028 2954 4068 cum
2982 4012 3231 4068 Christus
3256 4010 3441 4066 mittit.
3468 4012 3571 4067 De-

1966 4108 2128 4179 nique
2173 4107 2252 4162 sic
2298 4105 2401 4163 ait:
2449 4106 2609 4161 Mittit
2640 4105 2799 4161 Pater
2844 4106 2897 4159 in
2926 4105 3128 4159 nomine
3176 4118 3323 4172 meo,
3358 4102 3412 4157 id
3443 4113 3567 4169 est,

1966 4216 2065 4272 pro
2094 4216 2182 4257 me
2206 4218 2219 4255 :
2250 4210 2341 4255 aut
2366 4200 2420 4269 in
2445 4190 2648 4255 nomine
2674 4214 2784 4252 meo
2803 4238 2818 4264 ,
2847 4197 3102 4269 quoniam
3134 4194 3358 4267 spiritus
3384 4193 3570 4251 Cinis-

1966 4302 2083 4360 tus,
2113 4303 2166 4349 et
2216 4292 2331 4363 ipse
2361 4291 2594 4364 Spiritus
2621 4300 2876 4355 sanctus;
2926 4298 3018 4344 aut
3064 4288 3118 4343 in
3160 4290 3367 4344 nomine
3415 4304 3565 4355 meo,

1966 4387 2093 4459 quia
2121 4386 2355 4459 Spiritus
2380 4395 2598 4442 sanctus
2621 4385 2738 4456 ipse
2768 4372 2838 4441 de
2860 4382 3077 4439 Christo
3101 4382 3468 4441 testimonium
3493 4382 3572 4438 ie-

1967 4490 2068 4547 ret,
2085 4481 2165 4536 sic
2177 4480 2320 4537 enim
2337 4480 2536 4536 dictum
2557 4479 2741 4552 (Joan.
2764 4493 2851 4543 xv,
2869 4474 2966 4549 26)
2986 4494 2997 4530 :
3014 4474 3042 4531 Ι
3051 4476 3118 4531 Ite
3131 4475 3472 4531 testimonium
3491 4474 3571 4527 di-

252 4577 316 4650 6)
340 4597 353 4633 :
406 4578 520 4651 Ego
570 4590 688 4633 sum
734 4577 941 4634 veritas.
977 4576 1181 4634 Deinde
1234 4577 1433 4649 adjecit
1476 4577 1642 4651 (Ibid.
1662 4621 1678 4646 ,
1733 4579 1822 4644 i9)
1848 4598 1862 4634 :
1890 4578 1945 4639 D
1969 4575 2035 4629 cit
2055 4575 2118 4629 de
2139 4591 2236 4628 me.
2254 4572 2386 4641 Quis
2402 4572 2519 4628 ille?
2533 4586 2680 4643 quem
2702 4570 2840 4624 vobis
2859 4585 2951 4641 ego
2968 4569 3112 4622 mitto
3128 4585 3161 4622 a
3178 4565 3373 4621 Patre:
3399 4564 3572 4636 juncti

255 4672 429 4738 Quem
457 4672 678 4726 mundus
696 4686 798 4726 non
821 4679 986 4741 potest
1012 4671 1202 4726 uidere.
1228 4671 1294 4726 Et
1312 4671 1382 4728 de
1402 4684 1462 4727 se
1482 4671 1617 4726 dixit
1639 4670 1865 4745 (Ibid.):

254 4763 386 4819 Jam
413 4781 493 4819 me
531 4765 754 4821 mundus
782 4781 886 4820 non
931 4764 1137 4819 uidebit.
1177 4765 1381 4821 Deinde
1426 4764 1625 4836 adjecit
1653 4763 1820 4835 (Ibid.
1847 4807 1864 4831 ,

254 4857 392 4929 i7):
419 4857 675 4924 Quoniam
698 4860 867 4932 ipsum
889 4874 988 4913 non
1016 4857 1150 4913 uidet
1174 4899 1189 4925 ,
1212 4875 1374 4931 neque
1394 4859 1652 4931 cognoscit
1674 4860 1864 4930 ipsum.

255 4949 373 5005 Sed
398 4960 454 5006 et
481 4947 752 5007 Christum
783 4966 946 5008 nemo
972 4951 1223 5023 cognovit
1246 4950 1427 5025 (Joan.
1452 4969 1504 5019 ι,
1529 4952 1648 5025 il):
1684 4952 1750 5007 In
1774 4969 1869 5008 sua

257 5044 398 5097 venit
426 5051 474 5097 et
493 5043 714 5098 mundus
737 5060 851 5099 eum
880 5061 982 5099 non
1004 5044 1260 5116 cognovit.
1284 5042 1499 5114 Adiecit
1525 5043 1704 5116 (Joan.
1739 5060 1831 5099 xxv
1850 5086 1867 5114 ,

260 5133 396 5207 l7):
434 5132 536 5189 Vos
558 5137 875 5207 cognoscetis
914 5137 1115 5205 ipsum,
1146 5136 1387 5204 quoniam
1418 5145 1588 5190 manet
1610 5137 1665 5190 in
1691 5136 1828 5192 vobis
1852 5178 1870 5206 ,

256 5235 311 5281 et
340 5226 397 5280 in
422 5223 561 5280 vobis
590 5237 685 5281 est.
715 5226 783 5281 Et
803 5227 918 5297 ipse
945 5226 1014 5282 de
1052 5241 1113 5284 se
1145 5227 1214 5282 ita
1247 5224 1430 5298 (Joan.
1468 5241 1582 5293 xw,
1609 5225 1734 5299 i9):
1767 5226 1870 5283 Vos

257 5318 501 5373 uidebitis
522 5331 623 5372 me.
657 5317 724 5372 Et
746 5318 998 5388 quoniam
1023 5318 1272 5374 Christus
1306 5317 1415 5372 vita
1438 5326 1523 5373 est
1543 5359 1558 5383 ,
1593 5318 1660 5373 de
1691 5333 1751 5374 se
1775 5318 1871 5375 ad-

252 5410 446 5484 junxit
483 5408 644 5483 (Ibid.
655 5420 712 5481 μ
746 5411 1002 5477 Quoniam
1047 5428 1143 5484 ego
1191 5412 1332 5476 vivo,
1389 5419 1436 5465 et
1464 5426 1553 5465 vos
1578 5411 1771 5466 eiectis.
1804 5411 1873 5467 Et

261 5508 394 5578 quia
448 5504 682 5576 Spiritus
727 5512 944 5560 sanctus
973 5504 1327 5577 intelligentia
1364 5512 1486 5574 est,
1518 5514 1744 5575 utroque
1771 5519 1868 5561 au-

261 5609 381 5654 tem
413 5595 645 5653 mundus
697 5595 815 5668 ipse
858 5604 1043 5663 caret,
1096 5596 1219 5653 ideo
1262 5596 1460 5667 adjecit
1509 5594 1674 5666 (Ibid.
1703 5636 1718 5664 ,
1752 5597 1874 5669 l7):

258 5692 536 5760 Quoniam
559 5691 704 5764 apud
728 5706 818 5747 vos
840 5699 1045 5759 manet,
1068 5700 1118 5747 et
1145 5692 1201 5746 in
1225 5692 1366 5746 nobis
1394 5699 1487 5746 est.
1517 5686 1673 5747 Unde
1697 5700 1875 5748 autem

1969 4685 2097 4741 ergo
2121 4683 2340 4725 omnes:
2377 4681 2477 4736 ego
2506 4665 2663 4720 mitto
2682 4707 2697 4732 ,
2726 4680 2754 4718 a
2788 4674 2940 4735 patre
2967 4661 3123 4717 mitto
3143 4701 3157 4728 ,
3192 4659 3452 4731 Spiritum
3479 4673 3574 4714 ve-

1966 4763 2144 4819 ritatis
2187 4762 2378 4817 mitto:
2412 4758 2623 4815 medius
2648 4773 2777 4829 ergo
2806 4758 2997 4830 Λὸσγος,
3035 4755 3235 4820 idest,
3271 4754 3425 4810 Jesus
3456 4754 3573 4824 ipse

1971 4855 2168 4921 mittit;
2199 4862 2377 4908 motus
2406 4850 2550 4906 enim
2581 4850 2895 4921 principalis
2917 4848 3344 4919 universalisque
3373 4848 3466 4918 qui
3493 4848 3575 4903 vi-

1970 4946 2093 5003 talis
2120 4961 2181 5001 ac
2208 4945 2315 4999 vita
2339 4952 2425 5000 est
2447 4986 2462 5011 ,
2493 4942 2655 4998 mittit
2684 4941 3054 5013 intelligentia:
3085 4950 3289 4996 motum
3312 4982 3326 5002 ,
3361 4939 3453 5011 qui
3493 4939 3573 4994 si-

1970 5038 2083 5095 cuti
2110 5036 2295 5094 docuit
2320 5080 2333 5103 ,
2375 5052 2441 5092 ex
2470 5036 2579 5091 vita
2624 5044 2782 5106 atque
2812 5035 2928 5107 ipsa
2953 5033 3059 5089 vita
3090 5042 3205 5089 est:
3239 5032 3380 5089 scire
3428 5031 3573 5086 enim

1972 5131 2101 5202 quid
2142 5131 2247 5199 sit,
2306 5131 2407 5185 hoc
2456 5138 2539 5184 est
2567 5128 2781 5194 vivere,
2822 5128 2925 5184 hoc
2952 5137 3036 5184 est
3081 5142 3221 5183 esse.
3255 5128 3368 5182 Hoc
3393 5133 3575 5181 autem

1972 5241 2092 5282 esse
2123 5224 2248 5296 quid
2280 5235 2397 5292 est,
2448 5240 2606 5294 quam
2654 5240 2719 5279 ex
2754 5222 2850 5280 Dei
2897 5222 3197 5279 substantia
3244 5236 3400 5287 esse,
3430 5218 3577 5289 quod

1972 5325 2057 5373 est
2075 5316 2331 5385 Spiritum
2357 5316 2520 5372 esse?
2549 5315 2694 5371 unde
2720 5330 2819 5371 nos
2847 5315 3116 5384 Spiritales
3145 5314 3412 5371 eliicimur
3436 5353 3450 5377 ,
3484 5325 3579 5367 ac-

1971 5420 2131 5483 cepto
2174 5410 2375 5482 Spiritu
2407 5427 2434 5465 a
2462 5409 2713 5477 Christo,
2740 5418 2797 5465 et
2841 5408 2971 5464 hinc
2995 5416 3196 5464 interna
3224 5405 3330 5459 vita
3355 5422 3368 5457 :
3404 5402 3577 5475 Spiri-

1975 5516 2058 5561 tus
2071 5520 2198 5576 ergo
2218 5504 2485 5576 appellata
2507 5514 2588 5559 est
2614 5503 2713 5557 ista
2729 5501 2986 5558 Trinitas.
3023 5500 3154 5556 Nam
3172 5498 3370 5554 dictum
3392 5495 3573 5570 (Joan.

1974 5613 2035 5653 ιν
2059 5640 2075 5667 ,
2105 5598 2200 5672 24)
2222 5615 2236 5655 :
2262 5598 2404 5653 Deus
2428 5598 2644 5669 spiritus
2693 5606 2786 5653 est.
2815 5596 2946 5652 Item
2978 5593 3178 5649 dictum
3232 5607 3259 5646 a
3313 5591 3479 5647 Paulo
3507 5588 3579 5646 ad

1976 5689 2287 5748 Corinthios
2325 5690 2559 5746 secunda
2593 5687 2679 5761 (II
2731 5687 2850 5743 Cor.
2893 5702 2982 5753 ιιι,
3025 5685 3116 5752 l7)
3154 5701 3166 5738 :
3204 5682 3455 5738 Dominus
3483 5695 3580 5736 au-

267 5794 373 5844 aut
394 5795 477 5843 est
504 5785 562 5843 in
612 5784 723 5841 illis
746 5826 762 5854 ,
789 5791 882 5840 aut
915 5782 1026 5855 iam
1073 5790 1256 5840 manet
1280 5780 1516 5856 Spiritus
1544 5791 1763 5840 sanctus
1787 5825 1802 5852 ,
1829 5783 1880 5840 sl
1984 5793 2082 5840 tem
2113 5783 2339 5856 Spiritus
2366 5792 2477 5839 est:
2501 5781 2589 5836 ubi
2608 5789 2778 5836 autem
2809 5778 3039 5849 Spiritus
3063 5775 3307 5843 Domini,
3326 5774 3399 5830 ibi
3436 5773 3588 5829 liber-
