4018 6184
445 233 586 291 HM

1595 231 1785 287 MAR”
1833 230 2171 287 VICTORINI
2212 230 2372 287 AFRI

3616 231 3754 287 Ml!

444 363 544 408 tas.
575 349 773 420 Utique
816 347 916 404 ista
941 347 1010 404 de
1037 347 1253 404 Christo
1274 389 1288 413 ,
1323 347 1441 419 ipse
1476 362 1605 403 vero
1631 347 1865 418 Spiritus
1896 362 2051 402 sanc-
2079 349 2129 409 Α
2155 345 2352 402 etenim
2385 345 2462 400 sic
2490 346 2695 400 dictum
2731 355 2846 402 est:
2899 348 3181 418 Sanctiﬁca
3213 363 3296 403 eos
3345 349 3398 402 iu
3426 347 3653 401 veritate.
3692 348 3759 400 lit

448 453 542 500 tus
569 443 743 498 dictus
765 482 781 508 ,
824 456 962 511 quos
993 440 1198 496 sanciat
1224 439 1474 506 Sanctos,
1502 439 1555 493 id
1586 448 1688 505 est,
1716 438 1945 496 Sanctus
1973 438 2052 494 fa-

447 535 556 599 cit;
589 543 645 590 et
685 541 834 588 certe
864 531 978 604 ipse
1004 541 1088 588 est
1135 531 1368 602 Spiritus
1401 532 1528 587 Dei:
1574 531 1751 587 dictus
1794 545 1878 587 εει
1907 531 2051 587 enim

448 626 769 698 prudentia,
805 626 1101 696 sapientia,
1155 626 1503 696 omniumque
1555 641 1735 681 rerum
1782 625 2049 692 scientia,

448 720 523 776 ita
551 719 696 775 enim
724 719 792 774 de
821 735 886 775 eo
906 719 1177 789 subjungit
1203 718 1388 790 (Joan.
1421 734 1518 772 XVI
1538 760 1552 782 ,
1583 719 1772 790 8-10):
1803 717 1904 772 Ille
1936 735 2057 772 con-

450 817 616 870 vincet
646 814 894 868 mundum
924 815 986 867 de
1013 823 1218 884 peccato
1240 855 1254 879 ,
1288 823 1334 866 et
1371 813 1434 866 de
1465 813 1702 884 justitia,
1731 822 1775 866 et
1806 811 1870 865 de
1901 812 2053 885 judi-

451 910 550 964 cio.
584 908 662 962 De
687 917 922 978 peccato,
956 905 1162 976 inquit,
1190 907 1432 976 quoniam
1474 906 1526 958 in
1566 919 1646 958 me
1683 922 1785 958 non
1807 905 2019 958 credunt
2040 945 2054 970 ,

454 1005 544 1058 vel
573 1002 715 1073 quod
751 1002 858 1056 vita
895 1001 965 1055 sit
1012 999 1259 1055 Christus
1286 1041 1300 1066 ,
1329 1000 1413 1054 vel
1435 999 1578 1069 quod
1614 1000 1707 1054 Dei
1764 999 1904 1055 lilius
1943 1009 1998 1054 et
2027 1015 2056 1054 a

453 1095 565 1150 Deo
592 1094 794 1148 missus
815 1133 828 1155 ,
865 1101 920 1147 et
958 1091 1050 1161 qui
1081 1098 1300 1161 peccata
1324 1090 1578 1145 dimittat.
1633 1091 1712 1145 De
1727 1092 1933 1158 justitia
1959 1107 2057 1143 au-

454 1197 589 1252 tem,
621 1187 862 1257 quoniam
888 1185 956 1239 ad
989 1184 1192 1238 Patrem
1217 1200 1369 1254 pergo
1392 1200 1410 1237 :
1443 1192 1518 1237 tot
1546 1183 1689 1237 enim
1718 1183 1770 1236 in
1803 1182 2060 1253 mysterio

454 1279 758 1351 passionis,
817 1278 940 1348 quia
970 1277 1128 1331 ﬁdem
1159 1278 1535 1331 mandatorum
1579 1275 1816 1330 servavit
1854 1284 1909 1330 et
1954 1276 2059 1329 im-

453 1373 653 1444 plevit:
683 1371 879 1441 quippe
905 1386 1025 1424 cum
1053 1370 1281 1437 dixerit,
1315 1385 1436 1424 cum
1467 1369 1614 1423 aliud
1655 1370 1816 1423 vellet
1842 1368 2056 1440 (llattlt.

454 1481 624 1531 xxvr,
660 1463 781 1537 49.):
829 1463 952 1518 Fiat
980 1463 1214 1518 voluntas
1252 1473 1358 1518 tua.
1389 1463 1629 1531 Itemque
1654 1461 1776 1532 quia
1827 1461 2063 1516 munitos

458 1558 840 1628 derelinquens
863 1599 877 1622 ,
897 1557 1008 1626 jam
1035 1572 1142 1611 non
1174 1556 1250 1610 ita
1275 1555 1537 1610 videndus
1566 1555 1926 1624 relinquebat,
1949 1555 2064 1623 jus-

458 1652 593 1708 titi-.c
624 1650 758 1717 fuit,
789 1650 856 1704 iis
895 1649 1031 1704 actis
1057 1649 1306 1703 omnibus
1338 1647 1417 1702 ire
1449 1647 1514 1701 ad
1571 1655 1774 1717 patrem
1795 1688 1808 1711 ,
1857 1662 1956 1701 nec
1984 1646 2064 1703 ire

2161 440 2360 495 veritas
2385 436 2632 494 Christus
2659 449 2772 506 est;
2822 441 3131 498 Paracletus
3173 441 3334 496 etiam
3389 439 3619 511 Spiritus
3672 449 3760 494 est

2157 533 2434 589 veritatis:
2467 549 2597 604 ergo
2628 535 2803 589 omnis
2855 536 2944 606 qui
2992 536 3314 604 baptizatur,
3369 543 3422 588 et
3447 533 3674 589 credere
3699 548 3760 587 se

2157 625 2316 690 dicit,
2363 635 2418 681 et
2464 626 2622 680 ﬁdem
2664 626 2861 697 accipit.
2904 626 3179 693 veritatis,
3232 626 3284 680 id
3332 635 3443 688 est,
3499 624 3759 694 Spiritum

2157 728 2440 782 sanctum,
2469 718 2636 788 ﬁtque
2678 719 2914 774 sanctior
2945 733 2975 772 a
3019 719 3223 789 Spiritu
3263 725 3449 773 sancto
3477 759 3489 781 ,
3537 726 3592 769 ct
3633 715 3764 769 ideo

2159 808 2358 863 dictum
2393 810 2447 863 in
2493 809 2640 863 Actis
2672 811 3054 879 Apostolorum
3087 812 3222 866 (Act.
3264 826 3314 875 t,
3366 809 3458 880 8):
3491 808 3600 864 Sed
3626 809 3769 862 acci-

2160 902 2307 972 pietis
2336 903 2592 967 virtutem,
2623 902 2922 957 adveniente
2967 904 3020 957 in
3049 919 3136 956 vos
3181 903 3382 972 Spiritu
3409 912 3609 955 sancto.
3638 899 3770 955 Non

2161 993 2229 1049 ad
2267 993 2744 1050 sanctiﬁcationem
2769 1038 2783 1060 ,
2837 995 2931 1050 sed
2984 994 3301 1059 scientiam,
3349 1003 3402 1048 et
3452 993 3515 1048 ad
3549 1008 3613 1048 ea
3644 1008 3773 1062 qua:

2163 1086 2408 1157 promisit
2439 1086 2490 1140 in
2521 1086 2811 1156 Evangelio
2855 1085 3103 1143 Christus
3129 1087 3196 1143 dc
3220 1086 3423 1158 Spiritu
3449 1094 3639 1142 sancto
3665 1128 3681 1150 ,
3718 1086 3773 1139 id

2163 1187 2245 1233 est
2265 1220 2281 1245 ,
2308 1177 2376 1233 de
2403 1177 2704 1234 Paracleto.
2725 1179 2964 1234 Primum
2989 1190 3046 1234 ut
3067 1179 3432 1235 testimonium
3453 1180 3520 1234 de
3549 1178 3775 1234 Christo

2164 1273 2341 1339 dicat,
2377 1273 2454 1328 sic
2482 1273 2624 1329 enim
2656 1274 2768 1329 ait:
2798 1273 3070 1346 Accipietis
3097 1276 3347 1340 virtutem,
3389 1274 3696 1328 adveniente
3723 1276 3774 1326 in

2165 1382 2251 1420 vos
2285 1367 2484 1434 Spiritu
2513 1377 2691 1421 sancto
2711 1409 2726 1433 ,
2781 1377 2827 1421 et
2859 1369 2997 1422 eritis
3029 1368 3152 1421 mihi
3184 1377 3332 1422 testes
3357 1369 3408 1422 in
3451 1367 3772 1422 Jerusalem.

2167 1458 2274 1514 Sed
2303 1469 2358 1514 et
2382 1458 2556 1514 Lucas
2583 1459 2713 1514 dit‘it
2745 1459 2960 1532 (Joatm.
2989 1475 3062 1514 vtt
3082 1503 3096 1527 ,
3123 1459 3215 1531 39)
3244 1479 3257 1514 :
3288 1457 3537 1514 Nondum
3565 1459 3779 1529 quidem

2167 1554 2323 1607 misso
2357 1553 2580 1624 Spiritu.
2614 1553 2732 1609 Jam
2767 1566 2946 1610 tamen
2995 1554 3360 1610 tesdmonium
3385 1554 3537 1610 dicit.
3572 1554 3783 1608 Paulus

2169 1655 2349 1702 tamen
2379 1646 2433 1701 in
2461 1647 2713 1702 omnibus
2738 1647 2981 1718 epistolis
3009 1649 3121 1705 suis
3145 1649 3272 1720 quid
3301 1648 3444 1704 aliud
3471 1648 3622 1719 agit,
3674 1647 3781 1702 nisi

462 1745 530 1800 ad
556 1753 760 1814 patrem
810 1750 1046 1806 tantum,
1077 1741 1172 1796 sed
1199 1756 1320 1795 cum
1355 1740 1448 1794 illo
1475 1740 1585 1809 jam
1617 1754 1769 1794 esse:
1801 1739 1932 1793 Nam
1979 1739 2062 1794 id-
2099 1739 2142 1796 Β
2171 1739 2240 1794 de
2269 1739 2489 1796 Christo
2539 1741 2908 1797 testimonium
2962 1741 3128 1796 dicit?
3181 1752 3235 1797 et
3286 1751 3406 1812 post
3459 1741 3783 1796 abscessum

464 1835 612 1889 circo
639 1833 837 1888 dicitur
865 1831 1026 1904 (Ibid.
1055 1873 1070 1897 ,
1113 1831 1235 1902 64):
1290 1831 1446 1886 Sedet
1469 1831 1536 1884 ad
1578 1831 1839 1884 dexteram
1870 1829 2066 1886 Patris.

461 1927 544 1982 De
562 1929 800 2000 judicio:
845 1929 1090 1999 quoniam
1130 1925 1364 1995 princeps
1410 1925 1566 1997 hujus
1595 1926 1773 1979 mundi
1811 1925 2070 1994 judicatus

463 2033 570 2076 est:
604 2021 867 2094 mysterio
896 2019 1038 2076 enim
1070 2019 1246 2075 crucis
1271 2035 1462 2077 omnes
1487 2021 1726 2075 adversa:
1756 2019 1972 2075 Christo
2003 2020 2072 2074 ab

464 2115 659 2171 eodem
700 2115 918 2170 Christo
964 2114 1305 2185 triumphata:
1352 2124 1478 2170 sunt
1530 2125 1842 2186 patestates.
1897 2114 2069 2184 Hrec,

463 2207 670 2278 inquit,
701 2206 897 2261 docebit
924 2206 1152 2276 Spiritus
1179 2217 1406 2262 sanctus.
1431 2207 1568 2276 Quid
1611 2207 1866 2279 eligitur?
1892 2207 1968 2262 De
1988 2223 2077 2262 sa-s

463 2299 578 2355 lute
608 2298 925 2370 mysterium
949 2297 1262 2355 Paracletus
1284 2300 1556 2370 complet,
1585 2309 1640 2355 et
1669 2314 1774 2354 non
1807 2301 2073 2370 completa

466 2390 716 2448 Christus
745 2390 1008 2446 abscidit:
1038 2394 1120 2447 An
1156 2391 1280 2463 quia
1313 2390 1454 2448 idem
1498 2392 1614 2462 ipse
1637 2389 1885 2446 Christus
1909 2403 1990 2447 est
2021 2401 2077 2448 et

467 2485 705 2556 Spiritus
730 2495 981 2552 sanctus,
1028 2485 1112 2540 vel
1142 2484 1263 2556 quia
1297 2485 1414 2553 ipse
1440 2501 1563 2539 eum
1595 2485 1790 2548 mittit,
1823 2485 1907 2539 vel
1950 2483 2074 2555 quia

470 2575 704 2646 Spiritus
758 2575 922 2630 habet
972 2575 1154 2630 omnia
1203 2573 1439 2630 Christi?
1491 2574 1665 2630 Habet
1709 2575 2077 2646 omnia,.per

471 2668 745 2724 Christum
773 2668 1099 2725 celebratur.

546 2760 687 2817 XVI.
720 2762 789 2816 Et
821 2770 999 2817 tamen
1027 2760 1304 2817 videamus
1347 2760 1474 2833 quid
1506 2770 1722 2818 acturus
1747 2770 1831 2817 est
1856 2804 1870 2828 ,
1901 2762 2074 2833 Spiri-

472 2863 562 2910 tus
603 2853 884 2909 scientiam
930 2853 1153 2908 daturus
1193 2861 1506 2925 gestorum,
1552 2862 1604 2909 et
1655 2854 2076 2910 insinuationem

476 2948 754 3015 scientiai,
781 2947 937 3018 quasi
964 2947 1072 3002 vim
1105 2947 1433 3014 testimonii,
1479 2962 1544 3004 ac
1571 2948 1742 3018 magis
1764 2948 1953 3018 judicii
1985 2949 2078 3002 ha—

472 3043 687 3099 biturus
707 3083 722 3106 ,
756 3042 842 3097 vel
867 3041 934 3096 ad
957 3041 1328 3113 pmnitentiam
1359 3043 1445 3098 vel
1473 3041 1538 3096 ad
1569 3057 1819 3113 pinnam;
1867 3043 1931 3097 de
1956 3059 2076 3113 pec-

2170 1831 2407 1899 Christi,
2431 1833 2579 1889 solus
2604 1831 2880 1888 Christum
2916 1833 3127 1889 vidith
3166 1833 3270 1887 soli
3297 1834 3567 1904 apparuit.
3609 1833 3786 1902 Spiri-

2174 1932 2259 1977 tus
2312 1939 2443 1994 ergo
2497 1940 2592 1994 per
2635 1923 2941 1991 Christum,
2995 1933 3050 1981 et
3076 1924 3327 1981 Christus
3372 1942 3466 1996 per
3513 1926 3785 1996 Spiritum

2173 2027 2416 2072 sanctum
2449 2017 2637 2072 adfuit.
2692 2018 2820 2074 Item
2851 2019 2980 2074 dit-it
3029 2019 3395 2075 testimonium
3445 2019 3692 2075 Joannes
3734 2031 3789 2074 et

2174 2108 2368 2164 Petrus
2424 2109 2472 2180 (l
2507 2104 2666 2164 Joan'.
2707 2127 2755 2178 1,
2791 2112 2889 2183 l):
2927 2111 3078 2179 Quod
3115 2113 3426 2180 audivimus,
3475 2113 3617 2183 quod
3646 2114 3785 2167 cidi-

2176 2219 2288 2257 mus
2310 2245 2325 2269 ,
2371 2203 2508 2272 quod
2532 2204 2874 2275 palpavimus.
2906 2206 2973 2261 Et
3023 2206 3075 2262 in
3127 2195 3280 2264 Actis
3313 2208 3705 2277 Apostolorum
3737 2218 3789 2263 rt

2179 2293 2323 2365 ipse,
2356 2304 2412 2350 et
2437 2294 2611 2350 Lucas
2641 2296 2732 2367 qui
2762 2297 2979 2368 scripsit
3004 2297 3073 2355 de
3114 2299 3180 2354 iis
3199 2342 3214 2367 ,
3243 2299 3312 2355 de
3342 2299 3509 2355 David
3548 2301 3624 2354 ita
3650 2301 3790 2356 dicit

2179 2386 2317 2458 (Act.
2348 2401 2384 2440 ιι
2411 2428 2426 2453 ,
2455 2386 2652 2460 50-52)
2680 2403 2694 2440 :
2728 2387 2989 2460 PrOpheta
3035 2407 3151 2444 cum
3179 2401 3345 2458 esset,
3388 2402 3435 2446 et
3472 2394 3639 2446 sciens
3665 2395 3788 2463 quia

2171 2481 2517 2554 jurejurando
2552 2484 2780 2553 jurasset
2817 2483 2898 2537 illi
2943 2483 3113 2551 Deus;
3139 2501 3204 2540 ex
3240 2488 3412 2556 fructu
3451 2489 3643 2541 ventris
3676 2491 3788 2558 ejus

2179 2573 2354 2629 sedere
2399 2590 2552 2644 super
2583 2575 2823 2630 thronum
2867 2577 3008 2632 illius
3027 2620 3040 2643 ,
3073 2580 3348 2650 providens
3387 2579 3592 2634 locutus
3620 2591 3694 2635 est
3725 2582 3790 2636 de

2180 2667 2552 2720 resurrectione
2577 2665 2804 2721 Christi:
2832 2669 2954 2738 quia
2984 2685 3143 2738 neque
3169 2671 3379 2724 relictus
3408 2681 3480 2726 est
3521 2671 3577 2724 in
3621 2673 3790 2741 infer-

2181 2773 2247 2812 no
2269 2799 2284 2823 ,
2309 2774 2469 2827 neque
2497 2775 2618 2812 caro
2649 2761 2760 2830 ejus
2789 2760 2910 2814 vidit
2936 2763 3331 2832 corruptionem.
3369 2761 3519 2816 Hunc
3549 2780 3672 2834 ergo
3697 2763 3791 2818 Je-

2181 2867 2295 2904 sum
2324 2851 2642 2906 resuscitavit
2669 2850 2809 2906 Deus
2833 2893 2848 2919 ,
2901 2855 3052 2916 cuius
3078 2871 3172 2909 nos
3201 2871 3376 2909 onmes
3402 2864 3550 2910 testes
3581 2873 3788 2912 sumus.

2181 2941 2410 3010 Quando
2435 2942 2535 2997 ista
2565 2941 2750 2998 dicunt
2772 2943 2963 3015 (lbid.,
2980 2944 3036 3012 2,
3056 2944 3112 3015 4)
3135 2963 3149 2999 :
3173 2944 3306 3001 Cum
3320 2947 3438 3018 jam
3468 2949 3640 3018 factus
3660 2958 3791 3004 esset

2183 3039 2247 3093 de
2273 3040 2398 3094 caelo
2425 3056 2612 3105 sonus,
2659 3051 2705 3094 et
2728 3052 2970 3120 tanquam
3009 3042 3056 3096 vi
3093 3059 3278 3114 magna
3301 3084 3317 3106 ,
3368 3041 3603 3113 Spiritus
3629 3045 3794 3112 {erre-

473 3146 619 3200 cato,
673 3133 884 3204 inquit,
917 3135 1051 3204 quod
1080 3135 1132 3188 in
1177 3150 1255 3188 me
1299 3151 1402 3188 non
1449 3134 1793 3189 crediderunt.
1828 3134 1972 3204 Ergo
2023 3144 2081 3189 ut
2108 3127 2153 3191 C
2184 3141 2287 3198 tur,
2314 3133 2402 3202 qui
2443 3133 2653 3204 replevit
2680 3142 2836 3188 totam
2866 3135 3108 3201 domum,
3139 3145 3188 3190 et
3226 3134 3404 3206 repleti
3432 3145 3552 3190 sunt
3584 3135 3795 3205 Spiritu

474 3227 612 3284 sciat
638 3228 870 3283 mundus
913 3227 1024 3298 jam
1053 3243 1268 3297 poenam
1297 3243 1469 3283 suam.
1504 3227 1583 3283 De
1621 3228 1828 3301 justitia
1871 3237 2079 3292 autem,

471 3321 612 3392 quod
638 3321 706 3374 ad
734 3319 944 3374 Patrem
987 3320 1137 3375 vado.
1173 3320 1238 3375 Et
1267 3319 1367 3376 hoc
1392 3328 1567 3390 potest
1591 3335 1714 3376 esse
1740 3321 1808 3375 de
1856 3330 2080 3392 peccato

473 3413 620 3484 quod
673 3411 873 3482 injuste
901 3411 1148 3468 fecerunt
1213 3411 1305 3483 qui
1334 3428 1457 3467 eum
1489 3412 1544 3466 in
1589 3427 1806 3467 crucem
1850 3411 2084 3467 sustule-

476 3513 634 3570 runt,
664 3504 787 3575 quia
830 3518 892 3559 se
937 3502 1108 3558 ﬁlium
1141 3503 1238 3558 Dei
1266 3503 1496 3558 diccbat.
1530 3503 1600 3558 Et
1630 3519 1772 3558 nunc
1803 3505 1976 3574 pergit
2014 3505 2082 3559 ad

474 3609 708 3670 patrem,
737 3599 879 3669 quod
909 3599 1038 3654 item
1057 3598 1162 3654 erit
1187 3598 1451 3662 omnium,
1481 3598 1528 3654 si
1559 3598 1611 3652 in
1642 3599 1808 3654 Deum
1836 3601 2079 3669 credant,

477 3703 536 3749 et
581 3691 779 3747 faciant
811 3691 906 3746 Dei
929 3692 1112 3762 jussa:
1169 3702 1226 3745 ut
1252 3701 1306 3746 et
1355 3690 1460 3762 ipsi
1488 3691 1554 3745 ad
1590 3701 1795 3762 patrem
1829 3705 2079 3762 pergant:

475 3787 840 3860 jusﬁﬁcantur
865 3787 1032 3855 enim,
1064 3803 1185 3842 nam
1216 3788 1369 3854 (Gen.
1398 3804 1490 3854 xv,
1517 3786 1607 3860 6):
1637 3787 1894 3842 Abraham
1921 3789 2086 3844 credi-

480 3882 591 3948 dit,
614 3889 660 3934 et
680 3890 968 3949 reputatum
997 3889 1069 3934 est
1089 3881 1134 3934 ei
1153 3881 1222 3933 ad
1235 3883 1514 3952 justitiam.
1551 3882 1755 3937 Deinde
1781 3882 1844 3936 de
1855 3883 2082 3953 judicio,

478 3973 685 4044 inquit,
721 3973 859 4044 quod
889 3973 1126 4044 princeps
1164 3974 1343 4026 mundi
1385 3973 1652 4044 judicatus
1695 3976 1779 4028 sit.
1831 3974 1954 4029 Ihec
1977 4020 1991 4042 ,
2025 3985 2087 4029 ut

481 4070 743 4136 cernitur,
777 4083 883 4124 non
941 4067 1006 4122 ad
1051 4066 1301 4132 salutem,
1330 4081 1450 4136 quae
1491 4067 1602 4136 jam
1635 4082 1664 4121 a
1690 4066 1905 4122 Christo
1933 4084 2083 4123 com-

481 4163 622 4233 pleta
674 4170 790 4228 est,
823 4161 918 4217 sed
948 4160 1222 4233 pertinent
1270 4160 1336 4213 ad
1388 4159 1670 4216 scientiam
1701 4176 1878 4216 rerum
1909 4171 2086 4232 gesta-

479 4270 625 4310 rum.
667 4253 767 4308 Est
795 4253 939 4308 enim
993 4262 1145 4321 pater
1193 4251 1422 4322 loquens
1475 4251 1785 4318 silentium,
1837 4252 2085 4309 Christus

480 4361 590 4402 vox
610 4387 624 4412 ,
657 4343 968 4400 Paracletus
997 4358 1102 4397 vox
1130 4342 1302 4398 vocis.
1333 4343 1478 4412 Ergo
1508 4342 1743 4411 Spiritus
1774 4356 1990 4398 sanctus
2030 4345 2084 4401 in

477 4439 589 4493 isto
624 4445 745 4492 actu
774 4435 909 4490 alter
933 4433 1243 4489 Paracletus
1263 4474 1280 4500 ,
1315 4432 1368 4487 in
1393 4432 1582 4488 salutis
1604 4433 1862 4504 mysterio
1888 4449 2086 4505 coope-

2185 3235 2394 3291 sancto,
2453 3234 2500 3278 et
2543 3236 2804 3295 coeperunt
2833 3226 2972 3294 loqui
3000 3227 3155 3281 variis
3208 3227 3417 3298 linguis.
3453 3227 3660 3284 Deinde
3711 3231 3794 3284 di-

2185 3328 2315 3374 cunt
2343 3317 2588 3388 Apustoli
2615 3319 2682 3374 de
2723 3330 2945 3390 peccato
2973 3320 3180 3385 mundi,
3213 3322 3354 3391 (ιιιοά
3402 3338 3507 3377 non
3557 3323 3794 3379 credidit

2185 3411 2402 3465 Christo
2421 3453 2435 3476 ,
2460 3411 2514 3465 in
2541 3411 2692 3466 Actis
2737 3412 2810 3466 ita
2843 3411 3002 3483 (Ibid.
3026 3455 3041 3480 ,
3071 3412 3291 3483 22-24):
3323 3413 3470 3470 Sicut
3496 3431 3588 3468 vos
3608 3416 3755 3470 scitis
3776 3457 3792 3482 ,

2187 3502 2323 3557 hunc
2347 3502 2546 3559 decreto
2572 3505 2785 3559 consilio
2814 3514 2861 3559 et
2907 3507 3227 3574 prwscientia
3255 3505 3357 3560 Dei
3405 3508 3655 3561 traditum
3705 3525 3798 3578 per

2187 3611 2370 3650 ntauus
2397 3596 2638 3650 scelestas
2656 3637 2672 3663 ,
2715 3605 2762 3651 et
2790 3596 3064 3667 sufﬁxistis
3088 3615 3204 3652 eum
3242 3601 3418 3666 cruci,
3451 3611 3499 3655 et
3527 3600 3798 3655 occidistis

2186 3706 2335 3760 quem
2356 3688 2495 3743 Deus
2514 3691 2796 3744 suscitavit.
2830 3691 2961 3746 Item
3009 3691 3061 3746 in
3093 3693 3242 3748 Aetis
3261 3692 3674 3763 Apostolorum,
3707 3709 3796 3749 re-

2188 3781 2394 3836 ferente
2425 3780 2588 3836 Petro
2615 3781 2778 3854 (Ibid.
2811 3781 2902 3854 54)
2929 3800 2942 3836 :
2976 3781 3147 3838 David
3174 3801 3274 3838 non
3297 3786 3587 3840 ascendisse
3612 3788 3664 3840 in
3695 3804 3800 3842 ca:-

2189 3874 2332 3939 lum,
2380 3875 2470 3929 sed
2497 3876 2691 3929 dixisse
2733 3875 2805 3929 ita
2844 3891 2862 3929 :
2895 3873 3040 3930 Dixit
3072 3875 3324 3931 Dominus
3361 3877 3583 3932 Domino
3639 3895 3795 3946 meo,

2187 3970 2306 4024 sede
2333 3969 2401 4022 ad
2427 3969 2712 4024 dexteram.
2739 3971 2850 4025 Iloc
2878 3969 3041 4024 etiam
3071 3970 3268 4026 Paulus
3293 3970 3430 4026 dixit
3458 3973 3642 4041 (Rom.
3675 3990 3797 4038 vni,

2189 4063 2314 4135 '54):
2351 4065 2451 4131 Qui
2480 4064 2789 4129 resurrexit,
2818 4065 2905 4134 qui
2949 4077 3022 4119 est
3051 4065 3103 4119 in
3129 4065 3338 4120 dextera
3365 4064 3479 4121 Dei.
3522 4067 3667 4138 Ergo
3699 4069 3800 4123 do-

2189 4165 2418 4210 cuerunt
2452 4155 2594 4226 quod
2643 4165 2764 4229 post
2812 4156 3261 4213 resurrectionem
3306 4158 3374 4212 ad
3413 4159 3632 4214 Patrem
3675 4161 3797 4217 ivit.

2191 4249 2335 4304 ldcm
2365 4265 2486 4304 mox
2520 4251 2716 4320 adjecit
2747 4248 2942 4323 (lbid.)
2961 4270 2978 4305 :
3015 4252 3114 4318 Qui
3144 4264 3190 4305 et
3239 4253 3524 4320 interpellat
3553 4252 3797 4307 Patrem.

2191 4343 2332 4412 Ergo
2361 4345 2407 4399 si
2433 4343 2680 4399 Christus
2711 4326 3016 4412 interpellat
3039 4385 3053 4409 ,
3101 4343 3407 4398 Paraclctus
3454 4344 3619 4399 etiam
3651 4346 3794 4415 ipse.

2193 4433 2322 4491 Item
2354 4435 2410 4490 in
2459 4435 2638 4501 Aetis,
2671 4436 2813 4506 quod
2859 4435 2925 4489 ad
2970 4447 3177 4506 patrem
3227 4435 3380 4503 ierit,
3421 4435 3797 4492 testimonium

478 4539 630 4587 rator
680 4539 739 4584 ttt
793 4526 1041 4583 Christus
1071 4567 1085 4591 ,
1132 4525 1184 4580 itt
1228 4524 1432 4596 Spirittt
1464 4541 1596 4580 vero
1637 4524 2161 4599 sanctiﬁcationis!)
2188 4542 2269 4588 est
2297 4532 2434 4603 (Act.
2470 4549 2517 4598 ι,
2549 4532 2605 4600 9,
2645 4532 2771 4603 10):
2831 4531 3131 4586 Videnlibus
3175 4531 3281 4586 illis
3309 4532 3527 4587 elevatus
3571 4542 3694 4587 88ιέ
3747 4546 3798 4587 ει

481 4623 626 4695 quod
657 4623 818 4679 Deus.
854 4621 912 4675 Si
943 4619 1106 4690 igitur
1135 4628 1189 4675 et
1218 4618 1321 4674 huc
1346 4617 1506 4673 modo
1526 4616 1778 4673 Christus
1801 4618 1944 4688 quod
1974 4619 2084 4688 Spi-

479 4719 636 4779 ritus.
657 4717 750 4772 sed
784 4718 920 4771 Deus
967 4715 1020 4768 in
1052 4712 1307 4784 mysterio
1332 4724 1548 4768 mterna:
1576 4712 1697 4766 vitm
1722 4711 1991 4778 Christus,
2027 4714 2078 4768 in

482 4809 906 4865 sanctiﬁcatione
948 4806 1180 4876 Spiritus
1227 4815 1480 4868 sanctus,
1537 4805 1840 4859 sanctiﬁcat
1899 4816 2076 4861 autem

481 4902 626 4954 Deus
647 4940 661 4963 ,
689 4909 743 4952 ut
769 4898 966 4951 dictum
1002 4897 1218 4967 (.Ioaun.
1257 4913 1401 4961 xvu,
1436 4896 1524 4970 17)
1553 4916 1564 4951 :
1606 4897 1888 4966 Sancti/ica
1913 4914 1998 4950 eos
2027 4899 2080 4952 iu

478 4992 688 5046 veritate
708 5031 720 5054 ,
748 4990 883 5057 patri
907 4989 1045 5043 lilius
1066 4989 1220 5056 dicit,
1252 5005 1380 5059 ergo
1410 4991 1710 5045 sanctilicat
1738 5001 1910 5062 pater.
1950 4992 2074 5045 Item

481 5082 726 5139 Christus
755 5082 1094 5146 sanctiﬁcat,
1143 5090 1199 5135 ut
1227 5081 1428 5137 diotum
1476 5081 1674 5154 (lbid.,
1710 5084 1839 5151 19):
1876 5083 1941 5136 Et
1987 5101 2078 5154 pro

480 5178 545 5232 iis
571 5175 833 5244 sanctiﬁco
865 5191 944 5226 me
970 5174 1158 5243 ipsum,
1187 5185 1239 5228 ut
1263 5175 1365 5228 sint
1393 5176 1487 5243 ipsi
1510 5177 1818 5244 sanctiﬁcati
1849 5179 1902 5230 in
1952 5180 2083 5230 veri-

481 5281 601 5327 tate.
631 5270 762 5324 Item
794 5265 1093 5321 sanctiﬁcat
1135 5267 1366 5338 Spiritus
1403 5277 1652 5331 sanctus,
1681 5285 1800 5324 nam
1831 5279 1886 5325 et
1912 5271 2084 5340 bapti-

475 5380 602 5420 Zare
653 5361 718 5415 ad
768 5358 1246 5414 sanctiticationem
1300 5359 1568 5431 pertinet:
1611 5359 1810 5414 dictum
1843 5377 1972 5432 ergo
2024 5362 2082 5418 in

479 5457 633 5515 Actis
681 5455 1058 5524 Apostolorum
1099 5452 1262 5522 (Act.
1300 5469 1348 5519 ι,
1397 5453 1483 5524 5);
1529 5451 1756 5508 Joannes
1806 5453 2080 5523 baptizavit

480 5565 613 5620 aqua
631 5589 645 5614 ,
674 5564 760 5601 vos
780 5559 949 5602 autem
977 5546 1180 5620 Spiritu
1202 5556 1376 5601 sancto
1399 5547 1682 5618 tingemini.
1707 5547 1858 5616 Quod
1889 5563 2077 5619 saper-

475 5641 617 5698 Iudit
640 5654 700 5694 se
729 5640 833 5694 illis
861 5641 926 5695 ad
955 5639 1270 5696 scientiam:
1314 5654 1436 5694 nam
1459 5639 1570 5710 jam
1612 5639 1931 5697 sanctiﬁcati
1960 5640 2076 5698 fue-

2185 4627 2344 4682 nubes
2368 4628 2592 4696 suscepit
2617 4643 2733 4681 eum
2761 4628 2824 4681 ab
2867 4627 3028 4680 oculis
3058 4627 3286 4697 ipsorum
3310 4643 3329 4691 ;
3372 4642 3590 4695 cumque
3623 4627 3801 4682 intue-

2185 4732 2359 4776 rentur
2384 4730 2584 4774 euntem
2609 4719 2759 4773 illum
2783 4719 2836 4772 in
2865 4718 3048 4772 caelum
3067 4759 3081 4784 ,
3109 4725 3164 4773 et
3195 4717 3420 4788 reliqua.

2255 4810 2420 4867 XVII.
2457 4813 2602 4866 Dicta
2634 4821 2759 4866 sunt
2784 4813 2894 4880 jam
2927 4809 3028 4864 tria
3060 4809 3127 4865 de
3173 4810 3484 4866 testimonio
3516 4811 3569 4866 in
3604 4811 3799 4868 Chris-

2185 4914 2333 4970 tum,
2364 4903 2431 4958 de
2479 4911 2698 4974 peccato
2718 4945 2734 4970 ,
2764 4903 2834 4958 de
2855 4902 3066 4972 jusritia
3085 4946 3099 4970 ,
3136 4918 3277 4957 nunc
3324 4902 3394 4958 de
3441 4903 3664 4972 judicio.
3694 4905 3797 4961 Sic

2183 5013 2280 5068 per
2306 4995 2562 5065 Spiritum
2617 5005 2859 5051 sanctum
2892 4995 3101 5050 locutus
3148 4993 3342 5050 Paulus
3389 4995 3457 5049 ad
3507 4995 3794 5053 Romanos

2184 5089 2363 5160 (Rom.
2413 5106 2500 5145 xvr
2521 5132 2536 5158 ,
2566 5089 2658 5162 20)
2686 5107 2700 5144 :
2730 5087 2872 5143 Deus
2917 5099 3086 5144 autem
3114 5091 3252 5160 pacis
3275 5089 3792 5146 conteret'Satanans

2183 5181 2275 5235 sub
2306 5181 2518 5252 pedibus
2566 5182 2744 5236 vestris
2772 5179 3027 5235 velociter.
3075 5179 3204 5234 Item
3236 5179 3353 5253 ipse
3401 5181 3468 5236 ad
3515 5180 3791 5251 Ephesios

2189 5272 2404 5346 (Ephes.
2438 5289 2491 5328 tv
2516 5316 2531 5340 ,
2563 5273 2654 5346 8):
2693 5272 2794 5340 Qui
2833 5271 3064 5326 ascendit
3109 5273 3163 5326 in
3210 5273 3486 5328 altitudine
3527 5276 3790 5344 captivam

2189 5367 2336 5421 duxit
2355 5366 2716 5438 captivitatem.
2737 5363 2868 5420 Item
2890 5363 2943 5418 in
2967 5364 3290 5436 Apocalypsi
3315 5365 3429 5436 ipse
3444 5365 3576 5420 dixit
3592 5367 3785 5439 (Apoc.

2183 5475 2225 5528 ι,
2252 5459 2340 5529 18)
2365 5457 2460 5514 :Et
2491 5457 2651 5511 habeo
2670 5457 2835 5512 claves
2862 5457 3041 5511 mortis
3065 5466 3112 5510 et
3146 5456 3320 5526 inferi.
3343 5457 3562 5514 Itemihi
3588 5459 3784 5530 (Apoc.

2180 5567 2286 5618 xu,
2315 5551 2405 5620 7):
2439 5549 2506 5604 Et
2551 5554 2745 5622 factum
2773 5558 2845 5603 est
2886 5549 3123 5618 praelium
3152 5549 3205 5602 in
3243 5549 3404 5618 calo,
3460 5549 3690 5606 Michael
3738 5563 3790 5608 et

2175 5644 2347 5716 angeli
2371 5645 2482 5711 eius
2509 5643 2761 5698 bellarunt
2789 5642 3033 5698 adversus
3078 5643 3372 5698 draconem.
3413 5644 3482 5699 Et
3526 5653 3679 5703 totus
3705 5647 3792 5703 Io-

469 5744 597 5791 runt
624 5731 911 5806 baptismo,
926 5734 1180 5793 invocato
1206 5733 1320 5792 Deo
1345 5731 1598 5801 Christo;
1629 5732 1854 5806 Spiritui
1881 5743 2070 5795 sancto
2170 5751 2269 5795 cus
2295 5736 2632 5794 demonstrat
2657 5734 2928 5795 diabolum
2953 5735 3268 5807 iudicatum.
3299 5733 3436 5794 Cum
3480 5735 3648 5810 igitur
3694 5753 3795 5811 ap-
