4018 6184
241 249 378 311 illi”

1351 244 1715 301 ADVERSUS
1757 244 1972 303 ARIUM
2014 245 2214 302 LIBER
2256 245 2340 302 IV.

3396 246 3536 305 HM

239 363 518 434 probatum
549 359 651 428 sit,
683 371 792 416 tres
845 361 974 416 istas
1024 359 1326 430 potentias,
1357 371 1413 414 et
1441 361 1737 425 communi,
1782 370 1835 416 et
1861 363 1913 422 Α
1940 376 2070 432 ergo
2109 363 2362 417 alterum.
2409 359 2515 416 Sed
2567 361 2837 432 quomodo
2875 361 3144 418 alterum?
3187 376 3314 419 cum
3358 364 3412 418 in
3470 379 3536 420 eo

239 454 457 526 proprio
486 463 609 508 actu
650 463 704 508 et
737 453 1034 509 substantia
1085 453 1309 518 eadem,
1360 453 1617 508 unitatem
1668 453 1838 510 deita-

241 554 453 617 temque
479 545 779 609 coniicere;
838 560 942 599 non
998 544 1116 600 sine
1166 543 1375 599 ratione
1415 560 1594 599 rerum
1645 543 1697 599 in
1729 545 1836 600 duo

240 637 340 694 ista
370 650 708 702 revocantur,
761 638 814 692 in
845 639 1038 693 Filimn
1070 652 1133 691 ac
1181 637 1429 692 Patrem:
1463 637 1660 693 etenim
1712 653 1832 692 cum

236 735 392 807 quasi
418 734 663 806 geminus
694 734 809 802 ipse
836 734 995 788 Pater
1018 733 1118 799 sit,
1152 733 1438 790 existentia
1467 745 1517 788 et
1568 734 1708 788 actio
1733 775 1748 800 ,
1781 733 1834 788 id

241 840 354 893 est,
385 829 680 884 substantia
713 837 766 884 et
798 841 1003 894 metus,
1035 828 1129 884 sed
1169 829 1313 884 intus
1345 840 1542 894 metus,
1570 825 1836 903 αὐτόγονος

239 932 450 987 motus,
480 931 534 977 et
563 921 665 976 hoc
707 921 850 992 quod
882 921 1180 976 substantia
1232 930 1315 977 est
1346 933 1555 987 motus,
1589 936 1836 978 necessa-

240 1016 322 1072 rio
348 1027 401 1072 et
429 1015 597 1072 Filius
620 1059 634 1083 ,
684 1031 805 1070 cum
849 1017 919 1072 sit
949 1028 1126 1072 motus
1149 1059 1162 1082 ,
1193 1026 1248 1072 et
1300 1015 1570 1091 αὐτόγονος
1620 1027 1831 1083 motus,

239 1109 424 1165 eadem
452 1108 750 1163 substantia
781 1117 892 1164 est:
922 1109 1110 1164 eadem
1139 1108 1282 1164 enim
1313 1108 1427 1164 lure
1456 1109 1596 1164 inter
1621 1124 1679 1164 se
1719 1109 1835 1162 sine

237 1199 616 1272 eonjunctione
646 1217 810 1256 unum
842 1211 1006 1267 sunt,
1053 1211 1107 1256 et
1136 1201 1254 1256 sine
1300 1201 1668 1272 geminatione
1706 1201 1836 1256 sim-

239 1294 392 1364 plex,
441 1303 629 1348 suout
667 1294 888 1364 prOpI-io
919 1294 1186 1350 existendi
1242 1309 1494 1362 versum,
1549 1295 1601 1348 vi
1656 1307 1833 1351 autem

236 1387 622 1457 potentiaque:
675 1386 797 1456 quia
849 1403 1119 1456 nunquam
1175 1385 1293 1440 sine
1345 1387 1514 1441 altero
1565 1388 1825 1454 alterum,

236 1493 402 1533 unum
433 1489 596 1549 atque
621 1478 762 1534 idem
795 1489 999 1534 tantum
1026 1489 1186 1544 actu;
1216 1479 1310 1534 sed
1339 1483 1426 1551 qui
1459 1480 1591 1536 foris
1619 1493 1704 1537 est
1731 1524 1746 1547 ,
1779 1483 1831 1536 in

237 1570 526 1641 passiones
579 1569 888 1638 incidente,
919 1571 1024 1626 alio
1079 1580 1256 1626 autem
1314 1572 1571 1628 interiore
1619 1589 1834 1642 semper

239 1669 496 1716 manente
523 1671 683 1732 atque
713 1673 918 1718 teternn
944 1704 957 1728 ,
981 1663 1182 1734 quippe
1219 1663 1464 1734 originali
1494 1675 1549 1719 et
1577 1663 1829 1719 substan-

1945 455 2085 525 qnod
2118 456 2263 519 vivit,
2297 456 2402 510 vita
2443 455 2534 521 sit,
2563 463 2617 510 et
2642 455 2695 509 in
2725 470 2791 510 eo
2822 455 2964 526 quod
2998 457 3106 511 vita
3138 465 3243 523 est,
3272 458 3415 512 vivat
3441 473 3535 513 ne-

1941 561 2094 603 cesse
2119 558 2201 603 est
2231 567 2242 602 :
2273 564 2378 602 non
2407 548 2550 604 enim
2573 559 2719 604 caret
2745 547 2849 603 vita
2873 549 3015 618 quod
3040 550 3187 617 vivit,
3208 558 3300 604 aut
3324 566 3445 607 cum
3469 553 3538 607 sit

1941 643 2046 696 vita
2075 658 2180 696 non
2211 642 2338 698 vivit
2365 660 2379 696 :
2409 643 2637 698 alterum
2670 643 2835 713 igitur
2871 643 2924 698 in
2966 645 3158 708 altero,
3184 654 3237 699 et
3264 661 3329 700 ex
3356 644 3458 699 hoc
3484 647 3534 701 iu

1940 734 2178 802 quolibet
2205 735 2376 789 altero
2402 735 2508 789 duo
2538 753 2550 791 :
2580 744 2634 790 et
2659 735 2704 789 si
2735 746 2789 790 ut
2821 735 2962 801 duo,
2996 753 3100 791 non
3137 747 3193 790 ut
3233 753 3364 806 pure
3404 737 3534 804 duo,

1941 823 2139 893 quippe
2161 840 2282 878 cum
2309 826 2537 881 alterum
2564 827 2615 881 in
2643 827 2836 895 altero,
2866 837 2920 883 et
2949 829 3000 883 id
3033 830 3084 884 in
3113 839 3362 900 utroque,
3394 829 3536 886 idem

1940 931 2090 988 ergo.
2119 918 2224 973 Sed
2255 918 2397 975 idem
2425 920 2476 974 in
2503 919 2713 975 duobus
2741 931 2844 982 est.
2877 932 2931 977 et
2957 938 2986 977 a
3024 937 3083 979 se
3120 924 3259 978 alter
3289 942 3300 976 :
3335 924 3379 977 is
3408 939 3536 995 ergo

1942 1023 1992 1066 et
2022 1011 2163 1066 idem
2190 1023 2291 1078 est,
2321 1023 2376 1068 et
2405 1016 2632 1070 alterum
2665 1015 2715 1068 in
2749 1015 2988 1084 quolibet
3017 1015 3208 1072 horum
3240 1017 3438 1088 aliquo.
3466 1019 3534 1074 At

1939 1104 1983 1158 si
2021 1104 2160 1159 idem
2197 1115 2298 1171 est,
2342 1116 2395 1162 et
2435 1108 2500 1162 ad
2547 1123 2606 1163 se
2654 1117 2939 1180 utrumque
2967 1110 3108 1165 idem
3139 1120 3192 1166 et
3220 1127 3384 1166 unum
3417 1121 3532 1178 est;

1940 1197 2216 1267 quodlibet
2260 1200 2403 1253 enim
2453 1200 2623 1254 altero
2655 1200 2918 1256 existente
2965 1203 3104 1272 quod
3135 1203 3364 1259 alterum
3419 1213 3531 1271 est,

1941 1301 2188 1346 neutrum
2238 1304 2292 1346 ut
2341 1293 2646 1364 geminum;
2699 1310 2829 1366 ergo
2873 1295 2916 1350 si
2961 1305 3246 1368 utrumque
3288 1298 3390 1352 hoc
3419 1299 3534 1368 ipso

1939 1386 2084 1455 quod
2109 1395 2216 1452 est,
2267 1397 2321 1442 ct
2374 1389 2600 1443 alterum
2657 1399 2760 1455 est,
2816 1391 2919 1445 erit
2965 1391 3102 1462 apud
3153 1407 3211 1448 se
3251 1401 3536 1463 utrumque

1940 1494 2134 1543 unum;
2165 1491 2220 1535 at
2239 1495 2360 1536 cum
2393 1491 2677 1552 utrumque
2705 1483 2843 1550 apud
2863 1499 2921 1539 se
2952 1500 3115 1539 unutn
3139 1493 3260 1553 est,
3283 1485 3336 1539 in
3365 1486 3536 1540 altero

1938 1570 2078 1625 idem
2110 1587 2272 1625 unum
2300 1583 2383 1627 est
2413 1591 2426 1626 :
2459 1584 2511 1628 at
2539 1589 2660 1628 eum
2691 1574 2830 1630 idem
2867 1592 3027 1631 unum
3060 1585 3174 1644 est,
3201 1593 3329 1633 vere
3372 1595 3534 1634 unum

1937 1674 2020 1719 est
2048 1675 2332 1736 utrumque
2357 1685 2368 1720 ε
2395 1667 2540 1722 nullo
2581 1669 2724 1723 enim
2758 1681 3043 1742 utrumque
3067 1671 3253 1738 distat,
3277 1687 3376 1728 nec
3397 1673 3537 1728 exis-

235 1752 345 1807 tiati
371 1793 388 1820 ,
418 1761 473 1808 et
502 1751 704 1809 ideirco
740 1769 958 1825 semper
990 1763 1140 1826 patre
1165 1799 1180 1823 ,
1214 1771 1316 1826 qua
1345 1757 1755 1812 ratiocinatione
1779 1768 1834 1812 et
1865 1761 1914 1820 B
1941 1758 2084 1812 tendi
2111 1759 2326 1826 virtute,
2374 1775 2474 1816 nec
2505 1774 2776 1832 tempore,
2808 1763 3035 1819 fortasse
3056 1779 3237 1833 causa,
3260 1775 3314 1820 et
3341 1765 3442 1820 hoc
3459 1766 3539 1820 al-

234 1857 452 1915 semper
499 1844 628 1900 lilio.
684 1847 880 1902 Paulus
928 1849 979 1902 in
1023 1849 1274 1904 omnibus
1322 1850 1568 1920 epistolis
1597 1850 1738 1923 (Cal.
1793 1867 1830 1915 ι,

239 1935 297 2007 1)
321 1955 333 1990 :
361 1935 540 1991 Gratia
569 1938 710 1992 vobis
763 1949 812 1994 et
863 1957 966 2010 pax
998 1957 1028 1994 η
1060 1939 1172 1995 Deo
1222 1939 1384 1995 Patre
1416 1952 1590 1995 nostra
1652 1954 1695 1996 et
1726 1942 1835 1996 Do-

234 2029 376 2082 mino
419 2039 593 2084 nostra
631 2029 756 2084 Jesu
786 2030 1005 2085 Christo.
1048 2031 1179 2085 Item
1211 2031 1391 2103 (Joan.
1444 2049 1475 2086 κ
1499 2075 1512 2097 ,
1549 2032 1672 2102 50)ε
1713 2031 1831 2087 Non

235 2122 300 2175 ab
350 2122 670 2191 horninibus,
729 2141 888 2187 neque
913 2141 1003 2196 per
1056 2125 1345 2192 hominem,
1395 2125 1483 2179 sed
1526 2143 1614 2197 per
1658 2124 1834 2180 Iesum

238 2213 496 2269 Christum
535 2226 584 2270 et
630 2233 720 2287 per
764 2216 930 2271 Deam
978 2215 1209 2270 Patrem.
1265 2217 1395 2272 Item
1438 2220 1490 2271 in
1540 2217 1835 2290 Evangelio

238 2308 420 2378 (Joan.
454 2325 564 2374 xtv,
598 2311 687 2382 9):
737 2312 850 2382 Ego
875 2323 922 2366 et
968 2311 1123 2368 Pater
1153 2329 1312 2366 unum
1357 2330 1532 2368 sumus
1577 2331 1596 2368 .'
1642 2331 1732 2386 ego
1783 2316 1834 2370 iu

237 2405 429 2470 Patre,
461 2415 507 2460 et
538 2405 698 2461 Pater
722 2408 775 2460 in
800 2423 895 2460 me.

308 2497 497 2554 XVIII.
531 2497 638 2553 Nos
661 2514 877 2569 quoque
905 2508 1113 2568 patrem
1141 2507 1196 2554 et
1223 2499 1389 2554 lilium
1415 2499 1665 2568 religiose
1692 2515 1834 2554 sem-

243 2604 343 2661 per
373 2604 692 2660 usurpamus
711 2631 724 2655 ,
758 2601 812 2645 et
844 2600 994 2645 recte
1024 2591 1321 2646 secundum
1352 2592 1612 2647 rationem
1639 2607 1832 2661 supra-

237 2682 469 2738 dictam:
513 2682 710 2738 etenim
753 2693 933 2738 motus
955 2725 970 2749 ,
1004 2692 1062 2737 ut
1109 2699 1269 2752 supra
1300 2685 1584 2740 docuimus
1606 2727 1622 2752 ,
1654 2684 1795 2740 [ilius
1815 2725 1832 2751 ,

237 2783 399 2846 atque
453 2774 570 2846 ipse
621 2785 800 2830 motus
836 2777 940 2829 vita
985 2784 1041 2830 et
1091 2776 1354 2842 scientia,
1409 2776 1493 2831 vel
1547 2776 1830 2845 sapientia.

237 2869 398 2926 Certe
424 2870 620 2924 Paulus
659 2870 970 2939 plenissime
998 2872 1264 2940 expressit
1288 2872 1431 2942 quod
1469 2871 1692 2941 intelligi
1738 2887 1835 2924 vo-

236 2961 434 3018 luimus
491 2963 534 3036 (Ι
584 2963 706 3018 Cor.
754 2979 802 3028 ι,
838 2963 902 3029 4,
939 2964 1037 3033 ὕ);
1085 2963 1292 3018 Gratias
1327 2981 1454 3036 ago,
1488 2965 1694 3034 inquit,
1725 2963 1836 3018 Deo

237 3071 350 3110 meo
375 3073 572 3128 semper
600 3073 692 3126 pro
716 3057 855 3111 vobis
884 3057 936 3110 in
967 3055 1167 3111 Christo
1196 3057 1352 3123 Jesu,
1391 3058 1527 3128 quod
1556 3075 1727 3112 omnes
1759 3058 1836 3111 Io-

1939 1859 2054 1906 tero
2082 1853 2228 1921 prius
2254 1861 2355 1908 est.

2010 1943 2072 1997 Il.
2120 1944 2230 2000 Iloc
2256 1961 2361 2016 quo
2392 1945 2602 2003 facilius
2637 1947 2929 2018 judicetur,
2974 1951 3053 2006 sic
3097 1950 3198 2006 ista
3226 1951 3420 2006 melius
3449 1967 3538 2008 re-

1937 2036 2304 2092 tractabimus.
2358 2038 2552 2094 Vivere
2588 2056 2652 2096 ac
2682 2043 2788 2096 vita
2817 2043 2888 2097 ita
2915 2055 3062 2110 sunt,
3095 2053 3150 2098 ut
3182 2052 3237 2099 et
3267 2044 3369 2099 hoc
3395 2045 3537 2115 quod

1936 2138 2019 2183 est
2041 2129 2243 2197 vivere,
2270 2131 2374 2185 vita
2401 2133 2469 2187 sit
2499 2151 2511 2185 :
2545 2143 2601 2188 et
2634 2135 2734 2189 hoc
2766 2136 2908 2204 quod
2935 2146 3018 2191 cst
3046 2137 3148 2191 vita
3173 2179 3187 2204 ,
3217 2137 3286 2191 sit
3315 2139 3532 2202 vivere;

1938 2235 2044 2274 non
2073 2230 2132 2275 ut
2161 2221 2490 2292 duplicatum
2522 2225 2751 2280 alterum
2776 2227 2828 2282 in
2861 2227 3036 2282 altero
3059 2227 3151 2293 sit,
3186 2244 3361 2300 neque
3398 2230 3534 2285 alte-

1937 2329 2058 2368 rum
2084 2329 2205 2369 eum
2230 2315 2399 2371 altero
2422 2327 2503 2372 est
2527 2334 2540 2370 :
2573 2317 2687 2372 lucc
2707 2320 2849 2374 enim
2878 2331 2960 2375 est
2986 2321 3258 2388 c0pulatio
3288 2340 3302 2376 :
3328 2337 3454 2376 num
3484 2331 3538 2378 et

1936 2419 2004 2460 ex
2027 2405 2128 2461 hoc
2146 2407 2356 2462 etiamsi
2376 2408 2618 2479 iusepara
2629 2410 2803 2465 biliter
2821 2411 3063 2481 junctum
3082 2412 3173 2480 sit,
3195 2413 3398 2468 unitttnt
3420 2423 3502 2468 cst
3517 2455 3532 2482 ,

1939 2509 2046 2547 non
2071 2496 2273 2548 unum?
2299 2511 2440 2551 nunc
2471 2512 2597 2550 vero
2627 2512 2747 2551 cum
2793 2499 2910 2567 ipso
2938 2499 3129 2553 eodem
3169 2515 3332 2569 opere
3370 2501 3534 2554 vitam

1937 2599 2056 2639 esse
2087 2585 2151 2640 sit
2181 2585 2380 2653 vivere,
2407 2597 2460 2642 et
2488 2588 2680 2643 eodem
2711 2589 2869 2644 modo
2899 2590 3058 2644 vitam
3087 2606 3208 2646 esse
3235 2592 3322 2646 sit.
3367 2591 3440 2646 De
3471 2591 3536 2647 iis

1938 2681 2080 2735 cnim
2113 2680 2382 2751 loquimur
2411 2681 2650 2747 duobus,
2684 2683 2751 2739 de
2774 2684 2955 2740 vivere
2975 2695 3030 2740 et
3059 2685 3162 2740 vita
3197 2702 3211 2751 ;
3242 2702 3346 2740 non
3375 2685 3440 2740 de
3471 2701 3538 2742 eo

1939 2775 2080 2845 quod
2107 2776 2173 2830 ad
2201 2775 2453 2832 effectum
2482 2777 2644 2832 vitam
2680 2777 2836 2832 habet
2883 2789 2936 2832 et
2973 2779 3174 2833 vivere.
3204 2779 3535 2849 Quamquam

1940 2879 1994 2924 et
2021 2869 2197 2938 ipsum
2225 2871 2462 2936 tertium,
2495 2880 2549 2926 et
2590 2871 2642 2924 iu
2680 2885 2744 2924 eo
2794 2870 2937 2941 quod
2975 2872 3136 2924 vitam
3187 2870 3366 2934 habet,
3399 2881 3452 2924 et
3483 2879 3538 2925 ut

1939 2963 2170 3016 alterum
2200 2977 2266 3016 ex
2295 2962 2498 3028 altero,
2540 2961 2635 3018 sed
2683 2973 2736 3016 ut
2779 2979 2939 3016 untuu
2990 2970 3293 3031 ult-umque.
3329 2961 3404 3014 lix
3434 2975 3539 3028 quo

1940 3064 2180 3127 apparet,
2216 3055 2342 3126 quid
2391 3056 2502 3126 ipsa
2538 3071 2633 3127 per
2653 3071 2713 3112 se
2741 3056 3024 3112 existentia
3054 3057 3103 3109 in
3126 3057 3237 3110 suis
3258 3053 3418 3110 rebus
3447 3069 3538 3109 va-

238 3149 485 3220 cupletati
512 3150 630 3203 estis
676 3150 728 3203 in
760 3150 849 3203 illo
871 3150 967 3215 ,‘in
1014 3151 1150 3204 omni
1177 3152 1322 3205 verba
1358 3162 1403 3204 et
1431 3152 1483 3204 in
1509 3152 1646 3205 omni
1672 3153 1836 3206 srien—
1865 3144 1910 3208 C
1944 3151 2106 3217 Ieant,
2161 3166 2284 3205 cum
2337 3151 2636 3206 substantia
2678 3167 2780 3205 una
2826 3161 2987 3222 atque
3030 3149 3219 3205 eadem
3263 3159 3534 3214 manente,

239 3241 329 3294 tia.
389 3239 622 3296 Verbum
673 3241 946 3296 Christum
1004 3242 1269 3310 diximus,
1324 3242 1374 3296 id
1442 3253 1564 3309 est,
1635 3244 1831 3307 vitam,

235 3335 516 3392 scientiam
548 3336 804 3406 Spiritum
831 3345 1076 3392 sanctum
1099 3378 1114 3404 ,
1147 3353 1277 3406 ergo
1309 3353 1505 3391 unutn:
1541 3336 1603 3390 In
1629 3337 1832 3392 Christo

235 3431 398 3494 enim,
432 3429 542 3493 ait,
566 3428 861 3499 locupletati
881 3435 1022 3484 estis.
1053 3432 1206 3496 Quod
1235 3445 1355 3484 cum
1381 3431 1450 3484 ita
1479 3430 1549 3484 sit
1569 3471 1584 3496 ,
1614 3431 1658 3484 si
1693 3430 1833 3486 Deus

233 3531 288 3578 et
310 3521 557 3578 Christus
579 3537 778 3589 unum,
810 3537 932 3576 cum
974 3521 1222 3577 Christus
1267 3532 1321 3577 et
1350 3521 1581 3591 Spiritus
1631 3537 1793 3576 unum
1813 3564 1828 3590 ,

228 3615 352 3686 jure
384 3617 487 3670 tria
522 3631 686 3670 unum
707 3657 724 3684 ,
747 3615 798 3669 vi
847 3626 902 3672 et
949 3615 1278 3670 substantia:
1313 3614 1480 3684 prima
1513 3623 1692 3670 tamen
1725 3615 1832 3670 duo

233 3723 399 3764 unum
429 3709 675 3775 diverse,
707 3709 810 3764 hoc
837 3719 893 3763 ut
930 3709 1001 3764 sit
1030 3718 1200 3778 pater,
1233 3707 1458 3764 actualis
1507 3707 1827 3774 existentia,

233 3800 288 3856 id
318 3813 421 3864 εει,
449 3801 910 3867 substantialitas;
940 3801 1078 3855 (ilius
1101 3817 1229 3856 vero
1259 3811 1408 3855 actus
1429 3800 1788 3856 existentialis
1813 3818 1827 3856 :

233 3895 340 3952 duo
369 3905 546 3974 autem
580 3896 784 3965 reliqua
815 3895 887 3949 ita
932 3896 1068 3963 duo,
1105 3905 1160 3949 ut
1206 3895 1453 3951 Christus
1502 3904 1556 3949 et
1599 3895 1830 3964 Spiritus

231 3997 450 4044 sanctus
480 3989 534 4042 in
574 4004 680 4043 uno
701 3987 807 4042 duo
835 3989 944 4043 sint
970 4029 985 4052 ,
1023 3989 1073 4042 id
1105 3997 1220 4052 est,
1261 3989 1312 4043 in
1354 3999 1532 4054 motu,
1568 3999 1729 4058 atque
1758 3989 1830 4043 ita

233 4081 363 4147 dtto,
397 4093 454 4136 ut
480 4097 644 4137 unum
675 4082 816 4137 duo:
850 4083 1018 4152 prima
1048 4091 1229 4136 autem
1261 4081 1387 4147 duo,
1421 4093 1476 4135 ut
1503 4081 1610 4136 duo
1640 4098 1825 4147 unum,

231 4175 311 4230 sic
337 4191 456 4230 cum
486 4176 536 4230 in
558 4190 668 4230 uno
693 4173 802 4231 duo
823 4217 837 4242 ,
861 4185 914 4229 et
943 4190 1064 4230 cum
1086 4174 1193 4229 duo
1218 4190 1404 4239 unum,
1457 4173 1695 4228 Trinitas
1715 4173 1829 4228 exi—

233 4269 329 4325 stit
353 4285 538 4324 unum.
567 4268 700 4325 Nam
746 4269 876 4341 quid
907 4285 1006 4340 ego
1033 4269 1101 4324 de
1143 4268 1345 4338 Spiritu
1378 4277 1596 4334 sancto,
1625 4268 1694 4323 de
1722 4284 1828 4337 quo

231 4371 515 4418 tractatum
569 4373 652 4418 est
709 4363 950 4434 pluribus
978 4405 993 4430 ,
1044 4363 1212 4418 multa
1258 4362 1714 4417 commemorem?
1749 4362 1824 4417 Ex

232 4456 352 4528 ipso
380 4458 680 4528 concipitur
717 4457 967 4513 Christus
1013 4457 1065 4512 in
1097 4473 1291 4524 carne;
1326 4473 1389 4512 ex
1422 4457 1540 4528 ipso
1585 4457 1825 4512 sanctifi-

1939 3256 2064 3297 esse
2087 3257 2242 3296 suum
2272 3242 2415 3296 nulla
2449 3242 2531 3296 sui
2561 3241 2901 3296 innovatione
2930 3241 3274 3297 custodiant:
3307 3255 3537 3310 namque

1939 3335 2063 3390 vitae
2090 3351 2211 3390 esse
2239 3351 2395 3390 suum
2421 3375 2437 3402 ,
2467 3347 2549 3391 est
2580 3335 2779 3391 moveri
2816 3353 2828 3389 :
2875 3335 3045 3406 ipsum
3081 3345 3258 3389 autem
3311 3333 3536 3397 moveri,

1939 3429 2041 3485 hoc
2120 3438 2201 3484 est
2255 3429 2456 3486 vivere.
2531 3429 2664 3484 Esse
2735 3430 2894 3501 igitur
2957 3439 3010 3484 ct
3079 3429 3264 3484 vivere
3313 3437 3423 3495 est,
3485 3437 3539 3484 et

1937 3538 2059 3580 esse
2131 3523 2294 3578 vitam
2357 3543 2370 3578 :
2451 3539 2554 3578 una
2632 3540 2761 3594 ergo
2830 3523 3126 3593 eademque
3201 3523 3532 3577 substantia:

1936 3632 2166 3686 namque
2236 3615 2523 3686 unicuique
2592 3615 2644 3669 iu
2708 3631 2774 3670 eo
2839 3615 2981 3685 quod
3054 3615 3124 3668 sit
3183 3629 3338 3668 suum
3391 3629 3533 3681 esse,

1935 3709 2234 3764 substantia
2265 3719 2368 3764 est.
2400 3710 2610 3763 Etenim
2644 3710 2694 3764 in
2717 3710 2965 3778 supernis
2987 3709 3332 3779 internisque,
3353 3707 3404 3761 id
3430 3719 3533 3774 est,

1935 3803 1986 3857 in
2017 3802 2477 3857 intellectibililms
2507 3812 2667 3873 atque
2695 3803 3141 3858 intcllectualibns
3164 3844 3180 3868 ,
3226 3801 3356 3856 nihil
3388 3801 3532 3856 acci-

1934 3895 2090 3957 deus,
2122 3895 2257 3949 nihil
2291 3894 2536 3965 qualitas,
2578 3895 2707 3950 nihil
2750 3896 3045 3966 geminum.
3076 3895 3160 3949 vel
3189 3910 3309 3949 cum
3340 3894 3532 3958 altero,

1933 3987 2029 4042 sed
2061 3987 2240 4041 omnia
2265 3987 2506 4056 viventes
2523 3997 2670 4055 sunt,
2697 3987 3164 4058 intelligentesque
3194 3987 3531 4053 substantia',

1935 4095 2103 4150 pune,
2135 4079 2426 4150 simplices,
2450 4080 2774 4146 uniusmodi,
2808 4081 2907 4135 hoc
2938 4080 3055 4151 ipso
3085 4095 3192 4150 quo
3219 4087 3344 4132 sunt
3373 4087 3427 4132 et
3457 4078 3536 4132 vi-

1935 4185 2083 4238 vunt,
2111 4183 2166 4226 et
2211 4172 2552 4244 intelligunt;
2596 4187 3026 4242 conversumque
3057 4186 3164 4240 quo
3207 4169 3530 4239 intelligunt,

1933 4263 2034 4319 huc
2065 4267 2179 4334 ipso
2207 4265 2364 4319 etiam
2393 4274 2540 4321 sunt.
2574 4263 2718 4320 Vivit
2740 4265 2898 4334 igitur
2924 4279 2985 4318 ac
3015 4263 3119 4318 vita
3148 4277 3253 4317 una
3283 4263 3535 4318 substan—

1931 4356 2001 4411 tia
2032 4366 2134 4410 est.

2003 4448 2092 4504 Ill.
2121 4449 2223 4504 Sed
2249 4450 2500 4520 quoniam
2531 4449 2836 4505 intellectus
2859 4448 2930 4503 ita
2955 4464 3014 4504 se
3047 4448 3250 4518 pandit,
3283 4447 3532 4517 atqueita

231 4563 384 4608 catur
413 4552 465 4607 in
515 4553 779 4621 baptismo
799 4593 814 4616 ,
875 4550 1123 4607 Christus
1153 4552 1205 4607 in
1237 4567 1399 4608 carne
1423 4569 1436 4618 ;
1493 4551 1607 4624 ipse
1635 4563 1720 4608 est
1769 4552 1823 4606 in
1852 4542 1906 4602 D
1929 4557 2110 4598 sermo
2135 4543 2418 4613 processit,
2443 4551 2501 4598 ut
2523 4552 2577 4597 et
2607 4544 2746 4596 ineo
2771 4540 2912 4612 quod
2937 4553 3015 4595 cst
3039 4541 3218 4595 vivere
3236 4540 3342 4592 vim
3361 4541 3457 4602 sil;
3481 4551 3535 4594 el

230 4645 449 4700 Christo
476 4645 566 4715 qui
596 4646 648 4701 in
678 4660 843 4702 carne
862 4685 874 4709 ,
923 4645 1038 4713 ipse
1067 4646 1225 4701 datur
1252 4646 1527 4718 Apostolis
1557 4663 1587 4700 a
1612 4646 1827 4702 Christo

231 4741 320 4811 qui
347 4740 400 4794 in
431 4755 592 4795 carne
618 4751 732 4806 est,
765 4750 822 4796 ut
852 4741 1120 4811 baptizent
1149 4742 1200 4796 in
1226 4742 1336 4797 Deo
1356 4785 1370 4808 ,
1398 4752 1454 4799 et
1494 4743 1546 4796 in
1576 4741 1822 4808 Christo,

232 4842 288 4887 et
315 4832 516 4902 Spiritu
561 4845 748 4889 sancto
772 4852 784 4888 :
819 4834 933 4904 ipse
962 4849 1123 4904 quem
1151 4835 1397 4891 Christus
1430 4837 1481 4891 in
1507 4853 1670 4892 carne
1697 4852 1828 4908 pro-

232 4925 390 4980 mittit
413 4941 533 4981 esse
553 4937 834 4983 venturqu
853 4969 870 4995 ,
895 4927 1126 4998 quadam
1149 4928 1343 4999 agendi
1368 4929 1649 4998 distantia;
1685 4931 1824 4986 idem

231 5017 347 5084 ipse
371 5025 425 5072 et
451 5016 735 5080 Christus.
777 5028 833 5074 et
860 5020 1092 5090 Spiritus
1118 5029 1376 5086 sanctus;
1408 5030 1463 5076 et
1495 5021 1616 5090 quia
1658 5022 1824 5090 Spiri-

231 5119 352 5175 tns,
409 5110 606 5167 idcirco
635 5120 689 5167 et
723 5112 894 5168 Deus:
927 5112 1052 5183 quia
1083 5111 1330 5169 Christus
1375 5113 1518 5183 quod
1558 5113 1786 5184 Spiritus
1808 5156 1822 5181 ,

233 5201 356 5257 ideo
387 5202 558 5257 Dens:
594 5203 735 5258 unde
783 5213 936 5275 pater
960 5247 975 5272 ,
1002 5214 1057 5260 et
1081 5204 1224 5261 tilius
1249 5247 1263 5272 ,
1292 5213 1346 5262 et
1401 5205 1666 5277 Spiritus,
1719 5220 1825 5261 non

229 5296 404 5352 Solum
434 5313 599 5353 unum
619 5339 634 5365 ,
663 5297 757 5353 sed
785 5309 839 5354 et
868 5315 1006 5356 unus
1031 5299 1195 5356 Deus.

753 5431 958 5489 LIBER
995 5433 1341 5502 QUARTUS.

301 5573 343 5628 l.
387 5572 533 5628 Vivit
561 5587 622 5627 ac
661 5571 770 5628 vita
796 5586 960 5626 unttm
991 5585 1059 5626 ne
1083 5612 1097 5635 ,
1127 5585 1194 5626 an
1223 5570 1362 5627 idem
1388 5613 1403 5636 ,
1449 5585 1516 5626 an
1566 5571 1829 5628 alterum?

229 5663 430 5722 Unum.
455 5665 522 5720 Et
545 5661 642 5721 cur
672 5664 778 5720 duo
807 5663 1023 5719 nomina
1058 5662 1201 5718 idem
1221 5705 1237 5731 ,
1276 5674 1330 5719 et
1363 5664 1674 5736 quomodo?
1703 5680 1824 5721 cum

229 5757 300 5814 sit
328 5757 474 5815 aliud
513 5757 567 5816 in
607 5769 730 5818 actu
771 5771 916 5824 esse,
963 5756 1107 5814 aliud
1149 5757 1320 5828 ipsam
1365 5758 1629 5816 actionem
1680 5773 1822 5827 esse,

1933 4634 1986 4689 in
2017 4650 2082 4689 eo
2107 4635 2247 4704 quod
2273 4636 2377 4690 vita
2399 4635 2490 4702 sit,
2517 4634 2637 4690 ideo
2655 4635 2723 4688 sit
2742 4634 2867 4696 vita,
2887 4633 3010 4704 quia
3036 4633 3198 4686 vivit:
3219 4631 3527 4696 videndum,

1933 4737 1985 4781 et
2000 4728 2198 4782 intenta
2213 4726 2984 4796 rationequmrendnm,utrum
3005 4724 3261 4779 naturalis
3274 4723 3372 4778 ista
3384 4739 3534 4779 com-

1935 4823 2134 4894 plexio,
2163 4832 2217 4877 et
2245 4821 2510 4893 bigemina
2541 4820 2839 4876 existentite
2868 4818 3028 4874 modo
3069 4835 3197 4890 pura
3219 4818 3534 4889 simplicitas

1937 4931 2108 4971 unave
2131 4917 2218 4982 sit,
2239 4931 2304 4968 an
2327 4913 2469 4969 dua).
2492 4913 2546 4969 Si
2571 4912 2698 4967 nihil
2724 4913 2967 4978 interest,
2999 4913 3200 4978 vivere,
3227 4921 3282 4966 et
3301 4911 3407 4965 vita
3430 4911 3530 4975 sit;

1935 5018 1990 5065 et
2017 5009 2180 5062 vitam
2209 5023 2350 5073 esse,
2382 5008 2435 5061 vi
2467 5007 2592 5062 insit
2614 5017 2666 5062 et
2688 5009 2895 5072 vivere;
2924 5007 3043 5075 jure
3064 5021 3126 5060 ac
3151 5006 3344 5061 merito
3371 5021 3531 5060 unam

1929 5102 2176 5165 istorum,
2194 5116 2299 5156 non
2321 5101 2586 5171 geminam
2602 5099 2846 5170 copulam
2867 5099 2933 5153 ad
2949 5099 3286 5154 existentiam
3309 5099 3393 5153 sui
3412 5113 3533 5154 esse

1929 5195 2194 5252 dicemus.
2225 5194 2319 5252 Sin
2350 5203 2530 5250 autem
2562 5194 2812 5264 primum,
2847 5193 2989 5248 aliud
3032 5202 3115 5248 est
3142 5192 3344 5258 vivere,
3387 5185 3532 5246 aliud

1929 5288 2094 5342 vitam
2117 5303 2252 5344 esse.
2279 5287 2346 5343 Et
2373 5287 2500 5344 item
2521 5285 2566 5342 si
2590 5286 2840 5342 distantia
2872 5296 2975 5353 est,
2999 5295 3056 5340 ut
3079 5301 3219 5340 nunc
3237 5285 3344 5338 vita
3372 5297 3531 5337 causa

1930 5379 2002 5436 sit
2022 5382 2088 5435 ad
2113 5381 2424 5449 vivendum,
2456 5396 2598 5436 nunc
2626 5381 2800 5452 ipsum
2829 5381 3010 5436 vivere
3033 5395 3192 5436 causa
3221 5378 3309 5443 sit,
3340 5384 3398 5430 ut
3421 5375 3530 5430 vita

1930 5476 2033 5532 sit:
2053 5475 2159 5532 duo
2187 5485 2315 5532 sunt
2343 5476 2466 5542 ista,
2494 5475 2587 5532 sed
2615 5477 2825 5547 gemina
2858 5476 2996 5530 inter
3024 5490 3104 5539 se,
3128 5480 3286 5543 atque
3307 5469 3448 5540 apud
3474 5486 3534 5527 se

1931 5571 2248 5640 simpliciter
2269 5571 2412 5626 unita
2430 5589 2443 5624 :
2461 5570 2696 5643 potentia
2714 5570 2857 5626 enim
2882 5571 3026 5642 Λόγῳ
3042 5582 3140 5621 suo
3164 5575 3323 5636 atque
3350 5565 3534 5622 divino

1931 5663 2097 5721 refert
2125 5663 2224 5720 ista
2257 5664 2542 5734 geminari,
2574 5675 2634 5721 ut
2660 5663 2902 5735 ejusdem
2933 5671 3136 5717 natura:
3160 5673 3224 5715 ac
3256 5661 3531 5732 potentiae,

1930 5756 2159 5813 alterum
2192 5756 2347 5827 cujus
2381 5755 2452 5813 sit
2497 5755 2584 5823 id,
2630 5772 2660 5814 a
2708 5769 2815 5826 quo
2850 5754 2952 5810 hoc
2978 5752 3230 5810 alterum.
3262 5751 3422 5824 Atqui
3451 5760 3535 5808 est
