4018 6184
652 232 792 296 1115

1900 236 2090 294 M.\Rll
2139 230 2485 295 VICTORINI
2532 235 2696 294 AFRI

3719 259 3814 314 lilii

651 356 901 412 nonnulla
928 356 1178 411 distantia
1202 399 1217 423 ,
1249 368 1408 425 parva
1452 356 1539 411 illa
1573 358 1641 411 sit
1671 357 1824 425 licet,
1854 356 1995 413 unde
2027 373 2130 413 nott
2158 364 2242 411 est
2268 357 2321 419 Α
2345 370 2468 411 cum
2498 365 2583 411 est
2611 354 2847 426 Spiritus
2873 396 2889 423 ,
2921 362 2977 411 et
3003 357 3133 412 vivit
3171 366 3227 413 et
3269 359 3369 414 vita
3395 368 3487 417 est.
3516 362 3669 423 Paulus
3704 373 3817 431 niani

649 450 840 505 frustra
867 447 1179 520 geminatio.
1212 449 1421 505 Etenim
1473 464 1579 504 non
1618 449 1763 504 idem
1810 450 1950 503 actio
1975 458 2031 503 et
2058 463 2238 518 agere,

649 559 749 601 nee
776 544 1011 615 potentia
1042 550 1098 599 et
1122 544 1388 616 operatio,
1422 558 1545 611 nec,
1573 554 1631 599 ut
1654 543 1833 599 verius
1876 544 2072 610 dicam,
2098 541 2241 597 idem

647 652 809 695 causa
844 647 926 694 est
948 679 963 703 ,
997 638 1139 710 quod
1163 639 1383 695 euectus
1410 657 1422 692 :
1455 639 1542 695 illa
1570 640 1716 695 enim
1744 638 1916 710 origo,
1947 637 2034 694 hie
2059 646 2243 708 partus

647 742 753 790 est.
783 731 934 789 Unde
959 748 1080 789 cum
1108 732 1218 789 duo
1243 734 1367 799 ista,
1396 731 1524 788 vivit
1552 747 1614 788 ae
1641 732 1743 787 vita
1768 773 1785 801 ,
1813 732 1880 787 sit
1912 730 2055 786 actio
2079 738 2244 802 atque

648 838 828 896 agere,
881 839 1200 897 quamquam
1223 823 1278 881 itt
1305 840 1364 881 se
1394 825 1662 896 simulque
1686 826 1815 890 sint,
1846 831 2025 879 tamen
2057 831 2112 879 et
2139 822 2243 877 alia

645 919 696 973 vi
719 927 879 990 atque
906 929 1094 975 natura
1122 919 1476 975 existimanda
1503 926 1651 985 sunt,
1685 927 1743 973 ut
1768 917 1997 974 alterum
2023 916 2243 971 alterius

647 1028 807 1070 causa
846 1014 952 1079 sit,
980 1013 1209 1068 alterum
1235 1012 1431 1068 existat
1461 1012 1730 1069 eﬂ‘ectum.
1761 1011 1869 1069 Sed
1914 1020 1974 1067 ut
2000 1007 2133 1065 mihi
2158 1010 2243 1063 in-

650 1104 941 1176 telligentia
971 1113 1091 1171 est,
1125 1119 1188 1160 ac
1216 1105 1436 1176 probata
1463 1104 1761 1171 sententia,
1795 1118 1915 1160 cum
1959 1101 2013 1158 in
2045 1101 2242 1174 princi-

649 1196 759 1268 pali
784 1192 1119 1268 naturalique
1159 1199 1344 1268 primaa
1379 1196 1680 1252 divinitatis
1722 1196 1969 1264 exordio,
2012 1197 2242 1266 primum

648 1290 721 1344 sit
763 1289 906 1361 quod
959 1298 1042 1346 est
1082 1290 1264 1347 vivere
1287 1332 1304 1359 ,
1334 1290 1631 1347 secundum
1662 1304 1791 1345 vero
1829 1289 1970 1361 quod
2001 1288 2138 1355 vita;
2172 1290 2243 1344 ita

649 1381 796 1437 enim
825 1380 963 1436 ratio
991 1381 1235 1449 docebit,
1269 1391 1323 1438 et
1351 1381 1463 1452 ipsa
1494 1382 1691 1436 veritas
1715 1379 2063 1453 approbabit;
2098 1381 2155 1434 iit
2186 1385 2247 1435 ut

648 1476 836 1531 vivere
865 1487 1025 1530 causa
1066 1474 1157 1541 sit,
1185 1475 1517 1547 eti‘eetusque
1570 1474 1781 1531 vivendi
1821 1475 1924 1529 vita
1958 1474 2047 1540 sit,
2098 1471 2243 1545 quod

649 1574 828 1623 tamen
872 1567 1045 1639 ipsum
1079 1569 1260 1625 vivere
1309 1577 1363 1624 ει
1403 1567 1506 1623 vita
1538 1568 1645 1623 sit:
1679 1567 1839 1623 simul
1868 1566 2012 1623 enim
2042 1566 2162 1634 ista,
2189 1572 2245 1621 et

646 1661 804 1717 simul
827 1674 1062 1731 semper,
1096 1661 1238 1732 quod
1264 1662 1625 1732 cognoscitur,
1656 1668 1830 1715 erant.
1861 1658 2016 1715 Aliud
2040 1658 2148 1714 vita
2174 1658 2241 1713 ad

2345 450 2411 506 ad
2454 451 2728 505 Romanos
2757 450 2933 522 (Rom.
2968 466 3080 505 vttt.
3116 453 3167 519 1,
3194 451 3255 525 2)
3284 470 3299 509 :
3328 451 3480 509 Nulla
3512 474 3611 528 ergo
3637 462 3820 521 demntia

2342 543 2407 597 iis
2435 543 2523 614 qui
2559 551 2675 598 sunt
2700 543 2754 597 in
2775 540 2984 599 Christo
3007 542 3136 599 Iesu
3160 586 3174 611 ,
3209 553 3256 599 et
3294 561 3392 600 non
3409 548 3549 619 juxta
3584 568 3721 624 corpus
3744 576 3819 612 am-

2344 635 2523 691 bulaut
2553 652 2565 690 :
2599 636 2682 690 (ea:
2708 636 2844 699 enim
2882 636 3095 708 spiritus
3123 639 3239 693 vita
3263 638 3315 693 in
3336 638 3524 697 Christo
3546 642 3649 700 Iesu
3666 648 3822 707 liberavit

2345 744 2425 783 me
2451 747 2484 784 a
2510 728 2621 801 lege
2646 730 2839 801 peccati
2858 739 2907 785 et
2936 733 3130 786 mortis.
3163 732 3393 804 Spiritus
3418 738 3551 803 vitta,
3576 740 3725 812 inquit,
3759 748 3820 803 tri:

2345 822 2490 877 enim
2510 822 2608 876 ista
2630 822 2855 892 spiritus
2874 832 3022 888 sunt,
3056 822 3221 890 Deus,
3243 824 3419 893 Jcsus,
3436 826 3636 898 Spiritus
3659 845 3819 891 sanctus.

2419 913 2484 969 V.
2515 917 2593 970 Ae
2632 915 2702 972 de
2733 916 2843 972 Deo
2880 917 3164 987 probatum
3207 928 3339 990 puto
3374 930 3427 976 et
3467 922 3676 992 spiritum
3714 943 3823 985 esse:

2344 1006 2592 1076 Spiritum
2623 1019 2803 1063 autem
2829 1017 2886 1063 ot
2910 1010 3113 1077 vivere,
3141 1020 3197 1065 et
3229 1010 3410 1068 vivere
3446 1013 3636 1082 facere,
3659 1026 3701 1073 et
3722 1022 3820 1075 vitam

2345 1111 2469 1153 esse
2491 1099 2940 1169 substantialiter,
2965 1110 3024 1157 ut
3057 1103 3159 1158 ista
3187 1103 3453 1161 intellecta
3482 1108 3655 1173 sint,et
3677 1112 3822 1180 simplex

2346 1202 2401 1249 et
2426 1208 2529 1247 una
2559 1190 2882 1262 substantia,
2916 1204 2971 1251 ut
2998 1188 3103 1252 hoc
3131 1198 3201 1253 sit
3230 1199 3470 1269 spiritum
3507 1217 3641 1271 esse,
3666 1207 3825 1277 quodvi-

2345 1299 2494 1350 vere,
2517 1296 2574 1341 et
2603 1286 2769 1342 vitam
2802 1302 2945 1366 esse.
2976 1287 3082 1344 Sed
3114 1305 3222 1345 non
3250 1291 3391 1347 istud
3419 1293 3548 1361 quod
3575 1306 3824 1355 nostruntcst

2348 1380 2551 1446 vivere,
2593 1381 2734 1451 quod
2781 1382 3115 1451 animalium,
3163 1384 3307 1453 quod
3351 1386 3711 1455 elementorum,
3743 1392 3823 1459 quod

2347 1485 2655 1529 creatorum
2683 1490 2749 1530 ex
2782 1475 3086 1543 elementis,
3116 1477 3260 1547 quod
3300 1470 3500 1542 mundi,
3530 1479 3653 1550 quod
3675 1483 3823 1536 omnim

2347 1564 2400 1620 in
2443 1565 2666 1633 mundo,
2715 1567 2857 1638 quod
2906 1568 3258 1639 Angelorum,
3288 1569 3608 1638 daemonum,
3635 1574 3702 1627 vel
3734 1578 3823 1628 uiui

2346 1674 2533 1716 eorum
2579 1675 2717 1733 quos
2764 1661 2818 1717 in
2867 1663 3069 1718 mundo
3110 1662 3183 1720 de
3226 1664 3427 1719 mundo
3452 1665 3576 1721 deos
3610 1666 3824 1721 nominant:

645 1752 880 1808 secunda
911 1753 1192 1824 tertiaque,
1223 1753 1307 1809 vel
1333 1752 1589 1824 deinceps
1615 1766 1739 1824 quae
1771 1751 1956 1807 vivunt
1995 1750 2240 1807 ordinata
2272 1759 2321 1821 B
2348 1768 2479 1822 non,
2513 1755 2754 1825 inquam,
2783 1754 2912 1811 illud
2942 1758 3131 1813 vivere
3156 1757 3208 1811 in
3240 1758 3352 1814 Deo
3377 1770 3476 1813 est.
3510 1759 3610 1815 lloc
3647 1760 3748 1815 Deus
3772 1771 3826 1821 et,

647 1860 809 1901 causa
856 1856 1017 1918 atque
1046 1847 1369 1918 principium
1396 1889 1412 1915 ,
1452 1847 1525 1902 ita
1554 1847 1763 1904 scilicet
1803 1855 1860 1901 ut
1905 1846 2045 1902 idem
2074 1848 2144 1901 sit
2171 1851 2244 1901 ειη

648 1939 867 2010 ntulque
897 1940 1001 1995 vita
1031 1941 1174 2013 quod
1196 1941 1414 2009 vivere;
1447 1941 1541 1998 sed
1565 1940 1668 1997 hoc
1698 1941 1910 2009 vivere,
1944 1940 2241 1998 secundum

644 2032 714 2087 de
742 2032 872 2100 vita,
901 2048 1022 2088 eunt
1062 2034 1166 2089 vita
1204 2044 1286 2090 est
1320 2051 1333 2089 :
1376 2034 1510 2089 illud
1558 2036 1787 2104 primum
1835 2050 1899 2090 ac
1949 2033 2247 2106 principale

648 2125 858 2192 vivere,
885 2126 1042 2181 simul
1068 2136 1120 2181 et
1157 2128 1263 2181 vita
1303 2139 1463 2182 causa
1490 2135 1573 2182 est
1600 2126 1745 2193 vitae,
1773 2136 1827 2182 et
1854 2127 1995 2194 lous,
2020 2135 2076 2182 et
2094 2126 2247 2197 origo

648 2216 963 2273 viventium.
986 2216 1112 2273 Scio
1141 2217 1243 2275 hoc
1264 2218 1553 2274 obscurum
1583 2218 1752 2274 videri
1786 2230 1967 2289 posse,
1999 2233 2105 2274 non
2136 2226 2246 2274 tam

647 2326 850 2380 rerum,
866 2328 1029 2384 quam
1040 2313 1351 2369 eorumdem
1366 2314 1740 2384 repetitionem
1756 2328 2088 2381 sermonum,
2104 2312 2247 2384 quod

647 2404 755 2462 duo
777 2408 876 2461 ista
899 2407 993 2462 tali
1024 2408 1366 2478 copulatione
1394 2414 1703 2476 nectuntur,
1729 2417 1786 2463 ut
1814 2422 1935 2485 cum
1965 2407 2039 2463 sit
2068 2408 2249 2464 vivere

647 2498 754 2553 vita
781 2503 867 2566 sit,
889 2509 1084 2555 etcum
1100 2500 1169 2555 sit
1182 2504 1309 2566 vita,
1334 2501 1404 2557 sit
1417 2499 1630 2568 vivere;
1654 2500 1795 2557 unde
1809 2501 2101 2557 constituto
2117 2515 2250 2572 quo-

650 2592 784 2647 libet
823 2608 950 2658 uno,
981 2591 1181 2648 frustra
1202 2592 1426 2648 alterius
1454 2592 1724 2649 videbitur
1768 2592 1901 2649 facta
1932 2592 2244 2665 geminatio.

724 2682 811 2740 iV.
848 2684 1008 2751 Audi,
1042 2685 1229 2751 lector,
1261 2686 1383 2741 audi
1411 2685 1554 2758 quod
1585 2685 1886 2754 miraberis,
1912 2686 2119 2743 lector:
2148 2686 2250 2743 ista

650 2785 756 2832 tam
791 2775 961 2846 dura,
990 2787 1098 2834 tam
1126 2786 1383 2846 tortuosa,
1408 2787 1517 2835 tam
1556 2778 1734 2837 clausa
1779 2787 2007 2835 tractatu
2038 2778 2107 2836 de
2140 2779 2251 2837 Deo

648 2879 703 2927 et
758 2871 825 2927 de
878 2871 1115 2939 divinis,
1189 2872 1419 2945 simplici
1488 2872 1853 2945 disputatione
1926 2872 2245 2945 pandemus.

648 2961 820 3020 Deum
865 2976 1012 3021 certe
1052 2964 1281 3022 fatemur
1315 2981 1528 3033 omnes,
1576 2965 1743 3021 Deum
1794 2964 2245 3037 omnipotentem,

650 3057 819 3112 Deum
892 3070 1057 3128 supra
1104 3060 1283 3114 omnia
1313 3102 1329 3128 ,
1408 3058 1577 3114 Deum
1645 3067 1771 3114 ante
1818 3060 2031 3127 omnia,
2083 3059 2249 3115 Deum

2347 1847 2489 1917 quod
2522 1856 2606 1902 est
2635 1846 2818 1904 vivere
2840 1849 3058 1914 animm,
3091 1858 3185 1904 aut
3207 1849 3616 1922 uniuscujusque
3634 1891 3649 1917 ,
3671 1852 3827 1905 autillits

2349 1940 2677 1996 universalis
2712 1949 2873 2011 atque
2916 1939 3223 2009 l‘ontaneae;
3256 1959 3364 1998 non
3415 1953 3471 1998 nt
3499 1943 3562 1998 ibi
3589 1944 3827 2013 Angelorum.

2355 2050 2463 2091 non
2507 2044 2566 2091 ut
2603 2035 2673 2091 ibi
2721 2035 3064 2101 tltronorum,
3110 2036 3407 2107 gloriarum
3442 2038 3520 2092 vel
3544 2046 3783 2092 czeterurum
3802 2036 3827 2089 it

2350 2130 2567 2185 :eternis
2592 2129 2962 2192 existentittnt,
2989 2128 3071 2184 vel
3100 2128 3153 2184 in
3178 2129 3636 2195 intcllectualibus,
3658 2129 3720 2184 vel
3742 2129 3829 2183 inttl.

2350 2222 2582 2279 lectibus
2617 2240 2631 2279 :
2661 2222 2755 2279 sed
2786 2222 2914 2278 illud
2953 2227 3176 2289 vivere,
3204 2222 3352 2280 unde
3405 2226 3517 2279 haec
3553 2239 3635 2294 pro
3669 2238 3739 2278 suo
3770 2222 3829 2276 eti-

2350 2316 2526 2373 stendi
2555 2331 2755 2387 genere
2778 2317 2942 2371 vitam
2973 2316 3243 2387 recipiunt
3265 2326 3321 2372 et
3351 2317 3549 2384 vivunt,
3570 2316 3648 2371 illo
3668 2315 3828 2386 ιιιιοὼηο

2354 2409 2514 2465 modo
2543 2409 2945 2481 progrediente,
2992 2418 3048 2465 et
3075 2410 3174 2465 ista
3204 2420 3367 2481 prout
3392 2424 3577 2481 capere
3603 2418 3827 2479 possunt»

2353 2502 2575 2558 tentiam
2603 2502 2841 2558 viventis
2871 2502 3072 2574 vigoris
3092 2501 3340 2569 amante,
3370 2517 3400 2557 a
3424 2518 3483 2558 se
3503 2502 3631 2569 sibi,
3656 2515 3785 2573 misr,
3803 2500 3831 2551 in

2351 2610 2412 2651 se
2460 2594 2579 2650 solo
2620 2594 2872 2665 simplex,
2925 2608 3118 2664 purum
3166 2594 3285 2650 sine
3336 2593 3593 2650 existendi
3624 2590 3831 2663 principio:

2351 2698 2461 2756 quo
2493 2682 2670 2740 fusum
2694 2685 2882 2757 magis,
2915 2685 2997 2740 vel
3021 2698 3374 2756 progressum
3395 2708 3419 2753 ,η
3441 2686 3520 2741 vel
3544 2694 3694 2740 natum
3714 2681 3831 2752 princi-

2352 2777 2500 2848 pium
2527 2788 2630 2848 est,
2661 2792 2758 2849 per
2780 2776 2924 2849 quod
2950 2786 3237 2835 crearetur
3254 2779 3439 2835 vivere
3466 2788 3743 2834 cancrorum.
3763 2773 3833 2828 Etc-

2354 2869 2463 2923 nim
2492 2868 2671 2924 vivere
2703 2870 2867 2924 vitam
2895 2870 3069 2939 parit;
3099 2883 3223 2924 nam
3253 2871 3311 2926 vi
3353 2870 3578 2925 naturali
3604 2869 3717 2939 prior
3732 2877 3830 2925 actu,

2353 2979 2513 3034 quam
2536 2965 2677 3018 actio
2704 2981 2718 3019 :
2748 2950 2919 3036 agens
2954 2965 3098 3020 enim
3139 2965 3413 3021 actionem
3459 2966 3659 3036 genuit,
3681 2973 3721 3017 et
3745 2959 3832 3030 quasi

2352 3070 2418 3113 ex
2459 3057 2573 3125 ipsa
2602 3057 2921 3114 vocabulum
2962 3067 3020 3113 et
3061 3073 3173 3113 rem
3214 3073 3341 3113 eum
3390 3058 3506 3130 ipse
3545 3056 3752 3117 tribuerit,
3772 3052 3833 3119 ipse

648 3165 678 3206 a
736 3167 841 3224 quo
884 3151 1086 3207 omnia.
1158 3153 1310 3209 Hunc
1375 3166 1498 3210 cum
1570 3152 1818 3220 fatemur,
1893 3153 2055 3209 etiam
2128 3152 2320 3219 esseC
2353 3152 2611 3223 Suscepit.
2647 3152 2759 3209 Hoc
2781 3167 2905 3208 eum
2931 3162 3164 3217 rectum,
3203 3152 3371 3209 etiam
3412 3155 3609 3209 ratione
3649 3148 3832 3205 admodm

647 3245 767 3302 sine
809 3245 972 3303 dubio
1016 3247 1354 3303 conﬁtemur.
1409 3249 1540 3303 Esse
1589 3244 1716 3303 huic
1761 3244 1890 3319 quid
1934 3247 2249 3304 credimus?

647 3342 774 3412 quid
807 3344 1092 3412 putamus?
1118 3341 1298 3415 (Joan.
1329 3358 1405 3410 tv,
1429 3341 1525 3414 ‘24)
1563 3359 1576 3395 :
1606 3342 1857 3413 Spiritus,
1886 3340 2081 3414 inquit,
2109 3340 2250 3397 Deus

646 3446 743 3501 est,
776 3435 989 3503 lumen;
1022 3447 1077 3493 et
1105 3451 1287 3491 verum
1322 3436 1500 3491 lumen
1534 3436 1674 3491 Deus
1697 3444 1798 3492 est.
1832 3435 1972 3505 Quid
2001 3436 2104 3492 hoc
2127 3450 2249 3493 esse

646 3528 906 3597 creditur,
936 3528 1076 3601 quod
1108 3527 1329 3600 spiritus
1373 3528 1606 3585 dicitur?
1637 3542 1831 3600 nempe
1876 3526 2125 3599 spiritum
2165 3528 2247 3583 in-

646 3622 890 3694 telligere
925 3624 1171 3695 cogimur
1203 3623 1489 3695 quamdam
1541 3624 1865 3678 existentem
1888 3663 1903 3686 ,
1955 3622 2246 3691 viventem,

647 3714 1148 3787 itttelligeutemque
1169 3716 1521 3772 substantiam
1554 3732 1567 3769 :
1589 3717 1641 3770 in
1660 3715 1909 3787 supernis
1929 3713 2170 3786 quidem,
2195 3720 2249 3769 et

648 3806 790 3862 circa
832 3807 997 3863 Deum
1029 3809 1261 3865 maxime
1294 3810 1451 3881 quasi
1480 3809 1741 3867 humilem
1788 3818 1843 3865 et
1888 3807 2161 3877 alienum;
2193 3818 2249 3866 et

647 3898 701 3954 in
734 3899 1123 3969 poswt'ioribus
1170 3916 1362 3956 nomen
1392 3916 1499 3957 non
1529 3902 1759 3958 credunt
1787 3902 2082 3958 convenire
2107 3902 2241 3956 sub-

645 3992 918 4047 stantiam.
955 3991 1062 4049 Sed
1086 4007 1184 4048 eur
1211 4006 1242 4048 a
1271 3991 1425 4048 nobis
1451 3992 1681 4064 fugiatur
1704 3992 1807 4051 hoc
1830 3993 2095 4051 verbum?
2125 4007 2245 4049 eum

644 4098 789 4152 esse,
819 4086 1014 4158 cuique
1044 4085 1147 4143 hoc
1175 4086 1225 4143 ei
1252 4088 1322 4141 sit
1349 4101 1471 4143 esse
1494 4087 1871 4143 substantiam.
1915 4087 1982 4143 Et
2012 4088 2064 4142 itt
2091 4085 2246 4143 Jere-

646 4178 750 4231 mia
779 4177 921 4235 Deus
956 4178 1183 4251 loquens
1215 4180 1285 4235 ita
1317 4179 1445 4236 dicit
1467 4178 1602 4252 (Jer.
1641 4196 1793 4249 χχιιι,
1820 4181 1893 4236 22
1922 4196 2033 4238 sec.
2064 4180 2193 4251 ιιι)
2229 4199 2243 4238 :

650 4270 801 4336 Quod
841 4277 883 4325 st'
932 4272 985 4326 in
1016 4289 1129 4326 mea
1165 4273 1447 4327 substantia
1476 4274 1681 4328 staretis
1703 4315 1719 4342 ,
1751 4274 1987 4330 videretis
2026 4273 2247 4331 Verbum

645 4380 829 4418 meum.
865 4364 955 4421 Sic
984 4364 1143 4419 etiam
1176 4365 1247 4421 ibi
1279 4381 1387 4420 non
1414 4366 1584 4422 multo
1610 4377 1750 4437 post,
1781 4377 1834 4423 et
1870 4367 2068 4423 aliisin
2113 4367 2246 4424 locis

644 4457 846 4513 tnultis.
873 4455 1143 4529 Estigitur
1164 4458 1384 4528 spiritus
1409 4458 1729 4527 substantia,
1755 4456 1806 4515 id
1830 4469 1934 4528 εει,
1959 4474 2080 4517 esse
2095 4459 2241 4532 ejus:

2354 3260 2542 3300 verum
2574 3254 2657 3301 est
2687 3261 2702 3300 :
2735 3255 2884 3301 certe
2916 3246 3079 3313 Deus,
3106 3245 3194 3302 eui
3230 3245 3297 3301 ad
3333 3245 3731 3318 omnipotentiant
3752 3242 3833 3310 ptiu-

2353 3341 2692 3412 cipalemque
2721 3341 3084 3397 summitatem
3114 3340 3217 3396 hoc
3243 3356 3446 3397 nomen
3487 3338 3703 3395 convenit
3723 3336 3831 3389 Dens:

2355 3434 2519 3501 Deus,
2554 3435 2796 3505 inquam,
2824 3435 3078 3503 primum,
3108 3434 3153 3489 si
3184 3434 3237 3488 in
3270 3433 3368 3489 Dei
3398 3433 3637 3502 operibus
3651 3428 3833 3485 dicendus

2351 3526 2550 3597 aliquid
2577 3527 2806 3598 primum
2840 3545 2853 3581 :
2885 3525 2978 3581 sed
3013 3525 3371 3597 intelligentia
3397 3526 3605 3582 humani
3633 3518 3833 3592 ingenii.“l

2354 3635 2414 3675 se
2441 3627 2635 3676 exerat
2661 3628 2716 3675 et
2745 3634 2835 3676 res
2876 3620 3075 3690 capiat,
3106 3622 3265 3676 rebus
3289 3620 3378 3675 vel
3404 3618 3560 3674 simul
3578 3612 3833 3673 existctuilm

2349 3714 2438 3769 vel
2459 3712 2620 3769 simul
2649 3713 2809 3779 fusis;
2833 3720 2889 3769 et
2927 3718 3076 3767 ortus
3099 3756 3116 3783 ,
3149 3723 3202 3768 et
3231 3711 3482 3768 diversos
3507 3718 3675 3774 ortus,
3695 3715 3735 3761 et
3752 3700 3835 3772 quasi

2350 3817 2565 3879 tempus
2603 3807 2868 3862 attribuit.
2919 3807 3081 3872 Deus,
3106 3807 3348 3878 inquam,
3374 3808 3545 3877 primo
3573 3796 3835 3859 universalittﬂ

2348 3901 2663 3958 existentias
2689 3899 3130 3969 substantiasque
3160 3900 3488 3970 progenuit:
3514 3892 3602 3952 bas
3621 3896 3739 3951 Plato
3757 3890 3836 3944 idus

2350 4003 2526 4060 vocat,
2574 4003 2896 4050 cunctarum
2947 3993 3369 4048 inexistentibtts
3420 3980 3837 4063 specierttntspeoei

2349 4087 2708 4162 principales;
2758 4088 2899 4161 quod
2946 4103 3118 4160 genus
3171 4089 3224 4144 in
3279 4089 3541 4158 exemplo
3587 4093 3659 4141 est

2348 4186 2559 4254 ζωότης,
2591 4182 2762 4247 νόησις
2788 4203 2799 4237 :
2830 4182 2900 4239 Et
2926 4183 3054 4240 item
3084 4184 3330 4245 ταυτότης
3353 4191 3409 4238 et
3436 4182 3628 4259 τερότης
3649 4176 3728 4251 (1),
3749 4179 3838 4235 ill“

2350 4278 2455 4334 hoc
2484 4292 2654 4348 genus
2674 4287 2870 4332 ctetera
2897 4293 2911 4331 :
2939 4290 3135 4347 genera
3158 4275 3324 4346 igitur
3338 4288 3590 4347 generum
3619 4262 3839 4341 profatu!“

2347 4376 2454 4436 tur,
2470 4369 2607 4427 adeo
2636 4370 2875 4425 omnium
2901 4368 3263 4438 potentiarum
3296 4367 3554 4439 potentiae
3575 4354 3839 4419 universali“!

2348 4463 2697 4534 principales.
2746 4462 2889 4533 Ergo
2942 4461 3178 4529 ὀντότης,
3226 4460 3281 4515 id
3319 4468 3447 4527 est,
3499 4450 3838 4515 existentialius.

643 4552 959 4625 colligamus
983 4553 1143 4625 igitur
1171 4557 1305 4611 κατὰ
1334 4548 1543 4614 tatarum
1573 4552 1774 4610 dictum
1804 4552 1982 4628 (Joan.
2010 4570 2084 4624 tv,
2112 4552 2239 4628 24):
2270 4556 2325 4618 D
2348 4555 2432 4611 vel
2463 4554 2827 4612 essentialitas
2853 4570 2866 4607 :
2900 4554 3015 4610 sive
3043 4554 3261 4620 ζωότης,
3285 4552 3339 4607 id
3363 4560 3473 4618 est,
3496 4540 3840 4607 vitalitas,idt5l~

646 4645 876 4717 Spiritus
906 4645 1049 4702 Deus
1075 4658 1189 4713 est;
1219 4657 1267 4703 et
1294 4648 1568 4706 adorantes
1596 4665 1730 4717 eum,
1761 4648 1815 4705 in
1841 4650 2028 4723 spiritu
2071 4658 2119 4706 et
2158 4666 2242 4706 ve-

644 4740 793 4796 ritate
818 4741 1037 4797 adorare
1063 4750 1280 4814 oportet.
1313 4741 1455 4799 Deus
1479 4785 1495 4812 ,
1524 4745 1735 4817 inquit,
1767 4745 1983 4816 spiritus
2003 4755 2106 4812 est,
2138 4745 2244 4803 hoc

645 4842 729 4888 est
758 4836 884 4904 Dei,
909 4838 1051 4909 quod
1081 4849 1164 4895 est
1192 4854 1313 4894 esse
1346 4858 1359 4895 :
1390 4854 1519 4911 ergo
1567 4839 1862 4896 substantia
1894 4838 1989 4895 Dei
2020 4838 2242 4911 spiritus

646 4937 748 4996 est,
777 4930 965 4986 eadem
990 4931 1309 5002 substantia,
1338 4932 1442 4989 hoc
1481 4941 1565 4990 est
1604 4933 1748 5007 quod
1778 4933 1965 4989 vivens
1993 4949 2008 4987 :
2039 4947 2143 4988 non
2178 4939 2239 4987 ut

645 5020 793 5077 aliud
820 5023 887 5077 sit
913 5024 1213 5082 substantia
1269 5026 1411 5082 aliud
1448 5027 1663 5094 vivens,
1697 5026 1790 5085 sed
1824 5027 1999 5099 ipsum
2052 5026 2240 5083 vivens

646 5124 705 5171 ttt
734 5115 803 5173 sit
840 5115 954 5187 ipsa
999 5117 1317 5175 substantia.
1347 5120 1407 5177 Si
1433 5120 1575 5191 enim
1602 5120 1798 5177 dictum
1831 5129 1914 5177 est
1950 5121 2020 5177 ab
2048 5119 2239 5176 eodem

646 5205 829 5281 (Joan.
862 5224 935 5276 vt,
969 5208 1062 5279 65)
1108 5227 1121 5262 :
1166 5211 1392 5282 Spiritus
1430 5221 1506 5267 est
1554 5213 1640 5281 qui
1685 5213 1928 5280 uiviﬁcat,
1984 5214 2167 5285 utique
2196 5212 2243 5270 is

646 5303 736 5373 qui
780 5301 1032 5370 viviticat,
1072 5303 1162 5375 qui
1201 5306 1351 5375 vivit,
1394 5317 1449 5362 et
1480 5306 1605 5363 vita:
1648 5307 1884 5378 potentia
1923 5317 2006 5364 est
2054 5326 2068 5362 :
2114 5322 2244 5381 ergo

651 5396 783 5451 vivit
810 5394 1054 5468 Spiritus,
1086 5397 1217 5453 vivit
1245 5398 1404 5455 Deus.
1437 5399 1608 5455 Porro
1644 5411 1821 5456 autem
1849 5401 1972 5473 quia
2004 5401 2153 5469 vivit,
2186 5410 2246 5457 ut

648 5503 810 5561 supra
832 5491 1087 5557 diximus,
1116 5502 1171 5549 et
1195 5493 1303 5547 vita
1330 5504 1432 5560 est,
1466 5493 1698 5565 Spiritus
1727 5510 1856 5566 ergo
1896 5505 1949 5551 et
1990 5496 2097 5550 vita
2140 5502 2245 5563 est,

651 5592 708 5639 ut
736 5582 877 5641 idem
900 5584 1138 5643 Joannes
1164 5585 1240 5642 ait
1287 5604 1301 5641 :
1349 5584 1585 5659 Spiritus
1629 5588 1732 5643 vita
1777 5596 1884 5657 est;
1924 5601 2052 5661 ergo
2084 5574 2246 5660 Deus,

725 5771 803 5845 (1)
832 5768 996 5833 Forte
1020 5774 1272 5842 ταυτὸτης
1300 5786 1356 5838 et
1382 5777 1638 5858 ἓτσρότης.

2345 4650 2513 4722 prima
2541 4648 2862 4703 universalis
2912 4648 3040 4702 vita
3069 4649 3305 4717 potentia
3327 4689 3343 4713 ,
3380 4648 3486 4700 hoc
3508 4651 3607 4709 est,
3636 4628 3837 4710 primauta

2344 4744 2573 4815 fonsque
2608 4744 2849 4799 omnium
2898 4741 3136 4798 vivendi.
3187 4741 3318 4797 item
3373 4742 3568 4805 νόησις.
3612 4722 3841 4799 ἰιιιειιὶςεείᾶ

2344 4838 2443 4905 vis,
2478 4838 2673 4902 virtus,
2707 4836 2970 4905 potentia,
3004 4834 3086 4890 vel
3109 4834 3433 4900 substantia,
3454 4833 3543 4888 vel
3570 4838 3725 4885 natura
3747 4840 3757 4874 :
3778 4822 3840 4869 ιεπ

2345 4931 2446 4986 tria
2470 4928 2780 5000 accipienda
2828 4938 2885 4984 ut
2930 4928 3163 5000 singula,
3208 4928 3304 4983 sed
3337 4928 3410 4983 ita
3437 4968 3454 4993 ,
3485 4934 3541 4981 ut
3565 4938 3659 4996 qua
3679 4933 3754 4975 suo
3772 4910 3840 4982 plli-

2346 5022 2483 5078 rimo
2511 5030 2654 5087 sunt,
2688 5021 2792 5077 hoe
2841 5021 3190 5077 nominentur
3233 5029 3288 5077 et
3334 5034 3458 5076 esse
3499 5012 3841 5074 dictionum!

2347 5115 2480 5172 nihil
2510 5114 2701 5170 horum
2727 5124 2832 5181 est,
2864 5114 3010 5183 quod
3043 5128 3148 5168 non
3182 5114 3282 5169 tria
3307 5113 3384 5168 sit
3423 5131 3438 5169 :
3472 5125 3588 5168 esse
3612 5104 3759 5169 enim.
3784 5096 3842 5150 δα

2346 5222 2468 5265 esse
2495 5210 2539 5264 si
2572 5209 2737 5275 vivat,
2771 5206 2875 5263 hoc
2900 5213 2987 5265 est
3017 5207 3073 5262 in
3109 5207 3218 5261 vita
3248 5207 3342 5262 sit.
3378 5206 3554 5277 ipsum
3583 5216 3692 5259 vero
3709 5196 3837 5250 νίκην

2349 5317 2455 5358 non
2485 5312 2569 5359 est
2597 5303 2781 5358 vivere
2807 5300 2951 5373 quod
2975 5301 3118 5356 vivat
3145 5299 3551 5371 intelligentiam
3576 5310 3668 5353 non
3683 5289 3840 5347 habent:

2347 5395 2497 5467 quasi
2520 5395 2683 5450 mixta
2702 5394 2863 5464 igitur
2875 5402 2926 5450 et
2945 5401 3000 5449 ut
3018 5408 3105 5449 res
3117 5401 3222 5461 est,
3246 5392 3440 5464 triplici
3462 5386 3751 5460 simplicitate
3765 5378 3843 5429 sim-

2348 5491 2524 5563 plicia.
2542 5490 2810 5562 Quidquid
2831 5493 2975 5548 enim
2996 5491 3101 5548 hoc
3131 5491 3247 5562 ipso
3262 5506 3372 5562 quo
3402 5501 3505 5559 est,
3523 5497 3572 5547 et
3586 5487 3763 5543 alterum
3778 5476 3839 5533 θείν
3868 5516 3869 5521 η

2350 5602 2457 5644 non
2474 5586 2763 5663 aliquando
2779 5584 3071 5645 dicendum
3091 5587 3391 5663 geminum,
3415 5584 3510 5643 sed
3528 5592 3711 5653 semper
3722 5576 3838 5627 unm”-
