4018 6184
268 241 406 301 lii?

1415 236 1779 295 ADVERSUS
1821 234 2037 295 ARIUM
2079 236 2279 295 LIBER
2321 239 2409 299 iV.

3438 242 3576 301 1118

342 360 427 415 Vl.
458 360 656 416 Verum
685 359 753 415 de
781 361 845 415 iis
868 359 1110 433 pluribus
1135 359 1280 414 alibi.
1319 357 1458 413 Deus
1489 357 1650 429 igitur
1677 363 1762 412 est
1788 354 1869 411 vi-
1899 354 1944 415 Λ
1973 356 2147 423 deret,
2177 356 2459 427 subiunxit
2483 357 2662 413 statim
2698 356 2878 431 (toan.
2915 372 2966 411 vt
3012 355 3103 429 iiii)
3144 374 3154 410 ;
3198 356 3292 411 Iiir
3331 369 3401 412 est
3433 362 3579 423 punis

270 468 419 520 vere,
447 453 591 524 quod
621 467 913 519 summum,
942 454 1196 524 primum,
1231 451 1565 514 fontanenm,
1604 448 1875 521 principa—

271 548 397 603 liter
437 547 753 617 principale,
798 547 901 602 tria
929 546 1027 601 ista
1059 544 1262 615 genuit,
1295 541 1351 597 id
1380 551 1487 608 est,
1518 556 1619 598 suo
1654 539 1871 596 vivendi

267 654 456 711 opere,
483 646 544 695 ut
561 640 857 695 existerent
884 639 1207 711 procreavit.
1234 637 1341 694 Ista
1373 637 1533 708 igitur
1555 650 1719 708 opere
1744 649 1841 706 pro
1856 664 1871 676 -

266 740 555 796 venerunt,
607 740 662 789 et
705 734 820 789 haec
866 733 1067 804 proles,
1110 733 1212 787 ista
1254 732 1534 803 generatio
1570 740 1687 798 est,
1715 741 1775 785 ut
1805 729 1873 787 ab

266 836 465 899 agente
492 836 666 895 actus,
699 827 767 882 ab
796 844 862 883 eo
886 827 1029 899 quod
1066 837 1148 883 est
1175 827 1462 883 essentitas
1488 827 1572 882 vel
1610 825 1870 895 essentia,

268 935 299 976 a
336 920 551 976 vivente
572 919 810 975 vitalitas
830 921 916 976 vel
944 920 1075 988 vita,
1107 919 1174 976 ab
1195 919 1530 992 intelligente
1555 918 1749 985 νὸησις,
1782 920 1872 974 in-

269 1013 617 1085 telligentiam
634 1014 1016 1070 universalium
1040 1012 1727 1086 universalisintelligentia
1751 1024 1873 1067 nas-

269 1115 500 1162 ceretur.
542 1105 700 1162 Prius
742 1115 825 1162 est
864 1107 1026 1177 igitur
1052 1106 1264 1171 vivere,
1296 1121 1457 1178 quam
1499 1106 1605 1160 vita
1641 1124 1653 1160 :
1685 1118 1875 1176 qnam-

265 1212 424 1268 quam
465 1196 519 1253 in
564 1212 631 1276 eo
674 1197 818 1270 quod
858 1206 941 1253 est
980 1198 1179 1264 vivere,
1210 1198 1316 1252 vita
1349 1198 1418 1252 sit
1447 1214 1461 1251 :
1487 1197 1583 1253 sed
1603 1195 1787 1253 vivere
1816 1207 1875 1253 ut

260 1303 463 1360 parens
507 1289 635 1345 vitae
675 1297 794 1357 est,
835 1290 943 1345 vita
983 1298 1039 1346 et
1080 1289 1282 1365 proles,
1324 1298 1378 1345 et
1424 1289 1565 1359 quod
1613 1289 1870 1360 gignitur,

264 1381 464 1452 quippe
507 1396 537 1435 a
580 1380 795 1437 vivente
840 1391 1114 1453 generata.
1171 1381 1314 1438 Deus
1360 1381 1525 1454 igitur
1571 1390 1654 1438 est
1694 1382 1873 1439 vivere

264 1474 396 1529 illud
425 1474 660 1545 primum
690 1472 870 1529 vivere
926 1489 956 1529 a
1011 1473 1328 1546 semetipso,
1368 1474 1552 1529 vivere
1586 1483 1713 1529 ante
1755 1488 1874 1529 om-

263 1566 413 1623 nium
447 1567 656 1635 vivere,
682 1576 737 1622 et
763 1576 888 1624 ante
912 1566 1084 1639 ipsius
1112 1567 1237 1623 vitae
1264 1565 1448 1622 vivere
1485 1584 1500 1621 :
1532 1550 1698 1637 agens
1724 1562 1869 1621 enim

257 1667 316 1716 et
354 1673 574 1730 semper
612 1673 811 1730 agens,
843 1668 898 1716 ct
935 1659 1084 1715 nullo
1126 1657 1390 1729 principio
1432 1670 1621 1729 agens,
1663 1672 1768 1712 non
1801 1657 1871 1711 ab

1974 452 2061 521 qui
2086 452 2149 507 de
2177 452 2301 507 ca'io
2331 452 2612 509 descendit.
2643 450 2844 507 Deinde
2870 452 3034 505 vitam
3065 466 3208 517 esse,
3234 460 3288 505 et
3316 462 3575 507 :eternam

1975 543 2138 597 vitam
2167 544 2248 599 sic
2298 548 2544 607 testatur,
2593 544 2672 598 sic
2722 543 2879 599 docet
2928 541 3091 617 (Ibid.
3146 543 3235 609 54,
3279 544 3370 615 55)
3408 560 3423 598 :
3464 543 3579 599 Mai

1972 636 2272 705 acceperitis
2302 648 2490 708 carpas
2518 634 2648 690 Filii
2678 635 2918 699 hominis,
2965 634 3103 689 sicut
3132 650 3323 704 panem
3357 636 3499 702 vitm,
3534 644 3581 691 et

1952 724 2198 798 .biberitis
2217 727 2516 799 sanguinem
2548 729 2659 797 ejns
2685 771 2700 795 ,
2732 743 2833 781 non
2864 726 3108 782 habebitis
3134 727 3288 781 vitam
3314 728 3367 781 in
3395 727 3534 782 vobis
3560 744 3580 783 :

1973 816 2062 887 qui
2089 828 2260 870 autem
2286 818 2397 872 edet
2423 834 2627 873 carnem
2659 818 2805 889 ejus,
2839 829 2884 872 et
2922 818 3054 873 bibet
3096 821 3209 893 ejus
3250 817 3575 890 sanguinem,

1976 908 2124 963 habet
2148 909 2304 963 vitam
2332 918 2598 964 (sternam.
2632 911 2807 966 Omne
2832 926 2961 981 ergo
2991 911 3135 981 quod
3174 910 3427 967 Christus
3468 920 3575 980 est,

1974 1000 2086 1055 vita
2114 1009 2316 1056 mterna
2345 1010 2428 1057 est
2451 1043 2467 1070 ,
2501 1002 2587 1058 vel
2616 1002 2873 1074 spiritus,
2906 1002 2991 1058 vel
3020 1004 3222 1069 anima,
3270 1004 3357 1058 vel
3403 1019 3531 1060 caro
3562 1022 3577 1060 :

1974 1091 2166 1147 borum
2210 1093 2355 1149 enim
2397 1095 2640 1148 omnium
2687 1095 2802 1165 ipse
2849 1095 3009 1168 Λόγος
3042 1104 3146 1150 est.
3196 1095 3357 1171 Λόγος
3398 1107 3579 1152 autem

1975 1183 2287 1256 principalis
2312 1184 2420 1240 vita
2451 1193 2536 1241 est
2567 1202 2581 1239 :
2612 1200 2741 1256 ergo
2767 1186 2929 1241 etiam
2969 1202 3031 1240 ea
3085 1201 3205 1257 qua:
3245 1187 3418 1242 induit
3470 1190 3576 1244 vita

1973 1286 2103 1333 sunt
2130 1294 2145 1344 ;
2173 1279 2316 1335 unde
2344 1279 2442 1334 ista
2468 1288 2523 1336 et
2544 1280 2595 1333 in
2616 1280 2774 1336 nobis
2799 1279 2961 1335 vitam
2995 1288 3253 1337 teternam
3287 1283 3577 1338 merebun-

1975 1381 2065 1427 tur
2090 1385 2186 1441 per
2210 1372 2470 1443 Spiritum
2500 1388 2659 1441 quem
2699 1372 2947 1429 Christus
2985 1374 3143 1431 nobis
3181 1374 3293 1439 dat,
3338 1375 3474 1430 facta
3525 1386 3580 1433 et

1975 1467 2076 1523 ista
2102 1467 2384 1537 Spiritaiia.
2410 1468 2489 1523 Ac
2518 1483 2587 1523 ne
2605 1469 2696 1539 qui
2717 1468 2965 1524 crederet
3002 1468 3071 1525 de
3111 1468 3329 1526 Christo
3371 1472 3577 1526 carnali

1974 1558 2248 1615 Christum
2280 1560 2377 1614 ista
2406 1559 2612 1625 dicere,
2637 1567 2693 1615 et
2719 1575 2822 1614 non
2845 1559 2915 1616 de
2937 1567 3049 1615 toto
3074 1574 3153 1627 se,
3185 1563 3277 1633 qui
3304 1571 3388 1618 est
3407 1562 3578 1633 Spiri-

1975 1657 2085 1715 tns,
2118 1652 2318 1719 anima,
2358 1666 2512 1717 caro,
2543 1651 2670 1723 quid
2716 1652 2829 1707 ait?
2879 1651 3041 1723 (Ibid.
3071 1654 3167 1725 65)
3197 1673 3211 1709 :
3247 1654 3385 1720 Quid
3413 1657 3457 1710 si
3498 1658 3578 1711 vi-

256 1752 474 1808 ιοιεοηθ
503 1766 670 1824 agens
698 1761 801 1821 εει,
830 1768 899 1809 ηε
926 1751 1187 1808 actio.ch
1213 1751 1497 1825 phantasia
1525 1750 1777 1821 principii
1799 1751 1870 1807 sit
1896 1739 1945 1801 Β
1972 1744 2150 1798 deritis
2176 1742 2372 1798 Filium
2395 1744 2614 1800 hominis
2632 1745 2988 1800 ascendentem
3007 1745 3033 1799 .’
3056 1746 3285 1813 Quisest
3314 1748 3452 1802 filius
3482 1748 3579 1803 bo-

260 1846 327 1902 ad
355 1854 628 1917 agentem,
660 1846 757 1901 sed
785 1855 845 1902 ιιι
861 1848 1005 1903 actio
1031 1846 1241 1916 agentis
1263 1860 1450 1916 opere,
1483 1845 1567 1899 vel
1593 1845 1870 1915 progenita

259 1938 329 1993 sit
368 1938 456 1993 vel
488 1937 795 2004 exstiterit,
825 1937 911 1994 vel
937 1936 1106 1993 eiiusa
1130 1936 1220 1992 sit.
1272 1938 1383 1992 lioc
1411 1937 1598 2007 utique
1626 1950 1788 2007 agere
1816 1937 1870 1993 in

263 2046 330 2087 eo
360 2031 633 2101 ponimus,
666 2031 806 2099 quod
836 2040 921 2087 est
949 2032 1133 2087 vivere
1164 2049 1180 2089 :
1207 2030 1351 2086 Deus
1381 2044 1511 2100 ergo
1536 2030 1720 2085 vivere
1763 2041 1868 2100 est,

263 2133 320 2179 et
358 2123 658 2194 principale
685 2124 870 2180 vivere
899 2142 914 2180 :
940 2123 1049 2178 vita
1082 2130 1259 2179 autem
1290 2134 1347 2178 nt
1377 2124 1641 2196 genitum.
1674 2123 1872 2182 Vivere

264 2232 397 2289 ergo
429 2227 581 2289 pater
620 2226 724 2284 est,
757 2218 868 2272 vita
902 2217 1044 2273 ﬁlius
1076 2235 1089 2272 :
1135 2232 1367 2289 namque
1413 2217 1556 2289 quod
1585 2216 1639 2273 in
1666 2231 1731 2274 eo
1760 2216 1870 2273 inc—

263 2319 377 2365 tnm
419 2318 519 2377 est,
552 2310 659 2365 vita
685 2320 791 2378 est,
841 2320 896 2366 et
928 2311 1043 2380 ipse
1074 2309 1217 2365 ﬁlius
1245 2310 1378 2366 dicit
1406 2309 1598 2382 (Joan.
1626 2324 1734 2375 xw,
1762 2310 1821 2382 6)
1852 2327 1868 2366 :

268 2403 377 2476 Ego
407 2421 521 2459 sum
546 2404 648 2472 via,
672 2420 764 2477 ego
789 2406 999 2471 veritas,
1030 2422 1121 2477 ego
1152 2406 1276 2461 vita.
1310 2403 1435 2459 Hmc
1464 2404 1569 2458 vita
1603 2412 1704 2467 est,
1745 2419 1869 2475 qua:

263 2506 379 2552 orta
406 2504 488 2553 est
513 2497 582 2552 ab
603 2512 669 2553 eo
691 2496 833 2569 quod
855 2506 1008 2568 pater
1028 2498 1181 2566 vivit,
1211 2510 1261 2553 et
1292 2497 1396 2553 hoc
1418 2496 1545 2551 illud
1573 2505 1656 2551 est
1686 2494 1864 2568 (Iona.

264 2587 493 2661 “1.27)
524 2604 540 2646 :
577 2587 689 2660 Ego
733 2588 877 2644 enim
904 2587 969 2643 de
1012 2588 1121 2642 Deo
1162 2588 1315 2643 exivi.
1359 2588 1493 2644 item
1541 2586 1660 2658 ipse
1702 2587 1770 2642 de
1807 2601 1869 2643 se

262 2682 335 2736 ita
383 2680 514 2736 dicit
542 2680 721 2750 (locu.
752 2695 845 2735 vn.
874 2680 967 2746 37,
997 2679 1090 2754 58)
1121 2698 1135 2735 :
1167 2679 1267 2746 Qui
1306 2680 1433 2745 sitit,
1464 2679 1629 2734 veniat
1665 2679 1735 2733 ad
1764 2694 1864 2747 me,

262 2783 309 2829 et
330 2773 498 2839 bibat;
519 2773 606 2845 qui
625 2772 785 2827 credit
813 2774 866 2827 in
887 2788 989 2839 me,
1021 2773 1151 2827 sicut
1173 2773 1302 2827 dixit
1325 2770 1619 2838 Scriptura,
1650 2769 1869 2841 ﬂumina

262 2867 327 2921 de
350 2876 519 2921 uentre
542 2868 650 2936 ejus
675 2867 836 2937 ﬂuent
862 2881 1008 2936 aqua
1030 2867 1174 2921 view.
1221 2866 1357 2921 Hinc
1384 2875 1438 2921 et
1462 2865 1591 2920 illud
1609 2873 1695 2921 cst
1721 2864 1866 2936 quod

260 2958 615 3015 Samaritame
644 2959 926 3029 respondit
945 2957 1122 3031 (Joan.
1150 2974 1224 3014 tv.
1261 2960 1353 3029 10)
1372 2979 1385 3014 :
1406 2960 1469 3016 Si
1491 2960 1646 3015 scires
1670 2960 1866 3014 donum

271 3051 383 3118 Dei,
417 3057 597 3123 etquis
622 3063 697 3108 est
718 3054 808 3122 qui
832 3053 959 3108 dicit
985 3053 1106 3108 tibi:
1138 3052 1220 3108 Da
1249 3055 1377 3109 mihi
1402 3054 1585 3121 bibere,
1616 3065 1670 3108 tu
1700 3056 1866 3124 magis

264 3145 476 3215 petisses
497 3122 613 3200 eunt
638 3188 653 3212 ,
681 3153 728 3199 et
749 3144 970 3200 dedisset
988 3146 1076 3200 tibi
1097 3162 1281 3216 aquam
1314 3148 1497 3201 ainant.
1518 3146 1653 3203 Item
1678 3122 1863 3217 postea
1891 3122 1936 3184 δ

265 3235 456 3309 (Ibid.,
510 3237 601 3307 15)
639 3254 654 3291 :
703 3234 886 3293 Omnis
941 3238 1028 3307 qui
1070 3237 1249 3292 biberit
1298 3254 1362 3293 ea:
1409 3238 1507 3293 hac
1555 3254 1688 3307 aqua
1729 3238 1865 3293 sitiet

262 3330 466 3382 iterum.
524 3328 862 3385 Samaritana
890 3344 1026 3399 aqua
1075 3328 1346 3384 inundana
1367 3339 1451 3385 est
1487 3330 1665 3386 animo
1697 3329 1861 3405 (Ibid.

261 3432 308 3476 et
360 3421 450 3493 ili)
509 3439 524 3476 :
579 3420 681 3487 Qui
718 3432 890 3476 autem
927 3421 1106 3476 biberit
1145 3423 1210 3477 de
1247 3438 1383 3492 aqua
1437 3436 1591 3493 quam
1626 3439 1720 3495 ego
1772 3424 1864 3478 de-

263 3515 386 3569 dero
429 3514 478 3569 ei
504 3528 608 3569 non
629 3514 761 3569 sitiet
782 3515 837 3568 in
861 3514 1244 3585 sempiternum,
1270 3514 1363 3569 sed
1386 3530 1520 3585 aqua
1547 3531 1698 3585 quam
1729 3515 1861 3571 dabo

263 3609 308 3662 ei
357 3609 445 3678 [iet
481 3608 534 3661 in
563 3624 624 3663 eo
654 3607 770 3678 fons
796 3624 943 3678 aqua
960 3609 1190 3663 salientis
1228 3610 1283 3663 in
1310 3610 1465 3663 vitam
1503 3617 1762 3663 (sternam.
1789 3609 1861 3665 Iis

264 3709 424 3771 atque
452 3698 759 3771 huiusmodi
788 3700 1273 3758 innumerabilibus
1298 3702 1563 3773 exemplis
1586 3703 1719 3758 satis
1746 3704 1858 3757 cla-

263 3808 382 3847 rum
413 3792 469 3846 tit
523 3791 796 3849 Christum
824 3793 919 3849 Del
943 3794 1109 3849 tilium
1135 3796 1300 3849 vitam
1327 3808 1449 3850 esse
1471 3834 1487 3857 ,
1516 3804 1572 3850 et
1597 3803 1860 3851 aeternam

264 3883 425 3938 vitam
452 3901 464 3936 :
488 3884 683 3954 quippe
704 3884 794 3954 qui
822 3893 875 3940 ει
902 3885 1019 3955 ipse
1040 3893 1099 3940 ut
1126 3894 1281 3955 pater
1299 3885 1537 3957 Spiritus
1557 3887 1648 3942 sit.
1673 3886 1856 3957 (Joan.

262 3992 341 4032 ιιι.
374 3977 443 4050 6)
472 3993 486 4032 :
517 3975 595 4034 De
635 3977 838 4049 Spiritu
872 3979 1016 4033 enim
1061 3980 1199 4050 quod
1227 3981 1456 4034 nascitur
1498 3980 1710 4051 spiritus
1733 3990 1808 4035 est
1839 3995 1860 4037 :

259 4070 495 4140 Spiritus
539 4085 669 4126 vero
709 4071 912 4140 spirat,
954 4080 1066 4127 eta
1092 4086 1153 4127 se
1180 4071 1392 4141 spirat:
1424 4072 1631 4144 spirare
1674 4080 1856 4129 autem

260 4163 443 4217 vivere
462 4170 565 4217 est.
596 4162 766 4218 Porro
791 4162 936 4234 quod
965 4178 996 4219 ε
1027 4177 1088 4220 se
1111 4164 1300 4235 spirat,
1324 4180 1355 4221 a
1382 4180 1443 4222 se
1461 4164 1631 4222 vivit:
1664 4165 1857 4238 quoda

257 4269 317 4312 se
354 4257 526 4324 vivit,
553 4272 624 4313 ex
651 4266 859 4313 aeterno
884 4268 939 4314 et
969 4258 1022 4314 in
1052 4268 1317 4314 aeternum
1358 4260 1490 4316 vivit
1519 4277 1533 4317 :
1581 4276 1855 4331 nunquam

254 4352 400 4407 enim
422 4350 730 4420 sedeserit,
761 4352 904 4421 quod
933 4353 1037 4409 sibi
1063 4366 1225 4409 causa
1262 4363 1346 4409 est
1370 4392 1385 4422 ,
1423 4362 1484 4409 ιιι
1521 4352 1625 4410 1ιοε
1678 4355 1853 4425 ipsum

254 4444 326 4500 sit
345 4444 486 4515 quod
517 4445 720 4501 existit.
747 4444 884 4501 Cum
918 4445 1078 4515 igitur
1106 4455 1259 4517 pater
1286 4446 1356 4501 sit
1373 4446 1514 4517 quod
1539 4450 1623 4503 est
1645 4446 1847 4517 vivere,

253 4545 312 4591 ut
342 4550 506 4605 supra
553 4536 855 4604 docuimus,
913 4537 1095 4593 vivere
1137 4545 1317 4594 autem
1366 4538 1438 4594 sit
1481 4539 1643 4595 vitam
1683 4555 1805 4597 esse
1833 4583 1850 4610 ,
1878 4517 1934 4579 Ῑ)

252 4631 493 4699 itemque
518 4630 660 4701 quod
682 4631 789 4687 vita
820 4629 872 4686 id
893 4630 961 4686 sit
992 4629 1136 4701 quod
1165 4631 1404 4703 gignitur
1417 4630 1487 4687 ab
1508 4645 1575 4687 eo
1598 4630 1743 4703 quod
1770 4643 1856 4691 est

251 4722 455 4788 vivere,
513 4722 823 4779 necessario
869 4722 920 4778 id
963 4733 1047 4779 est
1087 4725 1195 4779 vita
1220 4765 1234 4786 ,
1280 4724 1420 4795 quod
1465 4725 1648 4781 vivere
1679 4743 1695 4781 :
1726 4727 1857 4784 vivit

252 4814 396 4869 enim
422 4825 476 4870 et
505 4818 611 4872 vita
641 4817 743 4873 hoc
773 4818 892 4888 ipso
918 4817 1045 4888 quia
1077 4817 1186 4872 vita
1225 4825 1331 4885 est,
1370 4826 1532 4889 atque
1560 4834 1629 4874 ex
1656 4834 1716 4876 se
1744 4819 1851 4877 vita

251 4915 330 4962 est
366 4925 380 4961 :
410 4923 475 4964 ex
507 4924 567 4965 se
608 4911 751 4966 enim
780 4912 829 4966 ei
854 4919 941 4966 est
969 4910 1153 4967 vivere
1184 4927 1198 4964 :
1238 4919 1608 4967 verumtamen
1645 4926 1714 4968 ex
1758 4912 1852 4969 illo

254 4999 452 5071 primo,
477 5002 619 5072 quod
648 5012 732 5060 est
758 5005 1128 5075 principaliter
1151 5004 1354 5073 vivere,
1375 5006 1517 5077 quod
1549 5013 1633 5063 est
1672 5017 1842 5077 pater,

252 5093 343 5148 ubi
370 5101 426 5148 et
452 5096 594 5152 unde
621 5097 806 5152 exisdt
826 5098 955 5164 vita,
986 5099 1073 5154 eui
1100 5098 1243 5153 inest
1280 5106 1339 5153 et
1379 5098 1587 5164 vivere,
1617 5107 1673 5154 et
1698 5114 1763 5155 es
1789 5114 1851 5156 se

251 5187 456 5251 vivere,
484 5190 626 5259 quod
649 5205 771 5247 esse
802 5192 967 5248 tilium
999 5193 1185 5250 Jesum
1226 5190 1503 5250 Christum
1536 5193 1843 5265 probemus,

253 5280 606 5352 intelligimus
635 5291 692 5339 et
716 5282 968 5340 fatemur.

326 5371 439 5428 νη.
476 5371 580 5429 ista
627 5375 809 5431 omnia
846 5390 966 5447 quae
1009 5390 1039 5432 ιι
1077 5391 1166 5434 me
1206 5376 1350 5433 dicta
1386 5385 1508 5432 sunt
1534 5419 1550 5446 ,
1588 5379 1850 5450 quemad-

253 5463 471 5519 modum
514 5466 568 5519 in
621 5465 911 5535 Evangeiio
940 5471 1069 5526 κατά
1113 5470 1329 5529 ιωὰννην
1358 5468 1656 5540 signiﬁcata
1684 5479 1847 5542 atque

248 5567 453 5614 asserta
477 5573 574 5630 per
604 5558 715 5629 ipsa
744 5558 1041 5616 Salvatoris
1064 5563 1227 5618 verba
1257 5560 1531 5618 videamus
1551 5561 1735 5634 (loss.
1764 5578 1842 5620 vt.

247 5651 342 5723 58)
367 5670 380 5705 :
408 5650 552 5707 Misit
580 5668 660 5707 me
693 5653 836 5708 vivus
857 5651 1038 5718 Pater,
1060 5664 1105 5710 et
1134 5672 1225 5727 ego
1247 5656 1356 5711 uiuo
1377 5666 1585 5729 propter
1603 5655 1837 5718 Patrem.

247 5743 325 5801 Ae
355 5758 423 5799 ne
451 5744 544 5818 qui
574 5745 734 5801 istum
757 5744 810 5802 in
836 5759 1001 5803 carne
1019 5746 1293 5804 Christum
1320 5747 1524 5817 dixisse
1547 5734 1687 5811 istud
1713 5765 1839 5819 cre-

1972 1838 2171 1893 minis?
2190 1836 2446 1907 Spiritus,
2490 1839 2693 1907 anima,
2722 1852 2851 1894 eam
2881 1856 2895 1893 :
2931 1839 3046 1894 haec
3065 1840 3206 1895 enim
3237 1839 3421 1895 habuit
3455 1855 3576 1897 cum

1971 1932 2238 1997 ascendit,
2262 1941 2319 1987 et
2345 1938 2468 1987 cum
2499 1933 2694 2003 quibus
2713 1932 2976 1989 ascendit.
3001 1933 3139 2000 Quid
3167 1949 3298 2006 ergo
3317 1944 3401 1990 est
3430 1935 3575 2005 quod

1970 2023 2195 2095 adjicit?
2226 2034 2282 2078 ut
2311 2025 2534 2094 spiritus
2563 2025 2895 2094 intelligatur
2934 2026 3124 2101 (Ibid.)
3161 2044 3174 2082 :
3210 2027 3311 2082 Ubi
3353 2029 3575 2096 primum

1972 2118 2069 2189 fuit
2102 2134 2119 2174 :
2160 2118 2260 2172 hoc
2285 2126 2389 2183 est,
2414 2118 2638 2188 spiritus
2672 2135 2685 2171 :
2716 2127 2877 2190 atque
2896 2120 3026 2185 vita,
3051 2120 3193 2190 quod
3219 2120 3399 2187 Pater,
3431 2120 3574 2191 quod

1974 2210 2137 2276 Deus,
2184 2210 2325 2266 unde
2372 2210 2488 2266 haec
2530 2210 2793 2283 ὁμοοῦσια,
2841 2211 2896 2266 id
2938 2221 3041 2277 est,
3093 2212 3573 2268 consubsmntialia

1969 2310 2117 2372 sunt,
2144 2303 2296 2358 nullo
2324 2310 2565 2373 tempore
2594 2314 2747 2359 extra
2774 2318 2833 2359 se
2859 2303 3176 2370 existentia,
3204 2306 3576 2376 principaliter

1973 2393 2313 2465 principalia,
2336 2410 2441 2450 una
2468 2395 2767 2466 eademque
2794 2397 3120 2463 substantia,
3145 2398 3193 2451 vi
3217 2398 3354 2467 pari,
3384 2397 3573 2453 eadem

1970 2487 2231 2558 potentia,
2286 2488 2601 2559 majestate,
2642 2491 2881 2553 virtute,
2934 2489 3140 2545 nullum
3185 2490 3355 2546 altero
3402 2491 3571 2561 prius,

1969 2580 2071 2635 nisi
2129 2582 2273 2650 quod
2336 2594 2496 2637 causa
2546 2588 2631 2637 est
2681 2582 2911 2638 alterum
2950 2581 3211 2650 alterius,
3263 2594 3316 2639 et
3370 2584 3572 2641 ideirco

1968 2676 2228 2744 alterum;
2263 2677 2358 2732 sed
2396 2677 2537 2733 idem
2578 2679 2806 2733 a'terum
2849 2694 3035 2735 verum
3082 2681 3205 2752 quia
3249 2680 3390 2737 idem
3432 2698 3570 2739 unus

1970 2768 2143 2833 Deus;
2172 2769 2295 2839 quia
2325 2784 2455 2825 vero
2480 2772 2708 2826 alterum
2728 2812 2743 2837 ,
2777 2771 2977 2827 idcirco
3008 2773 3237 2842 primum
3281 2784 3336 2829 et
3377 2791 3572 2830 secun-

1965 2859 2130 2926 dum;
2177 2868 2234 2915 et
2261 2861 2382 2931 quia
2403 2876 2562 2917 causa
2587 2862 2816 2918 alterum
2853 2864 3099 2931 alterius,
3146 2864 3348 2921 idcirco
3394 2876 3567 2938 pater,

1967 2955 2110 3025 quod
2155 2969 2317 3011 causa
2362 2968 2448 3013 est
2476 2974 2490 3012 :
2541 2957 2593 3012 id
2625 2972 2755 3012 vero
2782 2958 2924 3029 quod
2955 2958 3023 3012 ab
3050 2958 3262 3025 altero,
3306 2959 3444 3015 [ilius
3476 2978 3488 3014 :
3515 2960 3567 3017 in

1967 3048 2266 3103 substantia
2312 3063 2440 3104 vero
2465 3049 2606 3104 nulla
2647 3048 2923 3116 distantia,
2964 3049 3110 3105 nulla
3155 3052 3412 3123 temporis
3451 3052 3566 3109 dis-

1967 3140 2160 3203 cretio,
2185 3141 2332 3196 nulla
2360 3140 2713 3211 signiﬁcatio;
2746 3157 2884 3199 unus
2915 3150 3114 3211 motus,
3140 3158 3243 3198 una
3295 3144 3564 3212 voluntas,

1968 3232 2321 3304 ctaliquando
2337 3233 2614 3304 phantasia
2641 3234 2866 3290 alterius
2887 3234 3195 3304 voluntatis,
3215 3235 3311 3291 sed
3349 3251 3566 3306 semper

1966 3324 2176 3381 eadem.

2041 3419 2172 3475 Vill.
2200 3417 2327 3477 Haec
2364 3417 2440 3474 ita
2484 3433 2607 3475 esse
2631 3433 2789 3475 saera
2830 3419 3060 3490 primum
3085 3418 3319 3475 lectione
3363 3417 3564 3475 docea-

1964 3528 2107 3581 mus,
2138 3514 2356 3580 deinde,
2383 3522 2440 3570 ut
2467 3514 2604 3570 ordo
2626 3514 2821 3585 poscit,
2856 3524 2912 3569 ut
2933 3529 3112 3570 rerum
3147 3513 3443 3570 necessitas
3471 3514 3566 3569 ila-

1962 3608 2115 3678 gitat,
2139 3620 2193 3663 et
2224 3608 2610 3678 perspiciamus
2632 3607 2686 3671 in
2715 3609 2782 3663 iis
2811 3607 3006 3678 quibus
3035 3617 3118 3663 est
3141 3624 3242 3663 una
3267 3609 3565 3681 eademque

1963 3701 2284 3766 substantia,
2313 3716 2411 3756 cur
2431 3701 2568 3755 alter
2588 3700 2877 3766 mittentis,
2909 3701 3048 3757 alter
3070 3703 3217 3758 missi
3245 3711 3563 3773 potestatem

1962 3802 2153 3864 gerant
2182 3812 2193 3847 :
2227 3794 2542 3863 imperantis
2569 3794 2728 3863 alter,
2757 3794 2893 3851 alter
2922 3795 3155 3850 ministri
3189 3813 3200 3850 :
3232 3796 3372 3852 alter
3412 3806 3562 3853 motu

1961 3887 2154 3958 agendi
2186 3901 2215 3941 a
2242 3887 2585 3958 passionibus
2607 3889 2798 3957 libero,
2822 3889 2961 3946 alter
2999 3888 3390 3961 perjuﬁnitos
3410 3902 3562 3946 actus

1960 3980 2014 4035 in
2046 3980 2297 4037 creandis
2324 3982 2541 4038 Stecuiis
2562 3982 2824 4051 inﬁnitus,
2857 3996 2910 4040 et
2932 3985 2999 4039 iis
3017 4001 3137 4057 qua:
3163 3997 3288 4040 sunt
3313 3986 3365 4040 in
3392 4000 3565 4041 saecu-

1959 4071 2047 4137 lis,
2074 4073 2306 4145 subiecit
2336 4089 2504 4147 usque
2533 4077 2599 4132 ad
2632 4086 2859 4133 mortem
2892 4079 3204 4134 innumeras
3242 4080 3544 4149 passiones.

1960 4165 2106 4223 Vivit
2133 4167 2275 4239 quod
2314 4171 2545 4239 primum
2584 4181 2703 4239 est,
2734 4172 2865 4226 vivit
2915 4187 2982 4227 ex
3019 4186 3177 4239 sese,
3222 4172 3357 4227 vivit
3395 4182 3559 4229 teter-

1960 4276 2121 4331 num,
2149 4269 2204 4319 et
2233 4262 2336 4319 hoc
2363 4263 2505 4320 Deus
2533 4274 2638 4320 est.
2671 4264 2827 4334 Quod
2857 4265 3033 4335 ipsum
3072 4263 3227 4331 vivit,
3270 4275 3326 4320 ut
3373 4265 3557 4331 docui,

1957 4355 2289 4419 existentite,
2332 4354 2421 4411 vel
2455 4356 2773 4411 substantia:
2825 4357 2932 4411 vim
2973 4356 3170 4424 habet,
3204 4365 3259 4411 et
3310 4366 3558 4414 naturam

1957 4447 2084 4501 vitae
2123 4455 2179 4504 et
2218 4447 2593 4519 intelligentiae
2618 4466 2632 4502 :
2662 4448 2828 4503 imam
2872 4449 3073 4519 ipsein
3103 4466 3169 4505 eo
3214 4449 3356 4520 quod
3395 4459 3476 4504 est
3506 4448 3559 4504 ei

1957 4553 2100 4605 esse,
2126 4540 2230 4596 hoc
2260 4549 2344 4596 est
2363 4540 2496 4596 illud
2523 4540 2666 4612 quod
2693 4540 2927 4597 dicimus
2955 4542 3157 4609 vivere,
3188 4554 3239 4597 et
3269 4541 3373 4596 hoc
3413 4541 3557 4611 quod

1957 4630 2277 4703 intelligere,
2302 4643 2357 4688 et
2390 4636 2490 4689 hoc
2524 4633 2665 4688 Deus
2688 4642 2773 4688 est
2794 4651 2808 4688 :
2832 4649 2961 4705 ergo
2983 4633 3125 4704 quod
3151 4641 3236 4689 est
3263 4633 3371 4689 Deo
3401 4648 3553 4701 esse,

1956 4722 2262 4778 existentizn
2306 4738 2471 4803 causa
2528 4733 2583 4780 et
2635 4733 2790 4795 pater
2832 4733 2936 4780 est.
2970 4724 3036 4780 Et
3061 4726 3316 4797 quoniam
3354 4726 3405 4780 in
3436 4724 3556 4796 ipso

1956 4825 2058 4870 auo
2081 4829 2204 4870 esse
2231 4815 2340 4870 vita
2369 4816 2420 4871 ei
2444 4824 2549 4882 est,
2578 4825 2633 4871 et
2663 4817 2715 4870 in
2746 4832 2813 4871 eo
2843 4817 3007 4871 etiam
3050 4831 3216 4873 nosse
3253 4817 3342 4887 qui
3378 4821 3466 4883 sit,
3499 4825 3554 4874 et

1958 4906 2082 4961 vita:
2123 4908 2475 4975 universalis,
2506 4918 2563 4964 et
2585 4910 2954 4981 intelligentiae
2982 4909 3104 4967 Ions
3141 4920 3245 4966 est.
3281 4912 3354 4967 De
3383 4912 3553 4969 tribus

1955 5000 2100 5057 enim
2134 5001 2252 5057 istis
2279 5017 2401 5073 quae
2437 5002 2673 5073 simplici
2721 5005 3011 5062 existentia
3047 5005 3103 5061 in
3148 5006 3257 5063 Deo
3282 5016 3427 5076 sunt,
3463 5007 3551 5063 vei

1954 5106 2076 5162 quae
2101 5091 2242 5148 Deus
2271 5101 2417 5161 sunt,
2447 5094 2619 5163 magis
2642 5107 2766 5150 esse
2798 5096 2938 5151 Deus
2966 5105 3049 5151 est
3077 5115 3090 5150 :
3114 5097 3258 5168 quod
3286 5115 3351 5154 ex
3374 5115 3434 5154 se
3458 5099 3553 5153 ha-

1953 5185 2047 5240 bet
2071 5185 2274 5253 vivere,
2317 5195 2372 5243 et
2412 5189 2580 5243 vitam
2609 5204 2753 5252 esse.
2794 5190 2880 5246 vel
2924 5191 3245 5263 intelligere,
3272 5192 3549 5246 etintelli-

1949 5279 2189 5351 gentiam
2213 5294 2353 5349 esse,
2383 5290 2441 5337 ut
2464 5296 2625 5353 supra
2654 5282 2954 5352 docuimus,
2985 5293 3040 5340 et
3068 5285 3120 5340 in
3164 5283 3425 5354 pluribus.
3474 5281 3543 5338 Ut

1949 5374 2060 5443 jam
2092 5373 2300 5446 reliqua
2326 5372 2454 5442 duo,
2499 5376 2663 5432 vitam
2691 5375 2816 5432 dico
2856 5387 2913 5432 et
2953 5377 3361 5447 intelligentiam
3393 5377 3538 5431 acci-

1950 5467 2163 5537 piamus
2186 5510 2202 5536 ,
2246 5478 2303 5524 ιιι
2332 5471 2511 5541 genita
2539 5472 2608 5527 ab
2636 5487 2703 5528 eo
2729 5474 2872 5544 quod
2908 5481 2994 5529 est
3036 5486 3187 5535 esse,
3219 5486 3377 5525 suum
3422 5487 3546 5529 esse

1947 5561 2196 5619 habentia
2227 5564 2297 5619 ab
2322 5577 2392 5619 eo
2421 5564 2563 5635 quod
2595 5573 2681 5621 est
2719 5568 2966 5635 primum
2992 5579 3114 5621 esse
3150 5575 3353 5621 motum
3381 5610 3394 5631 ,
3438 5581 3538 5637 pro

1943 5656 2121 5728 priore
2147 5658 2412 5715 existendi
2456 5658 2563 5715 vim
2587 5674 2651 5716 ac
2684 5674 2877 5716 nomen
2905 5660 3029 5715 vitae
3069 5660 3543 5733 intelligentiamve

1941 5753 2148 5829 sortita.
2178 5754 2370 5812 Omnia
2391 5754 2533 5815 enim
2556 5755 2609 5813 in
2626 5755 2795 5815 tribus
2811 5762 2961 5813 terna
3001 5764 3127 5813 sunt
3150 5755 3550 5839 quodammodo
