4018 6184
582 187 726 246 illi}

1866 185 2056 242 MARII
2103 183 2444 242 “(21'0le
2472 185 2633 241 AFRI

3690 199 3790 258 iiii)

585 310 643 358 et
667 301 856 358 ordine
895 301 1168 358 nominata
1200 319 1212 357 :
1247 314 1353 356 non
1384 299 1527 372 quod
1569 316 1675 356 non
1720 302 1771 356 in
1812 301 2038 371 singulis
2087 301 2181 354 tri-
2207 306 2256 362 Α
2287 315 2561 370 nunquam
2600 315 2658 355 se
2687 299 2959 370 deseruit,
2992 311 3082 358 aut
3108 303 3363 361 deseret:
3397 321 3458 362 ex
3478 316 3648 366 aeterno
3677 313 3794 384 igitur

589 395 692 452 lius
731 397 869 452 trina
915 405 1068 464 sunt,
1123 395 1218 452 sed
1249 396 1392 467 quod
1436 404 1585 452 motu
1627 395 1679 451 id
1716 404 2010 466 operantur
2038 394 2181 465 quod

591 505 712 547 esse
735 490 988 546 dicuntur
1019 508 1032 544 :
1066 506 1186 547 esse
1213 490 1355 546 enim
1380 491 1580 561 primus
1611 499 1789 544 motus
1818 499 1922 555 est,
1951 489 2039 559 qui
2068 502 2184 542 ces-

591 597 721 638 sans
750 583 947 638 dicitur
974 595 1172 648 motus,
1208 584 1350 639 idem
1377 583 1523 638 intus
1549 592 1727 637 motus
1755 601 1768 638 :
1797 599 1918 637 cum
1951 580 2094 636 enim
2127 594 2186 636 Se

593 683 653 727 ut
681 674 879 729 existat
927 685 1212 746 operatur,
1244 684 1391 730 recte
1421 683 1475 729 et
1502 675 1646 730 intus
1673 683 1944 740 motus,et
1969 686 2189 727 cessans

596 773 776 820 motus
799 775 882 820 est
913 765 1240 820 nominatus.
1275 765 1409 820 llinc
1431 781 1530 820 nos
1551 773 1755 820 motum
1788 779 1910 819 esse
1933 764 2186 828 dicimus,

596 859 741 929 quod
788 868 872 915 est
901 859 1032 914 vivit
1058 875 1122 915 ac
1153 863 1334 915 vivere
1363 860 1506 930 :jam
1549 875 1678 914 vero
1707 874 1829 914 cum
1859 874 1924 913 ex
1955 873 2020 913 eo
2049 856 2192 928 quod

597 963 680 1008 εει
713 953 840 1008 vivit
869 968 931 1008 ac
961 954 1143 1009 vivere
1184 955 1426 1010 coniecta
1454 952 1687 1023 quodam
1731 949 1891 1006 modo
1924 959 1981 1005 et
2018 950 2195 1020 genita

599 1045 657 1101 in
684 1045 898 1102 habitus
945 1047 1182 1118 speciem
1226 1047 1394 1116 ipsius
1432 1045 1576 1116 quod
1612 1052 1696 1100 est
1734 1044 1866 1098 vivit
1905 1059 1968 1098 ac
2017 1043 2197 1098 vivere

603 1141 774 1193 forma
795 1138 1023 1193 formata
1053 1137 1142 1203 sit,
1172 1138 1287 1193 ltznc
1310 1141 1438 1207 vita,
1464 1138 1580 1192 haec
1606 1137 1749 1192 (ilius
1776 1136 2103 1192 nominatur.
2128 1133 2200 1190 Ut

604 1233 748 1288 enim
779 1231 948 1288 forma
980 1233 1254 1301 quit-libet,
1291 1233 1373 1286 vel
1405 1232 1476 1286 ibi
1509 1234 1679 1302 posita
1708 1233 1795 1286 tibi
1826 1240 1929 1297 εει,
1962 1231 2042 1285 vel
2072 1230 2200 1286 alibi

606 1328 754 1384 ducit
784 1343 882 1384 nos
907 1328 974 1384 ad
1011 1328 1444 1401 cognoscendum
1481 1344 1604 1384 eum
1648 1327 1802 1398 cujus
1829 1337 1908 1381 est
1937 1342 1950 1391 ;
1985 1325 2065 1380 sic
2093 1327 2201 1380 vita

607 1423 738 1478 facit
762 1438 861 1478 nos
897 1439 1058 1479 nosse
1095 1423 1221 1494 quid
1252 1424 1322 1479 sit
1362 1424 1544 1478 vivere
1586 1438 1600 1476 :
1630 1429 1784 1477 actus
1827 1421 1972 1476 enim
2015 1430 2099 1474 est
2129 1420 2207 1472 vi-

607 1529 736 1570 vere
758 1557 771 1581 ,
797 1525 850 1570 et
877 1516 929 1570 in
971 1524 1091 1571 actu
1123 1516 1412 1571 momentis
1447 1514 1700 1570 omnibus
1729 1528 1952 1578 cursus,
1985 1520 2039 1566 et
2085 1511 2206 1566 ideo

607 1605 804 1662 dictum
829 1605 1009 1680 (Joan.
1045 1623 1083 1662 ι.
1120 1607 1206 1678 18)
1237 1626 1250 1663 :
1282 1605 1450 1661 Deum
1470 1622 1618 1661 nemo
1640 1605 1763 1660 vidit
1790 1621 2038 1675 unquam.
2076 1603 2207 1671 Quis

2286 402 2342 448 at
2364 410 2450 462 jue
2481 394 2534 448 in
2567 403 2829 450 :eternum
2854 397 2986 451 vivit
3013 398 3324 468 principalis
3344 410 3395 455 et
3421 403 3795 464 universalissubo

2288 487 2484 540 Stantia
2511 485 2762 553 vivendi,
2788 502 2896 544 non
2924 498 2981 543 ιιι
3016 490 3315 544 substantia
3343 491 3443 557 sit,
3469 503 3522 548 et
3550 496 3617 549 sic
3636 497 3799 568 vivens;

2291 576 2384 632 sed
2417 577 2592 648 ipsum
2617 580 2760 650 quod
2787 588 2872 637 est
2897 579 3104 646 vivens,
3127 584 3227 636 ltoc
3249 584 3425 653 ipsum
3450 584 3705 640 substantia
3720 600 3800 644 est:

2290 684 2466 740 neque
2508 671 2651 726 enim
2695 687 2814 727 cum
2852 672 3028 743 ipsum
3071 673 3279 741 vivens,
3314 691 3380 730 ac
3421 676 3563 742 vivit,
3600 681 3799 737 etvivere

2293 777 2456 830 esse,
2488 770 2542 818 et
2583 765 2980 832 quodammodo
3023 780 3145 841 esse
3192 766 3540 837 intelligatur,
3582 784 3670 824 non
3701 786 3804 827 suum

2294 853 2398 909 sibi
2446 869 2565 909 esse
2602 856 2744 925 quod
2783 857 2852 910 sit
2875 896 2890 921 ,
2933 857 3231 912 substantia
3276 867 3394 925 est,
3428 859 3523 915 hoc
3561 868 3610 915 et
3640 861 3804 919 lectione

2296 947 2446 1003 omni
2472 963 2644 1016 sacra,
2664 959 2718 1004 et
2747 965 2925 1005 rerum
2959 951 3194 1021 ipsarum
3219 951 3445 1007 vocibus
3471 953 3669 1023 spiritus
3693 958 3807 1012 nomi-

2299 1052 2478 1097 natnr.

2374 1135 2442 1190 Χ.
2472 1136 2651 1206 Spirat
2685 1146 2864 1194 autem
2907 1140 3161 1209 spiritus,
3201 1151 3252 1195 et
3295 1155 3327 1195 a
3372 1155 3433 1196 se
3459 1140 3635 1211 spirat,
3656 1152 3700 1197 et
3721 1144 3808 1199 Deus

2302 1243 2346 1299 ει
2368 1228 2525 1285 irittts
2553 1239 2635 1284 est
2665 1249 2677 1284 :
2709 1231 2876 1300 spirat
2917 1248 3078 1299 vero,
3113 1233 3215 1288 hoc
3255 1244 3373 1301 est,
3407 1234 3543 1304 quod
3569 1236 3680 1289 vivit
3701 1254 3710 1288 :
3731 1238 3808 1290 vivit

2304 1338 2432 1393 ergo
2461 1339 2490 1377 a
2521 1340 2579 1380 se
2603 1335 2656 1379 et
2686 1340 2901 1394 semper
2933 1326 3176 1397 spiritus,
3205 1328 3299 1398 qui
3326 1328 3467 1382 Deus
3493 1339 3603 1382 est:
3631 1329 3808 1392 vivit,in-

2305 1431 2487 1488 quam,
2520 1427 2681 1488 atque
2712 1420 2764 1472 in
2793 1427 2918 1474 actu
2949 1420 3187 1482 vivendi,
3212 1431 3264 1476 et
3297 1423 3418 1489 ipso
3447 1435 3600 1491 Opere
3632 1421 3716 1474 vita
3737 1437 3807 1476 cun

2305 1510 2457 1577 vivit,
2491 1526 2655 1582 opere
2684 1511 2846 1566 vitam
2876 1528 2997 1567 cum
3024 1513 3178 1578 vivit,
3205 1523 3484 1583 operatur.
3508 1512 3627 1568 Nata
3658 1530 3751 1584 ergo
3765 1527 3811 1567 est

2307 1605 2522 1661 vivente
2558 1607 2665 1661 Deo
2691 1605 2798 1661 vita
2835 1614 3058 1674 mterna,
3087 1615 3346 1677 generata
3370 1615 3475 1672 est,
3508 1618 3558 1662 et
3594 1605 3694 1676 quia
3719 1607 3809 1672 vivit,

609 1701 753 1756 enim
785 1701 964 1756 videat
994 1702 1209 1768 vivere,
1240 1701 1384 1772 quod
1433 1701 1578 1755 Deus
1624 1708 1739 1766 est,
1789 1700 1910 1754 sine
1943 1701 2045 1752 vita
2085 1714 2207 1768 quin
2239 1699 2288 1758 B
2314 1700 2488 1771 ipsum
2520 1701 2821 1756 substantia
2855 1710 2972 1756 est:
2999 1711 3053 1756 et
3080 1701 3220 1772 quod
3252 1711 3342 1756 est
3383 1702 3451 1755 ab
3480 1715 3544 1756 eo
3570 1699 3690 1771 quod
3717 1701 3810 1765 vivil,

614 1793 957 1849 lineamentis
983 1793 1205 1864 agendis
1253 1795 1303 1847 in
1328 1793 1558 1863 quadam
1581 1795 1763 1863 Specie
1788 1791 1898 1846 coit
1925 1800 1977 1845 et
2002 1791 2203 1861 existit,

614 1895 673 1940 ut
717 1887 786 1940 sit
824 1885 998 1941 forma
1042 1887 1304 1942 viventis?
1335 1887 1473 1957 Ergo
1520 1887 1636 1956 ejus
1682 1885 1826 1957 quod
1871 1892 1956 1941 est
2001 1884 2206 1950 vivere,

614 1978 787 2034 forma
814 1989 898 2035 est
926 1981 1055 2046 vita,
1093 1995 1188 2050 per
1215 1995 1398 2051 quam,
1433 1979 1518 2035 vel
1541 1981 1594 2033 in
1623 1994 1725 2050 qua
1754 1977 1898 2049 quod
1942 1987 2048 2042 est,
2079 1976 2212 2032 vivit

616 2086 680 2127 ac
725 2071 908 2127 vivere
953 2072 1201 2138 videtur,
1232 2073 1491 2144 accipitur
1536 2083 1588 2128 et
1629 2071 1960 2142 agnoscitur,
1991 2069 2135 2138 quod
2179 2084 2210 2124 a

625 2173 780 2234 patre
830 2164 1099 2234 signiﬁcat
1149 2163 1349 2219 dictum
1403 2164 1698 2220 Salvatoris
1729 2162 1910 2236 (Joan.
1960 2178 2075 2217 xiv.
2109 2161 2210 2233 9):

621 2258 719 2324 Qui
748 2275 827 2312 me
851 2259 983 2312 videt
1014 2259 1146 2312 videt
1170 2269 1219 2313 et
1247 2258 1457 2313 Patrem
1484 2275 1503 2314 :
1536 2256 1706 2312 Filius
1735 2256 1878 2313 enim
1921 2256 2015 2312 Dei
2045 2255 2212 2310 forma

617 2349 714 2406 Dei
738 2359 841 2418 εει,
876 2349 927 2404 id
955 2359 1060 2418 est,
1091 2352 1219 2418 vita,
1254 2366 1376 2423 quae
1407 2359 1492 2407 est
1521 2350 1691 2406 forma
1721 2350 1970 2406 viventis.
2007 2349 2214 2404 Dictum

620 2443 763 2500 enim
804 2459 831 2498 a
880 2444 1047 2500 Paulo
1086 2445 1153 2500 ad
1184 2444 1562 2516 Philippenses
1607 2444 1867 2517 (Philipp.
1904 2460 1960 2509 ιι,
1987 2441 2077 2514 6):
2117 2443 2218 2511 Qui

618 2553 733 2591 cum
762 2539 814 2591 in
841 2541 1010 2610 forma
1038 2536 1135 2592 Dei
1157 2539 1458 2592 constitutus
1487 2547 1632 2602 esset,
1665 2554 1768 2591 non
1804 2537 2038 2609 rapinant
2075 2535 2219 2589 arbi-

621 2639 789 2684 tratus
819 2639 914 2698 est,
946 2639 1000 2684 ut
1038 2640 1165 2686 esset
1209 2632 1424 2703 wqualis
1452 2630 1583 2686 Deo.
1607 2629 1740 2686 Item
1767 2631 1835 2686 ad
1867 2631 2220 2687 Colossenses

627 2724 849 2797 (Coloss.
900 2741 938 2780 ι.
984 2724 1076 2798 15)
1109 2743 1122 2780 :
1156 2726 1256 2795 Qui
1285 2737 1357 2780 est
1397 2728 1568 2798 imago
1615 2727 1882 2782 invisibilis
1918 2727 2032 2781 Dei.
2079 2727 2221 2798 Ergo

626 2816 781 2873 Jesus
808 2816 1059 2873 Christus
1083 2827 1138 2872 et
1175 2819 1372 2890 imago,
1402 2829 1456 2874 et
1495 2820 1664 2874 fortna
1711 2819 1824 2874 Dei.
1858 2819 2100 2874 Diximus
2125 2836 2224 2874 au-

626 2919 733 2966 tem
760 2911 902 2982 quod
932 2912 984 2967 in
1008 2913 1177 2967 forma
1206 2913 1438 2979 videtur,
1466 2913 1516 2967 id
1544 2913 1696 2984 cujus
1727 2915 1893 2968 forma
1921 2923 2010 2968 :et
2031 2913 2220 2968 eodem

627 3015 788 3078 pacto
839 3016 892 3062 et
942 3008 993 3061 in
1038 3007 1268 3079 imagine
1321 3008 1532 3063 videtur
1574 3011 1649 3075 is,
1693 3008 1846 3077 cujus
1890 3010 2064 3090 imago
2105 3017 2218 3072 est,

2313 1805 2368 1848 et
2394 1792 2500 1847 vita
2549 1793 2662 1863 ipsa
2705 1793 3006 1848 subSIautia
3053 1803 3160 1860 est,
3209 1809 3307 1864 per
3349 1793 3536 1849 eadem
3580 1791 3752 1863 mqualis
3779 1807 3810 1845 at

2314 1884 2497 1951 simul,
2529 1886 2652 1956 quia
2687 1885 2858 1956 ipsum
2888 1884 3023 1940 vivit
3054 1887 3162 1940 vita
3187 1895 3293 1949 est,
3338 1900 3500 1956 atque
3538 1885 3638 1954 ipsa
3673 1885 3750 1937 vita
3768 1883 3810 1936 vi-

2318 1978 2495 2034 vendo
2524 1979 2706 2033 existit
2732 1987 2810 2032 ,ιιι
2835 1978 2945 2032 vita
2984 1978 3073 2032 sit.
3101 1977 3495 2047 Spiritus‘ergo
3519 1986 3594 2031 est
3619 1974 3767 2040 vivcre,
3783 1984 3809 2028 et

2316 2071 2427 2126 vita
2467 2071 2686 2142 spiritus
2733 2079 2818 2126 est
2849 2089 2861 2124 :
2891 2071 3269 2141 compleCIitur
3315 2085 3380 2125 se
3420 2080 3695 2138 utrumque,
3729 2077 3765 2121 et
3784 2068 3810 2119 in

2319 2175 2606 2234 utrumque
2630 2173 2735 2231 est,
2764 2174 2817 2218 ct
2846 2164 3076 2218 alterum
3115 2179 3223 2219 non
3251 2174 3314 2218 ut
3341 2162 3606 2235 geminum
3632 2170 3676 2216 et
3702 2159 3810 2228 adju-

2321 2270 2453 2325 tum,
2484 2259 2578 2314 sed
2611 2259 2954 2329 simplicitate
3013 2274 3078 2313 ex
3121 2273 3181 2314 se
3218 2268 3386 2328 atque
3425 2257 3478 2310 in
3515 2271 3570 2311 se
3605 2253 3809 2316 existeiitis,

2319 2353 2472 2424 quasi
2499 2353 2720 2408 alterius
2743 2353 3061 2408 substantia:
3082 2352 3444 2423 duplicatum,
3483 2363 3712 2420 nunquam
3744 2361 3811 2400 asc

2321 2446 2633 2512 discretum,
2664 2447 2790 2516 quia
2824 2446 2875 2500 in
2914 2445 3139 2516 singulis
3168 2446 3474 2516 geminum.
3509 2442 3688 2498 Etenim
3707 2441 3812 2493 vivere

2323 2556 2444 2597 cum
2473 2540 2583 2595 vita
2605 2549 2713 2607 est,
2740 2551 2795 2596 et
2818 2540 2924 2594 vita
2957 2555 3146 2595 rursus
3180 2553 3308 2593 cum
3339 2553 3409 2594 eo
3438 2549 3519 2594 est
3552 2535 3744 2607 quodest
3769 2532 3813 2585 vi-

2322 2649 2450 2690 vere
2481 2651 2493 2687 :
2521 2635 2703 2690 vivere
2761 2643 2964 2700 autem,
3011 2643 3064 2686 ιιι
3125 2632 3438 2699 docuimus,
3480 2633 3606 2686 Deus
3646 2638 3721 2693 est,
3750 2628 3813 2679 vita

2324 2727 2576 2784 Christus
2605 2747 2619 2782 :
2649 2736 2706 2783 et
2732 2727 2857 2797 quia
2883 2727 3068 2781 vivere
3097 2736 3152 2780 ut
3181 2734 3482 2796 generator
3507 2735 3581 2780 est
3605 2722 3813 2776 vittezactu

2327 2822 2492 2888 enim,
2535 2820 2678 2891 quod
2709 2830 2791 2874 est
2820 2820 3021 2886 vivere,
3058 2827 3115 2873 ut
3149 2820 3404 2891 quaedam
3447 2818 3602 2889 prolis
3619 2817 3702 2870 vita
3719 2825 3814 2882 gens

2328 2926 2496 2977 ratur,
2523 2915 2580 2968 tit
2609 2916 2626 2985 (
2641 2914 2688 2985 t)
2713 2915 2890 2970 vivere
2923 2925 3093 2984 pater,
3121 2913 3260 2968 ﬁlius
3286 2915 3421 2981 vita,
3439 2913 3537 2967 ista
3555 2907 3811 2980 ipsaquidem.

2327 3009 2420 3080 qni
2445 3009 2672 3064 alterum
2705 3009 2900 3072 altero,
2926 3007 3128 3063 idcirco
3154 3007 3282 3062 duo.
3310 3005 3472 3062 Unde
3492 3004 3618 3059 enim
3649 3002 3739 3061 duo,
3759 2995 3814 3049 nisi

631 3103 865 3158 maxime
893 3102 937 3156 si
969 3101 1014 3156 is
1044 3103 1197 3171 cujus
1224 3101 1434 3173 imago,
1463 3112 1548 3158 est
1589 3102 1892 3168 invisibilis,
1934 3104 2072 3158 sicut
2099 3101 2222 3158 lteic
2249 3095 2294 3156 C
2327 3103 2562 3158 alterum
2590 3102 2657 3157 ab
2685 3102 2897 3158 altero?
2927 3109 2983 3158 et
3023 3116 3239 3172 semper
3269 3100 3417 3172 quod
3451 3100 3516 3154 ab
3541 3099 3683 3152 altero
3711 3090 3813 3148 eui-

632 3193 833 3248 dictum
871 3209 884 3246 :
924 3192 1103 3265 Imago
1132 3192 1229 3249 Dei
1271 3193 1558 3249 invisibilis.
1591 3194 1792 3250 Eodem
1831 3194 1990 3249 modo
2020 3193 2224 3249 dictum

631 3288 684 3343 in
714 3287 1008 3357 Evangelia
1028 3290 1380 3349 κατάιωάννην
1411 3306 1424 3340 :
1455 3288 1612 3342 Deum
1642 3305 1787 3342 nemo
1811 3305 2036 3360 unquam
2061 3288 2224 3355 vidit,

632 3382 732 3437 nisi
763 3380 1068 3452 Unigenitus
1092 3379 1283 3445 Filius,
1309 3381 1393 3451 qui
1424 3381 1487 3435 de
1515 3381 1630 3434 sinu
1661 3383 1772 3453 ejus
1803 3381 1974 3436 exivit.
2011 3379 2226 3435 Etitem

634 3475 711 3530 sic
735 3473 904 3546 Moysi
948 3473 1149 3528 dictum
1189 3470 1384 3544 (Exod.
1429 3488 1622 3545 xxgxm,
1653 3471 1744 3543 20)
1776 3489 1788 3524 :
1821 3470 2029 3525 Faciem
2066 3487 2230 3524 nteant

633 3583 737 3622 non
784 3566 1012 3633 videbis;
1052 3567 1165 3638 quis
1216 3567 1349 3620 enim
1381 3565 1565 3636 {aciem
1607 3581 1771 3618 nteant
1812 3564 1937 3618 vidit
1977 3573 2022 3618 et
2070 3564 2232 3618 vixit?

635 3658 891 3714 Permisit
922 3669 1100 3713 tamen
1134 3669 1488 3730 posterganea
1511 3673 1606 3715 sua
1638 3657 1830 3724 videri,
1862 3656 1914 3713 id
1945 3665 2048 3724 est,
2073 3655 2232 3711 dcor-

636 3764 778 3815 sum,
813 3760 1116 3821 caeteraque
1139 3761 1334 3820 praeter
1366 3752 1577 3807 faciem.

709 3841 801 3896 IX.
829 3841 968 3911 Quot
998 3841 1118 3897 lteic
1149 3844 1436 3911 mysteria?
1466 3854 1596 3913 quot
1622 3858 1817 3914 genera
1839 3843 2234 3915 qua-stionnm?

637 3945 769 4009 quot
788 3935 940 4006 signa
968 3935 1034 3990 ad
1062 3934 1441 3989 declarandum
1463 3945 1517 3990 et
1540 3937 1729 4000 Deum,
1752 3945 1806 3991 et
1827 3935 2008 3991 Jesum
2044 3933 2234 3991 Chris-

640 4041 776 4097 tum,
803 4042 860 4087 et
892 4030 1247 4086 sub5tantiam
1279 4045 1432 4094 esse,
1457 4039 1512 4086 et
1547 4045 1708 4084 unum
1750 4030 1912 4086 ambo
1950 4045 2073 4087 esse
2107 4031 2236 4086 sub-

640 4124 914 4191 stantiam,
935 4134 988 4179 et
1013 4124 1175 4178 simul
1206 4133 1493 4194 utrumque
1520 4138 1680 4177 unam
1703 4138 1826 4178 esse
1851 4124 2233 4190 substantiam,

641 4225 696 4271 et
721 4231 749 4269 a
783 4227 932 4286 patre
964 4217 1074 4271 tilio
1095 4233 1217 4272 esse
1239 4217 1596 4272 substantiam
1620 4215 1643 4268 ?
1670 4216 1801 4284 Qute
1838 4227 2054 4285 cuncta,
2078 4225 2238 4286 atque

643 4307 948 4378 liujusmodi
975 4307 1099 4373 alia,
1135 4309 1283 4364 nullo
1316 4309 1476 4363 modo
1502 4308 1793 4378 ettplicari,
1826 4309 2051 4380 intelligi
2077 4319 2239 4379 atque

641 4402 930 4473 approbari
958 4413 1204 4472 possunt,
1239 4403 1338 4457 nisi
1363 4404 1612 4473 superior
1650 4413 1907 4458 tractatus
1938 4403 2240 4459 manifestis

2331 3196 2435 3250 lius
2460 3203 2564 3262 est,
2597 3195 2728 3249 illud
2757 3204 2937 3249 autem
2967 3195 3107 3249 unde
3145 3195 3402 3260 alterum,
3444 3203 3599 3263 pater.
3626 3187 3706 3242 Sed
3734 3197 3811 3238 nun:

2331 3305 2440 3346 non
2484 3289 2556 3344 ita
2581 3288 2812 3344 alterum
2854 3296 2913 3344 ut
2944 3287 3237 3342 discretum
3276 3295 3445 3356 atque
3491 3284 3737 3343 diversum,
3761 3271 3812 3327 sed

2333 3394 2541 3440 tantum
2567 3384 2793 3438 alterum
2817 3382 2885 3438 ab
2904 3382 3100 3449 altero,
3127 3391 3186 3436 ut
3207 3381 3506 3437 conﬁciens
3529 3388 3665 3448 atque
3681 3369 3813 3428 coniu-

2335 3487 2487 3544 tnm,
2533 3489 2589 3534 et
2635 3491 2902 3548 generatis
2955 3485 3117 3547 atque
3167 3486 3496 3548 gneratum',
3546 3465 3812 3541 COIIjUItCIienﬁ

2333 3571 2650 3626 substantim
2685 3578 2970 3640 utrumque
3001 3585 3198 3636 ttnum,
3231 3583 3359 3624 cum
3395 3576 3449 3624 et
3492 3567 3651 3620 vivere
3674 3562 3746 3613 vita
3776 3555 3811 3608 sit

2335 3672 2388 3719 et
2421 3664 2530 3717 vita
2566 3665 2680 3733 ipsa
2712 3662 2895 3717 vivere
2923 3679 2937 3716 :
2971 3661 3098 3716 hinc
3141 3669 3297 3731 pater
3319 3672 3374 3718 et
3403 3660 3561 3724 ﬁlius,
3583 3668 3694 3710 unus
3721 3652 3813 3705 Deus

2337 3755 2407 3810 Et
2446 3755 2568 3825 quia
2599 3754 2883 3809 conversio
2926 3753 3186 3808 naturalis
3219 3752 3524 3808 existentire
3561 3763 3650 3804 non
3669 3744 3740 3799 nisi
3759 3751 3812 3790 uti:

2337 3859 2457 3908 est:
2484 3860 2541 3906 ut
2569 3852 2712 3907 enim
2743 3851 2883 3905 ineo
2912 3849 3056 3920 quod
3085 3859 3170 3904 est
3199 3850 3388 3904 vivere
3418 3848 3551 3902 inest
3575 3835 3812 3907 vita,elilt‘ﬁl

2339 3947 2393 4002 in
2413 3960 2480 4002 eo
2506 3946 2645 4016 quod
2675 3954 2759 4000 est
2780 3944 2908 4010 vita,
2934 3945 3076 3998 inest
3103 3945 3322 4008 vivere;
3357 3957 3460 3996 una
3488 3941 3589 3994 sola
3615 3947 3656 3989 et
3676 3939 3814 3986 conver-

2339 4041 2421 4095 sio
2443 4048 2543 4096 est.
2574 4037 2730 4096 Unde
2759 4053 2880 4094 cum
2908 4038 2960 4092 in
2989 4051 3055 4092 eo
3075 4037 3216 4106 quod
3241 4036 3346 4091 vita
3369 4045 3472 4098 est,
3500 4032 3611 4087 insit
3629 4036 3673 4084 et
3689 4026 3813 4079 vivere:

2343 4133 2544 4188 idcirco
2568 4133 2874 4201 unigenitus
2908 4131 3048 4186 lilius
3091 4127 3561 4187 consubstantialis
3593 4121 3717 4194 patri,
3739 4125 3815 4168 unus

2341 4234 2397 4280 et
2426 4226 2542 4295 ipse
2564 4225 2728 4290 (ilius,
2751 4233 2904 4294 pater
2953 4239 3111 4278 unus.
3139 4222 3294 4279 Unde
3335 4237 3439 4276 una
3477 4217 3724 4282 eademque
3748 4202 3815 4258 sulr

2343 4317 2561 4380 stantia,
2585 4324 2640 4371 et
2659 4317 2820 4373 simul
2847 4331 2908 4371 ac
2938 4330 3156 4386 semper
3180 4333 3193 4368 :
3221 4315 3335 4371 Hoc
3359 4325 3442 4370 est
3467 4312 3596 4367 enim
3621 4303 3812 4380 ipsaista.

2344 4411 2470 4484 ὁμοῦ
2498 4412 2676 4466 οὐσίαν
2701 4410 2863 4483 ἔχων,
2897 4409 3055 4464 simul
3078 4408 3433 4463 subStantiam
3464 4404 3662 4463 habens.
3684 4401 3815 4465 Pirem'

643 4493 2451 4576 perceptionibusillnecscatﬁitigiturnobislixasententia,une
2505 4504 2770 4560 cxislcndi
2836 4503 2943 4556 vim
3015 4511 3178 4569 atque
3240 4501 3520 4562 virtutem,
3574 4491 3815 4576 eamdemqvf

644 4587 786 4658 quod
814 4588 954 4644 Deus
983 4589 1204 4658 spiritus
1235 4590 1326 4654 sit,
1351 4597 1404 4643 et
1425 4591 1644 4660 Spiritus
1674 4590 1741 4646 de
1769 4606 1874 4660 quo
1896 4600 1952 4646 et
1969 4591 2108 4645 lilius
2128 4591 2240 4660 spi-

648 4682 804 4746 ritus,
849 4690 904 4737 et
945 4682 1167 4752 Spiritus
1212 4683 1443 4753 Spiritus
1469 4692 1687 4740 sanctus
1729 4683 1909 4759 (Joan.
1935 4701 2012 4753 ιιι,
2043 4683 2132 4758 6):
2164 4685 2243 4741 De

649 4773 830 4840 spiritu
848 4777 990 4830 enim
1012 4777 1146 4848 quod
1173 4779 1401 4832 nascitur
1443 4778 1654 4848 spiritus
1677 4787 1754 4834 est
1788 4777 1966 4850 (Joan.
1999 4793 2076 4845 Vt,
2107 4779 2199 4850 65)
2227 4798 2240 4835 :

651 4864 877 4935 Spiritus
905 4879 1073 4923 autem
1099 4871 1337 4938 vivi/ictu.
1362 4871 1516 4939 Quod
1548 4871 1803 4937 vivificat,
1835 4873 2018 4942 utique
2065 4873 2240 4942 ipsum

649 4958 813 5013 vivit:
845 4962 984 5029 quod
1013 4962 1162 5029 vivit,
1187 4965 1310 5032 quia
1332 4966 1550 5034 Spiritus
1572 4977 1673 5030 est,
1704 4982 1731 5019 a
1757 4981 1817 5022 se
1839 4967 1968 5020 vivit
1995 4976 2080 5022 :et
2101 4966 2242 5037 quod

652 5065 680 5104 a
712 5066 771 5104 se
803 5051 949 5115 vivit,
982 5053 1082 5108 hoc
1111 5053 1285 5124 ipsum
1317 5065 1400 5111 est
1433 5057 1575 5128 quod
1608 5057 1771 5112 vivit:
1800 5066 1856 5113 ct
1884 5058 2006 5128 quia
2029 5062 2170 5128 quod
2212 5074 2240 5112 a

652 5157 711 5198 se
740 5142 889 5210 vivit,
919 5158 1039 5197 eum
1077 5144 1250 5214 ipsum
1291 5149 1360 5203 sit
1385 5149 1526 5219 quod
1554 5158 1641 5204 est
1667 5151 1818 5217 vivit,
1849 5166 1946 5206 nec
1978 5151 2124 5206 aliud
2151 5151 2247 5206 lia-

653 5238 744 5293 bet
768 5236 911 5308 quod
939 5236 1126 5292 vivere
1166 5238 1412 5296 dicatur:
1449 5257 1553 5296 non
1595 5243 1738 5298 enim
1778 5243 2100 5300 vivificatum
2143 5254 2248 5312 est,

657 5331 750 5386 sed
787 5332 918 5386 vivit
957 5331 1165 5402 ipsum,
1201 5332 1326 5388 vivit
1370 5337 1452 5392 vel
1497 5337 1678 5393 vivere
1720 5338 1996 5395 existens:
2025 5353 2080 5397 et
2122 5343 2247 5414 quia

651 5423 816 5488 vivit,
865 5439 928 5480 ac
966 5425 1152 5482 vivere
1202 5441 1362 5498 agere
1407 5437 1514 5494 est,
1559 5429 1612 5483 in
1656 5443 1722 5484 eo
1750 5431 1892 5502 quod
1922 5448 1953 5487 a
1999 5447 2058 5488 se
2097 5434 2250 5501 vivit,

656 5533 928 5591 nunquam
973 5521 1179 5593 ccepit;
1242 5536 1350 5578 non
1380 5522 1524 5579 enim
1563 5524 1870 5595 expectavit
1902 5525 2156 5593 alterum,
2194 5538 2254 5584 ut

724 5710 802 5782 (1)
847 5709 951 5766 Fit.
982 5710 1142 5768 Forte
1172 5714 1266 5769 sic.

2347 4597 2663 4653 ειιὶιειιιιιιὶιυ
2704 4604 2974 4660 naturam,
3007 4596 3154 4650 nullo
3183 4605 3422 4664 tempore
3453 4592 3715 4660 prteeunte:
3735 4568 3816 4664 (1³οέ

2349 4704 2450 4744 nos
2475 4688 2935 4744 consubstantiale
2963 4686 3195 4742 dicimus
3220 4728 3235 4751 ,
3276 4684 3542 4742 causativo
3577 4678 3716 4748 priore
3734 4659 3813 4735 ιυίιί

2349 4789 2433 4838 εει
2461 4781 2662 4846 vivere,
2697 4779 2762 4835 ad
2795 4779 2845 4834 id
2867 4779 3008 4850 quod
3043 4781 3150 4833 vita
3181 4787 3296 4845 est,
3338 4786 3394 4831 ut
3422 4773 3543 4830 illud
3569 4765 3815 4840 generatisne

2351 4882 2522 4945 pater,
2558 4874 2659 4928 hoc
2684 4873 2925 4943 genitum
2957 4888 3018 4928 ac
3050 4872 3225 4937 ﬁlius,
3260 4882 3313 4928 et
3342 4872 3440 4933 sit,
3469 4879 3640 4923 etesse
3671 4858 3811 4912 dicatur.

2353 4967 2496 5039 Ergo
2517 4967 2640 5038 quia
2665 4967 2844 5022 insunt
2867 4966 2995 5030 sibi,
3017 4976 3070 5021 et
3093 4967 3220 5021 licet
3240 4974 3390 5035 pater
3415 4976 3529 5018 cum
3548 4958 3624 5015 sit,
3640 4950 3813 5041 ﬁlius.th

2349 5035 2457 5114 sit:
2483 5035 2774 5129 rursusque
2803 5073 2926 5112 ctttn
2950 5056 3112 5122 tiliuS,
3135 5057 3224 5128 qui
3245 5064 3328 5111 est
3356 5055 3466 5124 ejus
3483 5049 3616 5119 cujus
3639 5035 3811 5134 05m“?

2351 5161 2504 5226 pater
2552 5168 2658 5208 non
2689 5123 2790 5218 sit;
2826 5161 3004 5208 tamen
3035 5151 3086 5206 vi
3109 5123 3291 5206 rerum
3323 5123 3672 5204 etisubstanli'J2
3700 5123 3812 5226 WE]?

2353 5224 2482 5315 tate,
2521 5262 2642 5302 cum
2691 5245 2873 5302 vivere
2925 5245 3035 5300 vita
3066 5245 3136 5299 Sit
3163 5253 3217 5298 et
3258 5259 3360 5297 ttna
3382 5241 3450 5296 sit
3476 5238 3657 5292 vivere,
3692 5224 3809 5276 meum

2353 5339 2534 5396 divina
2581 5339 2876 5394 Salvatoris
2915 5352 3050 5393 voce
3072 5337 3467 5408 pronuntiatum
3486 5336 3560 5384 est
3585 5318 3806 5416 (locutu;

2354 5435 2443 5500 10,
2471 5435 2558 5504 H)
2593 5452 2606 5488 :
2639 5432 2707 5488 Et
2728 5450 2820 5502 ego
2839 5433 2894 5487 in
2922 5395 3099 5498 Patre‘,
3121 5443 3168 5486 et
3201 5431 3355 5486 Pater
3372 5430 3422 5482 in
3445 5441 3532 5480 me.
3560 5418 3666 5475 llinc
3681 5419 3719 5464 et
3733 5395 3806 5504 illud

2352 5536 2437 5586 θεῖ
2457 5501 2637 5600 (“uno
2669 5543 2724 5596 Χ,
2748 5524 2842 5600 50)
2867 5543 2880 5582 ε
2909 5524 3022 5598 Ego
3050 5535 3099 5582 et
3127 5523 3288 5582 Pater
3315 5537 3464 5579 unum
3485 5525 3632 5574 sumas
3651 5523 3663 5561 :
3685 5501 3805 5557 etenim
