4018 6184
195 225 308 281 Ilii

1195 207 1216 222 '
1287 223 1660 281 auvensus
1688 222 1906 282 ARIUM
1947 223 2151 280 Lmen
2191 227 2280 281 tv.

3333 222 3473 282 1129

191 357 295 396 cum
342 356 524 396 rerum
558 341 609 396 vi
640 349 694 396 ct
723 349 912 396 natura
941 340 1053 411 ipsa
1081 338 1218 397 duce
1249 341 1382 396 nihil
1412 341 1520 395 sint
1568 341 1770 406 omnia,
1801 343 1854 403 Α
1879 339 2080 410 cipium
2121 340 2466 396 existentium
2494 381 2508 405 ,
2552 339 2974 395 substantiarum
3008 347 3211 409 patrem
3232 382 3245 406 ,
3278 338 3368 410 qui
3399 340 3468 396 ab

191 434 229 489 si
256 451 353 489 non
391 436 594 502 vivant,
619 445 673 490 ct
694 444 842 490 motu
865 435 1014 489 vitali
1055 449 1245 500 vacua,
1276 449 1376 490 nec
1404 434 1601 489 molem
1628 432 1771 505 Ityli-

191 542 297 583 cum
336 539 428 583 aut
456 530 757 585 existentim
797 529 877 584 vel
917 529 1230 599 imaginem,
1279 528 1363 584 vel
1395 527 1630 598 speciem
1677 525 1773 580 ha-

193 619 308 677 bere
336 620 630 676 credantur
656 639 668 676 :
703 620 903 677 ﬂuendi
927 621 1070 676 enim
1100 635 1163 676 ac
1189 617 1448 675 reﬂuendi
1474 628 1663 673 natura
1691 619 1774 672 in-

191 712 390 769 condite
403 713 636 769 subsiste
645 713 755 782 ndi,
772 728 877 768 non
901 712 1095 781 recipit
1109 712 1188 768 vis
1206 711 1410 766 lubrica
1431 711 1770 778 inconstans,

190 820 280 862 nec
299 805 521 860 formam
546 805 761 876 recipit,
785 814 844 860 ut
868 804 1067 876 aliquid
1094 819 1214 861 esse
1234 804 1465 860 dicatur.

255 897 339 954 XI.
371 896 526 954 Unde
555 914 745 954 carens
779 914 846 955 eo
871 897 1018 970 quod
1045 905 1129 953 est
1175 897 1378 968 aliquid
1423 911 1545 952 esse
1565 939 1578 960 ,
1611 895 1775 952 etiam

192 1005 304 1047 esse
337 1006 491 1047 suum
530 999 698 1059 tenet,
750 999 809 1046 ut
847 1001 994 1048 recte
1037 991 1187 1047 nullo
1209 989 1368 1044 modo
1401 1005 1520 1046 esse
1556 989 1774 1045 dicitur.

191 1085 257 1140 At
283 1100 420 1140 nunc
439 1083 830 1156 comprehensa
879 1095 935 1140 et
979 1092 1114 1149 tota,
1139 1092 1302 1154 atque
1327 1083 1377 1137 in
1411 1083 1649 1151 partibus
1671 1081 1779 1136 cir-

192 1180 528 1244 cumsistens,
557 1190 610 1234 et
639 1180 891 1242 formata,
923 1188 1086 1248 atque
1132 1177 1235 1231 hoc
1263 1185 1576 1246 corporata,
1612 1183 1666 1228 et
1709 1171 1778 1228 ad

190 1269 381 1341 aliquid
405 1285 526 1326 esse
554 1273 736 1342 Specie
763 1271 942 1342 aliqua
960 1283 1114 1340 capta
1141 1280 1332 1326 etesse
1361 1270 1632 1325 creditur:
1653 1268 1780 1338 quia

191 1377 330 1423 motu
353 1367 522 1430 vitali,
555 1377 607 1423 et
634 1367 702 1422 ab
723 1366 935 1422 infinito
964 1365 1130 1422 certis
1154 1365 1495 1421 lineamentis
1531 1370 1702 1435 septa,
1725 1361 1780 1418 in

192 1476 377 1517 sensus
425 1461 758 1518 certissimos
823 1469 1197 1531 promovetur.
1259 1458 1399 1528 Ergo
1439 1457 1612 1527 hylica
1663 1469 1782 1525 qua:

193 1564 332 1622 sunt,
367 1563 574 1611 utesse
603 1553 908 1622 videantur,
944 1554 1172 1608 facitvis
1200 1551 1546 1622 potentiaque
1582 1550 1780 1613 vitalis,

190 1665 302 1718 qum
325 1647 564 1703 defluens
585 1664 615 1702 a
638 1649 771 1722 λόγῳ
801 1648 891 1701 illo
921 1646 1011 1717 qui
1055 1648 1161 1700 vita
1201 1653 1318 1710 est,
1345 1659 1505 1713 quem
1554 1641 1783 1698 dicimus

1872 447 1938 488 eo
1959 433 2231 504 quodipse
2257 443 2361 500 εει,
2388 447 2506 488 εεεε
2535 435 2748 488 caeteris
2781 442 3022 503 praestat,
3047 433 3339 487 secundum
3363 433 3471 488 vim

1872 542 1934 583 ac
1957 539 2200 583 naturam
2227 527 2635 598 percipientium
2659 526 2874 582 vivendi
2897 528 3216 598 potentiam,
3234 526 3477 581 substan-

1876 618 2113 691 tiamque
2155 621 2486 677 moderatus.
2533 619 2670 689 Quid
2702 621 2838 692 ipse,
2868 630 2961 676 aut
3003 621 3056 676 in
3097 623 3239 691 quo?
3269 619 3478 690 Quippe

1875 712 2028 768 vivus
2056 727 2361 784 vetusque:
2390 713 2570 782 Unus,
2604 724 2663 770 ut
2687 729 2784 770 nos
2815 713 2882 769 de
2916 729 2974 770 se
3001 714 3146 785 loqui
3187 713 3318 770 sinit
3347 731 3360 768 :
3401 714 3479 768 vi-

1875 806 1972 873 vit,
2006 817 2058 862 et
2086 822 2151 862 ex
2189 816 2394 863 mter-no
2438 818 2492 864 et
2522 808 2576 863 in
2608 815 2870 864 aeternum
2902 807 3054 871 vivit.
3081 822 3146 863 ex
3183 821 3243 862 se
3273 805 3478 863 habens

1878 902 2009 957 illud
2037 903 2232 972 ipsum,
2264 901 2408 974 quod
2438 902 2485 958 ei
2518 902 2815 958 substantia
2838 911 2949 958 est:
2980 901 3146 966 vivit;
3179 917 3282 957 non
3329 900 3474 956 enim

1878 1000 1927 1055 ei
1955 998 2216 1054 accedere
2242 1009 2395 1054 actus
2417 1006 2510 1053 aut
2529 997 2714 1053 debuit
2745 1005 2837 1052 aut
2861 997 3052 1068 potuit,
3088 1011 3158 1052 ne
3187 995 3481 1067 aliquando

1880 1111 1910 1148 a
1940 1109 1998 1150 εε
2024 1095 2200 1148 minus
2226 1112 2238 1146 :
2270 1092 2365 1149 sed
2397 1108 2613 1164 semper
2645 1092 2919 1162 perfectus
2939 1134 2952 1158 ,
2982 1091 3172 1162 plenus
3205 1106 3267 1145 ac
3299 1100 3441 1146 totus
3465 1129 3481 1158 ,

1882 1189 1936 1244 in
1977 1205 2044 1244 co
2075 1189 2216 1257 quod
2243 1199 2326 1244 est
2356 1188 2405 1244 ei
2432 1203 2574 1253 esse,
2605 1189 2742 1242 inest
2769 1188 2932 1242 etiam
2962 1189 3040 1240 sic
3067 1200 3188 1240 eSse
3213 1202 3226 1236 :
3259 1194 3486 1238 cauera-

1881 1299 1986 1345 que
2025 1292 2146 1352 post
2193 1282 2361 1337 Deum
2411 1289 2552 1349 sunt,
2589 1280 2922 1348 etpotenthe
2969 1286 3115 1343 sunt,
3148 1287 3203 1332 et
3241 1277 3484 1332 actiones

1886 1376 2160 1445 potentiae,
2187 1389 2308 1445 quas
2339 1373 2390 1429 vi
2419 1389 2514 1428 sua
2556 1374 2666 1444 jam
2697 1388 2820 1428 esse
2860 1371 3172 1437 creduntur,
3203 1380 3262 1426 ut
3305 1369 3489 1428 omnia

1885 1476 2101 1530 etesse,
2127 1475 2182 1522 et
2213 1467 2414 1522 habere
2448 1466 2749 1532 vidcantur,
2787 1481 2904 1536 quae
2931 1464 3155 1519 maturis
3186 1463 3489 1534 processio-

1885 1559 1970 1614 nis
1994 1559 2207 1614 actibus
2247 1559 2536 1616 existentia
2577 1559 2627 1612 in
2655 1573 2754 1613 suo
2785 1573 2949 1628 opere
2987 1558 3106 1612 heic
3135 1555 3334 1612 habere
3363 1572 3489 1626 pro~

1886 1652 2032 1706 venit
2079 1669 2092 1704 :
2135 1651 2378 1706 actiones
2425 1662 2605 1706 autem
2667 1649 2958 1717 dicuntur,
3014 1665 3135 1704 cum
3193 1648 3490 1704 existendis

190 1740 373 1806 ﬁlium,
406 1755 501 1810 ller
527 1739 917 1810 ArC'WISI'IOS.
947 1737 1205 1809 Angelos,
1229 1735 1499 1802 ΤΙινοηοε,
1543 1733 1779 1800 ῧῑοΐῖυε,
1811 1737 1859 1797 Β
1889 1747 2233 1816 processibus
2255 1746 2499 1816 gignunt,
2523 1760 2587 1800 ac
2614 1747 2755 1799 foras
2784 1752 3034 1814 promunt
3053 1741 3199 1814 quod
3225 1757 3345 1798 csse
3368 1757 3494 1812 pos-

191 1845 485 1905 cwteraque
503 1849 623 1903 quae
639 1849 698 1888 su
708 1847 802 1904 pra
819 1831 1076 1887 mundum
1098 1837 1244 1896 sunt,
1263 1829 1437 1900 primo
1459 1829 1509 1882 in
1533 1841 1782 1896 corpora,

190 1936 345 1996 atque
376 1923 529 1992 αὔλει,
557 1925 787 1980 naturali
817 1940 912 1980 sua
945 1923 1244 1979 subStantia
1273 1921 1472 1976 munda
1503 1932 1664 1992 atque
1690 1936 1786 1990 pu-

191 2021 331 2074 riora
359 2034 482 2074 cuni
509 2019 678 2074 currit
725 2033 790 2074 ac
820 2018 1039 2084 labitur,
1074 2017 1247 2072 lucem
1279 2031 1432 2070 suam
1467 2014 1672 2084 majore
1703 2014 1784 2069 sui

190 2112 568 2169 communione
609 2111 846 2182 patitur,
907 2126 1030 2165 mox
1085 2111 1136 2165 in
1180 2109 1416 2164 animam
1468 2109 1782 2179 fontemque

192 2204 382 2259 anima:
425 2202 689 2276 gradatim
734 2203 994 2268 veniens.
1045 2201 1180 2270 Quia
1229 2201 1408 2256 anima
1466 2200 1645 2272 imago
1692 2207 1784 2256 τοῦ

191 2297 339 2374 λόγου
380 2309 484 2366 εει,
533 2298 690 2369 quasi
740 2297 973 2369 quadam
1024 2295 1333 2366 cognitione
1386 2295 1644 2366 majorem
1692 2295 1788 2351 de-

193 2392 391 2448 fluendi
429 2393 624 2463 accipit
667 2407 910 2447 cursum.
942 2392 1007 2446 Et
1046 2391 1171 2462 quia
1199 2390 1250 2444 in
1293 2389 1578 2444 animanda
1607 2390 1785 2445 anima

192 2494 462 2558 properat,
492 2485 548 2539 lit
577 2486 624 2540 ei
647 2484 699 2538 in
721 2484 1008 2538 animanda
1062 2483 1182 2553 ejus
1222 2482 1546 2552 petulantior
1581 2482 1788 2552 appeti-

193 2587 296 2633 tus.
326 2576 462 2632 llinc
495 2575 547 2631 in
581 2575 740 2648 hylen
773 2590 970 2636 mersa.
1005 2583 1061 2628 et
1083 2573 1366 2628 mundanis
1397 2573 1702 2638 elementis,
1733 2580 1788 2628 et

197 2679 468 2741 postremo
507 2669 815 2724 carnalibus
852 2667 1082 2722 vinculis
1121 2667 1416 2738 implicata,
1450 2665 1785 2736 corruptioni

193 2773 350 2835 atque
381 2764 481 2836 ipsi
511 2761 670 2818 morti
695 2777 817 2818 sese
865 2763 1120 2828 miscens,
1148 2761 1360 2817 vivendi
1389 2760 1590 2815 idolum
1619 2769 1788 2817 mate-

193 2861 284 2917 rie.
317 2860 536 2916 fascibus
558 2867 798 2929 praestat.
825 2857 1020 2913 Vivunt
1041 2872 1172 2926 ergo
1192 2865 1382 2911 cuncta
1414 2863 1651 2919 terrena,
1684 2853 1786 2908 hu-

194 2962 359 3030 mida,
383 2977 561 3025 aerea,
588 2961 764 3030 ignea,
797 2960 1052 3024 :nthcrea,
1091 2957 1353 3021 caelestia,
1388 2971 1493 3010 non
1527 2956 1659 3030 λόγῳ
1696 2953 1786 3007 illo

196 3055 395 3126 priore,
426 3069 526 3108 nec
561 3053 687 3106 vitae
715 3051 924 3122 integro
951 3049 1172 3115 lumine,
1197 3048 1292 3104 sed
1322 3055 1540 3118 propter
1564 3047 1786 3118 eOpuIa-

1885 1848 2030 1894 sunt.
2057 1837 2125 1896 Ut
2153 1855 2334 1895 semen
2360 1841 2469 1910 jzuu
2500 1841 2736 1911 potentia
2763 1850 2866 1904 est,
2898 1849 2951 1894 et
2977 1839 3210 1904 culmus,
3241 1848 3294 1893 et
3323 1836 3480 1905 folia;

1893 1932 1978 1987 vel
2009 1947 2122 1989 mas
2152 1941 2246 1987 aut
2291 1931 2486 1988 femina
2519 1948 2762 1989 venerea:
2788 1933 3094 2004 cupiditatis
3126 1931 3356 1997 effusio;
3389 1931 3486 1987 sed

1888 2023 2004 2080 haec
2025 2025 2077 2080 in
2112 2023 2312 2080 mundo
2339 2035 2501 2096 atque
2526 2026 2625 2080 sub
2653 2026 2774 2080 luna
2801 2043 2812 2078 :
2837 2039 2998 2095 supra
3045 2039 3174 2080 vero
3197 2024 3250 2078 in
3277 2023 3483 2078 :cthere

1887 2128 2050 2188 atque
2086 2118 2226 2174 caelo
2254 2120 2497 2174 actiones
2536 2129 2697 2184 sunt,
2738 2129 2899 2189 atque
2938 2117 3238 2174 aetionibus
3283 2117 3488 2185 vivunt,

1887 2208 1980 2263 sed
2008 2208 2194 2278 genita
2215 2209 2378 2264 etiam
2401 2209 2544 2279 quod
2575 2208 2815 2264 futurum
2842 2209 3056 2265 fuerant
3078 2208 3215 2264 facta
3237 2226 3248 2260 :
3281 2223 3348 2265 ex
3370 2215 3492 2264 ortu

1887 2302 2032 2359 enim
2067 2317 2166 2358 suo
2195 2302 2248 2358 in
2291 2305 2636 2374 Operationcs
2677 2304 2922 2374 proprias
2963 2318 3198 2373 suaSque
3243 2302 3490 2371 dimissa,

1888 2412 2014 2452 suos
2037 2405 2190 2453 actus
2213 2408 2418 2454 natura:
2443 2398 2775 2454 continentis
2803 2397 3125 2468 contagione
3152 2396 3486 2452 discurrunt.

1960 2492 2099 2547 XIII.
2125 2491 2280 2559 Quod
2304 2493 2349 2548 si
2379 2491 2494 2548 hare
2521 2491 2710 2564 quaain
2741 2493 2942 2547 mundo
2979 2500 3106 2548 sunt
3151 2500 3304 2546 actus
3336 2498 3484 2558 sunt,

1889 2599 2090 2657 quanto
2133 2588 2302 2660 magis
2331 2588 2422 2643 illa
2466 2603 2585 2659 qua:
2617 2589 2669 2642 in
2702 2588 2922 2643 aeternis
2952 2602 3016 2644 ac
3045 2602 3207 2659 supra
3248 2586 3495 2643 caelestia

1890 2691 2038 2750 sunt,
2063 2695 2216 2738 actus
2241 2692 2368 2738 sunt
2398 2692 2452 2738 et
2479 2681 2721 2738 actiones
2747 2691 2894 2749 sunt,
2925 2698 3046 2753 qua:
3082 2680 3354 2736 mundana
3392 2680 3493 2735 ista

1889 2778 2226 2848 genuerunt?
2253 2775 2387 2832 Item
2432 2787 2487 2831 ct
2521 2777 2698 2831 anima
2742 2784 2800 2831 et
2839 2776 3032 2846 Angeli
3068 2790 3135 2831 ex
3177 2775 3395 2838 animis,
3440 2781 3498 2829 et

1890 2885 2050 2941 supra
2075 2869 2304 2925 animas.
2337 2869 2470 2924 Nam
2499 2880 2553 2925 et
2577 2870 2756 2924 anima
2781 2869 3060 2944 αὐτογὼῳ,
3091 2868 3144 2924 id
3173 2877 3276 2934 est,
3315 2881 3415 2922 suo
3441 2876 3498 2922 et

1891 2980 1919 3017 a
1946 2979 2006 3018 se
2037 2963 2137 3018 sibi
2171 2972 2290 3016 orto
2323 2973 2467 3018 motu
2493 2962 2681 3027 fertur,
2723 2965 3049 3025 αὐτοκίνητος
3089 2962 3307 3028 dicitur,
3355 2961 3496 3018 unde

1890 3061 2121 3120 ἀκίνητος
2156 3074 2168 3110 :
2201 3072 2330 3128 ergo
2369 3072 2586 3126 semper
2610 3059 2660 3112 in
2691 3069 2838 3112 motu
2866 3068 2972 3126 est,
2997 3051 3140 3129 quad
3174 3067 3258 3114 est
3279 3073 3498 3130 semper

196 3149 397 3204 ιίοηθίη
439 3145 673 3218 ¹¹Υ¹ίε³η¹
713 3144 894 3199 ετιυείίι
944 3142 1065 3198 luce
1089 3143 1257 3208 νίῑίιιῖι
1288 3141 1473 3196 νίνυιιι
1499 3156 1662 3211 supra
1698 3155 1788 3194 αι’
1814 3124 1859 3186 C
1894 3167 2079 3224 agere,
2127 3161 2181 3206 et
2226 3166 2346 3207 esse
2389 3152 2558 3222 ipsam
2591 3154 2859 3230 ἐνέργειαν,
2893 3161 2951 3207 ιιι
2979 3153 3050 3208 sit
3083 3153 3132 3208 ei
3176 3153 3499 3220 substantia,

192 3241 380 3306 lestia,
423 3252 476 3296 et
509 3237 678 3308 magis
705 3237 912 3303 vivunt,
947 3251 1066 3306 quae
1105 3235 1173 3290 ab
1205 3234 1326 3306 hyle
1363 3242 1418 3288 et
1445 3250 1472 3286 a
1518 3232 1792 3302 corporeis

192 3334 422 3391 nexibus
463 3339 827 3396 recesserunt,
868 3328 1194 3400 utpuriorcs
1217 3327 1441 3392 animm,
1483 3335 1536 3380 ct
1563 3325 1788 3390 Throni,

196 3437 251 3483 et
273 3425 510 3491 Glorizn;
546 3425 671 3479 item
705 3422 894 3493 Augcli
925 3431 1085 3492 atque
1126 3421 1226 3490 ipsi
1266 3419 1519 3490 Spiritus,
1543 3418 1629 3472 alii
1655 3427 1711 3472 ut
1738 3417 1792 3471 in

193 3520 324 3582 alio,
350 3517 401 3573 id
428 3529 532 3583 est,
558 3517 610 3570 in
633 3531 728 3570 sua
751 3514 1049 3571 substantia
1069 3514 1231 3567 vitam
1255 3511 1538 3566 habentes:
1561 3508 1651 3563 alii
1681 3509 1793 3577 ipsa

194 3613 303 3667 vita
331 3623 451 3666 sunt
479 3628 492 3664 :
520 3609 678 3665 Jesus
708 3616 886 3662 autem
918 3605 1186 3672 Christus,
1210 3617 1265 3660 ct
1291 3612 1508 3658 sanctus
1525 3600 1790 3670 Spiritus:

193 3721 320 3762 nam
349 3713 403 3760 et
431 3703 497 3759 de
521 3702 625 3758 hoc
655 3717 780 3756 mox
815 3699 1131 3756 docebimus
1158 3716 1170 3754 :
1196 3695 1358 3752 simul
1390 3710 1511 3750 cum
1543 3693 1673 3758 Deo,
1699 3689 1794 3747 sed

193 3815 224 3852 a
259 3798 370 3853 Deo
403 3806 581 3850 tamen
605 3793 708 3848 vita
741 3803 887 3857 sunt,
919 3792 1012 3848 sed
1045 3789 1337 3846 universali
1365 3788 1469 3842 vita
1498 3786 1712 3852 vivunt,
1740 3796 1798 3840 et.

191 3907 226 3945 a
263 3905 324 3945 se
351 3891 554 3950 vivunt,
589 3894 643 3941 et
671 3901 777 3940 non
812 3885 865 3939 in
907 3886 1076 3938 altero
1121 3881 1381 3937 habentes
1406 3879 1550 3952 quod
1583 3881 1794 3946 vivunt,

193 3981 295 4039 sed
323 3991 381 4036 ut
419 3979 525 4034 hoc
555 3979 730 4049 ipsum
759 3977 866 4032 illis
891 3992 1012 4032 esse
1056 3975 1128 4030 sit
1158 3975 1339 4030 vivere
1375 3981 1429 4028 et
1455 3974 1618 4027 vitam
1651 3986 1795 4035 csse,

193 4085 250 4131 et
277 4073 559 4130 scientiam
581 4085 704 4127 esse
732 4081 886 4143 patre
918 4066 1184 4132 tradente,
1228 4065 1331 4120 hoc
1351 4073 1455 4131 est,
1485 4064 1797 4136 principali-

202 4177 289 4222 ter
309 4167 576 4222 existente
598 4180 663 4220 co
685 4162 827 4235 quod
856 4171 940 4217 est
967 4159 1173 4216 vivere.
1195 4157 1336 4228 Ergo
1359 4155 1438 4231 (ι)
1470 4156 1585 4212 haec
1615 4157 1798 4211 omnia

194 4268 516 4316 enumerata
547 4257 764 4323 vivant,
792 4264 845 4311 et
874 4254 1005 4309 nihil
1036 4255 1108 4309 sit
1131 4253 1213 4308 vcl
1247 4253 1300 4307 in
1347 4251 1600 4314 aeternis,
1637 4251 1720 4304 vel
1743 4249 1797 4304 in

195 4351 491 4408 mundanis
517 4359 608 4406 aut
631 4347 844 4422 hylicis,
865 4346 1007 4418 quod
1032 4361 1138 4400 non
1164 4359 1262 4417 pro
1280 4353 1467 4398 natura
1491 4357 1584 4398 sua
1616 4342 1795 4396 vivat:

197 4445 385 4517 utique
430 4441 794 4501 confitendmn
832 4448 915 4495 est
969 4452 1091 4493 eSse
1124 4437 1234 4492 vim
1274 4434 1541 4507 quandam
1583 4434 1667 4489 vel
1707 4449 1802 4503 po-

1898 3245 1987 3300 ille
2017 3253 2213 3299 motus.
2249 3244 2456 3299 Dictum
2491 3253 2577 3300 est
2605 3245 2747 3299 enim
2780 3243 2937 3314 (Gen.
2972 3261 3011 3308 ι,
3051 3245 3182 3315 26):
3221 3244 3497 3300 Faciamus

1899 3341 2156 3394 hominem
2175 3338 2242 3392 ad
2265 3339 2541 3410 imaginem
2565 3348 2612 3392 et
2640 3338 3030 3393 similitudinem
3055 3351 3304 3392 nostram.
3326 3337 3500 3394 Habet

1897 3446 2026 3500 ergo
2058 3432 2322 3504 αὑτὸγονον
2344 3434 2554 3496 κίνησιν,
2581 3429 2632 3484 id
2673 3440 2779 3498 cst,
2810 3439 3014 3485 motum
3058 3447 3086 3484 a
3113 3446 3172 3487 se
3195 3441 3404 3498 ortum,
3440 3438 3499 3486 ut

1900 3522 2012 3578 Deo
2043 3535 2146 3590 est,
2181 3531 2241 3577 ιιι
2263 3522 2504 3578 Christo.
2549 3522 2655 3578 Sed
2684 3523 2806 3594 quia
2836 3538 2945 3578 non
2973 3531 3058 3579 est
3088 3523 3178 3579 ille
3211 3525 3360 3594 prior
3389 3523 3503 3594 Spi-

1898 3617 2035 3672 ritus
2055 3658 2070 3682 ,
2101 3616 2303 3671 idcirco
2329 3617 2432 3670 alia
2478 3615 2799 3682 substantia,
2835 3624 2891 3672 et
2930 3616 3068 3672 facta
3091 3659 3104 3683 ,
3138 3634 3244 3672 non
3267 3633 3297 3673 a
3327 3633 3386 3674 se
3409 3634 3506 3674 ex-

1900 3708 2088 3774 istens,
2108 3707 2202 3762 sed
2225 3707 2362 3762 facta
2387 3717 2493 3762 uta
2517 3721 2577 3762 se
2602 3706 2824 3762 haberet
2841 3719 3081 3763 motum:
3107 3710 3304 3781 quippe
3322 3711 3504 3768 anima

1899 3799 2068 3865 aliud,
2099 3799 2244 3855 aliud
2292 3800 2395 3854 vita
2425 3817 2439 3854 :
2469 3799 2575 3854 vita
2607 3798 2748 3855 enim
2796 3800 3008 3857 vivendi
3052 3801 3269 3858 habitus
3301 3812 3416 3870 est,
3448 3811 3507 3861 et

1901 3893 2054 3964 quasi
2081 3893 2322 3964 quaedam
2364 3893 2559 3961 forma,
2592 3893 2677 3948 vel
2708 3903 2881 3949 status
2909 3895 3139 3950 vivendo
3163 3897 3500 3967 progenitus,

1899 3985 1954 4041 in
1985 4001 2043 4040 se
2072 3986 2356 4041 continens
2382 3985 2556 4056 ipsum
2585 3987 2793 4052 vivere,
2817 3997 2979 4057 atque
3004 3986 3055 4041 id
3078 4002 3198 4042 esse
3228 3988 3370 4059 quod
3395 3991 3507 4046 vita

1902 4084 2006 4138 cst,
2038 4081 2324 4142 utrumque
2362 4071 2432 4127 sit
2466 4087 2568 4127 una
2601 4072 2901 4129 substantia
2931 4090 2942 4124 :
2970 4086 3075 4126 non
3098 4073 3238 4127 enim
3270 4088 3397 4129 vere
3426 4073 3508 4129 al-

1904 4174 2076 4222 terum
2099 4165 2151 4220 in
2173 4166 2367 4232 altero,
2396 4167 2490 4222 sed
2521 4183 2684 4222 unum
2713 4166 2944 4237 simplici
2969 4180 3068 4221 suo
3101 4166 3410 4237 geminum;
3448 4176 3506 4225 et

1904 4259 2168 4316 idcircoin
2182 4275 2260 4328 se,
2281 4261 2403 4332 quia
2420 4276 2484 4317 ex
2503 4277 2562 4316 se
2581 4277 2596 4327 ;
2616 4272 2670 4318 et
2688 4261 2808 4317 ideo
2823 4276 2887 4316 ex
2909 4275 2988 4328 se,
3006 4261 3128 4333 quia
3147 4261 3289 4318 aliud
3311 4277 3506 4332 Opera-

1905 4366 1992 4410 tur
2018 4357 2071 4409 in
2115 4355 2342 4425 septima
2374 4357 2730 4426 simplicitas:
2756 4355 2912 4426 quies
2937 4356 3082 4412 enim
3130 4355 3264 4411 nihil
3291 4357 3497 4427 gignit;

1907 4456 2088 4504 motus
2117 4463 2248 4506 vero
2270 4457 2325 4503 et
2350 4448 2541 4520 agendi
2563 4449 2806 4519 Operatio
2829 4447 3025 4503 format
3051 4449 3154 4505 sibi
3175 4463 3242 4504 ex
3274 4463 3334 4505 se
3361 4449 3504 4519 quod

198 4539 427 4594 tentiam
463 4553 566 4608 qua
587 4545 778 4592 cuncta
818 4531 1109 4598 vivefiant,
1141 4540 1197 4587 et
1227 4530 1376 4600 quasi
1413 4528 1624 4584 vivendi
1657 4528 1801 4584 fonte
1826 4525 1880 4585 Ι)
1906 4541 1998 4608 sit,
2034 4541 2118 4598 vel
2161 4543 2340 4614 potius
2376 4543 2779 4614 quonatnmodo
2821 4543 2923 4599 sit:
2963 4558 3196 4614 namque
3245 4556 3388 4609 esse,
3427 4541 3510 4598 vi-

200 4629 258 4686 in
287 4631 478 4686 vitales
503 4629 724 4700 Spit'ilus
746 4627 1044 4697 erigantur,
1077 4635 1134 4680 ut
1171 4641 1238 4681 ex
1274 4623 1377 4680 hoc
1421 4631 1476 4680 et
1501 4622 1715 4688 vivant,
1746 4630 1801 4677 et

200 4727 332 4798 quia
361 4726 567 4788 vivunt,
591 4739 712 4779 esse
739 4721 927 4777 sortita
950 4720 1080 4775 sint.

281 4820 397 4876 XII.
426 4820 557 4889 Quis
586 4829 668 4875 est
694 4819 816 4882 iste.
847 4817 987 4872 unde
1015 4817 1066 4870 in
1097 4825 1298 4871 {eterna
1327 4824 1489 4886 atque
1515 4815 1568 4870 in
1603 4822 1802 4869 morta-

195 4911 273 4969 lia
305 4913 477 4968 vitalis
503 4912 723 4980 spiritus
745 4911 935 4981 spirat,
966 4924 1074 4981 quo
1094 4908 1277 4980 vigent
1305 4917 1519 4971 cuncta,
1551 4921 1656 4978 quo
1679 4906 1805 4961 sub-

194 5007 422 5073 sistunt,
445 5021 553 5078 quo
579 5014 730 5060 actus
762 5004 1009 5076 proprios
1037 5010 1275 5067 sumunt,
1309 5018 1414 5073 quo
1455 5010 1504 5057 et
1550 5008 1805 5072 generata

193 5110 348 5166 sunt,
398 5108 452 5155 et
493 5108 810 5170 generatura
857 5097 1216 5168 proveniunt?
1267 5095 1426 5160 lleus,
1475 5093 1593 5148 sine
1645 5091 1808 5146 dubio

194 5193 378 5262 Deus,
411 5204 465 5250 et
494 5192 636 5264 quod
669 5192 837 5247 menti
866 5201 1064 5246 nostrae
1093 5187 1428 5245 venerationi
1468 5193 1552 5242 est
1591 5183 1804 5240 vivendi

193 5297 380 5360 pater,
411 5301 719 5356 numenque
752 5284 984 5339 vivendi.
1023 5282 1178 5339 Hunc
1207 5282 1292 5337 vel
1334 5281 1627 5352 potentiam
1657 5279 1804 5345 vitae,

193 5392 258 5438 ιιι
282 5383 336 5438 iu
369 5382 492 5436 aliis
512 5379 766 5445 diximus,
788 5379 873 5434 vel
896 5379 1062 5433 vitam
1087 5391 1351 5432 summam
1379 5374 1806 5446 principemque,

190 5487 254 5534 et
299 5477 625 5550 generaliter
649 5475 956 5548 generalem
979 5515 993 5540 ,
1022 5482 1186 5543 atque
1229 5471 1471 5528 omnium
1512 5469 1807 5527 viventium

188 5570 490 5642 originem,
515 5583 756 5636 causam,
788 5575 971 5638 caput,
1022 5565 1336 5638 fontemque
1359 5563 1807 5624 dicemus:Prin-

273 5734 359 5810 (l)
393 5733 536 5793 Ηωε.
571 5733 734 5793 Forte
761 5734 914 5792 deest
940 5747 1073 5788 cum.

1905 4649 2032 4689 vere
2061 4646 2145 4706 est
2175 4653 2188 4689 :
2224 4636 2388 4691 vitam
2429 4646 2610 4692 autem
2648 4650 2801 4700 esse,
2840 4645 3018 4691 motus
3062 4634 3278 4706 quidam
3307 4644 3411 4702 est,
3452 4634 3508 4692 id

1909 4736 2013 4791 est,
2043 4728 2214 4782 forma
2250 4728 2498 4795 viventis,
2531 4727 2776 4785 confecta
2800 4729 2916 4798 ipso
2947 4729 3040 4783 illo
3067 4727 3152 4784 cui
3182 4729 3351 4783 forma
3385 4737 3508 4785 cst:

1911 4818 2037 4873 illud
2061 4829 2238 4875 autem
2268 4821 2409 4889 quod
2454 4831 2537 4876 est
2577 4820 2892 4888 conficiens,
2935 4819 2986 4875 id
3013 4830 3098 4875 est
3141 4820 3326 4876 vivere
3351 4823 3510 4892 :quia

1911 4929 2183 4983 nunquatu
2213 4915 2414 4983 coepit:
2447 4931 2477 4969 a
2507 4929 2566 4968 se
2601 4913 2745 4968 enim
2772 4912 2914 4984 quod
2952 4912 3080 4966 vivit
3103 4953 3115 4975 .
3146 4927 3252 4966 non
3297 4911 3505 4982 incipit,

1912 5007 2035 5077 quia
2065 5020 2276 5077 semper
2306 5006 2457 5073 vivit,
2491 5005 2635 5061 unde
2669 5021 2768 5061 nec
2806 5004 2914 5060 vita
2958 5003 3184 5075 incipit:
3209 5019 3330 5060 cum
3361 5004 3508 5059 enim

1915 5098 2209 5154 conficiens
2241 5099 2358 5154 sine
2404 5099 2647 5167 exordio,
2690 5107 2744 5155 et
2777 5097 2827 5153 id
2867 5097 3007 5169 quod
3047 5096 3330 5153 conficitur
3366 5103 3516 5152 caret

1910 5191 2156 5248 exordio.
2183 5193 2354 5248 Simul
2382 5207 2513 5265 ergo
2536 5201 2593 5247 nt
2622 5203 2907 5263 utrumque
2948 5201 3002 5248 et
3029 5191 3510 5248 consubstantiale.

1910 5284 2105 5341 Vivere
2132 5293 2310 5341 autem
2344 5287 2483 5342 Deus
2507 5293 2610 5351 est,
2634 5286 2742 5340 vita
2765 5284 3013 5340 Christus
3043 5303 3054 5338 :
3087 5296 3140 5341 et
3168 5285 3220 5339 in
3271 5298 3337 5338 eo
3368 5279 3513 5352 quod

1911 5385 1994 5433 est
2025 5377 2204 5434 vivere
2225 5419 2238 5445 ,
2269 5380 2374 5434 vita
2404 5389 2516 5445 est,
2545 5389 2600 5435 et
2631 5380 2682 5434 in
2725 5394 2793 5435 eo
2819 5378 2960 5450 quod
3007 5387 3091 5434 est
3123 5378 3263 5441 vita,
3305 5375 3512 5432 vivere.

1915 5471 2026 5528 Hoc
2047 5472 2265 5544 quidem
2293 5475 2454 5531 modo
2473 5475 2703 5530 alterum
2727 5476 2780 5529 in
2817 5474 3015 5539 altero,
3055 5471 3177 5542 quia
3205 5468 3512 5526 confectum

1912 5574 1969 5623 et
1987 5567 2284 5626 conficiens
2305 5569 2534 5626 alterum
2561 5569 2614 5626 in
2643 5569 2838 5626 altero.
2875 5566 2946 5625 Ut
2971 5565 3116 5623 enim
3145 5564 3438 5621 conficiens
3461 5563 3518 5628 in
