4018 6184
639 268 782 333 1ης

641 380 924 444 confecto,
958 376 1030 430 ita
1075 369 1388 428 confectum
1430 364 1484 421 in

641 488 851 544 semper
872 471 974 526 ista
998 485 1011 522 :
1037 479 1168 535 ergo
1193 472 1247 519 et
1265 471 1421 534 pater
1449 459 1500 513 in
1525 454 1657 521 ﬁlio,
1686 460 1742 507 et
1773 447 1916 505 ﬁlius
1962 446 2014 499 in
2045 450 2235 514 patre;

642 567 842 623 ctenim
870 558 1163 618 conﬁciens
1189 563 1245 610 et
1264 549 1575 610 confectum
1602 541 1920 604 conﬁciens,
1937 543 1994 592 et
2020 530 2240 590 confec-

644 672 754 716 tum
781 656 1098 715 conﬁciente
1123 647 1459 710 confectum;
1493 655 1623 712 ergo
1653 652 1757 694 una
1786 628 2109 692 substantia,
2133 640 2243 680 non

642 770 745 810 una
773 750 1002 812 duobus,
1028 756 1083 803 et
1108 746 1160 801 in
1187 758 1291 799 una
1314 740 1455 804 duo;
1486 733 1584 792 sed
1615 731 1739 804 quia
1771 728 1826 784 in
1852 740 1955 798 qua
1991 723 2155 785 Deus,
2190 718 2245 777 iu

642 848 830 905 eadem
856 844 1020 908 ﬁlius,
1044 841 1096 897 id
1118 849 1199 895 est
1220 831 1488 908 ejusmodi
1512 846 1526 883 :
1553 836 1614 882 nt
1638 826 1782 881 enim
1811 822 1942 877 vivit
1975 816 2138 879 Deus,
2172 812 2245 867 ita

643 942 773 997 vivit
801 946 857 994 et
881 901 1025 992 ﬁlius
1050 951 1063 986 :
1096 932 1150 987 in
1180 901 1325 1001 quali
1356 918 1654 980 substantia
1679 923 1854 987 pater,
1888 911 1941 966 in
1968 906 2058 964 tali
2081 901 2245 960 filius.

714 1077 855 1134 XIV.
885 1072 993 1132 Sed
1015 1072 1058 1127 si
1090 1066 1239 1135 vivit,
1267 1063 1538 1135 inquiunt,
1563 1067 1738 1130 pater,
1766 1050 1900 1106 vivit
1920 1057 1976 1104 et
2003 1046 2167 1108 ﬁlius,
2196 1051 2253 1098 et

646 1171 851 1229 idrirco
898 1166 1087 1225 eadem
1131 1161 1332 1230 talique
1368 1150 1671 1211 substantia
1725 1144 1904 1201 ambo.
1937 1134 2252 1197 Substantia

646 1273 826 1320 autem
851 1260 1004 1316 istius
1026 1255 1181 1318 vivit,
1207 1266 1331 1307 cum
1352 1256 1641 1315 utrumque
1667 1240 1760 1305 sit,
1783 1235 1918 1292 vivit
1942 1241 2252 1297 utrumque,

648 1359 766 1414 sine
794 1361 913 1411 ortu
942 1360 1026 1407 est
1052 1357 1341 1415 utrumque
1368 1338 1779 1410 sempiternum.
1803 1327 1913 1386 Sed
1939 1326 2044 1381 hnc
2068 1321 2256 1379 exclu-

648 1452 795 1509 ditur
823 1444 1181 1516 Evangelistze
1213 1436 1440 1494 sacratis
1470 1430 1678 1495 verbis,
1706 1427 1969 1495 loquente
2000 1418 2121 1488 ipso
2144 1415 2257 1470 ﬁlio

1934 230 2131 299 manu
2168 222 2515 297 ViCTORlNl
2554 211 2722 287 arat

1526 358 1851 419 conﬁciente
1873 395 1889 422 ,
1921 351 2156 409 maxime
2194 347 2241 403 si
2266 346 2321 410 Δ
2347 340 2631 399 coniicitur
2670 333 2925 410 praesenti
2963 343 3181 402 semper
3207 340 3383 385 rerum
3404 325 3612 382 criminin
3643 333 3749 389 actu,
3774 326 3823 379 in

3720 208 3819 267 liii

2343 431 2580 490 vivendo
2617 439 2674 488 et
2702 431 2819 500 ipso
2851 423 3069 482 vivendi
3105 436 3320 491 semper
3350 418 3578 491 praesenti
3606 432 3730 488 opere
3752 418 3827 471 vita

2342 525 2649 583 conﬁcitur.
2681 522 2747 579 Et
2786 528 2847 575 ut
2889 518 2964 574 ita
3006 516 3293 587 ﬁngamus,
3333 510 3555 566 vitalitas
3586 508 3668 564 hoc
3691 517 3764 574 est,
3791 518 3831 563 ut

2344 620 2469 673 γὶιίε
2492 615 2665 672 forma
2695 613 2762 670 ad
2792 609 3089 684 potentiam
3110 622 3265 663 suam
3290 602 3704 672 substantiamque
3720 616 3831 671 gene-

2346 722 2518 766 ratur.
2560 706 2666 763 Sed
2712 714 2768 762 et
2809 714 3054 759 nostrmu
3102 701 3281 754 vivere
3328 704 3529 752 constat
3568 709 3625 750 ex
3660 695 3833 765 presenti

2350 815 2568 871 semper
2599 809 2863 868 tempore.
2894 793 3013 850 Non
3041 791 3185 848 enim
3210 789 3440 845 vivimus
3465 786 3760 858 prieteritum,
3778 794 3835 839 aut

2352 894 2580 949 vivimus
2610 892 2869 952 futurum,
2915 886 3012 943 sed
3048 899 3265 956 semper
3300 879 3543 954 praesenti
3566 879 3744 932 utimur.
3766 875 3837 932 Hoc

2352 986 2495 1043 enim
2523 985 2698 1041 solum
2727 992 2937 1052 tempus
2962 988 3068 1044 est,
3099 974 3243 1049 quod
3273 975 3444 1045 ipsum
3467 971 3644 1033 solum,
3666 968 3760 1039 quia
3783 983 3838 1022 so-

2355 1080 2465 1136 lum
2498 1087 2708 1149 tempus
2737 1083 2840 1142 est,
2868 1073 3047 1144 imago
3067 1085 3187 1127 esse
3207 1067 3401 1123 dicitur
3426 1071 3509 1122 τοῦ
3533 1065 3705 1127 αἰῶνος,
3723 1059 3763 1116 id
3776 1071 3837 1125 est,

2355 1170 2695 1230 aeternitatis.
2728 1164 3012 1236 Quomodo
3034 1162 3176 1221 enim
3204 1162 3327 1217 αἰὼν
3354 1169 3561 1228 semper
3587 1169 3667 1223 per
3686 1167 3840 1224 prasen-

2361 1268 2433 1323 tia
2474 1264 2636 1320 habet
2673 1261 2877 1328 omnia,
2918 1268 2975 1316 et
3015 1257 3133 1315 hinc
3160 1268 3395 1326 semper.
3421 1249 3525 1307 Nos
3557 1262 3748 1320 quoque,
3767 1245 3841 1317 quia

2359 1376 2455 1432 per
2481 1371 2722 1435 praisens
2750 1366 2959 1425 tempus
2981 1351 3244 1408 habemus
3263 1347 3443 1404 omnia
3464 1360 3574 1416 qua:
3596 1342 3753 1396 habere
3768 1355 3840 1411 pos-

2361 1468 2569 1517 sumus,
2602 1451 2800 1508 idcirco
2832 1447 2936 1503 hoc
2965 1457 3176 1518 tempus
3203 1450 3447 1499 nostrum
3468 1444 3556 1497 τοῦ
3573 1439 3721 1495 αἰῶνος
3739 1434 3841 1503 iungi

2361 1555 2466 1614 est,
2498 1544 2622 1616 quia
2653 1550 2894 1599 nostrum
2926 1551 3167 1610 praesens
3207 1550 3312 1590 non
3344 1531 3563 1598 iisdem,
3598 1542 3738 1598 neque
3762 1525 3840 1579 idm

2362 1653 2579 1710 semper
2619 1645 2705 1693 est
2748 1646 3033 1705 praesens:
3065 1627 3353 1685 coniicitur
3394 1637 3522 1696 ergo
3561 1617 3747 1676 vivendo
3770 1616 3839 1681 riu,

660 1733 723 1788 Et
754 1745 866 1802 690’
898 1725 1094 1797 inqui“
1126 1724 1239 1777 ma
1269 1725 1480 1792 prapm
1518 1711 1746 1766 Patrem
1775 1702 1841 1802 ,εἰ
1878 1714 2008 1802 "8.0
2039 1706 2262 1802 prqptﬂ
2289 1734 2339 1797 B
2366 1749 2431 1791 ac
2466 1702 2624 1791 simul
2665 1702 2947 1787 existendo
2986 1723 3252 1781 formatur
3283 1737 3300 1778 :
3339 1730 3405 1774 ac
3430 1714 3659 1773 formatio
3674 1723 3842 1782 apparu-

660 1761 722 1788 I‘A
754 1761 866 1802 tyu,
901 1761 1094 1797 ιιιιιιιιι,
1131 1761 1236 1777 υιυν
1270 1761 1465 1792 μησεν.-.
1518 1761 1541 1766 -
1568 1761 1631 1764 ηρ
1653 1761 1667 1764 -
1696 1761 1700 1762 ν
1940 1761 1970 1773 ν
2041 1761 2055 1769 _
2144 1761 2160 1767 _
2368 1761 2378 1766 ‘
2418 1761 2429 1768 '

658 1834 891 1896 patrem,
923 1835 953 1874 a
984 1827 1139 1889 patre
1168 1811 1378 1880 accepit
1405 1826 1420 1863 :
1455 1816 1506 1863 et
1531 1804 1576 1860 si
1606 1799 1836 1870 accepit,
1857 1793 2070 1865 genitus
2091 1790 2160 1845 ab
2185 1788 2264 1843 in-
2289 1761 2339 1797 ”
2366 1761 2431 1839 δέ’
2466 1761 2624 1791 mm"
2665 1761 2947 1831 “mw?”
2986 1761 3255 1793 ¹“¹⁶”¹““⁵⁸ι
3283 1761 3300 1778 ’
3339 1761 3656 1822 “““’,“”“”“““
3676 1761 3817 1782 ἠ”ν

1951 1885 1964 1896 .
2140 1895 2147 1896 ί
2200 1881 2213 1896 ,
2371 1838 2441 1884 tta
2473 1835 2589 1893 cst;
2620 1831 2933 1895 apparentia
2963 1832 3092 1874 vero
3117 1814 3186 1871 ab
3226 1811 3456 1869 occultis
3491 1817 3631 1864 ortus
3652 1798 3842 1869 est,etal

660 1915 840 1989 genito
870 1930 884 1966 :
914 1921 969 1967 et
997 1911 1041 1966 si
1079 1907 1229 1970 vivit,
1278 1899 1567 1958 cxistentia
1592 1904 1742 1951 certa
1776 1897 1881 1956 est,
1915 1885 2103 1955 visque
2133 1881 2263 1935 sub-

660 2005 873 2064 Sinttti‘t!
900 2006 952 2059 itt
981 2012 1211 2070 utroque
1236 2009 1358 2052 cum
1403 1993 1506 2046 isto
1534 1981 1840 2043 uniusmotli
1872 1978 2043 2043 vivit,
2071 1972 2262 2030 eadem

664 2100 799 2172 patri
842 2106 897 2152 et
926 2095 1059 2161 filio,
1093 2061 1189 2147 seti
1223 2088 1334 2143 lilio
1378 2100 1407 2138 a
1447 2090 1599 2154 patre
1641 2070 1937 2133 substantia
1969 2079 2075 2125 est.
2113 2061 2265 2133 Quod

659 2195 795 2248 enim
841 2191 903 2243 de
948 2185 1138 2259 spiritu
1181 2179 1432 2243 nascitur,
1479 2173 1688 2246 spiritus
1723 2176 1798 2222 est
1828 2164 2010 2235 (lauit.
2044 2175 2125 2223 ιιι,
2158 2156 2216 2228 ϐ)
2250 2172 2263 2209 :

659 2301 791 2358 ergo
819 2283 886 2341 de
933 2252 1028 2336 tali
1069 2276 1235 2350 patris
1274 2268 1608 2334 substantia,
1652 2263 1773 2320 talis
1804 2257 1897 2314 ﬁlii
1940 2252 2266 2313 substantia.

660 2347 840 2453 Atque
870 2387 927 2432 ut
956 2347 1278 2431 ostendatur
1299 2363 1474 2435 magis
1503 2378 1532 2414 it
1571 2367 1724 2431 patre
1753 2354 1879 2410 data
1918 2358 1976 2405 et
2013 2347 2264 2404 substan-

661 2438 765 2537 tia:
785 2481 839 2526 et
868 2468 1059 2526 eadem
1090 2477 1306 2529 unaque
1332 2453 1664 2517 substantia,
1692 2448 1898 2504 dictum
1924 2439 2071 2514 quod
2100 2438 2266 2503 vivit,

664 2584 728 2623 ac
769 2565 876 2620 vita
907 2558 1212 2617 substantia
1255 2563 1384 2609 est:
1415 2561 1546 2619 ergo
1586 2542 1777 2600 eadem
1822 2539 1953 2603 Deo,
1984 2541 2041 2590 et
2088 2546 2119 2587 a
2161 2530 2271 2585 Deo

663 2621 887 2715 Clit-isto
916 2654 1032 2708 ﬁlio
1053 2646 1385 2710 substantia;
1413 2641 1519 2696 hoc
1543 2637 1759 2692 dicente
1782 2628 2121 2700 Evangelista
2153 2640 2168 2677 :
2200 2621 2271 2678 Ut

666 2752 803 2807 enim
831 2746 973 2802 Deus
1009 2744 1157 2798 habet
1183 2756 1249 2796 ea:
1277 2752 1333 2792 se
1359 2736 1536 2797 vitam,
1571 2727 1649 2783 ita
1683 2734 1731 2781 et
1759 2722 1903 2778 Filio
1939 2716 2083 2774 dedit
2115 2730 2180 2770 ea:
2219 2729 2274 2769 se

667 2844 851 2899 habere
886 2840 1042 2895 vitam
1071 2833 1251 2909 (Joan.
1286 2845 1337 2892 v,
1366 2826 1466 2899 26)
1497 2842 1510 2878 :
1543 2821 1824 2896 ὁμοούσιος
1863 2827 1995 2886 ergo
2023 2808 2274 2867 Christus

666 2951 788 2992 cum
810 2935 920 2990 Deo
947 2948 960 2985 :
997 2928 1048 2985 id
1079 2899 1185 2990 est,
1211 2913 1715 2981 consubstantialis,
1743 2906 1891 2981 quod
1915 2914 2000 2960 est
2027 2899 2273 2974 ejusdem

669 3024 1022 3092 substantiae,
1052 3021 1103 3077 id
1135 3026 1236 3085 est,
1287 3013 1496 3086 primae,
1548 3000 1883 3078 principalis,
1926 2990 2273 3056 universalis,

672 3083 817 3178 unde
858 3083 1039 3173 omnia
1086 3083 1229 3183 quin
1258 3083 1422 3172 sunt,
1472 3109 1526 3159 et
1573 3099 1761 3154 vivunt
1799 3094 1965 3148 vitam
2014 3083 2270 3147 habentia
2297 3115 2344 3183 Ο

670 3216 917 3275 ἔπακτον.
947 3208 998 3264 id
1036 3216 1157 3272 est,
1201 3203 1426 3265 illatam,
1467 3208 1576 3252 non
1614 3207 1647 3247 a
1689 3205 1750 3247 se
1789 3185 2049 3260 genitam,
2096 3192 2273 3249 neque

671 3326 781 3382 quo
803 3310 873 3362 sit
902 3308 1138 3376 ipsorum
1167 3297 1373 3359 vivere,
1399 3293 1544 3363 quod
1574 3294 1659 3343 est
1682 3283 1773 3339 Dei
1800 3290 1860 3336 et
1891 3277 2010 3335 ﬁlii.
2037 3274 2271 3330 Tantum

673 3365 873 3476 quippe
903 3365 1157 3453 omnibus
1181 3401 1265 3447 est
1302 3385 1518 3444 caeteris
1545 3396 1612 3438 ex
1654 3377 1787 3444 vita,
1818 3380 2080 3444 quantum
2113 3365 2277 3437 largi-

677 3458 1058 3554 t‘ur-ébristus.
1085 3486 1144 3541 in
1178 3484 1291 3540 Deo
1320 3481 1508 3535 vivere
1545 3481 1605 3529 ut
1645 3464 1942 3541 principale
1980 3458 2277 3518 conﬁciens

677 3602 759 3645 est
790 3589 976 3648 vitam,
1001 3596 1110 3638 uno
1135 3588 1296 3648 atque
1328 3570 1523 3629 eodem
1571 3558 1878 3622 existentiai
1914 3555 2098 3620 fonte,
2128 3551 2277 3607 nullo

679 3686 860 3756 priore
900 3679 984 3734 vel
1032 3645 1278 3744 tempore
1325 3668 1412 3722 vel
1464 3666 1753 3734 potestate,
1804 3651 2090 3709 dumtaxat
2132 3645 2278 3702 circa

682 3736 1054 3831 substantiam.
1091 3736 1245 3822 unde
1282 3762 1396 3817 sive
1430 3755 1537 3811 hoc
1574 3748 1904 3818 accipiamus
1935 3754 2059 3796 esse
2097 3736 2280 3810 ὁμοσύ-

685 3888 814 3932 σιον,
846 3860 988 3933 quod
1017 3855 1204 3913 eadem
1233 3854 1304 3907 sit
1329 3843 1653 3909 substantia,
1694 3838 1840 3895 nulla
1876 3829 2145 3889 dubitatio
2195 3833 2281 3883 est

682 3918 930 4017 eamdem
959 3966 1099 4016 esse,
1130 3946 1253 4018 quia
1282 3951 1333 3998 et
1370 3939 1464 4013 qui
1495 3937 1647 3999 vivit,
1689 3933 1800 4002 jam
1838 3926 1945 3982 vita
1974 3931 2090 3988 est,
2133 3918 2280 3991 quod

684 4060 771 4111 est
797 4053 937 4107 Deus
964 4065 977 4104 :
1005 4055 1058 4102 et
1085 4043 1176 4115 qui
1211 4037 1321 4095 vita
1360 4041 1467 4100 est,
1503 4028 1657 4095 vivit,
1696 4022 1840 4097 quod
1874 4030 1959 4078 est
1976 4018 2278 4083 .Christus:

687 4159 742 4206 et
768 4145 1011 4215 utrisque
1038 4155 1071 4195 a
1090 4110 1149 4195 se
1174 4134 1283 4192 vita
1311 4139 1415 4200 est,
1453 4127 1610 4184 sicuti
1646 4123 1848 4179 dictum
1878 4125 1962 4176 est
1990 4131 2004 4169 :
2032 4112 2101 4170 Ut
2132 4110 2283 4165 habet

687 4259 752 4296 ex
780 4257 833 4295 se
858 4205 1015 4293 vitam
1043 4232 1218 4300 Pater,
1242 4230 1316 4283 ita
1336 4234 1383 4281 et
1409 4221 1551 4277 Filio
1578 4216 1718 4273 dedit
1738 4231 1801 4269 ea;
1819 4227 1874 4267 se
1894 4208 2079 4264 habere
2101 4205 2277 4259 vitam.

686 4339 751 4396 Si
770 4346 949 4392 autem
966 4334 1070 4389 hoc
1085 4325 1380 4398 accipimus
1398 4320 1668 4396 ὁμοούσιον
1682 4325 1823 4374 esse,
1842 4304 1985 4378 quod
2001 4313 2086 4360 est
2105 4298 2287 4374 ὁμοσύ-

682 4434 799 4490 ἓσιον
829 4424 976 4488 εἶναι,
1005 4420 1170 4479 simul
1206 4415 1453 4474 eamdem
1483 4422 1607 4467 esse
1642 4400 2025 4462 substantiam,
2071 4390 2286 4448 facilius

690 4527 743 4583 id
783 4532 839 4581 et
882 4514 1223 4578 manifestius
1260 4506 1591 4582 approbatur
1625 4513 1733 4571 quo
1770 4500 1982 4567 patrem
2018 4485 2134 4544 dixi
2161 4496 2286 4540 esse

690 4622 775 4678 vel
821 4618 1010 4674 filium.
1043 4611 1238 4668 Vivere
1283 4604 1427 4662 enim
1470 4609 1524 4657 et
1571 4597 1676 4653 vita
1717 4591 1791 4648 ita
1838 4584 1998 4645 simul
2042 4588 2190 4649 sunt,
2230 4586 2287 4634 et

692 4730 906 4786 semper
927 4708 1111 4775 simul,
1143 4715 1198 4761 ut
1230 4711 1286 4759 et
1310 4701 1364 4756 in
1402 4712 1469 4755 eo
1506 4690 1651 4768 quod
1682 4697 1767 4746 est
1795 4684 2002 4752 vivere,
2025 4679 2137 4735 vita
2163 4674 2233 4732 sit
2264 4688 2280 4728 :

693 4820 748 4867 et
778 4820 963 4863 rursus
992 4803 1045 4860 id
1071 4801 1141 4856 sit
1166 4796 1296 4862 vita,
1325 4790 1467 4865 quod
1495 4789 1700 4845 vivere.

766 4945 885 5003 XV.
943 4941 1157 5000 Etenim
1217 4932 1493 5007 capiamus
1535 4921 1841 4996 exemplum
1891 4935 1907 4975 :
1966 4921 2288 5007 quamquam

598 5038 605 5046 ’
696 5001 846 5111 quod
871 5001 992 5092 dico
1020 5049 1109 5090 res
1137 5031 1252 5102 ipsa
1281 5001 1366 5084 est
1391 5022 1591 5097 potius,
1621 5032 1729 5075 non
1753 5007 2085 5083 exemplum.
2120 5001 2289 5059 Deum

697 5095 834 5190 nihil
855 5127 1003 5185 aliud
1026 5095 1409 5183 esse-diximus
1434 5130 1595 5189 quam
1618 5112 1823 5176 vivere,
1850 5103 1948 5163 sed
1976 5099 2109 5159 illud
2134 5095 2289 5170 prin-

697 5224 894 5296 cipale,
926 5219 1058 5278 illud
1086 5216 1227 5273 unde
1255 5227 1419 5270 omne
1450 5210 1634 5265 vivere
1672 5199 1938 5265 omnium,
1969 5202 2290 5251 caeterorum

695 5320 839 5378 actio
880 5317 994 5388 ipsa
1035 5312 1090 5367 in
1133 5306 1340 5381 agendo
1379 5301 1619 5360 existens
1643 5338 1660 5363 ,
1689 5304 1851 5365 atque
1887 5292 1944 5347 in
1984 5280 2291 5357 ltujusmodi

699 5424 848 5471 metu
873 5422 996 5464 esse
1029 5376 1193 5462 suum
1231 5398 1470 5463 habens,
1507 5388 1651 5465 quod
1681 5397 1765 5444 est
1800 5384 1887 5441 vel
1927 5376 2290 5444 existentiam,

701 5507 790 5564 vel
813 5500 1167 5562 substantiam
1197 5507 1352 5551 suam
1376 5488 1584 5545 habens
1610 5501 1623 5540 :
1651 5491 1956 5554 quanquam
1985 5488 2054 5530 ne
2087 5471 2293 5528 habens

699 5560 916 5671 quidem
937 5636 952 5661 ,
983 5591 1078 5649 sed
1127 5586 1366 5647 existens
1403 5582 1611 5654 ipsum,
1636 5571 1779 5647 quod
1819 5567 1892 5625 sit
1928 5560 2295 5639 principaliter

699 5700 757 5748 ct
786 5684 1160 5744 universaliter
1180 5680 1393 5737 vivere.
1426 5672 1482 5728 Id
1522 5677 1701 5726 autem
1741 5660 1886 5735 quod
1916 5655 2198 5715 conﬁcitur
2225 5668 2293 5708 ex

700 5788 805 5845 isto
834 5792 979 5849 actu,
1003 5789 1059 5836 et
1081 5775 1237 5850 quasi
1264 5772 1440 5831 forma
1465 5770 1584 5838 ejus
1610 5772 1715 5830 est,
1747 5759 1878 5817 vita.
1907 5754 1979 5813 Ut
2003 5750 2145 5811 enim
2174 5749 2296 5807 αἰών

2311 4514 2365 4576 Ῑ)
2391 4528 2535 4586 actio
2560 4545 2575 4583 :
2600 4525 2769 4581 motio
2798 4530 2977 4578 autem
3000 4517 3157 4592 primi
3182 4516 3324 4570 illius
3351 4508 3495 4585 quod
3522 4513 3602 4565 est
3625 4514 3735 4564 esset

2369 1919 2596 1979 occultis
2623 1894 2775 1972 ortus
2819 1922 2875 1971 et
2910 1910 3103 1968 natalis
3142 1919 3249 1975 est,
3280 1916 3336 1962 et
3374 1902 3492 1976 ejus
3530 1899 3713 1964 natalis,
3742 1894 3841 1967 quiet

2366 2024 2655 2087 antequam
2686 2009 2766 2067 sic
2790 2008 3023 2065 oriretur
3044 2001 3317 2061 exstiterit
3349 2015 3363 2051 :
3396 1997 3517 2057 hinc
3552 2002 3601 2050 et
3633 1991 3679 2046 iu
3708 1983 3842 2042 vivendo

2368 2109 2499 2175 vita,
2527 2114 2818 2176 antequam
2839 2100 2982 2163 vita;
3006 2106 3063 2155 et
3088 2092 3361 2167 posterior
3389 2098 3565 2146 tamen
3582 2085 3692 2152 vita,
3709 2076 3842 2153 quiau-

2369 2202 2545 2261 vendo
2572 2200 2701 2264 vita,
2733 2205 2789 2255 et
2814 2207 3032 2265 semper
3059 2200 3222 2261 atque
3243 2203 3314 2244 ex
3345 2194 3548 2242 aeterno
3569 2181 3661 2235 vita
3687 2195 3697 2228 :
3720 2170 3842 2244 quiain

2373 2311 2441 2355 eo
2467 2293 2612 2366 quod
2640 2301 2744 2355 est,
2770 2288 2905 2344 vivit
2922 2261 2951 2356 ,ν
2968 2294 3023 2342 ει
3045 2300 3112 2339 ex
3140 2290 3351 2337 artemo
3375 2276 3527 2342 vivit,
3549 2281 3625 2330 est
3655 2268 3749 2324 vita.
3768 2261 3841 2319 Cum

2374 2389 2539 2464 igitur
2566 2385 2710 2441 vivat
2738 2382 2899 2448 Deus,
2928 2354 3005 2434 Vsit
3042 2375 3152 2431 vita
3180 2373 3460 2434 Christus,
3490 2367 3605 2437 quia
3640 2358 3721 2416 vita
3740 2354 3839 2409 otiati

2372 2483 2610 2541 existens
2652 2477 2720 2532 ab
2764 2491 2832 2533 eo
2858 2471 2998 2547 quod
3033 2478 3088 2526 et
3115 2467 3275 2533 vivit;
3308 2459 3610 2522 necessario
3633 2454 3730 2511 vivit
3745 2459 3843 2523 pater.

2371 2585 2456 2633 est
2477 2574 2583 2629 vita
2607 2570 2769 2635 ﬁlius,
2800 2542 2962 2622 ita‘ut
2981 2576 3143 2634 supra
3172 2558 3481 2622 docuimus,
3505 2564 3561 2609 ut
3579 2548 3686 2607 etin
3704 2542 3845 2612 ecquod

2372 2678 2458 2726 est
2486 2666 2637 2733 vivit,
2665 2634 2775 2720 vita
2796 2660 2866 2715 sit
2895 2677 2909 2713 ι
2933 2667 2987 2714 ει
3013 2657 3066 2711 in
3094 2654 3201 2711 vita
3225 2651 3356 2708 insit
3376 2647 3633 2707 etvivere.
3654 2641 3752 2710 Ergo
3767 2634 3845 2688 iliis

2374 2761 2648 2838 ὁμοούσιος
2681 2755 2844 2830 patri,
2875 2762 2933 2809 ut
2954 2765 3118 2822 supra
3147 2745 3435 2804 docuimus
3463 2755 3576 2797 cum
3598 2729 3801 2801 exemplis.

2446 2853 2587 2911 xvr.
2618 2829 2771 2908 Niiiic
2797 2847 2931 2905 illud
2961 2843 3207 2916 sequitur
3236 2839 3368 2914 quid
3397 2838 3469 2894 sit
3492 2850 3601 2893 cum
3625 2830 3694 2887 his
3718 2829 3847 2882 simis

2378 2949 2613 3022 Spiritus
2659 2944 2983 3016 explicatus.
3039 2938 3115 2994 De
3159 2937 3268 2992 Deo
3310 2935 3417 2989 ista
3454 2940 3509 2987 et
3546 2926 3668 2984 dicta
3700 2919 3845 3022 suate:

2378 3000 2607 3022 ηιμ-πη
2670 3000 2684 3002 ν
2732 3000 2748 3016 .

2378 3042 2602 3114 probata
2635 3054 2649 3092 :
2687 3038 2854 3093 Deum
2881 3046 3003 3090 esse
3028 3028 3171 3102 quod
3201 3039 3326 3085 esse
3347 3067 3364 3095 ,
3397 3021 3640 3094 Spiritum
3663 3000 3845 3078 esse‘i‘md

2376 3143 2463 3192 est
2490 3133 2691 3189 vivere.
2722 3128 2855 3185 item
2898 3100 3082 3182 lumen
3123 3136 3246 3178 esse
3274 3116 3426 3192 quod
3454 3122 3535 3172 est
3563 3100 3845 3175 intelligentiam

2376 3243 2539 3296 esse,
2582 3235 2639 3282 et
2682 3220 2990 3280 scientiam.
3030 3215 3241 3274 Etenim
3287 3213 3473 3268 lumen
3510 3203 3630 3263 nihil
3662 3194 3845 3256 occultis.

2378 3320 2514 3376 nihil
2543 3318 2834 3373 obscurum
2864 3326 2990 3369 esse
3020 3304 3310 3381 permittit,
3341 3301 3535 3376 aperit,
3561 3284 3844 3355 illustrat,ill|~

2378 3416 2568 3473 niinat.
2609 3412 2704 3468 Est
2747 3408 2910 3482 igitur
2958 3406 3101 3462 Deus
3145 3399 3249 3458 hoc
3293 3399 3476 3471 ipsum
3512 3389 3639 3466 quod
3670 3381 3847 3447 [lettS,¢51

2379 3525 2524 3575 esse,
2566 3515 2652 3563 est
2689 3481 2814 3562 esse
2856 3502 3088 3573 primum
3126 3503 3182 3554 et
3230 3490 3531 3567 principale
3563 3481 3760 3541 omnibus
3785 3482 3846 3542 (ιε

2378 3611 2530 3667 sunt,
2553 3614 2652 3670 pro
2680 3593 2843 3651 modo
2875 3588 3285 3664 percipientium
3314 3599 3445 3642 esse
3468 3588 3713 3656 praestans,
3730 3576 3768 3623 ut
3783 3569 3847 3616 ante

2380 3694 2690 3758 docuimus,
2714 3688 2840 3755 hoc,
2864 3683 2916 3741 id
2938 3692 3045 3746 est.
3069 3681 3275 3744 vivere,
3308 3676 3417 3733 hoc
3443 3652 3722 3740 intelligere,
3743 3656 3778 3713 id
3793 3660 3844 3714 δι»

2381 3786 2489 3843 Ιιοε
2515 3781 2661 3856 quod
2685 3789 2769 3838 est
2796 3792 2940 3847 esse,
2974 3744 3075 3831 hoc
3109 3781 3193 3829 est
3220 3769 3468 3843 spiritus,
3492 3764 3591 3820 hoc
3624 3760 3772 3813 lumen.
3793 3744 3847 3800 lsu

2383 3879 2528 3963 enim
2565 3879 2620 3934 in
2658 3890 2767 3932 uno
2812 3887 2876 3931 ac
2919 3867 3173 3942 simplici,
3209 3866 3379 3922 immo
3426 3875 3581 3916 unum
3616 3868 3671 3910 ac
3698 3839 3845 3963 simple:

2385 3959 2500 4028 lloc
2541 3977 2670 4026 sunt
2703 3963 2849 4039 quod
2892 3972 2978 4020 est
3018 3924 3178 4028 esse,
3218 3955 3326 4013 hoc
3367 3951 3455 4010 vel
3492 3924 3847 4007 existentiatnnfl

2384 4027 2741 4120 substantiam
2759 4056 2882 4130 jure
2901 4052 3153 4110 dicimus.
3171 4048 3373 4107 Verum
3395 4060 3516 4102 cum
3538 4030 3771 4113 principale
3783 4027 3848 4078 is”

2385 4171 2509 4215 tum
2536 4155 2605 4212 sit
2640 4121 2792 4221 illud,
2829 4148 2975 4223 quod
3012 4155 3093 4203 est
3123 4159 3275 4210 esse;
3316 4140 3425 4198 duo
3455 4147 3621 4194 autem
3655 4127 3734 4185 alia
3750 4121 3847 4218 ῐὶῐεξε

2386 4258 2443 4310 et
2481 4247 2789 4319 intelligere
2837 4252 3017 4300 motus
3054 4254 3175 4297 esse
3216 4235 3597 4307 intelligantur,
3634 4238 3726 4282 cum
3753 4208 3847 4270 omiis

2388 4356 2571 4403 moms
2592 4358 2623 4399 a
2652 4341 2834 4412 quiete
2863 4344 3133 4394 nascatur.
3157 4331 3326 4401 Quies
3349 4305 3525 4385 autem
3547 4317 3682 4380 estid
3705 4305 3849 4403 (ιιιοάίῗί

2390 4451 2547 4503 esse;
2596 4434 2664 4489 ab
2701 4447 2768 4488 eo
2797 4444 2929 4488 vero
2966 4425 3107 4500 quod
3154 4439 3298 4493 esse,
3349 4419 3580 4477 nascitur
3615 4407 3757 4471 motio,
3784 4394 3849 4453 cli!

3751 4491 3851 4547 virere

2391 4632 2440 4681 et
2486 4621 2809 4693 intelligere.
2853 4587 3149 4684 Utrumque
3190 4610 3333 4666 enim
3384 4617 3557 4661 motus
3595 4603 3681 4662 est,
3710 4598 3750 4646 et
3777 4587 3850 4637 ιιιῖιιΞ

2392 4728 2595 4781 motus,
2632 4716 2766 4771 duas
2811 4711 3036 4767 virtutes
3064 4683 3344 4777 praestans
3386 4698 3559 4758 ofﬁcio
3588 4687 3771 4765 gemino,
3796 4683 3850 4729 πω

2392 4811 2689 4881 eademque
2718 4797 3047 4862 substantia.
3064 4797 3198 4856 Nam
3226 4792 3518 4854 substantia
3544 4789 3603 4843 iis
3631 4771 3849 4870 niotustsli

2395 4860 2685 4881 --Μὴν
2726 4860 2735 4862 ι
2772 4860 2807 4861 η

2394 4917 2502 4960 non
2530 4901 2672 4957 enim
2700 4897 2754 4954 in
2777 4896 2841 4952 iis
2868 4891 3010 4950 aliud
3036 4899 3120 4948 est
3146 4903 3290 4954 esse,
3312 4883 3454 4942 aliud
3486 4873 3681 4959 moveri.
3704 4860 3850 4960 Sicileﬂ;

2397 5012 2507 5053 non
2540 4992 2685 5052 aliud
2724 4999 2810 5048 est
2849 4989 3049 5053 vivere,
3082 4979 3229 5037 aliud
3262 4952 3584 5049 intelligere,
3614 4940 3851 5053 quantum"

2393 5087 2751 5148 substantiam
2784 5082 3036 5156 pertinet.
3059 5073 3274 5132 Etenim
3304 5046 3531 5128 viventis
3547 5046 3848 5156 εειὶιιιειιίεεῖῗ

2395 5194 2452 5243 ει
2492 5175 2846 5250 iutelligentis
2891 5172 3110 5239 vivere,
3162 5182 3260 5240 per
3301 5174 3450 5220 actus
3486 5172 3542 5214 se
3584 5148 3770 5243 vertwa
3792 5137 3849 5250 ιιοὲ

2397 5288 2546 5335 motu
2575 5294 2588 5330 :
2614 5274 2685 5331 ita
2714 5280 2917 5333 tamen,
2952 5275 3009 5321 ut
3038 5269 3289 5319 manente
3317 5268 3476 5329 opera
3503 5254 3698 5314 actaque
3722 5231 3819 5323 viret

2393 5366 2769 5440 intelligentia:
2793 5370 2947 5419 actus
2968 5354 3242 5430 agitetur:
3266 5320 3406 5408 unde
3436 5357 3550 5403 cum
3578 5332 3767 5440 (Ἅπξξίω

2396 5412 2768 5440 .........,,.,....,.
2794 5412 2942 5419 κη,
3001 5412 3032 5430 υ

2396 5465 2485 5529 sit,
2518 5460 2752 5535 Spiritus
2786 5462 2964 5512 autem
3002 5456 3222 5505 sanctus
3255 5441 3474 5501 scientia
3496 5445 3545 5493 ει
3563 5412 3846 5535 intelligi;

2396 5502 2485 5529 υ...
2518 5502 2557 5519 υ
2786 5502 2964 5512 πη---
3003 5502 3041 5505 -ν

2396 5502 2592 5612 omni;
2609 5563 2787 5608 tamen
2823 5542 3055 5618 Spiritus
3088 5547 3308 5597 sanctus
3345 5546 3461 5605 quae
3496 5522 3639 5583 habet
3667 5530 3692 5571 a

2394 5644 2624 5719 accepit,
2655 5595 2906 5699 Christurs
2926 5651 2956 5692 a
2978 5643 3153 5707 patre,
3175 5631 3227 5687 id
3248 5595 3440 5697 estidb
3466 5634 3528 5677 θο
3544 5608 3668 5689 qua!
3681 5608 3743 5705 es}

2398 5680 2624 5719 avectus,
2656 5680 2755 5699 υ...
2772 5680 2906 5696 ..τινα
2926 5680 2956 5692 υ,
2981 5680 3153 5707 ..-πη
3176 5680 3227 5687 __
3252 5680 3351 5697 --Ἴ
3560 5680 3577 5689 υ
3812 5680 3820 5691 ν

2398 5738 2668 5800 exstiterit
2686 5737 2814 5804 vita,
2847 5742 2901 5789 et
2925 5730 3111 5786 vivere
3139 5721 3404 5784 exstiterit
3434 5708 3635 5774 scientia
3661 5708 3705 5759 et
3726 5680 3845 5751 ἱιιωῖιν
