4018 6184
194 270 327 326 “'23

1334 265 1706 324 ADVEItSUS
1746 264 1965 323 ARIUM
2003 265 2208 324 LIBER
2247 267 2336 323 IV.

3349 261 3488 325 “96

188 398 311 453 gere
339 401 351 437 :
381 398 478 438 nec
503 391 636 448 tum,
671 395 792 436 cum
817 380 950 437 illud
973 395 1094 437 esse
1117 381 1346 450 primum
1372 381 1442 437 ita
1465 385 1556 447 sit,
1582 389 1639 435 ut
1661 396 1781 436 cum
1812 382 1860 439 A
1893 380 1999 436 vita
2031 381 2097 435 de
2125 381 2374 451 vivendo,
2405 379 2455 435 id
2483 390 2588 446 est,
2620 379 2688 436 de
2708 379 2868 435 Patre
2897 378 3085 447 Filius,
3119 380 3187 436 de
3210 381 3345 438 Filio
3367 383 3489 454 Spi-

189 491 308 530 essc
331 476 420 537 sit,
448 475 518 530 sit
541 484 595 530 et
622 475 848 530 moveri.

259 564 424 620 XVII.
451 565 769 637 Quanquam
795 565 1007 622 dicatur
1027 566 1205 636 quies,
1239 575 1484 622 movetur
1504 575 1682 621 autem
1709 565 1790 619 in-

191 671 274 716 tus
315 672 462 715 motu
498 661 640 716 unde
682 661 812 715 vivit
855 660 980 727 sibi,
1030 669 1084 716 et
1121 660 1370 732 intelligit
1410 661 1783 730 semetipsum.

192 753 333 823 Ergo
374 770 403 810 a
437 766 584 809 motu
629 753 862 816 interno,
906 765 1057 810 extra
1089 764 1140 807 et
1171 753 1313 824 quod
1345 762 1428 808 est
1463 753 1592 808 loris
1634 761 1790 806 natus

191 861 271 904 est
304 859 500 914 runtus,
534 850 598 904 ab
629 865 694 904 eo
725 849 866 920 quod
902 859 985 903 est
1023 849 1169 904 intus
1200 864 1343 914 esse,
1374 859 1429 904 et
1457 849 1526 902 ab
1550 863 1616 903 eo
1645 847 1788 918 quod

191 954 272 999 e~t
303 945 448 998 intus
472 945 672 1008 vivere,
699 944 829 999 loris
853 945 1059 1010 vivere,
1085 945 1152 1000 ab
1174 961 1240 1000 eo
1270 945 1411 1015 quod
1441 953 1524 1000 est
1549 946 1689 998 intus
1712 948 1790 998 lu-

194 1035 468 1106 tclligere;
497 1036 626 1090 foris
655 1036 981 1107 intelligere,
1008 1047 1260 1092 movente
1286 1052 1344 1092 se
1373 1037 1476 1090 vita
1501 1047 1555 1092 et
1589 1036 1788 1092 intelli-

190 1130 388 1198 gentia.
437 1128 571 1182 Sunt
627 1129 771 1182 enim
826 1139 1002 1183 motus
1048 1128 1243 1184 eodem
1313 1129 1474 1184 modo
1524 1127 1794 1184 existente

191 1220 369 1286 StllIUI,
394 1235 460 1274 eo
485 1219 628 1290 quod
653 1229 737 1275 est
761 1235 904 1288 esse,
934 1231 989 1276 ut
1010 1229 1064 1276 et
1095 1223 1240 1276 intus
1268 1230 1412 1276 esset
1437 1231 1489 1276 et
1515 1220 1666 1286 loris,
1689 1220 1792 1276 ista

189 1311 425 1367 Trinitas
456 1312 625 1382 intus,
665 1329 788 1369 cum
842 1313 986 1369 Deus
1024 1330 1163 1369 unus
1204 1323 1258 1370 et
1299 1315 1447 1370 solus
1487 1313 1638 1380 foris,
1669 1325 1791 1370 cunt

187 1402 346 1458 Iesus
373 1403 623 1460 Christus
651 1406 793 1461 intus
833 1416 887 1460 et
931 1405 1084 1472 loris,
1123 1423 1244 1462 cum
1275 1407 1434 1462 ambo
1463 1407 1602 1462 Deus
1635 1421 1790 1468 unus,

189 1506 350 1565 atque
382 1512 445 1549 ex
481 1497 545 1550 iis
573 1511 698 1551 cum
732 1495 873 1550 Deus
910 1496 1180 1570 ὁμοούσιον
1213 1497 1448 1564 Christo,
1486 1499 1795 1554 necessario

189 1598 242 1641 et
265 1587 512 1642 Christus
534 1587 800 1659 ὁμοούσιον
826 1585 1031 1657 Spiritu
1055 1599 1264 1653 sancto,
1287 1603 1351 1644 ac
1375 1605 1468 1660 per
1488 1587 1593 1644 hoc
1614 1597 1668 1642 et
1699 1603 1796 1658 per

188 1679 462 1734 Christum
503 1680 612 1735 Deo
637 1697 650 1734 :
679 1680 798 1750 ipse
829 1681 992 1735 etiam
1039 1679 1108 1736 de
1151 1681 1261 1737 Deo
1295 1695 1549 1752 egressus
1589 1671 1703 1735 est.
1737 1681 1795 1736 Si

1891 475 2024 528 ritus
2055 485 2307 538 sanctus;
2333 476 2408 530 sic
2430 477 2572 530 enim
2606 474 2878 543 subjunxit
2906 495 2917 526 :
2949 475 3135 529 Omnia
3167 493 3490 547 qurecumque

1892 567 2041 620 liabet
2099 569 2256 622 Pater
2298 586 2407 623 utea
2439 578 2556 621 sunt
2598 566 2761 640 (lbid.
2815 569 2949 637 15):
3000 578 3284 639 propterea
3333 568 3490 636 dixit,

1893 679 2002 715 mea
2023 673 2160 726 sunt,
2193 663 2320 733 quia
2352 679 2474 733 qua:
2507 672 2662 733 pater
2704 661 2866 717 habet
2905 662 2998 717 lilii
3040 673 3195 728 sunt,
3235 678 3377 728 esse,
3409 665 3492 718 vi-

1892 770 2037 816 vere,
2071 755 2410 826 intelligere:
2439 756 2554 811 haec
2591 756 2779 811 eadem
2816 755 2980 810 habet
3018 754 3272 827 Spiritus,
3313 760 3494 812 omnia

1893 861 2022 916 ergo
2050 845 2321 921 ὁμοούσια.
2355 847 2497 903 Idem
2529 856 2705 903 tamen
2736 859 2793 902 ut
2821 849 3133 905 ostenderet
3167 865 3315 905 suam
3351 866 3491 921 pra).

1895 943 2123 996 sentiam
2167 958 2385 1012 semper
2424 944 2559 998 κατὰ
2592 946 2844 998 Ματθαῖον
2881 943 2957 997 sic
2997 943 3274 1014 loquitur:
3305 942 3497 1000 Euntes

1895 1051 2032 1089 nunc
2077 1035 2252 1089 docete
2295 1051 2469 1090 omnes
2511 1044 2703 1105 gentes,
2737 1036 3051 1103 baptizantes
3095 1052 3179 1092 eos
3209 1037 3258 1090 in
3296 1037 3499 1090 nomine

1897 1125 2073 1182 Patris
2099 1136 2146 1182 et
2173 1126 2320 1192 Filii,
2353 1137 2400 1181 et
2437 1126 2667 1196 Spiritus
2694 1129 2879 1191 sancti,
2910 1129 3146 1182 docentes
3177 1146 3261 1183 eos
3292 1145 3492 1184 servare

1896 1220 2069 1274 omnia
2097 1235 2425 1290 quaecumque
2461 1219 2696 1273 mandaui
2720 1219 2876 1284 vobis,
2903 1231 2948 1274 et
2981 1237 3094 1275 ecce
3119 1238 3211 1292 ego
3240 1222 3498 1276 vobiscum

1896 1326 2010 1364 sum
2047 1309 2280 1365 omnibus
2307 1311 2482 1366 diebus
2523 1328 2681 1382 usque
2711 1312 2779 1365 ad
2810 1314 3298 1367 consummationem
3327 1315 3501 1368 stvculi

1899 1405 2114 1477 (Matth.
2158 1423 2349 1474 xxvut,
2393 1406 2480 1474 l9,
2509 1407 2622 1478 20).
2663 1407 2740 1462 Ex
2772 1407 2876 1462 hoc
2906 1409 3209 1464 ostenditur
3237 1409 3500 1479 quodam-

1899 1498 2061 1553 tnodo
2085 1499 2224 1554 idem
2249 1499 2432 1566 .Iesus,
2460 1499 2602 1555 idem
2627 1500 2863 1570 Spiritus
2885 1512 3127 1568 sanctus,
3150 1512 3272 1556 actu
3295 1502 3504 1557 scilicet

1898 1590 2090 1660 agendi
2119 1589 2346 1658 diversi,
2371 1592 2514 1662 quod
2540 1593 2627 1648 ille
2651 1593 2806 1648 docet
2832 1595 3260 1665 intelligentiam,
3287 1596 3388 1650 iste
3411 1595 3504 1650 dat

1899 1683 2082 1738 vitam.
2115 1683 2329 1740 Etenim
2371 1686 2512 1742 idem
2563 1687 2678 1757 ipse
2719 1696 2771 1742 et
2813 1703 2949 1744 unus
2981 1697 3158 1744 motus
3197 1698 3255 1745 et
3300 1690 3504 1758 primus

189 1773 331 1829 enim
355 1774 531 1827 otnnis
556 1785 732 1827 ιιιοιιιε
753 1773 843 1842 qui
869 1772 999 1828 loris
1023 1782 1123 1840 est,
1154 1791 1182 1829 a
1213 1776 1304 1830 Dei
1340 1783 1492 1830 motu
1523 1773 1612 1841 qui
1649 1773 1793 1829 intus
1824 1768 1871 1830 B
1901 1785 2080 1832 tnotus
2113 1793 2126 1831 :
2160 1793 2267 1848 quo
2290 1778 2577 1848 contingit,
2619 1788 2676 1834 ιιι
2717 1779 2806 1850 qui
2840 1779 2993 1845 vivit,
3023 1791 3075 1835 et
3099 1796 3222 1836 vere
3254 1783 3419 1849 vivat,
3453 1791 3506 1836 et

191 1875 365 1921 motus
386 1876 487 1933 est,
513 1882 644 1936 ergo
665 1876 719 1922 et
740 1866 842 1920 iste
863 1880 892 1918 a
926 1865 1058 1922 Deo.
1089 1869 1300 1924 Etenim
1321 1866 1545 1923 scientia
1569 1875 1622 1920 et
1643 1867 1796 1921 intel-

193 1965 432 2036 ιίὲεηιίίι,
466 1965 753 2020 existentia
799 1978 886 2023 est
933 1967 1211 2036 utriusque
1231 1981 1294 2020 ac
1328 1967 1566 2036 potentia
1589 1978 1796 2034 cogno-

195 2060 446 2125 secuti-.e;
473 2059 636 2129 idque
671 2060 772 2116 hoc
803 2061 980 2130 ipsum
1015 2069 1192 2114 motus
1216 2068 1318 2122 est,
1364 2059 1466 2113 hoc
1507 2059 1626 2126 ipso
1656 2055 1797 2127 quod

199 2161 378 2206 motus
420 2151 722 2207 substantia
763 2169 776 2204 :
810 2154 1118 2207 necessario
1160 2151 1322 2222 igitur
1351 2149 1403 2204 in
1433 2148 1672 2217 Christo,
1715 2149 1800 2204 vel

196 2245 440 2300 Christus
471 2254 575 2308 est,
600 2246 743 2300 etab
770 2246 886 2314 ipso
912 2244 1074 2299 habet
1099 2245 1302 2310 omnia,
1331 2243 1450 2314 quia
1475 2260 1502 2296 a
1528 2244 1631 2298 vita
1656 2241 1798 2313 quod

196 2335 440 2391 Christus
473 2348 576 2403 εει,
604 2338 843 2392 substitit
873 2337 1255 2407 intelligentia,
1278 2348 1332 2392 et
1361 2337 1480 2392 ideo
1502 2337 1659 2394 alter.
1688 2335 1800 2394 Hoc

197 2431 337 2484 enim
361 2430 562 2485 dietttm
584 2448 596 2484 :
618 2430 682 2483 Et
702 2449 734 2484 a
761 2448 839 2484 me
865 2430 1012 2484 liabet
1037 2432 1207 2484 omnia
1228 2429 1406 2503 (Joan.
1426 2447 1540 2497 xvt,
1568 2432 1656 2494 14.
1684 2430 1797 2500 15).

199 2523 368 2577 [labet
400 2533 579 2578 autem
607 2534 663 2579 et
698 2542 730 2578 a
757 2541 856 2590 me,
889 2525 996 2580 duo
1026 2533 1153 2579 sunt
1181 2539 1347 2595 :ergo
1375 2523 1512 2578 alter
1542 2534 1594 2578 et
1621 2524 1758 2578 alter
1781 2540 1799 2577 :

202 2617 306 2672 Sed
351 2619 476 2688 quia
518 2629 698 2674 motus
741 2626 797 2673 et
838 2619 952 2688 ipse
993 2617 1226 2688 Spiritus
1266 2628 1508 2682 sanctus,
1541 2625 1721 2670 motus
1747 2627 1802 2672 et

198 2709 464 2772 Christus,
489 2721 544 2765 et
563 2711 685 2780 quia
710 2711 817 2766 vita
841 2726 965 2766 vera
989 2709 1237 2766 Christus
1258 2718 1360 2776 est,
1385 2719 1439 2765 et
1458 2708 1804 2788 credentibus

201 2803 252 2856 in
276 2820 332 2858 se
352 2803 443 2859 dat
462 2805 622 2860 vitam
647 2820 852 2871 veram,
879 2804 980 2860 hoc
1001 2815 1085 2860 est
1105 2814 1390 2869 mternutn,
1417 2815 1470 2858 et
1491 2803 1645 2859 adest
1661 2803 1802 2873 apud

205 2896 368 2951 Deum
397 2897 745 2952 credentibus
775 2897 825 2952 in
851 2912 930 2964 se,
955 2897 1100 2968 quod
1126 2897 1221 2954 Dei
1243 2896 1494 2963 sitlilius,
1521 2897 1683 2968 idque
1709 2911 1805 2966 per

205 2990 364 3045 Iidem
413 3009 427 3044 :
471 2991 674 3047 idcirco
733 3007 830 3063 per
877 2989 1151 3047 Christum
1199 2991 1612 3048 reconciliantur
1664 2991 1801 3056 Deo;

203 3096 424 3152 propter
468 3098 594 3137 vero
645 3081 923 3137 hominum
967 3083 1216 3139 obrutam
1255 3084 1336 3139 sui
1379 3093 1433 3138 et
1478 3082 1568 3138 Dei
1601 3100 1807 3139 memo-

1901 1869 2186 1939 intelligat,
2219 1879 2275 1924 et
2312 1886 2438 1926 vere
2477 1872 2760 1942 intelligat,
2791 1873 2880 1942 qui
2913 1889 3037 1928 vere
3080 1872 3344 1945 intelligit,
3380 1890 3506 1929 vere

1903 1963 2065 2015 vivat.
2107 1963 2281 2033 Atque
2304 1970 2362 2017 ut
2393 1962 2533 2018 idem
2563 1963 2939 2020 manilestetur
2977 1965 3136 2022 Jesus
3187 1976 3242 2022 et
3272 1966 3506 2038 Spiritus

1903 2061 2147 2119 Sanetus,
2191 2053 2532 2111 attendamus
2579 2055 2760 2111 istud:
2788 2073 2980 2128 nempe
3019 2059 3250 2128 Spiritus
3288 2069 3508 2114 sanctus

1904 2147 2148 2201 doctrina
2166 2159 2268 2212 est,
2293 2148 2665 2220 intelligentia,
2693 2150 2912 2221 ipsaque
2934 2152 3194 2220 sapientia
3218 2163 3271 2207 et
3291 2150 3509 2208 Christo

1905 2249 1960 2294 et
1995 2241 2106 2295 Deo
2144 2241 2408 2310 sapientia
2449 2239 2644 2297 datur:
2673 2251 2834 2314 atque
2873 2243 2973 2298 hoc
3001 2243 3248 2300 Christus
3293 2247 3510 2302 nomine

1906 2345 2266 2403 nuncupatur,
2284 2333 2427 2403 quod
2450 2343 2532 2388 est
2556 2333 2952 2407 (Evangelium)
2976 2334 3248 2392 Christum
3267 2353 3387 2393 esse
3412 2338 3508 2393 Dei

1906 2425 2096 2491 lilium,
2130 2425 2270 2496 quod
2304 2424 2704 2496 (Evangelium)
2734 2425 2988 2482 delinitur
3018 2428 3108 2482 Dei
3139 2428 3310 2483 virtus
3341 2438 3506 2499 atque

1904 2518 2190 2587 sapientia,
2224 2526 2281 2572 ut
2309 2516 2504 2571 Paulus
2544 2517 2611 2572 ad
2655 2517 2928 2573 Romanos
2957 2518 3138 2592 (Rom.
3163 2536 3203 2586 ι,
3239 2520 3345 2591 16).
3379 2521 3510 2576 Item

1905 2603 2158 2661 Salomon
2191 2625 2203 2661 :
2238 2607 2418 2664 (tinnis
2457 2610 2709 2681 sapientia
2747 2628 2777 2665 α
2818 2609 2928 2665 Deo
2958 2621 3050 2681 est,
3083 2622 3131 2666 et
3171 2629 3285 2667 cum
3326 2630 3383 2666 eo
3415 2613 3514 2683 [uit

1906 2717 2104 2772 semper
2131 2713 2248 2757 ante
2273 2721 2436 2759 wvum
2461 2705 2651 2777 (Eccli.
2679 2722 2718 2774 ι,
2746 2705 2817 2779 1).
2846 2707 2986 2763 Ecce
3008 2708 3268 2781 ὁμοούσιον
3290 2720 3515 2780 apparet

1908 2808 2030 2846 cum
2058 2793 2319 2864 sapientia.
2343 2805 2393 2849 et
2419 2797 2486 2851 de
2511 2797 2620 2852 Deo
2647 2797 2823 2864 datur,
2858 2809 2909 2852 et
2935 2814 2965 2854 a
2997 2801 3104 2854 Deo
3126 2801 3304 2866 datur,
3330 2801 3514 2871 utique

1909 2884 2129 2941 Christo
2154 2898 2206 2942 et
2237 2887 2462 2960 Spiritui
2498 2898 2708 2944 sancto.
2748 2889 2811 2945 Et
2841 2907 2961 2946 cum
2997 2892 3200 2947 dictum
3238 2903 3342 2958 est,
3373 2894 3516 2965 quod

1910 2995 2034 3034 cum
2069 2981 2176 3036 Deo
2211 2997 2426 3053 semper
2465 2983 2569 3039 luet
2586 2983 2645 3049 it,
2677 2984 2820 3056 quod
2862 2985 3129 3058 ὁμοούσιον
3155 2999 3236 3042 εει
3266 2997 3513 3059 apparet,

1911 3089 2031 3128 cum
2065 3076 2324 3145 sapientia
2347 3086 2402 3133 et
2429 3076 2497 3132 de
2526 3078 2634 3133 Deo
2655 3077 2814 3133 datur
2841 3081 3025 3149 utique
3051 3078 3270 3136 Christo
3300 3090 3354 3136 et
3387 3081 3514 3152 Spi-

206 3178 364 3240 mm,
389 3191 524 3245 opus
553 3187 636 3232 εει
658 3175 861 3246 spiritu
899 3186 1110 3243 sancio,
1137 3178 1184 3231 εί
1219 3179 1512 3232 accesserit
1534 3179 1760 3232 ερίριιιίςι
1787 3197 1800 3233 ς
1832 3164 1878 3226 C
1915 3168 2039 3222 ritui
2067 3179 2274 3226 sancto.
2303 3169 2367 3226 Et
2391 3186 2512 3224 cum
2540 3171 2741 3226 dictum
2769 3181 2872 3237 est,
2899 3173 3044 3244 quod
3075 3190 3195 3229 cum
3229 3175 3340 3230 Deo
3369 3191 3516 3231 sem-

209 3267 274 3321 Et
301 3269 581 3338 intelligere
608 3285 722 3338 qua:
748 3270 812 3323 sit
835 3269 1051 3324 latitudo
1079 3269 1203 3333 Dei,
1231 3288 1344 3338 qua:
1377 3272 1665 3340 longitudo,
1693 3288 1808 3342 quae
1838 3300 1842 3304 -

213 3359 538 3429 profunditas
577 3371 623 3414 et
653 3362 871 3416 altitudo
902 3359 1122 3438 (Ep/tes.
1148 3379 1227 3430 nt,
1261 3363 1352 3435 18)
1376 3381 1391 3430 ;
1416 3376 1468 3419 et
1490 3366 1809 3422 conﬁrmata

207 3453 361 3507 fuerit
381 3453 637 3522 charitas,
661 3465 715 3510 et
738 3455 870 3511 lides
897 3457 946 3510 in
969 3455 1241 3513 Christum
1267 3458 1631 3528 perSpiritum
1656 3475 1811 3515 sanc-

220 3558 352 3613 tum,
378 3549 502 3619 quia
525 3549 753 3604 scientia
773 3560 876 3617 est,
905 3552 994 3607 ﬁet
1012 3553 1190 3608 salvus
1217 3571 1228 3606 :
1257 3553 1415 3624 plene
1439 3571 1670 3626 namque
1693 3556 1808 3626 ipse

211 3640 339 3695 dicit
373 3642 743 3697 testimonium
771 3642 838 3698 de
869 3643 1109 3710 Christo,
1147 3655 1202 3700 et
1233 3646 1391 3702 docet
1422 3648 1624 3714 omnia,
1651 3657 1705 3703 et
1729 3659 1812 3704 est

209 3733 432 3788 interior
453 3734 655 3790 Christi
679 3735 869 3803 virtus,
895 3738 1174 3792 scientiam
1202 3739 1469 3807 tribuens,
1507 3751 1563 3796 et
1596 3740 1662 3794 ad
1699 3740 1808 3794 sal-

210 3825 482 3880 vationem
520 3827 829 3896 proﬁt-iens,
872 3829 1013 3884 unde
1045 3829 1184 3884 alter
1223 3831 1553 3887 Paraeletus.
1594 3832 1810 3887 Etenim

210 3918 438 3972 mortuis
489 3933 584 3988 per
641 3929 858 3988 peccata
910 3920 1216 3976 hominibus
1267 3923 1371 3977 vita
1431 3924 1578 3992 prius
1634 3924 1810 3979 danda

212 4012 422 4075 fuerat,
476 4023 532 4067 ut
584 4013 920 4085 erigerentur
964 4016 1017 4070 in
1073 4017 1242 4072 Deum
1288 4034 1384 4088 per
1433 4019 1616 4083 ﬁdem,
1667 4019 1812 4090 quod

212 4114 330 4158 erat
355 4103 464 4173 jam
499 4105 686 4161 vivere
713 4122 778 4161 ex
815 4107 905 4161 Dei
938 4107 1045 4162 vita
1077 4124 1235 4178 quam
1263 4110 1445 4164 attulit
1477 4109 1725 4165 Christus
1761 4112 1811 4166 in

214 4212 400 4260 Carne,
436 4208 492 4251 ut
526 4198 674 4253 carni
703 4202 866 4254 etiam
899 4199 1230 4256 subveniret.
1269 4202 1446 4269 Quare
1483 4203 1814 4267 conlirmatis

216 4289 523 4345 hominibus
558 4307 651 4360 per
689 4291 845 4346 {idem
877 4293 929 4347 iu
970 4292 1243 4348 Christum
1279 4295 1444 4350 lilium
1489 4296 1610 4362 Dei,
1650 4297 1811 4352 etiam

216 4386 438 4441 scientia
462 4383 636 4440 danda
673 4386 942 4453 videatur,
967 4397 1022 4442 et
1048 4386 1118 4443 de
1144 4386 1382 4454 Christo,
1407 4398 1459 4444 et
1493 4389 1714 4459 perinde
1745 4391 1813 4448 de

219 4480 333 4535 Deo
367 4499 380 4535 :
414 4483 540 4536 it'em
571 4480 639 4536 tle
678 4481 900 4548 mundo,
954 4491 1010 4536 ut
1046 4497 1167 4538 eum
1211 4494 1482 4554 argueret.
1523 4484 1654 4554 Quae
1689 4500 1810 4540 cum

1910 3275 2007 3340 per
2035 3260 2216 3326 fuerit,
2241 3260 2384 3332 quod
2413 3261 2678 3335 ὁμοούσιον
2712 3272 2815 3331 εει,
2851 3264 3156 3320 ostenditur
3196 3266 3357 3321 simul
3395 3284 3518 3324 cum

1909 3363 2085 3426 patre.
2126 3354 2330 3410 Deinde
2358 3371 2480 3410 cum
2504 3357 2727 3422 dictum,
2752 3368 2870 3412 ante
2896 3375 3081 3424 terum,
3113 3375 3216 3414 non
3246 3377 3374 3430 ergo
3395 3377 3518 3417 cum

1912 3449 1967 3504 in
2000 3465 2184 3516 carne,
2216 3459 2343 3505 tunc
2365 3451 2632 3506 Christus.
2663 3451 2792 3506 Item
2820 3453 2963 3523 prior
2989 3454 3217 3508 omnium
3251 3466 3422 3509 creata
3446 3465 3520 3510 est

1910 3544 2160 3615 sapientia
2200 3542 2364 3617 (Ibid.
2391 3543 2480 3616 4),
2514 3546 2558 3600 si
2589 3546 2980 3616 primogenitus
3003 3548 3273 3617 Christus,
3307 3550 3520 3620 sapien-

1915 3635 1984 3689 tia
2013 3636 2277 3691 Christus.
2309 3638 2509 3692 beiude
2549 3639 2690 3708 quod
2722 3641 2984 3709 sequitur,
3017 3639 3246 3713 Spiritus
3281 3653 3520 3698 sanctus:

1913 3744 1959 3784 et
2009 3731 2292 3785 intellectus
2339 3730 2625 3796 prudentia:
2662 3731 2726 3786 ab
2769 3749 2896 3786 (evo.
2932 3733 2990 3789 Si
3029 3733 3260 3806 Spiritus
3303 3746 3522 3793 sanctus

1915 3822 2198 3892 prudentia
2230 3832 2329 3886 est,
2358 3832 2412 3877 et
2441 3822 2778 3890 intellectus;
2813 3825 2859 3879 si
2885 3825 3110 3881 scientia
3130 3869 3142 3892 ,
3169 3837 3221 3882 et
3251 3825 3520 3884 doctrina.

1914 3910 2161 3966 Christus
2184 3923 2263 3967 est
2287 3912 2404 3967 sine
2435 3913 2619 3980 dubio,
2651 3915 2777 3986 quia
2807 3917 2919 3986 ipse
2949 3927 3032 3972 est
3053 3918 3122 3975 ab
3155 3935 3292 3984 aevo,
3326 3920 3375 3975 id
3415 3930 3520 3988 est,

1915 4021 1979 4059 ex
2008 4016 2234 4069 :eterno,
2261 4016 2313 4062 et
2341 4007 2752 4078 primogenitus,
2778 4010 2996 4081 etquod
3020 4022 3101 4066 est
3125 4013 3374 4082 amplius,
3403 4014 3523 4067 uni-

1915 4098 2151 4168 genitus.
2190 4099 2313 4155 Ihec
2353 4111 2408 4156 et
2439 4101 2541 4157 alia
2584 4102 2635 4158 in
2673 4105 2856 4159 multis
2897 4114 3121 4160 tractata
3163 4106 3314 4162 libris
3341 4122 3371 4161 a
3413 4121 3520 4174 me,

1916 4190 2177 4264 ὁμοούσιον
2208 4192 2441 4265 probant
2473 4210 2579 4250 non
2615 4194 2788 4251 solum
2818 4196 2984 4251 Deum
3017 4206 3072 4252 et
3097 4195 3394 4265 Christum,
3428 4198 3523 4254 sed

1916 4285 2077 4341 etiam
2101 4287 2356 4358 Spiritum
2379 4298 2650 4344 sanctum.
2685 4288 2884 4345 Demus
2909 4289 3071 4362 igitur
3094 4292 3175 4347 vel
3199 4292 3526 4365 accipiamus

1917 4379 2083 4436 Deum
2116 4380 2165 4435 id
2197 4397 2338 4449 esse,
2363 4382 2507 4453 quod
2531 4392 2614 4438 est
2647 4383 2878 4452 primum
2915 4393 2971 4439 et
2997 4383 3291 4456 principale
3320 4388 3522 4455 vivere,

1916 4471 2057 4543 quod
2098 4485 2182 4528 εει
2226 4489 2411 4530 verum
2451 4485 2508 4530 et
2552 4476 2845 4547 principale
2885 4493 3006 4533 esse
3050 4496 3062 4531 :
3095 4495 3200 4533 non
3233 4479 3376 4533 enim
3418 4489 3523 4547 est,

215 4575 627 4640 intellexissent,
654 4573 866 4629 facilius
891 4575 956 4630 ad
991 4576 1081 4630 Dei
1114 4576 1291 4631 lucem
1313 4576 1549 4632 hominis
1569 4579 1650 4632 sui
1675 4578 1809 4634 divi-
1842 4544 1892 4605 ι)
1921 4567 2062 4636 tl“0d
2111 4584 2214 4623 "0"
2262 4569 2428 4624 νίνίῑε
2459 4569 2562 4625 hoc
2604 4570 2776 4640 ipsum
2822 4571 3005 4626 Vivere
3048 4573 3368 4643 ορθηιιῑοηθ
3409 4575 3527 4646 ipsa

217 4685 519 4737 nurumque
542 4669 892 4739 intelligentia
917 4668 1279 4724 liberarentur
1303 4678 1641 4726 tcrrenorum
1665 4688 1816 4726 mun-

217 4759 589 4830 danorumque
640 4769 975 4831 contemptu,
1023 4769 1078 4816 et
1117 4761 1388 4818 desiderio
1426 4763 1570 4835 quod
1619 4766 1816 4822 excitat

218 4851 443 4906 scientia
473 4851 796 4908 divinorum.

293 4944 480 5000 XVIII.
513 4944 670 5000 Venit
707 4963 836 5016 ergo
859 4947 1147 5017 posterior,
1182 4948 1234 5004 id
1271 4958 1374 5014 est,
1401 4949 1530 5006 lides
1557 4951 1822 5023 posterior

221 5037 432 5106 Operari
467 5056 479 5092 :
513 5038 802 5096 recedente
843 5041 988 5096 enim
1025 5040 1265 5109 Christo,
1296 5043 1386 5113 qui
1425 5057 1519 5111 per
1563 5043 1820 5099 miracula

221 5139 277 5184 et
307 5146 400 5198 per
428 5141 694 5200 pra'cepta
723 5131 1081 5189 seminaverat
1113 5132 1295 5200 Iidem,
1320 5132 1464 5204 quod
1497 5133 1613 5204 ipse
1635 5134 1728 5189 Dei
1757 5135 1817 5189 Ii-

221 5225 327 5278 lius
352 5234 520 5290 esset,
552 5235 605 5278 et
627 5225 790 5281 vitam
813 5226 864 5280 in
886 5241 946 5282 se
976 5225 1327 5282 credentibus
1349 5225 1525 5293 daret,
1550 5226 1818 5296 completa

221 5327 349 5373 sunt
389 5319 580 5388 Spiritu
609 5320 810 5386 omnia,
847 5329 902 5374 et
938 5319 1070 5375 lides
1109 5321 1420 5391 c0gnitione
1461 5320 1512 5374 in
1545 5318 1817 5375 Christum

220 5411 407 5466 adulta
438 5410 730 5474 succrevit,
753 5420 809 5466 et
833 5411 950 5482 ipso
981 5412 1031 5466 in
1054 5411 1271 5469 Christo
1293 5427 1508 5483 semper
1528 5421 1816 5484 praesente,

224 5506 305 5557 sic
334 5504 474 5557 enim
505 5502 640 5557 dixit
675 5502 837 5558 :Non
881 5505 1017 5558 enim
1058 5503 1289 5576 loquetur
1334 5522 1367 5560 a
1400 5506 1697 5574 semetipso,
1730 5503 1819 5558 sed

225 5615 556 5670 qutecumque
607 5599 826 5653 audierit
877 5599 1134 5668 loquetur,
1183 5609 1231 5654 et
1283 5603 1463 5672 futura
1499 5597 1822 5652 annuntiabit

226 5692 368 5746 vobis
397 5710 409 5746 :
442 5691 531 5745 ille
560 5708 638 5746 me
669 5690 1059 5759 honori/icabit,
1092 5693 1332 5760 quoniam
1362 5691 1426 5747 de
1463 5707 1574 5746 meo
1611 5691 1826 5761 accipiet

231 5787 409 5859 (Joan.
444 5803 560 5856 XVI,
595 5789 682 5856 I3,
717 5785 825 5859 14).
853 5787 992 5859 Ergo
1013 5786 1083 5846 de
1104 5788 1209 5844 vita
1238 5786 1608 5862 intelligentia,
1632 5795 1690 5844 et
1711 5787 1827 5859 ipsa

1918 4659 2205 4725 eonlicere,
2231 4671 2285 4715 et
2312 4676 2577 4732 generare
2608 4661 2794 4727 vitam,
2819 4673 3062 4732 apertum
3098 4664 3343 4722 fecimus.
3376 4667 3430 4721 In
3460 4683 3526 4724 eo

1917 4769 2047 4810 vero
2069 4756 2211 4825 quod
2243 4756 2346 4810 vita
2374 4765 2477 4824 est,
2496 4757 2718 4812 scientia
2742 4767 2796 4812 et
2817 4757 3170 4828 intelligentia
3192 4759 3369 4816 inest:
3398 4762 3527 4819 vivit

1915 4861 2045 4918 ergo
2071 4847 2228 4913 Deus,
2265 4857 2320 4904 et
2345 4847 2577 4903 vivendo
2603 4848 2709 4904 vita
2738 4860 2820 4904 est
2855 4849 3016 4917 Deus,
3046 4862 3098 4907 et
3130 4867 3250 4908 cum
3277 4853 3388 4910 vita
3420 4849 3554 4938 est,[

1926 4940 2276 5010 intelligentia
2307 4951 2410 4996 est.
2437 4940 2542 4996 Sed
2568 4940 2681 4996 haec
2705 4943 2804 4997 tria
2828 4951 2886 5000 ut
2913 4960 3073 5000 unum
3107 4961 3168 5001 ac
3198 4947 3446 5019 simplex,
3473 4962 3527 5006 et

1923 5033 1977 5089 in
2007 5051 2071 5088 eo
2097 5043 2151 5090 ut
2181 5035 2477 5107 principale
2501 5035 2591 5104 sit,
2630 5035 2678 5090 id
2707 5047 2810 5105 est,
2840 5037 2942 5093 hoc
2962 5039 3032 5093 sit
3051 5040 3191 5111 quod
3215 5057 3336 5098 esse
3357 5045 3527 5116 magis

1923 5128 2209 5184 existentia
2268 5129 2554 5198 principali
2583 5141 2666 5185 est
2696 5129 2836 5187 Deus
2875 5133 3089 5200 vivens,
3128 5139 3433 5195 necessario
3471 5149 3528 5194 et

1923 5222 2273 5290 Semetipsum
2303 5220 2628 5292 intelligens.
2655 5221 2789 5278 Ilinc
2825 5223 2968 5279 enim
2994 5225 3172 5281 omnia
3195 5227 3522 5299 intelligens,

1924 5312 2047 5383 quia
2088 5311 2436 5383 semetipsum
2488 5314 2756 5385 intelligit.
2813 5317 3064 5374 Omnium
3113 5322 3530 5378 exiSIentiarum

1927 5423 2087 5463 causa
2118 5416 2235 5475 est,
2268 5417 2320 5463 et
2358 5407 2480 5464 ideo
2513 5411 2693 5464 omnia
2739 5430 2753 5466 :
2793 5427 2922 5484 ergo
2953 5414 3058 5470 vita
3098 5424 3152 5470 et
3179 5415 3530 5488 intelligentia

1929 5504 1983 5560 in
2011 5503 2060 5557 id
2092 5513 2336 5573 accepta,
2365 5502 2505 5574 quod
2539 5513 2764 5561 estesse
2787 5507 2948 5575 intus,
2973 5523 3190 5579 semper
3209 5521 3527 5583 operantur,

1929 5597 2074 5668 quod
2103 5606 2187 5654 est
2217 5597 2419 5654 vivere.
2449 5595 2645 5654 Vivere
2675 5608 2854 5655 autem
2887 5601 2997 5656 Deo
3028 5600 3133 5654 hoc
3159 5609 3243 5658 est
3273 5603 3415 5678 quod
3447 5614 3531 5662 est

1930 5708 2070 5750 esse.
2121 5692 2255 5749 Esse
2291 5691 2452 5764 igitur
2489 5703 2700 5760 cuncta,
2746 5710 2884 5749 unus
2913 5702 2969 5750 et
3009 5695 3353 5769 omnipotens
3391 5700 3536 5758 Deus

1931 5794 2036 5845 est.
2065 5785 2203 5855 Quid
2235 5783 2428 5858 igitur?
2455 5783 2500 5840 si
2524 5785 2669 5843 intus
2691 5786 2742 5842 in
2765 5801 2824 5842 se
2847 5795 3122 5860 operatur,
3152 5790 3239 5848 vel
3265 5807 3325 5850 se
3351 5791 3533 5864 potius
