4018 6184
664 227 804 284 1127

660 437 791 490 foris
820 448 1080 504 apparere
1110 435 1442 504 potuerunt?
1473 443 1528 489 et
1553 435 1678 504 quid
1711 445 1793 490 est
1835 434 1968 490 foris
1996 446 2087 491 aut
2118 439 2261 492 intus

657 526 710 584 ὃν
733 527 914 602 λόγονῖ
951 528 1293 598 Quaesierunt
1336 526 1643 598 philosophi
1688 537 1742 582 et
1785 527 1927 583 ducti
1973 528 2041 583 ad
2088 529 2260 600 legem

655 624 776 691 viri,
801 625 928 695 quid
961 625 1068 680 sint
1091 634 1146 680 et
1173 624 1261 679 ubi
1293 625 1421 679 sint.
1447 624 1584 691 Quid
1614 625 1744 691 sint,
1773 625 2130 680 substantiam
2156 640 2253 681 eo-

653 732 772 772 rum
799 718 885 774 vel
915 717 1284 785 existentiam,
1311 727 1368 772 ut
1390 717 1723 788 explicemus
1751 735 1762 770 :
1802 717 1891 773 ubi
1917 717 2047 786 sint,
2077 726 2257 772 utrum

652 812 778 868 inde
807 827 874 866 an
901 821 1076 880 extra,
1111 821 1166 868 et
1195 812 1247 867 in
1277 811 1528 868 omnibus
1558 811 1815 883 reliquis,
1845 827 1914 867 an
1945 813 1998 867 in
2030 820 2258 882 utroque

651 915 707 962 et
737 905 956 978 ubique.

721 999 862 1054 XIX.
897 999 1025 1055 Haec
1066 998 1282 1071 quidem
1329 1014 1428 1055 nos
1451 1000 1504 1055 in
1542 999 1660 1055 aliis
1699 998 1854 1055 libris
1894 1005 2257 1070 exsequenter

649 1093 916 1165 pleneque
957 1091 1297 1148 tradidimus.
1348 1091 1552 1147 Verum
1597 1107 1738 1147 nunc
1785 1092 1888 1146 ista
1943 1090 2252 1146 summatim

648 1186 992 1256 breviterque
1013 1186 1275 1241 dicemus.
1304 1185 1446 1241 Ante
1467 1181 1520 1240 ὂν
1545 1194 1598 1241 ει
1627 1195 1750 1240 ante
1771 1185 1938 1259 λόγον,
1971 1184 2052 1239 vis
2076 1193 2132 1239 et
2160 1199 2255 1252 po-

648 1280 816 1336 tentia
871 1279 1140 1336 existendi
1194 1279 1280 1334 illa
1308 1288 1410 1347 est,
1444 1296 1563 1350 quae
1595 1280 1927 1350 signiﬁcatur
1949 1278 2050 1334 hoc
2086 1280 2252 1334 verbo

646 1373 790 1443 quod
820 1383 904 1428 est
933 1387 1056 1429 esse
1076 1413 1092 1440 ,
1137 1371 1323 1428 Grazce
1365 1372 1508 1443 quod
1556 1381 1638 1428 est
1663 1375 1723 1428 τὸ
1753 1369 1897 1428 εἶναι.
1930 1371 2044 1426 Hoc
2073 1371 2248 1441 ipsum

645 1480 766 1520 esse
814 1465 1023 1521 duobus
1071 1464 1443 1536 accipiendum
1477 1465 1691 1520 modis:
1727 1481 1911 1533 unum,
1948 1474 2004 1519 ut
2035 1465 2250 1520 univer—

646 1558 762 1613 sale
808 1558 896 1624 sit,
923 1567 979 1612 et
1020 1557 1388 1628 principaliter
1420 1557 1716 1627 principale
1752 1575 1764 1611 :
1798 1557 1940 1612 unde
1964 1556 2019 1612 in
2039 1557 2250 1613 caeteris

643 1667 765 1709 esse
787 1652 876 1718 sit,
904 1651 1117 1722 alioque
1153 1665 1273 1706 esse
1314 1659 1398 1706 est
1437 1651 1652 1705 caeteris
1683 1650 1826 1721 quod
1864 1659 1969 1714 est,
2001 1649 2243 1705 omnium

1961 231 2158 286 MARII
2201 230 2547 289 VICTORINI
2589 235 2752 292 AFRI

661 351 914 414 operatur
957 341 1064 395 vita
1105 350 1160 395 ct
1206 340 1594 412 intelligentia?
1621 341 1904 410 Quomodo
1952 343 2050 400 ista
2095 345 2262 400 veluti
2291 349 2337 406 Α
2370 345 2717 418 intelligentia
2749 348 2966 406 deﬁnita

3702 263 3788 319 “'38

3018 367 3032 406 :
3081 368 3204 409 nam
3235 359 3462 427 potentiue
3484 373 3555 421 τοῦ
3576 367 3701 445 λόγους
3723 387 3795 432 cte-

2364 439 2475 493 nim
2499 440 2778 497 deﬁi.itum
2805 444 3059 515 quidnam
3097 458 3256 520 atque
3287 451 3531 511 formatum
3552 439 3647 515 est:
3667 465 3792 522 intelli-

2363 533 2543 602 gentia
2572 550 2700 590 vero
2725 547 2776 592 et
2799 536 3065 595 deliniens
3095 558 3108 594 :
3142 551 3314 599 tamen
3343 547 3451 617 quia
3478 549 3559 606 ista
3582 553 3683 610 intus
3700 573 3793 627 sunt,

2361 631 2417 677 et
2447 623 2500 678 in
2527 640 2586 681 se
2612 641 2873 684 conversa
2899 641 3045 698 sunt,
3075 635 3252 690 omnia
3280 635 3508 712 ἄγνωστα,
3532 623 3795 724 ἀδιάκριταήιιέ

2363 719 2573 814 cognita
2601 730 2655 814 et
2676 719 2968 780 indiscreta
2998 738 3122 783 sunt
3147 747 3159 782 :
3190 730 3260 784 ita
3283 741 3333 786 et
3357 734 3479 790 Dens
3498 740 3610 808 quod
3629 719 3688 796 est
3713 760 3796 814 esse,

2360 808 2412 903 id
2443 819 2541 878 est,
2575 812 2786 882 vivere,
2837 817 3138 890 incognitus
3170 832 3224 878 et
3263 823 3552 884 indiscretus
3573 841 3657 898 est;
3678 844 3715 889 et
3730 808 3797 903 ejus

2357 900 2530 958 forma
2550 946 2566 973 ,
2600 905 2652 961 id
2681 918 2784 975 est,
2815 909 2937 965 vitae
2965 913 3334 986 intelligentia,
3380 919 3603 994 incognita
3631 935 3671 980 et
3696 900 3795 984 indis-

2357 1006 2506 1052 creta
2554 1008 2637 1054 est
2679 1017 2692 1054 :
2737 1012 2862 1057 sunt
2908 1004 3054 1061 enim
3108 1007 3211 1064 ista
3261 1012 3386 1066 nihil
3419 1014 3542 1070 aliud
3574 1034 3796 1088 quamesse,

2548 1102 2632 1150 est
2670 1095 2872 1153 vivere.
2903 1098 3055 1167 Quod
3079 1117 3202 1157 cum
3232 1104 3498 1175 inﬁnitum,
3523 1119 3569 1165 et
3591 1110 3715 1167 forma
3734 1115 3799 1184 ejus

2356 1181 2563 1237 inﬁnita
2590 1194 2691 1251 est,
2734 1186 2808 1244 ibi
2839 1206 3084 1259 manens,
3117 1203 3171 1250 et
3200 1196 3328 1250 nihil
3352 1198 3482 1252 aliud
3506 1217 3634 1272 quam
3654 1181 3798 1260 esseet-

2355 1271 2545 1332 istens.
2598 1276 2731 1334 Cum
2773 1291 2952 1338 autem
3006 1283 3138 1341 foris
3178 1304 3298 1344 esse
3325 1271 3544 1362 ceperit,
3586 1299 3798 1355 tunciorma

2353 1384 2618 1441 apparens
2648 1374 2823 1446 imago
2851 1377 2945 1433 Dei
2971 1390 3075 1447 est,
3110 1382 3273 1438 Deum
3305 1400 3394 1455 per
3414 1397 3564 1443 semet
3583 1392 3796 1457 ostendens;

2351 1471 2404 1555 et
2432 1472 2516 1518 est
2552 1462 2717 1539 λόγος,
2748 1484 2853 1524 non
2870 1470 2982 1540 jam
3006 1472 3127 1528 inde
3151 1479 3287 1552 πρὸς
3311 1478 3389 1532 τὸν
3407 1480 3514 1535 Θεὸν
3539 1477 3669 1555 λόγος,
3692 1482 3728 1536 in
3744 1500 3798 1554 qua

2350 1553 2455 1608 vita
2498 1565 2554 1612 et
2596 1559 2965 1631 intelligentia,
3011 1563 3121 1632 jam
3170 1565 3258 1622 ὅντ
3291 1569 3407 1639 quia
3437 1582 3563 1626 certa
3593 1553 3799 1645 cognituri

2350 1646 2656 1713 existentia,
2699 1668 2819 1722 qua:
2854 1655 3131 1712 intellectu
3155 1669 3208 1714 et
3236 1664 3522 1733 cognitione
3547 1667 3798 1736 capiturmed

645 1757 763 1814 post
781 1745 860 1800 vel
882 1761 1140 1816 generum
1166 1745 1250 1800 vel
1281 1744 1606 1814 Specierum,
1627 1755 1788 1815 atque
1813 1744 2118 1815 hujusmodi
2142 1760 2245 1800 εω-
2273 1743 2321 1803 Β
2351 1743 2804 1810 quemadmodum
2849 1748 2981 1804 foris
3025 1751 3346 1809 exstiterunt
3371 1756 3482 1824 ista,
3517 1767 3565 1813 et
3591 1768 3719 1814 utrum
3739 1761 3798 1830 ipsa

643 1849 903 1894 terorum.
936 1837 1136 1895 Verum
1166 1852 1288 1894 esse
1312 1838 1544 1908 primum
1573 1838 1642 1893 ita
1672 1838 2122 1909 impartieipatum
2136 1848 2238 1907 est,

642 1942 701 1988 ut
743 1949 845 1989 nec
887 1949 1054 1988 unum
1085 1932 1191 1988 dici
1221 1933 1410 2004 possit,
1437 1947 1538 1988 nec
1564 1933 1762 1999 solum,
1807 1933 1903 1989 sed
1928 1949 2022 2002 per
2055 1932 2247 2003 praela-

641 2028 842 2084 tionem
889 2037 1013 2083 ante
1058 2043 1221 2083 unum
1247 2070 1261 2095 ,
1302 2037 1359 2084 et
1409 2040 1535 2084 ante
1574 2029 1770 2095 solum,
1819 2027 1956 2084 ultra
1987 2028 2246 2098 simplici-

641 2130 840 2188 tatem,
892 2121 1346 2192 praeexistentiam
1415 2121 1593 2192 potius
1645 2136 1804 2192 quam
1863 2121 2240 2189 existentiam,

637 2213 1020 2269 universalium
1053 2214 1294 2269 omnium
1322 2213 1647 2280 universale,
1679 2215 1966 2282 inﬁnitum,
1999 2215 2244 2270 intermi-

635 2317 839 2377 natum,
873 2308 968 2364 sed
997 2308 1118 2365 aliis
1145 2309 1397 2365 omnibus
1417 2349 1434 2376 ,
1478 2324 1584 2365 non
1615 2309 1717 2365 sibi
1743 2326 1756 2363 :
1787 2320 1842 2365 et
1891 2309 2091 2365 idcirco
2124 2311 2241 2366 sine

634 2403 807 2459 forma
834 2404 1109 2460 intellectu
1134 2403 1368 2475 quo‘dam
1398 2403 1632 2458 auditur.
1679 2413 1734 2458 et
1770 2404 2239 2474 prmintelligentia

632 2499 814 2568 potius
841 2513 1003 2568 quam
1029 2497 1376 2569 intelligentia
1405 2497 1686 2567 accipitur.
1723 2497 2084 2568 cognoscitur,
2117 2515 2238 2554 cre-

632 2588 796 2645 ditur.
827 2589 943 2645 IIoc
972 2589 1102 2644 illud
1130 2598 1214 2645 est
1240 2589 1384 2660 quod
1409 2588 1646 2644 diximus
1669 2592 1851 2646 vivere
1878 2591 1961 2646 vel
1986 2592 2138 2657 vivit,
2169 2591 2236 2645 il-

631 2681 723 2737 lud
748 2681 1036 2748 inﬁnitum,
1067 2681 1197 2738 illud
1229 2682 1372 2752 quod
1396 2697 1557 2753 supra
1584 2683 1969 2740 universalium
1991 2684 2232 2739 omnium

628 2776 814 2834 vivere
843 2789 927 2835 est
953 2777 1129 2850 ipsum
1159 2793 1301 2844 esse,
1332 2781 1508 2850 ipsum
1546 2778 1746 2844 vivere,
1779 2795 1886 2834 non
1915 2791 2004 2835 aut
2031 2777 2232 2850 aliquid

627 2889 782 2941 esse,
823 2883 918 2929 aut
945 2874 1143 2945 aliquid
1177 2875 1389 2942 vivere,
1439 2873 1580 2930 unde
1607 2889 1705 2930 nec
1733 2871 1805 2929 ὅν.
1839 2873 2056 2930 Certum
2086 2874 2231 2928 enim

625 2968 786 3023 etiam
817 2967 1071 3039 quiddam
1093 2977 1176 3023 est
1195 2966 1270 3037 ὃν,
1304 2966 1656 3037 intelligibile,
1688 2965 2230 3038 cognoscibile.Ergo

624 3059 672 3115 si
709 3076 814 3115 non
854 3055 925 3127 ὃν,
972 3076 1070 3116 ηεε
1096 3058 1243 3135 λόγος
1272 3102 1286 3125 ,
1333 3059 1480 3135 λόγος
1541 3060 1685 3114 enim
1727 3059 1981 3115 deﬁnitus
2016 3063 2131 3128 estf,
2173 3067 2226 3114 et

2346 1833 2540 1902 forma,
2574 1855 2692 1908 qua:
2720 1839 2866 1896 intus
2894 1853 2974 1898 cst
3001 1844 3222 1912 emissa,
3272 1847 3415 1903 foras
3437 1860 3530 1916 est,
3557 1867 3612 1905 an
3635 1867 3680 1907 se
3699 1852 3797 1923 ipsam

2346 1926 2548 1997 ejet-it?
2579 1931 2672 1985 sed
2700 1947 2822 1988 cum
2848 1935 2938 1989 illa
2963 1937 3103 1991 intus
3132 1938 3304 1994 forma
3336 1942 3596 1998 indiscreta
3618 1955 3660 1999 et
3681 1945 3797 1999 inﬁnita

2344 2023 2432 2090 sit,
2464 2025 2735 2094 quomodo
2761 2039 2814 2081 et
2849 2027 2901 2083 in
2930 2045 2990 2084 ea
3019 2046 3139 2102 qua:
3166 2031 3298 2089 foris
3324 2044 3422 2102 est,
3458 2036 3536 2090 illa
3561 2039 3796 2107 cognoscitur,

2343 2128 2410 2168 an
2437 2115 2541 2170 alia
2573 2127 2658 2173 est
2689 2119 2843 2174 haec?
2871 2121 2966 2176 sed
2993 2123 3038 2178 si
3069 2123 3191 2192 alia,
3225 2141 3333 2181 non
3356 2142 3479 2199 ergo
3498 2129 3557 2182 ab
3578 2129 3645 2182 illa
3668 2131 3797 2183 nataret

2341 2207 2653 2279 emissione,
2685 2213 2767 2268 vel
2789 2228 2884 2268 sua
2910 2217 3177 2272 motione:
3211 2228 3269 2275 et
3298 2220 3344 2274 si
3366 2221 3434 2274 ita
3454 2231 3506 2275 ut
3527 2220 3613 2275 alia
3631 2236 3706 2276 non
3719 2236 3796 2290 pars.

2341 2314 2443 2356 nec
2482 2303 2669 2360 eadem
2716 2322 2817 2363 nec
2861 2310 3082 2367 omnino
3147 2311 3436 2384 ὀμοούσιος,
3483 2324 3532 2371 et
3548 2315 3696 2371 deinde
3721 2315 3798 2370 unde

2343 2391 2458 2450 haec
2486 2398 2773 2466 apparuit?

2413 2488 2555 2544 XXI.
2614 2493 2689 2548 De
2714 2493 2883 2550 altero
2906 2511 3034 2568 ergo
3077 2497 3184 2554 duo
3213 2501 3492 2571 principia,
3527 2519 3583 2558 an
3613 2502 3798 2558 deniliilo?

2339 2584 2564 2640 nihilum
2613 2601 2719 2642 non
2763 2600 2846 2644 est
2879 2591 2980 2647 sub
3027 2593 3135 2648 Deo
3181 2603 3283 2649 τῶν
3315 2593 3484 2652 ὅντων.
3527 2592 3798 2653 DeindesiDei

2338 2681 2575 2748 potentia
2605 2683 2691 2738 vel
2721 2684 2994 2742 voluntate
3035 2688 3262 2755 exstitit,
3298 2707 3405 2747 non
3446 2702 3523 2749 est
3552 2691 3717 2747 nihilum
3744 2687 3798 2743 Dei

2337 2775 2574 2842 potentia
2617 2776 2700 2832 vel
2751 2778 3019 2834 voluntas.
3067 2781 3283 2838 Etenim
3327 2786 3370 2840 si
3402 2782 3797 2857 omnipotensDeus,

2335 2869 2723 2938 omnipotentia
2767 2873 2883 2942 ejus
2924 2883 2977 2929 et
3006 2890 3166 2932 causa
3215 2880 3487 2946 omnibus,
3527 2889 3575 2936 et
3604 2879 3688 2950 ipsa
3714 2877 3797 2931 exis-

2335 2962 2495 3014 tentia
2525 2972 2629 3017 est.
2669 2962 2806 3018 Num
2832 2981 2960 3036 ergo
2995 2968 3136 3037 quod
3163 2969 3430 3041 reliquum
3459 2981 3535 3027 est
3551 2971 3688 3026 dicere
3705 2965 3797 3021 aude-

2333 3069 2474 3122 mus,
2519 3071 2548 3110 a
2571 3073 2630 3112 se
2659 3068 2775 3114 orta
2803 3060 2917 3116 haec
2947 3061 3119 3118 forma
3144 3074 3223 3120 est
3246 3065 3272 3120 ?
3299 3076 3353 3122 et
3383 3066 3625 3137 quomodo
3643 3078 3726 3120 cum
3748 3075 3796 3115 es-

623 3152 911 3209 deﬁnitor:
946 3153 1060 3210 sive
1081 3154 1226 3210 enim
1252 3163 1335 3210 est
1356 3155 1495 3210 ratio
1519 3195 1535 3221 ,
1565 3153 1680 3211 sive
1709 3153 2026 3224 ,exislentim
2057 3153 2224 3223 ipsius
2253 3131 2300 3196 (ἶ
2329 3160 2413 3206 set
2441 3152 2492 3206 in
2519 3163 2690 3224 patre,
2717 3155 2888 3212 inscio
2917 3170 3088 3228 patre,
3116 3175 3181 3214 an
3208 3160 3465 3230 jubente?
3486 3164 3526 3217 si
3545 3161 3795 3231 jubente,n0tt

622 3247 884 3317 potentia,
933 3249 1047 3304 sive
1088 3264 1176 3305 res
1215 3248 1322 3305 illa:
1354 3265 1488 3320 quas
1517 3249 1866 3320 intelligentia
1900 3247 2125 3319 accipit,
2165 3256 2224 3302 ut

623 3339 1045 3412 uniuscujusque
1068 3341 1124 3396 ﬁt
1142 3341 1193 3397 ci
1209 3357 1328 3398 esse
1353 3359 1366 3395 :
1393 3350 1683 3408 cognoscat
1705 3341 1845 3412 quod
1863 3356 1966 3396 non
1996 3355 2224 3410 cognos-

620 3432 733 3500 cit,
767 3435 869 3491 nisi
907 3436 1298 3493 animadvertat
1335 3448 1389 3492 et
1424 3437 1600 3508 capiat
1641 3453 1761 3508 qua:
1801 3436 1905 3492 sint
1947 3436 2058 3503 illa,
2101 3451 2222 3507 qua:

621 3539 880 3598 praestant
906 3530 1197 3602 unicuique
1225 3530 1578 3586 substantiam
1604 3547 1616 3584 :
1648 3539 1700 3585 et
1731 3529 1818 3584 hic
1842 3528 1986 3604 λόγος
2039 3546 2217 3585 rerum

619 3637 716 3691 per
758 3637 917 3692 quem
952 3633 1134 3680 creata
1178 3632 1306 3679 sunt
1335 3622 1550 3692 omnia,
1597 3621 1915 3678 universalis
1958 3622 2213 3693 potentia,

617 3714 906 3772 continens
933 3717 1307 3774 universaliter
1329 3717 1567 3773 omnium
1598 3732 1704 3786 res,
1737 3726 2001 3788 praestans
2027 3716 2092 3772 ad
2118 3732 2216 3772 ex-

620 3806 896 3863 istentiam
939 3809 1232 3880 unicuique
1285 3827 1382 3867 sua
1418 3820 1473 3867 et
1499 3813 1737 3883 propria.
1773 3813 1914 3884 Ergo
1947 3812 2072 3883 quia
2118 3828 2216 3868 sua

615 3901 904 3973 unicuique
941 3912 995 3959 et
1023 3907 1238 3974 propria
1267 3914 1504 3974 praestat,
1533 3905 1723 3962 deﬁnit
1767 3916 1823 3963 et
1863 3906 2212 3975 determinat,

611 3999 775 4055 etiam
808 3998 936 4054 illud
977 3997 1030 4054 ὃν
1057 3997 1205 4054 facit.
1243 3998 1573 4068 lmponendo
1603 4001 1744 4056 enim
1789 4001 1996 4056 inﬁnito
2033 4003 2216 4057 termi-

611 4107 741 4146 num
796 4092 956 4148 rebus
1005 4091 1071 4146 ad
1129 4091 1472 4146 existentiam
1532 4091 1616 4146 sui
1665 4092 1953 4163 unicuique
2017 4091 2214 4148 format

610 4200 752 4251 rem,
786 4193 839 4238 et
873 4185 1284 4253 intelligentiam
1308 4184 1569 4239 inﬁnitate
1607 4184 1817 4239 sublata
1856 4185 2088 4256 subjicit.
2119 4186 2213 4241 Est

608 4295 739 4350 ergo
766 4279 816 4333 in
841 4294 908 4333 eo
933 4279 1074 4348 quod
1105 4296 1285 4334 rerum
1323 4289 1404 4334 est
1428 4281 1664 4350 potentia
1692 4281 1758 4335 ad
1783 4281 2068 4350 pariendas
2088 4281 2210 4336 efﬁ-

604 4373 930 4444 ciendasque
956 4373 1271 4429 existentias
1299 4370 1445 4448 λόγος
1474 4391 1486 4428 :
1511 4389 1581 4430 ex
1623 4389 1688 4430 eo
1732 4382 1910 4429 autem
1938 4375 2081 4446 quod
2110 4375 2207 4430 de-

604 4467 741 4535 ﬁnit,
769 4474 928 4537 atque
955 4465 1228 4522 concludit
1252 4466 1668 4537 unumquodque
1689 4466 1917 4522 formam
1941 4468 2200 4535 tribuens,

2327 3263 2455 3320 ergo
2496 3265 2525 3303 a
2556 3266 2615 3306 se
2664 3269 2676 3306 :
2725 3267 2793 3308 an
2822 3253 3117 3310 insciente?
3138 3266 3219 3311 est
3244 3273 3378 3329 ergo
3417 3257 3599 3329 aliquid
3620 3253 3795 3327 quodnon

2326 3342 2564 3410 potentia
2597 3343 2692 3399 Dei
2721 3344 2838 3412 fuit,
2867 3355 2958 3400 aut
2979 3357 3067 3404 est
3095 3348 3235 3418 quod
3266 3352 3386 3406 sine
3416 3349 3502 3405 illo
3527 3349 3626 3415 fuit,
3664 3340 3794 3400 cunde

2322 3432 2455 3508 λόγῳ
2480 3433 2571 3503 qui
2609 3434 2725 3505 ejus
2748 3436 2942 3493 dicitur
2963 3439 3153 3507 I'orma,
3187 3442 3256 3496 ita
3289 3443 3487 3497 dictum
3512 3444 3574 3498 sit
3597 3458 3608 3494 :
3631 3438 3794 3502 Perque

2322 3528 2460 3595 facta
2473 3537 2590 3582 sunt
2607 3530 2776 3584 omnia
2788 3541 2833 3585 et
2847 3532 2956 3586 sine
2974 3549 3072 3602 quo
3087 3536 3285 3606 factum
3303 3546 3376 3590 est
3393 3537 3514 3590 nihil
3541 3532 3704 3604 (Joana.
3718 3525 3792 3594 1,3).

2321 3617 2457 3687 Quid
2502 3621 2640 3675 istud
2687 3623 2813 3678 est?
2851 3632 3119 3680 tantarum
3144 3627 3519 3684 confusionum
3543 3641 3643 3698 quze
3663 3632 3795 3691 separa-

2321 3710 2442 3767 tio?
2486 3729 2604 3784 qua:
2637 3715 2680 3769 si
2723 3731 2830 3771 non
2873 3718 3073 3773 veritas
3103 3719 3190 3776 vel
3216 3721 3328 3776 vita
3356 3733 3438 3778 est
3463 3718 3687 3776 veritatis.
3707 3711 3794 3768 Adsit

2320 3804 2551 3874 Spiritus
2571 3818 2786 3865 sanctus
2814 3827 2827 3864 :
2861 3810 2987 3880 quid
3010 3813 3327 3883 inspiratum
3351 3815 3500 3870 nobis
3518 3815 3597 3877 sit,
3620 3809 3732 3867 modo
3745 3819 3796 3857 ιιι

2319 3896 2461 3954 ditor
2488 3900 2729 3956 attendat
2752 3944 2769 3970 ,
2815 3918 2946 3972 pura
2972 3915 3308 3976 exponentes
3339 3907 3652 3979 simplicitate
3672 3897 3794 3972 pande-

2317 4007 2457 4047 mus.
2499 3993 2710 4049 Interea
2741 4010 2906 4050 unum
2935 4012 3151 4062 moneo,
3191 3999 3318 4054 sine
3345 4011 3574 4070 tempore
3592 3983 3796 4056 becauin

2315 4087 2626 4154 convenire,
2662 4103 2727 4143 ex
2757 4098 2962 4146 aeterno
2990 4107 3206 4163 semper
3241 4094 3392 4149 nullo
3423 4091 3648 4162 temporis
3671 4081 3793 4157 princi-

2315 4177 2422 4247 pio,
2452 4178 2547 4234 sed
2577 4189 2636 4234 ut
2660 4181 2729 4235 sit
2754 4197 2918 4237 unum
2946 4193 3232 4254 utrumque
3261 4186 3572 4257 principium
3591 4192 3636 4238 et
3655 4186 3796 4251 genen-

2314 4281 2400 4327 tor
2440 4284 2493 4328 et
2531 4275 2789 4345 genitum.
2843 4276 3081 4332 Primum
3129 4278 3181 4333 in
3220 4280 3389 4336 rebus
3432 4277 3644 4342 aeternis,
3676 4264 3794 4325 ditiais

2311 4366 2650 4438 maximeque
2678 4369 2861 4436 primis
2887 4371 3155 4426 manentia
3179 4373 3383 4443 quieta,
3402 4384 3455 4429 et
3482 4373 3530 4428 in
3555 4385 3612 4426 eo
3629 4381 3708 4438 quo
3725 4365 3796 4415 sunt

2309 4460 2628 4529 existentia,
2673 4462 2817 4517 nulla
2859 4464 2941 4518 sui
2972 4481 3070 4535 per
3105 4474 3308 4521 motum
3353 4465 3628 4521 mutatione
3649 4465 3794 4530 geneﬂ‘

601 4553 675 4625 ὂν,
709 4567 793 4614 est
827 4558 937 4629 jam
967 4556 1225 4627 existens,
1256 4572 1378 4613 cum
1415 4556 1578 4614 fuerit
1617 4559 1735 4628 ejus
1773 4557 1917 4630 quod
1955 4567 2038 4614 est
2079 4573 2199 4615 esse

2307 4563 2450 4608 runt.
2491 4553 2703 4610 Primus
2735 4555 2899 4619 Deus,
2949 4534 3143 4614 deinde
3167 4559 3335 4633 λόγος,
3367 4558 3448 4614 vel
3475 4565 3603 4620 νοῦς,
3624 4550 3691 4608 vel
3705 4540 3797 4618 quid.

600 4665 745 4708 certa
775 4652 970 4708 forma.

669 4744 793 4799 XX.
845 4745 958 4800 IIoc
1001 4760 1122 4801 cum
1155 4743 1226 4799 ita
1252 4744 1342 4811 sit,
1369 4743 1648 4800 videamus
1675 4760 1741 4800 an
1781 4744 1979 4800 nullius
2005 4745 2194 4815 primi,

598 4839 741 4909 quod
767 4847 1010 4904 estesse,
1044 4839 1115 4895 sit
1141 4837 1306 4914 λόγος.
1339 4837 1396 4895 Si
1418 4838 1646 4894 dicimus
1672 4838 1959 4904 inﬁnitum,
1989 4838 2032 4894 si
2062 4837 2196 4894 dici-

599 4946 719 4986 mus
762 4930 1105 4996 immensum,
1148 4931 1532 4998 indiscretum,
1573 4948 1659 4988 res
1691 4932 1886 5005 quibus
1915 4947 2037 4990 esse
2063 4946 2194 4987 con-

595 5025 738 5082 sistit
772 5038 878 5078 non
916 5027 1180 5095 capimus,
1237 5043 1342 5083 non
1386 5038 1631 5084 tenemus
1680 5044 1695 5082 :
1746 5043 1875 5100 ergo
1903 5028 2046 5101 λόγος
2074 5027 2192 5096 ejus

595 5121 774 5177 nullus
800 5128 901 5174 est.
931 5118 1036 5175 Sed
1067 5121 1318 5189 quoniam
1347 5121 1463 5176 ﬁeri
1501 5137 1605 5176 non
1635 5132 1832 5192 potest,
1864 5131 1925 5176 ut
1957 5122 2025 5176 sit
2053 5135 2189 5190 quo-

592 5231 700 5287 quo
747 5215 909 5272 modo
938 5223 993 5271 et
1038 5215 1153 5270 sine
1176 5212 1311 5288 λόγῳ
1350 5229 1448 5269 suo
1487 5215 1556 5268 sit
1586 5214 1686 5270 hoc
1729 5214 1903 5283 ipsum
1952 5214 2191 5269 exiStens

592 5312 734 5387 quod
765 5321 868 5377 est,
918 5309 1157 5366 inﬁnitus
1186 5317 1288 5375 est,
1337 5310 1454 5364 sine
1483 5308 1646 5364 dubio
1673 5312 1722 5364 ei
1748 5307 1894 5382 λόγος
1924 5323 2054 5364 suus
2083 5316 2186 5374 est,

592 5406 687 5463 sed
732 5406 950 5460 latitans
970 5445 986 5471 ,
1021 5411 1075 5458 et
1097 5401 1336 5456 occultus
1359 5442 1373 5466 ,
1417 5411 1475 5455 ut
1505 5399 1576 5455 sit
1608 5400 1661 5453 in
1691 5415 1756 5455 eo
1787 5400 1929 5471 quod
1960 5409 2042 5455 est
2067 5415 2188 5455 esse

591 5499 768 5571 ipsum
813 5497 961 5572 λόγον
995 5509 1152 5562 esse;
1182 5493 1266 5550 vel
1302 5492 1481 5566 potius
1521 5493 1695 5564 ipsum
1716 5492 1859 5568 λόγος
1885 5491 2018 5547 nihil
2041 5491 2186 5547 aliud

591 5602 698 5658 est,
729 5606 890 5661 quam
918 5590 1096 5661 ipsum
1126 5601 1247 5646 esse
1276 5604 1290 5641 :
1321 5585 1425 5642 hoc
1447 5593 1628 5642 autem
1652 5584 1896 5657 estquod
1929 5583 2040 5640 dixi
2060 5599 2185 5640 vere

592 5684 844 5757 primum,
895 5682 1024 5739 illud
1071 5690 1128 5740 et
1175 5679 1554 5739 universaliter
1602 5678 1908 5738 universale
1957 5678 2182 5747 vivere,

590 5793 936 5851 quamquam,
965 5785 1022 5834 ut
1047 5775 1349 5842 docuimus,
1371 5774 1440 5833 sit
1464 5774 1636 5848 ipsum
1663 5773 1866 5846 vivere,
1895 5773 2094 5856 etvita,
2127 5781 2184 5828 et

2305 4645 2434 4717 quid
2463 4647 2602 4702 alter
2626 4656 2729 4714 est,
2757 4649 2842 4704 vel
2864 4659 3107 4720 uterque,
3144 4661 3200 4707 ut
3223 4652 3462 4722 spiritus,
3491 4661 3547 4706 ut
3573 4650 3726 4708 vivere,
3747 4636 3794 4692 νει

2302 4739 2432 4806 vita,
2465 4750 2522 4795 ut
2562 4741 2934 4812 intelligentia,
2966 4743 3049 4798 vel
3078 4746 3452 4814 cognoscentia
3500 4762 3514 4798 :
3556 4741 3797 4797 animantem

2301 4832 2412 4887 sola
2446 4841 2587 4888 mota
2615 4838 2991 4905 generationes
3019 4836 3196 4894 habet.
3222 4837 3347 4893 Haec
3363 4837 3537 4893 omnia
3559 4835 3627 4891 sic
3645 4832 3794 4887 domus:

2300 4925 2608 5004 τριδύναμος
2653 4939 2736 4985 est
2783 4930 2946 4998 Dens,
2996 4931 3047 4986 id
3089 4940 3191 4995 est,
3224 4941 3336 4987 tres
3377 4931 3622 5003 potentias
3647 4924 3794 4980 habens:

2301 5034 2438 5085 esse,
2484 5019 2696 5090 vivere,
2743 5023 3042 5094 intelligere
3075 5039 3090 5079 :
3125 5025 3195 5079 ita
3216 5033 3271 5078 ut
3298 5025 3352 5080 in
3383 5023 3592 5095 singulis
3615 5012 3793 5074 tiiasint.
3858 5012 3859 5072 1

2299 5114 2474 5186 sitque
2498 5117 2610 5186 ipse
2636 5133 2800 5172 unum
2829 5117 3102 5188 quodlibet
3119 5119 3275 5173 trium
3298 5134 3490 5175 nomen
3525 5130 3618 5188 quo
3644 5118 3794 5179 ξενη-

2299 5218 2406 5263 stat
2447 5210 2737 5280 accipiens,
2788 5220 2844 5266 ut
2891 5225 3050 5282 supra
3101 5211 3277 5276 docui,
3318 5220 3374 5268 et
3421 5213 3483 5268 iis
3512 5192 3792 5292 multiszniltil

2297 5303 2439 5358 enim
2472 5318 2593 5359 esse
2616 5303 2922 5371 dicendum,
2952 5305 3051 5359 nisi
3079 5304 3220 5376 quod
3249 5303 3515 5376 intelligit.
3543 5296 3719 5368 Triplex
3735 5290 3794 5357 iSl‘

2297 5405 2383 5450 tur
2412 5395 2467 5450 in
2493 5395 2716 5467 singulis
2743 5397 3116 5468 singularitas,
3167 5408 3220 5454 et
3247 5397 3476 5452 unalitas
3501 5397 3549 5450 in
3570 5387 3791 5447 Trinitate:

2289 5491 2388 5546 ista
2413 5505 2542 5546 vero
2568 5491 2667 5546 tria
2695 5506 2981 5564 progressu
3007 5507 3106 5547 suo
3134 5505 3486 5562 exponemus.

2362 5581 2528 5638 XXII.
2571 5581 2823 5640 Omnium
2871 5599 2993 5655 qua:
3033 5593 3176 5652 sunt,
3221 5597 3448 5654 qumque
3471 5593 3582 5638 esse
3605 5570 3788 5646 possunt,

2287 5686 2381 5732 aut
2425 5692 2548 5734 esse
2593 5686 2916 5748 potuerunt,
2950 5677 3310 5742 existentiam,
3347 5676 3538 5740 vitam,
3565 5664 3790 5756 intellisﬂl:

2287 5771 2525 5842 tiamque
2551 5787 2648 5843 pro
2677 5788 2858 5832 rerum
2880 5788 2944 5830 ac
2963 5772 3382 5831 substantiarum
3411 5779 3579 5842 captu.
3604 5771 3649 5822 ει
3670 5759 3788 5832 Ριτίί⁴
