4018 6184
224 355 360 410 â€œ9.9

1338 348 1709 410 ADVERSUS
1747 348 1969 407 ARIUM
2011 350 2218 407 LIBER
2257 353 2345 408 IV.

3384 365 3530 422 1150

220 468 518 539 cipationes
549 477 825 538 praestant,
855 468 1040 524 sortita
1070 475 1192 522 sunt
1226 475 1346 523 :est
1387 470 1529 523 enim
1562 469 1613 522 in
1643 467 1818 522 omni-
1844 468 1894 525 A
1921 467 2097 521 centia
2122 509 2136 533 ,
2184 477 2238 523 ct
2297 469 2563 525 intellecta
2624 477 2678 525 et
2742 471 3004 540 appellata
3053 483 3136 530 est
3193 491 3535 548 prtecognos-

223 561 321 616 bus
335 577 458 617 esse
475 577 652 625 suum,
669 562 850 618 vivere
866 577 1042 624 suum,
1062 561 1358 631 intelligere
1373 575 1546 625 suum,
1565 575 1829 630 suumque

229 653 453 719 sentire,
489 662 548 708 ut
589 655 696 708 sint'
726 655 826 708 ista
866 654 1052 708 umbra
1082 653 1163 708 vel
1195 657 1368 723 imago
1399 653 1555 706 trium
1587 654 1826 707 omnium

221 745 560 816 superiorum
595 763 606 798 :
631 762 760 817 ergo
799 747 936 802 Deus
961 761 1084 802 cum
1113 747 1200 810 sit,
1238 756 1291 799 ut
1315 745 1384 799 ab
1411 745 1660 800 omnibus
1687 745 1826 801 dici-

223 846 329 905 tur,
363 855 550 908 unum,
575 850 631 896 et
668 842 840 897 solum
868 857 1051 896 unum.
1085 839 1336 896 Nonnulli
1365 851 1544 896 autem
1573 840 1828 895 dixerunt

227 933 392 990 Deum
414 949 534 990 esse
556 950 718 990 unum
749 936 949 1000 omnia,
975 945 1027 990 et
1060 949 1160 991 nec
1184 950 1348 989 unum
1380 950 1394 998 ;
1424 932 1662 988 omnium
1682 933 1824 988 enim

227 1026 570 1097 principium,
592 1027 735 1082 unde
749 1041 853 1082 non
868 1025 1046 1081 omnia
1059 1027 1156 1082 sed
1179 1026 1269 1080 illo
1289 1025 1448 1080 modo
1462 1025 1662 1080 omnia.
1682 1023 1826 1079 Istud

224 1131 397 1176 autem
418 1120 515 1176 hac
527 1120 592 1176 de
603 1135 788 1176 caussa
808 1130 861 1175 et
875 1120 1100 1191 primum
1115 1119 1330 1191 quidem
1349 1119 1513 1174 Deum
1525 1133 1644 1173 esse
1662 1134 1824 1171 unum

224 1220 278 1268 et
304 1212 496 1268 solum.
525 1211 615 1267 llla
657 1214 780 1278 tria,
819 1213 941 1282 quia
984 1227 1087 1266 non
1131 1211 1472 1280 copulatione
1501 1209 1823 1274 consistunt,

223 1305 316 1360 sed
331 1304 618 1360 existendo
635 1306 774 1375 quod
793 1318 914 1361 sunt
935 1306 1070 1376 ipso,
1087 1305 1296 1376 etquod
1312 1305 1536 1358 alterum
1555 1302 1826 1358 credimus

225 1407 370 1463 sunt,
406 1398 712 1456 necessario
743 1415 930 1461 unum,
965 1413 1064 1453 nec
1092 1397 1203 1453 ullo
1238 1397 1398 1452 modo
1443 1396 1691 1451 alterum.
1719 1393 1826 1450 Sed

227 1492 294 1548 de
319 1493 418 1548 hoc
441 1507 586 1564 Sit-pe
610 1492 836 1548 dictum.
865 1490 1018 1559 Quod
1048 1505 1177 1546 vero
1203 1489 1406 1544 dictum
1430 1504 1592 1543 unum
1622 1488 1822 1551 omnia,

226 1594 281 1641 et
307 1600 407 1640 nec
429 1601 614 1651 unum,
660 1585 897 1639 omnium
927 1585 1069 1639 enim
1101 1581 1444 1653 principium,
1485 1580 1614 1635 satis
1639 1590 1823 1649 aperte

223 1676 566 1748 dilueideque
596 1677 854 1743 declarat,
885 1685 1090 1746 patrem
1122 1691 1301 1730 rerum
1332 1676 1570 1731 omnium
1604 1684 1657 1728 et
1679 1675 1823 1744 prin-

223 1767 420 1838 cipium
469 1769 636 1824 Deum
668 1785 681 1821 :
713 1769 800 1838 qui
827 1785 947 1824 cum
978 1783 1140 1822 unum
1175 1783 1277 1822 non
1308 1777 1410 1834 est,
1444 1766 1612 1837 magis
1643 1766 1820 1821 omnia

1931 563 2145 624 centia;
2187 562 2374 616 eodem
2406 562 2566 616 modo
2595 573 2649 616 et
2679 565 3102 635 praeexistentia,
3133 578 3187 624 et
3232 574 3530 640 pneviven-

1933 653 2026 706 tia.
2080 653 2243 707 Erant
2277 653 2492 723 quidem
2537 655 2672 721 hanc,
2717 657 2812 712 sed
2861 661 3096 715 nondum
3134 662 3529 731 animadversa,

1931 743 2168 798 nondum
2197 744 2491 815 nominata.
2511 746 2666 802 Unde
2690 756 2743 803 et
2769 748 3186 818 incivgnoseihile
3213 772 3372 810 omne
3389 759 3532 828 quod

1932 835 2073 890 Deus
2116 847 2216 892 est.
2263 837 2370 892 Sed
2394 839 2644 907 qu0niam
2675 848 2801 897 tunc
2829 845 3188 913 cognoscibile
3227 856 3282 903 et
3303 849 3532 907 habetur

1931 935 1984 982 et
2009 927 2222 993 dicitur,
2253 945 2374 985 cum
2403 941 2484 986 est
2504 937 2882 1002 cognoscentia
2915 955 2926 991 :
2957 939 3176 994 relativo
3209 951 3336 997 sunt
3361 946 3528 1013 enim,

1930 1030 1984 1075 ct
2023 1037 2083 1077 se
2136 1021 2366 1078 invicem
2413 1033 2597 1080 tenent
2626 1038 2675 1082 et
2709 1029 2943 1097 pariunt,
2974 1041 3066 1086 aut
3091 1033 3318 1090 invicem
3350 1038 3534 1093 interi-

1930 1121 2121 1178 munt,
2164 1115 2399 1170 nondum
2427 1119 2790 1187 cognoscibilc
2822 1119 2948 1176 illud
2978 1138 3082 1176 non
3117 1123 3231 1190 fuit,
3255 1127 3377 1197 quia
3409 1145 3522 1183 non

1931 1203 2030 1259 fuit
2057 1210 2456 1277 cognoscentia.
2491 1209 2603 1265 Non
2648 1227 2754 1282 quo
2784 1229 2887 1268 non
2918 1214 3016 1268 fuit
3042 1215 3192 1284 illud,
3229 1221 3370 1289 quod
3403 1237 3530 1292 cog-

1930 1299 2188 1356 noscibile
2204 1300 2307 1356 sibi
2330 1301 2456 1357 fecit
2475 1305 2852 1372 cognoscentia
2872 1323 2886 1372 ;
2907 1308 3000 1362 sed
3027 1308 3152 1378 quia
3176 1318 3292 1364 erat
3312 1312 3527 1381 quidem

1929 1395 2072 1464 quod
2100 1395 2458 1466 cognoscibile
2505 1413 2625 1454 esse
2669 1409 2869 1470 posset,
2901 1419 3004 1457 non
3033 1420 3139 1474 quo
3169 1409 3533 1477 cognoscibile

1929 1496 2106 1542 esset:
2133 1489 2275 1558 quod
2301 1499 2424 1545 tunc
2464 1493 2521 1546 lit
2557 1501 2614 1548 et
2645 1495 2934 1564 accipitur,
2966 1512 3088 1552 cum
3120 1499 3529 1572 adintelligitur,

1927 1580 2071 1650 quod
2099 1589 2151 1635 et
2195 1579 2543 1652 intelligentia
2575 1600 2695 1640 esse
2725 1587 2911 1654 possit.
2941 1589 3051 1643 lloc
3079 1591 3240 1646 modo
3282 1592 3444 1662 igitur
3481 1603 3537 1651 et

1927 1671 1981 1728 in
2014 1674 2145 1741 Deo,
2180 1685 2235 1730 et
2273 1689 2394 1731 esse
2422 1685 2648 1744 poterat,
2675 1686 2730 1732 et
2757 1690 2872 1734 erat
2909 1696 2973 1736 ex
3005 1681 3106 1737 hoc
3132 1686 3534 1754 cognoscibile;

1927 1768 2050 1838 quia
2099 1777 2315 1823 etesse
2355 1777 2598 1837 poterat,
2636 1785 2704 1826 ex
2754 1773 2856 1825 hoc
2903 1785 3018 1828 erat
3061 1779 3459 1846 cognoscentia.

224 1871 307 1916 est
337 1879 348 1914 :
384 1861 507 1932 quia
529 1872 582 1918 et
614 1863 852 1916 omnium
878 1876 1067 1916 caussa
1090 1870 1173 1915 est
1200 1870 1359 1930 atque
1391 1860 1732 1928 principium,
1766 1867 1821 1912 et
1848 1854 1898 1914 B
2002 1858 2194 1913 XXIV.
2237 1861 2376 1926 Quid
2421 1877 2552 1932 ergo
2581 1879 2644 1917 ex
2674 1863 2796 1919 his?
2825 1865 3088 1933 Quoniam
3117 1867 3165 1923 si
3199 1869 3310 1924 haec
3353 1879 3535 1939 postea

227 1954 280 2008 in
303 1954 555 2010 omnibus
584 1955 787 2009 omnia.
821 1954 951 2022 Qua:
981 1969 1103 2008 cum
1149 1952 1218 2006 ita
1249 1963 1394 2016 sunt,
1425 1951 1528 2007 erit
1558 1951 1697 2004 Deus
1719 1965 1835 2004 om-

226 2044 338 2114 nia,
371 2045 632 2108 existens,
665 2045 1022 2110 oinnivivens,
1053 2043 1410 2111 omnividens,
1439 2054 1492 2097 et
1519 2041 1833 2096 omniintel-

227 2139 418 2210 ligens.
463 2139 532 2194 Et
570 2140 828 2211 quoniam
879 2139 1132 2204 diximus,
1175 2137 1365 2193 confici
1398 2137 1466 2191 ab
1499 2147 1618 2191 actu
1649 2146 1836 2206 poten-

229 2232 358 2287 tiam
391 2248 405 2285 :
439 2230 518 2287 sic
545 2233 688 2287 enim
717 2247 776 2288 se
799 2233 972 2303 prima
1005 2231 1235 2295 habent,
1267 2240 1324 2285 ut
1348 2245 1469 2286 cum
1499 2229 1607 2283 sint
1655 2228 1833 2283 omnia

228 2339 258 2379 a
284 2323 464 2380 divina
491 2325 729 2395 cnergia,
760 2323 811 2378 id
842 2333 926 2378 est
955 2336 1125 2390 actus,
1158 2332 1211 2378 et
1237 2321 1612 2391 operationes;
1648 2335 1834 2375 neces-

228 2418 428 2473 sarium
454 2427 556 2485 est,
606 2428 715 2473 uta
746 2418 856 2473 Deo
887 2417 1149 2486 principio
1174 2415 1414 2471 omnium
1448 2415 1827 2483 potentiarum,

229 2511 606 2568 universaliter
667 2511 1046 2567 universalium
1093 2511 1212 2565 fons
1253 2520 1308 2565 et
1352 2510 1505 2580 origo
1559 2519 1827 2564 nascatur.

230 2603 336 2659 Iste
364 2618 594 2674 namque
636 2619 817 2660 rerum
843 2615 1161 2674 progressus
1188 2610 1270 2657 est
1296 2642 1310 2667 ,
1359 2610 1419 2655 ut
1449 2615 1572 2655 cum
1601 2600 1778 2654 omnia
1801 2613 1832 2654 a

229 2695 361 2764 Deo,
393 2696 648 2767 potentia:
672 2705 726 2752 et
753 2707 908 2752 actus
939 2712 967 2748 a
1002 2695 1132 2760 Deo,
1181 2693 1274 2765 qui
1298 2707 1456 2762 supra
1489 2691 1754 2762 potentias
1780 2698 1834 2745 et

229 2801 380 2846 actus
400 2789 683 2860 accipitur,
708 2799 825 2844 orta
849 2789 964 2844 haec
989 2803 1110 2844 esse
1136 2785 1446 2842 credantur.

305 2885 492 2942 XXIII.
537 2886 736 2942 Verum
762 2901 885 2942 cum
915 2902 946 2940 a
976 2885 1129 2941 nobis
1155 2884 1357 2940 dictum
1373 2885 1442 2939 sit
1462 2885 1632 2938 Deum
1653 2890 1832 2937 actum

232 2983 518 3054 quemdam
545 2997 687 3046 esse,
709 2981 851 3052 quod
871 2991 954 3036 est
984 2979 1183 3044 vivere,
1217 2979 1312 3036 sed
1347 2980 1449 3034 hoc
1480 2979 1662 3033 vivere
1689 2974 1833 3046 quod

235 3090 399 3145 supra
429 3089 591 3129 omne
611 3083 693 3128 est
719 3073 922 3138 vivere,
955 3082 1008 3128 et
1031 3089 1095 3128 ex
1126 3081 1351 3138 interno,
1396 3082 1558 3142 atque
1586 3071 1637 3124 in
1671 3079 1831 3123 aeter-

237 3184 388 3232 num,
419 3165 607 3222 vivere
631 3165 791 3220 simul
812 3165 1088 3220 intellectu
1119 3165 1376 3234 acceptis,
1403 3173 1458 3218 et
1486 3179 1550 3218 eo
1577 3161 1718 3233 quod
1750 3169 1833 3216 est

1937 1960 2060 2006 nata
2085 1963 2229 2018 sunt,
2259 1951 2478 2009 fuerunt
2501 1953 2554 2008 in
2584 1955 2696 2010 Deo
2749 1979 2762 2012 :
2814 1966 2870 2012 et
2897 1957 2944 2012 si
2976 1958 3212 2025 fuerunt,
3244 1961 3371 2032 quia
3399 1964 3539 2020 Deus

1939 2059 2101 2098 unum
2127 2086 2141 2109 ,
2185 2053 2238 2099 et
2266 2043 2366 2099 ista
2391 2062 2552 2100 unum
2573 2089 2588 2112 ,
2637 2055 2692 2102 et
2715 2047 2766 2103 id
2796 2050 2938 2120 quod
2970 2052 3130 2118 Deus,
3161 2061 3216 2108 et
3245 2053 3345 2109 ista
3375 2072 3538 2112 unum

1937 2139 2060 2206 quia
2099 2139 2256 2193 Deus.
2292 2139 2396 2194 Ista
2435 2140 2576 2195 idem
2607 2157 2734 2212 ergo
2759 2145 3121 2214 cognoscibile
3141 2155 3196 2202 et
3215 2164 3544 2218 cognoscen-

1938 2231 2045 2298 tia;
2080 2232 2173 2287 sed
2220 2232 2288 2286 ita
2323 2241 2382 2287 ut
2407 2234 2769 2304 cognoscibile
2795 2239 2937 2306 quod
2969 2238 3060 2305 sit,
3091 2239 3192 2294 hoc
3219 2240 3290 2296 sit
3315 2258 3544 2313 cognos-

1937 2327 2135 2383 centia.
2169 2327 2380 2381 Etenim
2409 2342 2530 2382 cum
2560 2329 2730 2384 virtus
2757 2333 2944 2386 horum
2976 2333 3138 2388 trium
3163 2352 3264 2390 una
3295 2336 3399 2392 sit:
3421 2353 3558 2395 esse

1936 2419 2078 2474 enim
2109 2419 2242 2474 nihil
2271 2419 2416 2475 aliud
2443 2429 2706 2491 estquam
2739 2423 2938 2490 vivere,
2983 2437 3141 2498 atque
3162 2429 3338 2499 ipsum
3361 2432 3544 2489 vivere

1935 2512 2260 2583 intelligere,
2307 2529 2428 2568 cum
2460 2514 2533 2570 sit
2559 2524 2615 2571 et
2641 2515 2970 2573 intellectum
2999 2535 3154 2587 esse;
3188 2529 3298 2577 tota
3327 2523 3407 2578 vis
3432 2525 3545 2579 sin-

1935 2606 2185 2677 gulorum
2237 2607 2288 2660 in
2335 2623 2400 2663 eo
2455 2616 2540 2662 est
2585 2609 2726 2678 quod
2771 2621 2853 2665 est
2900 2627 3247 2683 cognoscere,
3296 2615 3379 2671 vel
3420 2631 3543 2672 esse

1935 2698 2391 2769 cognoscentiain.
2439 2700 2545 2755 Sed
2595 2715 2716 2756 esse
2763 2707 3141 2774 cognoscentia
3191 2723 3294 2763 non
3345 2717 3540 2777 potest,

1935 2793 2042 2848 nisi
2084 2792 2154 2847 sit
2194 2795 2556 2863 coguoscibile
2603 2813 2614 2848 :
2661 2796 2714 2850 in
2747 2797 2829 2852 his
2855 2806 3031 2852 autem
3066 2800 3253 2868 primis
3280 2803 3372 2858 ubi
3401 2805 3542 2873 quod

1937 2896 2021 2943 est
2045 2902 2188 2951 esse,
2220 2887 2272 2942 id
2300 2896 2384 2941 est
2409 2890 2551 2958 quod
2582 2889 2786 2953 vivere,
2815 2899 2870 2945 et
2893 2893 3036 2962 quod
3072 2892 3393 2965 intelligere,
3423 2911 3546 2952 esse

1937 2979 2300 3051 cognoscibile
2349 2995 2454 3034 non
2487 2989 2682 3048 potest,
2719 2983 2818 3037 nisi
2847 2985 2961 3052 ipsa
2991 2989 3372 3057 cognoscenlia
3407 3005 3545 3044 nou-

1937 3070 2064 3126 dum
2088 3086 2376 3142 apparens,
2397 3073 2490 3127 sed
2504 3088 2562 3128 se
2583 3076 2724 3128 intus
2754 3084 2962 3139 tenens,
2983 3093 3316 3148 manensque
3337 3081 3540 3167 quieta,

1939 3180 2182 3226 cessans,
2219 3177 2382 3235 atque
2410 3165 2462 3219 in
2485 3181 2546 3221 se
2571 3182 2729 3222 versa
2755 3169 2854 3222 sihi
2887 3185 2945 3225 se
2966 3173 3384 3241 cognoscibilem
3411 3165 3548 3245 prat-

236 3277 378 3327 esse,
405 3273 546 3318 eteo
573 3259 716 3331 quod
739 3256 1057 3328 intelligere,
1082 3257 1175 3313 sed
1197 3257 1276 3312 sic
1298 3256 1478 3321 simul,
1503 3267 1558 3311 ut
1581 3271 1649 3310 ne
1671 3254 1839 3325 phan-
1870 3239 1916 3304 C
1949 3261 2102 3316 bens.
2133 3260 2264 3316 Cum
2288 3263 2432 3316 enim
2463 3262 2574 3331 ipsa
2606 3265 2982 3332 cognoscentia
3007 3239 3193 3333 lateat,
3221 3276 3381 3337 atque
3404 3239 3545 3340 apud

240 3354 370 3409 tasia
416 3353 632 3425 quidem
664 3351 1022 3422 copulationis
1065 3353 1134 3407 sit
1167 3369 1178 3404 :
1215 3349 1518 3406 necessario
1543 3360 1722 3404 autem
1754 3348 1840 3402 vi-

237 3446 398 3503 vendi
421 3455 561 3513 actu,
595 3444 673 3501 uti
697 3443 878 3507 docui,
928 3444 1219 3498 conï¬tetur
1245 3453 1404 3514 atque
1432 3441 1642 3498 exsistit
1670 3443 1840 3496 forma

239 3555 398 3608 quam
430 3536 789 3594 universalem
816 3536 1108 3607 potentiam
1127 3535 1486 3602 nominamus,
1516 3550 1611 3605 per
1631 3534 1839 3604 singula

239 3629 328 3685 illa
376 3629 619 3697 formata,
659 3644 818 3700 quam
846 3645 913 3684 ex
944 3629 1088 3684 omni
1135 3627 1480 3694 exsistentia,
1528 3643 1592 3682 ex
1617 3626 1842 3682 omnivi-

239 3723 386 3778 venti
429 3719 810 3776 omniviventia
839 3762 855 3785 ,
903 3735 974 3776 ex
1021 3719 1376 3776 omnividenti
1429 3719 1838 3775 omnividentia.

245 3813 372 3869 ï¬‚are
412 3813 616 3885 singula
664 3812 919 3883 potentia;
959 3823 1016 3868 ut
1060 3824 1184 3869 nota
1215 3824 1268 3868 et
1309 3813 1701 3868 determinata:
1737 3810 1844 3868 Sed

243 3923 370 3964 cum
395 3907 450 3962 in
489 3922 599 3962 uno
624 3907 825 3971 omnia,
870 3907 958 3962 vel
985 3923 1147 3962 unum
1175 3905 1374 3969 omnia,
1409 3916 1646 3960 autcum
1679 3919 1844 3958 unum

244 3999 448 4066 omnia,
477 3999 563 4054 vel
589 4014 689 4055 nec
712 4016 900 4065 unum,
926 4014 1026 4055 nec
1047 3999 1247 4063 omnia,
1277 4001 1333 4054 iit
1363 3999 1655 4065 inï¬nitum,
1688 3997 1745 4052 ï¬t
1765 3997 1848 4052 iu-

245 4090 542 4162 cognitum,
567 4089 986 4156 indiscernibile,
1009 4089 1444 4161 incognoseibilc,
1473 4099 1527 4144 et
1552 4089 1696 4160 quod
1724 4104 1847 4144 vere

247 4185 445 4242 dicitur
462 4187 724 4261 á¼€Î¿ÏÎ¹ÏƒÏ„á½·Î±,
749 4183 799 4238 id
814 4193 918 4252 est,
935 4183 1189 4246 inï¬nitas,
1209 4193 1261 4238 et
1280 4183 1730 4238 iudeterminalio.
1759 4183 1850 4236 Et-

247 4277 392 4334 enim
422 4277 662 4333 omnium
677 4273 808 4332 esse
838 4277 941 4343 sit,
971 4285 1026 4333 et
1051 4278 1289 4332 omnium
1319 4278 1498 4333 vivere
1523 4285 1578 4332 et
1609 4279 1848 4331 omnium

248 4369 704 4438 intelligere,etid
725 4385 908 4436 unum,
925 4369 1108 4425 etsine
1125 4370 1400 4439 phantasia
1419 4369 1638 4425 alterius
1652 4385 1845 4425 unum:

249 4462 389 4518 unde
417 4477 518 4518 nec
547 4477 710 4518 unum
729 4463 879 4533 ,quia
899 4461 1136 4518 omnium
1164 4461 1485 4533 principium
1504 4463 1744 4519 :undeet
1769 4463 1851 4533 ip-

247 4555 359 4612 sius
377 4555 554 4611 nnius.
570 4556 650 4611 Ex
668 4555 770 4611 hoc
781 4555 1023 4626 cogimur
1031 4555 1141 4626 jam
1166 4554 1471 4611 necessario
1484 4564 1538 4611 et
1555 4555 1641 4610 illa
1656 4556 1724 4612 de
1741 4557 1851 4612 Deo

1945 3368 2004 3408 se
2031 3354 2121 3420 sit,
2153 3352 2451 3409 forinsecus
2473 3354 2525 3407 in
2557 3369 2615 3408 se
2637 3354 2866 3422 intrans,
2894 3357 2987 3412 sed
3033 3359 3347 3415 naturaliter
3370 3377 3547 3416 mersa

1944 3446 1997 3502 in
2039 3463 2126 3512 eo,
2158 3447 2207 3501 iu
2235 3462 2340 3517 quo
2369 3450 2417 3502 ei
2449 3462 2571 3502 esse
2596 3458 2681 3502 est
2704 3463 2964 3514 manens;
3005 3449 3123 3520 ejus
3154 3450 3340 3507 formae
3363 3459 3468 3518 est,
3492 3461 3550 3508 ut

1945 3540 2310 3611 cognoscibile
2340 3554 2462 3596 esse
2492 3541 2661 3609 possit
2683 3556 2802 3595 cum
2833 3543 3005 3598 excita
3035 3547 3414 3614 cognoscentia
3437 3547 3550 3602 vel-

1948 3643 2003 3689 ut
2051 3648 2266 3706 egressa
2291 3650 2352 3689 se
2388 3633 2863 3702 circnmSpiciens,
2906 3636 3339 3703 cognoscentiam
3375 3653 3435 3694 se
3464 3639 3547 3695 fe-

1947 3727 2100 3788 cerit,
2147 3724 2525 3795 cognoscendo
2564 3741 2624 3779 se
2672 3725 2730 3778 iit
2765 3727 3131 3795 cognoscibile
3179 3741 3336 3784 suum
3383 3728 3545 3785 facta.

1949 3818 2062 3874 Hoc
2094 3820 2270 3889 igitur,
2333 3818 2376 3872 si
2425 3817 2508 3872 fas
2550 3818 2876 3884 estdicere,
2919 3820 3020 3874 hoc
3064 3821 3282 3892 inquam
3308 3863 3322 3886 ,
3383 3823 3548 3879 modo

1949 3911 2082 3966 illud
2115 3912 2376 3980 primum,
2412 3926 2576 3966 unum
2609 3911 2736 3966 illud
2788 3911 2960 3966 solum
2989 3953 3003 3980 ,
3054 3913 3183 3968 illud
3234 3915 3412 3985 Deus,
3462 3917 3549 3972 vel

1949 4003 2171 4072 spiritus
2194 4043 2208 4067 ,
2235 4002 2318 4057 vel
2347 4003 2562 4073 spirans
2585 4043 2601 4070 ,
2635 4003 2718 4058 vel
2749 4003 2928 4059 lumen
2951 4045 2964 4068 ,
3000 4006 3081 4060 vel
3114 4005 3412 4074 luminans,
3462 4011 3549 4064 vel

1949 4095 2190 4150 existens
2211 4135 2226 4160 ,
2256 4095 2342 4150 vel
2397 4095 2817 4160 omniexistens,
2854 4096 2938 4150 vcl
2968 4098 3254 4151 existentia
3276 4139 3291 4162 ,
3319 4100 3404 4155 vel
3431 4116 3549 4155 om-

1951 4185 2290 4240 niexistentia
2318 4226 2334 4251 ,
2361 4185 2447 4240 vel
2479 4186 2667 4241 vivens
2687 4228 2701 4250 ,
2733 4186 2817 4241 vel
2849 4186 3184 4242 omnivivens
3205 4230 3219 4255 ,
3271 4188 3355 4243 vel
3408 4191 3546 4257 vita,

1952 4277 2035 4332 vel
2069 4278 2298 4333 viventia
2319 4319 2333 4344 ,
2363 4281 2445 4333 vel
2478 4279 2864 4333 omniviventia
2889 4321 2902 4344 ,
2932 4280 3017 4334 vel
3051 4280 3357 4350 intelligens
3388 4291 3552 4354 atque

1953 4383 2286 4440 cognoscens
2326 4413 2341 4438 ,
2413 4370 2498 4426 vel
2578 4370 3033 4442 onmiintelligeus
3073 4414 3088 4438 ,
3171 4373 3555 4445 omnicognos-

1955 4477 2125 4530 cens,
2213 4462 2295 4519 vel
2373 4462 2895 4532 omniintelligentia,
2962 4464 3487 4536 omnicognoscentia
3531 4507 3546 4533 ,

1957 4557 2334 4627 omnipotens,
2434 4556 2758 4610 omnimodis
2846 4555 3143 4625 perfectus,
3232 4559 3549 4616 intermina-

247 4647 449 4714 dicere,
474 4657 535 4703 ut
557 4647 1230 4719 ejusincompreheusibile
1245 4647 1383 4703 sitet
1398 4663 1539 4715 esse,
1567 4657 1622 4704 et
1642 4649 1846 4716 vivere,
1875 4623 1931 4685 D
1958 4660 2040 4706 tus
2065 4692 2080 4718 ,
2135 4651 2462 4716 immensus,
2515 4649 2612 4705 sed
2640 4649 2850 4704 czeteris
2877 4689 2891 4712 ,
2947 4649 3048 4704 sibi
3109 4652 3427 4707 terminatus
3498 4663 3556 4709 et

249 4751 308 4800 et
326 4742 646 4813 intelligere,
677 4757 776 4798 nec
796 4742 967 4797 solum
991 4749 1049 4796 ut
1071 4741 1618 4814 incomprehensibile
1638 4744 1755 4814 ejus
1781 4745 1854 4800 sit

251 4851 394 4900 esse,
422 4836 600 4891 vivere
618 4844 674 4892 et
700 4835 1030 4907 intelligere;
1061 4845 1239 4894 utnec
1263 4853 1384 4895 esse
1406 4839 1618 4909 quidem
1646 4838 1748 4893 ista
1771 4840 1851 4894 vi-

252 4926 636 4999 deantur'quod
653 4929 740 4984 ille
752 4944 912 4999 supra
926 4930 1102 4984 omnia
1125 4929 1196 4984 sit
1215 4946 1410 5002 :quare
1431 4941 1487 4986 et
1506 4935 1850 5008 á¼€Î½á½»Ï€Î±ÏÎºÏ„Î¿Ï‚,

254 5028 312 5078 et
352 5023 610 5088 á¼€Î½Î¿á½»ÏƒÎ¹Î¿Ï‚,
657 5031 712 5077 et
741 5019 912 5090 á¼„Î½Î¿Ï…Ï‚,
961 5029 1016 5078 et
1041 5020 1197 5088 á¼†Î¶Ï‰Î½,
1231 5023 1351 5079 Siue
1379 5025 1688 5090 existentia,
1737 5028 1854 5082 sine

253 5119 577 5186 substantia,
622 5119 739 5175 sine
769 5119 1144 5189 intelligentia,
1184 5119 1303 5175 sine
1340 5121 1449 5175 vita
1477 5120 1673 5175 dicitur
1704 5138 1714 5173 :
1747 5135 1852 5175 nou

259 5211 476 5283 quidem
497 5227 590 5281 per
611 5213 875 5288 ÏƒÏ„á½³ÏÎ·ÏƒÎ¹Î½,
907 5211 960 5266 id
981 5223 1086 5279 est,
1111 5228 1218 5268 non
1247 5228 1342 5283 per
1363 5211 1736 5283 privationem,
1760 5212 1854 5267 sed

263 5320 366 5377 per
412 5304 866 5375 supralationem;
905 5305 1086 5360 omnia
1129 5305 1270 5360 enim
1319 5321 1439 5377 qua)
1482 5319 1640 5360 voces
1680 5303 1856 5359 nomi-

262 5406 416 5462 nant,
449 5403 567 5466 post
593 5395 768 5466 ipsum
796 5403 951 5451 sunt:
978 5397 1118 5453 unde
1143 5413 1243 5454 uec
1266 5394 1341 5468 á½ƒÎ½,
1369 5398 1465 5454 sed
1489 5400 1654 5470 magis
1677 5396 1853 5474 Ï€ÏÎ¿á½¹Î½.

257 5488 467 5547 Eodem
516 5489 676 5544 modo
708 5488 1103 5558 praeexistentia
1131 5533 1145 5557 ,
1192 5489 1570 5559 praavidentia,
1621 5504 1858 5559 praecog-

257 5583 535 5640 noscentia
565 5582 755 5637 horum
784 5598 902 5653 quae
928 5582 1284 5638 coniiciuntur
1315 5603 1328 5639 :
1357 5583 1478 5655 Ipse
1507 5591 1686 5638 autem
1719 5597 1860 5655 pra:-

256 5680 562 5742 exsisteus,
629 5677 968 5748 praevidens,
1025 5693 1467 5749 priecognoscens
1524 5697 1536 5732 :
1598 5679 1694 5734 sed
1746 5681 1860 5735 lucc

258 5769 441 5826 omnia
515 5769 898 5840 apparentibus
947 5769 1202 5825 secundis
1259 5779 1315 5827 et
1366 5771 1639 5830 intellecta
1694 5782 1858 5844 sunt,

257 5870 325 5934 et
389 5863 686 5924 nominata.
745 5863 1032 5932 POstquam
1108 5865 1252 5922 enim
1317 5867 1562 5938 apparuit
1628 5881 1860 5941 cognos-

548 5970 828 6071 Pa'rnoL.
867 5964 1043 6056 Î³Î¹Î¹Î¹Îµ

1955 4761 2174 4801 mensus
2200 4785 2214 4811 ,
2247 4757 2414 4812 super
2443 4741 2652 4806 omnia,
2686 4749 2742 4795 et
2772 4739 2972 4796 idcirco
2995 4740 3198 4796 nullum
3253 4743 3320 4798 de
3369 4745 3546 4801 omni-

1954 4839 2056 4896 bus
2078 4880 2092 4904 ,
2129 4852 2192 4893 ac
2213 4836 2383 4906 magis
2403 4851 2469 4890 ex
2497 4849 2604 4905 quo
2626 4833 2808 4888 omnia
2841 4873 2854 4886 .
2884 4849 3013 4903 ergo
3054 4851 3220 4891 unum
3281 4847 3335 4892 et
3375 4839 3552 4896 solum

1957 4949 2122 4996 unum
2157 4950 2170 4986 :
2209 4929 2530 5001 principium
2557 4928 2703 4984 enim
2733 4928 2992 4983 omnium.
3052 4927 3205 4986 Unde
3251 4947 3354 4986 non
3389 4949 3553 4990 unum

1954 5027 2135 5083 omnia
2159 5039 2384 5080 manens
2409 5025 2462 5078 in
2493 5037 2553 5078 se
2573 5063 2588 5088 ,
2622 5037 2798 5092 neque
2829 5023 2881 5076 in
2910 5037 2968 5078 se
2987 5062 3007 5091 ,
3056 5040 3126 5080 ne
3156 5025 3285 5094 duo,
3314 5027 3553 5096 auditor,

1962 5119 2196 5190 accipias
2219 5158 2235 5184 ,
2265 5115 2361 5172 sed
2392 5117 2568 5186 ipsum
2591 5129 2812 5169 manens
2833 5115 2918 5171 vel
2949 5118 3186 5178 mansio.
3210 5123 3364 5189 quies
3400 5121 3555 5192 quie-

1963 5222 2078 5280 tus,
2105 5211 2390 5281 quiescens
2436 5209 2639 5279 magis,
2675 5208 2799 5278 quia
2825 5223 2855 5262 a
2881 5209 3196 5279 quiescente
3252 5214 3436 5283 quies,
3499 5225 3557 5267 ut

1965 5321 2126 5376 supra
2155 5303 2455 5360 docuimus.
2487 5300 2642 5357 Unde
2668 5299 2847 5356 dictus
2872 5311 2953 5357 est
2982 5313 3038 5358 et
3064 5303 3259 5360 sedere
3305 5304 3461 5374 quasi
3503 5306 3556 5359 in

1966 5407 2154 5456 centro
2182 5406 2280 5454 Ï„á¿¶Î½
2299 5399 2502 5453 Ï€á½±Î½Ï„Ï‰Î½
2522 5393 2700 5462 á½„Î½Ï„Ï‰Î½,
2728 5394 2780 5451 id
2806 5405 2887 5451 est
2904 5437 2918 5462 ,
2941 5397 3181 5452 omnium
3232 5412 3352 5467 quae
3397 5407 3558 5468 sunt,

1965 5491 2107 5548 unde
2129 5489 2412 5545 universali
2442 5488 2600 5544 oculo
2621 5487 2673 5542 id
2700 5497 2802 5555 est,
2833 5487 3035 5544 lumine
3063 5488 3376 5544 substantia:
3403 5505 3550 5556 suas,

1967 5600 2073 5656 qua
2121 5583 2204 5639 vel
2236 5597 2356 5638 esse
2383 5591 2496 5646 cst,
2523 5580 2606 5635 vel
2640 5581 2854 5647 vivere,
2885 5583 2968 5637 vel
3013 5579 3316 5649 intelligere
3341 5622 3358 5649 ,
3393 5583 3444 5638 in
3467 5600 3561 5640 eas

1966 5687 2066 5736 Ï„á¿¶Î½
2087 5674 2262 5741 á½„Î½Ï„Ï‰Î½,
2297 5691 2403 5729 nou
2436 5673 2688 5728 versabili
2709 5685 2930 5744 aspecm
2959 5671 3122 5737 videt,
3155 5671 3279 5742 quia
3309 5685 3365 5728 et
3407 5676 3563 5744 quies

1969 5779 2083 5836 est,
2113 5786 2141 5823 a
2172 5778 2362 5824 centro
2385 5765 2545 5821 simul
2595 5766 2650 5820 in
2706 5766 2882 5820 omnia
2914 5780 3052 5820 unus
3091 5773 3175 5820 est
3223 5767 3387 5822 visus.
3438 5768 3567 5826 Htec

1971 5864 2145 5932 Deus,
2177 5859 2276 5922 sed
2301 5857 2575 5934 quomodo
2623 5857 2769 5920 Deus
2794 5866 2968 5930 pater,
3015 5859 3210 5928 etquis
3256 5857 3426 5932 (ilius,
3476 5872 3570 5926 aut

3101 5951 3181 6019 36
