4018 6184
563 289 696 344 “3|

1789 261 1982 326 MAR“
2021 257 2368 324 VICTORINI
2411 257 2498 314 AF
2506 256 2572 316 [il

3641 259 3731 320 illi!

559 395 835 469 quomodo
865 391 1036 458 ﬁlius,
1077 397 1132 444 et
1171 396 1360 460 postea
1387 381 1656 456 quomodo
1687 381 1847 438 Jesus
1874 379 2014 434 lili‘us
2045 392 2160 432 om-
2189 375 2247 438 Α
2273 371 2413 428 Deus
2469 369 2606 426 vivit
2652 385 2666 438 ;
2721 366 2774 422 id
2817 373 2997 424 autem
3041 373 3128 428 est
3154 379 3276 424 esse
3300 376 3350 422 et
3369 366 3638 442 intelligere,
3657 391 3738 447 qu

561 468 709 547 nlutn
731 501 852 544 esse
877 482 1237 557 principium,
1263 486 1389 534 ante
1416 477 1597 532 omnia
1628 487 1748 530 esse
1767 515 1782 540 ,
1809 479 1892 527 est
1915 468 2163 526 omnium

561 597 684 640 esse
707 624 721 648 ,
755 578 1076 652 principium
1110 589 1218 630 non
1251 583 1359 628 tam
1383 571 1617 642 quietem
1670 581 1792 622 esse
1833 575 1950 629 est,
2002 576 2164 633 quant

562 678 734 748 ipsam
759 673 996 745 quietem
1027 684 1170 726 esse.
1219 667 1412 722 Omnia
1457 663 1599 718 enim
1655 676 1773 730 que
1829 657 2007 728 genita
2059 653 2165 708 fac-

567 777 692 824 tave
717 775 841 822 sunt
879 779 944 820 ex
1004 769 1148 816 motu
1173 759 1353 831 genita
1382 755 1586 812 factavc
1616 760 1759 808 sunt.
1787 749 1960 806 Motus
1986 755 2164 802 autem

565 861 712 930 ipse,
743 873 854 928 quo
891 863 1069 911 motus
1119 861 1222 918 est,
1271 857 1556 920 antequam
1602 854 1846 900 movetur
1871 841 2026 914 quies
2045 845 2166 904 est;

565 951 874 1008 contrarius
925 947 1072 1004 enim
1125 953 1278 1001 ortus
1331 939 1730 996 contrariorum
1783 933 1950 999 ﬁunt,
1994 932 2066 987 ita
2111 937 2171 985 ut

569 1045 848 1103 contrario
869 1051 990 1099 ortu
1022 1037 1353 1096 contrarium
1369 1033 1515 1090 unde
1543 1031 1645 1086 hoc
1670 1037 1848 1084 ortum
1879 1035 1962 1083 est
1987 1031 2173 1095 pereat

569 1152 676 1194 non
735 1150 858 1191 esse
879 1177 893 1200 ,
954 1141 1013 1188 ut
1033 1146 1100 1188 ex
1148 1127 1259 1184 vita
1289 1141 1437 1182 mors
1461 1167 1478 1194 ,
1505 1133 1560 1180 et
1587 1137 1654 1178 ex
1681 1129 1856 1176 morte
1885 1117 2012 1173 vita.
2037 1115 2170 1188 [tem

571 1247 640 1287 ex
673 1245 742 1286 eo
767 1227 911 1299 quod
947 1233 1030 1282 est
1061 1237 1182 1279 esse
1213 1239 1225 1276 :
1257 1230 1310 1278 et
1327 1235 1393 1276 ex
1421 1234 1486 1275 eo
1518 1215 1660 1288 quod
1689 1229 1794 1269 non
1821 1227 1943 1270 esse
1963 1254 1980 1280 ,
2006 1217 2170 1270 esset.

575 1323 642 1378 Et
667 1322 798 1376 item
821 1334 890 1376 es
919 1317 1097 1388 quiete
1127 1321 1331 1381 motus,
1363 1320 1419 1368 et
1440 1326 1503 1366 ex
1526 1317 1678 1364 mottt
1698 1307 1868 1378 quies.

649 1413 820 1470 XXV.
853 1409 960 1466 Sed
983 1409 1326 1465 advertamus
1356 1403 1565 1470 acrius,
1589 1409 1750 1470 atque
1793 1395 1984 1453 audaci
2013 1391 2172 1450 intel-

575 1507 794 1578 ligentia
840 1519 1020 1560 rerum
1061 1501 1212 1568 vim,
1261 1497 1706 1568 altitudinemque
1757 1489 2071 1555 videamus,
2121 1493 2178 1542 ut

577 1598 850 1670 proposita
873 1596 974 1650 ista
1003 1603 1162 1660 sunt,
1195 1591 1240 1647 si
1271 1589 1503 1659 diligens
1525 1583 1950 1654 circumspeCtor
1978 1579 2172 1637 adver-

579 1699 685 1758 tat,
743 1689 980 1760 reperiet
1031 1700 1154 1742 esse
1197 1681 1540 1740 existentiam
1564 1675 1853 1748 quamdam
1887 1683 1941 1730 et
1965 1674 2018 1728 in
2049 1671 2134 1727 his
2161 1711 2178 1740 ,

2265 465 2371 519 ista
2418 477 2586 518 unum
2640 460 2740 515 tria
2788 459 3118 528 coniiciunt,
3171 460 3423 532 potentias
3447 466 3736 532 trementia.

2267 557 2395 612 tiam
2414 598 2429 624 ,
2454 555 2615 609 vitam
2635 595 2650 620 ,
2677 551 3120 624 intelligentiam.

2341 647 2534 708 XXVI.
2574 647 2682 704 Sed
2718 647 2839 718 quia
2869 646 2956 704 illa
2985 647 3088 706 tria
3116 663 3280 706 unum
3307 647 3544 722 quomodo
3559 648 3664 720 sint,
3683 653 3746 710 do-

2267 741 2356 799 cui
2382 763 2394 797 :
2417 759 2584 799 unum
2628 740 2910 812 quodlibet
2937 741 3038 798 tria
3067 740 3138 798 sit
3169 783 3188 812 ,
3231 741 3309 796 sic
3347 741 3517 818 ctista
3541 744 3622 800 tria
3638 760 3750 804 unum

2269 847 2394 893 sunt
2427 836 2556 893 :sed
2577 836 2632 891 in
2661 835 2771 892 Deo
2802 835 2918 892 haec
2937 835 3039 892 tria
3067 851 3190 894 esse
3207 843 3332 894 sunt
3361 874 3380 900 ,
3423 835 3476 892 in
3497 836 3588 894 ﬁlio
3601 839 3752 908 vivere,

2271 931 2326 990 in
2355 930 2558 1004 Spit-itu
2587 939 2775 986 sancto
2803 929 3106 1001 intelligere
3141 947 3156 988 :
3179 944 3308 1000 ergo
3333 944 3446 986 esse
3469 971 3484 1002 ,
3509 929 3658 990 vivere
3677 933 3759 1000 ,ἱπ-

2273 1024 2520 1098 telligere
2553 1067 2566 1092 ,
2598 1023 2652 1080 in
2685 1024 2792 1080 Deo
2820 1038 2942 1080 esse
2965 1031 3091 1080 sunt
3123 1040 3136 1078 :
3163 1021 3440 1080 existentia
3459 1023 3762 1092 autem,vita,

2273 1119 2626 1192 intelligentia
2648 1162 2662 1188 ,
2703 1119 2872 1176 forma
2899 1128 3027 1178 sunt
3056 1135 3070 1174 :
3103 1126 3227 1174 actu
3247 1117 3388 1174 enim
3413 1115 3634 1176 interiore
3652 1128 3762 1178 etot-

2273 1211 2420 1270 culto
2446 1211 2563 1284 eius
2595 1252 2612 1280 ,
2655 1211 2800 1282 quod
2820 1219 3043 1268 estesse
3077 1251 3092 1278 ,
3143 1209 3324 1268 vivere
3350 1251 3370 1280 ,
3409 1209 3688 1282 intelligere:
3715 1213 3764 1270 ἰι-

2275 1313 2362 1362 tus
2387 1303 2530 1362 enim
2581 1303 2658 1362 ita
2691 1312 2817 1362 sunt
2839 1313 2892 1362 et
2916 1303 3126 1360 occulta
3157 1343 3174 1371 ,
3222 1302 3490 1376 magisque
3513 1317 3766 1376 supraesse,

2277 1409 2332 1457 et
2351 1415 2515 1470 supra
2543 1399 2726 1456 vivere
2749 1441 2766 1466 ,
2797 1405 2858 1458 et
2883 1413 3048 1470 supra
3084 1395 3390 1468 intelligere
3412 1395 3546 1454 Deus
3563 1405 3648 1452 est.
3669 1395 3768 1454 Unde

2278 1501 2335 1550 et
2362 1495 2620 1560 ἀνούσιος,
2649 1493 2736 1550 vel
2755 1493 3079 1572 ἀνύπαρκτος
3091 1499 3148 1548 et
3165 1489 3298 1548 item
3307 1487 3458 1558 ἔζων,
3483 1486 3612 1552 item;
3621 1487 3772 1556 dicitur.

2280 1584 2755 1660 praeintelligentia
2780 1584 3012 1658 quadam
3045 1585 3300 1642 inventus
3325 1624 3344 1651 ,
3367 1591 3424 1640 et
3443 1581 3596 1652 magis
3615 1580 3772 1652 puler-

2281 1699 2427 1740 mam
2448 1697 2600 1740 suam
2628 1681 2876 1754 cognitus
2901 1722 2920 1748 ,
2948 1679 3044 1736 sed
3074 1678 3427 1736 inhaerentem
3451 1675 3778 1736 etcum

577 1797 806 1856 quorum
837 1778 1119 1851 phantasia
1144 1776 1374 1848 quadam
1400 1781 1483 1830 est
1507 1771 1730 1827 interire
1764 1789 1778 1824 :
1807 1781 2038 1836 namque
2059 1777 2180 1822 cum
2211 1763 2260 1830 Β
2289 1775 2470 1832 autem
2483 1773 2604 1834 sibi,
2623 1774 2692 1834 Ει
2727 1774 2838 1830 hoc
2857 1783 2940 1830 εει
2959 1814 2976 1840 ,
2993 1771 3140 1844 quod
3161 1769 3218 1826 in
3239 1779 3392 1840 pane
3415 1777 3494 1828 εει
3511 1767 3660 1828 (tum;
3683 1765 3774 1838 quod

581 1879 690 1932 vita
733 1877 800 1932 sit
849 1874 936 1930 cui
979 1873 1134 1928 adest
1163 1883 1314 1936 esse,
1345 1881 1412 1924 ex
1460 1880 1568 1938 qua
1612 1878 1762 1920 mors
1791 1861 2068 1926 nascitur;
2097 1867 2182 1915 est

580 1969 742 2026 etiam
773 1965 936 2022 morti
954 1977 1076 2020 esse
1099 2005 1112 2029 ,
1136 1963 1182 2018 si
1212 1977 1280 2018 ex
1310 1968 1483 2015 morte
1513 1957 1756 2014 nascitur
1781 1954 1914 2016 vita.
1939 1951 2184 2024 Itemque

581 2063 632 2117 si
655 2075 722 2117 ex
751 2073 824 2116 eo
845 2057 988 2129 quod
1013 2063 1100 2113 est
1127 2069 1248 2112 esse
1267 2095 1283 2121 ,
1313 2051 1548 2109 efﬁcitur
1585 2063 1694 2106 non
1738 2061 1858 2104 esse
1883 2063 1898 2114 ;
1927 2059 2181 2102 necessa-

585 2158 672 2210 rio
719 2152 826 2208 erit
871 2149 1034 2207 etiam
1093 2149 1266 2220 ipsum
1295 2161 1404 2202 non
1433 2159 1559 2210 esse
1581 2185 1596 2212 ,
1649 2143 1694 2199 si
1752 2157 1820 2198 ex
1851 2155 1919 2204 eo
1945 2137 2186 2194 nascitur

584 2246 730 2318 quod
753 2252 1018 2301 estesse:
1063 2243 1302 2312 itemque
1325 2239 1370 2295 si
1397 2237 1636 2295 cessatio
1669 2245 1782 2302 est,
1831 2241 2011 2288 motus
2064 2245 2187 2286 esse

583 2337 946 2396 cessationem
992 2347 1218 2390 necesse
1266 2341 1374 2400 est,
1429 2330 1478 2386 si
1525 2337 1705 2384 motus
1743 2335 2020 2382 nascatur.
2047 2321 2190 2392 Quid

585 2429 776 2502 igitur?
803 2443 986 2484 nonne
1013 2437 1136 2483 ortu
1156 2425 1556 2480 contrariorum
1587 2419 1884 2487 contraria,
1912 2427 2003 2473 aut
2026 2417 2194 2484 mori,

587 2530 680 2578 aut
709 2536 816 2576 non
843 2535 966 2577 esse
991 2517 1324 2574 creduntur?
1347 2514 1578 2572 Videtur
1607 2513 1702 2580 ita,
1724 2511 1824 2568 sed
1850 2519 2040 2568 contra
2061 2517 2147 2566 est
2170 2523 2186 2563 :

589 2627 718 2669 nam
739 2623 966 2684 utraque
991 2619 1212 2666 manent
1231 2649 1248 2678 ,
1277 2622 1382 2664 nec
1409 2608 1684 2663 intereunt
1718 2605 1788 2662 ab
1828 2613 2028 2661 aeterna
2055 2603 2190 2660 sub-

593 2707 830 2768 suntiali
881 2721 978 2762 sua
1035 2704 1333 2778 qualitate.
1367 2701 1654 2772 Quomodo
1703 2699 1846 2756 istud
1869 2697 1958 2766 sit,
1987 2697 2188 2766 dicam,

593 2800 735 2858 adsit
763 2800 926 2866 Deus,
954 2797 1046 2853 ﬁet
1075 2795 1284 2852 facilior
1325 2787 1633 2866 explicatio.
1688 2793 1823 2849 Esse
1871 2793 1925 2847 in
1975 2793 2193 2847 internis

595 2893 702 2950 hoc
719 2905 805 2949 est
832 2905 974 2958 esse,
1003 2889 1148 2961 quod
1168 2889 1376 2957 vivere,
1427 2887 1572 2959 quod
1626 2885 1947 2958 intelligere.
1982 2883 2195 2956 Saepius

599 2989 718 3044 haec
743 2995 798 3042 et
823 2984 1080 3053 diximus,
1123 2991 1180 3039 et
1219 2982 1591 3053 probavimus.
1641 2979 1699 3035 ld
1744 2987 1923 3036 autem
1955 2992 2076 3034 esse
2121 2977 2195 3034 ita

600 3089 704 3147 est,
727 3089 788 3134 ut
815 3078 922 3134 sint
950 3075 1024 3131 ibi
1053 3075 1314 3143 viventes,
1349 3069 2192 3144 intelligentesquesubstantia::
2247 3071 2250 3074 '

2283 1889 2404 1932 cum
2429 1874 2500 1929 ita
2530 1871 2602 1928 sit
2629 1913 2645 1939 ,
2699 1870 2842 1928 idem
2875 1867 3018 1924 ﬁlius
3043 1865 3192 1938 quod
3235 1875 3390 1939 pater
3409 1905 3426 1930 ,
3473 1863 3602 1924 unde
3633 1861 3780 1920 etiith

2283 1966 2430 2023 Deus
2461 2007 2478 2036 ,
2500 1962 2624 2036 quia
2647 1962 2752 2019 hoc
2769 1970 2856 2020 est
2879 1959 3052 2016 forma
3084 1999 3100 2026 ,
3128 1956 3253 2030 quia
3283 1956 3342 2016 id
3359 1954 3496 2028 quod
3519 1963 3592 2014 est
3615 1952 3778 2022 iisetias

2285 2059 2478 2118 forma.
2509 2055 2726 2116 Etenim
2752 2069 2878 2112 eum
2914 2068 3078 2120 esse.
3131 2052 3316 2110 vivere
3343 2091 3368 2118 ,_
3412 2046 3780 2120 uitelliga'eliw

2286 2151 2360 2210 sit
2385 2194 2402 2220 ,
2431 2151 2604 2210 forma
2627 2159 2810 2208 autem
2836 2148 2908 2206 sit
2931 2145 3222 2206 existentia
3248 2187 3266 2212 ,
3299 2144 3412 2204 vita
3435 2185 3454 2212 ,
3481 2140 3784 2214 immania:

2291 2243 2396 2302 ista
2427 2259 2515 2302 me
2541 2242 2724 2300 dicere
2751 2241 2836 2304 sic.
2881 2239 3122 2314 accipias
3145 2239 3312 2296 velim
3343 2279 3368 2306 ι
3403 2246 3464 2294 ut
3478 2250 3620 2308 supra
3659 2231 3788 2294 istasit

2291 2340 2454 2398 Deus.
2483 2337 2642 2408 Quod
2668 2337 2713 2394 si
2737 2336 2810 2396 ita
2836 2345 2924 2394 est
2953 2376 2970 2404 ,
3013 2335 3076 2394 tit
3103 2333 3250 2405 idem
3275 2335 3448 2392 turma
3463 2329 3597 2402 quod
3613 2326 3784 2392 substan-

2291 2433 2408 2492 tia:
2437 2431 2644 2490 Eodem
2665 2431 2806 2488 enim
2841 2427 3004 2488 modo
3040 2427 3222 2488 valent
3273 2437 3334 2484 et
3361 2435 3482 2484 sum
3505 2417 3790 2482 intaminatis

2291 2527 2380 2590 vel
2405 2525 2690 2586 existentia
2719 2566 2738 2594 ,
2776 2539 2900 2582 esse.
2925 2565 2950 2592 ,
2989 2521 3178 2584 vivere
3205 2563 3230 2590 ,
3281 2521 3616 2590 intelligere:
3646 2516 3790 2574 itam

2292 2622 2406 2682 duo
2449 2620 2590 2696 λόγοι
2615 2619 2724 2676 sint
2745 2658 2768 2686 ,__
2815 2633 2958 2676 unus
2995 2633 3092 2688 per
3129 2632 3300 2686 quem
3343 2609 3698 2684 unumquidque
3723 2607 3794 2664 sit:

2294 2717 2432 2772 alius
2459 2730 2554 2786 per
2572 2729 2736 2786 quem
2788 2710 3062 2782 quomoda
3087 2709 3162 2768 sit
3190 2727 3206 2768 :.
3247 2717 3436 2768 tamen
3455 2708 3578 2780 quia
3613 2697 3798 2762 edenti

2297 2811 2462 2868 habet
2485 2850 2500 2878 ,
2531 2806 2804 2882 quomodo
2830 2815 2884 2864 et
2905 2805 3150 2878 quidque
3183 2803 3254 2864 sit
3282 2843 3310 2870 ,.
3331 2800 3616 2864 necessario
3639 2801 3692 2858 ι
3712 2809 3795 2854 unus

2303 2901 2451 2978 λόγος
2475 2946 2494 2970 ,
2537 2901 2682 2960 idem
2703 2900 2924 2956 valente
2947 2896 3126 2958 forma.
3167 2895 3320 2970 quod
3344 2893 3642 2954 substantia.
3661 2883 3798 2958 Emi

2299 2995 2446 3052 idem
2477 2994 2652 3062 valet,
2668 3001 2724 3050 et
2749 2991 2896 3048 idem
2924 3000 3010 3048 est
3027 2988 3200 3046 forma
3219 3029 3240 3060 ι
3263 2987 3432 3050 istius
3446 2996 3612 3044 tamen
3629 2981 3800 3042 urbsu-

2301 3085 2389 3144 tia:
2401 3084 2550 3157 quod
2575 3087 2690 3156 ipsa
2706 3081 3032 3150 substantia,
3045 3080 3423 3140 substantialis
3441 3077 3580 3144 enim
3596 3077 3726 3134 fama
3739 3079 3800 3134 δι.

603 3171 702 3228 bas
731 3169 1060 3241 accipiamus
1087 3181 1186 3238 pro
1215 3167 1378 3222 modo
1425 3165 1769 3222 existentium
1800 3179 1890 3221 res
1921 3173 2033 3220 tres
2059 3177 2200 3233 prat—
2223 3155 2276 3222 (Ξ.
2304 3155 2450 3235 iam},
2479 3155 2746 3236 θτίιωίηε
2767 3173 2910 3250 quod
2938 3185 3089 3246 pater
3116 3214 3132 3240 ,
3155 3182 3248 3230 ιω
3277 3187 3460 3244 neque
3483 3179 3618 3242 pater
3642 3207 3658 3236 ,
3689 3173 3802 3232 me

603 3275 769 3331 stare,
799 3271 856 3320 et
905 3260 1314 3334 participatione
1359 3258 1442 3314 sui
1495 3267 1686 3314 cuneta
1738 3256 1998 3324 retinere,
2047 3263 2104 3311 et
2145 3253 2202 3308 in

605 3359 786 3415 noctis
809 3357 1012 3428 vigere,
1037 3354 1150 3411 sola
1181 3367 1306 3409 esse
1330 3350 1615 3422 simplicia,
1641 3350 1844 3416 divina,
1873 3358 2114 3404 aeterna:
2146 3345 2204 3401 in

607 3451 898 3508 mannis
921 3465 1056 3506 vero
1075 3457 1134 3505 et
1159 3447 1352 3521 hylicis
1382 3447 1564 3503 inesse
1593 3443 1835 3515 quidem,
1882 3442 1979 3499 sed
2008 3455 2204 3496 carna-

2307 3270 2453 3328 ﬁlius
2477 3279 2606 3328 ante.
2629 3281 2912 3341 egressum
2939 3266 3088 3326 foras
3115 3307 3130 3334 ,
3158 3266 3256 3326 sed
3281 3262 3638 3334 unumipsum
3655 3257 3788 3318 talum-

2379 3355 2594 3424 xxvu.
2621 3363 2734 3420 Hoc
2754 3377 2878 3424 cum
2915 3361 2990 3418 ita
3019 3359 3092 3416 sit
3123 3377 3140 3427 ;
3186 3375 3320 3416 cum
3343 3358 3415 3417 sit
3447 3357 3502 3416 e't
3523 3349 3806 3422 inteltiaereet

2311 3456 2664 3530 intelligentia
2701 3497 2718 3524 ,
2743 3455 2812 3512 sit
2835 3453 2978 3510 idem
2999 3451 3362 3526 intelligentia
3391 3448 3538 3522 quod
3557 3445 3652 3508 tua
3669 3450 3710 3500 et
3725 3433 3810 3530 «uti

611 3546 756 3602 libus
781 3545 944 3602 variis
968 3559 1034 3600 ac
1057 3543 1380 3600 mortalibus
1430 3541 1710 3598 sustineri.
1741 3538 1875 3595 Heic
1903 3551 2032 3608 ergo
2061 3549 2209 3592 mors
2283 3541 2396 3610 ἐει
2421 3527 2544 3610 θεέα
2569 3568 2588 3608 ι
2609 3565 2736 3608 cum
2759 3557 2940 3608 autem
2979 3548 3158 3620 ωηιίε
3189 3544 3398 3618 agendi
3415 3537 3662 3606 ψωεώ
3681 3527 3810 3596 intelli-

611 3639 658 3694 si
688 3650 793 3706 est,
825 3653 1112 3710 corporum
1146 3651 1294 3693 mors
1323 3644 1447 3705 est;
1480 3645 1535 3692 ct
1556 3635 1601 3691 si
1629 3634 1842 3706 plenior
1889 3629 2212 3690 adhibeatur
2314 3661 2442 3718 gere
2473 3686 2490 3712 ,
2511 3659 2678 3720 quam
2699 3657 2828 3700 esse
2851 3683 2870 3710 ν
2899 3655 3066 3712 quam
3093 3639 3276 3698 ﬂvere
3309 3655 3330 3708 ί
3357 3645 3414 3696 ει
3437 3621 3814 3696 enimsunt

617 3731 865 3798 intentio,
917 3747 1015 3787 nec
1057 3745 1369 3802 corporum,
1421 3729 1472 3786 id
1529 3739 1634 3795 est,
1687 3729 1744 3784 in
1788 3743 1853 3785 eo
1911 3727 2054 3799 quod
2087 3725 2212 3798 hyle
2317 3714 2616 3810 ἰηιριιίεέτθ
2638 3737 2782 3810 quod
2811 3736 2882 3794 sit
2913 3775 2932 3802 ,
2959 3743 3014 3790 ει
3043 3749 3170 3792 cum
3199 3731 3312 3790 hoc
3344 3730 3620 3792 suum“
3643 3765 3664 3796 ,
3691 3714 3814 3782 intelli-
3886 3731 3887 3752 ξ

618 3831 784 3888 sunt;
817 3823 914 3876 sed
935 3822 1126 3894 horum
1149 3837 1462 3892 corporum,
1509 3823 1562 3877 in
1593 3835 1656 3876 ea
1707 3821 1890 3892 Specie
1919 3835 2042 3891 quae
2070 3832 2216 3874 nunc
2318 3845 2446 3902 gem
2476 3807 2618 3902 (ίιιοιι
2645 3807 2786 3884 θίγω
2819 3847 2832 3884 ε
2861 3825 3170 3888 necessum
3186 3825 3260 3882 sn
3279 3823 3614 3896 ἰηιρωμω,
3636 3807 3818 3876 πυθιά-

621 3925 706 3974 est
730 3958 744 3984 ,
775 3915 963 3972 eﬂ'ecta
993 3915 1228 3986 quodam
1269 3915 1486 3970 interitu
1535 3915 1861 3971 dissolutio:
1893 3915 2008 3970 sola
2054 3913 2208 3985 igitur

2319 3901 2540 3996 ligentia
2565 3923 2708 3980 Deus
2727 3931 2812 3980 est
2838 3962 2854 3988 ,
2883 3937 3008 3977 cum
3035 3917 3292 3991 intelligit
3323 3919 3468 3976 Deus
3493 3957 3514 3984 .
3541 3928 3596 3974 se
3621 3901 3817 3996 i593"

619 4007 868 4079 corporis
919 4007 1132 4079 species
1183 4006 1443 4061 dissoluta
1484 4021 1606 4061 cum
1634 4007 1686 4061 in
1713 4007 1980 4063 elementa
2011 4007 2220 4077 disper-
2325 3995 2520 4086 ιέιιίείι
2546 4055 2562 4081 ,
2589 4029 2712 4070 cum
2736 4025 2920 4070 autem
2948 4027 3006 4068 se
3037 4011 3218 4084 ipsum
3237 4010 3496 4081 meum;
3520 4049 3546 4076 ,τ
3567 3995 3820 4066 meum

621 4101 786 4171 gitur,
817 4109 1036 4156 manent
1061 4115 1124 4154 ac
1145 4106 1272 4154 sunt
1300 4097 1444 4154 unde
1473 4098 1674 4154 victura
1720 4109 2060 4169 reparantur.
2095 4097 2222 4156 Ete-

629 4195 738 4252 nim
765 4210 886 4250 cutn
909 4195 964 4248 in
995 4193 1196 4248 mundo
1222 4202 1276 4248 et
1299 4193 1422 4266 her
1457 4193 1546 4256 sit,
1580 4209 1700 4264 qua:
1730 4193 2012 4250 elementis
2060 4193 2224 4250 certis

629 4303 846 4358 semper
872 4287 1072 4354 existit,
1106 4295 1298 4342 etcum
1321 4285 1583 4358 imagines
1623 4285 1838 4341 illorum
1879 4287 2062 4353 trium,
2105 4283 2226 4341 heic

632 4397 866 4452 quotute,
901 4380 954 4436 id
974 4389 1078 4445 est,
1135 4380 1186 4434 in
1241 4379 1440 4434 mundo
1466 4395 1524 4434 se
1553 4379 1829 4449 prmbeant
1852 4421 1868 4443 ,
1923 4379 2050 4450 quid
2081 4393 2228 4435 mors

632 4475 741 4542 agit
769 4473 856 4527 illa
886 4487 1008 4527 cum
1035 4483 1088 4528 et
1115 4473 1167 4526 in
1199 4473 1310 4526 suis
1335 4471 1656 4543 imaginibus
1681 4480 1885 4527 aeterna
1925 4471 2066 4527 sint?
2092 4469 2232 4526 Ima-

2325 4081 2560 4164 alterum
2591 4148 2606 4174 ,
2655 4105 2714 4162 ﬁt
2739 4115 2800 4164 ut
2827 4081 3186 4176 intelligentia
3209 4102 3332 4175 ipsa
3356 4117 3424 4160 se
3445 4098 3696 4170 ὶωωεδι
3727 4081 3820 4157 ω

2327 4215 2450 4258 cum
2475 4208 2556 4254 est
2572 4239 2586 4264 ,
2619 4215 2678 4256 se
2709 4213 2830 4256 esse
2859 4194 3034 4254 efﬁcit
3061 4238 3084 4266 ,
3106 4205 3268 4270 atque
3290 4195 3348 4252 in
3369 4191 3690 4252 existentim
3709 4189 3826 4256 μηθ’

2329 4295 2411 4354 nit
2436 4337 2454 4362 ,
2478 4295 2648 4366 ﬁtque
2671 4294 2774 4354 sibi
2799 4293 2948 4368 quod
2960 4303 3046 4350 est
3071 4279 3194 4356 esse
3217 4309 3234 4348 :
3255 4299 3422 4365 atque
3443 4289 3630 4350 eodem
3649 4275 3826 4342 mn-

2334 4389 2624 4460 telligendo
2651 4385 2834 4444 existit
2853 4396 2910 4444 et.
2927 4403 3088 4444 suum.
3113 4387 3297 4448 vivere
3315 4429 3334 4455 ,
3371 4375 3830 4462 quibusemtisaﬂ

2336 4480 2476 4538 natis
2500 4523 2516 4551 ,
2547 4481 2630 4538 vel
2651 4481 2826 4556 magis
2865 4497 2898 4538 a
2937 4496 3000 4538 se
3031 4479 3392 4538 existentibus
3411 4520 3430 4546 ,
3477 4471 3722 4548 ingeniun
3745 4464 3832 4520 Μ

635 4565 788 4636 git-tes
808 4565 932 4620 dico
959 4563 1225 4635 potentias
1273 4579 1370 4634 per
1423 4563 1603 4619 omnia
1632 4579 1662 4617 a
1693 4563 1850 4620 lineis
1889 4563 2086 4619 animae
2133 4563 2228 4620 de-
2255 4552 2316 4622 Β
2341 4583 2430 4632 εει
2455 4615 2472 4641 ,
2525 4552 2768 4632 exuens,
2813 4589 2878 4630 ex
2907 4572 3164 4644 insanitis
3191 4591 3204 4628 ;
3255 4588 3378 4643 (με
3405 4585 3570 4630 um
3601 4579 3708 4624 cum
3738 4556 3834 4614 sinit

637 4660 888 4713 ﬂuentes.
914 4657 1048 4712 Cum
1075 4656 1240 4728 igitur
1263 4665 1464 4712 aeterna
1491 4657 1600 4711 sint
1645 4655 1768 4725 ista,
1822 4663 2024 4712 aeterna
2079 4663 2135 4713 et
2174 4655 2229 4712 in

639 4752 762 4821 lter
789 4752 1054 4807 elementa
1091 4763 1283 4807 :mors
1330 4751 1376 4806 si
1417 4749 1534 4806 sola
1583 4749 1882 4822 composita
1912 4749 2074 4805 solvit
2101 4747 2231 4805 fun-

639 4842 784 4899 ditus
809 4843 1013 4900 interit.
1041 4844 1194 4901 Unde
1235 4853 1386 4901 recte
1410 4843 1627 4911 dicitur,
1677 4843 1820 4916 quod
1847 4859 1915 4900 ex
1941 4845 2048 4899 vita
2073 4857 2234 4902 'mors

641 4935 926 5006 efﬁciatur,
949 4939 1094 5009 quod
1115 4953 1181 4994 ex
1203 4938 1386 5010 vigore
1406 4937 1632 4994 vivendi"
1671 4937 1961 5009 compositi
2007 4938 2236 5008 cujusli-

645 5037 740 5091 bet
761 5032 1005 5102 corporis
1031 5031 1124 5085 ﬁat
1153 5045 1326 5101 usque
1349 5029 1414 5086 ad
1445 5037 1590 5086 certa
1621 5029 1916 5096 resolutio,
1949 5037 2005 5085 et
2050 5044 2239 5086 rursus

648 5131 704 5184 in
730 5127 888 5182 aliam
907 5125 1355 5194 compositionem
1393 5123 1582 5179 iisdem
1611 5125 1819 5180 cunctis
1841 5121 1936 5178 ﬁat
1965 5139 2030 5179 ex
2060 5133 2238 5182 morte

647 5215 938 5291 reparatio.
965 5215 1078 5269 Hoc
1111 5215 1270 5270 modo
1290 5225 1345 5270 et
1372 5229 1496 5272 esse
1521 5215 1577 5270 in
1601 5213 1804 5272 mundo
1831 5215 2204 5288 accipiendum
2224 5258 2242 5287 ,

649 5313 754 5368 hoc
796 5308 958 5367 modo
987 5306 1108 5362 hcic
1127 5315 1182 5362 et
1209 5307 1395 5377 quies,
1430 5315 1486 5362 et
1505 5313 1732 5363 motus:
1789 5317 1844 5364 at
1894 5309 1947 5364 in
1996 5309 2193 5365 divinis
2225 5349 2242 5378 ,

649 5403 772 5476 quia
795 5403 948 5460 nulla
969 5409 1096 5457 sunt
1122 5413 1351 5470 corpora
1373 5440 1388 5466 ,
1417 5411 1564 5454 mors
1585 5399 1728 5454 nulla
1755 5417 1767 5454 :
1801 5399 1898 5456 sed
1928 5409 1982 5455 et
2007 5400 2115 5456 vita
2136 5401 2247 5458 alio

655 5497 814 5551 modo
838 5539 853 5565 ,
885 5497 1086 5567 quippe
1113 5495 1200 5550 illa
1233 5491 1544 5564 principalis
1573 5501 1628 5549 et
1656 5507 1819 5562 vera;
1851 5503 1906 5550 et
1931 5495 2131 5552 idcirco
2171 5495 2244 5552 ibi

655 5592 962 5661 progressio
985 5607 1092 5647 non
1120 5588 1346 5656 natalis,
1391 5597 1483 5643 aut
1505 5587 1552 5642 si
1580 5587 1788 5657 placet,
1837 5589 2032 5644 natalis
2077 5591 2248 5662 magis

652 5685 974 5755 apparentia
989 5697 1042 5740 et
1070 5683 1476 5740 manisl‘estatio.
1505 5683 1638 5740 Item
1660 5683 1746 5738 illa
1769 5683 1878 5740 alio
1899 5683 2060 5740 modo
2082 5698 2204 5742 esse
2231 5727 2248 5756 ,

653 5785 838 5836 etnon
869 5789 1022 5850 esse,
1053 5777 1240 5833 etalio
1271 5785 1450 5834 motus
1499 5785 1660 5848 atque
1709 5775 1940 5837 cessatio
1987 5795 2001 5836 :
2043 5777 2248 5838 etenim

2341 4683 2512 4726 unum
2539 4675 2596 4723 et
2616 4665 2848 4738 simplex
2869 4706 2886 4731 ,
2914 4681 3058 4722 unus
3083 4666 3232 4722 Deus
3253 4674 3364 4732 est,
3387 4673 3446 4724 et
3463 4663 3672 4720 Ιιίεαθει
3687 4650 3836 4738 ⁸⁵⁸³⁵

2343 4737 2746 4832 intelligentia,
2793 4773 2912 4828 qua:
2947 4756 3066 4814 sine
3109 4757 3298 4829 aliqua
3351 4764 3506 4814 metu
3543 4769 3602 4812 se

2344 4829 2544 4922 quippe
2560 4866 2680 4922 quae
2709 4865 2836 4906 cum
2854 4848 3106 4922 intelligit
3131 4889 3156 4920 ,_
3201 4848 3388 4906 existit
3417 4889 3436 4913 ,
3475 4855 3528 4906 et
3552 4857 3664 4902 eum

2346 4942 2617 5016 intelligit.
2653 4942 2722 4998 Et
2748 4943 2858 5002 hoc
2877 4952 2962 5000 est
2991 4942 3140 5000 Deus
3162 4987 3180 5001 .
3205 4950 3262 5002 et
3287 4940 3478 5012 utique
3505 4938 3686 4996 beet:
3711 4929 3842 4986 Μ

2347 5044 2510 5104 atque
2533 5035 2586 5089 in
2617 5044 2906 5092 mtcrnum.

2422 5101 2658 5186 kxvm.
2690 5127 2890 5186 Verum
2944 5125 3206 5204 quoniam
3227 5126 3528 5202 imaginem
3545 5120 3642 5184 Μ
3657 5101 3846 5204 9W“?

2351 5225 2523 5282 cimus
2555 5223 2648 5281 Dei
2677 5265 2694 5290 ,
2715 5223 2894 5296 genita
2924 5201 3006 5282 est
3023 5222 3168 5282 enim
3199 5201 3374 5280 {arma
3397 5230 3500 5290 ..ιη
3519 5219 3590 5278 ah
3607 5201 3846 5296 uel“?

2356 5331 2476 5372 esse
2511 5357 2526 5384 ,
2585 5295 2768 5372 vivere
2796 5355 2814 5384 ,
2867 5315 3180 5388 intelligere.
3203 5357 3226 5383 ,
3249 5314 3560 5387 gigneretur
3603 5295 3845 5366 existed“,

2357 5409 2468 5465 vita
2503 5451 2520 5479 ,
2560 5407 2940 5481 intelligentia.
2969 5406 3230 5476 Quaedam
3253 5409 3408 5466 enim
3427 5407 3488 5467 in
3505 5405 3592 5464 bis
3609 5395 3844 5458 ternuit

2355 5518 2452 5574 per
2478 5517 2638 5572 quam
2671 5515 2729 5558 ut
2757 5516 2850 5572 pel
2871 5499 3158 5574 imaginem
3189 5500 3513 5572 intelligitur
3535 5493 3650 5568 quid
3681 5490 3846 5574 εἰκεδῆ

2350 5595 2532 5654 vivere
2551 5605 2606 5652 et
2635 5596 2930 5667 intelligere
2964 5573 3322 5662 {necessarie
3350 5611 3450 5668 per
3475 5593 3686 5652 bulam
3713 5573 3848 5640 ἱιιιδλί·

2349 5689 2493 5762 gitur
2527 5689 2669 5748 Deus
2693 5730 2710 5758 ,
2753 5705 2874 5746 naut
2903 5689 3080 5760 ipsum
3113 5687 3300 5762 (Janus
3322 5685 3494 5759 1,18.)
3521 5675 3850 5744 mnditia-

2349 5761 2523 5851 euam.
2543 5782 2686 5855 Ergo
2704 5780 2874 5842 forma
2897 5781 2994 5842 Dei
3021 5761 3142 5842 cum
3167 5780 3432 5854 accipitur
3451 5779 3504 5838 in
3526 5777 3634 5839 Deo
3665 5771 3776 5833 De!
3796 5761 3852 5818 ⁵⁸
