4018 6184
574 314 717 374 1155

1806 291 2000 348 MAR“
2038 286 2385 346 VICTORINI
2422 287 2581 344 AFRI

3657 288 3750 345 “36

570 437 717 493 Deus
739 442 902 502 agens
922 469 937 494 ,
970 436 1198 495 operans
1227 459 1242 486 ,
1290 432 1350 474 se
1374 426 1533 473 utens
1559 456 1574 481 ,
1603 427 1661 470 se
1683 410 1865 467 fruens
1888 450 1903 477 ,
1936 408 2052 463 fons
2082 415 2161 460 at-
2196 403 2246 464 Λ
2279 403 2333 458 in
2360 404 2543 460 multis
2571 402 2723 460 libris
2743 401 3025 459 docuimus
3047 442 3061 467 ,
3091 399 3269 471 passio
3294 400 3533 456 exstiterit
3569 407 3752 459 recessio-

571 540 680 600 que
707 525 757 578 in
782 535 841 576 se
869 514 1144 588 plenitudo
1164 510 1427 568 omnium.

645 614 838 672 XXXI.
871 587 978 668 Sed
1007 605 1280 678 quoniam,
1304 601 1384 657 uti
1415 599 1714 662 docuimus,
1740 590 2089 662 intelligentia
2119 587 2170 643 vi

570 708 826 784 potentiae
856 719 999 769 sua),
1054 696 1360 756 necessario
1394 693 1519 748 dum
1544 691 1597 745 in
1621 696 1794 745 semet
1817 700 1938 741 sese
1963 685 2123 738 vertit
2152 722 2169 751 ,

570 802 839 862 intellexit
891 796 1236 866 semetipsum
1268 836 1282 861 ,
1344 788 1447 844 hoc
1497 779 1894 857 quodammodo
1959 776 2172 848 gemina

571 901 712 957 facta
731 940 746 963 ,
791 896 940 953 velut
978 895 1120 949 intus
1139 901 1194 945 et
1228 884 1361 942 foris
1381 882 1523 938 filius
1552 888 1665 944 est,
1724 875 1937 947 genitus
1963 871 2030 926 ab
2055 869 2171 925 exi-

572 991 772 1049 stentia
820 987 988 1060 patris
1018 1003 1031 1040 :
1065 997 1189 1039 nam
1229 976 1512 1035 existentia
1535 981 1619 1028 est
1648 964 2025 1037 intelligentia,
2053 974 2174 1032 quae

569 1096 623 1141 et
652 1084 762 1140 vita
790 1089 874 1138 est
900 1097 915 1134 :
970 1088 1238 1147 apparens
1269 1083 1398 1139 ergo
1428 1075 1484 1122 et
1518 1063 1757 1119 existens
1787 1066 1870 1115 est
1914 1056 2053 1111 Deus
2106 1051 2175 1107 de

571 1180 709 1235 Deo.
742 1176 813 1231 Et
862 1170 1114 1243 quoniam
1145 1168 1196 1221 iu
1244 1159 1485 1233 quolibet
1526 1170 1634 1211 uno
1665 1153 1732 1208 de
1780 1149 1952 1206 tribus
1982 1151 2174 1201 cuneta

573 1279 734 1335 sunt,
758 1280 880 1323 esse
902 1306 916 1328 ,
946 1263 1125 1317 vivere
1150 1302 1163 1326 ,
1200 1254 1499 1323 intelligere
1523 1268 1535 1304 :
1570 1262 1691 1303 cum
1718 1238 2068 1312 intelligentia
2096 1236 2175 1290 in-

577 1362 932 1434 telligentiam
986 1351 1268 1428 genuerit,
1324 1348 1535 1420 genitus
1561 1351 1643 1399 est
1671 1340 1812 1394 filius
1841 1377 1855 1403 ,
1911 1344 1965 1390 et
1994 1330 2175 1388 omnia

576 1428 736 1514 habet
763 1453 902 1508 filius
930 1464 1051 1516 qua:
1074 1454 1230 1517 pater
1261 1482 1278 1510 ,
1325 1449 1381 1495 et
1408 1437 1569 1492 habet
1593 1450 1622 1488 a
1656 1440 1824 1503 patre.
1880 1428 2011 1482 ltem
2040 1435 2174 1494 quo-

574 1551 718 1608 niam
774 1545 889 1599 hate
941 1539 1121 1597 omnia
1167 1543 1293 1591 sunt
1346 1547 1442 1603 per
1468 1543 1587 1599 quae
1643 1533 1896 1580 creantur
1948 1516 2173 1572 omnia:

572 1652 928 1716 qumcumque
958 1633 1101 1690 enim
1130 1638 1254 1684 sunt
1276 1668 1292 1693 ,
1335 1622 1607 1692 accipiunt
1636 1632 1791 1673 suum
1813 1627 1966 1678 esse,
2019 1622 2175 1664 suum

572 1738 757 1793 vivere
788 1710 811 1797 ,i
836 1743 991 1786 suum
1023 1722 1362 1793 intelligere;
1395 1715 1538 1769 illius
1563 1726 1684 1766 eum
1717 1710 1830 1762 haec
1869 1703 2049 1759 omnia
2071 1699 2172 1765 sit,

2274 496 2358 552 nis
2380 513 2410 551 a
2442 507 2594 567 patre
2619 539 2633 561 ,
2676 495 2818 551 unde
2849 496 3085 551 tenebrae
3106 536 3122 561 ,
3177 493 3228 549 id
3259 501 3338 548 est
3361 535 3377 561 ,
3425 493 3531 567 hyle
3547 508 3752 555 consecuta

2276 600 2359 645 cst
2385 631 2399 653 ,
2427 605 2532 644 non
2562 597 2763 644 creata.
2794 586 2901 644 Sed
2923 586 3040 642 hare
3068 586 3430 657 pleniusalibi.

2347 681 2564 738 XXXII.
2592 680 2746 738 Nunc
2781 679 3203 752 quidqassertum
3237 688 3348 746 est,
3370 678 3485 749 quid
3512 678 3760 750 probatum?

2268 781 2443 837 ‘Deum
2461 790 2688 850 patrem,
2716 776 2884 832 filium
2912 775 3075 831 Deum
3097 773 3363 847 ὁμοούσιον
3378 788 3505 839 esse,
3521 788 3620 830 esse
3638 785 3762 830 tamen

2276 884 2331 931 et
2360 885 2564 944 patrem
2597 871 2650 926 in
2678 868 3012 934 substantia.
3045 878 3099 925 et
3123 868 3291 923 filium
3318 866 3369 922 in
3398 882 3457 923 ea
3480 868 3656 940 quidem
3677 870 3765 924 sub-

2277 966 2481 1022 stantia
2504 1005 2520 1026 .
2555 964 2648 1019 sed
2694 962 2800 1018 sibi
2842 961 3161 1017 existentent
3199 970 3371 1016 aetum
3409 970 3577 1032 agente
3608 963 3651 1016 in
3686 972 3769 1019 actu

2280 1058 2531 1130 passione
2551 1054 2824 1112 exstitisse
2841 1096 2857 1123 ,
2893 1068 3180 1124 numquam
3210 1060 3503 1123 separatum
3525 1069 3549 1106 a
3571 1065 3705 1123 patre,
3726 1069 3768 1109 ex

2278 1160 2482 1206 :eterno
2501 1159 2553 1206 et
2572 1163 2716 1214 esse,
2744 1156 2799 1203 et
2826 1145 3014 1212 fuisse,
3040 1156 3097 1203 et
3118 1145 3351 1201 futurum
3376 1159 3506 1201 esse.
3531 1144 3771 1215 Actu.quia

2279 1245 2423 1300 intra
2455 1251 2703 1298 naturam
2731 1240 2923 1311 agendi
2945 1250 3049 1309 est,
3079 1248 3133 1297 et
3155 1253 3280 1295 eum
3308 1247 3479 1309 patre,
3503 1236 3576 1293 vel
3601 1239 3642 1291 in
3667 1246 3769 1307 patre

2279 1353 2434 1402 esse;
2459 1345 2513 1392 et
2548 1344 2698 1390 extra
2740 1333 2845 1389 hoc
2885 1332 3027 1398 diei,
3055 1341 3110 1387 et
3145 1332 3288 1386 intus
3328 1340 3382 1386 et
3416 1328 3537 1384 foris
3567 1343 3667 1384 cum
3697 1329 3772 1401 ipse

2278 1440 2421 1502 agat,
2452 1432 2572 1500 quia
2601 1428 2668 1484 de
2702 1436 2851 1499 patre
2880 1427 2928 1482 ei
2964 1433 3115 1482 actus
3142 1433 3266 1490 est,
3292 1432 3441 1495 patre
3473 1432 3637 1494 agente
3665 1436 3773 1493 agere

2279 1522 2475 1577 dicitur
2495 1564 2509 1589 ,
2534 1529 2589 1577 et
2611 1529 2788 1576 tamen
2811 1519 2991 1574 omnia
3016 1525 3222 1589 patrem
3251 1531 3347 1587 per
3374 1514 3512 1571 illum
3533 1530 3665 1585 agere
3684 1513 3774 1568 dici-

2280 1622 2365 1669 tur
2390 1631 2405 1680 ;
2435 1615 2580 1667 hune
2598 1627 2720 1668 esse
2775 1612 2917 1686 λόγον
2938 1609 3179 1665 omnium
3200 1649 3214 1672 ,
3260 1615 3317 1664 et
3354 1605 3777 1663 uuiversaliteruni-

2281 1706 2589 1768 versalium,
2615 1714 2668 1761 et
2685 1719 2944 1776 generum
2967 1744 2981 1768 ,
3013 1710 3070 1758 et
3104 1700 3418 1773 specialium
3436 1742 3451 1767 ,
3477 1709 3527 1757 et
3550 1700 3775 1771 partialium

568 1830 768 1902 quippe
817 1825 993 1893 imago
1038 1818 1240 1890 patris,
1295 1821 1355 1868 et
1402 1820 1527 1865 actu
1573 1813 1798 1902 actueso
1829 1799 1930 1902 sit,
1979 1796 2031 1851 id
2063 1802 2168 1859 est,
2201 1797 2249 1858 B
2274 1793 2435 1869 λόγον.
2474 1796 2540 1850 Et
2589 1798 2713 1865 quia
2758 1796 3000 1851 omnium
3042 1801 3101 1848 et
3138 1792 3575 1863 iueorporalium,
3614 1805 3712 1861 ergo
3738 1799 3772 1845 et

572 1933 635 1979 ut
685 1925 788 1975 huc
819 1922 1034 1987 praestet
1061 1908 1273 1966 caneris
1298 1921 1395 1977 pro
1427 1913 1614 1957 natura
1645 1894 1991 1953 existentimn
2028 1932 2042 1954 ,
2090 1896 2176 1944 est

571 2011 879 2075 necessario
928 2003 1193 2062 universis
1234 1998 1466 2068 totisque
1495 1993 1703 2049 eunetis
1730 1987 1874 2064 λόγος
1907 2030 1921 2055 ,
1957 1985 2009 2041 id
2041 1993 2124 2039 est
2154 2024 2170 2050 ,

570 2111 653 2166 vis
683 2117 739 2165 et
785 2100 1021 2175 potentia
1053 2141 1068 2167 ,
1108 2112 1202 2166 per
1244 2107 1401 2164 quam
1431 2130 1447 2157 ,
1508 2102 1628 2157 qua:
1682 2094 1807 2138 sunt
1836 2090 1892 2136 ut
1918 2081 2023 2133 sint
2052 2089 2173 2131 esse

570 2171 820 2276 provenit
852 2238 868 2263 ,
928 2208 1023 2264 per
1050 2204 1207 2261 quem
1256 2186 1401 2241 Deus
1431 2180 1558 2237 fecit
1606 2188 1659 2234 et
1689 2176 1816 2231 facit
1842 2171 2023 2228 omnia
2056 2209 2072 2235 ,
2117 2178 2173 2224 et

570 2262 689 2351 sine
718 2262 979 2362 quonihil
1004 2282 1082 2337 fit.
1115 2280 1229 2335 Hoc
1252 2274 1524 2348 appellant
1552 2270 1643 2325 alii
1677 2278 1879 2322 motum
1910 2262 2169 2324 activum,

571 2386 795 2444 verbum
828 2423 844 2449 ,
875 2380 1138 2436 rationem
1172 2380 1505 2441 operantem.
1538 2361 1804 2432 Quoniam
1838 2367 2013 2412 tamen
2046 2367 2167 2408 cum

570 2487 826 2552 operatur
860 2516 874 2541 ,
931 2474 1069 2528 inest
1116 2466 1284 2522 inille
1308 2464 1390 2517 vis
1432 2458 1598 2529 patria
1628 2499 1642 2519 ,
1696 2455 1836 2508 inse
1879 2459 2168 2519 operatur,

569 2540 714 2630 unde
739 2540 905 2625 multa
937 2566 1010 2619 ita
1039 2561 1323 2621 dicuntur,
1370 2563 1429 2609 ut
1477 2568 1596 2607 eum
1622 2549 1792 2619 ipsius
1831 2542 2061 2612 sitquod
2097 2540 2172 2594 fa—

571 2666 700 2732 ciat,
738 2672 919 2715 tamen
948 2657 1064 2726 ipse
1105 2654 1156 2707 in
1192 2659 1402 2720 patrem
1432 2642 1595 2700 refert
1626 2640 1827 2703 omnia,
1867 2646 1925 2689 ut
1950 2634 2166 2704 (Jonnn.

567 2777 647 2827 Vt,
676 2759 767 2828 58)
802 2773 814 2809 :
858 2764 1001 2828 pater
1024 2765 1101 2803 me
1128 2745 1283 2801 misit.
1316 2743 1379 2798 Et
1411 2739 1457 2813 (Ι
1468 2738 1570 2793 bid.
1596 2779 1611 2803 ,
1641 2734 1733 2806 '58)
1769 2752 1781 2789 :
1830 2732 1954 2786 Non
2006 2744 2169 2782 meant

568 2853 659 2911 sed
685 2820 1008 2922 patris'facio
1032 2840 1339 2897 uoluntatem
1371 2852 1390 2889 :
1431 2833 1498 2887 Et
1548 2830 1695 2885 mille
1724 2826 1869 2887 talia.
1903 2820 2169 2879 Attenda-

568 2960 691 3004 mus
718 2954 895 2999 tameu
920 2939 1079 2993 istum
1108 2935 1318 2989 locum:
1342 2925 1675 2983 inveniemus
1695 2918 1846 2991 quasi
1869 2917 2041 2987 ipsum
2072 2927 2169 2982 per

566 3057 629 3099 sc
658 3041 833 3094 facere
857 3077 872 3102 ,
911 3043 967 3087 ut
1009 3044 1105 3086 sua
1133 3033 1322 3097 sponte
1360 3018 1635 3098 (Philipp.
1667 3029 1725 3081 tt,
1775 3010 1870 3082 ti):
1928 3007 2051 3061 Non
2095 3013 2170 3059 est

476 3184 481 3187 .
564 3131 841 3188 arbitratus
860 3098 1106 3197 rapinam
1126 3134 1179 3173 se
1199 3114 1451 3187 aequalem
1481 3109 1609 3164 Deo.
1628 3108 1690 3161 Et
1711 3106 1836 3160 item
1857 3100 2045 3174 (Ibid.,
2069 3098 2164 3165 7):

2277 1888 2638 1959 corporalium
2666 1902 2763 1957 pro
2793 1901 2889 1941 sua
2920 1886 2969 1940 vi
2996 1884 3063 1940 ad
3103 1883 3153 1939 irl
3186 1884 3328 1955 quod
3359 1898 3477 1939 esse
3514 1891 3720 1954 possunt,
3741 1893 3776 1936 ut

2275 1983 2378 2039 sint
2412 1980 2555 2056 λόγος
2588 1998 2600 2033 :
2631 1979 2771 2035 ttude
2803 1988 2859 2034 et
2900 1976 3146 2051 mystcrii
3185 1975 3521 2046 ordinatione
3550 1975 3775 2030 novissimis

2274 2075 2470 2131 seculis
2502 2075 2666 2148 λόγος,
2711 2070 2838 2143 quia
2879 2072 3119 2126 omnium
3164 2068 3505 2125 existentiqu
3543 2067 3774 2123 adumbratt

2273 2183 2371 2239 per
2399 2166 2659 2237 Spiritum
2702 2174 2945 2219 sanetum
2988 2162 3154 2217 Maria
3185 2161 3405 2233 Virgine
3444 2160 3773 2215 incarnatusest

2272 2264 2389 2332 ipse
2414 2261 2524 2326 ille,
2560 2275 2719 2330 quem
2749 2272 2913 2328 supra
2936 2255 3448 2323 demonstravimus,
3481 2253 3621 2319 ﬁlius,
3646 2252 3772 2309 eodem

2272 2354 2435 2410 modo
2466 2361 2523 2407 ut
2558 2360 2704 2408 esset
2746 2350 2799 2405 in
2839 2364 3072 2418 corpore
3096 2390 3111 2415 ,
3140 2364 3247 2419 quo
3278 2347 3506 2419 Spiritus
3542 2357 3715 2402 sanctus
3739 2344 3771 2398 in

2273 2446 2460 2512 nobis,
2496 2460 2603 2500 non
2652 2453 2796 2498 totus
2835 2456 3002 2497 :nam
3043 2448 3101 2496 ut
3131 2441 3272 2496 Deus
3314 2440 3507 2512 ubique
3537 2436 3773 2506 est,sedut

2272 2556 2396 2612 pars
2423 2540 2540 2609 ejus
2569 2558 2581 2593 :
2607 2539 2843 2594 omnium
2873 2536 3017 2592 enim
3041 2536 3348 2592 divinorum
3375 2552 3494 2607 pars
3518 2536 3610 2591 hoc
3629 2546 3772 2603 semper

2272 2642 2373 2699 cst,
2409 2631 2552 2702 quod
2579 2640 2662 2687 est
2705 2640 2897 2695 totum,
2927 2638 2987 2684 ut
3011 2639 3095 2684 est
3124 2628 3309 2684 anima
3347 2629 3401 2684 in
3435 2626 3773 2700 corporibus,ut

2271 2725 2439 2779 virtus
2469 2739 2533 2779 ac
2551 2722 2831 2793 disciplina
2862 2723 2914 2777 in
2943 2721 3137 2776 animis
3156 2763 3171 2789 ,
3203 2723 3285 2777 vel
3314 2721 3397 2778 sol
3428 2732 3516 2775 aut
3540 2720 3637 2791 ejus
3658 2716 3767 2773 luriu

2272 2818 2462 2874 oculis.
2499 2817 2677 2887 ipsum
2699 2826 2878 2872 autem
2903 2817 3071 2889 λόγον,
3104 2816 3394 2887 ipsumque
3414 2816 3552 2871 illum
3571 2827 3695 2884 quem
3711 2808 3773 2865 de-

2271 2912 2692 2970 monstravimus
2719 2910 2910 2977 ﬁlium,
2936 2910 3099 2966 fuisse
3120 2910 3175 2965 in
3195 2924 3447 2980 corpore,
3477 2908 3638 2964 omnia
3656 2904 3775 2960 Evan-

2269 3009 2406 3079 gelia
2438 3006 2732 3069 declarant,
2761 3003 3053 3074 Apostolus
3083 3001 3292 3070 omnis,
3342 3016 3524 3058 omnes
3550 2998 3775 3069 Propheta.

2269 3099 2404 3157 Cum
2442 3098 2583 3154 enim
2625 3096 2989 3167 prredixerunt
3024 3095 3259 3151 futurum
3307 3093 3777 3157 Christum,iueame

566 3176 711 3188 wv'"
727 3176 838 3184 wn"
873 3176 881 3179 ⁷
901 3176 954 3197 ’Τ
1258 3176 1268 3187 υ

566 3225 640 3283 Se
691 3218 985 3283 eainanivit,
1028 3224 1083 3269 et
1139 3212 1355 3281 formam
1397 3204 1525 3261 servi
1572 3215 1813 3263 sumens,
1856 3195 1946 3266 qui
1999 3193 2165 3247 habe-
2190 3176 2234 3239 (ἶ
2270 3194 2505 3249 futurttm
2529 3190 2912 3261 praedixerunt,
2935 3189 3136 3260 quippe
3154 3204 3278 3245 cum
3311 3198 3438 3245 ante
3477 3179 3777 3242 ium-nemili-

564 3319 661 3375 bat
680 3313 995 3371 dominium.
1022 3306 1123 3362 Ista
1140 3302 1318 3359 omnia
1341 3308 1465 3356 sunt
1488 3312 1581 3350 sua
1601 3293 1878 3347 voluntate
1895 3284 2159 3343 facientis.

564 3410 675 3468 Sed
702 3417 880 3479 potest
899 3400 1046 3461 credi
1076 3401 1189 3469 ipse
1209 3396 1406 3456 facere,
1431 3406 1552 3447 eum
1582 3390 1634 3443 in
1663 3388 1780 3457 ipso
1799 3392 1948 3454 pater
1969 3381 2036 3435 sit
2062 3422 2076 3439 ,
2097 3393 2163 3433 ex

561 3471 760 3577 quibus
811 3507 939 3556 sunt
983 3504 1040 3551 et
1068 3492 1160 3548 illa
1212 3487 1406 3562 (Joan.
1445 3501 1498 3549 x,
1528 3479 1622 3550 ‘23)
1656 3497 1670 3532 :
1704 3476 1814 3547 Ego
1833 3475 1900 3527 do
1928 3473 2081 3528 vitam
2108 3471 2162 3524 in

563 3563 831 3654 aeternum.
870 3591 939 3646 Et
990 3586 1193 3663 (Ibid.,
1248 3580 1362 3654 7):
1422 3576 1532 3648 Ego
1576 3589 1689 3628 sum
1752 3571 1919 3641 janua
1963 3563 2162 3638 (Joau.

561 3707 675 3756 xvr,
706 3688 784 3753 6),
814 3702 904 3758 ego
933 3656 1035 3737 vita
1068 3721 1084 3748 ,
1135 3695 1224 3749 ego
1270 3675 1476 3729 veritus.
1530 3670 1663 3724 ltem
1727 3663 1910 3733 (Joan.
1943 3676 1997 3726 v,
2026 3656 2160 3729 2i):

561 3783 711 3840 Sicut
749 3780 881 3833 enim
931 3786 1075 3842 pater
1116 3771 1325 3825 suscitat
1371 3774 1598 3820 mortuos
1655 3770 1701 3814 et
1748 3757 1970 3825 viviﬁcat
1996 3795 2011 3820 ,
2089 3749 2163 3805 sic

560 3889 613 3933 et
644 3876 784 3945 ﬁlius
804 3887 928 3940 quos
955 3867 1058 3922 rult
1087 3864 1327 3941 vivi/ictu.
1359 3859 1486 3913 Haec
1534 3870 1659 3910 vera
1685 3894 1700 3918 ,
1729 3851 1845 3904 haec
1867 3847 2013 3903 varia
2047 3888 2061 3912 ,
2108 3848 2165 3898 et

562 3971 622 4027 in
647 3966 898 4026 omnibus
925 3959 1094 4032 magis
1121 3971 1243 4011 vera
1295 3939 1643 4020 intelligentia
1675 3945 1803 4000 facit
1828 3952 1883 3998 et
1910 3941 2077 3995 filium
2106 3937 2160 3993 in

510 4132 513 4135 Α
559 4072 714 4136 patre
743 4076 894 4126 esse,
948 4064 1004 4110 et
1042 4055 1093 4109 in
1147 4050 1256 4105 filio
1283 4054 1490 4117 patrem
1517 4084 1534 4111 ,
1592 4051 1647 4098 et
1676 4048 1853 4095 tamen
1878 4047 1936 4092 ut
1966 4046 2117 4105 pater
2144 4074 2160 4101 ,

559 4166 623 4213 ut
647 4156 781 4211 alter
811 4152 921 4207 sint
943 4157 999 4203 et
1030 4159 1193 4201 unum
1215 4185 1230 4210 ,
1272 4150 1447 4196 tamen
1477 4137 1585 4191 duo
1605 4135 1713 4188 sint
1739 4171 1754 4196 ,
1778 4128 2032 4201 qutiuiam
2059 4141 2157 4179 an!

562 4261 672 4306 tem
700 4246 838 4301 alter
862 4249 1016 4313 pater
1050 4280 1064 4302 ,
1108 4237 1247 4291 alter
1269 4233 1407 4287 filius
1437 4247 1451 4284 :
1501 4227 1698 4299 quippe
1725 4238 1845 4279 eum
1881 4231 2033 4291 pater
2064 4216 2158 4272 filii

555 4341 682 4400 fons
716 4379 731 4405 ,
779 4311 919 4392 (ilius
950 4341 1005 4387 ut
1031 4330 1228 4385 flumen
1255 4367 1269 4391 ,
1303 4322 1444 4395 quod
1488 4318 1728 4376 excurrit
1752 4332 1817 4371 ex
1862 4313 2049 4369 fonte:
2102 4311 2159 4375 in

556 4435 706 4491 fonte
731 4439 912 4487 autem
958 4433 1017 4479 ut
1046 4433 1269 4476 manens
1295 4430 1432 4486 aqua
1467 4456 1482 4481 ,
1534 4420 1590 4467 et
1618 4409 1799 4480 quieta
1823 4417 1906 4463 est
1935 4448 1949 4471 ,
1982 4419 2112 4475 pura
2140 4442 2155 4465 ,

558 4522 903 4583 immaculata
929 4558 943 4583 ,
971 4516 1089 4572 sine
1116 4508 1355 4567 scatendi
1386 4504 1569 4577 specie
1601 4544 1615 4568 ,
1646 4501 1746 4556 sibi
1770 4499 1982 4555 occulto
2011 4504 2158 4551 motu

2268 3295 2470 3345 cantet
2490 3285 2686 3367 visum,
2709 3294 2765 3339 et
2792 3283 3131 3353 apparuisse.
3152 3291 3215 3337 ut
3233 3282 3491 3346 Abrahae,
3509 3292 3559 3335 ut
3576 3276 3722 3335 Iacob.
3739 3272 3778 3328 Et

2270 3379 2384 3450 ipse
2415 3379 2468 3432 in
2499 3366 2662 3432 carne
2683 3374 2881 3430 dixerit
2901 3375 2919 3445 (
2939 3372 3100 3429 Joan.
3129 3390 3244 3442 vm,
3269 3373 3376 3447 56)
3403 3393 3416 3427 :
3450 3371 3676 3428 Abraham
3697 3366 3778 3422 sidit

2267 3473 2402 3527 diem
2429 3486 2619 3537 meum,
2653 3479 2700 3523 et
2731 3470 2936 3541 gavisus
2958 3477 3050 3524 est.
3078 3468 3147 3524 Et
3171 3469 3487 3539 Apostolus,
3510 3469 3556 3522 in
3576 3478 3701 3521 sacro
3714 3465 3777 3516 isto

2267 3580 2330 3622 ac
2349 3564 2621 3637 mysteriis
2646 3565 2805 3635 pleno
2826 3563 2968 3631 loco,
3008 3562 3246 3619 declarat
3284 3562 3517 3636 maxime
3550 3559 3689 3615 ﬁlium
3720 3551 3777 3609 Dei

2265 3667 2390 3715 ante
2409 3667 2718 3721 carnem,et
2735 3658 2909 3727 ipsum
2934 3665 3117 3726 postea
3133 3657 3405 3727 sumpisse
3439 3631 3638 3711 carnem
3674 3646 3780 3721 (Plii-

2265 3757 2394 3828 lipp.
2424 3771 2484 3820 ιι,
2506 3753 2561 3819 5,
2586 3754 2644 3825 6)
2671 3773 2685 3809 :
2728 3751 2842 3806 Hoc
2860 3753 2997 3808 enim
3034 3751 3214 3807 sentite
3241 3752 3297 3805 in
3325 3750 3495 3811 vobis.
3535 3746 3651 3820 quod
3686 3753 3720 3798 et
3746 3740 3779 3794 is

2265 3848 2470 3905 Christo
2489 3849 2521 3903 J
2529 3865 2640 3913 esu,
2662 3848 2886 3918 quicum
2908 3847 2964 3900 in
3001 3849 3169 3917 forma
3196 3843 3292 3899 Dei
3330 3844 3620 3900 constitutus
3637 3838 3779 3912 fuisset.

2265 3941 2460 4012 Utique
2481 3941 2585 3997 hoc
2604 3939 2818 4011 quando
2839 3948 2964 3994 ante
2984 3953 3200 3993 carnem
3225 3936 3347 4005 fuit,
3369 3952 3497 4006 ergo
3516 3944 3565 3990 et
3587 3940 3688 3988 ante
3700 3943 3779 3984 car-

2264 4050 2387 4091 nem
2411 4043 2461 4089 et
2485 4033 2583 4089 fuit
2602 4033 2773 4103 qualis
2792 4040 2847 4088 et
2864 4043 3117 4104 quantus.
3138 4029 3356 4098 Forma,
3380 4030 3565 4100 inquit,
3583 4027 3675 4082 Dei.
3688 4017 3781 4091 Quid

2263 4125 2406 4181 istud
2426 4132 2510 4182 est
2535 4167 2549 4193 ,
2588 4124 2765 4181 forma
2796 4124 2937 4180 idem
2976 4124 3121 4194 quod
3152 4133 3326 4194 pater.
3369 4122 3507 4191 Quid
3534 4129 3612 4178 est
3626 4111 3780 4175 forma?

2265 4219 2317 4273 in
2339 4233 2443 4288 qua
2468 4228 2618 4288 pater
2636 4216 2876 4273 cernitur
2899 4216 2919 4287 (
2938 4215 3097 4271 Joan.
3140 4232 3253 4283 xw,
3300 4214 3410 4287 9):
3447 4215 3540 4282 Qui
3575 4229 3643 4267 me
3673 4209 3777 4270 ridet.

2263 4310 2397 4365 videt
2428 4319 2474 4365 et
2496 4320 2715 4380 patrem.
2745 4308 2939 4380 Utique
2959 4310 3142 4365 nonin
3169 4324 3235 4365 eo
3255 4310 3400 4380 quod
3430 4307 3697 4371 videbatur,
3719 4298 3779 4356 sed

2263 4402 2316 4458 in
2356 4418 2422 4458 eo
2460 4402 2602 4474 quod
2642 4402 2757 4474 ipse
2796 4402 2938 4458 Deus
2958 4401 3139 4457 divina
3171 4402 3502 4469 substantia,
3527 4396 3777 4475 167mm-

2265 4498 2379 4554 llec
2405 4497 2566 4569 igitur
2587 4496 2685 4553 fuit
2706 4506 2832 4553 ante
2871 4512 3090 4553 carnem
3120 4514 3133 4550 :
3171 4512 3405 4568 namque
3433 4494 3553 4567 quid
3574 4484 3777 4564 adiungit?

557 4616 828 4688 apertiore
855 4627 949 4683 per
989 4607 1200 4662 diversa
1222 4602 1528 4656 discurrens
1553 4635 1567 4659 ,
1599 4602 1862 4679 terrarum
1885 4604 2018 4661 quas
2048 4588 2160 4643 sul-
2185 4572 2236 4631 D
2264 4587 2387 4644 Non
2407 4589 2686 4644 arbitratus
2715 4597 2788 4644 est
2814 4589 3050 4661 rapinam
3070 4598 3125 4643 ut
3154 4598 3281 4644 esset
3307 4588 3517 4660 cequalis
3540 4584 3655 4639 Deo.
3674 4582 3779 4636 Dese

557 4718 648 4767 eat
670 4704 1018 4779 qualitatibus
1041 4711 1096 4756 et
1125 4697 1379 4759 afficitur,
1407 4701 1459 4747 et
1480 4674 1727 4761 quodam
1740 4686 1899 4741 modo
1932 4684 2151 4756 patitur;

555 4803 640 4860 sic
665 4813 718 4856 et
746 4800 884 4853 filius
913 4810 1050 4867 aqua
1079 4807 1174 4847 sua
1207 4832 1221 4857 ,
1255 4800 1460 4857 suaque
1485 4783 1779 4838 substantia
1800 4821 1814 4846 ,
1835 4795 1954 4850 qum
1985 4778 2151 4847 patris

556 4904 639 4952 est
667 4934 683 4961 ,
723 4905 936 4959 semper
964 4901 1128 4959 purus
1152 4928 1165 4951 ,
1201 4877 1573 4938 immaculatus
1594 4917 1607 4941 ,
1642 4871 1981 4944 impassihilis
2014 4912 2029 4936 ,
2060 4884 2147 4924 re-

558 4986 810 5061 gionibus
831 4998 926 5054 per
953 4998 1084 5051 quas
1112 4976 1363 5033 discurrit
1396 5016 1410 5040 ,
1458 4973 1694 5040 locisque
1725 5010 1738 5033 ,
1769 4968 1849 5022 vel
1881 4978 2152 5037 supraem-

556 5082 786 5141 lestibus
811 5120 826 5145 ,
866 5076 952 5130 vel
981 5072 1313 5135 C(BICSlibtlS,
1344 5069 1424 5123 vel
1448 5062 1904 5121 intracmlestibus
1940 5100 1955 5124 ,
2006 5071 2149 5113 nunc

557 5184 776 5250 spumat
804 5214 820 5238 ,
854 5178 913 5227 ut
940 5164 1315 5224 oceurentibus
1337 5161 1482 5215 saxis
1503 5200 1517 5223 ,
1546 5172 1667 5227 qua:
1695 5162 1821 5209 sunt
1849 5170 1913 5209 ex
1942 5150 2155 5223 generi-

553 5272 657 5329 bus
685 5268 984 5325 anitnarum
1032 5271 1251 5326 campus
1279 5254 1488 5325 quietus
1513 5248 1767 5305 excurrit.
1820 5246 2030 5316 lleeipit
2052 5243 2148 5314 igi-

554 5377 644 5422 tur
676 5361 951 5433 passiones
982 5395 996 5420 ,
1024 5367 1128 5405 non
1162 5349 1212 5403 in
1240 5361 1305 5400 eo
1332 5344 1473 5414 quod
1498 5339 1794 5396 substantia
1817 5345 1900 5391 est
1931 5379 1945 5401 ,
1980 5335 2075 5391 sed
2097 5335 2150 5387 in

551 5465 675 5513 actu
701 5463 860 5521 atque
886 5446 1217 5519 Operatione.
1241 5436 1371 5493 Nam
1403 5449 1523 5490 cum
1550 5430 1864 5502 mysterium
1888 5426 2149 5481 adventus

549 5552 633 5607 sui
665 5546 999 5615 compleret,
1047 5549 1157 5595 tum
1176 5533 1287 5607 jam
1330 5528 1633 5600 passionem
1664 5522 1957 5588 sustinuit,
2009 5527 2066 5573 ut
2087 5533 2147 5574 se

548 5639 852 5700 exinaniret
880 5676 896 5703 ,
940 5643 999 5688 ut
1021 5642 1307 5703 personam
1340 5620 1479 5679 servi
1505 5616 1821 5686 susciperet.
1862 5613 1950 5670 Sic
1973 5619 2029 5668 et
2055 5625 2140 5665 re~

542 5735 725 5807 liqua,
782 5731 835 5786 in
891 5726 1088 5798 quibus
1127 5719 1378 5778 omnibus
1428 5723 1581 5770 actus
1622 5719 1705 5767 est
1773 5717 1825 5765 et
1874 5705 2136 5777 Operatio.

545 5796 879 5897 Quamquam
911 5796 971 5879 et
1000 5817 1057 5876 in
1094 5817 1271 5889 primo
1301 5805 1611 5874 existentiae
1631 5817 1741 5864 suae
1768 5808 1929 5873 actu,
1977 5796 2138 5859 sicuti

2262 4698 2392 4753 ergo
2412 4684 2632 4753 cogitat,
2656 4692 2709 4737 et
2730 4681 2797 4738 de
2822 4682 2935 4764 Deo
2960 4699 2973 4734 :
3002 4680 3304 4752 facitigitur
3319 4690 3379 4736 ut
3398 4695 3501 4736 non
3522 4671 3778 4746 sitzequalis.

2256 4776 2350 4833 sed
2379 4776 2495 4830 fuit.
2521 4773 2657 4842 Quid
2679 4762 3119 4845 deindc‘adjieit?
3151 4773 3259 4829 Sed
3300 4790 3356 4828 se
3379 4769 3638 4829 exinaniri!
3671 4762 3777 4837 (Plii-

2261 4870 2393 4940 lipp.
2420 4885 2478 4933 ll,
2510 4869 2566 4934 7,
2598 4866 2674 4938 8).
2703 4866 2840 4935 Quid
2861 4865 3195 4922 exinanivit?
3221 4874 3313 4921 aut
3328 4864 3492 4929 unde,
3514 4864 3557 4918 si
3578 4875 3665 4915 non
3683 4848 3779 4911 fuit?

2257 4963 2448 5032 Adjicit
2466 4961 2642 5017 adhuc
2661 4979 2674 5017 :
2698 4958 2909 5016 Etservi
2921 4961 3138 5031 sumpsit
3158 4961 3378 5028 formam
3396 4960 3447 5013 in
3462 4952 3778 5014 similitudines

2254 5054 2515 5109 hominum
2544 5054 2729 5124 factus,
2747 5062 2796 5108 et
2821 5053 2994 5107 habitu
3020 5052 3252 5107 inventus
3273 5061 3509 5123 tauquam
3534 5049 3679 5102 homo.
3700 5038 3777 5095 Ht-

2255 5148 2472 5202 miliarit
2500 5147 2843 5218 semetipsum,
2876 5144 3108 5199 subditus
3150 5145 3320 5215 factus
3342 5142 3577 5214 usquead
3592 5145 3769 5192 mortem
3836 5168 3837 5173 ι

2255 5251 2465 5295 mortem
2502 5251 2674 5294 autem
2718 5240 2906 5294 crucis.
2951 5237 3089 5307 Quid
3136 5239 3223 5294 hic
3269 5254 3374 5292 non
3406 5254 3469 5292 ex
3500 5231 3632 5289 omni
3662 5234 3769 5300 parte

2253 5334 2491 5389 declarat
2531 5331 2713 5388 Jesum
2760 5330 3036 5386 Christum
3092 5339 3148 5385 et
3194 5330 3360 5386 filium
3419 5327 3552 5384 Dei?
3592 5323 3697 5379 Nam
3719 5315 3772 5370 sic

2250 5428 2447 5484 dictum
2483 5424 2635 5499 (Gal.
2666 5441 2740 5493 1v,
2768 5423 2820 5496 4)
2849 5442 2862 5478 :
2896 5423 3036 5480 Deus
3057 5424 3194 5479 misit
3232 5425 3400 5493 ﬁlium
3428 5436 3567 5478 suum
3597 5425 3646 5473 et
3680 5410 3770 5466 Inis-

2249 5536 2368 5577 snm
2408 5535 2520 5575 suae
2549 5518 2803 5590 potentia:
2825 5559 2839 5583 ,
2866 5532 2929 5573 ac
2952 5532 3063 5572 sua:
3104 5516 3264 5572 etiam
3308 5512 3587 5572 voluntatis
3624 5499 3767 5562 arbitio

2246 5623 2438 5672 cuneta
2462 5612 2768 5679 facientem,
2804 5621 2861 5666 ut
2883 5626 2944 5667 se
2964 5610 3135 5667 nollet
3159 5610 3420 5682 mqualem
3444 5651 3458 5675 ,
3485 5616 3541 5664 ut
3561 5597 3766 5661 κακίω·

2246 5707 2392 5771 niat,
2426 5714 2484 5760 ιιι
2512 5703 2697 5760 induat
2725 5702 2866 5759 servi
2914 5701 3141 5759 formam
3176 5721 3189 5758 :
3219 5702 3319 5759 fuit
3341 5719 3470 5774 ergo
3493 5698 3581 5771 qui
3603 5683 3762 5751 fuitDei

2243 5798 2437 5872 forma,
2466 5798 2567 5858 fuit
2587 5798 2681 5873 qui
2705 5811 2766 5858 se
2781 5796 3081 5859 exinanivit
3104 5814 3119 5859 :
3150 5797 3198 5863 is
3210 5804 3387 5857 autem
3402 5795 3516 5869 ipse
3538 5784 3757 5853 estiam
