4018 6184
267 303 407 362 1157

1344 311 1431 368 DE
1469 324 1776 371 οΜοοΥΣιΩ
1815 312 2249 372 RECIPIENDO.

3431 325 3572 384 H58

269 420 359 492 qui
384 422 615 492 sumpsit
643 421 927 495 imaginem
947 425 1109 491 servi,
1128 433 1182 482 et
1205 426 1451 483 iuventus
1472 427 1637 484 homo
1659 439 1760 497 est,
1778 430 1867 500 qui
1896 434 1946 493 Α
1976 431 2272 498 hulantem,
2288 432 2569 490 docentem
2588 436 2706 500 ista,
2726 436 3568 511 intclligentiasquetribuentem,

263 525 325 567 se
354 511 593 567 subdidit
640 530 809 585 usque
847 516 914 570 ad
949 527 1196 585 mortem,
1224 528 1281 573 ut
1307 518 1619 591 designetur
1646 521 1860 593 plenius

260 604 418 662 Jesus
438 606 704 673 Christus,
740 624 907 680 usque
937 611 1002 665 ad
1036 621 1261 668 mortem
1294 615 1489 670 erucis.

330 696 574 753 XXXIII.
609 698 733 755 Haec
752 701 882 757 viris
914 702 1163 758 ﬁdelibus
1201 705 1332 759 satis
1354 707 1581 774 probata
1605 716 1760 774 sunt,
1801 717 1856 764 et

266 799 392 846 ante
420 805 635 845 carnem
667 792 846 860 fuisse,
873 804 924 849 et
948 796 999 850 in
1028 810 1190 851 carne
1203 798 1449 853 eumdem
1476 798 1643 854 ﬁlium
1667 800 1854 867 fuisse,

265 882 418 939 illum
443 884 532 954 qui
566 893 691 940 ante
710 888 906 942 saecula
934 897 1019 942 est
1046 890 1259 958 genitus
1283 933 1297 956 ,
1323 890 1470 944 illum
1497 892 1585 962 qui
1615 894 1857 949 ascendit

260 975 315 1030 in
345 974 561 1040 cmlum,
588 985 645 1030 et
664 977 787 1033 inde
814 978 1112 1044 descendit,
1141 981 1286 1035 illum
1315 982 1404 1052 qui
1436 984 1593 1037 nobis
1614 985 1681 1038 de
1717 985 1858 1040 coelo

259 1067 415 1137 panis
440 1076 520 1133 est
551 1085 566 1122 :
599 1069 749 1124 illum
786 1072 875 1141 qui
918 1071 970 1125 in
993 1086 1156 1127 carne
1183 1072 1314 1128 dicit
1367 1072 1545 1146 (Joan.
1580 1092 1714 1139 xvtt,
1748 1075 1806 1148 5)
1828 1094 1854 1130 ·;

260 1157 436 1213 Redde
459 1160 609 1227 mihi,
632 1170 797 1231 pater,
816 1162 1057 1218 honorem
1073 1181 1258 1228 meum,
1275 1182 1423 1238 quem
1444 1167 1599 1221 habui
1620 1171 1759 1241 aput!
1774 1180 1820 1223 te
1838 1186 1857 1225 :

259 1253 439 1323 utique
462 1270 623 1325 supra
645 1256 835 1324 caelos,
861 1268 915 1313 et
939 1267 1065 1313 ante
1091 1274 1330 1326 carnem,
1359 1260 1511 1316 illum
1541 1264 1723 1337 ελόγος
1748 1274 1852 1332 est,

256 1355 312 1403 et
342 1345 542 1421 (Joan.
575 1365 616 1417 ι,
650 1351 757 1423 l3)
798 1352 852 1406 in
892 1354 1147 1425 principio
1189 1355 1366 1429 λόγος,
1394 1367 1441 1409 et
1486 1358 1644 1427 juxta
1688 1356 1849 1412 Deum

256 1439 423 1510 λόγος,
447 1450 494 1495 et
515 1442 602 1512 qui
621 1442 767 1516 λόγος
792 1441 930 1498 Deus
949 1454 1046 1511 est,
1070 1454 1118 1499 et
1145 1461 1235 1514 per
1250 1462 1398 1514 quem
1417 1448 1564 1523 λόγον
1585 1453 1721 1519 facta
1736 1457 1855 1503 sunt

257 1534 451 1597 omnia,
474 1544 520 1589 et
540 1534 652 1589 sine
676 1551 776 1606 quo
802 1537 993 1606 factum
1031 1547 1106 1591 est
1130 1538 1299 1604 nihil;
1330 1540 1476 1594 illum
1514 1540 1694 1613 (Joan.
1722 1558 1759 1606 ι,
1792 1542 1851 1613 9)

255 1625 343 1694 qui
364 1625 623 1681 illuminat
648 1627 902 1683 hominem
921 1630 974 1682 in
999 1629 1136 1684 hune
1158 1632 1401 1685 mundum
1431 1634 1746 1701 venientem;
1786 1636 1852 1689 il-

255 1715 365 1771 lum
409 1715 591 1789 (Joau.
615 1734 653 1786 ι,
702 1720 791 1791 14)
826 1721 916 1791 qui
958 1722 1101 1789 λόγος
1141 1739 1262 1777 caro
1291 1726 1461 1788 factus
1501 1735 1595 1781 est.
1642 1727 1850 1783 Audisti

1963 533 2018 578 et
2041 539 2066 575 a
2094 534 2244 594 patre
2266 540 2362 595 per
2383 526 2656 582 Christum
2683 530 2944 599 genitum,
2963 531 3081 585 etin
3100 531 3345 587 Christo:
3371 534 3571 604 quippe

1964 630 2084 670 cum
2110 616 2415 687 unigenitus
2435 619 2575 673 Illius
2597 619 2843 676 Christus
2862 624 2951 683 sit.
2980 623 3160 677 multis
3178 638 3277 679 nos
3296 624 3443 679 libris
3460 640 3566 680 ex-

1964 710 2242 779 posuimus
2269 728 2283 775 ;
2309 718 2363 766 et
2387 712 2530 782 quod
2555 715 2823 785 exemplis
2849 716 3092 785 plurimis
3118 716 3563 787 approbavimus,

1963 803 2094 856 satis
2116 805 2321 858 clarum
2340 813 2440 858 est.
2470 805 2581 861 lloc
2605 808 2765 862 modo
2804 817 2965 876 atque
3003 810 3101 865 hac
3128 811 3481 881 intelligentia
3507 820 3565 866 ut

1962 902 2116 964 pater
2142 903 2197 948 et
2230 896 2368 950 Deus
2393 912 2512 951 cum
2540 897 2648 951 ﬁlio
2683 898 2977 971 ὁμοούσιον,
3004 913 3057 956 et
3094 900 3234 956 ﬁlius
3270 902 3409 972 quod
3454 903 3571 973 ipse

1962 986 2069 1038 vita
2104 995 2188 1039 est
2218 1000 2339 1040 cum
2384 1002 2470 1042 eo.
2520 989 2652 1054 Quia
2698 999 2874 1045 autem
2928 993 3042 1061 ipse
3086 993 3439 1064 intelligentia
3486 1004 3570 1049 est

1961 1075 2232 1143 Christus,
2276 1087 2330 1133 et
2372 1078 2607 1149 Spiritus
2650 1091 2869 1138 sanctus
2908 1083 3174 1156 ὁμοούσιον
3207 1085 3565 1155 intelligitur:

1963 1170 2105 1226 unde
2134 1172 2323 1240 junelo
2347 1174 2481 1241 patri
2512 1173 2730 1244 ﬁlioque
2752 1186 2996 1244 accepto,
3021 1177 3162 1246 quod
3180 1177 3251 1231 sit
3269 1176 3569 1247 idemquud

1959 1263 2194 1333 Spiritus
2215 1273 2453 1331 sanctus,
2471 1280 2538 1320 eo
2561 1266 2778 1336 quidem
2808 1268 2992 1331 modo,
3018 1284 3125 1337 quo
3151 1268 3295 1324 ﬁlius
3318 1269 3458 1325 idem
3483 1281 3570 1325 est

1961 1356 2102 1425 quod
2131 1368 2314 1425 pater;
2348 1357 2417 1410 ita
2450 1368 2653 1427 tamen,
2705 1370 2761 1417 ut
2808 1363 3081 1432 quomodo
3122 1371 3275 1432 pater
3325 1373 3379 1418 et
3425 1362 3568 1418 ﬁlius

1961 1466 2125 1504 unum
2148 1465 2269 1505 cum
2301 1452 2431 1518 siut,
2456 1455 2535 1507 sic
2572 1463 2748 1511 tamen
2773 1456 2934 1510 Pater
2954 1457 3025 1512 sit
3045 1457 3207 1512 etiam
3234 1456 3392 1524 lilius,
3419 1457 3565 1511 exis-

1962 1543 2127 1597 tentia
2158 1545 2522 1615 unusquisque
2537 1562 2654 1615 sua,
2679 1547 2773 1603 sed
2799 1548 2960 1603 ambo
2985 1564 3086 1602 una
3116 1548 3414 1619 eademque
3438 1548 3564 1602 sul)-

1958 1639 2152 1708 SIaulia
2181 1655 2194 1692 :
2224 1637 2301 1693 sic
2326 1637 2578 1695 Christus
2605 1650 2657 1696 et
2687 1641 2924 1710 Spiritus
2975 1652 3197 1697 sanctus
3237 1656 3358 1695 cum
3403 1640 3565 1695 ambo

1956 1744 2122 1785 unum
2150 1732 2278 1797 sint,
2311 1731 2496 1787 existit
2526 1742 2701 1787 tamen
2740 1732 2989 1789 Christus
3030 1749 3124 1787 sua
3170 1734 3478 1801 existentia,
3507 1742 3563 1788 et

253 1809 307 1865 in
334 1810 620 1881 principio,
645 1813 814 1885 λόγος,
840 1814 1038 1870 audisti
1064 1816 1205 1886 quod
1229 1818 1368 1892 λόγος
1393 1821 1508 1887 ipse
1530 1833 1660 1874 caro
1684 1821 1854 1876 lactus
1884 1830 1932 1890 Β
1960 1821 2196 1894 Spiritus
2224 1833 2442 1880 sanctus
2482 1841 2577 1881 sua
2607 1845 2620 1879 :
2654 1826 2749 1881 sed
2780 1830 2941 1882 ambo
2988 1843 3088 1881 una
3129 1827 3427 1882 substantia
3454 1869 3467 1891 ,
3500 1842 3569 1882 ex

253 1909 340 1956 est
363 1920 378 1957 :
402 1902 527 1958 audi
575 1905 718 1973 quod
743 1906 855 1975 ipse
883 1906 978 1961 Dei
1004 1907 1145 1963 ﬁlius
1168 1909 1258 1975 sit,
1286 1921 1339 1965 et
1360 1910 1429 1966 de
1452 1920 1601 1981 patre
1622 1914 1857 1982 genitus,

258 1995 328 2049 sit
352 1995 445 2050 illa
487 2012 647 2066 quam
673 1998 910 2054 diximus
948 2016 1110 2071 supra
1133 2004 1432 2072 generatio.
1464 2005 1600 2060 Dicit
1628 2022 1859 2078 evange-

255 2084 378 2140 lis'ta
401 2084 452 2158 (J
462 2103 580 2144 oan.
602 2104 641 2153 ι,
662 2088 772 2159 18);
791 2090 965 2145 Deum
985 2109 1130 2147 nemo
1144 2095 1267 2148 vidit
1290 2112 1533 2164 unquam,
1554 2099 1653 2153 nisi
1674 2101 1855 2169 unige-

255 2180 397 2234 nitus
438 2181 580 2236 solus
607 2183 777 2252 ﬁlius,
811 2187 898 2256 qui
921 2196 997 2241 est
1034 2188 1087 2241 in
1108 2189 1222 2242 sinu
1242 2191 1424 2262 patris.
1457 2190 1645 2247 Melius
1671 2204 1852 2249 autem

256 2270 503 2329 dicemus
540 2277 766 2345 gremio.
810 2277 985 2334 Graeci
1025 2281 1074 2334 ἐν
1114 2282 1304 2355 κόλπῳ,
1331 2282 1384 2337 id
1419 2292 1503 2338 est
1539 2284 1589 2338 in
1623 2287 1851 2356 gremio.

254 2367 361 2424 Sed
388 2371 468 2424 vel
494 2370 598 2426 hoc
621 2373 865 2441 verbum,
892 2376 973 2431 vel
1000 2377 1126 2431 illud
1153 2379 1414 2450 signiﬁcat
1442 2391 1499 2438 et
1519 2383 1760 2453 genitum
1787 2386 1851 2440 ﬁ-

258 2462 410 2531 lium,
433 2465 576 2535 quod
601 2476 686 2522 est
710 2467 840 2525 loris
862 2485 1005 2537 esse,
1041 2483 1214 2528 tamen
1240 2489 1361 2529 cum
1385 2486 1537 2547 patre
1562 2493 1705 2546 esse,
1731 2496 1855 2536 cum

256 2556 458 2613 dictum
483 2568 568 2616 est
599 2579 611 2614 :
644 2562 747 2628 Qui
766 2566 1035 2621 estinsirm
1055 2571 1852 2637 patris.0muibuslectionibus

256 2647 327 2701 ita
352 2664 474 2706 esse
494 2651 723 2724 diligens
745 2662 800 2710 et
824 2656 995 2712 lidclis
1015 2660 1275 2729 quaesitor
1297 2662 1579 2734 intelliget.
1595 2664 1711 2720 Jam
1729 2681 1857 2721 vero

258 2739 517 2810 Spiritum
564 2755 806 2801 sanctum
832 2748 937 2803 alio
967 2751 1198 2820 quodam
1224 2754 1385 2810 modo
1406 2754 1582 2826 ipsum
1605 2771 1726 2813 esse
1751 2757 1848 2813 Je-

255 2844 375 2886 sum
399 2831 669 2891 Christum
700 2839 969 2895 occultum
987 2881 1002 2908 ,
1040 2843 1374 2911 interiorem,
1397 2862 1520 2903 cum
1544 2848 1742 2904 animis
1771 2848 1852 2904 l‘a-

1963 1931 2073 1987 quo
2101 1932 2312 1982 omnes,
2339 1919 2390 1974 id
2420 1929 2534 1986 est,
2564 1931 2672 1976 tota
2702 1922 2938 1978 Trinitas
2977 1940 3080 1978 una
3108 1965 3124 1991 ,
3172 1933 3334 1995 atque
3370 1922 3563 1979 eodem

1964 2012 2125 2066 modo
2158 2013 2349 2084 juneto
2393 2026 2541 2084 patre
2587 2032 2711 2072 cum
2759 2016 2894 2086 ﬁlio,
2930 2019 3153 2089 ﬁlioque
3185 2033 3308 2073 cum
3358 2017 3563 2085 Spiritu

1961 2116 2171 2160 sancto.
2207 2106 2385 2176 Atque
2416 2108 2516 2163 ista
2550 2111 2760 2163 ratione
2804 2119 2956 2180 patre
2985 2125 3108 2165 cum
3133 2109 3338 2181 Spiritu
3373 2118 3567 2166 sancto

1964 2210 2059 2265 per
2102 2194 2379 2252 Christum
2423 2199 2649 2267 juncto,
2682 2201 2907 2272 singulis
2949 2202 3165 2272 quidem
3202 2182 3563 2259 existentibus

1963 2305 2148 2354 unum,
2169 2291 2343 2346 omnis
2359 2292 2598 2347 Trinitas
2611 2297 2698 2362 sit,
2720 2306 2879 2364 atque
2897 2297 3092 2351 existet
3116 2296 3245 2351 illud
3260 2295 3558 2368 ὁμοούσιος,

1960 2397 2081 2437 cum
2110 2385 2180 2439 sit
2211 2385 2463 2439 omnibus
2502 2402 2604 2441 una
2624 2388 2940 2460 eademque
2976 2388 3134 2443 simul
3160 2403 3226 2442 ex
3255 2387 3564 2443 mteruitale

1962 2478 2283 2546 substantia.
2311 2478 2437 2533 Haec
2465 2478 2624 2533 nobis
2659 2480 2805 2534 salus
2847 2491 2949 2545 est,
2989 2480 3103 2535 lure
3126 2480 3374 2535 liheratio
3398 2521 3413 2545 ,
3448 2480 3565 2534 ha-c

1964 2572 2126 2627 totius
2160 2572 2395 2626 hominis
2423 2572 2576 2642 plena
2600 2573 2849 2639 salvatio,
2875 2574 2957 2629 sic
2977 2583 3186 2644 patrem
3215 2574 3559 2644 omnipoten-

1962 2674 2068 2720 tem
2097 2666 2262 2720 Deum
2288 2665 2536 2731 credere,
2563 2666 2642 2720 sie
2690 2665 2875 2722 Jesum
2917 2666 3194 2721 Christum
3228 2665 3397 2721 ﬁlium
3422 2708 3437 2735 ,
3482 2664 3560 2721 sic

1965 2757 2226 2829 Spiritum
2248 2768 2510 2813 sanctum.
2535 2757 2729 2814 Amen.

268 2993 3546 3021 Mm

1594 3115 2219 3201 VICTORINI

1472 3276 1559 3332 DE
1598 3285 1910 3334 οΜοοΥΣιΩ
1945 3275 2376 3333 RECIPIENDO.

327 3393 369 3449 Ι.
393 3393 561 3451 Miror
575 3392 750 3451 adhuc
766 3395 1379 3468 rationem‘intelligendi
1416 3397 1730 3452 unaminter
1749 3410 1850 3453 nos
1877 3398 1922 3461 C
1954 3394 2207 3450 stantiam
2229 3393 2480 3450 dicimus.
2501 3392 2571 3448 Et
2613 3394 2768 3449 οὐσία
2797 3390 3150 3462 Grmci‘pauei
3178 3398 3233 3448 et
3265 3391 3396 3459 rari,
3427 3392 3557 3449 ὑπό-

258 3501 366 3542 nou
392 3496 541 3543 certa
566 3497 749 3543 mente
784 3489 956 3569 teneri
985 3505 999 3542 :
1026 3504 1217 3544 omnes
1265 3498 1415 3545 recte
1461 3488 1810 3559 intelligimus
1835 3529 1849 3554 ,

179 3628 183 3633 .
256 3595 356 3636 uec
384 3589 562 3637 tamen
593 3581 889 3653 jnngimur.
923 3582 1101 3637 Dicam
1133 3597 1265 3652 ergo
1292 3597 1454 3638 omne
1494 3581 1851 3654 mysterium,

254 3674 495 3728 omnium
515 3675 703 3741 verba,
727 3674 1043 3741 sententias,
1069 3676 1391 3736 intellectus.
1411 3676 1656 3731 oratione
1677 3675 1854 3742 brevi,

254 3766 442 3823 Arium
488 3777 547 3824 ut
586 3769 853 3838 possimus
888 3771 1197 3826 excludere.
1236 3771 1407 3826 Crarci
1441 3785 1576 3841 quos
1611 3772 1850 3837 Ελληνας,

256 3861 341 3915 vel
388 3861 631 3932 Paganos
679 3872 891 3928 vocant,
937 3864 1133 3918 multos
1162 3864 1295 3919 deos
1325 3863 1528 3918 dicunt.
1554 3862 1723 3918 Judsei
1766 3863 1853 3918 vel

258 3954 470 4011 Hebraei
505 3971 706 4010 unum:
737 3971 838 4011 nos
858 3998 873 4023 ,
910 3957 1032 4024 quia
1070 3957 1337 4026 posterior
1363 3960 1566 4012 veritas
1596 3965 1650 4011 et
1680 3956 1851 4026 gratia

256 4057 361 4113 est,
389 4047 677 4105 adversum
699 4049 944 4120 Paganos
973 4067 1136 4106 unum
1163 4052 1330 4107 Deum
1354 4051 1584 4106 dicimus
1613 4068 1626 4102 :
1662 4050 1853 4106 adver-

256 4156 374 4198 sum
394 4142 611 4199 Jadazos
630 4153 834 4213 patrem
861 4154 918 4199 et
941 4143 1110 4199 ﬁlium
1147 4162 1161 4198 :
1195 4146 1266 4199 ita
1307 4144 1727 4211 dieentesduos,
1762 4159 1857 4214 pa-

257 4245 393 4293 trem
430 4250 484 4292 ct
515 4237 705 4304 ﬁlium,
733 4237 827 4293 sed
861 4254 1022 4292 tinum
1062 4248 1239 4292 tamen
1269 4238 1436 4292 Deum
1466 4237 1737 4307 complexi
1768 4251 1851 4291 re-

258 4328 485 4399 ligiones
507 4329 714 4394 ambas,
743 4328 1026 4384 adversum
1043 4310 1326 4398 utramque
1343 4327 1853 4384 alteriuscoutrario

257 4437 639 4493 repugnamus.
665 4423 730 4478 Et
751 4422 950 4494 Pagani
973 4423 1188 4492 quidem
1217 4423 1351 4493 lapsi
1375 4423 1623 4489 multum,
1654 4432 1709 4477 et
1736 4422 1851 4477 ele-

257 4523 435 4571 menta
463 4526 515 4569 et
545 4514 694 4571 cibos
716 4529 843 4570 suos
863 4515 993 4570 deos
1021 4530 1143 4570 esse
1163 4516 1438 4571 dixerunt.
1465 4508 1635 4570 Judmi
1666 4529 1854 4570 errore

256 4609 459 4664 carnali
499 4605 770 4665 Christum
813 4617 1040 4677 negant,
1093 4622 1253 4677 quem
1304 4608 1462 4662 aliter
1506 4608 1847 4663 coulitentur.

256 4705 507 4761 Nostrum
536 4706 699 4777 igitur
746 4705 938 4774 dogma
965 4715 1048 4760 est
1074 4703 1140 4758 ad
1179 4703 1512 4774 probandum
1536 4745 1552 4769 ,
1582 4702 1725 4773 quod
1757 4703 1854 4758 do-

1962 3509 2150 3543 στασιν
2172 3501 2384 3541 01111188.

2034 3579 2099 3634 ll.
2137 3580 2307 3633 Distat
2336 3578 2591 3648 quidem;
2629 3592 2814 3631 verum
2843 3593 2985 3643 nunc
3014 3577 3345 3633 omittamus.
3370 3576 3557 3647 Scrip-

1961 3680 2078 3728 tura
2101 3671 2280 3727 dirina
2328 3672 2519 3728 Graece
2542 3674 2836 3728 ὑπόστασιν
2860 3671 3195 3741 smpedixit,
3227 3670 3391 3726 latine
3420 3673 3551 3728 sub-

1957 3764 2234 3819 stantiam.
2277 3763 2347 3817 Et
2391 3763 2525 3818 dixit
2550 3763 2618 3817 de
2656 3764 2749 3819 Dei
2793 3763 3091 3818 substantia
3116 3764 3378 3835 propheta
3401 3763 3557 3819 lere-

1961 3856 2095 3912 mias
2151 3856 2283 3928 (Jer.
2316 3871 2474 3917 χχιιι,
2506 3855 2599 3920 22,
2623 3872 2725 3910 sec.
2763 3857 2899 3927 ιιι)
2934 3873 2948 3910 :
2983 3857 3194 3924 Quodsi
3216 3858 3472 3912 stetissent
3499 3857 3554 3911 hi

1957 3957 2013 4010 in
2055 3955 2342 4009 substantia
2389 3954 2632 4019 Domini,
2669 3955 2891 4010 Verbum
2930 3972 3098 4012 meum
3131 3957 3389 4011 vidissent.
3414 3955 3553 4024 Quid

1958 4058 2137 4104 autem
2167 4057 2254 4103 est
2294 4057 2437 4103 stare
2488 4050 2539 4102 in
2583 4049 2925 4103 substantia?
2955 4049 3254 4118 intelligere
3291 4048 3380 4101 Dei
3425 4047 3554 4102 sub—

1958 4140 2235 4206 Statiliam,
2258 4140 2399 4210 quod
2428 4154 2615 4195 verum
2638 4141 2817 4195 lumen
2849 4140 2942 4204 sit,
2969 4138 3110 4208 quod
3129 4138 3349 4207 spiritus
3369 4136 3553 4192 inlini-

1958 4239 2045 4288 tus
2072 4237 2162 4287 sit.
2197 4231 2311 4286 Hoc
2342 4246 2462 4287 cum
2519 4230 2934 4295 intellexissent,
2987 4231 3353 4301 intelligerent
3395 4231 3555 4303 Λόγον

1962 4324 2196 4391 Domini,
2229 4325 2332 4380 hoc
2372 4334 2489 4390 est,
2514 4323 2747 4379 Verbum
2778 4323 2987 4377 Domini
3010 4321 3291 4377 vidissent.
3318 4322 3386 4378 Et
3406 4323 3484 4378 sic
3500 4333 3556 4378 et

1957 4417 2120 4487 paulo
2145 4427 2267 4487 post
2314 4416 2453 4472 idem
2480 4416 2743 4472 Jeremlas
2770 4416 3005 4485 loquitur
3045 4413 3235 4484 (lbid.,
3262 4413 3389 4484 18).
3416 4413 3556 4469 Dicit

1959 4512 2125 4568 David
2180 4514 2199 4582 (
2227 4512 2427 4567 Psalm.
2460 4526 2729 4579 cxxxvut,
2756 4510 2865 4583 15)
2901 4529 2914 4565 :
2948 4510 3018 4565 Et
3040 4511 3328 4565 substantia
3360 4525 3473 4563 mea
3499 4509 3555 4563 in

1957 4603 2290 4675 inferioribus
2318 4594 2486 4670 (emi,
2520 4610 2575 4657 et
2600 4603 2667 4657 de
2695 4603 2805 4658 Deo
2825 4602 2979 4669 dicit,
3004 4610 3059 4657 et
3080 4601 3435 4657 substantiam
3466 4600 3553 4655 di-

1958 4696 2050 4764 cit,
2085 4696 2288 4767 etquid
2310 4697 2380 4751 sit
2404 4696 2507 4750 boc
2545 4695 2888 4750 manifestum
2935 4704 3037 4750 est.
3085 4694 3224 4749 Dicit
3265 4693 3557 4764 Apostolus

257 4802 368 4856 cuit
397 4799 674 4855 veritatem
701 4840 717 4866 ,
745 4807 800 4853 et
827 4797 1058 4854 correxit
1090 4810 1356 4853 errorem.
1389 4795 1444 4851 ld
1477 4803 1657 4851 autem
1678 4795 1853 4851 .l'acile
1875 4803 1931 4863 1)
1957 4789 2025 4844 ad
2050 4788 2306 4844 Hebraeos
2334 4786 2493 4860 (Heb.
2534 4803 2576 4855 ι,
2602 4785 2662 4858 '5)
2698 4805 2711 4842 :
2740 4787 2840 4854 Qui
2869 4797 2941 4841 est
2967 4788 3230 4842 character
3258 4788 3557 4843 substantia:

257 4892 473 4961 cognitu
501 4890 624 4954 erit,
650 4892 694 4947 si
720 4899 1078 4962 cognoscatur
1101 4889 1180 4943 vis
1204 4888 1352 4943 verbi
1382 4903 1413 4944 a
1442 4887 1736 4958 majoribus
1756 4901 1853 4956 po-

258 4981 368 5049 siti,
395 4984 536 5052 quod
568 4981 1188 5056 όμοούσιονιιοιιιίιιειιιιιιι
1217 4988 1321 5046 est,
1338 4994 1439 5036 nec
1459 4995 1641 5035 errare
1663 4994 1850 5049 quem-

258 5088 418 5146 quam
452 5074 599 5140 volo,
631 5089 752 5129 eum
784 5084 987 5129 tantum
1035 5072 1101 5127 de
1150 5080 1302 5142 patre
1345 5082 1398 5125 et
1436 5071 1545 5125 lilio
1584 5068 1854 5141 όμοούσιον

259 5168 450 5224 dixero
476 5185 491 5223 :
520 5166 644 5237 quia
672 5166 905 5241 Spiritus
949 5173 1168 5222 sanctus
1197 5176 1252 5218 et
1293 5178 1323 5217 a
1356 5172 1506 5232 patre
1534 5172 1653 5228 est,
1695 5169 1751 5217 et
1797 5160 1852 5215 in

259 5260 394 5315 ﬁlio.
419 5258 546 5313 Hmc
574 5267 751 5313 autem
782 5259 923 5313 ratio
948 5268 1136 5312 contra
1160 5256 1417 5321 Arianos,
1448 5262 1504 5308 et
1525 5262 1711 5309 contra
1741 5251 1848 5308 hae-

260 5350 460 5407 reticos
490 5351 724 5405 maxime
767 5348 1098 5420 praevalebit.
1129 5347 1269 5403 Esse
1292 5347 1459 5403 Deum
1485 5344 1753 5413 fatemur;
1782 5346 1854 5400 ita

260 5452 345 5500 est
364 5456 486 5498 esse
510 5458 524 5496 :
549 5439 826 5496 Christum
849 5440 1112 5496 fateamur
1124 5441 1202 5494 sic
1218 5452 1340 5495 esse
1367 5455 1379 5492 :
1407 5436 1511 5493 isto
1528 5438 1692 5495 modo
1709 5438 1853 5505 dico,

260 5544 346 5592 est
368 5536 530 5602 Deus,
554 5544 639 5590 est
658 5531 928 5589 Christus.
951 5532 1089 5602 Quid
1110 5540 1192 5587 est
1214 5540 1395 5587 autem
1420 5529 1564 5585 istud
1593 5529 1750 5585 esse?
1775 5530 1860 5585 Iu-

260 5644 385 5686 men
408 5643 551 5695 esse,
577 5627 834 5698 Spiritum
863 5640 1005 5691 esse,
1036 5626 1200 5680 Deum
1225 5638 1366 5689 esse,
1398 5624 1554 5698 Λόγον
1577 5638 1699 5680 esse
1727 5623 1859 5679 fate-

262 5738 403 5778 mur.
440 5720 582 5790 Ergo
612 5720 728 5776 Ιιωο
766 5733 928 5775 nemo
966 5726 1164 5789 negat:
1192 5716 1294 5773 hoc
1316 5731 1438 5772 esse
1460 5716 1636 5772 Graeci
1665 5717 1853 5784 οὐσίαν,

260 5813 346 5871 νει
376 5808 663 5871 ὑπόστασιν
709 5808 898 5869 dleunt
934 5822 948 5866 ι
978 5823 1078 5865 nos
1124 5820 1236 5866 uno
1256 5807 1476 5865 nomine
1523 5805 1687 5864 latine
1728 5805 1857 5864 sul!-

1956 4885 2090 4956 ejus.
2143 4879 2522 4935 Charactercm
2576 4879 2720 4933 enim
2761 4878 2898 4933 dixit
2939 4880 3199 4948 Spiritum
3239 4878 3555 4936 substantia:

1959 4973 2075 5027 Dei.
2127 4971 2269 5027 Sunt
2308 4970 2411 5024 alia
2461 4971 2623 5025 multa
2671 4970 2938 5040 exempla,
2989 4970 3084 5026 sed
3136 4970 3264 5041 quid
3298 4972 3557 5029 intereSt?

1958 5063 2157 5118 lectum
2182 5071 2266 5117 est
2286 5061 2428 5132 quod
2456 5062 2548 5126 sit,
2579 5071 2631 5116 et
2662 5061 2875 5116 dicatur
2899 5062 2990 5117 Dei
3013 5062 3336 5118 substantia.
3368 5064 3435 5119 Et
3453 5078 3555 5120 au-

1961 5167 2066 5213 tem
2090 5155 2531 5221 substantiaDei,
2562 5154 2768 5219 lumen,
2792 5154 3048 5225 Spiritus,
3073 5155 3233 5211 Deus.
3264 5156 3397 5211 Item
3428 5156 3557 5211 sub-

1957 5249 2157 5305 stantia
2182 5246 2381 5304 Christi
2402 5258 2489 5303 est
2508 5248 2675 5321 λόγος,
2695 5248 2896 5315 lumen,
2919 5246 3182 5303 Christus.
3206 5247 3344 5303 Hinc
3369 5262 3562 5304 omnes

1962 5357 2090 5397 vere
2116 5341 2346 5397 dicimus
2366 5340 2641 5395 Christum
2662 5356 2851 5396 verum
2880 5341 3060 5396 lumen
3091 5340 3158 5395 de
3179 5354 3311 5395 vero
3333 5340 3554 5411 lumine,

1963 5439 2131 5495 Deum
2159 5438 2228 5495 de
2262 5434 2374 5495 Deo
2399 5455 2411 5492 :
2448 5446 2596 5494 recte
2625 5453 2755 5509 ergo
2787 5438 2985 5494 dicitur
3013 5437 3267 5509 ejusdem.
3288 5452 3410 5493 esse
3432 5439 3561 5496 sub-

1959 5532 2199 5599 stantiae,
2230 5530 2334 5587 hoc
2373 5540 2459 5587 est
2484 5530 2769 5603 ὁμοούσιον.
2794 5529 3061 5586 Fatemini
3090 5540 3219 5599 ergo
3263 5526 3553 5601 ὁμοούσιον,

1961 5638 2084 5679 cum
2111 5622 2290 5679 dicitis
2316 5623 2498 5679 lumen
2527 5623 2596 5678 de
2623 5624 2851 5689 lumine,
2889 5622 3054 5676 Deum
3084 5618 3154 5673 de
3178 5619 3308 5688 Deo,
3335 5636 3433 5676 cur
3461 5637 3553 5677 re-

1962 5715 2252 5788 pugnatis?
2275 5725 2559 5787 propterea
2574 5714 2717 5786 quod
2734 5722 2819 5770 est
2848 5710 3132 5769 Graecum?
3154 5709 3299 5787 ὀμο,
3324 5713 3429 5769 tale
3449 5721 3555 5780 est,

1962 5818 2021 5863 ut
2071 5808 2156 5863 cui
2199 5804 2442 5877 jungitur
2467 5819 2608 5863 nunc
2633 5803 2900 5875 signiﬁcet
2920 5801 3160 5873 ejusdem
3192 5804 3292 5872 rel,
3319 5815 3462 5862 nunc
3485 5799 3558 5861 sla
