4018 6184
580 368 721 424 1159

1862 364 2055 420 MAR”
2099 364 2442 425 \‘ICTUIUM
2480 364 2643 419 ΛΡΜ

3688 370 3782 428 ΝΗ

576 478 691 535 mul
708 491 834 535 cum
854 490 916 534 re
935 490 1026 532 res
1054 486 1158 543 est,
1193 483 1381 547 utputa
1402 475 1635 547 species,
1663 475 1808 546 quod
1836 475 2023 532 Graece
2040 473 2178 540 εἶδος
2204 483 2258 543 Α
2283 479 2395 533 sius
2424 476 2725 531 substantia
2742 476 3080 547 intelligitur.
3103 475 3238 532 Nam
3268 474 3410 532 aliud
3435 479 3648 548 estquod
3668 494 3693 533 a
3708 483 3785 540 De.

580 568 1092 642 diciturjunguntur
1124 570 1223 625 ista
1253 568 1351 641 ὁμο
1378 576 1436 625 et
1461 564 1615 635 εἶδος,
1643 576 1700 624 et
1737 567 2006 640 signiﬁcat
2028 570 2178 641 ejus-

584 666 709 725 dem
734 662 942 736 speciei
965 682 979 717 :
1002 662 1086 720 sic
1122 662 1421 736 ὁμώνυμον,
1462 660 1708 733 ejusdem
1749 661 2003 718 nominis.
2037 662 2180 733 Ergo

581 774 709 817 cum
745 757 990 830 jungitur
1016 756 1084 813 ad
1133 758 1315 814 οὐσίαν
1360 755 1474 828 ὁμο,
1516 756 1577 810 Iit
1603 754 1894 830 ὁμοούσιον,
1938 753 2182 826 ejusdem

582 854 789 919 οὐσίας,
815 849 871 907 id
893 858 979 907 est
999 849 1245 922 ejusdem
1270 848 1612 906 substantias.
1636 849 1717 904 Ex
1741 848 1849 904 hoc
1875 846 2184 904 excluditur

579 947 769 1014 Arius,
788 946 881 1017 qui
901 945 1059 1013 dixit,
1080 961 1145 999 ex
1166 944 1339 1000 nihilo
1358 941 1653 1000 Christum.
1679 942 1812 999 Item
1837 943 2070 998 diximus
2086 941 2185 1016 ὁμο

580 1041 714 1115 ὁμου
744 1039 1082 1111 signiﬁcare,
1113 1053 1237 1094 cum
1257 1036 1497 1109 jungitur
1518 1036 1628 1102 rei,
1654 1036 1786 1093 nihil
1813 1036 1958 1092 aliud
1980 1078 1996 1103 ,
2022 1049 2182 1107 quam

585 1133 755 1190 simul
786 1147 908 1189 esse
927 1147 1043 1186 rem
1064 1130 1268 1197 dicere,
1289 1140 1347 1185 ut
1367 1129 1637 1202 ὁμοηλικής
1659 1128 1816 1184 simul
1857 1144 1960 1185 una
1987 1138 2147 1185 aetate
2165 1169 2181 1196 ,

584 1237 643 1287 et
668 1228 1003 1305 ὁμοτρόφους,
1044 1227 1177 1299 ὁμοῦ
1215 1228 1521 1301 τραφέντας,
1567 1224 1728 1279 simul
1755 1222 2030 1279 nutritas?
2054 1237 2187 1295 ergo

558 1321 884 1396 -ὃμοούσιον,
931 1320 1091 1376 simul
1134 1317 1489 1374 substantiale
1526 1315 1791 1383 dicemus,
1831 1315 1914 1372 vel
1951 1315 2187 1372 consub-

582 1416 857 1473 stantiale.
889 1414 1030 1472 Ecce
1072 1412 1336 1471 habemus
1359 1422 1417 1469 et
1456 1411 1622 1469 latine
1665 1409 1927 1466 nomina:
1967 1409 2111 1481 quod
2137 1408 2187 1469 si

584 1513 660 1567 ita
681 1519 787 1579 est,
835 1521 891 1567 et
937 1524 1005 1567 ex
1037 1509 1142 1566 hoc
1177 1507 1483 1566 excluditur
1526 1508 1709 1575 Arius,
1747 1507 1842 1577 qui
1884 1506 2045 1575 dixit,
2086 1507 2188 1579 fuit

584 1604 917 1673 quandam
952 1604 1071 1674 fuit.
1107 1602 1320 1657 Etenim
1363 1603 1410 1656 si
1458 1599 1688 1656 dicimus
1709 1639 1725 1666 ,
1752 1613 1969 1670 semper
2011 1609 2185 1669 pater,

586 1710 809 1768 semper
836 1694 996 1762 ﬁlius,
1025 1702 1081 1751 et
1104 1693 1150 1748 si
1172 1691 1356 1765 (Joan.
1386 1706 1425 1757 ι,
1449 1688 1505 1761 1)
1533 1691 1590 1746 in
1634 1690 1887 1762 principia
1910 1698 2018 1746 erat
2042 1690 2189 1765 λόγος

586 1796 637 1842 et
666 1788 827 1863 Λόγος
863 1785 1006 1858 apud
1038 1785 1225 1853 Deum,
1249 1783 1504 1855 quoniam
1535 1781 1859 1853 principium
1904 1782 2024 1838 sine
2059 1792 2186 1841 Orttt

2286 579 2371 626 est
2395 588 2409 625 :
2440 585 2564 625 nam
2593 571 2777 626 omnia
2800 584 2833 626 a
2860 570 2996 637 Deo,
3021 568 3272 627 Christus
3296 577 3474 627 autem
3500 569 3567 629 de
3588 571 3785 633 Donat:

2284 665 2403 735 ipse
2453 679 2586 723 vero
2633 662 2882 721 Christus
2926 665 3090 738 Λόγος
3136 670 3246 731 est,
3295 663 3381 721 vel
3424 665 3572 739 Δὸνος
3606 662 3789 726 cum

2284 766 2389 814 est.

2357 849 2449 907 Ν.
2475 850 2756 907 Postremo
2781 851 3006 923 qumrite
3033 852 3163 923 quid
3188 849 3266 907 sit
3285 851 3443 926 Δόνρς
3461 891 3477 918 ,
3502 860 3557 908 et
3578 852 3795 914 invenietis

2290 947 2460 1021 Λόγος
2484 946 2555 1003 de
2599 946 2771 1003 nihilo
2798 961 2923 1004 esse
2949 961 3055 1004 non
3084 961 3266 1019 posse.
3297 946 3407 1004 Sed
3427 947 3504 1003 illi
3524 963 3614 1005 vos
3628 949 3796 1019 hlium,

2286 1037 2389 1106 illi,
2408 1040 2621 1109 inquam
2631 1038 2743 1109 ,qul
2760 1054 2866 1094 non
2886 1039 3255 1110 intelligemus
3267 1040 3480 1095 modum
3492 1041 3798 1111 generationis,

2287 1131 2479 1189 dicunt
2504 1131 2641 1204 (lsa.
2672 1148 2787 1201 Lm,
2815 1132 2895 1205 8),
2925 1131 3258 1189 Natisitatens
3280 1132 3484 1189 Domiti
3506 1134 3608 1204 quis
3622 1150 3802 1192 me

2291 1223 2498 1293 potest?
2542 1223 2782 1280 Primum
2811 1224 2881 1281 de
2907 1223 3217 1281 hominibus
3242 1224 3444 1281 dictum
3468 1225 3628 1282 videri
3660 1235 3800 1296 potest,

2289 1314 2410 1386 quis
2429 1315 2454 1370 ἵ
2477 1316 2585 1382 vel,
2612 1331 2795 1374 nemo.
2814 1316 3051 1389 Spiritus
3068 1326 3252 1376 autem
3264 1326 3492 1375 sanctus
3511 1327 3565 1377 et
3578 1318 3799 1385 insinuare

2288 1417 2588 1465 etnarrare
2626 1417 2825 1480 potest.
2878 1409 3036 1467 Unde
3077 1420 3135 1467 et
3166 1426 3269 1467 nos
3306 1411 3405 1469 Dei
3428 1412 3686 1481 μήκει
3715 1412 3801 1470 ira

2288 1500 2495 1559 Christi
2546 1500 2763 1559 Domini
2808 1502 2981 1560 nostri
3031 1503 3304 1575 permissu
3336 1503 3601 1562 diximus:
3625 1513 3673 1561 et
3700 1514 3803 1561 ωηο

2293 1609 2402 1649 non
2432 1593 2946 1665 desperatumhoc,
2984 1596 3513 1654 sedeunmirscnlo
3543 1596 3804 1664 dictumst

2292 1684 2498 1742 Deinde
2522 1684 2595 1742 sit
2635 1685 2828 1743 modus
2856 1687 3221 1759 generationis
3270 1688 3512 1760 ignotum,
3536 1702 3628 1745 nos
3650 1688 3805 1748 desst-

2294 1776 2501 1834 stantia
2541 1777 2814 1848 loquimur
2842 1796 2858 1834 ι
2888 1779 2937 1836 si
2964 1787 3121 1848 pater
3144 1787 3203 1837 et
3230 1780 3409 1847 ﬁlius,
3430 1779 3808 1853 ὁμούρων.οω-

588 1888 696 1947 est,
711 1889 770 1936 et
788 1881 905 1937 sine
932 1887 1176 1950 tempore
1205 1892 1423 1948 semper
1447 1874 1547 1932 fuit
1574 1875 1716 1932 Deus
1735 1917 1749 1943 ,
1779 1890 1995 1946 semper
2018 1875 2190 1950 λόγος,
2220 1865 2270 1927 Β
2299 1868 2662 1926 modoautem
2690 1869 2834 1926 Deus
2857 1878 3033 1941 pater,
3062 1878 3119 1926 et
3145 1870 3422 1942 quomodo
3446 1872 3601 1947 Λόγος
3623 1870 3736 1928 ﬁlius
3748 1873 3806 1937 sit

588 1990 809 2045 semper
837 1982 1013 2045 pater,
1038 1988 1257 2044 semper
1275 1971 1439 2028 ﬁlius.
1472 1970 1585 2027 Hoc
1604 1970 1653 2027 si
1680 1970 1753 2026 ita
1775 1979 1880 2038 est,
1907 1970 2191 2027 exclusum

592 2077 700 2137 est,
729 2075 790 2124 ut
813 2065 951 2133 dixi,
979 2066 1078 2137 fuit
1119 2066 1326 2136 quando
1353 2081 1457 2121 non
1497 2064 1617 2136 fuit.
1664 2062 1805 2119 Ecce
1834 2071 1929 2118 est.
1960 2063 2014 2117 in
2044 2070 2193 2118 utro-

592 2174 700 2230 que
726 2157 1020 2231 ὁμοούσιον,
1040 2165 1231 2214 eotitra
1260 2155 1448 2220 Arium
1476 2156 1708 2226 positum
1730 2196 1744 2221 ,
1775 2153 2193 2226 universumque

592 2250 709 2308 Arii
737 2249 1012 2311 heresim.

663 2341 756 2400 lll.
785 2342 914 2399 llzec
949 2341 996 2397 si
1026 2355 1155 2397 vera
1197 2348 1356 2410 sunt,
1387 2339 1617 2410 accipite
1646 2338 1914 2411 ὁμοούσιον
1944 2354 1960 2396 :
1993 2350 2118 2392 nam
2148 2335 2195 2397 Si

594 2450 702 2491 n0n
734 2434 920 2501 vultis,
953 2434 1148 2491 novelli
1175 2432 1291 2490 Arii
1320 2448 1427 2491 non
1458 2433 1657 2491 latetis.
1687 2433 1792 2488 Sed
1820 2439 1880 2487 ut
1902 2447 1967 2488 ex
1999 2431 2196 2488 vestris

594 2526 805 2582 actibus
832 2526 1039 2583 clarum
1086 2534 1192 2593 est,
1220 2524 1400 2582 dicitis
1443 2524 1660 2596 quidem
1711 2522 1983 2581 Christum
2024 2523 2197 2583 Deum

595 2617 665 2674 de
697 2617 828 2684 Deo,
863 2617 1043 2672 lumen
1072 2616 1143 2672 de
1172 2615 1407 2684 lumine;
1439 2630 1627 2672 verum
1657 2615 1880 2682 factum,
1906 2622 2070 2685 atque
2092 2613 2197 2672 hoc

596 2710 762 2767 modo
789 2717 973 2765 natum
996 2723 1103 2765 non
1132 2709 1199 2765 de
1226 2707 1530 2766 substantia
1558 2709 1685 2779 Dei,
1710 2723 1773 2765 se
1792 2707 1861 2764 de
1883 2708 2052 2765 nihilo
2070 2748 2086 2774 ,
2119 2705 2201 2763 id-

594 2820 702 2876 que
730 2804 800 2860 ab
824 2804 946 2859 aliis
973 2803 1165 2875 cogitis
1196 2818 1292 2873 per
1334 2811 1652 2874 argumenta
1684 2811 1860 2859 vestra
1884 2844 1898 2869 ,
1921 2811 1982 2857 ut
2013 2801 2201 2858 audire

597 2896 822 2967 possitis
848 2897 1018 2968 magis
1048 2912 1207 2967 quam
1221 2896 1414 2952 dicatis
1441 2896 1565 2967 ipsi,
1584 2905 1641 2953 et
1660 2911 1826 2967 quare
1852 2896 2202 2967 argumenta?

2296 1966 2516 2038 cognitu
2556 1964 2801 2023 difﬁcile.
2832 1965 2988 2024 Nunc
3024 1975 3206 2024 autem
3257 1966 3366 2024 hoc
3404 1968 3807 2025 notivideturcsse

2297 2056 2649 2130 quaerendum
2672 2074 2688 2119 ς
2726 2058 2877 2128 prius
2900 2059 3045 2115 enim
3066 2057 3438 2117 conﬁtendum
3455 2100 3473 2127 ,
3499 2058 3630 2130 mind
3653 2058 3709 2117 de
3725 2059 3807 2115 sab-

2298 2149 2496 2206 stantia
2524 2149 2693 2221 patris
2721 2148 2864 2206 ﬁlius
2887 2190 2903 2219 ,
2932 2158 2990 2207 et
3014 2149 3098 2208 sic
3123 2149 3400 2223 quomodo
3450 2150 3614 2218 ﬁlius;
3638 2151 3711 2221 qui
3738 2165 3809 2205 rso-

2300 2244 2403 2301 dus
2428 2252 2516 2301 est
2542 2258 2669 2300 vere
2692 2241 2955 2312 difﬁcilis,
2975 2252 3033 2303 et
3057 2258 3090 2301 a
3112 2244 3275 2301 nobis
3292 2244 3425 2304 alibi
3452 2252 3702 2302 tractatus.
3717 2241 3807 2313 trp

2301 2352 2446 2411 nunc
2488 2336 2557 2397 de
2595 2337 2890 2410 ὁμοσύσιον,
2934 2346 3088 2395 certe
3124 2349 3185 2395 ut
3232 2338 3628 2396 satisﬁatvobis
3666 2336 3807 2410 (plus!

2301 2432 2446 2491 enim
2471 2430 2719 2489 volumus
2738 2446 2862 2489 cum
2880 2430 3182 2504 omnibus),
3206 2430 3475 2488 habemus
3498 2429 3728 2502 quomodo
3748 2442 3808 2484 et-

2301 2526 2599 2598 primamus
2624 2522 2893 2596 ὁμοούσιον
2912 2564 2929 2595 ,
2960 2523 3194 2594 primum
3220 2522 3665 2583 consubstantialc
3685 2521 3746 2578 vel
3763 2519 3809 2575 si-

2303 2619 2416 2677 mul
2436 2616 2913 2679 consubstantiale.
2933 2616 3138 2677 Deinde
3156 2617 3207 2673 si
3224 2617 3466 2676 dicimus
3488 2617 3641 2676 Deum
3654 2615 3709 2674 de
3724 2614 3808 2679 νων

2303 2710 2489 2769 lumen
2518 2710 2588 2769 de
2621 2709 2825 2767 lumine
2851 2710 3075 2768 :bnneu
3104 2718 3287 2769 autem
3318 2718 3483 2781 pater
3528 2718 3641 2775 est,
3663 2705 3809 2764 ucst-

2300 2804 2408 2862 lius
2444 2805 2626 2861 lumen
2660 2821 2674 2861 :
2700 2819 2825 2861 cum
2849 2803 3099 2863 dicamus
3119 2805 3247 2877 quia
3275 2803 3331 2865 in
3366 2811 3618 2876 patreest
3636 2802 3813 2863 lilium

2306 2898 2361 2954 in
2393 2899 2503 2954 lilio
2531 2906 2684 2969 pater
2728 2905 2833 2966 est,
2881 2897 3126 2954 dicamus
3164 2896 3326 2953 etiam
3364 2899 3456 2969 qui
3497 2905 3630 2954 recte
3657 2893 3810 2949 dicimus

604 2992 651 3048 Ο
676 2992 850 3059 Deus,
897 3006 930 3044 ο
965 2990 1205 3057 Christe,
1244 3005 1540 3047 succurre:
1569 2991 1613 3046 si
1657 2990 1725 3045 de
1784 2990 1892 3046 Deo
1936 2999 2095 3045 natus
2122 2997 2208 3045 est
2308 2991 2475 3047 Deum
2500 2990 2571 3046 de
2594 2990 2703 3046 Deo
2726 3030 2742 3053 ,
2790 2990 2969 3046 lumen
3006 2986 3077 3045 de
3101 2988 3304 3045 lumine
3326 3005 3348 3043 :
3382 2988 3528 3060 quod
3566 2988 3714 3043 verum
3734 2984 3810 3042 erit.

605 3084 877 3151 Christus,
910 3093 1003 3140 aut
1028 3085 1232 3140 divisus
1268 3093 1362 3141 aut
1405 3084 1646 3140 minutus
1667 3094 1752 3140 cst
1778 3085 1936 3142 Deus.
1971 3086 2096 3141 lltec
2119 3094 2203 3141 ato-

599 3191 707 3248 que
751 3176 1059 3248 liujusrnodi
1100 3176 1316 3248 indigna
1352 3191 1501 3247 saepe
1547 3176 1798 3247 profertis
1825 3178 1977 3247 quasi
2004 3192 2203 3248 corpus

2304 3092 2362 3139 et
2406 3084 2627 3154 plerum
2677 3082 3070 3156 ὁμοούσιονοΔη
3114 3081 3424 3140 dubitatis?
3468 3080 3598 3150 Quid
3629 3080 3728 3135 sict
3753 3078 3812 3129 huc

2310 3177 2512 3234 lectum
2579 3176 2702 3234 est?
2773 3176 3111 3248 blasphemia
3154 3184 3238 3233 est
3286 3176 3663 3233 contradicere.
3708 3167 3812 3228 Band

598 3272 674 3328 sit
694 3272 833 3328 Deus
860 3312 874 3337 ,
902 3280 996 3327 aut
1018 3285 1333 3341 corporeus,
1367 3279 1459 3325 aut
1488 3271 1648 3342 liyle:
1680 3271 1798 3326 lieic
1834 3269 1977 3327 etiim
2005 3270 2199 3327 divisio
2226 3253 2274 3319 (ἶ
2303 3270 2327 3342 (
2355 3268 2553 3326 Psalm.
2607 3284 2751 3325 xxxv
2775 3310 2791 3336 ,
2841 3269 2954 3339 10)
3010 3287 3023 3323 :
3102 3262 3199 3324 Est
3259 3270 3413 3325 enim
3476 3270 3587 3341 fons
3631 3267 3750 3329 vita;
3781 3271 3813 3315 et

600 3365 689 3420 vel
714 3364 1000 3420 diminutio
1020 3372 1199 3436 potest
1218 3379 1359 3420 esse.
1382 3364 1489 3420 Sed
1513 3363 1584 3419 de
1602 3365 1709 3419 isto
1732 3363 1897 3420 multa
1919 3365 2032 3434 jam
2060 3364 2199 3420 dixi-

603 3472 748 3523 mus,
778 3457 1235 3530 quemadmodum
1265 3458 1316 3512 in
1342 3456 1562 3521 divinis,
1587 3457 1638 3510 in
1671 3457 2009 3528 iucorporcis
2028 3459 2198 3515 maxi-

603 3562 798 3620 meque
830 3549 883 3604 iu
913 3550 1091 3604 anima
1112 3589 1129 3617 ,
1171 3548 1226 3604 in
1256 3547 1480 3619 spiritu,
1518 3549 1571 3602 in
1604 3554 1788 3604 mente
1811 3589 1825 3614 ,
1863 3556 1921 3604 et
1944 3548 2112 3620 magis
2146 3551 2197 3607 in

602 3641 718 3698 Deo
765 3648 860 3697 aut
894 3648 1074 3697 motus
1117 3641 1228 3707 sit,
1256 3648 1351 3697 aut
1394 3647 1581 3712 partus
1613 3639 1962 3697 omnimodis.
1986 3641 2198 3699 Etenim

603 3733 840 3802 perfecta
867 3749 1042 3804 neque
1061 3731 1265 3805 au'geri,
1287 3747 1466 3805 neque
1493 3733 1664 3789 minui
1688 3742 1936 3804 possunt,
1965 3734 2202 3793 maxime

600 3825 747 3881 circa
774 3824 1153 3893 substantiam,
1174 3827 1426 3900 adt-61m:
1451 3824 1598 3882 enim
1636 3839 1761 3882 cum
1797 3835 2001 3883 suntet
2045 3830 2199 3885 αὑτο-

601 3915 824 3990 δύναμαι,
863 3916 933 3974 de
964 3916 1075 3974 Deo
1093 3916 1218 3974 dico
1245 3917 1315 3975 de
1339 3916 1556 3988 spiritu,
1591 3918 1769 3989 qualia
1799 3919 1917 3991 ipsa
1936 3930 2083 3988 sunt,
2113 3930 2199 3978 ta-

600 4010 675 4067 lia
702 4011 956 4068 emittunt
997 4025 1146 4068 :nec
1186 4010 1259 4067 ibi
1299 4012 1578 4082 generatio
1617 4012 1991 4072 immutatione
2036 4031 2204 4087 gene-

602 4102 763 4169 ratio,
795 4117 972 4174 ueque
993 4103 1101 4159 ulla
1126 4101 1309 4175 passio
1337 4101 1435 4171 ibi,
1463 4104 1549 4160 vel
1571 4103 1854 4174 phantasia
1879 4108 2058 4179 aliqua
2076 4123 2201 4180 pas-

601 4192 791 4249 sionis.
815 4192 1025 4250 interea
1054 4192 1143 4251 bis
1168 4193 1468 4251 rationibus
1494 4195 1694 4252 vestris
1725 4196 1852 4266 quid
1885 4198 2078 4271 cogitis
2098 4215 2201 4258 nos

599 4283 761 4341 fateri
788 4284 856 4341 de
900 4284 1069 4340 nihilo
1113 4286 1386 4342 Christum
1422 4301 1548 4346 esse
1588 4290 1810 4346 natum?
1836 4290 1975 4357 Num
2022 4294 2201 4357 minor

598 4382 782 4432 vestra
827 4374 1166 4447 blasphemis
1211 4385 1317 4445 est,
1349 4393 1473 4435 cum
1516 4393 1614 4437 vos
1666 4382 1857 4439 eadem
1902 4385 2200 4443 sentiatis?

599 4464 711 4524 Aut
726 4480 826 4523 cur
847 4478 954 4523 non
969 4474 1054 4525 est
1076 4474 1263 4538 aperta
1286 4476 1464 4531 vestra
1486 4470 1774 4542 professio,
1795 4472 1845 4533 si
1866 4474 1937 4531 ita
1957 4476 2201 4535 sentitis?

598 4558 804 4617 Verum
826 4560 1100 4617 contraria
1131 4575 1228 4619 vos
1269 4562 1414 4635 loqui
1444 4580 1553 4621 non
1572 4565 1767 4624 videtis
1795 4585 1811 4625 :
1844 4569 2025 4627 dicitis
2050 4573 2196 4630 enim

2302 3365 2533 3439 (Psalm.
2565 3365 2721 3433 ibid.)
2748 3381 2768 3420 .·
2791 3362 2859 3420 In
2884 3363 3081 3420 lumine
3100 3376 3189 3420 tuo
3213 3363 3504 3421 ridebimus
3525 3348 3689 3419 (uitta.
3708 3357 3809 3412 Fate-

2304 3458 2478 3514 timini
2494 3459 2606 3529 jam
2631 3457 2830 3526 ethoc,
2844 3465 2902 3514 et
2920 3455 3208 3529 ὁμοοῦσων.
3230 3456 3496 3515 Similiter
3518 3455 3615 3513 huc
3625 3451 3810 3523 objicit»-

2306 3558 2411 3608 test
2432 3553 2486 3607 ei
2510 3550 2600 3621 qui
2627 3549 2757 3607 dicit
2779 3549 3007 3607 similem
3033 3549 3395 3609 substantiam
3429 3566 3447 3607 :
3474 3547 3695 3605 eamdem
3716 3542 3807 3598 enim

2303 3659 2406 3699 nos
2434 3642 2665 3700 dicimus
2702 3651 2761 3700 et
2795 3643 2955 3700 simul
2994 3642 3361 3701 substantiam
3382 3682 3404 3711 .
3449 3650 3589 3702 certe
3611 3634 3810 3697 dictauit

2303 3735 2440 3793 Isaia
2471 3736 2493 3807 (
2520 3735 2631 3792 Isa.
2660 3750 2808 3803 xuii,
2835 3734 2934 3808 10)
2960 3752 2975 3789 :
3000 3733 3171 3791 Nemo
3196 3742 3320 3789 ante
3359 3744 3431 3801 to,
3471 3730 3623 3800 Deus,
3652 3739 3691 3785 et
3722 3738 3810 3782 sal
3886 3778 3887 3809 ι

2303 3839 2420 3899 post
2445 3838 2494 3885 te
2516 3829 2721 3897 similis,
2742 3828 2901 3886 Deus.
2926 3828 2997 3885 Et
3011 3827 3177 3885 David
3198 3826 3428 3901 (Paulis.
3452 3842 3606 3883 xxxiv
3622 3823 3714 3894 ιον
3734 3818 3811 3886 0⁸⁸

2303 3921 2395 3979 tibi
2424 3923 2608 3979 similis
2629 3922 2745 3992 erit,
2770 3921 2949 3979 Deus?
2973 3921 3102 3979 Haec
3128 3920 3397 3985 adversus
3411 3917 3628 3991 eos,qui
3649 3912 3808 3973 simile-

2299 4015 2658 4073 suhstantiam
2683 4014 2871 4072 dicunt
2896 4029 2912 4071 :
2940 4014 3038 4073 sed
3056 4020 3124 4091 let
3142 4014 3315 4071 multa
3336 4022 3617 4085 pretereo.
3635 4022 3731 4079 (1118
3744 4003 3812 4074 νιν

2303 4106 2427 4166 nius
2474 4107 2801 4179 uberiusque
2841 4113 3071 4163 tractata
3097 4112 3243 4174 sunt,
3264 4113 3461 4163 contra
3486 4118 3577 4165 eos
3602 4102 3809 4159 tractam:

2301 4215 2443 4274 quos
2487 4200 2592 4271 ipsi
2638 4200 2926 4258 miserunt.
2955 4197 3092 4259 Nam
3122 4198 3191 4256 de
3235 4196 3346 4256 illis
3392 4212 3503 4253 non
3531 4188 3809 4281 loquendum.
3884 4266 3885 4281 χ

2302 4297 2396 4369 qui
2422 4293 2740 4353 dissimilem
2766 4294 2954 4352 dicunt
2983 4310 2999 4349 :
3029 4306 3131 4350 nec
3165 4291 3238 4351 de
3267 4291 3400 4359 illis,
3431 4288 3522 4362 qui
3548 4300 3635 4345 eos
3668 4277 3811 4353 quibit

2304 4395 2539 4450 tractant
2563 4402 2685 4458 quas
2710 4385 2940 4444 dicimus
2957 4425 2977 4454 ,
3004 4384 3440 4455 Patripassianos
3460 4386 3658 4454 putant.
3680 4372 3810 4432 οωιιᾱ

2303 4479 2449 4538 enim
2494 4479 2584 4537 isti
2620 4486 2677 4539 et
2713 4476 2807 4539 alii
2832 4475 3073 4535 hmretici
3092 4476 3252 4533 facile
3274 4473 3497 4532 refutati
3532 4478 3648 4529 sunt
3677 4462 3810 4533 maiore

2304 4580 2557 4631 tractatu.
2590 4571 2736 4631 Deus
2781 4570 2974 4629 adesto
3003 4570 3184 4638 Pater,
3213 4576 3272 4626 et
3316 4567 3463 4625 Deus
3505 4561 3704 4621 Domine
3731 4552 3811 4610 16!

595 4650 763 4708 Deum
791 4653 859 4710 dc
888 4653 999 4713 Deo
1025 4693 1041 4721 ,
1070 4653 1254 4713 lumen
1288 4656 1359 4713 de
1385 4655 1611 4717 lumine.
1640 4658 1755 4717 Hoc
1782 4661 1855 4719 de
1888 4662 2062 4721 nihilo
2087 4674 2193 4735 est,

2298 4667 2513 4725 Christo
2536 4707 2554 4735 ,
2596 4674 2658 4727 ut
2690 4665 2764 4725 sit
2802 4665 2857 4724 in
2889 4663 3048 4738 plebe
3092 4671 3183 4729 tua
3210 4661 3462 4736 ὁμοούσία
3489 4672 3582 4732 per
3605 4650 3807 4726 ὁμωὺσιονι

593 4754 718 4803 cum
739 4743 930 4803 dicatis
958 4745 1123 4805 unde.
1151 4745 1296 4820 Ergo
1310 4747 1380 4805 de
1400 4748 1513 4807 Deo
1532 4750 1803 4822 Christus,
1834 4770 1945 4813 non
1974 4770 2106 4829 ergo
2126 4757 2196 4816 de

596 4834 787 4904 nihilo,
813 4837 883 4894 de
902 4837 1104 4899 lumine
1125 4855 1233 4899 non
1260 4841 1331 4901 de
1363 4842 1566 4914 nihilo;
1595 4845 1664 4905 de
1688 4847 1806 4907 Deo
1825 4850 1993 4920 enim,
2017 4852 2087 4911 de
2107 4854 2195 4926 ip-

608 4990 2305 5032 .___.__.______________

2300 4763 2496 4819 Amen.

2311 5008 2655 5028 Ψ

1909 5119 2487 5209 VICTORIN
2492 5124 2536 5207 Ι

1795 5261 1903 5325 DE
1976 5264 2418 5331 ΪΒΙΝΙΤΔΤΕ
2484 5260 2779 5329 HYMNI.

861 5453 879 5468 ,
1095 5393 1381 5458 HYINUS
1422 5399 1700 5463 PRIMUS.

588 5485 812 5556 Adesto,
834 5488 1017 5549 lumen
1044 5505 1254 5562 verum,
1284 5504 1436 5564 pater
1454 5497 1797 5571 omnipotens
1822 5502 1984 5561 Deus.

586 5576 813 5644 Adesto,
840 5580 1022 5640 lumen
1045 5584 1287 5655 luminis,
1309 5589 1626 5660 mysterium
1652 5601 1707 5648 et
1734 5594 1907 5650 virtus
1929 5595 2045 5652 Dei.

582 5669 815 5740 Adesto,
845 5686 1032 5733 sancte
1054 5678 1313 5750 Spiritus,
1348 5682 1515 5753 patris
1545 5694 1601 5742 et
1624 5685 1720 5743 ﬁlii
1748 5688 1963 5760 capula.

583 5762 666 5823 Tu
687 5778 813 5821 eum
842 5767 1076 5836 quiescis
1097 5782 1249 5842 pater
1273 5788 1356 5843 es,
1383 5791 1508 5834 cum
1538 5781 1812 5851 procedis,
1839 5782 2006 5843 ﬁlius.

584 5852 644 5907 lu
676 5869 837 5912 unum
865 5857 959 5930 qui
984 5872 1177 5920 cuncta
1216 5866 1412 5941 nectis,
1476 5877 1536 5949 tu
1573 5884 1632 5930 es
1673 5871 1905 5949 Spiritus
1944 5882 2181 5937 sanctus.

2297 5414 2475 5474 Unum
2500 5414 2733 5488 primum
2751 5451 2772 5481 ,
2798 5423 2964 5469 unum
2993 5422 3026 5466 a
3053 5420 3116 5468 se
3136 5394 3337 5478 ortum.
3372 5418 3535 5469 unum
3556 5405 3805 5563 suae“:

2298 5595 2569 5655 Prmodis
2595 5608 2759 5653 omne
2787 5601 3071 5665 quantum,
3096 5591 3262 5650 nullis
3286 5599 3447 5651 notus
3471 5584 3703 5655 terriﬁcis.

2295 5689 2438 5747 Nihil
2458 5689 2515 5745 in
2537 5697 2592 5747 te
2617 5697 2901 5761 quantum,
2931 5687 3057 5759 quia
3083 5700 3261 5758 neque
3283 5693 3537 5757 quantum
3556 5696 3617 5738 ex
3636 5685 3680 5733 te
3697 5677 3770 5730 est.

2293 5780 2537 5855 Namque
2559 5797 2626 5840 ex
2658 5791 2714 5840 te
2735 5790 2922 5839 natum
2946 5794 3114 5841 unum
3138 5779 3308 5852 gignit
3325 5776 3518 5850 magis,
3541 5784 3680 5940 qr!
3701 5764 3801 5915 π

3592 5875 3705 5938 qm
3787 5888 3799 5910 '

3592 5875 3799 5938 quantum.
