4018 6184
293 299 428 356 HM

1576 289 1663 344 DE
1705 287 2079 346 TRINITATE
2119 286 2382 345 HYMNI.’

3459 295 3597 352 1142

288 411 427 471 Ηίιιε
464 411 762 480 immensus
801 413 954 479 pater
990 413 1073 462 est
1096 423 1109 460 :
1133 418 1354 462 mensus
1391 410 1555 476 atque
1584 409 1892 463 immensus
1917 409 1968 470 Α
1997 401 2112 459 Νοη
2143 417 2251 474 quo
2281 401 2551 474 praecedat
2581 402 2871 474 quidquam
2899 403 3152 475 alterum,
3186 422 3360 480 neque
3395 426 3503 482 quo
3529 413 3604 469 sit

1699 494 1885 569 [lilius.

288 596 469 657 Unum
490 603 670 651 autem
700 599 754 649 et
781 599 839 648 tu
864 597 1015 662 pater
1039 603 1122 656 es,
1149 599 1425 660 unumque
1453 586 1638 658 genuit
1665 585 1825 641 lilius.

287 687 446 760 Quod
481 686 649 744 multa
689 683 776 740 vel
818 689 1012 740 cuncta
1055 689 1221 751 sunt,
1269 679 1372 738 hoc
1416 695 1581 735 unum
1616 686 1700 735 est
1741 665 1888 752 quod

1487 771 1694 846 [genuit
1719 772 1882 829 ﬁlius.

286 875 508 935 Cunctis
533 872 626 947 qui
655 870 795 935 ὄντος
819 885 1005 927 semen
1028 875 1134 938 est,
1163 882 1288 925 vera
1311 867 1480 924 virtus
1503 867 1747 924 seminis.

285 970 345 1028 In
373 984 501 1042 quo,
532 977 695 1039 atque
715 981 820 1038 quo
840 966 1131 1038 gignuntur
1145 972 1360 1030 cuncta,
1385 960 1556 1017 virtus
1576 976 1696 1033 qua:
1714 957 1887 1018 fundit

1743 1051 1883 1124 [Dei.

286 1157 598 1228 Rursusque
634 1153 688 1210 in
718 1168 906 1232 semen
943 1149 1173 1208 redeunt
1201 1148 1382 1221 genita
1418 1163 1643 1220 quaeque
1678 1163 1750 1204 ex
1792 1161 1884 1204 se-

1693 1241 1882 1316 [mine.

283 1341 550 1414 Operatur
587 1354 718 1412 ergo
747 1346 941 1395 cuncta
972 1335 1222 1394 Christus
1259 1335 1352 1407 qui
1388 1334 1564 1391 omnis
1591 1344 1672 1390 est
1711 1335 1886 1390 virtus

1739 1425 1881 1501 [Dei.

281 1525 523 1598 Namque
547 1523 794 1580 Christus
817 1523 870 1579 in
901 1522 1086 1595 quiete
1105 1529 1287 1577 mutus
1313 1529 1418 1589 est,
1447 1535 1690 1577 summus
1717 1520 1880 1576 Deus.

279 1623 458 1690 Atque
479 1609 595 1689 ipse
622 1625 802 1673 motus
833 1617 1094 1687 sapientia
1122 1625 1228 1684 est,
1257 1624 1312 1671 et
1339 1615 1506 1670 virtus
1538 1615 1654 1671 Dei.

277 1713 439 1770 Nullo
468 1728 496 1767 a
527 1713 830 1769 substantia
862 1711 1072 1766 distans
1097 1730 1108 1764 :
1139 1711 1263 1782 quia
1284 1710 1427 1782 quod
1457 1719 1657 1777 motus,

278 1805 393 1862 Hoc
423 1805 722 1862 substantia
751 1812 853 1874 est,
877 1803 1078 1876 quique
1109 1812 1310 1871 motus,
1342 1801 1466 1874 quia
1491 1801 1543 1857 in
1576 1801 1694 1870 ipso
1720 1807 1880 1870 atque
1910 1803 1957 1864 B
1987 1801 2164 1872 Atque
2204 1815 2325 1857 esse
2370 1802 2580 1858 eunetis
2626 1801 2733 1858 vita
2780 1814 2863 1859 εει

1608 1891 1745 1967 [ipse
1771 1901 1874 1949 est.

279 1993 359 2050 Ex
380 1991 494 2050 Deo
521 1992 696 2048 dictus
724 1993 886 2064 Deus,
918 2002 1076 2049 natus
1096 2002 1275 2049 autem
1301 2009 1314 2047 :
1343 1993 1465 2064 quia
1496 2000 1673 2047 motus
1694 1999 1806 2054 est;

280 2087 467 2144 Omnis
514 2089 658 2143 enim
708 2095 887 2142 motus
935 2097 1096 2142 nutus
1148 2095 1267 2156 est,
1317 2100 1592 2156 unumque
1643 2099 1765 2139 cum
1811 2082 1882 2139 sit

1691 2176 1877 2250 [Deus.

239 2304 252 2320 ι
281 2273 360 2328 Αε
388 2271 486 2328 Dei
514 2281 712 2341 motus,
744 2287 884 2329 unus
912 2281 967 2328 et
993 2271 1133 2330 idem
1164 2272 1306 2328 Deus
1337 2272 1540 2329 existit.

281 2362 484 2421 Tamen
508 2373 684 2421 motus
707 2364 823 2436 ipse
850 2379 993 2431 esse,
1025 2372 1083 2420 ut
1110 2363 1211 2420 sibi
1237 2366 1307 2421 sit
1338 2364 1440 2422 hoc
1462 2363 1605 2436 quod
1632 2363 1746 2436 ipse
1769 2379 1883 2420 mo-

1589 2529 1599 2536 .
1643 2455 1752 2531 [tus
1778 2467 1880 2515 est.

281 2545 386 2604 Sed
419 2547 543 2620 quia
578 2545 670 2604 Dei
695 2555 874 2604 motus
902 2557 1007 2616 est,
1041 2549 1203 2606 habet
1223 2549 1276 2605 in
1297 2564 1358 2606 se
1389 2559 1568 2606 motus
1596 2548 1789 2605 Deum.

282 2643 597 2715 Rursusque
622 2644 742 2716 ipso
771 2643 894 2715 quia
926 2642 1021 2700 Dei
1049 2652 1228 2700 motus
1254 2652 1360 2712 est,
1397 2643 1559 2700 habet
1587 2643 1638 2698 in
1671 2658 1733 2700 se
1763 2658 1882 2700 mo-

1547 2735 1684 2809 [tum
1719 2735 1878 2792 Deus.

283 2826 340 2882 In
369 2824 481 2883 filio
506 2825 666 2898 igitur
684 2836 838 2899 pater
863 2838 967 2896 est,
999 2839 1052 2884 et
1079 2829 1132 2884 in
1159 2835 1310 2900 patre
1331 2838 1415 2884 est
1443 2829 1560 2901 ipse
1585 2829 1747 2884 lilius.

285 2919 424 2977 Sunt
451 2935 584 2992 ergo
610 2920 809 2992 singuli
852 2930 1013 2993 atque
1051 2921 1107 2976 in
1143 2931 1318 2978 semet
1341 2936 1579 2992 semper,
1611 2935 1732 2976 cum
1775 2920 1884 2977 sint

1641 3013 1880 3088 [singuli.

288 3105 424 3161 ilinc
452 3104 665 3162 duobus
693 3121 797 3162 una
826 3103 1019 3174 virtus,
1051 3101 1178 3163 hinc
1208 3123 1311 3163 una
1340 3107 1643 3163 substantia
1669 3118 1772 3165 est.

286 3195 394 3254 Sed
419 3205 571 3268 patre
597 3197 780 3264 dante,
807 3215 927 3269 qua:
947 3198 1049 3254 sibi
1072 3200 1141 3254 sit
1168 3199 1308 3255 ﬁlius
1329 3198 1627 3255 substantia
1655 3210 1755 3256 est.

288 3290 425 3347 Esse
446 3292 588 3360 enim
614 3292 761 3363 prius
789 3301 891 3358 εει,
916 3295 994 3349 sic
1016 3293 1214 3349 moveri
1246 3303 1542 3365 posterum.

286 3383 404 3441 Non
433 3400 542 3456 quo
565 3393 777 3456 tempus
808 3385 884 3441 illi
920 3386 1082 3456 adsit,
1112 3386 1205 3443 sed
1235 3387 1287 3443 in
1319 3385 1517 3443 divinis
1552 3386 1688 3444 ordo
1714 3389 1884 3444 virtus

1757 3480 1881 3553 [est.

289 3569 424 3627 Esse
448 3586 572 3627 nam
598 3571 857 3644 praecedit
877 3580 1102 3637 motum,
1129 3587 1188 3629 re
1211 3573 1385 3645 prius,
1410 3589 1516 3628 non
1546 3581 1809 3644 tempore.

289 3661 403 3719 Hoc
427 3678 552 3720 esse
580 3662 708 3720 dicti
735 3664 789 3720 in
823 3664 933 3721 Deo
963 3675 1263 3721 memorant
1290 3666 1668 3722 substantiam.

292 3755 392 3813 Hie
424 3766 602 3814 autem
636 3767 813 3816 motus
849 3767 998 3816 ortus
1027 3767 1128 3826 est,
1173 3775 1295 3816 nam
1333 3760 1501 3832 gignit
1540 3768 1718 3816 motus
1757 3758 1886 3816 sub-

1583 3852 1884 3927 [stantiam.

292 3939 725 4015 Substantizeque
762 3943 1039 4016 generatio
1074 3943 1199 4017 quid
1229 3945 1373 4003 aliud
1400 3961 1559 4018 quam
1591 3945 1889 4003 substantia

1739 4037 1843 4111 [est
1867 4041 1891 4096 7

293 4127 436 4200 Ergo
456 4136 637 4184 motus
665 4136 718 4184 et
747 4128 915 4200 patris
941 4135 1060 4199 est,
1091 4128 1231 4186 (ilius
1257 4145 1388 4203 ergo
1417 4129 1606 4188 eadem
1638 4129 1892 4186 substan-

1663 4220 1761 4296 [tia
1784 4231 1888 4280 est.

294 4315 447 4371 l-lunc
474 4314 618 4390 λόγον
646 4313 821 4372 Grzeci
843 4324 1126 4384 vocarunt,
1155 4315 1298 4372 intus
1325 4317 1377 4372 in
1399 4325 1552 4387 patre
1579 4315 1746 4373 Deum
1778 4331 1794 4370 :

293 4405 495 4464 Caussa
523 4408 613 4480 qui
641 4409 710 4464 sit
737 4407 803 4464 ad
834 4418 1044 4480 partum
1069 4419 1230 4482 atque
1258 4416 1408 4465 ortus
1435 4409 1694 4464 omnium.

294 4499 438 4558 Nihil
478 4516 708 4574 namque
760 4502 962 4574 absque
1001 4503 1103 4560 hoc
1139 4511 1378 4560 creatum
1426 4511 1509 4558 est
1551 4521 1563 4557 :
1607 4519 1701 4574 per
1747 4502 1893 4560 hunc

3069 499 3313 572 [omnino
3343 503 3595 562 alterum.

1995 587 2102 646 Sed
2127 603 2235 660 quo
2266 595 2556 658 progressu
2582 597 2761 645 actum
2791 589 2863 645 sit
2886 599 2967 647 ter
2989 592 3183 662 triplex
3211 593 3464 651 alterum.

1992 682 2186 751 Filius,
2221 689 2484 754 actusque
2509 683 2618 739 vita
2648 695 2754 752 est,
2782 700 2885 758 qua
2917 685 3224 758 procedunt
3252 700 3306 745 et
3345 703 3601 749 creantur

3385 801 3587 845 omnia.

3385 801 3587 845 omnia.

1989 867 2076 923 Fit
2099 867 2241 924 idem
2272 868 2464 926 doctor
2486 883 2542 926 et
2569 871 2851 944 magister,
2882 870 3022 928 idem
3054 873 3330 946 perfector
3357 781 3599 949 Epiritus.

1986 960 2292 1018 Seminatas
2329 963 2507 1018 saeclis
2531 963 2740 1019 animas
2766 964 2997 1036 irrigans
3026 968 3176 1022 scltis
3206 967 3447 1039 Sophim.

1988 1051 2190 1124 Sophia
2224 1062 2405 1110 autem
2437 1069 2559 1110 cum
2591 1055 2659 1111 sit
2691 1054 2964 1126 Christus,
3005 1057 3146 1114 idem
3181 1059 3426 1118 Christus
3455 1062 3596 1118 ﬁlius

3379 1156 3589 1232 [doeet,

1987 1240 2271 1297 Profectus
2295 1239 2455 1297 Patre
2484 1241 2696 1298 Patrem
2729 1252 2784 1299 et
2807 1242 3083 1302 Christum
3106 1248 3361 1320 Spiritus.

1987 1333 2126 1391 Hinc
2173 1336 2340 1407 patris
2389 1346 2585 1392 cuncta
2631 1335 2883 1394 Christus
2934 1356 2947 1394 :
2997 1340 3122 1396 hinc
3173 1343 3335 1398 habet
3392 1344 3592 1402 Christi

3075 1432 3290 1505 [cuncta
3313 1433 3586 1493 Christus.

1984 1521 2075 1576 Sic
2095 1519 2347 1576 Christus
2377 1536 2530 1578 meus
2556 1523 2697 1577 inter
2721 1533 3003 1594 parentem
3032 1536 3086 1582 et
3112 1541 3233 1584 sese
3261 1528 3493 1584 alterum

1983 1613 2243 1685 Spiritum
2290 1614 2478 1684 implet
2525 1625 2826 1685 parentem,
2875 1617 3000 1673 dum
3042 1633 3164 1676 esse
3204 1628 3427 1690 praestat
3471 1637 3589 1676 Olli-

3381 1712 3584 1786 [nibus.

2913 1823 2925 1858 :
2976 1815 3032 1861 et
3081 1805 3183 1862 hoc
3227 1818 3309 1863 est
3357 1808 3586 1879 quodin

2984 1893 3224 1968 [Christo
3251 1895 3452 1954 factum
3480 1909 3585 1954 est.

1980 1984 2118 2055 Quid
2154 1985 2279 2057 quia
2318 1985 2497 2057 jungit
2528 2001 2591 2042 ac
2635 1987 2810 2043 salvat
2851 1989 3055 2058 omnia,
3095 2005 3160 2046 ac
3199 1991 3359 2049 docet
3399 2007 3584 2048 verum

3365 2085 3585 2159 [Deurn.

1980 2171 2257 2228 Christum
2296 2184 2626 2244 sequentes,
2670 2155 2886 2238 Christo
2927 2188 3118 2234 renato
3157 2190 3377 2237 sanctus
3409 2181 3590 2252 jungit

2094 2313 2097 2317 -
3307 2272 3583 2328 [Sniritus.

2094 2313 2097 2317 .
3329 2272 3367 2327 S
3408 2274 3438 2328 it

1986 2360 2129 2431 Ergo
2159 2355 2410 2416 Christus
2435 2361 2639 2430 umnia,
2667 2359 2793 2417 hinc
2813 2359 3064 2418 Christus
3093 2271 3438 2435 mysterium.

1989 2452 2090 2508 Per
2120 2453 2292 2522 ipsum
2323 2462 2514 2510 cuncta
2545 2463 2600 2510 et
2637 2455 2688 2509 in
2731 2456 2848 2526 ipso
2875 2465 3068 2512 cuncta
3089 2497 3104 2522 ,
3133 2465 3296 2530 atque
3323 2458 3384 2522 in,
3410 2459 3584 2528 ipsum

3382 2566 3582 2607 Oﬁlillil.

1986 2637 2154 2709 Cujus
2182 2637 2414 2694 altitudo
2432 2647 2586 2708 pater
2611 2646 2717 2709 est,
2747 2639 2866 2710 ipse
2895 2655 3027 2697 vero
3059 2649 3224 2698 totus.
3358 2550 3378 2624 ι

1987 2729 2312 2801 Progressus
2337 2746 2438 2786 suo
2463 2729 2766 2801 longitudo,
2795 2742 2848 2789 et
2877 2733 3105 2789 altitudo
3133 2734 3298 2805 patris
3327 2744 3430 2791 est.

1987 2821 2122 2879 Hinc
2146 2821 2397 2882 Christus
2417 2842 2683 2899 apparens
2704 2828 2903 2899 saeclis,
2925 2829 2991 2884 ad
3015 2829 3341 2901 profundum
3366 2833 3583 2888 doctum

3090 2921 3274 2994 [idque
3302 2938 3583 2992 arcanum,

1991 3006 2056 3063 Et
2089 3007 2313 3064 intimus
2353 3011 2499 3068 intus
2525 3010 2794 3078 docendo,
2842 3009 3092 3068 Christus
3127 3014 3372 3069 occultus
3413 3014 3588 3072 factus

3314 3106 3583 3180 [spiritus.

1909 3191 1954 3254 C
1985 3197 2184 3253 Omnes
2207 3211 2334 3268 ergo
2359 3211 2522 3254 unum
2546 3199 2816 3269 spiritum,
2843 3213 3035 3256 omnes
3059 3213 3222 3255 unum
3249 3200 3452 3255 lumen.

1989 3293 2126 3348 Hinc
2149 3294 2378 3364 singulis
2403 3309 2552 3360 vera,
2580 3294 2704 3350 hinc
2729 3296 2902 3350 tribus
2927 3312 3030 3350 una
3055 3295 3359 3351 substantia
3383 3305 3484 3350 CSI.

1988 3385 2276 3457 Progressa
2300 3402 2330 3442 a
2357 3397 2508 3458 patre
2530 3387 2661 3452 lilio,
2685 3397 2742 3443 et
2765 3401 3007 3458 regressa
3030 3404 3060 3442 a
3081 3389 3296 3459 spiritu,

1987 3477 2120 3545 Quia
2148 3488 2257 3535 tres
2282 3482 2522 3535 existunt
2545 3480 2766 3552 singuli,
2789 3489 2844 3536 et
2871 3492 2982 3537 tres
3006 3481 3058 3536 in
3084 3497 3192 3537 uno
3213 3483 3430 3554 singuli.

1990 3571 2118 3627 llaec
2137 3581 2224 3629 est
2246 3572 2403 3630 beata
2427 3573 2688 3643 Trinitas,
2715 3573 2831 3630 lucc
2854 3575 3009 3630 beata
3036 3575 3215 3630 unitas

2599 3729 2881 3789 IIYMNUS
2921 3731 2984 3786 Il.

2061 3845 2337 3913 Miserere,
2358 3844 2608 3912 Domine,
2624 3847 2905 3914 miserere,
2919 3847 3159 3915 Christe,
3176 3848 3455 3913 miserere,
3474 3848 3584 3904 Do-

1992 3940 2158 4007 mine,
2183 3940 2304 4010 quia
2327 3926 2535 3995 credidi
2559 3940 2609 3994 in
2639 3949 2710 4009 te,
2747 3941 3026 4008 miserere,
3056 3942 3304 4008 Domine,
3327 3941 3453 4012 quia
3479 3941 3584 3997 rnio

1991 4033 2288 4090 sericordia
2313 4043 2398 4089 tua
2421 4034 2648 4104 cognovi
2677 4043 2749 4090 te.

2061 4126 2341 4204 Miserere,
2368 4126 2618 4193 Domine,
2662 4127 2943 4193 miserere,
2973 4125 3191 4183 Christe
3226 4144 3240 4182 :
3269 4137 3324 4183 tu
3365 4129 3590 4200 spiritus

1993 4220 2097 4274 mei
2121 4215 2267 4292 λόγος
2293 4233 2371 4286 εε,
2397 4227 2453 4274 ιιι
2491 4219 2686 4273 anima:
2708 4233 2844 4273 mea:
2864 4218 3004 4291 λόγος
3030 4231 3110 4285 εε,
3139 4228 3194 4274 tu
3229 4221 3408 4276 carnis
3454 4237 3590 4280 mea:

1992 4311 2134 4385 λόγος
2157 4326 2238 4367 es.

2063 4402 2343 4471 Miserere,
2388 4403 2635 4468 Domine,
2658 4402 2939 4469 miserere,
2977 4401 3233 4460 Christe:
3279 4404 3408 4460 vivit
3449 4405 3593 4462 Deus

1995 4505 2050 4553 et
2072 4512 2290 4568 semper
2311 4497 2442 4552 vivit
2468 4497 2632 4563 Deus,
2659 4506 2711 4552 et
2749 4497 2873 4566 quia
2911 4505 3038 4552 ante
3063 4497 3236 4568 ipsum
3262 4498 3398 4552 nihil
3434 4509 3537 4566 εει,
3558 4513 3594 4554 a

1307 4595 1507 4670 [creata
1529 4606 1720 4653 cuncta
1742 4607 1887 4652 sunt.
1918 4583 1972 4647 D
1997 4608 2056 4649 se
2078 4592 2208 4646 vivit
2234 4593 2396 4648 Deus.

298 4679 395 4741 llic
417 4683 564 4762 λόγος
589 4689 636 4745 si
661 4681 911 4744 Christus
941 4699 1045 4756 est,
1067 4699 1120 4746 et
1147 4690 1191 4746 si
1218 4691 1364 4766 λόγος
1390 4691 1497 4745 vita
1527 4700 1611 4746 est
1638 4690 1851 4762 genitus
1873 4731 1890 4758 ,

298 4779 457 4852 Λόγος
482 4794 512 4834 a
540 4791 692 4851 patre
717 4791 800 4836 est
825 4799 838 4836 :
864 4791 946 4837 est
971 4783 1116 4838 enim
1141 4782 1295 4838 vivus
1330 4783 1499 4852 Deus,
1531 4783 1585 4838 in
1610 4798 1716 4854 quo
1745 4797 1868 4838 cum

298 4869 608 4928 Substantia
635 4873 776 4930 Deus
801 4875 891 4942 sit,
924 4875 1171 4946 Deusque
1197 4876 1266 4932 sit
1298 4875 1408 4931 vita
1437 4876 1756 4934 substantia.

299 4961 524 5020 Cenitus
550 4976 729 5021 autem
758 4967 901 5024 lilius
921 4971 1028 5024 vita
1051 4977 1155 5036 est,
1203 4985 1306 5024 una
1337 4981 1419 5026 εει
1444 4971 1765 5028 substantia.

300 5057 464 5133 Λὸγος
487 5057 648 5128 Deus,
676 5061 1000 5118 indiscretus
1023 5078 1151 5134 ergo
1170 5078 1407 5135 semper,
1431 5081 1646 5138 semper
1665 5076 1718 5123 et
1734 5065 1894 5123 alter.

300 5149 473 5208 Simul
517 5153 735 5224 missus,
766 5156 1002 5213 mittenti
1030 5172 1158 5228 par,
1197 5167 1252 5215 et
1290 5159 1413 5214 fons
1441 5167 1616 5216 tamen
1650 5175 1895 5230 manans,

745 5299 757 5306 ..
1661 5251 1900 5325 [semper

302 5329 586 5405 Discurrit,
616 5353 880 5411 spargens
907 5335 1066 5410 vitas,
1097 5342 1293 5398 missus
1325 5352 1382 5398 ut
1407 5341 1604 5399 ﬂumen
1639 5344 1801 5398 lilius.
1876 5344 1884 5351 ’

303 5433 439 5488 Hinc
463 5433 760 5490 substantia
793 5450 955 5490 unum
975 5435 1157 5504 ambo,
1191 5436 1308 5491 fons
1326 5436 1487 5502 Deus,
1513 5435 1710 5494 ﬂumen
1737 5436 1899 5494 lilius.

305 5523 412 5582 Sed
440 5526 562 5596 quia
589 5525 642 5580 in
666 5526 864 5582 divinis
883 5527 1186 5582 substantia
1201 5527 1304 5584 hoc
1331 5528 1470 5584 idem
1492 5528 1637 5599 quod
1661 5531 1770 5586 vita
1799 5538 1906 5588 est.

308 5615 545 5688 Vitaque
576 5619 690 5688 ipsa
718 5626 802 5674 est
822 5617 1114 5688 sapientia,
1146 5627 1203 5673 ut
1236 5618 1491 5688 praecedit
1512 5635 1652 5676 esse.

302 5708 405 5768 Cui
433 5709 574 5767 inest
596 5711 845 5784 princeps
869 5725 932 5767 ac
953 5709 1181 5782 simplex
1211 5713 1417 5780 vivere,
1448 5713 1526 5767 sic
1554 5713 1726 5770 adest.

301 5806 620 5888 lntelligens
648 5811 972 5883 sapiensque
992 5822 1210 5880 semper
1233 5823 1354 5864 eum
1383 5807 1640 5882 praecedit
1666 5809 1868 5867 vivere.

2067 4686 2345 4752 Miserere,
2383 4684 2632 4750 Domine,
2671 4684 2956 4748 miserere,
2982 4683 3201 4742 Christe
3227 4702 3241 4738 :
3267 4684 3398 4742 vivit
3436 4686 3592 4742 Chri-

1997 4787 2134 4844 stus,
2161 4787 2214 4832 et
2255 4777 2379 4848 quia
2404 4777 2548 4832 Deus
2589 4776 2640 4831 ei
2679 4775 2994 4845 generando
3035 4775 3206 4843 dedit,
3250 4789 3308 4832 ut
3348 4795 3379 4833 a
3422 4789 3598 4836 semet

2001 4868 2118 4940 ipso
2143 4866 2578 4932 vivntChristus,
2604 4853 2725 4936 quia
2764 4881 2792 4918 a
2831 4872 3008 4923 seruet
3045 4867 3191 4935 vivit,
3229 4881 3444 4938 semper
3468 4871 3599 4928 vivit

2001 4961 2270 5018 Christus.

2077 5057 2350 5122 Miserere,
2391 5053 2639 5121 Domine,
2685 5053 2965 5117 miserere,
3011 5053 3224 5109 Christe
3270 5070 3283 5108 :
3327 5055 3470 5126 quod
3496 5056 3600 5112 sia

2006 5151 2300 5220 semetipso
2346 5149 2475 5202 vivit
2500 5157 2654 5220 pater
2699 5166 2712 5201 :
2753 5157 2807 5203 et
2829 5155 2980 5218 patre
3011 5156 3313 5217 generante
3335 5164 3363 5201 a
3388 5164 3450 5204 se
3473 5149 3602 5206 vivit

2007 5242 2196 5308 Filius,
2220 5240 2678 5298 eensubstantiale
2699 5239 2837 5310 patri
2860 5249 2963 5307 est,
2985 5239 3130 5311 quod
3160 5249 3220 5295 ut
3240 5254 3458 5308 semper
3474 5239 3606 5297 vivit

2009 5339 2198 5394 Filius.

2081 5432 2358 5496 Miserere,
2407 5429 2650 5496 Domine,
2697 5427 2977 5493 miserere,
3021 5426 3286 5483 Christe:
3343 5427 3607 5498 animam,

2017 5524 2172 5589 Deus,
2202 5523 2396 5578 dedisti
2421 5522 2574 5590 mihi,
2597 5522 2777 5576 anima
2801 5531 2980 5575 autem
3004 5521 3180 5588 imago
3202 5517 3325 5574 vitae
3355 5533 3461 5589 est,
3481 5523 3611 5592 quia

2013 5621 2147 5676 vivit
2171 5621 2346 5674 anima
2371 5618 2423 5673 in
2446 5628 2730 5681 retentum,
2752 5617 2895 5670 vivat
2919 5623 2972 5669 et
2994 5613 3174 5666 anima
3196 5627 3337 5667 mea.

2087 5713 2367 5777 Miserere,
2396 5709 2643 5774 Domine,
2671 5707 2948 5770 miserere,
2974 5701 3188 5760 Christe
3216 5723 3229 5759 :
3259 5703 3303 5757 si
3329 5702 3396 5758 ad
3425 5701 3612 5762 simili-

2017 5807 2256 5865 tudinem
2285 5817 2452 5874 tuam,
2483 5804 2622 5860 Deus
2649 5811 2822 5874 pater,
2842 5810 2895 5853 et
2919 5795 3283 5867 adimaginem
3311 5797 3431 5852 Filii
3457 5797 3623 5860 homo
