4018 6184
507 199 649 258 1115

506 409 698 468 Filius.

578 505 854 570 Miserere,
882 505 1132 571 Domine,
1163 508 1442 571 miserere,
1462 505 1678 563 Christe
1705 523 1718 560 :
1753 509 1925 562 amavi
1950 523 2107 562 mun-

505 595 656 665 dum,
683 598 806 668 quia
831 608 885 652 tu
914 598 1169 653 nntndum
1196 599 1436 654 feceras:
1463 598 1714 655 detentus
1740 599 1940 654 mundo
1961 615 2102 666 sum,

504 687 633 743 dum
661 688 860 743 invidet
887 690 1119 745 mundus
1160 692 1264 744 tuis
1308 707 1320 744 :
1370 707 1513 746 nunc
1544 691 1632 746 odi
1668 692 1948 758 mundum,
1980 694 2102 762 quia

506 795 652 835 nunc
685 783 900 851 percepi
933 782 1214 851 Spiritum.

578 871 856 937 Miserere,
905 874 1170 939 Domine,
1213 875 1494 940 miserere,
1543 873 1802 930 Christe:
1850 891 2107 931 succurre

499 963 688 1034 lapsis,
707 963 950 1030 Domine,
973 981 1226 1022 succurre
1249 966 1634 1036 paenitentibus
1661 985 1674 1020 :
1701 969 1823 1038 quia
1849 968 2033 1023 divino
2055 976 2109 1023 et

501 1057 915 1124 sanctojudicio
941 1067 1033 1113 tuo
1062 1060 1202 1130 quod
1229 1060 1471 1129 peccavi,
1498 1062 1812 1131 mysterium
1839 1072 1942 1115 est.

574 1149 855 1216 Miserere,
905 1151 1149 1217 Domine,
1182 1152 1461 1218 miserere,
1495 1151 1708 1208 Christe
1754 1171 1768 1208 :
1815 1169 2104 1224 cognosco,

504 1240 756 1306 Domine,
791 1243 1102 1298 mandatum
1148 1256 1319 1311 tuum,
1353 1261 1620 1315 cognosco
1663 1247 1893 1301 reditum
1918 1247 1968 1301 in
1992 1249 2106 1302 ani-

505 1346 591 1385 ma
636 1334 890 1403 scriptum
935 1351 1074 1402 mea,
1116 1352 1346 1407 propero
1387 1339 1430 1392 si
1466 1339 1625 1408 jubes
1675 1339 1884 1404 redire,
1938 1342 2105 1394 nostri

510 1423 761 1480 Salvator
794 1427 956 1482 Dens.

577 1517 856 1585 Miserere,
875 1519 1123 1588 Domine,
1147 1523 1425 1589 miserere,
1451 1524 1666 1579 Christe
1690 1543 1700 1576 ;
1731 1525 1821 1579 diu
1845 1540 2106 1596 repugno,

501 1607 592 1664 ditt
623 1612 817 1665 resisto
838 1612 1060 1668 inimico
1089 1630 1231 1682 meo,
1264 1617 1357 1670 sed
1401 1617 1579 1671 adhuc
1605 1616 1733 1671 mihi
1772 1633 1900 1672 caro
1923 1629 2026 1683 est,
2058 1619 2108 1672 in

1770 200 1962 258 MARII
2011 201 2352 260 VICTORINI
2392 205 2550 260 AFRI

501 316 682 376 factus
703 333 846 388 sum,
887 318 1048 374 vitam
1081 327 1297 377 creatus
1332 319 1564 386 saeculis,
1603 320 1723 390 quia
1749 335 1833 375 me
1855 322 2109 392 cognovit
2133 327 2188 386 Λ

3620 219 3717 278 il-ii

2285 323 2561 394 lngenitns
2583 365 2597 389 ,
2625 325 2928 397 unigenitus
2949 369 2962 395 ,
2993 328 3044 383 id
3065 337 3146 384 est
3170 331 3455 401 procedens
3479 335 3681 404 genitus:
3707 357 3730 395 ο

2212 415 2368 472 beata
2393 416 2650 472 Trinitas.

2281 509 2610 577 Generator,
2639 513 2850 580 genitus
2870 555 2885 580 ,
2925 529 3252 584 regenerans
3278 534 3289 570 :
3315 532 3347 572 ο
3369 517 3509 574 beata
3536 519 3735 579 Trinitas.

2281 600 2482 656 Verum
2528 602 2708 657 lumen
2733 645 2747 668 ,
2777 620 2963 658 verum
2992 606 3172 661 lumen
3199 623 3260 662 ex
3286 610 3505 674 lumine,
3530 627 3635 666 vera
3653 615 3740 668 illu-

2210 698 2470 755 minatio:
2499 715 2528 751 o
2551 700 2706 754 beata
2733 700 2987 756 Trinitas.

2283 792 2487 856 Status,
2515 793 3130 864 progressio,regressus
3165 813 3179 848 :
3209 812 3239 846 o
3270 795 3422 852 beata
3443 798 3662 854 Trinitas.

2280 883 2568 939 Invisibilis
2593 883 2969 950 invisibiliter,
3005 872 3230 942 visibilis
3261 888 3582 945 invisibitier
3641 893 3747 948 inri~

2209 975 2379 1030 sibilis
2403 976 2683 1031 visibiliter
2711 996 2721 1028 :
2750 992 2782 1031 ο
2819 977 2970 1032 beata
3003 978 3259 1034 Trinitas.

2281 1069 2468 1125 Omnis
2494 1071 2750 1140 potentia,
2775 1072 2953 1126 omnis
2976 1073 3138 1139 actio,
3175 1075 3352 1128 onmis
3373 1075 3559 1146 agnitio
3579 1094 3590 1129 :
3610 1092 3638 1132 ο
3657 1077 3750 1132 bea-

2214 1172 2264 1217 ta
2288 1162 2547 1218 Trinitas.

2283 1255 2634 1326 [inpassibilis
2659 1257 3080 1325 impassibiliter,
3101 1259 3372 1328 passihilis
3394 1259 3748 1331 impa‘ssibiliter,

2213 1348 2575 1418 impassabilis
2601 1350 2930 1418 passibiliter
2953 1367 2964 1403 :
2993 1367 3024 1404 ο
3045 1353 3200 1405 beata
3225 1351 3478 1408 Trinitas.

2286 1441 2505 1507 Semen,
2532 1443 2712 1508 arbor,
2742 1441 2947 1496 fructus
2976 1463 2987 1495 :
3016 1459 3048 1497 ο
3080 1444 3232 1499 beata
3257 1445 3507 1499 Trinitas.

2286 1533 2368 1587 Ab
2392 1549 2498 1588 uno
2521 1535 2699 1588 omnia
2723 1575 2738 1601 ,
2766 1550 2860 1600 per
2884 1551 3045 1589 unum
3073 1536 3251 1590 omnia
3275 1579 3290 1602 ,
3318 1537 3369 1590 in
3395 1552 3500 1591 uno
3524 1538 3677 1592 omnia
3698 1557 3708 1594 :
3731 1555 3754 1592 ο

2216 1625 2371 1682 beata
2395 1627 2650 1682 Trinitas.

502 1718 607 1768 qua
636 1705 808 1759 victus
832 1705 1102 1775 diabolus,
1138 1708 1230 1762 tibi
1268 1710 1599 1780 triumphum
1638 1726 1908 1780 magnum,
1946 1711 2101 1766 nobis
2133 1720 2179 1780 Β
2283 1719 2430 1778 Unus
2452 1722 2681 1791 simplex
2704 1738 2862 1790 unus,
2887 1739 3051 1777 ιιηιηῃ
3077 1735 3131 1779 et
3153 1725 3326 1779 solum
3353 1742 3534 1789 unum,
3558 1737 3603 1779 et
3625 1727 3754 1781 solum

506 1794 631 1850 ﬁdei
656 1813 868 1853 murum
902 1801 1072 1854 dedit.
1989 1877 1991 1879 ι

579 1889 858 1957 Miserere,
899 1893 1142 1958 Domine,
1193 1897 1470 1962 miserere,
1511 1895 1761 1952 Christe:
1794 1895 1936 1951 Velle
1982 1898 2108 1951 milii

510 1981 717 2054 adjacet
751 1983 926 2056 (Rom.
955 2003 1048 2052 vn,
1077 1987 1201 2058 l8),
1233 1989 1490 2044 mundum
1518 1999 1572 2045 et
1610 1998 1784 2045 terras
1813 1992 2058 2060 linquere
2091 2010 2102 2043 :

506 2075 603 2130 sed
642 2076 908 2131 imbecilla
940 2080 1117 2148 pluma
1147 2090 1252 2146 est,
1277 2081 1417 2136 velle
1440 2083 1556 2136 sine
1585 2082 1828 2137 subsidio
1869 2093 1959 2136 tuo
1993 2099 2005 2135 :
2038 2083 2104 2136 da
2142 2161 2145 2163 _

507 2166 631 2222 fidei
655 2185 878 2238 pennas,
914 2183 967 2224 ut
999 2171 1171 2227 volem
1202 2189 1415 2228 sursum
1450 2174 1578 2229 Deo.

576 2260 852 2330 Miserere,
879 2265 1125 2332 Domine,
1169 2267 1448 2332 miserere,
1477 2266 1692 2323 Christe
1723 2286 1736 2323 :
1771 2267 1881 2338 jam
1924 2277 2107 2338 portas

504 2365 690 2421 quaero
712 2355 954 2424 spiritus,
984 2373 1118 2426 quas
1148 2359 1331 2427 pandit
1363 2358 1597 2429 Spiritus
1634 2361 1998 2414 testimonium
2040 2359 2106 2415 de

506 2441 724 2499 Christo
762 2447 970 2514 dicens,
996 2460 1051 2504 et
1073 2450 1198 2520 quid
1231 2452 1300 2505 sit
1324 2452 1556 2508 mundus
1587 2453 1809 2507 docens.

582 2537 864 2603 Miserere,
889 2541 1136 2608 Domine,
1184 2544 1466 2611 miserere,
1518 2546 1773 2601 Christe:
1809 2547 1967 2602 Pater
2017 2548 2106 2617 qui

511 2628 726 2699 genitus
766 2645 1003 2701 semper,
1047 2635 1136 2702 qui
1175 2646 1538 2704 repraesentas
1585 2638 1775 2705 Deum,
1815 2638 1882 2692 da
1929 2639 2108 2693 claves

507 2722 653 2788 cceli,
696 2730 858 2793 atque
898 2725 950 2778 in
989 2740 1075 2781 me
1119 2728 1274 2782 vince
1309 2728 1606 2796 diabolum,
1645 2730 1696 2784 in
1724 2731 1851 2786 sede
1887 2731 2020 2787 lucis
2052 2744 2108 2787 ut

509 2814 808 2896 quiescam,
841 2819 1013 2888 gratia
1047 2821 1281 2875 salvatus
1310 2831 1423 2878 tua.

1122 2956 1402 3016 HYMNUS
1436 2959 1525 3016 ΙΙΙ.

525 3100 528 3104 -
579 3069 720 3125 Deus
748 3070 1036 3136 Dominus,
1059 3083 1277 3129 sanctus
1301 3075 1532 3144 Spiritus
1560 3095 1572 3131 :
1601 3092 1633 3132 ο
1665 3077 1820 3133 beata
1845 3077 2100 3134 Trinitas.

581 3164 762 3231 Pater,
789 3165 976 3232 Filius,
1002 3167 1312 3224 Paracletus
1337 3187 1351 3223 :
1374 3186 1408 3224 ο
1430 3171 1580 3225 beata
1605 3172 1862 3227 Trinitas.

580 3256 894 3325 Praestator,
918 3260 1178 3328 minister,
1203 3262 1408 3318 divisor
1432 3283 1444 3319 :
1469 3279 1503 3318 ο
1525 3265 1677 3319 beata
1701 3265 1955 3319 Trinitas.

583 3350 816 3420 Spiritus
837 3354 1235 3422 operationum,
1261 3355 1494 3426 Spiritus
1518 3357 1961 3424 ministeriorum,
1984 3359 2107 3432 Spic

507 3444 644 3500 ritus
667 3447 960 3517 gratiarum
990 3465 1002 3500 :
1030 3463 1062 3501 ο
1088 3449 1240 3503 beata
1265 3449 1524 3506 Trinitas.

582 3537 758 3594 Unum
784 3540 1128 3610 principium,
1156 3554 1209 3596 et
1233 3547 1460 3598 alterum
1485 3561 1605 3600 cum
1629 3546 1800 3602 altero
1820 3555 1875 3602 et
1899 3563 2113 3620 semper

507 3629 738 3686 alterum
764 3647 884 3686 cum
908 3633 1078 3688 altero
1110 3651 1122 3688 :
1149 3650 1180 3688 ο
1211 3635 1364 3690 beata
1388 3637 1643 3693 Trinitas.

584 3723 662 3779 De
681 3742 782 3792 qua
811 3725 971 3781 Pater
991 3729 1286 3783 substantia
1311 3773 1326 3796 ,
1352 3741 1405 3786 et
1428 3734 1540 3802 ipse
1570 3734 1868 3789 substantia
1903 3735 2069 3790 Filius
2092 3779 2106 3803 ,

506 3814 848 3886 Spiritusque
873 3819 1170 3898 substantia
1195 3862 1207 3886 ,
1245 3823 1338 3876 sed
1362 3824 1442 3896 (1)
1467 3837 1545 3881 ter
1571 3828 1682 3899 ipsa
1718 3829 2014 3884 substantia
2041 3848 2053 3883 :
2080 3845 2112 3885 ο

507 3909 663 3964 beata
687 3909 946 3972 Trinitas,

578 4001 739 4059 Pater
771 4003 1038 4074 perfectus
1063 4048 1076 4071 ,
1121 4007 1390 4076 perfectus
1430 4009 1589 4067 Patre
1621 4015 1858 4083 perfecto
1900 4018 2106 4086 Filius;

506 4097 747 4167 perfecto
783 4099 920 4154 Filio
941 4110 1158 4155 sanctus
1183 4101 1449 4171 perfectus
1469 4106 1699 4175 Spiritus
1725 4126 1736 4160 :
1763 4126 1792 4163 ο
1816 4111 1969 4166 beata
1994 4113 2113 4168 Tri-
2169 4108 2176 4116 ’

511 4195 673 4246 nitas.

577 4286 746 4353 Fons,
770 4286 988 4351 ﬂumen,
1010 4289 1254 4359 irrigatio
1280 4309 1292 4344 :
1319 4308 1350 4344 o
1376 4291 1531 4347 beata
1555 4295 1811 4351 Trinitas.

577 4380 635 4434 In
681 4379 850 4435 tribus
883 4390 964 4436 ter
1001 4382 1214 4452 gemina
1241 4425 1256 4451 ,
1289 4384 1384 4439 sed
1413 4401 1516 4440 una
1548 4388 1689 4441 actio
1714 4405 1726 4440 :
1755 4402 1789 4442 ο
1812 4389 1966 4444 beata
1991 4391 2110 4446 Tri-

505 4475 666 4532 nitas.

573 4571 891 4639 Existentia,
914 4571 1042 4637 vita,
1067 4572 1302 4643 cognitio
1333 4590 1345 4627 :
1373 4588 1404 4627 ο
1424 4560 1859 4632 beataTrinitas.

573 4666 800 4735 Caritas,
840 4666 1032 4737 gratia,
1056 4665 1470 4722 communicatio
1494 4685 1506 4720 :
1530 4683 1563 4722 ο
1585 4668 1738 4723 beata
1762 4668 2018 4724 Trinitas.

574 4757 784 4813 Caritas
821 4758 960 4815 Deus
997 4766 1106 4822 est,
1147 4759 1314 4828 gratia
1342 4801 1356 4825 ,
1380 4758 1627 4815 Christus
1649 4802 1664 4828 ,
1699 4749 2113 4818 communicatio

502 4857 722 4905 sanctus
751 4849 983 4917 Spiritus
1014 4869 1026 4903 :
1054 4865 1088 4904 ο
1116 4849 1267 4905 beata
1295 4850 1551 4908 Trinitas.

577 4939 636 4995 Si
663 4941 894 4994 charitas
939 4951 1042 5007 est,
1081 4945 1250 5012 gratia
1274 4953 1391 5007 est;
1422 4945 1468 4999 si
1500 4946 1791 5002 charitatcs
1814 4957 1868 5004 et
1897 4949 2068 5018 gratia
2089 4991 2105 5015 ,

504 5029 924 5087 communicatio
953 5041 1036 5085 est
1068 5050 1081 5086 :
1115 5049 1300 5088 omnes
1322 5049 1452 5104 ergo
1492 5035 1544 5090 in
1569 5038 1791 5109 singulis
1811 5079 1824 5102 ,
1857 5046 1926 5093 et
1946 5055 2108 5094 unum

499 5124 557 5180 in
583 5123 750 5178 tribus
779 5137 848 5176 :0
870 5123 1021 5177 beata
1050 5123 1306 5182 Trinitas.

576 5215 712 5270 Hinc
756 5230 822 5270 ex
866 5215 977 5269 Deo
1014 5214 1302 5284 Apostolus
1343 5217 1539 5275 Paulus
1575 5219 1648 5291 (ll
1671 5220 1790 5277 Cor.
1820 5239 1938 5290 xm,
1973 5224 2105 5295 15):

501 5307 683 5363 Gratia
722 5306 931 5362 Domini
969 5308 1132 5360 nostri
1173 5307 1298 5362 Iesu
1330 5309 1539 5377 Christi,
1571 5324 1617 5366 et
1645 5316 1868 5369 cltaritas
1912 5316 2026 5381 Dei,
2061 5326 2107 5371 et

499 5401 893 5455 communicatio
906 5400 1070 5454 sancti
1088 5400 1314 5469 Spiritus
1329 5404 1599 5458 uobiscum.
1618 5404 1662 5459 Ο
1677 5407 1828 5460 beata
1842 5407 2100 5464 Trinitas.

570 5553 651 5627 (1)
689 5553 859 5631 Caute
885 5556 1035 5631 lege,
1065 5566 1159 5623 ter,
1190 5556 1243 5611 id
1271 5567 1357 5613 est
1382 5559 1432 5614 in
1464 5560 1677 5616 tribus:
1710 5561 1948 5631 alioquin
1981 5579 2104 5620 cer-

494 5634 608 5699 tum
641 5637 723 5680 est
749 5627 1102 5699 Stlelrtnliatll
1126 5645 1218 5686 seu
1253 5639 1498 5686 naturam
1534 5649 1638 5688 non
1668 5627 1972 5699 numerari,
2005 5637 2099 5693 sed

495 5693 616 5754 esse
642 5708 822 5753 unam.
852 5697 1315 5769 Simplicissimam
1349 5703 1631 5775 plusquam
1660 5718 1820 5764 unam
1850 5693 2096 5765 nurnero.

2210 1822 2262 1868 et
2287 1829 2501 1882 semper
2527 1829 2684 1869 unus.
2713 1817 2863 1871 Alter
2889 1832 3024 1872 tttttts
3042 1859 3056 1883 ,
3080 1833 3146 1872 cx
3183 1833 3291 1872 uno
3322 1832 3462 1871 unus
3489 1817 3617 1873 idem
3637 1836 3753 1881 unus,

2211 1914 2267 1960 et
2288 1907 2468 1959 omnia
2498 1923 2638 1962 unus
2662 1909 2842 1963 unitor
2875 1911 3114 1964 omnium
3133 1951 3148 1977 ,
3177 1913 3348 1966 virtus
3373 1913 3551 1977 unius,
3576 1928 3756 1982 operans

2213 2017 2399 2068 unum,
2426 2013 2480 2056 ttt
2509 2002 2637 2057 fiant
2660 2007 2840 2058 omnia
2869 2024 2879 2059 :
2905 2020 2938 2059 ο
2961 2006 3116 2060 beata
3143 2006 3401 2062 Trinitas.

2281 2095 2360 2150 Ex
2403 2107 2606 2151 :eterno
2648 2099 2881 2168 ingenitc
2905 2139 2921 2165 ,
2955 2115 3022 2154 ex
3053 2109 3257 2155 aeterno
3287 2100 3467 2170 genite
3490 2141 3506 2167 ,
3539 2108 3591 2154 ut
3624 2100 3756 2154 omnia

2211 2194 2413 2238 :eterna
2438 2185 2548 2239 sint.
2569 2184 2747 2254 genite
2773 2203 2786 2238 :
2811 2203 2842 2239 ο
2869 2187 3023 2240 beata
3051 2187 3310 2242 Trinitas.

2283 2275 2362 2329 Tu
2399 2277 2568 2331 creari
2599 2277 2832 2347 imperas
2855 2319 2872 2345 ,
2914 2287 2968 2333 tu
2991 2293 3167 2345 creas,
3198 2290 3249 2333 tu
3295 2293 3472 2336 creata
3505 2295 3714 2336 recreas:
3736 2296 3757 2335 ο

2211 2367 2363 2423 beata
2389 2367 2644 2423 Trinitas.

2282 2460 2361 2515 Tu
2384 2461 2541 2516 Pater
2564 2462 2770 2518 cunctis
2789 2463 3085 2520 substantia
3110 2480 3197 2531 es,
3225 2474 3276 2520 tu
3306 2465 3427 2522 Filii
3453 2467 3583 2534 vita,
3607 2476 3651 2521 tu
3674 2467 3757 2537 Spi-

2211 2554 2348 2610 ritus
2375 2556 2598 2612 salvatio
2623 2575 2634 2609 :
2662 2574 2694 2612 0
2715 2558 2867 2613 beata
2892 2559 3146 2614 Trinitas.

2283 2647 2594 2704 Substantia
2642 2649 2755 2719 ipsa
2779 2651 2884 2704 vita
2919 2659 3002 2705 est
3025 2692 3040 2717 ,
3075 2652 3180 2705 vita
3207 2652 3316 2721 ipsa
3353 2655 3443 2721 qui
3466 2664 3579 2718 est,
3612 2662 3758 2707 :eterna

2213 2738 2440 2799 salvatio
2461 2748 2542 2794 est
2568 2757 2580 2792 :
2609 2740 2767 2795 Pater
2795 2757 2946 2812 ergo,
2977 2754 3026 2798 et
3057 2743 3245 2811 Filius,
3274 2754 3326 2800 et
3359 2745 3585 2816 Spiritus
3601 2753 3761 2800 sanctus

2212 2840 2296 2886 est
2320 2847 2334 2890 ζ
2359 2849 2390 2885 o
2411 2832 2564 2888 beata
2597 2833 2854 2889 Trinitas.

2282 2925 2362 2978 Tu
2387 2941 2507 2981 esse
2527 2927 2736 2981 cunctis
2775 2938 2999 2998 praestas
3019 2971 3034 2997 ,
3063 2939 3115 2984 tu
3144 2931 3262 2986 Filii
3291 2930 3524 2988 formam
3541 2975 3555 2999 ,
3577 2940 3624 2986 tu
3641 2929 3762 3000 Spiri-

2211 3022 2298 3070 tus
2319 3016 2759 3074 reformationem
2788 3038 2801 3076 :
2825 3035 2858 3075 ο
2881 3021 3032 3076 beata
3055 3022 3309 3078 Trinitas.

2134 3114 2179 3177 C
2282 3111 2360 3165 'l‘u
2385 3112 2522 3167 Deus
2546 3113 2738 3168 infiniti
2769 3123 2823 3170 et
2847 3115 3050 3171 deliniti
3078 3118 3236 3173 Pater
3267 3133 3326 3174 es
3359 3137 3372 3174 :
3398 3135 3430 3174 ο
3464 3119 3608 3176 beata
3634 3118 3762 3174 Trini-

2218 3213 2319 3257 tas.

2285 3296 2364 3351 Tu
2387 3312 2419 3352 ο
2441 3296 2573 3363 Fili,
2595 3300 2718 3370 quia
2745 3301 2849 3355 vita
2870 3316 2929 3357 es
2953 3345 2967 3369 ,
3012 3303 3253 3360 infinitus
3287 3321 3351 3360 es
3379 3323 3394 3371 ;
3429 3308 3563 3377 quia
3593 3305 3766 3361 mortuis

2217 3391 2380 3446 vitam
2415 3407 2640 3448 revocas
2667 3435 2680 3456 ,
2721 3394 2976 3451 definitus
3001 3413 3090 3463 es;
3117 3393 3432 3470 tu’qqune
3463 3412 3516 3456 et
3550 3401 3711 3456 inﬁniti
3732 3407 3769 3454 et

2213 3483 2419 3539 deliniti
2449 3487 2606 3541 Pater
2626 3502 2683 3542 es
2709 3503 2723 3540 :
2753 3504 2784 3540 o
2808 3489 2962 3544 beata
2988 3490 3249 3547 Trinitas.

2287 3575 2366 3629 Ttt
2397 3577 2559 3631 etiam
2585 3577 2817 3648 Spiritus
2851 3591 3064 3650 sant-te,
3089 3585 3211 3654 quia
3251 3586 3481 3642 salvatio
3509 3604 3596 3653 es,
3627 3586 3770 3642 deﬁni-

2217 3676 2303 3724 tus
2325 3685 2384 3724 es
2406 3712 2420 3736 ,
2446 3679 2501 3725 et
2521 3673 2640 3741 quia
2665 3671 2908 3726 detinitio
2942 3677 3082 3743 quod
3109 3675 3376 3733 inﬁnitum
3408 3691 3492 3737 est
3513 3682 3714 3743 retines,
3733 3687 3769 3732 et

2216 3762 2410 3817 inﬁniti
2440 3771 2494 3817 et
2515 3763 2719 3818 deliniti
2745 3775 2895 3834 pater
2915 3781 2974 3820 es
3001 3784 3014 3818 :
3044 3787 3074 3820 υ
3099 3767 3256 3823 beata
3279 3770 3536 3828 Trinitas.

2287 3855 2344 3910 Si
2366 3870 2494 3925 ergo
2523 3865 2602 3909 ter
2642 3855 2799 3912 Pater
2823 3857 3018 3922 unitas,
3044 3860 3220 3915 omnis
3249 3871 3433 3916 autem
3456 3880 3486 3917 a
3512 3873 3580 3930 te,
3603 3879 3631 3915 ο
3653 3862 3768 3922 Deus,

2213 3950 2532 4019 paternitas,
2551 3966 2713 4005 unum
2737 3963 2788 4005 et
2813 3951 2973 4021 Deus,
2993 3962 3048 4009 et
3062 3956 3236 4009 omnis
3261 3959 3585 4026 paternitas:
3611 3973 3639 4012 ο
3658 3957 3770 4012 beata

2216 4041 2474 4096 Trinitas.

2285 4133 2365 4187 Tu
2387 4135 2553 4208 λόγον,
2592 4135 2750 4202 Deus,
2775 4137 2970 4192 creasti
2999 4135 3098 4209 (l),
3125 4138 3250 4194 hinc
3284 4140 3427 4196 Deus
3451 4142 3614 4197 factus
3640 4140 3771 4200 Pater,
3802 4191 3804 4208 ,

2214 4227 2408 4296 etquia
2435 4242 2463 4281 a
2491 4240 2541 4283 te
2570 4234 2793 4283 creatus‘
2813 4239 2897 4285 est
2931 4231 3081 4303 λόγος
3109 4275 3122 4295 ,
3157 4241 3211 4287 et
3233 4234 3346 4302 ipse
3369 4237 3495 4306 quia
3536 4236 3585 4290 in
3626 4235 3702 4288 illo
3716 4247 3772 4296 es,

2218 4319 2390 4374 lactus
2429 4329 2514 4376 cst
2551 4322 2694 4396 λόγος
2739 4323 2899 4378 Deus.
2927 4323 3053 4378 llzec
3091 4325 3198 4380 duo
3221 4343 3386 4381 unum
3423 4339 3604 4384 sancto
3625 4326 3773 4381 tinxisti

2217 4410 2417 4482 Spiritu
2450 4412 2720 4483 :simplex
2752 4430 2882 4486 ergo
2922 4424 2978 4469 et
3019 4431 3182 4471 unum
3215 4434 3274 4473 es
3310 4418 3509 4475 factum
3543 4426 3591 4474 in
3627 4419 3771 4473 tribus.

2134 4505 2190 4565 D
2217 4505 2467 4575 Spiritus,
2498 4508 2663 4578 λόγος,
2695 4507 2836 4562 Deus
2862 4525 2875 4560 :
2899 4523 2932 4561 ο
2956 4507 3108 4564 beata
3129 4509 3389 4566 Trinitas.

2291 4599 2527 4654 Primum
2571 4597 2652 4668 ὃν,
2686 4600 2979 4655 secundum
3011 4596 3082 4668 ὂν,
3127 4603 3342 4659 tertium
3389 4601 3478 4670 ὃν,
3512 4613 3565 4659 et
3601 4600 3775 4671 simplex

2218 4695 2316 4749 tria
2344 4713 2356 4748 :
2384 4709 2416 4749 ο
2439 4694 2592 4749 beata
2620 4695 2876 4750 Trinitas.

2289 4799 2354 4842 ον
2391 4801 2552 4841 omne
2584 4787 2880 4842 substantia
2913 4796 3024 4855 est,
3049 4787 3101 4843 ὃν
3129 4787 3352 4843 formata
3381 4789 3670 4845 substantia
3687 4793 3775 4840 est:

2217 4877 2442 4933 formata
2470 4879 2762 4932 substantia
2801 4888 2893 4935 aut
2931 4881 3033 4936 sibi
3068 4891 3268 4937 tantum
3293 4925 3309 4952 ,
3351 4891 3449 4938 aut
3476 4883 3682 4948 alteris,
3713 4883 3777 4932 aut

2217 4971 2316 5025 sibi
2341 4979 2432 5024 aut
2452 4971 2635 5026 alteris
2657 4981 2782 5026 nota
2806 4981 2923 5027 est:
2953 4988 2987 5028 ο
3019 4974 3170 5029 beata
3193 4975 3450 5032 Trinitas.

2289 5060 2599 5117 Substantia
2630 5063 2771 5119 Deus
2797 5074 2898 5132 est,
2937 5064 3109 5121 forma
3149 5066 3318 5122 Filius
3339 5112 3353 5135 ,
3380 5070 3530 5125 notio
3552 5064 3772 5138 Spiritusf

2215 5169 2248 5210 ο
2278 5154 2430 5210 beata
2453 5155 2707 5213 Trinitas.

2289 5260 2355 5302 Ον
2389 5250 2618 5318 primum
2642 5290 2657 5315 ,
2686 5246 2738 5305 ὃν
2762 5265 2944 5305 verum
2977 5251 3117 5307 Deus
3133 5267 3236 5311 es:
3266 5268 3395 5324 ergo
3425 5254 3597 5309 omnis
3620 5262 3668 5307 et
3693 5256 3774 5304 tota

2207 5341 2525 5405 substantia,
2561 5342 2700 5397 Deus
2720 5358 2780 5398 es
2807 5361 2818 5396 :
2843 5359 2874 5397 ο
2900 5343 3052 5399 beata
3082 5344 3336 5399 Trinitas.

2279 5447 2345 5489 Ον
2380 5435 2676 5489 secundum
2713 5437 2888 5490 omnis
2918 5436 3086 5491 forma
3109 5438 3356 5494 Christus
3385 5449 3508 5494 est:
3541 5437 3773 5493 universa-

2205 5527 2272 5584 lis
2316 5539 2494 5584 autem
2533 5531 2828 5584 substantia
2848 5571 2863 5596 ,
2887 5546 3009 5586 cum
3037 5531 3354 5587 universalis
3387 5542 3472 5588 est
3496 5577 3508 5596 ,
3534 5533 3685 5587 forma
3711 5539 3769 5584 εει

2277 5642 2356 5715 (Ι)
2399 5643 2567 5715 Caute
2597 5641 2751 5712 lege:
2783 5658 2903 5697 nam
2931 5643 3069 5715 solet
3099 5643 3403 5700 Victorinus
3426 5647 3622 5715 creandi
3645 5643 3766 5710 etfa-

2203 5711 2370 5770 ciendi
2395 5711 2558 5770 verbo
2581 5711 2677 5784 pro
2706 5711 3002 5785 generandi
3031 5719 3088 5773 et
3114 5714 3448 5790 producendl
3479 5717 3571 5774 uti.
