  <div class='ocr_page' id='page_1' title='image "/cluster/home/n/w/nwhite01/storage/ocr_20150623/8/hvd.32044096580360/586.png"; bbox 0 0 4018 6184; ppageno 0'>
   <div class='ocr_carea' id='block_1_1' title="bbox 211 254 350 313">
    <p class='ocr_par' dir='ltr' id='par_1_1' title="bbox 211 254 350 313">
     <span class='ocr_line' id='line_1_1' title="bbox 211 254 350 313; baseline 0.007 -2"><span class='ocrx_word' id='word_1_1' title='bbox 211 254 350 313; x_wconf 67' lang='grc'><strong>1145</strong></span> 
     </span>
    </p>
   </div>
   <div class='ocr_carea' id='block_1_2' title="bbox 1132 236 2671 327">
    <p class='ocr_par' dir='ltr' id='par_1_2' title="bbox 1132 236 2671 327">
     <span class='ocr_line' id='line_1_2' title="bbox 1132 236 2671 327; baseline 0.005 -8"><span class='ocrx_word' id='word_1_2' title='bbox 1132 262 1197 319; x_wconf 85' lang='grc' dir='ltr'><strong>ΙΝ</strong></span> <span class='ocrx_word' id='word_1_3' title='bbox 1239 263 1623 321; x_wconf 67' lang='lat' dir='ltr'><strong>ICPISTOLAM</strong></span> <span class='ocrx_word' id='word_1_4' title='bbox 1664 236 1867 322; x_wconf 85' lang='lat' dir='ltr'><strong>PAULI</strong></span> <span class='ocrx_word' id='word_1_5' title='bbox 1906 261 1998 317; x_wconf 84' lang='lat' dir='ltr'><strong>AD</strong></span> <span class='ocrx_word' id='word_1_6' title='bbox 2036 260 2355 323; x_wconf 78' lang='lat' dir='ltr'><strong>GALATAS</strong></span> <span class='ocrx_word' id='word_1_7' title='bbox 2394 266 2594 325; x_wconf 80' lang='lat' dir='ltr'><strong>LIBER</strong></span> <span class='ocrx_word' id='word_1_8' title='bbox 2631 271 2671 327; x_wconf 91' lang='grc' dir='ltr'><strong>Ι.</strong></span> 
     </span>
    </p>
   </div>
   <div class='ocr_carea' id='block_1_3' title="bbox 3397 270 3536 329">
    <p class='ocr_par' dir='ltr' id='par_1_3' title="bbox 3397 270 3536 329">
     <span class='ocr_line' id='line_1_3' title="bbox 3397 270 3536 329; baseline -0.022 -1"><span class='ocrx_word' id='word_1_9' title='bbox 3397 270 3536 329; x_wconf 73' lang='grc' dir='ltr'><strong>11ιὸ</strong></span> 
     </span>
    </p>
   </div>
   <div class='ocr_carea' id='block_1_4' title="bbox 208 376 3536 467">
    <p class='ocr_par' dir='ltr' id='par_1_4' title="bbox 208 376 3536 467">
     <span class='ocr_line' id='line_1_4' title="bbox 208 376 3536 467; baseline 0.005 -36"><span class='ocrx_word' id='word_1_10' title='bbox 208 376 542 434; x_wconf 90' lang='lat' dir='ltr'><strong>substantia:</strong></span> <span class='ocrx_word' id='word_1_11' title='bbox 569 378 731 451; x_wconf 79' lang='lat' dir='ltr'><strong>igitur</strong></span> <span class='ocrx_word' id='word_1_12' title='bbox 766 395 888 436; x_wconf 90' lang='lat' dir='ltr'><strong>eum</strong></span> <span class='ocrx_word' id='word_1_13' title='bbox 937 379 1104 437; x_wconf 82' lang='lat' dir='ltr'><strong>forma</strong></span> <span class='ocrx_word' id='word_1_14' title='bbox 1146 392 1229 437; x_wconf 89' lang='lat' dir='ltr'><strong>est</strong></span> <span class='ocrx_word' id='word_1_15' title='bbox 1257 424 1270 449; x_wconf 90' lang='lat'><strong>,</strong></span> <span class='ocrx_word' id='word_1_16' title='bbox 1297 396 1348 438; x_wconf 92' lang='lat' dir='ltr'><strong>et</strong></span> <span class='ocrx_word' id='word_1_17' title='bbox 1392 384 1532 439; x_wconf 86' lang='lat' dir='ltr'><strong>Deus</strong></span> <span class='ocrx_word' id='word_1_18' title='bbox 1577 382 1826 439; x_wconf 86' lang='lat' dir='ltr'><strong>Christus</strong></span> <span class='ocrx_word' id='word_1_19' title='bbox 1851 382 1904 443; x_wconf 84' lang='lat' dir='ltr'><strong>A</strong></span> <span class='ocrx_word' id='word_1_20' title='bbox 1930 381 2230 437; x_wconf 78' lang='lat' dir='ltr'><strong>substantia</strong></span> <span class='ocrx_word' id='word_1_21' title='bbox 2251 426 2267 451; x_wconf 93' lang='lat'><strong>,</strong></span> <span class='ocrx_word' id='word_1_22' title='bbox 2298 385 2392 440; x_wconf 87' lang='lat' dir='ltr'><strong>sed</strong></span> <span class='ocrx_word' id='word_1_23' title='bbox 2424 386 2640 467; x_wconf 40' lang='lat' dir='ltr'><strong>saIvanls</strong></span> <span class='ocrx_word' id='word_1_24' title='bbox 2671 403 3133 461; x_wconf 81' lang='lat' dir='ltr'><strong>regeneransque,</strong></span> <span class='ocrx_word' id='word_1_25' title='bbox 3167 405 3272 446; x_wconf 91' lang='lat' dir='ltr'><strong>non</strong></span> <span class='ocrx_word' id='word_1_26' title='bbox 3311 405 3536 449; x_wconf 86' lang='lat' dir='ltr'><strong>manens</strong></span> 
     </span>
    </p>
   </div>
   <div class='ocr_carea' id='block_1_5' title="bbox 205 474 845 532">
    <p class='ocr_par' dir='ltr' id='par_1_5' title="bbox 205 474 845 532">
     <span class='ocr_line' id='line_1_5' title="bbox 205 474 845 532; baseline 0.008 -5"><span class='ocrx_word' id='word_1_27' title='bbox 205 480 287 528; x_wconf 89' lang='lat' dir='ltr'><strong>est</strong></span> <span class='ocrx_word' id='word_1_28' title='bbox 312 490 324 528; x_wconf 92' lang='lat'><strong>:</strong></span> <span class='ocrx_word' id='word_1_29' title='bbox 350 489 383 528; x_wconf 93' lang='lat'><strong>0</strong></span> <span class='ocrx_word' id='word_1_30' title='bbox 406 474 562 529; x_wconf 81' lang='lat' dir='ltr'><strong>beata</strong></span> <span class='ocrx_word' id='word_1_31' title='bbox 588 474 845 532; x_wconf 74' lang='lat' dir='ltr'><strong>Trinitas.</strong></span> 
     </span>
    </p>
   </div>
   <div class='ocr_carea' id='block_1_6' title="bbox 271 568 1809 647">
    <p class='ocr_par' dir='ltr' id='par_1_6' title="bbox 271 568 1809 647">
     <span class='ocr_line' id='line_1_6' title="bbox 271 568 1809 647; baseline 0.007 -27"><span class='ocrx_word' id='word_1_32' title='bbox 271 576 338 620; x_wconf 83' lang='grc' dir='ltr'><strong>ον</strong></span> <span class='ocrx_word' id='word_1_33' title='bbox 380 568 600 621; x_wconf 92' lang='lat' dir='ltr'><strong>tertium</strong></span> <span class='ocrx_word' id='word_1_34' title='bbox 639 580 856 625; x_wconf 80' lang='lat' dir='ltr'><strong>sanctus</strong></span> <span class='ocrx_word' id='word_1_35' title='bbox 885 579 966 626; x_wconf 88' lang='lat' dir='ltr'><strong>est</strong></span> <span class='ocrx_word' id='word_1_36' title='bbox 987 570 1254 641; x_wconf 86' lang='lat' dir='ltr'><strong>Spiritus,</strong></span> <span class='ocrx_word' id='word_1_37' title='bbox 1280 584 1497 629; x_wconf 91' lang='lat' dir='ltr'><strong>sanctus</strong></span> <span class='ocrx_word' id='word_1_38' title='bbox 1536 575 1769 647; x_wconf 85' lang='lat' dir='ltr'><strong>Spiritus</strong></span> <span class='ocrx_word' id='word_1_39' title='bbox 1794 617 1809 641; x_wconf 92' lang='lat'><strong>,</strong></span> 
     </span>
    </p>
   </div>
   <div class='ocr_carea' id='block_1_7' title="bbox 202 658 1811 725">
    <p class='ocr_par' dir='ltr' id='par_1_7' title="bbox 202 658 1811 725">
     <span class='ocr_line' id='line_1_7' title="bbox 202 658 1811 725; baseline 0.007 -12"><span class='ocrx_word' id='word_1_40' title='bbox 202 658 365 713; x_wconf 89' lang='lat' dir='ltr'><strong>totius</strong></span> <span class='ocrx_word' id='word_1_41' title='bbox 385 661 715 717; x_wconf 68' lang='lat' dir='ltr'><strong>exsistentim</strong></span> <span class='ocrx_word' id='word_1_42' title='bbox 740 662 1134 721; x_wconf 82' lang='lat' dir='ltr'><strong>demonstratio</strong></span> <span class='ocrx_word' id='word_1_43' title='bbox 1155 676 1256 723; x_wconf 89' lang='lat' dir='ltr'><strong>est.</strong></span> <span class='ocrx_word' id='word_1_44' title='bbox 1290 669 1689 725; x_wconf 86' lang='lat' dir='ltr'><strong>Demonstratio</strong></span> <span class='ocrx_word' id='word_1_45' title='bbox 1717 685 1811 724; x_wconf 58' lang='lat' dir='ltr'><strong>auo</strong></span> 
     </span>
    </p>
   </div>
   <div class='ocr_carea' id='block_1_8' title="bbox 199 755 1811 824">
    <p class='ocr_par' dir='ltr' id='par_1_8' title="bbox 199 755 1811 824">
     <span class='ocr_line' id='line_1_8' title="bbox 199 755 1811 824; baseline 0.007 -15"><span class='ocrx_word' id='word_1_46' title='bbox 199 761 306 810; x_wconf 88' lang='lat' dir='ltr'><strong>tem</strong></span> <span class='ocrx_word' id='word_1_47' title='bbox 331 768 621 824; x_wconf 85' lang='lat' dir='ltr'><strong>numquam</strong></span> <span class='ocrx_word' id='word_1_48' title='bbox 666 755 766 811; x_wconf 86' lang='lat' dir='ltr'><strong>nisi</strong></span> <span class='ocrx_word' id='word_1_49' title='bbox 796 767 922 812; x_wconf 88' lang='lat' dir='ltr'><strong>nota</strong></span> <span class='ocrx_word' id='word_1_50' title='bbox 944 759 1278 816; x_wconf 90' lang='lat' dir='ltr'><strong>demonstrat</strong></span> <span class='ocrx_word' id='word_1_51' title='bbox 1305 778 1318 815; x_wconf 89' lang='lat'><strong>:</strong></span> <span class='ocrx_word' id='word_1_52' title='bbox 1349 777 1506 819; x_wconf 87' lang='lat' dir='ltr'><strong>nosse</strong></span> <span class='ocrx_word' id='word_1_53' title='bbox 1534 774 1713 818; x_wconf 90' lang='lat' dir='ltr'><strong>autem</strong></span> <span class='ocrx_word' id='word_1_54' title='bbox 1756 765 1811 820; x_wconf 93' lang='lat' dir='ltr'><strong>in</strong></span> 
     </span>
    </p>
   </div>
   <div class='ocr_carea' id='block_1_9' title="bbox 197 843 1807 929">
    <p class='ocr_par' dir='ltr' id='par_1_9' title="bbox 197 843 1807 929">
     <span class='ocr_line' id='line_1_9' title="bbox 197 843 1807 929; baseline 0.01 -30"><span class='ocrx_word' id='word_1_55' title='bbox 197 843 401 929; x_wconf 79' lang='lat' dir='ltr'><strong>divinis</strong></span> <span class='ocrx_word' id='word_1_56' title='bbox 450 846 552 903; x_wconf 86' lang='lat' dir='ltr'><strong>hoc</strong></span> <span class='ocrx_word' id='word_1_57' title='bbox 577 858 660 904; x_wconf 89' lang='lat' dir='ltr'><strong>est</strong></span> <span class='ocrx_word' id='word_1_58' title='bbox 700 852 843 922; x_wconf 91' lang='lat' dir='ltr'><strong>quod</strong></span> <span class='ocrx_word' id='word_1_59' title='bbox 886 854 1084 911; x_wconf 86' lang='lat' dir='ltr'><strong>habere</strong></span> <span class='ocrx_word' id='word_1_60' title='bbox 1114 863 1216 911; x_wconf 87' lang='lat' dir='ltr'><strong>est.</strong></span> <span class='ocrx_word' id='word_1_61' title='bbox 1250 856 1640 929; x_wconf 80' lang='lat' dir='ltr'><strong>Cognoscentia</strong></span> <span class='ocrx_word' id='word_1_62' title='bbox 1665 861 1807 915; x_wconf 90' lang='lat' dir='ltr'><strong>enim</strong></span> 
     </span>
    </p>
   </div>
   <div class='ocr_carea' id='block_1_10' title="bbox 198 922 1809 1021">
    <p class='ocr_par' dir='ltr' id='par_1_10' title="bbox 198 922 1809 1021">
     <span class='ocr_line' id='line_1_10' title="bbox 198 922 1809 1021; baseline 0.011 -31"><span class='ocrx_word' id='word_1_63' title='bbox 198 922 631 1011; x_wconf 45' lang='lat' dir='ltr'><strong>ipsa&#39;eademque</strong></span> <span class='ocrx_word' id='word_1_64' title='bbox 658 943 956 999; x_wconf 89' lang='lat' dir='ltr'><strong>substantia</strong></span> <span class='ocrx_word' id='word_1_65' title='bbox 998 956 1102 1002; x_wconf 90' lang='lat' dir='ltr'><strong>est.</strong></span> <span class='ocrx_word' id='word_1_66' title='bbox 1127 947 1300 1005; x_wconf 84' lang='lat' dir='ltr'><strong>Habet</strong></span> <span class='ocrx_word' id='word_1_67' title='bbox 1320 922 1451 1021; x_wconf 70' lang='lat' dir='ltr'><strong>ergo</strong></span> <span class='ocrx_word' id='word_1_68' title='bbox 1486 952 1681 1017; x_wconf 86' lang='lat' dir='ltr'><strong>Deum,</strong></span> <span class='ocrx_word' id='word_1_69' title='bbox 1717 953 1809 1008; x_wconf 88' lang='lat' dir='ltr'><strong>ha-</strong></span> 
     </span>
    </p>
   </div>
   <div class='ocr_carea' id='block_1_11' title="bbox 194 1026 1809 1112">
    <p class='ocr_par' dir='ltr' id='par_1_11' title="bbox 194 1026 1809 1112">
     <span class='ocr_line' id='line_1_11' title="bbox 194 1026 1809 1112; baseline 0.01 -28"><span class='ocrx_word' id='word_1_70' title='bbox 194 1026 289 1084; x_wconf 85' lang='lat' dir='ltr'><strong>bet</strong></span> <span class='ocrx_word' id='word_1_71' title='bbox 325 1026 599 1087; x_wconf 84' lang='lat' dir='ltr'><strong>Christum</strong></span> <span class='ocrx_word' id='word_1_72' title='bbox 642 1049 802 1104; x_wconf 83' lang='lat' dir='ltr'><strong>quem</strong></span> <span class='ocrx_word' id='word_1_73' title='bbox 833 1036 1172 1095; x_wconf 88' lang='lat' dir='ltr'><strong>detn0nstrat</strong></span> <span class='ocrx_word' id='word_1_74' title='bbox 1208 1039 1442 1112; x_wconf 79' lang='lat' dir='ltr'><strong>Spiritus</strong></span> <span class='ocrx_word' id='word_1_75' title='bbox 1483 1052 1702 1099; x_wconf 88' lang='lat' dir='ltr'><strong>sanctus</strong></span> <span class='ocrx_word' id='word_1_76' title='bbox 1738 1060 1809 1100; x_wconf 90' lang='lat' dir='ltr'><strong>:o</strong></span> 
     </span>
    </p>
   </div>
   <div class='ocr_carea' id='block_1_12' title="bbox 202 1121 647 1184">
    <p class='ocr_par' dir='ltr' id='par_1_12' title="bbox 202 1121 647 1184">
     <span class='ocr_line' id='line_1_12' title="bbox 202 1121 647 1184; baseline 0.011 -5"><span class='ocrx_word' id='word_1_77' title='bbox 202 1121 357 1179; x_wconf 89' lang='lat' dir='ltr'><strong>beata</strong></span> <span class='ocrx_word' id='word_1_78' title='bbox 389 1123 647 1184; x_wconf 83' lang='lat' dir='ltr'><strong>Trinitas.</strong></span> 
     </span>
    </p>
   </div>
   <div class='ocr_carea' id='block_1_13' title="bbox 263 1214 1807 1295">
    <p class='ocr_par' dir='ltr' id='par_1_13' title="bbox 263 1214 1807 1295">
     <span class='ocr_line' id='line_1_13' title="bbox 263 1214 1807 1295; baseline 0.012 -26"><span class='ocrx_word' id='word_1_79' title='bbox 263 1214 587 1287; x_wconf 89' lang='lat' dir='ltr'><strong>lmmensus,</strong></span> <span class='ocrx_word' id='word_1_80' title='bbox 630 1219 889 1294; x_wconf 75' lang='lat' dir='ltr'><strong>infinitus,</strong></span> <span class='ocrx_word' id='word_1_81' title='bbox 933 1224 1214 1281; x_wconf 83' lang='lat' dir='ltr'><strong>invisibilis</strong></span> <span class='ocrx_word' id='word_1_82' title='bbox 1255 1226 1400 1283; x_wconf 85' lang='lat' dir='ltr'><strong>Deus</strong></span> <span class='ocrx_word' id='word_1_83' title='bbox 1440 1244 1521 1295; x_wconf 90' lang='lat' dir='ltr'><strong>es,</strong></span> <span class='ocrx_word' id='word_1_84' title='bbox 1564 1229 1657 1285; x_wconf 91' lang='lat' dir='ltr'><strong>sed</strong></span> <span class='ocrx_word' id='word_1_85' title='bbox 1689 1230 1807 1289; x_wconf 90' lang='lat' dir='ltr'><strong>aliis</strong></span> 
     </span>
    </p>
   </div>
   <div class='ocr_carea' id='block_1_14' title="bbox 191 1305 1801 1383">
    <p class='ocr_par' dir='ltr' id='par_1_14' title="bbox 191 1305 1801 1383">
     <span class='ocr_line' id='line_1_14' title="bbox 191 1305 1801 1383; baseline 0.008 -21"><span class='ocrx_word' id='word_1_86' title='bbox 191 1305 509 1378; x_wconf 81' lang='lat' dir='ltr'><strong>immensus,</strong></span> <span class='ocrx_word' id='word_1_87' title='bbox 534 1311 792 1383; x_wconf 83' lang='lat' dir='ltr'><strong>inﬁnitus,</strong></span> <span class='ocrx_word' id='word_1_88' title='bbox 822 1316 943 1371; x_wconf 88' lang='lat' dir='ltr'><strong>aliis</strong></span> <span class='ocrx_word' id='word_1_89' title='bbox 976 1326 1031 1373; x_wconf 91' lang='lat' dir='ltr'><strong>et</strong></span> <span class='ocrx_word' id='word_1_90' title='bbox 1061 1318 1342 1375; x_wconf 88' lang='lat' dir='ltr'><strong>invisibilis</strong></span> <span class='ocrx_word' id='word_1_91' title='bbox 1369 1338 1382 1374; x_wconf 91' lang='lat'><strong>:</strong></span> <span class='ocrx_word' id='word_1_92' title='bbox 1406 1321 1502 1375; x_wconf 91' lang='lat' dir='ltr'><strong>tibi</strong></span> <span class='ocrx_word' id='word_1_93' title='bbox 1546 1337 1765 1377; x_wconf 89' lang='lat' dir='ltr'><strong>mensus</strong></span> <span class='ocrx_word' id='word_1_94' title='bbox 1787 1350 1801 1375; x_wconf 66' lang='lat'><strong>.</strong></span> 
     </span>
    </p>
   </div>
   <div class='ocr_carea' id='block_1_15' title="bbox 191 1400 1799 1481">
    <p class='ocr_par' dir='ltr' id='par_1_15' title="bbox 191 1400 1799 1481">
     <span class='ocr_line' id='line_1_15' title="bbox 191 1400 1799 1481; baseline 0.009 -27"><span class='ocrx_word' id='word_1_95' title='bbox 191 1400 288 1456; x_wconf 87' lang='lat' dir='ltr'><strong>tibi</strong></span> <span class='ocrx_word' id='word_1_96' title='bbox 313 1404 518 1469; x_wconf 82' lang='lat' dir='ltr'><strong>ﬁnitus,</strong></span> <span class='ocrx_word' id='word_1_97' title='bbox 551 1406 646 1460; x_wconf 86' lang='lat' dir='ltr'><strong>tibi</strong></span> <span class='ocrx_word' id='word_1_98' title='bbox 680 1406 909 1463; x_wconf 80' lang='lat' dir='ltr'><strong>visibilis</strong></span> <span class='ocrx_word' id='word_1_99' title='bbox 936 1427 950 1465; x_wconf 75' lang='grc' dir='ltr'><strong>ε</strong></span> <span class='ocrx_word' id='word_1_100' title='bbox 981 1409 1117 1466; x_wconf 91' lang='lat' dir='ltr'><strong>Ilinc</strong></span> <span class='ocrx_word' id='word_1_101' title='bbox 1143 1426 1272 1481; x_wconf 88' lang='lat' dir='ltr'><strong>ergo</strong></span> <span class='ocrx_word' id='word_1_102' title='bbox 1298 1419 1351 1466; x_wconf 91' lang='lat' dir='ltr'><strong>et</strong></span> <span class='ocrx_word' id='word_1_103' title='bbox 1374 1411 1543 1466; x_wconf 85' lang='lat' dir='ltr'><strong>forma</strong></span> <span class='ocrx_word' id='word_1_104' title='bbox 1578 1413 1668 1468; x_wconf 90' lang='lat' dir='ltr'><strong>tibi</strong></span> <span class='ocrx_word' id='word_1_105' title='bbox 1697 1425 1799 1480; x_wconf 86' lang='lat' dir='ltr'><strong>cst,</strong></span> 
     </span>
    </p>
   </div>
   <div class='ocr_carea' id='block_1_16' title="bbox 189 1494 1805 1577">
    <p class='ocr_par' dir='ltr' id='par_1_16' title="bbox 189 1494 1805 1577">
     <span class='ocr_line' id='line_1_16' title="bbox 189 1494 1805 1577; baseline 0.01 -33"><span class='ocrx_word' id='word_1_106' title='bbox 189 1503 322 1561; x_wconf 86' lang='lat' dir='ltr'><strong>ergo</strong></span> <span class='ocrx_word' id='word_1_107' title='bbox 361 1502 419 1547; x_wconf 90' lang='lat' dir='ltr'><strong>et</strong></span> <span class='ocrx_word' id='word_1_108' title='bbox 463 1494 627 1570; x_wconf 76' lang='grc' dir='ltr'><strong>Λόγος</strong></span> <span class='ocrx_word' id='word_1_109' title='bbox 661 1513 673 1549; x_wconf 94' lang='lat'>:</span> <span class='ocrx_word' id='word_1_110' title='bbox 708 1496 853 1553; x_wconf 88' lang='lat' dir='ltr'><strong>idem</strong></span> <span class='ocrx_word' id='word_1_111' title='bbox 894 1514 992 1566; x_wconf 92' lang='lat' dir='ltr'><strong>es,</strong></span> <span class='ocrx_word' id='word_1_112' title='bbox 1040 1501 1162 1570; x_wconf 85' lang='lat' dir='ltr'><strong>quia</strong></span> <span class='ocrx_word' id='word_1_113' title='bbox 1191 1504 1352 1577; x_wconf 73' lang='grc' dir='ltr'><strong>Λόγος</strong></span> <span class='ocrx_word' id='word_1_114' title='bbox 1397 1507 1562 1558; x_wconf 79' lang='lat' dir='ltr'><strong>forma</strong></span> <span class='ocrx_word' id='word_1_115' title='bbox 1604 1515 1684 1559; x_wconf 89' lang='lat' dir='ltr'><strong>est</strong></span> <span class='ocrx_word' id='word_1_116' title='bbox 1711 1527 1724 1562; x_wconf 87' lang='lat'><strong>:</strong></span> <span class='ocrx_word' id='word_1_117' title='bbox 1750 1517 1805 1561; x_wconf 88' lang='lat' dir='ltr'><strong>et</strong></span> 
     </span>
    </p>
   </div>
   <div class='ocr_carea' id='block_1_17' title="bbox 186 1584 1804 1667">
    <p class='ocr_par' dir='ltr' id='par_1_17' title="bbox 186 1584 1804 1667">
     <span class='ocr_line' id='line_1_17' title="bbox 186 1584 1804 1667; baseline 0.011 -29"><span class='ocrx_word' id='word_1_118' title='bbox 186 1585 311 1654; x_wconf 87' lang='lat' dir='ltr'><strong>quia</strong></span> <span class='ocrx_word' id='word_1_119' title='bbox 335 1584 505 1641; x_wconf 79' lang='lat' dir='ltr'><strong>forma</strong></span> <span class='ocrx_word' id='word_1_120' title='bbox 532 1588 623 1644; x_wconf 79' lang='lat' dir='ltr'><strong>tibi</strong></span> <span class='ocrx_word' id='word_1_121' title='bbox 654 1591 839 1646; x_wconf 90' lang='lat' dir='ltr'><strong>notitia</strong></span> <span class='ocrx_word' id='word_1_122' title='bbox 863 1607 922 1648; x_wconf 88' lang='lat' dir='ltr'><strong>es</strong></span> <span class='ocrx_word' id='word_1_123' title='bbox 943 1636 959 1663; x_wconf 90' lang='lat'><strong>,</strong></span> <span class='ocrx_word' id='word_1_124' title='bbox 987 1597 1171 1650; x_wconf 92' lang='lat' dir='ltr'><strong>notitia</strong></span> <span class='ocrx_word' id='word_1_125' title='bbox 1190 1608 1367 1652; x_wconf 88' lang='lat' dir='ltr'><strong>autem</strong></span> <span class='ocrx_word' id='word_1_126' title='bbox 1389 1598 1626 1667; x_wconf 81' lang='lat' dir='ltr'><strong>Spiritus</strong></span> <span class='ocrx_word' id='word_1_127' title='bbox 1649 1614 1804 1656; x_wconf 85' lang='lat' dir='ltr'><strong>sanc-</strong></span> 
     </span>
    </p>
   </div>
   <div class='ocr_carea' id='block_1_18' title="bbox 186 1680 1801 1763">
    <p class='ocr_par' dir='ltr' id='par_1_18' title="bbox 186 1680 1801 1763">
     <span class='ocr_line' id='line_1_18' title="bbox 186 1680 1801 1763; baseline 0.012 -33"><span class='ocrx_word' id='word_1_128' title='bbox 186 1683 275 1732; x_wconf 89' lang='lat' dir='ltr'><strong>tus</strong></span> <span class='ocrx_word' id='word_1_129' title='bbox 297 1688 379 1732; x_wconf 88' lang='lat' dir='ltr'><strong>est</strong></span> <span class='ocrx_word' id='word_1_130' title='bbox 406 1696 420 1732; x_wconf 89' lang='lat'><strong>:</strong></span> <span class='ocrx_word' id='word_1_131' title='bbox 444 1680 496 1734; x_wconf 88' lang='lat' dir='ltr'><strong>id</strong></span> <span class='ocrx_word' id='word_1_132' title='bbox 521 1696 654 1751; x_wconf 89' lang='lat' dir='ltr'><strong>ergo</strong></span> <span class='ocrx_word' id='word_1_133' title='bbox 682 1692 737 1738; x_wconf 87' lang='lat' dir='ltr'><strong>et</strong></span> <span class='ocrx_word' id='word_1_134' title='bbox 763 1684 923 1752; x_wconf 89' lang='lat' dir='ltr'><strong>Deus,</strong></span> <span class='ocrx_word' id='word_1_135' title='bbox 959 1698 1010 1743; x_wconf 90' lang='lat' dir='ltr'><strong>et</strong></span> <span class='ocrx_word' id='word_1_136' title='bbox 1035 1688 1212 1763; x_wconf 76' lang='grc' dir='ltr'><strong>Λόγος,</strong></span> <span class='ocrx_word' id='word_1_137' title='bbox 1241 1700 1295 1745; x_wconf 89' lang='lat' dir='ltr'><strong>et</strong></span> <span class='ocrx_word' id='word_1_138' title='bbox 1320 1689 1552 1762; x_wconf 88' lang='lat' dir='ltr'><strong>Spiritus</strong></span> <span class='ocrx_word' id='word_1_139' title='bbox 1582 1704 1801 1751; x_wconf 87' lang='lat' dir='ltr'><strong>sanctus</strong></span> 
     </span>
    </p>
   </div>
   <div class='ocr_carea' id='block_1_19' title="bbox 185 1772 826 1833">
    <p class='ocr_par' dir='ltr' id='par_1_19' title="bbox 185 1772 826 1833">
     <span class='ocr_line' id='line_1_19' title="bbox 185 1772 826 1833; baseline 0.011 -7"><span class='ocrx_word' id='word_1_140' title='bbox 185 1785 284 1827; x_wconf 87' lang='lat' dir='ltr'><strong>es:</strong></span> <span class='ocrx_word' id='word_1_141' title='bbox 316 1786 351 1827; x_wconf 92' lang='grc' dir='ltr'><strong>ο</strong></span> <span class='ocrx_word' id='word_1_142' title='bbox 378 1772 537 1829; x_wconf 84' lang='lat' dir='ltr'><strong>beata</strong></span> <span class='ocrx_word' id='word_1_143' title='bbox 568 1775 826 1833; x_wconf 83' lang='lat' dir='ltr'><strong>Trinitas.</strong></span> 
     </span>
    </p>
   </div>
   <div class='ocr_carea' id='block_1_20' title="bbox 255 1864 1791 1940">
    <p class='ocr_par' dir='ltr' id='par_1_20' title="bbox 255 1864 1791 1940">
     <span class='ocr_line' id='line_1_20' title="bbox 255 1864 1791 1940; baseline 0.012 -22"><span class='ocrx_word' id='word_1_144' title='bbox 255 1864 360 1931; x_wconf 90' lang='lat' dir='ltr'><strong>Tu,</strong></span> <span class='ocrx_word' id='word_1_145' title='bbox 413 1865 513 1922; x_wconf 83' lang='lat' dir='ltr'><strong>Fili</strong></span> <span class='ocrx_word' id='word_1_146' title='bbox 553 1870 803 1940; x_wconf 85' lang='lat' dir='ltr'><strong>visibilis,</strong></span> <span class='ocrx_word' id='word_1_147' title='bbox 833 1888 893 1929; x_wconf 90' lang='lat' dir='ltr'><strong>es</strong></span> <span class='ocrx_word' id='word_1_148' title='bbox 922 1876 1066 1930; x_wconf 89' lang='lat' dir='ltr'><strong>enim</strong></span> <span class='ocrx_word' id='word_1_149' title='bbox 1110 1877 1432 1935; x_wconf 84' lang='lat' dir='ltr'><strong>universalis</strong></span> <span class='ocrx_word' id='word_1_150' title='bbox 1461 1890 1516 1936; x_wconf 89' lang='lat' dir='ltr'><strong>et</strong></span> <span class='ocrx_word' id='word_1_151' title='bbox 1555 1883 1791 1937; x_wconf 89' lang='lat' dir='ltr'><strong>omnium</strong></span> 
     </span>
    </p>
   </div>
   <div class='ocr_carea' id='block_1_21' title="bbox 183 1952 1790 2036">
    <p class='ocr_par' dir='ltr' id='par_1_21' title="bbox 183 1952 1790 2036">
     <span class='ocr_line' id='line_1_21' title="bbox 183 1952 1790 2036; baseline 0.012 -28"><span class='ocrx_word' id='word_1_152' title='bbox 183 1952 354 2010; x_wconf 76' lang='lat' dir='ltr'><strong>forma</strong></span> <span class='ocrx_word' id='word_1_153' title='bbox 380 1973 394 2010; x_wconf 88' lang='lat'><strong>:</strong></span> <span class='ocrx_word' id='word_1_154' title='bbox 426 1955 560 2013; x_wconf 92' lang='lat' dir='ltr'><strong>Cum</strong></span> <span class='ocrx_word' id='word_1_155' title='bbox 590 1963 733 2017; x_wconf 88' lang='lat' dir='ltr'><strong>enim</strong></span> <span class='ocrx_word' id='word_1_156' title='bbox 765 1966 1001 2022; x_wconf 71' lang='lat' dir='ltr'><strong>vii-ineas</strong></span> <span class='ocrx_word' id='word_1_157' title='bbox 1031 1981 1247 2036; x_wconf 90' lang='lat' dir='ltr'><strong>cuncta,</strong></span> <span class='ocrx_word' id='word_1_158' title='bbox 1272 1972 1330 2025; x_wconf 84' lang='lat' dir='ltr'><strong>lit</strong></span> <span class='ocrx_word' id='word_1_159' title='bbox 1354 1971 1521 2026; x_wconf 79' lang='lat' dir='ltr'><strong>forma</strong></span> <span class='ocrx_word' id='word_1_160' title='bbox 1553 1973 1622 2028; x_wconf 89' lang='lat' dir='ltr'><strong>de</strong></span> <span class='ocrx_word' id='word_1_161' title='bbox 1651 1976 1790 2029; x_wconf 88' lang='lat' dir='ltr'><strong>vita:</strong></span> 
     </span>
    </p>
   </div>
   <div class='ocr_carea' id='block_1_22' title="bbox 184 2046 1792 2132">
    <p class='ocr_par' dir='ltr' id='par_1_22' title="bbox 184 2046 1792 2132">
     <span class='ocr_line' id='line_1_22' title="bbox 184 2046 1792 2132; baseline 0.014 -31"><span class='ocrx_word' id='word_1_162' title='bbox 184 2046 382 2103; x_wconf 82' lang='lat' dir='ltr'><strong>Forma</strong></span> <span class='ocrx_word' id='word_1_163' title='bbox 425 2062 604 2108; x_wconf 87' lang='lat' dir='ltr'><strong>autem</strong></span> <span class='ocrx_word' id='word_1_164' title='bbox 644 2071 862 2128; x_wconf 88' lang='lat' dir='ltr'><strong>semper</strong></span> <span class='ocrx_word' id='word_1_165' title='bbox 897 2061 947 2113; x_wconf 92' lang='lat' dir='ltr'><strong>in</strong></span> <span class='ocrx_word' id='word_1_166' title='bbox 980 2063 1307 2132; x_wconf 87' lang='lat' dir='ltr'><strong>substantia,</strong></span> <span class='ocrx_word' id='word_1_167' title='bbox 1341 2076 1396 2121; x_wconf 87' lang='lat' dir='ltr'><strong>et</strong></span> <span class='ocrx_word' id='word_1_168' title='bbox 1412 2060 1591 2122; x_wconf 27' lang='lat' dir='ltr'><strong>(forma</strong></span> <span class='ocrx_word' id='word_1_169' title='bbox 1618 2071 1792 2123; x_wconf 88' lang='lat' dir='ltr'><strong>omnis</strong></span> 
     </span>
    </p>
   </div>
   <div class='ocr_carea' id='block_1_23' title="bbox 183 2140 1792 2224">
    <p class='ocr_par' dir='ltr' id='par_1_23' title="bbox 183 2140 1792 2224">
     <span class='ocr_line' id='line_1_23' title="bbox 183 2140 1792 2224; baseline 0.014 -30"><span class='ocrx_word' id='word_1_170' title='bbox 183 2140 376 2196; x_wconf 87' lang='lat' dir='ltr'><strong>notitia</strong></span> <span class='ocrx_word' id='word_1_171' title='bbox 415 2153 499 2199; x_wconf 86' lang='lat' dir='ltr'><strong>est</strong></span> <span class='ocrx_word' id='word_1_172' title='bbox 539 2162 713 2217; x_wconf 85' lang='lat' dir='ltr'><strong>:crgo</strong></span> <span class='ocrx_word' id='word_1_173' title='bbox 758 2148 814 2203; x_wconf 89' lang='lat' dir='ltr'><strong>in</strong></span> <span class='ocrx_word' id='word_1_174' title='bbox 861 2151 1158 2209; x_wconf 88' lang='lat' dir='ltr'><strong>substantia</strong></span> <span class='ocrx_word' id='word_1_175' title='bbox 1203 2155 1343 2210; x_wconf 88' lang='lat' dir='ltr'><strong>Deus</strong></span> <span class='ocrx_word' id='word_1_176' title='bbox 1383 2171 1483 2224; x_wconf 89' lang='lat' dir='ltr'><strong>es,</strong></span> <span class='ocrx_word' id='word_1_177' title='bbox 1525 2159 1577 2212; x_wconf 91' lang='lat' dir='ltr'><strong>in</strong></span> <span class='ocrx_word' id='word_1_178' title='bbox 1621 2158 1792 2216; x_wconf 83' lang='lat' dir='ltr'><strong>forma</strong></span> 
     </span>
    </p>
   </div>
   <div class='ocr_carea' id='block_1_24' title="bbox 185 2234 1786 2311">
    <p class='ocr_par' dir='ltr' id='par_1_24' title="bbox 185 2234 1786 2311">
     <span class='ocr_line' id='line_1_24' title="bbox 185 2234 1786 2311; baseline 0.013 -24"><span class='ocrx_word' id='word_1_179' title='bbox 185 2234 352 2307; x_wconf 77' lang='grc' dir='ltr'><strong>Λόγος</strong></span> <span class='ocrx_word' id='word_1_180' title='bbox 376 2276 390 2301; x_wconf 89' lang='grc'><em>,</em></span> <span class='ocrx_word' id='word_1_181' title='bbox 421 2235 474 2290; x_wconf 90' lang='lat' dir='ltr'><strong>in</strong></span> <span class='ocrx_word' id='word_1_182' title='bbox 506 2238 693 2293; x_wconf 89' lang='lat' dir='ltr'><strong>notitia</strong></span> <span class='ocrx_word' id='word_1_183' title='bbox 726 2239 959 2311; x_wconf 87' lang='lat' dir='ltr'><strong>Spiritus</strong></span> <span class='ocrx_word' id='word_1_184' title='bbox 984 2258 1203 2301; x_wconf 85' lang='lat' dir='ltr'><strong>sanctus</strong></span> <span class='ocrx_word' id='word_1_185' title='bbox 1229 2265 1242 2301; x_wconf 90' lang='lat'><strong>:</strong></span> <span class='ocrx_word' id='word_1_186' title='bbox 1291 2264 1323 2303; x_wconf 87' lang='grc' dir='ltr'><strong>ο</strong></span> <span class='ocrx_word' id='word_1_187' title='bbox 1349 2248 1502 2305; x_wconf 83' lang='lat' dir='ltr'><strong>beata</strong></span> <span class='ocrx_word' id='word_1_188' title='bbox 1533 2250 1786 2309; x_wconf 89' lang='lat' dir='ltr'><strong>Trinitas.</strong></span> 
     </span>
    </p>
   </div>
   <div class='ocr_carea' id='block_1_25' title="bbox 255 2325 1787 2403">
    <p class='ocr_par' dir='ltr' id='par_1_25' title="bbox 255 2325 1787 2403">
     <span class='ocr_line' id='line_1_25' title="bbox 255 2325 1787 2403; baseline 0.014 -23"><span class='ocrx_word' id='word_1_189' title='bbox 255 2325 338 2381; x_wconf 91' lang='lat' dir='ltr'><strong>Tu</strong></span> <span class='ocrx_word' id='word_1_190' title='bbox 369 2342 582 2401; x_wconf 86' lang='lat' dir='ltr'><strong>quoque</strong></span> <span class='ocrx_word' id='word_1_191' title='bbox 602 2330 838 2403; x_wconf 89' lang='lat' dir='ltr'><strong>Spiritus</strong></span> <span class='ocrx_word' id='word_1_192' title='bbox 859 2349 1076 2394; x_wconf 89' lang='lat' dir='ltr'><strong>sanctus</strong></span> <span class='ocrx_word' id='word_1_193' title='bbox 1103 2341 1251 2396; x_wconf 91' lang='lat' dir='ltr'><strong>notio</strong></span> <span class='ocrx_word' id='word_1_194' title='bbox 1274 2358 1334 2398; x_wconf 89' lang='lat' dir='ltr'><strong>es</strong></span> <span class='ocrx_word' id='word_1_195' title='bbox 1363 2361 1375 2396; x_wconf 95' lang='lat'>:</span> <span class='ocrx_word' id='word_1_196' title='bbox 1411 2346 1586 2401; x_wconf 89' lang='lat' dir='ltr'><strong>onmis</strong></span> <span class='ocrx_word' id='word_1_197' title='bbox 1608 2358 1787 2402; x_wconf 90' lang='lat' dir='ltr'><strong>autem</strong></span> 
     </span>
    </p>
   </div>
   <div class='ocr_carea' id='block_1_26' title="bbox 182 2417 1790 2508">
    <p class='ocr_par' dir='ltr' id='par_1_26' title="bbox 182 2417 1790 2508">
     <span class='ocr_line' id='line_1_26' title="bbox 182 2417 1790 2508; baseline 0.013 -35"><span class='ocrx_word' id='word_1_198' title='bbox 182 2419 335 2473; x_wconf 88' lang='lat' dir='ltr'><strong>notio</strong></span> <span class='ocrx_word' id='word_1_199' title='bbox 357 2417 545 2477; x_wconf 64' lang='lat' dir='ltr'><strong>formae</strong></span> <span class='ocrx_word' id='word_1_200' title='bbox 573 2433 629 2479; x_wconf 87' lang='lat' dir='ltr'><strong>et</strong></span> <span class='ocrx_word' id='word_1_201' title='bbox 647 2425 965 2483; x_wconf 65' lang='lat' dir='ltr'><strong>substantiae</strong></span> <span class='ocrx_word' id='word_1_202' title='bbox 992 2432 1140 2485; x_wconf 88' lang='lat' dir='ltr'><strong>notio</strong></span> <span class='ocrx_word' id='word_1_203' title='bbox 1170 2443 1252 2487; x_wconf 83' lang='lat' dir='ltr'><strong>est</strong></span> <span class='ocrx_word' id='word_1_204' title='bbox 1275 2452 1288 2488; x_wconf 92' lang='lat'><strong>:</strong></span> <span class='ocrx_word' id='word_1_205' title='bbox 1310 2432 1601 2504; x_wconf 79' lang='lat' dir='ltr'><strong>Cognoscis</strong></span> <span class='ocrx_word' id='word_1_206' title='bbox 1631 2439 1790 2508; x_wconf 80' lang='lat' dir='ltr'><strong>igitur</strong></span> 
     </span>
    </p>
   </div>
   <div class='ocr_carea' id='block_1_27' title="bbox 183 2509 1784 2597">
    <p class='ocr_par' dir='ltr' id='par_1_27' title="bbox 183 2509 1784 2597">
     <span class='ocr_line' id='line_1_27' title="bbox 183 2509 1784 2597; baseline 0.013 -32"><span class='ocrx_word' id='word_1_207' title='bbox 183 2509 374 2578; x_wconf 90' lang='lat' dir='ltr'><strong>Deum,</strong></span> <span class='ocrx_word' id='word_1_208' title='bbox 406 2524 460 2568; x_wconf 91' lang='lat' dir='ltr'><strong>et</strong></span> <span class='ocrx_word' id='word_1_209' title='bbox 482 2515 649 2572; x_wconf 88' lang='lat' dir='ltr'><strong>habes</strong></span> <span class='ocrx_word' id='word_1_210' title='bbox 673 2518 765 2574; x_wconf 89' lang='lat' dir='ltr'><strong>Dei</strong></span> <span class='ocrx_word' id='word_1_211' title='bbox 791 2521 1037 2575; x_wconf 80' lang='lat' dir='ltr'><strong>formam.</strong></span> <span class='ocrx_word' id='word_1_212' title='bbox 1072 2523 1209 2581; x_wconf 82' lang='lat' dir='ltr'><strong>Hinc</strong></span> <span class='ocrx_word' id='word_1_213' title='bbox 1238 2538 1289 2581; x_wconf 89' lang='lat' dir='ltr'><strong>et</strong></span> <span class='ocrx_word' id='word_1_214' title='bbox 1320 2528 1461 2583; x_wconf 87' lang='lat' dir='ltr'><strong>Deus</strong></span> <span class='ocrx_word' id='word_1_215' title='bbox 1483 2571 1495 2593; x_wconf 92' lang='lat'><strong>,</strong></span> <span class='ocrx_word' id='word_1_216' title='bbox 1520 2540 1572 2585; x_wconf 90' lang='lat' dir='ltr'><strong>et</strong></span> <span class='ocrx_word' id='word_1_217' title='bbox 1594 2530 1784 2597; x_wconf 85' lang='lat' dir='ltr'><strong>Filius,</strong></span> 
     </span>
    </p>
   </div>
   <div class='ocr_carea' id='block_1_28' title="bbox 179 2602 1385 2674">
    <p class='ocr_par' dir='ltr' id='par_1_28' title="bbox 179 2602 1385 2674">
     <span class='ocr_line' id='line_1_28' title="bbox 179 2602 1385 2674; baseline 0.012 -16"><span class='ocrx_word' id='word_1_218' title='bbox 179 2610 236 2658; x_wconf 88' lang='lat' dir='ltr'><strong>et</strong></span> <span class='ocrx_word' id='word_1_219' title='bbox 255 2602 493 2674; x_wconf 90' lang='lat' dir='ltr'><strong>Spiritus</strong></span> <span class='ocrx_word' id='word_1_220' title='bbox 517 2618 734 2665; x_wconf 90' lang='lat' dir='ltr'><strong>sanctus</strong></span> <span class='ocrx_word' id='word_1_221' title='bbox 764 2627 863 2667; x_wconf 88' lang='lat' dir='ltr'><strong>es:</strong></span> <span class='ocrx_word' id='word_1_222' title='bbox 890 2628 923 2667; x_wconf 96' lang='lat' dir='ltr'><strong>o</strong></span> <span class='ocrx_word' id='word_1_223' title='bbox 943 2613 1099 2669; x_wconf 85' lang='lat' dir='ltr'><strong>beata</strong></span> <span class='ocrx_word' id='word_1_224' title='bbox 1132 2615 1385 2672; x_wconf 85' lang='lat' dir='ltr'><strong>Trinitas.</strong></span> 
     </span>
    </p>
   </div>
   <div class='ocr_carea' id='block_1_29' title="bbox 251 2697 1787 2786">
    <p class='ocr_par' dir='ltr' id='par_1_29' title="bbox 251 2697 1787 2786">
     <span class='ocr_line' id='line_1_29' title="bbox 251 2697 1787 2786; baseline 0.012 -33"><span class='ocrx_word' id='word_1_225' title='bbox 251 2697 386 2755; x_wconf 84' lang='lat' dir='ltr'><strong>Esse</strong></span> <span class='ocrx_word' id='word_1_226' title='bbox 426 2701 567 2759; x_wconf 91' lang='lat' dir='ltr'><strong>Deus</strong></span> <span class='ocrx_word' id='word_1_227' title='bbox 605 2720 696 2772; x_wconf 86' lang='lat' dir='ltr'><strong>es,</strong></span> <span class='ocrx_word' id='word_1_228' title='bbox 744 2707 1004 2777; x_wconf 88' lang='lat' dir='ltr'><strong>Spiritum</strong></span> <span class='ocrx_word' id='word_1_229' title='bbox 1043 2724 1164 2765; x_wconf 88' lang='lat' dir='ltr'><strong>esse</strong></span> <span class='ocrx_word' id='word_1_230' title='bbox 1193 2709 1442 2769; x_wconf 81' lang='lat' dir='ltr'><strong>Christus</strong></span> <span class='ocrx_word' id='word_1_231' title='bbox 1466 2755 1482 2782; x_wconf 91' lang='lat'><strong>,</strong></span> <span class='ocrx_word' id='word_1_232' title='bbox 1527 2730 1787 2786; x_wconf 87' lang='lat' dir='ltr'><strong>apparere</strong></span> 
     </span>
    </p>
   </div>
   <div class='ocr_carea' id='block_1_30' title="bbox 177 2793 1593 2875">
    <p class='ocr_par' dir='ltr' id='par_1_30' title="bbox 177 2793 1593 2875">
     <span class='ocr_line' id='line_1_30' title="bbox 177 2793 1593 2875; baseline 0.014 -32"><span class='ocrx_word' id='word_1_233' title='bbox 177 2793 320 2863; x_wconf 89' lang='lat' dir='ltr'><strong>quod</strong></span> <span class='ocrx_word' id='word_1_234' title='bbox 351 2794 421 2849; x_wconf 90' lang='lat' dir='ltr'><strong>sit</strong></span> <span class='ocrx_word' id='word_1_235' title='bbox 446 2796 684 2867; x_wconf 89' lang='lat' dir='ltr'><strong>Spiritus</strong></span> <span class='ocrx_word' id='word_1_236' title='bbox 707 2800 1018 2858; x_wconf 85' lang='lat' dir='ltr'><strong>Paracletus</strong></span> <span class='ocrx_word' id='word_1_237' title='bbox 1049 2822 1064 2859; x_wconf 86' lang='lat'><strong>:</strong></span> <span class='ocrx_word' id='word_1_238' title='bbox 1097 2820 1130 2859; x_wconf 91' lang='grc' dir='ltr'>ο</span> <span class='ocrx_word' id='word_1_239' title='bbox 1155 2806 1308 2875; x_wconf 85' lang='lat' dir='ltr'><strong>beata</strong></span> <span class='ocrx_word' id='word_1_240' title='bbox 1339 2809 1593 2865; x_wconf 86' lang='lat' dir='ltr'><strong>Trinitas.</strong></span> 
     </span>
    </p>
   </div>
   <div class='ocr_carea' id='block_1_31' title="bbox 251 2884 1779 2975">
    <p class='ocr_par' dir='ltr' id='par_1_31' title="bbox 251 2884 1779 2975">
     <span class='ocr_line' id='line_1_31' title="bbox 251 2884 1779 2975; baseline 0.014 -35"><span class='ocrx_word' id='word_1_241' title='bbox 251 2884 387 2942; x_wconf 83' lang='lat' dir='ltr'><strong>Hinc</strong></span> <span class='ocrx_word' id='word_1_242' title='bbox 425 2888 697 2946; x_wconf 89' lang='lat' dir='ltr'><strong>Christum</strong></span> <span class='ocrx_word' id='word_1_243' title='bbox 728 2895 872 2949; x_wconf 88' lang='lat' dir='ltr'><strong>misit</strong></span> <span class='ocrx_word' id='word_1_244' title='bbox 901 2896 1091 2966; x_wconf 86' lang='lat' dir='ltr'><strong>Pater,</strong></span> <span class='ocrx_word' id='word_1_245' title='bbox 1130 2897 1376 2957; x_wconf 87' lang='lat' dir='ltr'><strong>Christus</strong></span> <span class='ocrx_word' id='word_1_246' title='bbox 1402 2902 1739 2961; x_wconf 88' lang='lat' dir='ltr'><strong>Paraeletum</strong></span> <span class='ocrx_word' id='word_1_247' title='bbox 1764 2950 1779 2975; x_wconf 96' lang='lat'><strong>,</strong></span> 
     </span>
    </p>
   </div>
   <div class='ocr_carea' id='block_1_32' title="bbox 175 2972 1781 3064">
    <p class='ocr_par' dir='ltr' id='par_1_32' title="bbox 175 2972 1781 3064">
     <span class='ocr_line' id='line_1_32' title="bbox 175 2972 1781 3064; baseline 0.013 -35"><span class='ocrx_word' id='word_1_248' title='bbox 175 2972 427 3035; x_wconf 89' lang='lat' dir='ltr'><strong>Christus</strong></span> <span class='ocrx_word' id='word_1_249' title='bbox 463 2991 521 3035; x_wconf 93' lang='lat' dir='ltr'><strong>ut</strong></span> <span class='ocrx_word' id='word_1_250' title='bbox 565 2982 880 3053; x_wconf 88' lang='lat' dir='ltr'><strong>Paraeleto,</strong></span> <span class='ocrx_word' id='word_1_251' title='bbox 923 2985 1142 3045; x_wconf 87' lang='lat' dir='ltr'><strong>Christo</strong></span> <span class='ocrx_word' id='word_1_252' title='bbox 1179 3002 1237 3047; x_wconf 90' lang='lat' dir='ltr'><strong>ut</strong></span> <span class='ocrx_word' id='word_1_253' title='bbox 1266 3006 1553 3064; x_wconf 83' lang='lat' dir='ltr'><strong>appareret</strong></span> <span class='ocrx_word' id='word_1_254' title='bbox 1590 2972 1781 3053; x_wconf 54' lang='lat' dir='ltr'><strong>Pater}</strong></span> 
     </span>
    </p>
   </div>
   <div class='ocr_carea' id='block_1_33' title="bbox 172 3070 676 3132">
    <p class='ocr_par' dir='ltr' id='par_1_33' title="bbox 172 3070 676 3132">
     <span class='ocr_line' id='line_1_33' title="bbox 172 3070 676 3132; baseline 0.012 -6"><span class='ocrx_word' id='word_1_255' title='bbox 172 3084 209 3126; x_wconf 93' lang='lat' dir='ltr'><strong>o</strong></span> <span class='ocrx_word' id='word_1_256' title='bbox 236 3070 392 3128; x_wconf 85' lang='lat' dir='ltr'><strong>beata</strong></span> <span class='ocrx_word' id='word_1_257' title='bbox 421 3073 676 3132; x_wconf 84' lang='lat' dir='ltr'><strong>Trinitas.</strong></span> 
     </span>
    </p>
   </div>
   <div class='ocr_carea' id='block_1_34' title="bbox 1915 479 3250 546">
    <p class='ocr_par' dir='ltr' id='par_1_34' title="bbox 1915 479 3250 546">
     <span class='ocr_line' id='line_1_34' title="bbox 1915 479 3250 546; baseline 0.005 -17"><span class='ocrx_word' id='word_1_258' title='bbox 1915 490 2249 546; x_wconf 84' lang='lat' dir='ltr'><strong>generansve</strong></span> <span class='ocrx_word' id='word_1_259' title='bbox 2278 479 2576 534; x_wconf 88' lang='lat' dir='ltr'><strong>substantia</strong></span> <span class='ocrx_word' id='word_1_260' title='bbox 2609 496 2668 536; x_wconf 91' lang='lat' dir='ltr'><strong>es</strong></span> <span class='ocrx_word' id='word_1_261' title='bbox 2701 499 2714 535; x_wconf 92' lang='lat'><strong>:</strong></span> <span class='ocrx_word' id='word_1_262' title='bbox 2749 498 2781 537; x_wconf 90' lang='grc' dir='ltr'>ο</span> <span class='ocrx_word' id='word_1_263' title='bbox 2811 482 2970 538; x_wconf 88' lang='lat' dir='ltr'><strong>beata</strong></span> <span class='ocrx_word' id='word_1_264' title='bbox 2994 483 3250 539; x_wconf 85' lang='lat' dir='ltr'><strong>Trinitas.</strong></span> 
     </span>
    </p>
   </div>
   <div class='ocr_carea' id='block_1_35' title="bbox 1988 565 3529 647">
    <p class='ocr_par' dir='ltr' id='par_1_35' title="bbox 1988 565 3529 647">
     <span class='ocr_line' id='line_1_35' title="bbox 1988 565 3529 647; baseline 0.007 -24"><span class='ocrx_word' id='word_1_265' title='bbox 1988 565 2104 623; x_wconf 86' lang='lat' dir='ltr'><strong>Una</strong></span> <span class='ocrx_word' id='word_1_266' title='bbox 2132 567 2295 639; x_wconf 78' lang='lat' dir='ltr'><strong>igitur</strong></span> <span class='ocrx_word' id='word_1_267' title='bbox 2320 570 2459 626; x_wconf 89' lang='lat' dir='ltr'><strong>Deus</strong></span> <span class='ocrx_word' id='word_1_268' title='bbox 2479 613 2493 637; x_wconf 93' lang='lat'><strong>,</strong></span> <span class='ocrx_word' id='word_1_269' title='bbox 2517 573 2661 647; x_wconf 76' lang='grc' dir='ltr'><strong>λόγος</strong></span> <span class='ocrx_word' id='word_1_270' title='bbox 2705 573 3046 646; x_wconf 89' lang='lat' dir='ltr'><strong>Spiritusque</strong></span> <span class='ocrx_word' id='word_1_271' title='bbox 3083 575 3382 632; x_wconf 86' lang='lat' dir='ltr'><strong>substantia</strong></span> <span class='ocrx_word' id='word_1_272' title='bbox 3410 586 3492 633; x_wconf 87' lang='lat' dir='ltr'><strong>est</strong></span> <span class='ocrx_word' id='word_1_273' title='bbox 3514 619 3529 645; x_wconf 91' lang='lat'><strong>,</strong></span> 
     </span>
    </p>
   </div>
   <div class='ocr_carea' id='block_1_36' title="bbox 1915 662 3525 737">
    <p class='ocr_par' dir='ltr' id='par_1_36' title="bbox 1915 662 3525 737">
     <span class='ocr_line' id='line_1_36' title="bbox 1915 662 3525 737; baseline 0.007 -24"><span class='ocrx_word' id='word_1_274' title='bbox 1915 674 2139 716; x_wconf 88' lang='lat' dir='ltr'><strong>manens</strong></span> <span class='ocrx_word' id='word_1_275' title='bbox 2170 662 2223 715; x_wconf 92' lang='lat' dir='ltr'><strong>in</strong></span> <span class='ocrx_word' id='word_1_276' title='bbox 2257 664 2448 731; x_wconf 90' lang='lat' dir='ltr'><strong>tribus,</strong></span> <span class='ocrx_word' id='word_1_277' title='bbox 2487 666 2834 737; x_wconf 85' lang='lat' dir='ltr'><strong>existensque</strong></span> <span class='ocrx_word' id='word_1_278' title='bbox 2864 677 2945 722; x_wconf 92' lang='lat' dir='ltr'><strong>ter</strong></span> <span class='ocrx_word' id='word_1_279' title='bbox 2966 668 3019 723; x_wconf 94' lang='lat' dir='ltr'><strong>in</strong></span> <span class='ocrx_word' id='word_1_280' title='bbox 3052 669 3304 723; x_wconf 87' lang='lat' dir='ltr'><strong>omnibus</strong></span> <span class='ocrx_word' id='word_1_281' title='bbox 3335 669 3525 725; x_wconf 91' lang='lat' dir='ltr'><strong>tribus.</strong></span> 
     </span>
    </p>
   </div>
   <div class='ocr_carea' id='block_1_37' title="bbox 1915 750 3527 831">
    <p class='ocr_par' dir='ltr' id='par_1_37' title="bbox 1915 750 3527 831">
     <span class='ocr_line' id='line_1_37' title="bbox 1915 750 3527 831; baseline 0.007 -26"><span class='ocrx_word' id='word_1_282' title='bbox 1915 750 2029 806; x_wconf 85' lang='lat' dir='ltr'><strong>Hoc</strong></span> <span class='ocrx_word' id='word_1_283' title='bbox 2057 764 2236 807; x_wconf 86' lang='lat' dir='ltr'><strong>autem</strong></span> <span class='ocrx_word' id='word_1_284' title='bbox 2267 766 2316 809; x_wconf 91' lang='lat' dir='ltr'><strong>et</strong></span> <span class='ocrx_word' id='word_1_285' title='bbox 2346 752 2517 809; x_wconf 81' lang='lat' dir='ltr'><strong>forma</strong></span> <span class='ocrx_word' id='word_1_286' title='bbox 2546 766 2600 812; x_wconf 92' lang='lat' dir='ltr'><strong>et</strong></span> <span class='ocrx_word' id='word_1_287' title='bbox 2638 762 3017 829; x_wconf 86' lang='lat' dir='ltr'><strong>cognoscentia</strong></span> <span class='ocrx_word' id='word_1_288' title='bbox 3040 767 3119 815; x_wconf 90' lang='lat' dir='ltr'><strong>est</strong></span> <span class='ocrx_word' id='word_1_289' title='bbox 3138 800 3151 823; x_wconf 94' lang='lat'><strong>,</strong></span> <span class='ocrx_word' id='word_1_290' title='bbox 3180 758 3256 814; x_wconf 92' lang='lat' dir='ltr'><strong>sic</strong></span> <span class='ocrx_word' id='word_1_291' title='bbox 3288 760 3527 831; x_wconf 89' lang='lat' dir='ltr'><strong>triplica-</strong></span> 
     </span>
    </p>
   </div>
   <div class='ocr_carea' id='block_1_38' title="bbox 1914 846 3384 922">
    <p class='ocr_par' dir='ltr' id='par_1_38' title="bbox 1914 846 3384 922">
     <span class='ocr_line' id='line_1_38' title="bbox 1914 846 3384 922; baseline 0.008 -24"><span class='ocrx_word' id='word_1_292' title='bbox 1914 849 1999 899; x_wconf 87' lang='lat' dir='ltr'><strong>tur</strong></span> <span class='ocrx_word' id='word_1_293' title='bbox 2020 846 2196 901; x_wconf 91' lang='lat' dir='ltr'><strong>omnis</strong></span> <span class='ocrx_word' id='word_1_294' title='bbox 2217 849 2445 918; x_wconf 78' lang='lat' dir='ltr'><strong>simplex</strong></span> <span class='ocrx_word' id='word_1_295' title='bbox 2476 850 2821 922; x_wconf 78' lang='lat' dir='ltr'><strong>singularitas</strong></span> <span class='ocrx_word' id='word_1_296' title='bbox 2845 871 2857 905; x_wconf 72' lang='grc' dir='ltr'>ς</span> <span class='ocrx_word' id='word_1_297' title='bbox 2886 868 2920 906; x_wconf 91' lang='grc' dir='ltr'><strong>ο</strong></span> <span class='ocrx_word' id='word_1_298' title='bbox 2947 854 3103 909; x_wconf 89' lang='lat' dir='ltr'><strong>beata</strong></span> <span class='ocrx_word' id='word_1_299' title='bbox 3129 853 3384 910; x_wconf 89' lang='lat' dir='ltr'><strong>Trinitas.</strong></span> 
     </span>
    </p>
   </div>
   <div class='ocr_carea' id='block_1_39' title="bbox 1989 937 3527 1017">
    <p class='ocr_par' dir='ltr' id='par_1_39' title="bbox 1989 937 3527 1017">
     <span class='ocr_line' id='line_1_39' title="bbox 1989 937 3527 1017; baseline 0.008 -24"><span class='ocrx_word' id='word_1_300' title='bbox 1989 937 2093 1005; x_wconf 91' lang='lat' dir='ltr'><strong>Tu,</strong></span> <span class='ocrx_word' id='word_1_301' title='bbox 2123 940 2263 995; x_wconf 87' lang='lat' dir='ltr'><strong>Deus</strong></span> <span class='ocrx_word' id='word_1_302' title='bbox 2291 941 2583 1013; x_wconf 81' lang='lat' dir='ltr'><strong>incognite,</strong></span> <span class='ocrx_word' id='word_1_303' title='bbox 2616 952 2671 998; x_wconf 90' lang='lat' dir='ltr'><strong>tu</strong></span> <span class='ocrx_word' id='word_1_304' title='bbox 2700 945 3262 1015; x_wconf 85' lang='lat' dir='ltr'><strong>incomprehensibilis</strong></span> <span class='ocrx_word' id='word_1_305' title='bbox 3289 949 3430 1004; x_wconf 90' lang='lat' dir='ltr'><strong>Deus</strong></span> <span class='ocrx_word' id='word_1_306' title='bbox 3446 963 3527 1017; x_wconf 86' lang='lat' dir='ltr'><strong>es,</strong></span> 
     </span>
    </p>
   </div>
   <div class='ocr_carea' id='block_1_40' title="bbox 1910 1031 3517 1113">
    <p class='ocr_par' dir='ltr' id='par_1_40' title="bbox 1910 1031 3517 1113">
     <span class='ocr_line' id='line_1_40' title="bbox 1910 1031 3517 1113; baseline 0.009 -29"><span class='ocrx_word' id='word_1_307' title='bbox 1910 1031 2005 1087; x_wconf 89' lang='lat' dir='ltr'><strong>sed</strong></span> <span class='ocrx_word' id='word_1_308' title='bbox 2036 1032 2291 1103; x_wconf 84' lang='lat' dir='ltr'><strong>incogniti</strong></span> <span class='ocrx_word' id='word_1_309' title='bbox 2319 1044 2479 1106; x_wconf 90' lang='lat' dir='ltr'><strong>atque</strong></span> <span class='ocrx_word' id='word_1_310' title='bbox 2498 1037 3060 1108; x_wconf 84' lang='lat' dir='ltr'><strong>incomprehensibilis</strong></span> <span class='ocrx_word' id='word_1_311' title='bbox 3092 1041 3233 1097; x_wconf 88' lang='lat' dir='ltr'><strong>Deus</strong></span> <span class='ocrx_word' id='word_1_312' title='bbox 3255 1056 3334 1109; x_wconf 89' lang='lat' dir='ltr'><strong>es,</strong></span> <span class='ocrx_word' id='word_1_313' title='bbox 3364 1043 3517 1113; x_wconf 90' lang='lat' dir='ltr'><strong>quasi</strong></span> 
     </span>
    </p>
   </div>
   <div class='ocr_carea' id='block_1_41' title="bbox 1910 1124 3523 1204">
    <p class='ocr_par' dir='ltr' id='par_1_41' title="bbox 1910 1124 3523 1204">
     <span class='ocr_line' id='line_1_41' title="bbox 1910 1124 3523 1204; baseline 0.008 -26"><span class='ocrx_word' id='word_1_314' title='bbox 1910 1124 2153 1192; x_wconf 71' lang='lat' dir='ltr'><strong>quredatn</strong></span> <span class='ocrx_word' id='word_1_315' title='bbox 2204 1125 2379 1181; x_wconf 83' lang='lat' dir='ltr'><strong>forma</strong></span> <span class='ocrx_word' id='word_1_316' title='bbox 2423 1130 2542 1183; x_wconf 90' lang='lat' dir='ltr'><strong>sine</strong></span> <span class='ocrx_word' id='word_1_317' title='bbox 2587 1128 2756 1183; x_wconf 85' lang='lat' dir='ltr'><strong>forma</strong></span> <span class='ocrx_word' id='word_1_318' title='bbox 2801 1140 2903 1185; x_wconf 90' lang='lat' dir='ltr'><strong>est.</strong></span> <span class='ocrx_word' id='word_1_319' title='bbox 2941 1132 3076 1187; x_wconf 84' lang='lat' dir='ltr'><strong>Hinc</strong></span> <span class='ocrx_word' id='word_1_320' title='bbox 3104 1148 3200 1204; x_wconf 90' lang='lat' dir='ltr'><strong>pro</strong></span> <span class='ocrx_word' id='word_1_321' title='bbox 3237 1129 3289 1189; x_wconf 75' lang='grc' dir='ltr'><strong>ὃν</strong></span> <span class='ocrx_word' id='word_1_322' title='bbox 3317 1151 3436 1189; x_wconf 85' lang='lat' dir='ltr'><strong>cum</strong></span> <span class='ocrx_word' id='word_1_323' title='bbox 3471 1134 3523 1191; x_wconf 83' lang='grc' dir='ltr'><strong>ὂν</strong></span> 
     </span>
    </p>
   </div>
   <div class='ocr_carea' id='block_1_42' title="bbox 1910 1217 3521 1293">
    <p class='ocr_par' dir='ltr' id='par_1_42' title="bbox 1910 1217 3521 1293">
     <span class='ocr_line' id='line_1_42' title="bbox 1910 1217 3521 1293; baseline 0.006 -21"><span class='ocrx_word' id='word_1_324' title='bbox 1910 1217 2106 1274; x_wconf 90' lang='lat' dir='ltr'><strong>diceris</strong></span> <span class='ocrx_word' id='word_1_325' title='bbox 2139 1224 2305 1291; x_wconf 88' lang='lat' dir='ltr'><strong>magis</strong></span> <span class='ocrx_word' id='word_1_326' title='bbox 2335 1220 2575 1276; x_wconf 80' lang='lat' dir='ltr'><strong>defectus</strong></span> <span class='ocrx_word' id='word_1_327' title='bbox 2614 1237 2675 1277; x_wconf 92' lang='lat' dir='ltr'><strong>ac</strong></span> <span class='ocrx_word' id='word_1_328' title='bbox 2708 1226 2940 1293; x_wconf 76' lang='lat' dir='ltr'><strong>requies.</strong></span> <span class='ocrx_word' id='word_1_329' title='bbox 2975 1225 3109 1281; x_wconf 89' lang='lat' dir='ltr'><strong>lIinc</strong></span> <span class='ocrx_word' id='word_1_330' title='bbox 3132 1228 3395 1281; x_wconf 90' lang='lat' dir='ltr'><strong>cessantis</strong></span> <span class='ocrx_word' id='word_1_331' title='bbox 3425 1243 3521 1284; x_wconf 88' lang='lat' dir='ltr'><strong>eo-</strong></span> 
     </span>
    </p>
   </div>
   <div class='ocr_carea' id='block_1_43' title="bbox 1909 1314 3467 1382">
    <p class='ocr_par' dir='ltr' id='par_1_43' title="bbox 1909 1314 3467 1382">
     <span class='ocr_line' id='line_1_43' title="bbox 1909 1314 3467 1382; baseline 0.008 -19"><span class='ocrx_word' id='word_1_332' title='bbox 1909 1314 2240 1382; x_wconf 73' lang='lat' dir='ltr'><strong>gnoscentia:</strong></span> <span class='ocrx_word' id='word_1_333' title='bbox 2272 1314 2441 1368; x_wconf 81' lang='lat' dir='ltr'><strong>forma</strong></span> <span class='ocrx_word' id='word_1_334' title='bbox 2472 1324 2555 1370; x_wconf 89' lang='lat' dir='ltr'><strong>est</strong></span> <span class='ocrx_word' id='word_1_335' title='bbox 2594 1318 2885 1372; x_wconf 69' lang='lat' dir='ltr'><strong>noscentim</strong></span> <span class='ocrx_word' id='word_1_336' title='bbox 2917 1337 2929 1371; x_wconf 89' lang='lat'><strong>:</strong></span> <span class='ocrx_word' id='word_1_337' title='bbox 2966 1333 2999 1373; x_wconf 90' lang='grc' dir='ltr'>ο</span> <span class='ocrx_word' id='word_1_338' title='bbox 3030 1319 3183 1374; x_wconf 90' lang='lat' dir='ltr'><strong>beata</strong></span> <span class='ocrx_word' id='word_1_339' title='bbox 3209 1319 3467 1376; x_wconf 86' lang='lat' dir='ltr'><strong>Trinitas.</strong></span> 
     </span>
    </p>
   </div>
   <div class='ocr_carea' id='block_1_44' title="bbox 1981 1402 3521 1484">
    <p class='ocr_par' dir='ltr' id='par_1_44' title="bbox 1981 1402 3521 1484">
     <span class='ocr_line' id='line_1_44' title="bbox 1981 1402 3521 1484; baseline 0.006 -28"><span class='ocrx_word' id='word_1_340' title='bbox 1981 1402 2061 1457; x_wconf 89' lang='lat' dir='ltr'><strong>Tu</strong></span> <span class='ocrx_word' id='word_1_341' title='bbox 2090 1404 2235 1477; x_wconf 73' lang='grc' dir='ltr'><strong>λόγος</strong></span> <span class='ocrx_word' id='word_1_342' title='bbox 2265 1404 2436 1461; x_wconf 85' lang='lat' dir='ltr'><strong>forma</strong></span> <span class='ocrx_word' id='word_1_343' title='bbox 2467 1422 2587 1461; x_wconf 91' lang='lat' dir='ltr'><strong>cum</strong></span> <span class='ocrx_word' id='word_1_344' title='bbox 2614 1409 2709 1475; x_wconf 87' lang='lat' dir='ltr'><strong>sis,</strong></span> <span class='ocrx_word' id='word_1_345' title='bbox 2736 1407 2904 1463; x_wconf 80' lang='lat' dir='ltr'><strong>forma</strong></span> <span class='ocrx_word' id='word_1_346' title='bbox 2928 1412 3092 1480; x_wconf 89' lang='lat' dir='ltr'><strong>patris</strong></span> <span class='ocrx_word' id='word_1_347' title='bbox 3114 1426 3172 1466; x_wconf 89' lang='lat' dir='ltr'><strong>es</strong></span> <span class='ocrx_word' id='word_1_348' title='bbox 3199 1429 3211 1464; x_wconf 91' lang='lat'><strong>:</strong></span> <span class='ocrx_word' id='word_1_349' title='bbox 3239 1412 3363 1467; x_wconf 89' lang='lat' dir='ltr'><strong>hinc</strong></span> <span class='ocrx_word' id='word_1_350' title='bbox 3389 1427 3521 1484; x_wconf 83' lang='lat' dir='ltr'><strong>ergo</strong></span> 
     </span>
    </p>
   </div>
   <div class='ocr_carea' id='block_1_45' title="bbox 1907 1496 3517 1572">
    <p class='ocr_par' dir='ltr' id='par_1_45' title="bbox 1907 1496 3517 1572">
     <span class='ocr_line' id='line_1_45' title="bbox 1907 1496 3517 1572; baseline 0.006 -23"><span class='ocrx_word' id='word_1_351' title='bbox 1907 1504 1961 1549; x_wconf 93' lang='lat' dir='ltr'><strong>et</strong></span> <span class='ocrx_word' id='word_1_352' title='bbox 2004 1496 2180 1568; x_wconf 85' lang='lat' dir='ltr'><strong>imago</strong></span> <span class='ocrx_word' id='word_1_353' title='bbox 2213 1500 2379 1568; x_wconf 85' lang='lat' dir='ltr'><strong>patris</strong></span> <span class='ocrx_word' id='word_1_354' title='bbox 2413 1516 2491 1554; x_wconf 89' lang='lat' dir='ltr'><strong>cs.</strong></span> <span class='ocrx_word' id='word_1_355' title='bbox 2536 1499 2604 1554; x_wconf 84' lang='lat' dir='ltr'><strong>Et</strong></span> <span class='ocrx_word' id='word_1_356' title='bbox 2641 1517 2763 1557; x_wconf 90' lang='lat' dir='ltr'><strong>cum</strong></span> <span class='ocrx_word' id='word_1_357' title='bbox 2794 1500 2965 1558; x_wconf 74' lang='lat' dir='ltr'><strong>forma</strong></span> <span class='ocrx_word' id='word_1_358' title='bbox 2992 1505 3155 1572; x_wconf 87' lang='lat' dir='ltr'><strong>patris</strong></span> <span class='ocrx_word' id='word_1_359' title='bbox 3185 1520 3276 1570; x_wconf 89' lang='lat' dir='ltr'><strong>es,</strong></span> <span class='ocrx_word' id='word_1_360' title='bbox 3309 1516 3390 1559; x_wconf 91' lang='lat' dir='ltr'><strong>est</strong></span> <span class='ocrx_word' id='word_1_361' title='bbox 3424 1506 3517 1560; x_wconf 92' lang='lat' dir='ltr'><strong>tibi</strong></span> 
     </span>
    </p>
   </div>
   <div class='ocr_carea' id='block_1_46' title="bbox 1904 1584 3517 1668">
    <p class='ocr_par' dir='ltr' id='par_1_46' title="bbox 1904 1584 3517 1668">
     <span class='ocr_line' id='line_1_46' title="bbox 1904 1584 3517 1668; baseline 0.01 -28"><span class='ocrx_word' id='word_1_362' title='bbox 1904 1584 2076 1645; x_wconf 78' lang='lat' dir='ltr'><strong>forma</strong></span> <span class='ocrx_word' id='word_1_363' title='bbox 2125 1601 2180 1646; x_wconf 94' lang='lat' dir='ltr'><strong>et</strong></span> <span class='ocrx_word' id='word_1_364' title='bbox 2207 1591 2320 1663; x_wconf 90' lang='lat' dir='ltr'><strong>ipsa</strong></span> <span class='ocrx_word' id='word_1_365' title='bbox 2371 1595 2706 1662; x_wconf 87' lang='lat' dir='ltr'><strong>substantia,</strong></span> <span class='ocrx_word' id='word_1_366' title='bbox 2756 1606 2811 1652; x_wconf 90' lang='lat' dir='ltr'><strong>et</strong></span> <span class='ocrx_word' id='word_1_367' title='bbox 2847 1599 2970 1668; x_wconf 89' lang='lat' dir='ltr'><strong>quia</strong></span> <span class='ocrx_word' id='word_1_368' title='bbox 3014 1601 3184 1654; x_wconf 80' lang='lat' dir='ltr'><strong>l&#39;orma</strong></span> <span class='ocrx_word' id='word_1_369' title='bbox 3231 1600 3418 1656; x_wconf 83' lang='lat' dir='ltr'><strong>eadem</strong></span> <span class='ocrx_word' id='word_1_370' title='bbox 3462 1610 3517 1656; x_wconf 90' lang='lat' dir='ltr'><strong>et</strong></span> 
     </span>
    </p>
   </div>
   <div class='ocr_carea' id='block_1_47' title="bbox 1902 1682 3512 1755">
    <p class='ocr_par' dir='ltr' id='par_1_47' title="bbox 1902 1682 3512 1755">
     <span class='ocr_line' id='line_1_47' title="bbox 1902 1682 3512 1755; baseline 0.007 -18"><span class='ocrx_word' id='word_1_371' title='bbox 1902 1682 2197 1737; x_wconf 85' lang='lat' dir='ltr'><strong>substantia</strong></span> <span class='ocrx_word' id='word_1_372' title='bbox 2244 1693 2329 1739; x_wconf 90' lang='lat' dir='ltr'><strong>est</strong></span> <span class='ocrx_word' id='word_1_373' title='bbox 2360 1704 2371 1739; x_wconf 92' lang='lat'>:</span> <span class='ocrx_word' id='word_1_374' title='bbox 2408 1688 2528 1742; x_wconf 91' lang='lat' dir='ltr'><strong>hinc</strong></span> <span class='ocrx_word' id='word_1_375' title='bbox 2560 1688 2610 1741; x_wconf 90' lang='lat' dir='ltr'><strong>in</strong></span> <span class='ocrx_word' id='word_1_376' title='bbox 2647 1697 2697 1742; x_wconf 86' lang='lat' dir='ltr'><strong>te</strong></span> <span class='ocrx_word' id='word_1_377' title='bbox 2744 1688 2901 1744; x_wconf 85' lang='lat' dir='ltr'><strong>Pater</strong></span> <span class='ocrx_word' id='word_1_378' title='bbox 2937 1699 3049 1755; x_wconf 88' lang='lat' dir='ltr'><strong>est,</strong></span> <span class='ocrx_word' id='word_1_379' title='bbox 3080 1697 3134 1746; x_wconf 88' lang='lat' dir='ltr'><strong>et</strong></span> <span class='ocrx_word' id='word_1_380' title='bbox 3158 1698 3213 1746; x_wconf 91' lang='lat' dir='ltr'><strong>tu</strong></span> <span class='ocrx_word' id='word_1_381' title='bbox 3240 1692 3291 1746; x_wconf 92' lang='lat' dir='ltr'><strong>in</strong></span> <span class='ocrx_word' id='word_1_382' title='bbox 3333 1692 3512 1749; x_wconf 86' lang='lat' dir='ltr'><strong>Patre.</strong></span> 
     </span>
    </p>
   </div>
   <div class='ocr_carea' id='block_1_48' title="bbox 1828 1775 3512 1857">
    <p class='ocr_par' dir='ltr' id='par_1_48' title="bbox 1828 1775 3512 1857">
     <span class='ocr_line' id='line_1_48' title="bbox 1828 1775 3512 1857; baseline 0.006 -22"><span class='ocrx_word' id='word_1_383' title='bbox 1828 1776 1873 1835; x_wconf 87' lang='grc' dir='ltr'><strong>Β</strong></span> <span class='ocrx_word' id='word_1_384' title='bbox 1900 1775 2031 1832; x_wconf 89' lang='lat' dir='ltr'><strong>Item</strong></span> <span class='ocrx_word' id='word_1_385' title='bbox 2060 1781 2183 1848; x_wconf 88' lang='lat' dir='ltr'><strong>quia</strong></span> <span class='ocrx_word' id='word_1_386' title='bbox 2214 1779 2387 1835; x_wconf 81' lang='lat' dir='ltr'><strong>forma</strong></span> <span class='ocrx_word' id='word_1_387' title='bbox 2414 1797 2472 1836; x_wconf 88' lang='lat' dir='ltr'><strong>es</strong></span> <span class='ocrx_word' id='word_1_388' title='bbox 2495 1825 2509 1848; x_wconf 93' lang='lat'><strong>,</strong></span> <span class='ocrx_word' id='word_1_389' title='bbox 2542 1783 2690 1838; x_wconf 90' lang='lat' dir='ltr'><strong>notio</strong></span> <span class='ocrx_word' id='word_1_390' title='bbox 2720 1783 2790 1839; x_wconf 90' lang='lat' dir='ltr'><strong>ibi</strong></span> <span class='ocrx_word' id='word_1_391' title='bbox 2819 1795 2899 1839; x_wconf 89' lang='lat' dir='ltr'><strong>est</strong></span> <span class='ocrx_word' id='word_1_392' title='bbox 2924 1827 2937 1851; x_wconf 94' lang='lat'><strong>,</strong></span> <span class='ocrx_word' id='word_1_393' title='bbox 2970 1801 3097 1857; x_wconf 85' lang='lat' dir='ltr'><strong>ergo</strong></span> <span class='ocrx_word' id='word_1_394' title='bbox 3132 1796 3187 1841; x_wconf 87' lang='lat' dir='ltr'><strong>et</strong></span> <span class='ocrx_word' id='word_1_395' title='bbox 3214 1788 3512 1845; x_wconf 86' lang='lat' dir='ltr'><strong>substantia</strong></span> 
     </span>
    </p>
   </div>
   <div class='ocr_carea' id='block_1_49' title="bbox 1900 1872 3511 1951">
    <p class='ocr_par' dir='ltr' id='par_1_49' title="bbox 1900 1872 3511 1951">
     <span class='ocr_line' id='line_1_49' title="bbox 1900 1872 3511 1951; baseline 0.007 -24"><span class='ocrx_word' id='word_1_396' title='bbox 1900 1872 1991 1927; x_wconf 78' lang='lat' dir='ltr'><strong>tibi</strong></span> <span class='ocrx_word' id='word_1_397' title='bbox 2034 1884 2156 1928; x_wconf 76' lang='lat' dir='ltr'><strong>nota</strong></span> <span class='ocrx_word' id='word_1_398' title='bbox 2177 1917 2190 1939; x_wconf 90' lang='lat'><strong>,</strong></span> <span class='ocrx_word' id='word_1_399' title='bbox 2223 1891 2289 1929; x_wconf 88' lang='lat' dir='ltr'><strong>ex</strong></span> <span class='ocrx_word' id='word_1_400' title='bbox 2320 1875 2420 1930; x_wconf 90' lang='lat' dir='ltr'><strong>hoc</strong></span> <span class='ocrx_word' id='word_1_401' title='bbox 2451 1888 2611 1933; x_wconf 91' lang='lat' dir='ltr'><strong>notus</strong></span> <span class='ocrx_word' id='word_1_402' title='bbox 2651 1892 2701 1933; x_wconf 86' lang='lat' dir='ltr'><strong>et</strong></span> <span class='ocrx_word' id='word_1_403' title='bbox 2733 1879 2891 1935; x_wconf 82' lang='lat' dir='ltr'><strong>I&#39;ater</strong></span> <span class='ocrx_word' id='word_1_404' title='bbox 2919 1889 3020 1935; x_wconf 89' lang='lat' dir='ltr'><strong>est.</strong></span> <span class='ocrx_word' id='word_1_405' title='bbox 3063 1880 3273 1951; x_wconf 86' lang='lat' dir='ltr'><strong>Quippe</strong></span> <span class='ocrx_word' id='word_1_406' title='bbox 3296 1898 3417 1937; x_wconf 90' lang='lat' dir='ltr'><strong>cum</strong></span> <span class='ocrx_word' id='word_1_407' title='bbox 3457 1883 3511 1939; x_wconf 94' lang='lat' dir='ltr'><strong>in</strong></span> 
     </span>
    </p>
   </div>
   <div class='ocr_carea' id='block_1_50' title="bbox 1897 1966 3509 2050">
    <p class='ocr_par' dir='ltr' id='par_1_50' title="bbox 1897 1966 3509 2050">
     <span class='ocr_line' id='line_1_50' title="bbox 1897 1966 3509 2050; baseline 0.006 -29"><span class='ocrx_word' id='word_1_408' title='bbox 1897 1966 2016 2021; x_wconf 85' lang='lat' dir='ltr'><strong>sinu</strong></span> <span class='ocrx_word' id='word_1_409' title='bbox 2042 1967 2158 2033; x_wconf 83' lang='lat' dir='ltr'><strong>ejus</strong></span> <span class='ocrx_word' id='word_1_410' title='bbox 2184 1967 2258 2021; x_wconf 90' lang='lat' dir='ltr'><strong>sis</strong></span> <span class='ocrx_word' id='word_1_411' title='bbox 2277 1970 2345 2025; x_wconf 91' lang='lat' dir='ltr'><strong>ab</strong></span> <span class='ocrx_word' id='word_1_412' title='bbox 2367 1984 2431 2024; x_wconf 91' lang='lat' dir='ltr'><strong>co</strong></span> <span class='ocrx_word' id='word_1_413' title='bbox 2452 1976 2686 2040; x_wconf 83' lang='lat' dir='ltr'><strong>genitus,</strong></span> <span class='ocrx_word' id='word_1_414' title='bbox 2713 1988 2898 2026; x_wconf 81' lang='lat' dir='ltr'><strong>verum</strong></span> <span class='ocrx_word' id='word_1_415' title='bbox 2922 1989 3050 2044; x_wconf 86' lang='lat' dir='ltr'><strong>ergo</strong></span> <span class='ocrx_word' id='word_1_416' title='bbox 3073 1985 3123 2029; x_wconf 89' lang='lat' dir='ltr'><strong>et</strong></span> <span class='ocrx_word' id='word_1_417' title='bbox 3145 1982 3199 2029; x_wconf 88' lang='lat' dir='ltr'><strong>tu</strong></span> <span class='ocrx_word' id='word_1_418' title='bbox 3221 1973 3274 2031; x_wconf 81' lang='grc' dir='ltr'><strong>ὃν</strong></span> <span class='ocrx_word' id='word_1_419' title='bbox 3300 1991 3509 2050; x_wconf 74' lang='lat' dir='ltr'><strong>verum,</strong></span> 
     </span>
    </p>
   </div>
   <div class='ocr_carea' id='block_1_51' title="bbox 1895 2057 3507 2139">
    <p class='ocr_par' dir='ltr' id='par_1_51' title="bbox 1895 2057 3507 2139">
     <span class='ocr_line' id='line_1_51' title="bbox 1895 2057 3507 2139; baseline 0.008 -27"><span class='ocrx_word' id='word_1_420' title='bbox 1895 2061 1949 2113; x_wconf 80' lang='grc' dir='ltr'><strong>ἐκ</strong></span> <span class='ocrx_word' id='word_1_421' title='bbox 1971 2067 2061 2114; x_wconf 79' lang='grc' dir='ltr'><strong>τοῦ</strong></span> <span class='ocrx_word' id='word_1_422' title='bbox 2091 2057 2231 2123; x_wconf 72' lang='grc' dir='ltr'><strong>ὄντος</strong></span> <span class='ocrx_word' id='word_1_423' title='bbox 2260 2064 2318 2118; x_wconf 78' lang='grc' dir='ltr'><strong>τὸ</strong></span> <span class='ocrx_word' id='word_1_424' title='bbox 2348 2060 2434 2116; x_wconf 72' lang='grc' dir='ltr'><strong>ὂνξ</strong></span> <span class='ocrx_word' id='word_1_425' title='bbox 2465 2062 2637 2119; x_wconf 84' lang='lat' dir='ltr'><strong>Omne</strong></span> <span class='ocrx_word' id='word_1_426' title='bbox 2665 2075 2843 2120; x_wconf 89' lang='lat' dir='ltr'><strong>autem</strong></span> <span class='ocrx_word' id='word_1_427' title='bbox 2871 2063 2923 2121; x_wconf 78' lang='grc' dir='ltr'>ὂν</span> <span class='ocrx_word' id='word_1_428' title='bbox 2952 2081 3167 2139; x_wconf 82' lang='lat' dir='ltr'><strong>semper</strong></span> <span class='ocrx_word' id='word_1_429' title='bbox 3199 2068 3250 2123; x_wconf 88' lang='lat' dir='ltr'><strong>in</strong></span> <span class='ocrx_word' id='word_1_430' title='bbox 3290 2068 3464 2124; x_wconf 89' lang='lat' dir='ltr'><strong>tribus</strong></span> <span class='ocrx_word' id='word_1_431' title='bbox 3494 2075 3507 2111; x_wconf 70' lang='grc'><strong><em>⁵</em></strong></span> 
     </span>
    </p>
   </div>
   <div class='ocr_carea' id='block_1_52' title="bbox 1904 2152 2414 2210">
    <p class='ocr_par' dir='ltr' id='par_1_52' title="bbox 1904 2152 2414 2210">
     <span class='ocr_line' id='line_1_52' title="bbox 1904 2152 2414 2210; baseline 0.004 -3"><span class='ocrx_word' id='word_1_432' title='bbox 1904 2167 1937 2207; x_wconf 95' lang='lat' dir='ltr'><strong>o</strong></span> <span class='ocrx_word' id='word_1_433' title='bbox 1964 2152 2125 2208; x_wconf 86' lang='lat' dir='ltr'><strong>beata</strong></span> <span class='ocrx_word' id='word_1_434' title='bbox 2158 2154 2414 2210; x_wconf 89' lang='lat' dir='ltr'><strong>Trinitas.</strong></span> 
     </span>
    </p>
   </div>
   <div class='ocr_carea' id='block_1_53' title="bbox 1967 2245 3505 2317">
    <p class='ocr_par' dir='ltr' id='par_1_53' title="bbox 1967 2245 3505 2317">
     <span class='ocr_line' id='line_1_53' title="bbox 1967 2245 3505 2317; baseline 0.007 -18"><span class='ocrx_word' id='word_1_435' title='bbox 1967 2245 2068 2313; x_wconf 88' lang='lat' dir='ltr'><strong>Ttt,</strong></span> <span class='ocrx_word' id='word_1_436' title='bbox 2104 2246 2337 2317; x_wconf 90' lang='lat' dir='ltr'><strong>Spiritus</strong></span> <span class='ocrx_word' id='word_1_437' title='bbox 2360 2258 2568 2316; x_wconf 77' lang='lat' dir='ltr'><strong>sancte,</strong></span> <span class='ocrx_word' id='word_1_438' title='bbox 2600 2252 2871 2306; x_wconf 82' lang='lat' dir='ltr'><strong>connexio</strong></span> <span class='ocrx_word' id='word_1_439' title='bbox 2902 2266 2962 2308; x_wconf 73' lang='lat' dir='ltr'><strong>es</strong></span> <span class='ocrx_word' id='word_1_440' title='bbox 2992 2270 3005 2307; x_wconf 91' lang='lat'><strong>:</strong></span> <span class='ocrx_word' id='word_1_441' title='bbox 3038 2254 3306 2309; x_wconf 85' lang='lat' dir='ltr'><strong>connexio</strong></span> <span class='ocrx_word' id='word_1_442' title='bbox 3326 2263 3505 2310; x_wconf 87' lang='lat' dir='ltr'><strong>autem</strong></span> 
     </span>
    </p>
   </div>
   <div class='ocr_carea' id='block_1_54' title="bbox 1895 2339 3503 2415">
    <p class='ocr_par' dir='ltr' id='par_1_54' title="bbox 1895 2339 3503 2415">
     <span class='ocr_line' id='line_1_54' title="bbox 1895 2339 3503 2415; baseline 0.006 -23"><span class='ocrx_word' id='word_1_443' title='bbox 1895 2345 2009 2402; x_wconf 89' lang='lat' dir='ltr'><strong>est,</strong></span> <span class='ocrx_word' id='word_1_444' title='bbox 2044 2339 2300 2410; x_wconf 86' lang='lat' dir='ltr'><strong>quidquid</strong></span> <span class='ocrx_word' id='word_1_445' title='bbox 2329 2344 2602 2396; x_wconf 85' lang='lat' dir='ltr'><strong>connectit</strong></span> <span class='ocrx_word' id='word_1_446' title='bbox 2630 2343 2760 2410; x_wconf 89' lang='lat' dir='ltr'><strong>duo,</strong></span> <span class='ocrx_word' id='word_1_447' title='bbox 2794 2344 2864 2398; x_wconf 91' lang='lat' dir='ltr'><strong>ita</strong></span> <span class='ocrx_word' id='word_1_448' title='bbox 2890 2354 2945 2398; x_wconf 95' lang='lat' dir='ltr'><strong>ut</strong></span> <span class='ocrx_word' id='word_1_449' title='bbox 2965 2359 3257 2401; x_wconf 90' lang='lat' dir='ltr'><strong>connectas</strong></span> <span class='ocrx_word' id='word_1_450' title='bbox 3282 2348 3462 2401; x_wconf 87' lang='lat' dir='ltr'><strong>omnia</strong></span> <span class='ocrx_word' id='word_1_451' title='bbox 3488 2389 3503 2415; x_wconf 96' lang='lat'><strong>,</strong></span> 
     </span>
    </p>
   </div>
   <div class='ocr_carea' id='block_1_55' title="bbox 1897 2433 3508 2511">
    <p class='ocr_par' dir='ltr' id='par_1_55' title="bbox 1897 2433 3508 2511">
     <span class='ocr_line' id='line_1_55' title="bbox 1897 2433 3508 2511; baseline 0.006 -25"><span class='ocrx_word' id='word_1_452' title='bbox 1897 2433 2075 2502; x_wconf 90' lang='lat' dir='ltr'><strong>primo</strong></span> <span class='ocrx_word' id='word_1_453' title='bbox 2122 2435 2401 2490; x_wconf 86' lang='lat' dir='ltr'><strong>connectis</strong></span> <span class='ocrx_word' id='word_1_454' title='bbox 2441 2436 2587 2501; x_wconf 91' lang='lat' dir='ltr'><strong>duo,</strong></span> <span class='ocrx_word' id='word_1_455' title='bbox 2616 2452 2781 2508; x_wconf 88' lang='lat' dir='ltr'><strong>esque</strong></span> <span class='ocrx_word' id='word_1_456' title='bbox 2832 2439 2945 2508; x_wconf 79' lang='lat' dir='ltr'><strong>ipsa</strong></span> <span class='ocrx_word' id='word_1_457' title='bbox 2991 2442 3150 2494; x_wconf 88' lang='lat' dir='ltr'><strong>tertia</strong></span> <span class='ocrx_word' id='word_1_458' title='bbox 3203 2441 3508 2511; x_wconf 81' lang='lat' dir='ltr'><strong>complexio</strong></span> 
     </span>
    </p>
   </div>
   <div class='ocr_carea' id='block_1_56' title="bbox 1888 2524 3502 2599">
    <p class='ocr_par' dir='ltr' id='par_1_56' title="bbox 1888 2524 3502 2599">
     <span class='ocr_line' id='line_1_56' title="bbox 1888 2524 3502 2599; baseline 0.006 -20"><span class='ocrx_word' id='word_1_459' title='bbox 1888 2524 2159 2593; x_wconf 92' lang='lat' dir='ltr'><strong>duorum,</strong></span> <span class='ocrx_word' id='word_1_460' title='bbox 2206 2536 2366 2597; x_wconf 87' lang='lat' dir='ltr'><strong>atque</strong></span> <span class='ocrx_word' id='word_1_461' title='bbox 2410 2529 2523 2598; x_wconf 89' lang='lat' dir='ltr'><strong>ipsa</strong></span> <span class='ocrx_word' id='word_1_462' title='bbox 2582 2532 2885 2599; x_wconf 80' lang='lat' dir='ltr'><strong>complexio</strong></span> <span class='ocrx_word' id='word_1_463' title='bbox 2932 2532 3066 2586; x_wconf 87' lang='lat' dir='ltr'><strong>nihil</strong></span> <span class='ocrx_word' id='word_1_464' title='bbox 3112 2532 3321 2588; x_wconf 85' lang='lat' dir='ltr'><strong>distans</strong></span> <span class='ocrx_word' id='word_1_465' title='bbox 3359 2547 3502 2588; x_wconf 65' lang='lat' dir='ltr'><strong>uno.</strong></span> 
     </span>
    </p>
   </div>
   <div class='ocr_carea' id='block_1_57' title="bbox 1889 2620 3072 2682">
    <p class='ocr_par' dir='ltr' id='par_1_57' title="bbox 1889 2620 3072 2682">
     <span class='ocr_line' id='line_1_57' title="bbox 1889 2620 3072 2682; baseline 0.008 -9"><span class='ocrx_word' id='word_1_466' title='bbox 1889 2633 2051 2673; x_wconf 86' lang='lat' dir='ltr'><strong>nttum</strong></span> <span class='ocrx_word' id='word_1_467' title='bbox 2079 2635 2197 2675; x_wconf 90' lang='lat' dir='ltr'><strong>cum</strong></span> <span class='ocrx_word' id='word_1_468' title='bbox 2225 2620 2354 2675; x_wconf 78' lang='lat' dir='ltr'><strong>facis</strong></span> <span class='ocrx_word' id='word_1_469' title='bbox 2383 2623 2490 2677; x_wconf 89' lang='lat' dir='ltr'><strong>duo</strong></span> <span class='ocrx_word' id='word_1_470' title='bbox 2522 2641 2535 2677; x_wconf 77' lang='grc' dir='ltr'><strong><em>τ</em></strong></span> <span class='ocrx_word' id='word_1_471' title='bbox 2565 2641 2598 2677; x_wconf 86' lang='grc' dir='ltr'>υ</span> <span class='ocrx_word' id='word_1_472' title='bbox 2630 2624 2784 2678; x_wconf 78' lang='lat' dir='ltr'><strong>beata</strong></span> <span class='ocrx_word' id='word_1_473' title='bbox 2812 2626 3072 2682; x_wconf 86' lang='lat' dir='ltr'><strong>Trinitas.</strong></span> 
     </span>
    </p>
   </div>
   <div class='ocr_carea' id='block_1_58' title="bbox 1958 2712 3496 2791">
    <p class='ocr_par' dir='ltr' id='par_1_58' title="bbox 1958 2712 3496 2791">
     <span class='ocr_line' id='line_1_58' title="bbox 1958 2712 3496 2791; baseline 0.006 -24"><span class='ocrx_word' id='word_1_474' title='bbox 1958 2712 2092 2768; x_wconf 88' lang='lat' dir='ltr'><strong>Tres</strong></span> <span class='ocrx_word' id='word_1_475' title='bbox 2122 2730 2252 2783; x_wconf 84' lang='lat' dir='ltr'><strong>ergo</strong></span> <span class='ocrx_word' id='word_1_476' title='bbox 2284 2732 2447 2771; x_wconf 89' lang='lat' dir='ltr'><strong>unum</strong></span> <span class='ocrx_word' id='word_1_477' title='bbox 2472 2758 2487 2784; x_wconf 90' lang='lat'><strong>,</strong></span> <span class='ocrx_word' id='word_1_478' title='bbox 2518 2728 2571 2773; x_wconf 89' lang='lat' dir='ltr'><strong>et</strong></span> <span class='ocrx_word' id='word_1_479' title='bbox 2595 2733 2721 2788; x_wconf 78' lang='lat' dir='ltr'><strong>ergo</strong></span> <span class='ocrx_word' id='word_1_480' title='bbox 2752 2729 2855 2785; x_wconf 87' lang='lat' dir='ltr'><strong>ter,</strong></span> <span class='ocrx_word' id='word_1_481' title='bbox 2886 2735 3017 2791; x_wconf 84' lang='lat' dir='ltr'><strong>ergo</strong></span> <span class='ocrx_word' id='word_1_482' title='bbox 3047 2731 3130 2776; x_wconf 89' lang='lat' dir='ltr'><strong>ter</strong></span> <span class='ocrx_word' id='word_1_483' title='bbox 3159 2730 3269 2776; x_wconf 85' lang='lat' dir='ltr'><strong>tres</strong></span> <span class='ocrx_word' id='word_1_484' title='bbox 3291 2735 3456 2776; x_wconf 89' lang='lat' dir='ltr'><strong>unum</strong></span> <span class='ocrx_word' id='word_1_485' title='bbox 3484 2739 3496 2776; x_wconf 92' lang='lat'><strong>:</strong></span> 
     </span>
    </p>
   </div>
   <div class='ocr_carea' id='block_1_59' title="bbox 1872 2808 2391 2874">
    <p class='ocr_par' dir='ltr' id='par_1_59' title="bbox 1872 2808 2391 2874">
     <span class='ocr_line' id='line_1_59' title="bbox 1872 2808 2391 2874; baseline 0.006 -12"><span class='ocrx_word' id='word_1_486' title='bbox 1872 2821 1921 2874; x_wconf 50' lang='grc' dir='ltr'><strong>,ο</strong></span> <span class='ocrx_word' id='word_1_487' title='bbox 1954 2808 2106 2863; x_wconf 89' lang='lat' dir='ltr'><strong>beata</strong></span> <span class='ocrx_word' id='word_1_488' title='bbox 2138 2810 2391 2866; x_wconf 90' lang='lat' dir='ltr'><strong>Trinitas.</strong></span> 
     </span>
    </p>
   </div>
   <div class='ocr_carea' id='block_1_60' title="bbox 1958 2898 3504 2978">
    <p class='ocr_par' dir='ltr' id='par_1_60' title="bbox 1958 2898 3504 2978">
     <span class='ocr_line' id='line_1_60' title="bbox 1958 2898 3504 2978; baseline 0.004 -24"><span class='ocrx_word' id='word_1_489' title='bbox 1958 2898 2094 2954; x_wconf 87' lang='lat' dir='ltr'><strong>Hinc</strong></span> <span class='ocrx_word' id='word_1_490' title='bbox 2122 2900 2281 2957; x_wconf 85' lang='lat' dir='ltr'><strong>Pater</strong></span> <span class='ocrx_word' id='word_1_491' title='bbox 2320 2918 2565 2957; x_wconf 90' lang='lat' dir='ltr'><strong>summus</strong></span> <span class='ocrx_word' id='word_1_492' title='bbox 2595 2904 2757 2959; x_wconf 89' lang='lat' dir='ltr'><strong>mittit</strong></span> <span class='ocrx_word' id='word_1_493' title='bbox 2785 2906 2960 2978; x_wconf 70' lang='grc' dir='ltr'><strong>λόγον,</strong></span> <span class='ocrx_word' id='word_1_494' title='bbox 2993 2905 3194 2964; x_wconf 87' lang='lat' dir='ltr'><strong>missus</strong></span> <span class='ocrx_word' id='word_1_495' title='bbox 3230 2914 3415 2972; x_wconf 86' lang='lat' dir='ltr'><strong>creat,</strong></span> <span class='ocrx_word' id='word_1_496' title='bbox 3449 2915 3504 2960; x_wconf 90' lang='lat' dir='ltr'><strong>et</strong></span> 
     </span>
    </p>
   </div>
   <div class='ocr_carea' id='block_1_61' title="bbox 1885 2990 3501 3065">
    <p class='ocr_par' dir='ltr' id='par_1_61' title="bbox 1885 2990 3501 3065">
     <span class='ocr_line' id='line_1_61' title="bbox 1885 2990 3501 3065; baseline 0.005 -21"><span class='ocrx_word' id='word_1_497' title='bbox 1885 2990 2153 3047; x_wconf 88' lang='lat' dir='ltr'><strong>ministrat</strong></span> <span class='ocrx_word' id='word_1_498' title='bbox 2174 2994 2354 3048; x_wconf 85' lang='lat' dir='ltr'><strong>omnia</strong></span> <span class='ocrx_word' id='word_1_499' title='bbox 2375 3036 2390 3059; x_wconf 95' lang='lat'><strong>,</strong></span> <span class='ocrx_word' id='word_1_500' title='bbox 2419 3006 2639 3065; x_wconf 89' lang='lat' dir='ltr'><strong>portans</strong></span> <span class='ocrx_word' id='word_1_501' title='bbox 2668 2996 2718 3050; x_wconf 91' lang='lat' dir='ltr'><strong>in</strong></span> <span class='ocrx_word' id='word_1_502' title='bbox 2743 2997 2968 3051; x_wconf 89' lang='lat' dir='ltr'><strong>salutem</strong></span> <span class='ocrx_word' id='word_1_503' title='bbox 2997 2996 3151 3051; x_wconf 90' lang='lat' dir='ltr'><strong>nobis</strong></span> <span class='ocrx_word' id='word_1_504' title='bbox 3174 3011 3393 3052; x_wconf 86' lang='lat' dir='ltr'><strong>carnem</strong></span> <span class='ocrx_word' id='word_1_505' title='bbox 3423 2997 3501 3052; x_wconf 83' lang='lat' dir='ltr'><strong>si-</strong></span> 
     </span>
    </p>
   </div>
   <div class='ocr_carea' id='block_1_62' title="bbox 1889 3084 3497 3155">
    <p class='ocr_par' dir='ltr' id='par_1_62' title="bbox 1889 3084 3497 3155">
     <span class='ocr_line' id='line_1_62' title="bbox 1889 3084 3497 3155; baseline 0.004 -18"><span class='ocrx_word' id='word_1_506' title='bbox 1889 3084 1999 3138; x_wconf 92' lang='lat' dir='ltr'><strong>mul</strong></span> <span class='ocrx_word' id='word_1_507' title='bbox 2035 3093 2088 3139; x_wconf 91' lang='lat' dir='ltr'><strong>et</strong></span> <span class='ocrx_word' id='word_1_508' title='bbox 2115 3093 2352 3140; x_wconf 87' lang='lat' dir='ltr'><strong>sanetam</strong></span> <span class='ocrx_word' id='word_1_509' title='bbox 2376 3101 2592 3141; x_wconf 89' lang='lat' dir='ltr'><strong>erucem</strong></span> <span class='ocrx_word' id='word_1_510' title='bbox 2613 3130 2627 3152; x_wconf 92' lang='lat'><strong>,</strong></span> <span class='ocrx_word' id='word_1_511' title='bbox 2657 3102 2907 3142; x_wconf 89' lang='lat' dir='ltr'><strong>remeans</strong></span> <span class='ocrx_word' id='word_1_512' title='bbox 2938 3087 3111 3143; x_wconf 68' lang='lat' dir='ltr'><strong>vic’tor</strong></span> <span class='ocrx_word' id='word_1_513' title='bbox 3139 3086 3205 3142; x_wconf 89' lang='lat' dir='ltr'><strong>ad</strong></span> <span class='ocrx_word' id='word_1_514' title='bbox 3239 3088 3455 3144; x_wconf 88' lang='lat' dir='ltr'><strong>Patrem</strong></span> <span class='ocrx_word' id='word_1_515' title='bbox 3481 3130 3497 3155; x_wconf 94' lang='lat'><strong>,</strong></span> 
     </span>
    </p>
   </div>
   <div class='ocr_carea' id='block_1_63' title="bbox 248 3154 3495 3239">
    <p class='ocr_par' dir='ltr' id='par_1_63' title="bbox 248 3154 3495 3239">
     <span class='ocr_line' id='line_1_63' title="bbox 248 3154 3495 3239; baseline 0.003 -14"><span class='ocrx_word' id='word_1_516' title='bbox 248 3163 467 3220; x_wconf 79' lang='lat' dir='ltr'><strong>Secrela</strong></span> <span class='ocrx_word' id='word_1_517' title='bbox 509 3175 672 3238; x_wconf 79' lang='lat' dir='ltr'><strong>atque</strong></span> <span class='ocrx_word' id='word_1_518' title='bbox 701 3169 756 3224; x_wconf 88' lang='lat' dir='ltr'><strong>in</strong></span> <span class='ocrx_word' id='word_1_519' title='bbox 783 3172 996 3227; x_wconf 82' lang='lat' dir='ltr'><strong>occulto</strong></span> <span class='ocrx_word' id='word_1_520' title='bbox 1036 3175 1330 3233; x_wconf 87' lang='lat' dir='ltr'><strong>substantia</strong></span> <span class='ocrx_word' id='word_1_521' title='bbox 1364 3178 1503 3236; x_wconf 89' lang='lat' dir='ltr'><strong>Deus</strong></span> <span class='ocrx_word' id='word_1_522' title='bbox 1543 3190 1626 3238; x_wconf 89' lang='lat' dir='ltr'><strong>est</strong></span> <span class='ocrx_word' id='word_1_523' title='bbox 1651 3198 1664 3237; x_wconf 75' lang='grc' dir='ltr'>ε</span> <span class='ocrx_word' id='word_1_524' title='bbox 1693 3198 1782 3239; x_wconf 81' lang='lat' dir='ltr'><strong>se-</strong></span> <span class='ocrx_word' id='word_1_525' title='bbox 1809 3154 1855 3217; x_wconf 64' lang='grc' dir='ltr'><strong>θ</strong></span> <span class='ocrx_word' id='word_1_526' title='bbox 1888 3177 2164 3233; x_wconf 88' lang='lat' dir='ltr'><strong>salvandis</strong></span> <span class='ocrx_word' id='word_1_527' title='bbox 2195 3178 2349 3233; x_wconf 87' lang='lat' dir='ltr'><strong>nobis</strong></span> <span class='ocrx_word' id='word_1_528' title='bbox 2379 3195 2501 3235; x_wconf 87' lang='lat' dir='ltr'><strong>esse</strong></span> <span class='ocrx_word' id='word_1_529' title='bbox 2522 3181 2663 3234; x_wconf 84' lang='lat' dir='ltr'><strong>misit</strong></span> <span class='ocrx_word' id='word_1_530' title='bbox 2689 3181 2917 3235; x_wconf 89' lang='lat' dir='ltr'><strong>alterum</strong></span> <span class='ocrx_word' id='word_1_531' title='bbox 2948 3199 2960 3236; x_wconf 90' lang='lat'>:</span> <span class='ocrx_word' id='word_1_532' title='bbox 2989 3197 3022 3235; x_wconf 91' lang='lat'><strong>0</strong></span> <span class='ocrx_word' id='word_1_533' title='bbox 3062 3180 3215 3235; x_wconf 91' lang='lat' dir='ltr'><strong>beata</strong></span> <span class='ocrx_word' id='word_1_534' title='bbox 3243 3180 3495 3235; x_wconf 88' lang='lat' dir='ltr'><strong>Trinitas.</strong></span> 
     </span>
    </p>
   </div>
   <div class='ocr_carea' id='block_1_64' title="bbox 171 3260 1782 3345">
    <p class='ocr_par' dir='ltr' id='par_1_64' title="bbox 171 3260 1782 3345">
     <span class='ocr_line' id='line_1_64' title="bbox 171 3260 1782 3345; baseline 0.014 -35"><span class='ocrx_word' id='word_1_535' title='bbox 171 3265 328 3314; x_wconf 86' lang='lat' dir='ltr'><strong>creto</strong></span> <span class='ocrx_word' id='word_1_536' title='bbox 362 3266 524 3329; x_wconf 91' lang='lat' dir='ltr'><strong>atque</strong></span> <span class='ocrx_word' id='word_1_537' title='bbox 551 3260 602 3314; x_wconf 92' lang='lat' dir='ltr'><strong>in</strong></span> <span class='ocrx_word' id='word_1_538' title='bbox 642 3262 855 3319; x_wconf 92' lang='lat' dir='ltr'><strong>occulto</strong></span> <span class='ocrx_word' id='word_1_539' title='bbox 878 3265 1045 3322; x_wconf 83' lang='lat' dir='ltr'><strong>forma</strong></span> <span class='ocrx_word' id='word_1_540' title='bbox 1086 3270 1226 3324; x_wconf 90' lang='lat' dir='ltr'><strong>Deus</strong></span> <span class='ocrx_word' id='word_1_541' title='bbox 1265 3286 1322 3324; x_wconf 81' lang='lat' dir='ltr'><strong>es</strong></span> <span class='ocrx_word' id='word_1_542' title='bbox 1349 3291 1361 3326; x_wconf 92' lang='lat'>:</span> <span class='ocrx_word' id='word_1_543' title='bbox 1386 3284 1591 3329; x_wconf 89' lang='lat' dir='ltr'><strong>secreta</strong></span> <span class='ocrx_word' id='word_1_544' title='bbox 1621 3287 1782 3345; x_wconf 87' lang='lat' dir='ltr'><strong>atque</strong></span> 
     </span>
    </p>
   </div>
   <div class='ocr_carea' id='block_1_65' title="bbox 170 3348 1780 3436">
    <p class='ocr_par' dir='ltr' id='par_1_65' title="bbox 170 3348 1780 3436">
     <span class='ocr_line' id='line_1_65' title="bbox 170 3348 1780 3436; baseline 0.012 -33"><span class='ocrx_word' id='word_1_545' title='bbox 170 3348 227 3404; x_wconf 90' lang='lat' dir='ltr'><strong>in</strong></span> <span class='ocrx_word' id='word_1_546' title='bbox 271 3350 484 3407; x_wconf 89' lang='lat' dir='ltr'><strong>occulto</strong></span> <span class='ocrx_word' id='word_1_547' title='bbox 526 3354 678 3409; x_wconf 91' lang='lat' dir='ltr'><strong>notio</strong></span> <span class='ocrx_word' id='word_1_548' title='bbox 719 3356 859 3411; x_wconf 87' lang='lat' dir='ltr'><strong>Deus</strong></span> <span class='ocrx_word' id='word_1_549' title='bbox 905 3369 1033 3415; x_wconf 83' lang='lat' dir='ltr'><strong>est:</strong></span> <span class='ocrx_word' id='word_1_550' title='bbox 1066 3360 1200 3417; x_wconf 90' lang='lat' dir='ltr'><strong>llinc</strong></span> <span class='ocrx_word' id='word_1_551' title='bbox 1228 3363 1306 3436; x_wconf 85' lang='lat' dir='ltr'><strong>(l)</strong></span> <span class='ocrx_word' id='word_1_552' title='bbox 1343 3380 1439 3434; x_wconf 89' lang='lat' dir='ltr'><strong>pro</strong></span> <span class='ocrx_word' id='word_1_553' title='bbox 1476 3363 1529 3421; x_wconf 77' lang='grc' dir='ltr'><strong>ὃν</strong></span> <span class='ocrx_word' id='word_1_554' title='bbox 1557 3368 1780 3423; x_wconf 65' lang='lat' dir='ltr'><strong>istorum</strong></span> 
     </span>
    </p>
   </div>
   <div class='ocr_carea' id='block_1_66' title="bbox 170 3436 1280 3507">
    <p class='ocr_par' dir='ltr' id='par_1_66' title="bbox 170 3436 1280 3507">
     <span class='ocr_line' id='line_1_66' title="bbox 170 3436 1280 3507; baseline 0.01 -12"><span class='ocrx_word' id='word_1_555' title='bbox 170 3447 271 3495; x_wconf 82' lang='grc' dir='ltr'><strong>τῶν</strong></span> <span class='ocrx_word' id='word_1_556' title='bbox 294 3436 449 3497; x_wconf 75' lang='grc' dir='ltr'><strong>ὄντων</strong></span> <span class='ocrx_word' id='word_1_557' title='bbox 478 3443 616 3499; x_wconf 86' lang='lat' dir='ltr'><strong>Deus</strong></span> <span class='ocrx_word' id='word_1_558' title='bbox 644 3460 702 3500; x_wconf 90' lang='lat' dir='ltr'><strong>es</strong></span> <span class='ocrx_word' id='word_1_559' title='bbox 731 3463 743 3499; x_wconf 92' lang='lat'>:</span> <span class='ocrx_word' id='word_1_560' title='bbox 777 3462 811 3501; x_wconf 90' lang='grc' dir='ltr'>ο</span> <span class='ocrx_word' id='word_1_561' title='bbox 838 3448 988 3503; x_wconf 84' lang='lat' dir='ltr'><strong>beata</strong></span> <span class='ocrx_word' id='word_1_562' title='bbox 1021 3450 1280 3507; x_wconf 83' lang='lat' dir='ltr'><strong>Trinitas.</strong></span> 
     </span>
    </p>
   </div>
   <div class='ocr_carea' id='block_1_67' title="bbox 245 3535 1782 3626">
    <p class='ocr_par' dir='ltr' id='par_1_67' title="bbox 245 3535 1782 3626">
     <span class='ocr_line' id='line_1_67' title="bbox 245 3535 1782 3626; baseline 0.012 -36"><span class='ocrx_word' id='word_1_563' title='bbox 245 3535 463 3593; x_wconf 88' lang='lat' dir='ltr'><strong>Publica</strong></span> <span class='ocrx_word' id='word_1_564' title='bbox 507 3538 620 3609; x_wconf 84' lang='lat' dir='ltr'><strong>jam</strong></span> <span class='ocrx_word' id='word_1_565' title='bbox 663 3555 1037 3614; x_wconf 74' lang='lat' dir='ltr'><strong>apparcnSque</strong></span> <span class='ocrx_word' id='word_1_566' title='bbox 1084 3545 1382 3603; x_wconf 87' lang='lat' dir='ltr'><strong>substantia</strong></span> <span class='ocrx_word' id='word_1_567' title='bbox 1424 3551 1568 3626; x_wconf 74' lang='grc' dir='ltr'><strong>λόγος</strong></span> <span class='ocrx_word' id='word_1_568' title='bbox 1601 3567 1660 3607; x_wconf 87' lang='lat' dir='ltr'><strong>es</strong></span> <span class='ocrx_word' id='word_1_569' title='bbox 1685 3571 1697 3606; x_wconf 90' lang='lat'><strong>:</strong></span> <span class='ocrx_word' id='word_1_570' title='bbox 1727 3563 1782 3609; x_wconf 91' lang='lat' dir='ltr'><strong>et</strong></span> 
     </span>
    </p>
   </div>
   <div class='ocr_carea' id='block_1_68' title="bbox 167 3628 1781 3715">
    <p class='ocr_par' dir='ltr' id='par_1_68' title="bbox 167 3628 1781 3715">
     <span class='ocr_line' id='line_1_68' title="bbox 167 3628 1781 3715; baseline 0.013 -35"><span class='ocrx_word' id='word_1_571' title='bbox 167 3628 295 3698; x_wconf 85' lang='lat' dir='ltr'><strong>quia</strong></span> <span class='ocrx_word' id='word_1_572' title='bbox 333 3629 544 3699; x_wconf 85' lang='lat' dir='ltr'><strong>publica</strong></span> <span class='ocrx_word' id='word_1_573' title='bbox 587 3642 642 3687; x_wconf 90' lang='lat' dir='ltr'><strong>et</strong></span> <span class='ocrx_word' id='word_1_574' title='bbox 670 3648 981 3705; x_wconf 90' lang='lat' dir='ltr'><strong>apparens,</strong></span> <span class='ocrx_word' id='word_1_575' title='bbox 1013 3636 1182 3693; x_wconf 77' lang='lat' dir='ltr'><strong>forma</strong></span> <span class='ocrx_word' id='word_1_576' title='bbox 1224 3652 1402 3697; x_wconf 87' lang='lat' dir='ltr'><strong>autem</strong></span> <span class='ocrx_word' id='word_1_577' title='bbox 1444 3647 1568 3715; x_wconf 90' lang='lat' dir='ltr'><strong>quia</strong></span> <span class='ocrx_word' id='word_1_578' title='bbox 1608 3646 1781 3701; x_wconf 87' lang='lat' dir='ltr'><strong>Patris</strong></span> 
     </span>
    </p>
   </div>
   <div class='ocr_carea' id='block_1_69' title="bbox 168 3718 1780 3808">
    <p class='ocr_par' dir='ltr' id='par_1_69' title="bbox 168 3718 1780 3808">
     <span class='ocr_line' id='line_1_69' title="bbox 168 3718 1780 3808; baseline 0.012 -34"><span class='ocrx_word' id='word_1_579' title='bbox 168 3718 345 3774; x_wconf 78' lang='lat' dir='ltr'><strong>forma</strong></span> <span class='ocrx_word' id='word_1_580' title='bbox 372 3737 432 3775; x_wconf 88' lang='lat' dir='ltr'><strong>es</strong></span> <span class='ocrx_word' id='word_1_581' title='bbox 455 3762 472 3788; x_wconf 91' lang='lat'><strong>,</strong></span> <span class='ocrx_word' id='word_1_582' title='bbox 505 3722 631 3778; x_wconf 86' lang='lat' dir='ltr'><strong>hinc</strong></span> <span class='ocrx_word' id='word_1_583' title='bbox 671 3726 765 3780; x_wconf 90' lang='lat' dir='ltr'><strong>tibi</strong></span> <span class='ocrx_word' id='word_1_584' title='bbox 802 3730 1097 3785; x_wconf 84' lang='lat' dir='ltr'><strong>substantia</strong></span> <span class='ocrx_word' id='word_1_585' title='bbox 1129 3747 1211 3787; x_wconf 92' lang='lat' dir='ltr'><strong>es.</strong></span> <span class='ocrx_word' id='word_1_586' title='bbox 1244 3732 1389 3804; x_wconf 87' lang='lat' dir='ltr'><strong>Ergo</strong></span> <span class='ocrx_word' id='word_1_587' title='bbox 1427 3734 1482 3790; x_wconf 90' lang='lat' dir='ltr'><strong>in</strong></span> <span class='ocrx_word' id='word_1_588' title='bbox 1527 3747 1579 3793; x_wconf 89' lang='lat' dir='ltr'><strong>te</strong></span> <span class='ocrx_word' id='word_1_589' title='bbox 1625 3748 1780 3808; x_wconf 89' lang='lat' dir='ltr'><strong>pater</strong></span> 
     </span>
    </p>
   </div>
   <div class='ocr_carea' id='block_1_70' title="bbox 166 3814 1781 3886">
    <p class='ocr_par' dir='ltr' id='par_1_70' title="bbox 166 3814 1781 3886">
     <span class='ocr_line' id='line_1_70' title="bbox 166 3814 1781 3886; baseline 0.01 -16"><span class='ocrx_word' id='word_1_590' title='bbox 166 3822 276 3881; x_wconf 86' lang='lat' dir='ltr'><strong>est,</strong></span> <span class='ocrx_word' id='word_1_591' title='bbox 306 3814 430 3884; x_wconf 89' lang='lat' dir='ltr'><strong>quia</strong></span> <span class='ocrx_word' id='word_1_592' title='bbox 457 3824 607 3885; x_wconf 87' lang='lat' dir='ltr'><strong>pater</strong></span> <span class='ocrx_word' id='word_1_593' title='bbox 637 3818 934 3875; x_wconf 88' lang='lat' dir='ltr'><strong>substantia</strong></span> <span class='ocrx_word' id='word_1_594' title='bbox 963 3832 1064 3876; x_wconf 94' lang='lat' dir='ltr'><strong>cst.</strong></span> <span class='ocrx_word' id='word_1_595' title='bbox 1099 3823 1298 3881; x_wconf 87' lang='lat' dir='ltr'><strong>Eadem</strong></span> <span class='ocrx_word' id='word_1_596' title='bbox 1325 3839 1504 3883; x_wconf 89' lang='lat' dir='ltr'><strong>autem</strong></span> <span class='ocrx_word' id='word_1_597' title='bbox 1529 3833 1781 3886; x_wconf 83' lang='lat' dir='ltr'><strong>subSIan-</strong></span> 
     </span>
    </p>
   </div>
   <div class='ocr_carea' id='block_1_71' title="bbox 169 3907 1779 3996">
    <p class='ocr_par' dir='ltr' id='par_1_71' title="bbox 169 3907 1779 3996">
     <span class='ocr_line' id='line_1_71' title="bbox 169 3907 1779 3996; baseline 0.01 -36"><span class='ocrx_word' id='word_1_598' title='bbox 169 3907 270 3974; x_wconf 86' lang='lat' dir='ltr'><strong>lia,</strong></span> <span class='ocrx_word' id='word_1_599' title='bbox 293 3922 468 3978; x_wconf 88' lang='lat' dir='ltr'><strong>neque</strong></span> <span class='ocrx_word' id='word_1_600' title='bbox 493 3909 637 3962; x_wconf 89' lang='lat' dir='ltr'><strong>enim</strong></span> <span class='ocrx_word' id='word_1_601' title='bbox 664 3911 766 3965; x_wconf 85' lang='lat' dir='ltr'><strong>alia</strong></span> <span class='ocrx_word' id='word_1_602' title='bbox 797 3913 901 3967; x_wconf 88' lang='lat' dir='ltr'><strong>ulla</strong></span> <span class='ocrx_word' id='word_1_603' title='bbox 931 3915 1252 3971; x_wconf 89' lang='lat' dir='ltr'><strong>substantia.</strong></span> <span class='ocrx_word' id='word_1_604' title='bbox 1284 3918 1338 3975; x_wconf 83' lang='lat' dir='ltr'><strong>Si</strong></span> <span class='ocrx_word' id='word_1_605' title='bbox 1365 3936 1493 3991; x_wconf 89' lang='lat' dir='ltr'><strong>ergo</strong></span> <span class='ocrx_word' id='word_1_606' title='bbox 1515 3922 1592 3996; x_wconf 60' lang='lat'><strong>16;</strong></span> <span class='ocrx_word' id='word_1_607' title='bbox 1607 3944 1661 3983; x_wconf 81' lang='grc' dir='ltr'><strong>ος</strong></span> <span class='ocrx_word' id='word_1_608' title='bbox 1680 3939 1779 3993; x_wconf 84' lang='lat' dir='ltr'><strong>ap-</strong></span> 
     </span>
    </p>
   </div>
   <div class='ocr_carea' id='block_1_72' title="bbox 167 4000 1781 4085">
    <p class='ocr_par' dir='ltr' id='par_1_72' title="bbox 167 4000 1781 4085">
     <span class='ocr_line' id='line_1_72' title="bbox 167 4000 1781 4085; baseline 0.011 -32"><span class='ocrx_word' id='word_1_609' title='bbox 167 4014 370 4072; x_wconf 84' lang='lat' dir='ltr'><strong>parens</strong></span> <span class='ocrx_word' id='word_1_610' title='bbox 392 4000 565 4056; x_wconf 82' lang='lat' dir='ltr'><strong>l&#39;orma</strong></span> <span class='ocrx_word' id='word_1_611' title='bbox 594 4013 700 4068; x_wconf 89' lang='lat' dir='ltr'><strong>est,</strong></span> <span class='ocrx_word' id='word_1_612' title='bbox 726 4004 895 4059; x_wconf 79' lang='lat' dir='ltr'><strong>forma</strong></span> <span class='ocrx_word' id='word_1_613' title='bbox 924 4007 1327 4081; x_wconf 83' lang='lat' dir='ltr'><strong>substantiaque</strong></span> <span class='ocrx_word' id='word_1_614' title='bbox 1354 4014 1488 4083; x_wconf 87' lang='lat' dir='ltr'><strong>ipsa;</strong></span> <span class='ocrx_word' id='word_1_615' title='bbox 1513 4022 1781 4085; x_wconf 86' lang='lat' dir='ltr'><strong>apparens</strong></span> 
     </span>
    </p>
   </div>
   <div class='ocr_carea' id='block_1_73' title="bbox 167 4091 1778 4169">
    <p class='ocr_par' dir='ltr' id='par_1_73' title="bbox 167 4091 1778 4169">
     <span class='ocr_line' id='line_1_73' title="bbox 167 4091 1778 4169; baseline 0.011 -23"><span class='ocrx_word' id='word_1_616' title='bbox 167 4103 351 4147; x_wconf 87' lang='lat' dir='ltr'><strong>autem</strong></span> <span class='ocrx_word' id='word_1_617' title='bbox 383 4091 553 4148; x_wconf 69' lang='lat' dir='ltr'><strong>{artua</strong></span> <span class='ocrx_word' id='word_1_618' title='bbox 586 4109 959 4169; x_wconf 88' lang='lat' dir='ltr'><strong>appareusque</strong></span> <span class='ocrx_word' id='word_1_619' title='bbox 985 4102 1283 4159; x_wconf 86' lang='lat' dir='ltr'><strong>substantia</strong></span> <span class='ocrx_word' id='word_1_620' title='bbox 1311 4107 1458 4160; x_wconf 85' lang='lat' dir='ltr'><strong>notio</strong></span> <span class='ocrx_word' id='word_1_621' title='bbox 1492 4116 1610 4161; x_wconf 86' lang='lat' dir='ltr'><strong>est:</strong></span> <span class='ocrx_word' id='word_1_622' title='bbox 1636 4108 1778 4163; x_wconf 89' lang='lat' dir='ltr'><strong>idem</strong></span> 
     </span>
    </p>
   </div>
   <div class='ocr_carea' id='block_1_74' title="bbox 166 4184 1778 4261">
    <p class='ocr_par' dir='ltr' id='par_1_74' title="bbox 166 4184 1778 4261">
     <span class='ocr_line' id='line_1_74' title="bbox 166 4184 1778 4261; baseline 0.011 -22"><span class='ocrx_word' id='word_1_623' title='bbox 166 4193 228 4239; x_wconf 88' lang='lat' dir='ltr'><strong>tu</strong></span> <span class='ocrx_word' id='word_1_624' title='bbox 270 4184 457 4259; x_wconf 73' lang='grc' dir='ltr'><strong>λόγος,</strong></span> <span class='ocrx_word' id='word_1_625' title='bbox 501 4193 554 4240; x_wconf 89' lang='lat' dir='ltr'><strong>et</strong></span> <span class='ocrx_word' id='word_1_626' title='bbox 593 4186 731 4243; x_wconf 89' lang='lat' dir='ltr'><strong>Deus</strong></span> <span class='ocrx_word' id='word_1_627' title='bbox 757 4229 771 4255; x_wconf 93' lang='lat'><strong>,</strong></span> <span class='ocrx_word' id='word_1_628' title='bbox 819 4198 873 4244; x_wconf 87' lang='lat' dir='ltr'><strong>et</strong></span> <span class='ocrx_word' id='word_1_629' title='bbox 911 4191 1147 4261; x_wconf 61' lang='lat' dir='ltr'><strong>Spiritus</strong></span> <span class='ocrx_word' id='word_1_630' title='bbox 1185 4207 1402 4252; x_wconf 88' lang='lat' dir='ltr'><strong>sanctus</strong></span> <span class='ocrx_word' id='word_1_631' title='bbox 1436 4215 1494 4254; x_wconf 85' lang='lat' dir='ltr'><strong>es</strong></span> <span class='ocrx_word' id='word_1_632' title='bbox 1522 4217 1534 4253; x_wconf 92' lang='lat'>:</span> <span class='ocrx_word' id='word_1_633' title='bbox 1562 4218 1595 4256; x_wconf 94' lang='grc' dir='ltr'><strong>ο</strong></span> <span class='ocrx_word' id='word_1_634' title='bbox 1624 4201 1778 4256; x_wconf 89' lang='lat' dir='ltr'><strong>beata</strong></span> 
     </span>
    </p>
   </div>
   <div class='ocr_carea' id='block_1_75' title="bbox 169 4278 1206 4336">
    <p class='ocr_par' dir='ltr' id='par_1_75' title="bbox 169 4278 1206 4336">
     <span class='ocr_line' id='line_1_75' title="bbox 169 4278 1206 4336; baseline 0.01 -1"><span class='ocrx_word' id='word_1_635' title='bbox 169 4278 434 4336; x_wconf 78' lang='lat' dir='ltr'><strong>Trinitas.</strong></span> <span class='ocrx_word' id='word_1_636' title='bbox 1200 4291 1206 4297; x_wconf 76' lang='grc'><em>’</em></span> 
     </span>
    </p>
   </div>
   <div class='ocr_carea' id='block_1_76' title="bbox 242 4371 1776 4457">
    <p class='ocr_par' dir='ltr' id='par_1_76' title="bbox 242 4371 1776 4457">
     <span class='ocr_line' id='line_1_76' title="bbox 242 4371 1776 4457; baseline 0.01 -29"><span class='ocrx_word' id='word_1_637' title='bbox 242 4371 431 4428; x_wconf 89' lang='lat' dir='ltr'><strong>Omnis</strong></span> <span class='ocrx_word' id='word_1_638' title='bbox 461 4374 611 4429; x_wconf 91' lang='lat' dir='ltr'><strong>notio</strong></span> <span class='ocrx_word' id='word_1_639' title='bbox 637 4380 1019 4446; x_wconf 88' lang='lat' dir='ltr'><strong>cognoscentia</strong></span> <span class='ocrx_word' id='word_1_640' title='bbox 1051 4391 1132 4437; x_wconf 89' lang='lat' dir='ltr'><strong>est</strong></span> <span class='ocrx_word' id='word_1_641' title='bbox 1152 4423 1168 4448; x_wconf 92' lang='lat'><strong>,</strong></span> <span class='ocrx_word' id='word_1_642' title='bbox 1193 4384 1369 4440; x_wconf 90' lang='lat' dir='ltr'><strong>omnis</strong></span> <span class='ocrx_word' id='word_1_643' title='bbox 1395 4389 1776 4457; x_wconf 86' lang='lat' dir='ltr'><strong>cognoscentia</strong></span> 
     </span>
    </p>
   </div>
   <div class='ocr_carea' id='block_1_77' title="bbox 170 4467 1777 4546">
    <p class='ocr_par' dir='ltr' id='par_1_77' title="bbox 170 4467 1777 4546">
     <span class='ocr_line' id='line_1_77' title="bbox 170 4467 1777 4546; baseline 0.009 -24"><span class='ocrx_word' id='word_1_644' title='bbox 170 4467 469 4523; x_wconf 89' lang='lat' dir='ltr'><strong>substantia</strong></span> <span class='ocrx_word' id='word_1_645' title='bbox 515 4479 636 4534; x_wconf 89' lang='lat' dir='ltr'><strong>est,</strong></span> <span class='ocrx_word' id='word_1_646' title='bbox 679 4473 1167 4545; x_wconf 80' lang='lat' dir='ltr'><strong>cognoscentiaque</strong></span> <span class='ocrx_word' id='word_1_647' title='bbox 1212 4477 1322 4546; x_wconf 89' lang='lat' dir='ltr'><strong>ipsa</strong></span> <span class='ocrx_word' id='word_1_648' title='bbox 1353 4475 1526 4534; x_wconf 79' lang='lat' dir='ltr'><strong>forma</strong></span> <span class='ocrx_word' id='word_1_649' title='bbox 1568 4491 1651 4535; x_wconf 89' lang='lat' dir='ltr'><strong>est</strong></span> <span class='ocrx_word' id='word_1_650' title='bbox 1676 4499 1688 4535; x_wconf 88' lang='lat'><strong>:</strong></span> <span class='ocrx_word' id='word_1_651' title='bbox 1718 4497 1777 4538; x_wconf 87' lang='lat' dir='ltr'><strong>es</strong></span> 
     </span>
    </p>
   </div>
   <div class='ocr_carea' id='block_1_78' title="bbox 1959 3269 3496 3343">
    <p class='ocr_par' dir='ltr' id='par_1_78' title="bbox 1959 3269 3496 3343">
     <span class='ocr_line' id='line_1_78' title="bbox 1959 3269 3496 3343; baseline 0.002 -18"><span class='ocrx_word' id='word_1_652' title='bbox 1959 3269 2189 3341; x_wconf 88' lang='lat' dir='ltr'><strong>Semper</strong></span> <span class='ocrx_word' id='word_1_653' title='bbox 2219 3285 2338 3325; x_wconf 91' lang='lat' dir='ltr'><strong>cum</strong></span> <span class='ocrx_word' id='word_1_654' title='bbox 2372 3270 2485 3327; x_wconf 88' lang='lat' dir='ltr'><strong>Deo</strong></span> <span class='ocrx_word' id='word_1_655' title='bbox 2521 3272 2769 3327; x_wconf 85' lang='lat' dir='ltr'><strong>Christus</strong></span> <span class='ocrx_word' id='word_1_656' title='bbox 2799 3284 2884 3328; x_wconf 90' lang='lat' dir='ltr'><strong>est</strong></span> <span class='ocrx_word' id='word_1_657' title='bbox 2909 3273 3059 3343; x_wconf 88' lang='lat' dir='ltr'><strong>juxta</strong></span> <span class='ocrx_word' id='word_1_658' title='bbox 3097 3272 3496 3328; x_wconf 85' lang='lat' dir='ltr'><strong>substantiam:</strong></span> 
     </span>
    </p>
   </div>
   <div class='ocr_carea' id='block_1_79' title="bbox 1885 3361 3496 3435">
    <p class='ocr_par' dir='ltr' id='par_1_79' title="bbox 1885 3361 3496 3435">
     <span class='ocr_line' id='line_1_79' title="bbox 1885 3361 3496 3435; baseline 0.001 -18"><span class='ocrx_word' id='word_1_659' title='bbox 1885 3361 2098 3417; x_wconf 83' lang='lat' dir='ltr'><strong>Etenim</strong></span> <span class='ocrx_word' id='word_1_660' title='bbox 2126 3363 2234 3418; x_wconf 82' lang='lat' dir='ltr'><strong>vita</strong></span> <span class='ocrx_word' id='word_1_661' title='bbox 2265 3378 2482 3435; x_wconf 90' lang='lat' dir='ltr'><strong>semper</strong></span> <span class='ocrx_word' id='word_1_662' title='bbox 2510 3375 2611 3419; x_wconf 59' lang='lat' dir='ltr'><strong>est.</strong></span> <span class='ocrx_word' id='word_1_663' title='bbox 2654 3368 2721 3420; x_wconf 82' lang='lat' dir='ltr'><strong>At</strong></span> <span class='ocrx_word' id='word_1_664' title='bbox 2751 3368 3004 3435; x_wconf 85' lang='lat' dir='ltr'><strong>quoniam</strong></span> <span class='ocrx_word' id='word_1_665' title='bbox 3037 3365 3143 3419; x_wconf 86' lang='lat' dir='ltr'><strong>vita</strong></span> <span class='ocrx_word' id='word_1_666' title='bbox 3172 3408 3186 3431; x_wconf 91' lang='lat'><strong>,</strong></span> <span class='ocrx_word' id='word_1_667' title='bbox 3217 3365 3359 3420; x_wconf 90' lang='lat' dir='ltr'><strong>actio</strong></span> <span class='ocrx_word' id='word_1_668' title='bbox 3396 3381 3496 3419; x_wconf 88' lang='lat' dir='ltr'><strong>an-</strong></span> 
     </span>
    </p>
   </div>
   <div class='ocr_carea' id='block_1_80' title="bbox 1886 3448 3494 3527">
    <p class='ocr_par' dir='ltr' id='par_1_80' title="bbox 1886 3448 3494 3527">
     <span class='ocr_line' id='line_1_80' title="bbox 1886 3448 3494 3527; baseline 0.002 -18"><span class='ocrx_word' id='word_1_669' title='bbox 1886 3463 1993 3510; x_wconf 89' lang='lat' dir='ltr'><strong>tem</strong></span> <span class='ocrx_word' id='word_1_670' title='bbox 2029 3465 2083 3508; x_wconf 94' lang='lat' dir='ltr'><strong>ut</strong></span> <span class='ocrx_word' id='word_1_671' title='bbox 2122 3467 2243 3525; x_wconf 83' lang='lat' dir='ltr'><strong>agat</strong></span> <span class='ocrx_word' id='word_1_672' title='bbox 2286 3456 2512 3527; x_wconf 89' lang='lat' dir='ltr'><strong>incipit,</strong></span> <span class='ocrx_word' id='word_1_673' title='bbox 2548 3448 2650 3512; x_wconf 85' lang='lat' dir='ltr'><strong>hoc</strong></span> <span class='ocrx_word' id='word_1_674' title='bbox 2678 3467 2760 3513; x_wconf 88' lang='lat' dir='ltr'><strong>est</strong></span> <span class='ocrx_word' id='word_1_675' title='bbox 2798 3456 3046 3512; x_wconf 89' lang='lat' dir='ltr'><strong>Christus</strong></span> <span class='ocrx_word' id='word_1_676' title='bbox 3077 3470 3233 3511; x_wconf 91' lang='lat' dir='ltr'><strong>natus</strong></span> <span class='ocrx_word' id='word_1_677' title='bbox 3272 3466 3352 3511; x_wconf 91' lang='lat' dir='ltr'><strong>est</strong></span> <span class='ocrx_word' id='word_1_678' title='bbox 3382 3474 3395 3511; x_wconf 88' lang='lat'><strong>:</strong></span> <span class='ocrx_word' id='word_1_679' title='bbox 3428 3471 3494 3512; x_wconf 82' lang='lat' dir='ltr'><strong>ex</strong></span> 
     </span>
    </p>
   </div>
   <div class='ocr_carea' id='block_1_81' title="bbox 1885 3550 3498 3624">
    <p class='ocr_par' dir='ltr' id='par_1_81' title="bbox 1885 3550 3498 3624">
     <span class='ocr_line' id='line_1_81' title="bbox 1885 3550 3498 3624; baseline 0.003 -22"><span class='ocrx_word' id='word_1_680' title='bbox 1885 3556 2089 3603; x_wconf 68' lang='lat' dir='ltr'><strong>mtcrno</strong></span> <span class='ocrx_word' id='word_1_681' title='bbox 2119 3558 2298 3604; x_wconf 87' lang='lat' dir='ltr'><strong>autem</strong></span> <span class='ocrx_word' id='word_1_682' title='bbox 2326 3551 2463 3607; x_wconf 86' lang='lat' dir='ltr'><strong>Deus</strong></span> <span class='ocrx_word' id='word_1_683' title='bbox 2490 3563 2544 3606; x_wconf 88' lang='lat' dir='ltr'><strong>et</strong></span> <span class='ocrx_word' id='word_1_684' title='bbox 2565 3550 2816 3607; x_wconf 83' lang='lat' dir='ltr'><strong>Christus</strong></span> <span class='ocrx_word' id='word_1_685' title='bbox 2840 3553 2984 3624; x_wconf 85' lang='lat' dir='ltr'><strong>agit:</strong></span> <span class='ocrx_word' id='word_1_686' title='bbox 3016 3569 3080 3607; x_wconf 87' lang='lat' dir='ltr'><strong>ex</strong></span> <span class='ocrx_word' id='word_1_687' title='bbox 3110 3561 3316 3605; x_wconf 59' lang='lat' dir='ltr'><strong>aeterno</strong></span> <span class='ocrx_word' id='word_1_688' title='bbox 3338 3552 3498 3622; x_wconf 83' lang='lat' dir='ltr'><strong>igitur</strong></span> 
     </span>
    </p>
   </div>
   <div class='ocr_carea' id='block_1_82' title="bbox 1889 3640 3186 3700">
    <p class='ocr_par' dir='ltr' id='par_1_82' title="bbox 1889 3640 3186 3700">
     <span class='ocr_line' id='line_1_82' title="bbox 1889 3640 3186 3700; baseline 0.003 -7"><span class='ocrx_word' id='word_1_689' title='bbox 1889 3640 2029 3694; x_wconf 85' lang='lat' dir='ltr'><strong>Deus</strong></span> <span class='ocrx_word' id='word_1_690' title='bbox 2053 3640 2302 3695; x_wconf 87' lang='lat' dir='ltr'><strong>Christus</strong></span> <span class='ocrx_word' id='word_1_691' title='bbox 2335 3652 2492 3696; x_wconf 87' lang='lat' dir='ltr'><strong>natus</strong></span> <span class='ocrx_word' id='word_1_692' title='bbox 2522 3653 2604 3697; x_wconf 65' lang='lat' dir='ltr'><strong>est</strong></span> <span class='ocrx_word' id='word_1_693' title='bbox 2634 3661 2646 3696; x_wconf 93' lang='lat'>:</span> <span class='ocrx_word' id='word_1_694' title='bbox 2693 3661 2724 3697; x_wconf 79' lang='grc' dir='ltr'><strong>ι)</strong></span> <span class='ocrx_word' id='word_1_695' title='bbox 2747 3645 2899 3699; x_wconf 87' lang='lat' dir='ltr'><strong>beata</strong></span> <span class='ocrx_word' id='word_1_696' title='bbox 2933 3644 3186 3700; x_wconf 88' lang='lat' dir='ltr'><strong>Trinitas.</strong></span> 
     </span>
    </p>
   </div>
   <div class='ocr_carea' id='block_1_83' title="bbox 1953 3732 3494 3807">
    <p class='ocr_par' dir='ltr' id='par_1_83' title="bbox 1953 3732 3494 3807">
     <span class='ocr_line' id='line_1_83' title="bbox 1953 3732 3494 3807; baseline 0.002 -20"><span class='ocrx_word' id='word_1_697' title='bbox 1953 3732 2012 3787; x_wconf 85' lang='lat' dir='ltr'><strong>In</strong></span> <span class='ocrx_word' id='word_1_698' title='bbox 2053 3733 2222 3787; x_wconf 70' lang='lat' dir='ltr'><strong>cmlos</strong></span> <span class='ocrx_word' id='word_1_699' title='bbox 2261 3733 2352 3803; x_wconf 88' lang='lat' dir='ltr'><strong>qui</strong></span> <span class='ocrx_word' id='word_1_700' title='bbox 2398 3735 2643 3788; x_wconf 86' lang='lat' dir='ltr'><strong>ascendit</strong></span> <span class='ocrx_word' id='word_1_701' title='bbox 2682 3735 2929 3789; x_wconf 55' lang='lat' dir='ltr'><strong>Christus</strong></span> <span class='ocrx_word' id='word_1_702' title='bbox 2966 3747 3085 3791; x_wconf 87' lang='lat' dir='ltr'><strong>est:</strong></span> <span class='ocrx_word' id='word_1_703' title='bbox 3118 3737 3185 3792; x_wconf 86' lang='lat' dir='ltr'><strong>de</strong></span> <span class='ocrx_word' id='word_1_704' title='bbox 3215 3737 3368 3792; x_wconf 60' lang='lat' dir='ltr'><strong>caelis</strong></span> <span class='ocrx_word' id='word_1_705' title='bbox 3406 3743 3494 3807; x_wconf 83' lang='lat' dir='ltr'><strong>qui</strong></span> 
     </span>
    </p>
   </div>
   <div class='ocr_carea' id='block_1_84' title="bbox 1882 3819 3497 3899">
    <p class='ocr_par' dir='ltr' id='par_1_84' title="bbox 1882 3819 3497 3899">
     <span class='ocr_line' id='line_1_84' title="bbox 1882 3819 3497 3899; baseline 0.006 -24"><span class='ocrx_word' id='word_1_706' title='bbox 1882 3819 2160 3876; x_wconf 85' lang='lat' dir='ltr'><strong>descendit</strong></span> <span class='ocrx_word' id='word_1_707' title='bbox 2205 3821 2346 3877; x_wconf 83' lang='lat' dir='ltr'><strong>idem</strong></span> <span class='ocrx_word' id='word_1_708' title='bbox 2378 3832 2480 3877; x_wconf 86' lang='lat' dir='ltr'><strong>est.</strong></span> <span class='ocrx_word' id='word_1_709' title='bbox 2516 3825 2631 3878; x_wconf 82' lang='lat' dir='ltr'><strong>Non</strong></span> <span class='ocrx_word' id='word_1_710' title='bbox 2662 3840 2790 3896; x_wconf 83' lang='lat' dir='ltr'><strong>ergo</strong></span> <span class='ocrx_word' id='word_1_711' title='bbox 2816 3826 2884 3880; x_wconf 89' lang='lat' dir='ltr'><strong>ab</strong></span> <span class='ocrx_word' id='word_1_712' title='bbox 2917 3827 3164 3895; x_wconf 84' lang='lat' dir='ltr'><strong>homine,</strong></span> <span class='ocrx_word' id='word_1_713' title='bbox 3195 3828 3290 3883; x_wconf 89' lang='lat' dir='ltr'><strong>sed</strong></span> <span class='ocrx_word' id='word_1_714' title='bbox 3328 3843 3497 3899; x_wconf 85' lang='lat' dir='ltr'><strong>usque</strong></span> 
     </span>
    </p>
   </div>
   <div class='ocr_carea' id='block_1_85' title="bbox 1883 3912 3210 3975">
    <p class='ocr_par' dir='ltr' id='par_1_85' title="bbox 1883 3912 3210 3975">
     <span class='ocr_line' id='line_1_85' title="bbox 1883 3912 3210 3975; baseline 0.007 -10"><span class='ocrx_word' id='word_1_715' title='bbox 1883 3912 1949 3965; x_wconf 87' lang='lat' dir='ltr'><strong>ad</strong></span> <span class='ocrx_word' id='word_1_716' title='bbox 1979 3912 2252 3969; x_wconf 88' lang='lat' dir='ltr'><strong>hominem</strong></span> <span class='ocrx_word' id='word_1_717' title='bbox 2282 3915 2529 3969; x_wconf 84' lang='lat' dir='ltr'><strong>Christus</strong></span> <span class='ocrx_word' id='word_1_718' title='bbox 2558 3924 2645 3971; x_wconf 88' lang='lat' dir='ltr'><strong>est</strong></span> <span class='ocrx_word' id='word_1_719' title='bbox 2669 3935 2680 3970; x_wconf 92' lang='lat'><strong>:</strong></span> <span class='ocrx_word' id='word_1_720' title='bbox 2708 3933 2740 3972; x_wconf 92' lang='grc' dir='ltr'>ο</span> <span class='ocrx_word' id='word_1_721' title='bbox 2772 3919 2920 3972; x_wconf 86' lang='lat' dir='ltr'><strong>beata</strong></span> <span class='ocrx_word' id='word_1_722' title='bbox 2953 3919 3210 3975; x_wconf 89' lang='lat' dir='ltr'><strong>Trinitas.</strong></span> 
     </span>
    </p>
   </div>
   <div class='ocr_carea' id='block_1_86' title="bbox 1958 4004 3496 4080">
    <p class='ocr_par' dir='ltr' id='par_1_86' title="bbox 1958 4004 3496 4080">
     <span class='ocr_line' id='line_1_86' title="bbox 1958 4004 3496 4080; baseline 0.006 -22"><span class='ocrx_word' id='word_1_723' title='bbox 1958 4004 2055 4059; x_wconf 88' lang='lat' dir='ltr'><strong>llic</strong></span> <span class='ocrx_word' id='word_1_724' title='bbox 2090 4016 2174 4061; x_wconf 90' lang='lat' dir='ltr'><strong>est</strong></span> <span class='ocrx_word' id='word_1_725' title='bbox 2211 4007 2353 4061; x_wconf 88' lang='lat' dir='ltr'><strong>Deus</strong></span> <span class='ocrx_word' id='word_1_726' title='bbox 2382 4019 2597 4076; x_wconf 89' lang='lat' dir='ltr'><strong>noster,</strong></span> <span class='ocrx_word' id='word_1_727' title='bbox 2630 4010 2718 4065; x_wconf 87' lang='lat' dir='ltr'><strong>hic</strong></span> <span class='ocrx_word' id='word_1_728' title='bbox 2749 4022 2832 4066; x_wconf 90' lang='lat' dir='ltr'><strong>est</strong></span> <span class='ocrx_word' id='word_1_729' title='bbox 2864 4013 3003 4067; x_wconf 87' lang='lat' dir='ltr'><strong>Deus</strong></span> <span class='ocrx_word' id='word_1_730' title='bbox 3034 4029 3210 4080; x_wconf 87' lang='lat' dir='ltr'><strong>unus,</strong></span> <span class='ocrx_word' id='word_1_731' title='bbox 3240 4012 3328 4067; x_wconf 88' lang='lat' dir='ltr'><strong>hic</strong></span> <span class='ocrx_word' id='word_1_732' title='bbox 3358 4027 3496 4067; x_wconf 89' lang='lat' dir='ltr'><strong>unus</strong></span> 
     </span>
    </p>
   </div>
   <div class='ocr_carea' id='block_1_87' title="bbox 1885 4092 3367 4158">
    <p class='ocr_par' dir='ltr' id='par_1_87' title="bbox 1885 4092 3367 4158">
     <span class='ocr_line' id='line_1_87' title="bbox 1885 4092 3367 4158; baseline 0.004 -7"><span class='ocrx_word' id='word_1_733' title='bbox 1885 4103 1940 4151; x_wconf 84' lang='lat' dir='ltr'><strong>et</strong></span> <span class='ocrx_word' id='word_1_734' title='bbox 1969 4098 2121 4151; x_wconf 85' lang='lat' dir='ltr'><strong>solus</strong></span> <span class='ocrx_word' id='word_1_735' title='bbox 2154 4098 2294 4153; x_wconf 87' lang='lat' dir='ltr'><strong>Deus</strong></span> <span class='ocrx_word' id='word_1_736' title='bbox 2324 4119 2337 4155; x_wconf 90' lang='lat'>:</span> <span class='ocrx_word' id='word_1_737' title='bbox 2364 4116 2396 4153; x_wconf 92' lang='grc' dir='ltr'>ο</span> <span class='ocrx_word' id='word_1_738' title='bbox 2428 4092 2580 4156; x_wconf 83' lang='lat' dir='ltr'><strong>beata</strong></span> <span class='ocrx_word' id='word_1_739' title='bbox 2610 4102 2870 4158; x_wconf 89' lang='lat' dir='ltr'><strong>Trinitas.</strong></span> <span class='ocrx_word' id='word_1_740' title='bbox 3360 4098 3367 4101; x_wconf 72' lang='grc'><strong>’</strong></span> 
     </span>
    </p>
   </div>
   <div class='ocr_carea' id='block_1_88' title="bbox 1956 4186 3494 4262">
    <p class='ocr_par' dir='ltr' id='par_1_88' title="bbox 1956 4186 3494 4262">
     <span class='ocr_line' id='line_1_88' title="bbox 1956 4186 3494 4262; baseline 0.008 -21"><span class='ocrx_word' id='word_1_741' title='bbox 1956 4186 2112 4243; x_wconf 89' lang='lat' dir='ltr'><strong>llunc</strong></span> <span class='ocrx_word' id='word_1_742' title='bbox 2138 4206 2360 4246; x_wconf 90' lang='lat' dir='ltr'><strong>oramus</strong></span> <span class='ocrx_word' id='word_1_743' title='bbox 2397 4194 2613 4259; x_wconf 86' lang='lat' dir='ltr'><strong>cuncti,</strong></span> <span class='ocrx_word' id='word_1_744' title='bbox 2646 4206 2699 4249; x_wconf 89' lang='lat' dir='ltr'><strong>et</strong></span> <span class='ocrx_word' id='word_1_745' title='bbox 2728 4209 2946 4249; x_wconf 88' lang='lat' dir='ltr'><strong>oramus</strong></span> <span class='ocrx_word' id='word_1_746' title='bbox 2965 4212 3128 4251; x_wconf 90' lang='lat' dir='ltr'><strong>unum</strong></span> <span class='ocrx_word' id='word_1_747' title='bbox 3151 4238 3165 4262; x_wconf 92' lang='lat'><strong>,</strong></span> <span class='ocrx_word' id='word_1_748' title='bbox 3194 4212 3358 4251; x_wconf 90' lang='lat' dir='ltr'><strong>unum</strong></span> <span class='ocrx_word' id='word_1_749' title='bbox 3389 4197 3494 4253; x_wconf 87' lang='lat' dir='ltr'><strong>Pa-</strong></span> 
     </span>
    </p>
   </div>
   <div class='ocr_carea' id='block_1_89' title="bbox 1806 4282 3498 4359">
    <p class='ocr_par' dir='ltr' id='par_1_89' title="bbox 1806 4282 3498 4359">
     <span class='ocr_line' id='line_1_89' title="bbox 1806 4282 3498 4359; baseline 0.009 -27"><span class='ocrx_word' id='word_1_750' title='bbox 1806 4292 1820 4307; x_wconf 60' lang='grc' dir='ltr'><strong>θ</strong></span> <span class='ocrx_word' id='word_1_751' title='bbox 1886 4287 2022 4335; x_wconf 88' lang='lat' dir='ltr'><strong>trem</strong></span> <span class='ocrx_word' id='word_1_752' title='bbox 2053 4291 2105 4336; x_wconf 86' lang='lat' dir='ltr'><strong>et</strong></span> <span class='ocrx_word' id='word_1_753' title='bbox 2140 4282 2337 4338; x_wconf 88' lang='lat' dir='ltr'><strong>Filium</strong></span> <span class='ocrx_word' id='word_1_754' title='bbox 2359 4326 2374 4353; x_wconf 90' lang='lat'><strong>,</strong></span> <span class='ocrx_word' id='word_1_755' title='bbox 2407 4298 2761 4359; x_wconf 88' lang='lat' dir='ltr'><strong>sanctumque</strong></span> <span class='ocrx_word' id='word_1_756' title='bbox 2786 4288 3045 4359; x_wconf 77' lang='lat' dir='ltr'><strong>Spiritum</strong></span> <span class='ocrx_word' id='word_1_757' title='bbox 3074 4308 3087 4344; x_wconf 91' lang='lat'><strong>:</strong></span> <span class='ocrx_word' id='word_1_758' title='bbox 3122 4306 3155 4345; x_wconf 88' lang='grc' dir='ltr'>ο</span> <span class='ocrx_word' id='word_1_759' title='bbox 3186 4290 3341 4347; x_wconf 86' lang='lat' dir='ltr'><strong>beata</strong></span> <span class='ocrx_word' id='word_1_760' title='bbox 3379 4292 3498 4348; x_wconf 88' lang='lat' dir='ltr'><strong>Tri-</strong></span> 
     </span>
    </p>
   </div>
   <div class='ocr_carea' id='block_1_90' title="bbox 1860 4373 3521 4427">
    <p class='ocr_par' dir='ltr' id='par_1_90' title="bbox 1860 4373 3521 4427">
     <span class='ocr_line' id='line_1_90' title="bbox 1860 4373 3521 4427; baseline 0.008 -1"><span class='ocrx_word' id='word_1_761' title='bbox 1860 4373 2046 4427; x_wconf 85' lang='lat' dir='ltr'><strong>nitas.</strong></span> <span class='ocrx_word' id='word_1_762' title='bbox 3519 4389 3521 4394; x_wconf 82' lang='grc'><em>’</em></span> 
     </span>
    </p>
   </div>
   <div class='ocr_carea' id='block_1_91' title="bbox 1960 4467 3493 4545">
    <p class='ocr_par' dir='ltr' id='par_1_91' title="bbox 1960 4467 3493 4545">
     <span class='ocr_line' id='line_1_91' title="bbox 1960 4467 3493 4545; baseline 0.007 -24"><span class='ocrx_word' id='word_1_763' title='bbox 1960 4467 2031 4521; x_wconf 87' lang='lat' dir='ltr'><strong>Da</strong></span> <span class='ocrx_word' id='word_1_764' title='bbox 2066 4469 2301 4537; x_wconf 90' lang='lat' dir='ltr'><strong>peccatis</strong></span> <span class='ocrx_word' id='word_1_765' title='bbox 2330 4472 2540 4526; x_wconf 88' lang='lat' dir='ltr'><strong>veniam</strong></span> <span class='ocrx_word' id='word_1_766' title='bbox 2561 4513 2576 4538; x_wconf 94' lang='lat'><strong>,</strong></span> <span class='ocrx_word' id='word_1_767' title='bbox 2608 4484 2801 4543; x_wconf 62' lang='lat' dir='ltr'><strong>praesta</strong></span> <span class='ocrx_word' id='word_1_768' title='bbox 2834 4487 3090 4531; x_wconf 73' lang='lat' dir='ltr'><strong>mtcrnam</strong></span> <span class='ocrx_word' id='word_1_769' title='bbox 3113 4477 3316 4545; x_wconf 87' lang='lat' dir='ltr'><strong>vitam,</strong></span> <span class='ocrx_word' id='word_1_770' title='bbox 3352 4477 3493 4532; x_wconf 88' lang='lat' dir='ltr'><strong>dona</strong></span> 
     </span>
    </p>
   </div>
   <div class='ocr_carea' id='block_1_92' title="bbox 168 4551 1809 4645">
    <p class='ocr_par' dir='ltr' id='par_1_92' title="bbox 168 4551 1809 4645">
     <span class='ocr_line' id='line_1_92' title="bbox 168 4551 1809 4645; baseline 0.009 -29"><span class='ocrx_word' id='word_1_771' title='bbox 168 4572 301 4631; x_wconf 85' lang='lat' dir='ltr'><strong>ergo</strong></span> <span class='ocrx_word' id='word_1_772' title='bbox 329 4561 561 4631; x_wconf 83' lang='lat' dir='ltr'><strong>Spiritus</strong></span> <span class='ocrx_word' id='word_1_773' title='bbox 595 4575 813 4619; x_wconf 82' lang='lat' dir='ltr'><strong>sanctus</strong></span> <span class='ocrx_word' id='word_1_774' title='bbox 854 4565 1123 4634; x_wconf 87' lang='lat' dir='ltr'><strong>publicata</strong></span> <span class='ocrx_word' id='word_1_775' title='bbox 1164 4567 1334 4625; x_wconf 82' lang='lat' dir='ltr'><strong>forma</strong></span> <span class='ocrx_word' id='word_1_776' title='bbox 1358 4611 1372 4638; x_wconf 91' lang='lat'><strong>,</strong></span> <span class='ocrx_word' id='word_1_777' title='bbox 1405 4584 1777 4645; x_wconf 75' lang='lat' dir='ltr'><strong>apparatisque</strong></span> <span class='ocrx_word' id='word_1_778' title='bbox 1805 4551 1809 4609; x_wconf 60' lang='grc' dir='ltr'><strong>Ῑ</strong></span> 
     </span>
    </p>
   </div>
   <div class='ocr_carea' id='block_1_93' title="bbox 1914 4551 2998 4645">
    <p class='ocr_par' dir='ltr' id='par_1_93' title="bbox 1914 4564 2998 4633">
     <span class='ocr_line' id='line_1_93' title="bbox 1914 4564 2998 4633; baseline 0.008 -19"><span class='ocrx_word' id='word_1_779' title='bbox 1914 4575 2068 4616; x_wconf 67' lang='grc' dir='ltr'><strong>»ποριῇ</strong></span> <span class='ocrx_word' id='word_1_780' title='bbox 2101 4572 2151 4617; x_wconf 88' lang='lat' dir='ltr'><strong>et</strong></span> <span class='ocrx_word' id='word_1_781' title='bbox 2179 4564 2404 4633; x_wconf 78' lang='lat' dir='ltr'><strong>gloriam</strong></span> <span class='ocrx_word' id='word_1_782' title='bbox 2436 4583 2449 4618; x_wconf 87' lang='lat'><strong>:</strong></span> <span class='ocrx_word' id='word_1_783' title='bbox 2482 4581 2514 4619; x_wconf 92' lang='grc' dir='ltr'><strong>ο</strong></span> <span class='ocrx_word' id='word_1_784' title='bbox 2545 4567 2699 4620; x_wconf 90' lang='lat' dir='ltr'><strong>beata</strong></span> <span class='ocrx_word' id='word_1_785' title='bbox 2742 4568 2998 4623; x_wconf 88' lang='lat' dir='ltr'><strong>Trinitas.</strong></span> 
     </span>
    </p>
   </div>
   <div class='ocr_carea' id='block_1_94' title="bbox 246 4718 1129 4800">
    <p class='ocr_par' dir='ltr' id='par_1_94' title="bbox 246 4718 1129 4800">
     <span class='ocr_line' id='line_1_94' title="bbox 246 4718 1129 4800; baseline 0.012 -28"><span class='ocrx_word' id='word_1_786' title='bbox 246 4718 325 4789; x_wconf 79' lang='grc'><strong>(1)</strong></span> <span class='ocrx_word' id='word_1_787' title='bbox 364 4719 527 4776; x_wconf 87' lang='lat' dir='ltr'><strong>Forte</strong></span> <span class='ocrx_word' id='word_1_788' title='bbox 553 4724 711 4800; x_wconf 82' lang='grc' dir='ltr'><strong>προὸν</strong></span> <span class='ocrx_word' id='word_1_789' title='bbox 739 4721 858 4780; x_wconf 90' lang='lat' dir='ltr'><strong>heic</strong></span> <span class='ocrx_word' id='word_1_790' title='bbox 885 4735 939 4781; x_wconf 90' lang='lat' dir='ltr'><strong>et</strong></span> <span class='ocrx_word' id='word_1_791' title='bbox 967 4725 1129 4783; x_wconf 86' lang='lat' dir='ltr'><strong>infra.</strong></span> 
     </span>
    </p>
   </div>
   <div class='ocr_carea' id='block_1_95' title="bbox 1957 4655 3491 4732">
    <p class='ocr_par' dir='ltr' id='par_1_95' title="bbox 1957 4655 3491 4732">
     <span class='ocr_line' id='line_1_95' title="bbox 1957 4655 3491 4732; baseline 0.006 -22"><span class='ocrx_word' id='word_1_792' title='bbox 1957 4655 2144 4711; x_wconf 87' lang='lat' dir='ltr'><strong>Libera</strong></span> <span class='ocrx_word' id='word_1_793' title='bbox 2178 4671 2277 4712; x_wconf 91' lang='lat' dir='ltr'><strong>nos</strong></span> <span class='ocrx_word' id='word_1_794' title='bbox 2302 4697 2318 4724; x_wconf 90' lang='lat'><strong>,</strong></span> <span class='ocrx_word' id='word_1_795' title='bbox 2359 4668 2414 4713; x_wconf 89' lang='lat' dir='ltr'><strong>et</strong></span> <span class='ocrx_word' id='word_1_796' title='bbox 2448 4660 2595 4714; x_wconf 88' lang='lat' dir='ltr'><strong>salva</strong></span> <span class='ocrx_word' id='word_1_797' title='bbox 2637 4675 2763 4726; x_wconf 87' lang='lat' dir='ltr'><strong>nos,</strong></span> <span class='ocrx_word' id='word_1_798' title='bbox 2812 4661 3048 4732; x_wconf 87' lang='lat' dir='ltr'><strong>jnstilica</strong></span> <span class='ocrx_word' id='word_1_799' title='bbox 3101 4676 3200 4717; x_wconf 89' lang='lat' dir='ltr'><strong>nos</strong></span> <span class='ocrx_word' id='word_1_800' title='bbox 3228 4680 3241 4717; x_wconf 88' lang='lat'><strong>:</strong></span> <span class='ocrx_word' id='word_1_801' title='bbox 3275 4676 3308 4717; x_wconf 92' lang='grc' dir='ltr'>ο</span> <span class='ocrx_word' id='word_1_802' title='bbox 3337 4662 3491 4719; x_wconf 89' lang='lat' dir='ltr'><strong>beata</strong></span> 
     </span>
    </p>
   </div>
   <div class='ocr_carea' id='block_1_96' title="bbox 1886 4747 2145 4806">
    <p class='ocr_par' dir='ltr' id='par_1_96' title="bbox 1886 4747 2145 4806">
     <span class='ocr_line' id='line_1_96' title="bbox 1886 4747 2145 4806; baseline -0.004 -1"><span class='ocrx_word' id='word_1_803' title='bbox 1886 4747 2145 4806; x_wconf 87' lang='lat' dir='ltr'><strong>Trinitas.</strong></span> 
     </span>
    </p>
   </div>
   <div class='ocr_carea' id='block_1_97' title="bbox 167 4848 3462 4909">
    <p class='ocr_par' dir='ltr' id='par_1_97' title="bbox 167 4848 3462 4909">
     <span class='ocr_line' id='line_1_97' title="bbox 167 4848 3462 4909; baseline 0.008 -38"><span class='ocrx_word' id='word_1_804' title='bbox 167 4848 3462 4909; x_wconf 84' lang='lat'><strong>—————____._________________________________</strong></span> 
     </span>
    </p>
   </div>
   <div class='ocr_carea' id='block_1_98' title="bbox 935 5062 2720 5173">
    <p class='ocr_par' dir='ltr' id='par_1_98' title="bbox 935 5062 2720 5173">
     <span class='ocr_line' id='line_1_98' title="bbox 935 5062 2720 5173; baseline 0.009 -18"><span class='ocrx_word' id='word_1_805' title='bbox 935 5098 1004 5155; x_wconf 88' lang='lat' dir='ltr'><strong>IN</strong></span> <span class='ocrx_word' id='word_1_806' title='bbox 1066 5099 1457 5161; x_wconf 85' lang='lat' dir='ltr'><strong>EPISTOLAM</strong></span> <span class='ocrx_word' id='word_1_807' title='bbox 1524 5106 1731 5164; x_wconf 82' lang='lat' dir='ltr'><strong>PAULI</strong></span> <span class='ocrx_word' id='word_1_808' title='bbox 1790 5110 1882 5166; x_wconf 87' lang='lat' dir='ltr'><strong>AD</strong></span> <span class='ocrx_word' id='word_1_809' title='bbox 1937 5062 2264 5169; x_wconf 34' lang='lat' dir='ltr'><strong>GAL’ATAS</strong></span> <span class='ocrx_word' id='word_1_810' title='bbox 2326 5114 2507 5170; x_wconf 80' lang='lat' dir='ltr'><strong>LIBRI</strong></span> <span class='ocrx_word' id='word_1_811' title='bbox 2564 5116 2720 5173; x_wconf 87' lang='lat' dir='ltr'><strong>DUO.</strong></span> 
     </span>
    </p>
   </div>
   <div class='ocr_carea' id='block_1_99' title="bbox 717 5208 1239 5274">
    <p class='ocr_par' dir='ltr' id='par_1_99' title="bbox 717 5208 1239 5274">
     <span class='ocr_line' id='line_1_99' title="bbox 717 5208 1239 5274; baseline 0.019 -10"><span class='ocrx_word' id='word_1_812' title='bbox 717 5208 923 5267; x_wconf 83' lang='lat' dir='ltr'><strong>LIBER</strong></span> <span class='ocrx_word' id='word_1_813' title='bbox 960 5212 1239 5274; x_wconf 83' lang='lat' dir='ltr'><strong>PRIMUS.</strong></span> 
     </span>
    </p>
   </div>
   <div class='ocr_carea' id='block_1_100' title="bbox 250 5299 1779 5385">
    <p class='ocr_par' dir='ltr' id='par_1_100' title="bbox 250 5299 1779 5385">
     <span class='ocr_line' id='line_1_100' title="bbox 250 5299 1779 5385; baseline 0.011 -30"><span class='ocrx_word' id='word_1_814' title='bbox 250 5299 491 5369; x_wconf 78' lang='lat' dir='ltr'><strong>Epistula</strong></span> <span class='ocrx_word' id='word_1_815' title='bbox 537 5300 604 5357; x_wconf 90' lang='lat' dir='ltr'><strong>ad</strong></span> <span class='ocrx_word' id='word_1_816' title='bbox 633 5300 851 5359; x_wconf 86' lang='lat' dir='ltr'><strong>Galatas</strong></span> <span class='ocrx_word' id='word_1_817' title='bbox 892 5308 1056 5362; x_wconf 85' lang='lat' dir='ltr'><strong>missa</strong></span> <span class='ocrx_word' id='word_1_818' title='bbox 1083 5308 1282 5365; x_wconf 87' lang='lat' dir='ltr'><strong>dicitur</strong></span> <span class='ocrx_word' id='word_1_819' title='bbox 1315 5311 1384 5365; x_wconf 89' lang='lat' dir='ltr'><strong>ab</strong></span> <span class='ocrx_word' id='word_1_820' title='bbox 1419 5312 1681 5385; x_wconf 85' lang='lat' dir='ltr'><strong>Apostolo</strong></span> <span class='ocrx_word' id='word_1_821' title='bbox 1711 5317 1779 5373; x_wconf 90' lang='lat' dir='ltr'><strong>ab</strong></span> 
     </span>
    </p>
   </div>
   <div class='ocr_carea' id='block_1_101' title="bbox 178 5392 1782 5475">
    <p class='ocr_par' dir='ltr' id='par_1_101' title="bbox 178 5392 1782 5475">
     <span class='ocr_line' id='line_1_101' title="bbox 178 5392 1782 5475; baseline 0.01 -26"><span class='ocrx_word' id='word_1_822' title='bbox 178 5392 403 5466; x_wconf 83' lang='lat' dir='ltr'><strong>Epheso</strong></span> <span class='ocrx_word' id='word_1_823' title='bbox 439 5395 654 5449; x_wconf 81' lang='lat' dir='ltr'><strong>civitate</strong></span> <span class='ocrx_word' id='word_1_824' title='bbox 687 5414 699 5450; x_wconf 91' lang='lat'><strong>:</strong></span> <span class='ocrx_word' id='word_1_825' title='bbox 728 5405 783 5453; x_wconf 91' lang='lat' dir='ltr'><strong>et</strong></span> <span class='ocrx_word' id='word_1_826' title='bbox 810 5398 1010 5455; x_wconf 87' lang='lat' dir='ltr'><strong>idcirco</strong></span> <span class='ocrx_word' id='word_1_827' title='bbox 1032 5401 1247 5471; x_wconf 87' lang='lat' dir='ltr'><strong>quidam</strong></span> <span class='ocrx_word' id='word_1_828' title='bbox 1274 5403 1421 5459; x_wconf 89' lang='lat' dir='ltr'><strong>illam</strong></span> <span class='ocrx_word' id='word_1_829' title='bbox 1450 5410 1782 5475; x_wconf 52' lang='lat' dir='ltr'><strong>pratmittunt</strong></span> 
     </span>
    </p>
   </div>
   <div class='ocr_carea' id='block_1_102' title="bbox 172 5486 1779 5565">
    <p class='ocr_par' dir='ltr' id='par_1_102' title="bbox 172 5486 1779 5565">
     <span class='ocr_line' id='line_1_102' title="bbox 172 5486 1779 5565; baseline 0.009 -23"><span class='ocrx_word' id='word_1_830' title='bbox 172 5486 483 5557; x_wconf 76' lang='lat' dir='ltr'><strong>epistolam,</strong></span> <span class='ocrx_word' id='word_1_831' title='bbox 516 5486 654 5543; x_wconf 87' lang='lat' dir='ltr'><strong>Itane</strong></span> <span class='ocrx_word' id='word_1_832' title='bbox 680 5488 932 5544; x_wconf 85' lang='lat' dir='ltr'><strong>ordinant</strong></span> <span class='ocrx_word' id='word_1_833' title='bbox 960 5505 1400 5565; x_wconf 87' lang='lat' dir='ltr'><strong>consequentem.</strong></span> <span class='ocrx_word' id='word_1_834' title='bbox 1437 5498 1657 5555; x_wconf 89' lang='lat' dir='ltr'><strong>Summa</strong></span> <span class='ocrx_word' id='word_1_835' title='bbox 1684 5518 1779 5557; x_wconf 85' lang='lat' dir='ltr'><strong>au-</strong></span> 
     </span>
    </p>
   </div>
   <div class='ocr_carea' id='block_1_103' title="bbox 170 5579 1776 5664">
    <p class='ocr_par' dir='ltr' id='par_1_103' title="bbox 170 5579 1776 5664">
     <span class='ocr_line' id='line_1_103' title="bbox 170 5579 1776 5664; baseline 0.009 -29"><span class='ocrx_word' id='word_1_836' title='bbox 170 5588 284 5635; x_wconf 88' lang='lat' dir='ltr'><strong>tem</strong></span> <span class='ocrx_word' id='word_1_837' title='bbox 318 5579 478 5650; x_wconf 86' lang='lat' dir='ltr'><strong>hujus</strong></span> <span class='ocrx_word' id='word_1_838' title='bbox 505 5582 747 5651; x_wconf 68' lang='lat' dir='ltr'><strong>epistolae</strong></span> <span class='ocrx_word' id='word_1_839' title='bbox 776 5582 891 5638; x_wconf 80' lang='lat' dir='ltr'><strong>haec</strong></span> <span class='ocrx_word' id='word_1_840' title='bbox 916 5595 999 5640; x_wconf 86' lang='lat' dir='ltr'><strong>est</strong></span> <span class='ocrx_word' id='word_1_841' title='bbox 1023 5605 1035 5639; x_wconf 93' lang='lat'>:</span> <span class='ocrx_word' id='word_1_842' title='bbox 1061 5602 1245 5643; x_wconf 91' lang='lat' dir='ltr'><strong>errare</strong></span> <span class='ocrx_word' id='word_1_843' title='bbox 1291 5588 1510 5647; x_wconf 83' lang='lat' dir='ltr'><strong>Galatas</strong></span> <span class='ocrx_word' id='word_1_844' title='bbox 1537 5594 1680 5664; x_wconf 86' lang='lat' dir='ltr'><strong>quod</strong></span> <span class='ocrx_word' id='word_1_845' title='bbox 1710 5596 1776 5651; x_wconf 90' lang='lat' dir='ltr'><strong>ad</strong></span> 
     </span>
    </p>
   </div>
   <div class='ocr_carea' id='block_1_104' title="bbox 176 5673 1776 5759">
    <p class='ocr_par' dir='ltr' id='par_1_104' title="bbox 176 5673 1776 5759">
     <span class='ocr_line' id='line_1_104' title="bbox 176 5673 1776 5759; baseline 0.011 -30"><span class='ocrx_word' id='word_1_846' title='bbox 176 5673 515 5743; x_wconf 74' lang='lat' dir='ltr'><strong>evangelium</strong></span> <span class='ocrx_word' id='word_1_847' title='bbox 548 5675 694 5741; x_wconf 79' lang='lat' dir='ltr'><strong>iidei,</strong></span> <span class='ocrx_word' id='word_1_848' title='bbox 724 5676 865 5746; x_wconf 86' lang='lat' dir='ltr'><strong>quod</strong></span> <span class='ocrx_word' id='word_1_849' title='bbox 892 5688 971 5732; x_wconf 89' lang='lat' dir='ltr'><strong>est</strong></span> <span class='ocrx_word' id='word_1_850' title='bbox 1011 5678 1063 5733; x_wconf 91' lang='lat' dir='ltr'><strong>in</strong></span> <span class='ocrx_word' id='word_1_851' title='bbox 1103 5678 1322 5739; x_wconf 89' lang='lat' dir='ltr'><strong>Christo</strong></span> <span class='ocrx_word' id='word_1_852' title='bbox 1348 5684 1639 5758; x_wconf 74' lang='lat' dir='ltr'><strong>adiungant</strong></span> <span class='ocrx_word' id='word_1_853' title='bbox 1686 5690 1776 5759; x_wconf 82' lang='lat' dir='ltr'><strong>ju-</strong></span> 
     </span>
    </p>
   </div>
   <div class='ocr_carea' id='block_1_105' title="bbox 173 5761 1768 5848">
    <p class='ocr_par' dir='ltr' id='par_1_105' title="bbox 173 5761 1768 5848">
     <span class='ocr_line' id='line_1_105' title="bbox 173 5761 1768 5848; baseline 0.009 -27"><span class='ocrx_word' id='word_1_854' title='bbox 173 5761 476 5838; x_wconf 67' lang='lat' dir='ltr'><strong>tlaismtnu,</strong></span> <span class='ocrx_word' id='word_1_855' title='bbox 503 5768 772 5839; x_wconf 79' lang='lat' dir='ltr'><strong>corporali</strong></span> <span class='ocrx_word' id='word_1_856' title='bbox 791 5766 1065 5829; x_wconf 77' lang='lat' dir='ltr'><strong>intellectu</strong></span> <span class='ocrx_word' id='word_1_857' title='bbox 1089 5772 1440 5836; x_wconf 61' lang='lat' dir='ltr'><strong>obseruantes</strong></span> <span class='ocrx_word' id='word_1_858' title='bbox 1468 5775 1768 5848; x_wconf 76' lang='lat' dir='ltr'><strong>sabbatum.</strong></span> 
     </span>
    </p>
   </div>
   <div class='ocr_carea' id='block_1_106' title="bbox 1886 5226 3488 5312">
    <p class='ocr_par' dir='ltr' id='par_1_106' title="bbox 1886 5226 3488 5312">
     <span class='ocr_line' id='line_1_106' title="bbox 1886 5226 3488 5312; baseline 0.01 -31"><span class='ocrx_word' id='word_1_859' title='bbox 1886 5234 1942 5281; x_wconf 88' lang='lat' dir='ltr'><strong>et</strong></span> <span class='ocrx_word' id='word_1_860' title='bbox 1968 5226 2456 5297; x_wconf 89' lang='lat' dir='ltr'><strong>circumcisionem,</strong></span> <span class='ocrx_word' id='word_1_861' title='bbox 2505 5233 2631 5288; x_wconf 86' lang='lat' dir='ltr'><strong>item</strong></span> <span class='ocrx_word' id='word_1_862' title='bbox 2676 5242 2870 5290; x_wconf 67' lang='lat' dir='ltr'><strong>cratera</strong></span> <span class='ocrx_word' id='word_1_863' title='bbox 2921 5250 3085 5306; x_wconf 91' lang='lat' dir='ltr'><strong>opera</strong></span> <span class='ocrx_word' id='word_1_864' title='bbox 3119 5253 3240 5311; x_wconf 67' lang='lat' dir='ltr'><strong>qua:</strong></span> <span class='ocrx_word' id='word_1_865' title='bbox 3275 5255 3340 5295; x_wconf 86' lang='lat' dir='ltr'><strong>ex</strong></span> <span class='ocrx_word' id='word_1_866' title='bbox 3372 5239 3488 5312; x_wconf 83' lang='lat' dir='ltr'><strong>lege</strong></span> 
     </span>
    </p>
   </div>
   <div class='ocr_carea' id='block_1_107' title="bbox 1887 5323 3487 5392">
    <p class='ocr_par' dir='ltr' id='par_1_107' title="bbox 1887 5323 3487 5392">
     <span class='ocr_line' id='line_1_107' title="bbox 1887 5323 3487 5392; baseline 0.009 -18"><span class='ocrx_word' id='word_1_867' title='bbox 1887 5331 2261 5392; x_wconf 88' lang='lat' dir='ltr'><strong>perceperant.</strong></span> <span class='ocrx_word' id='word_1_868' title='bbox 2311 5323 2402 5376; x_wconf 83' lang='lat' dir='ltr'><strong>liis</strong></span> <span class='ocrx_word' id='word_1_869' title='bbox 2448 5324 2608 5381; x_wconf 87' lang='lat' dir='ltr'><strong>rebus</strong></span> <span class='ocrx_word' id='word_1_870' title='bbox 2654 5337 2827 5381; x_wconf 90' lang='lat' dir='ltr'><strong>motus</strong></span> <span class='ocrx_word' id='word_1_871' title='bbox 2871 5327 3066 5384; x_wconf 87' lang='lat' dir='ltr'><strong>Paulus</strong></span> <span class='ocrx_word' id='word_1_872' title='bbox 3111 5330 3301 5387; x_wconf 85' lang='lat' dir='ltr'><strong>scribit</strong></span> <span class='ocrx_word' id='word_1_873' title='bbox 3347 5332 3487 5388; x_wconf 89' lang='lat' dir='ltr'><strong>hanc</strong></span> 
     </span>
    </p>
   </div>
   <div class='ocr_carea' id='block_1_108' title="bbox 1888 5412 3480 5492">
    <p class='ocr_par' dir='ltr' id='par_1_108' title="bbox 1888 5412 3480 5492">
     <span class='ocr_line' id='line_1_108' title="bbox 1888 5412 3480 5492; baseline 0.007 -25"><span class='ocrx_word' id='word_1_874' title='bbox 1888 5412 2196 5480; x_wconf 86' lang='lat' dir='ltr'><strong>epistolam,</strong></span> <span class='ocrx_word' id='word_1_875' title='bbox 2230 5429 2325 5471; x_wconf 90' lang='lat' dir='ltr'><strong>eos</strong></span> <span class='ocrx_word' id='word_1_876' title='bbox 2366 5416 2556 5472; x_wconf 86' lang='lat' dir='ltr'><strong>volens</strong></span> <span class='ocrx_word' id='word_1_877' title='bbox 2582 5420 2852 5491; x_wconf 85' lang='lat' dir='ltr'><strong>corrigere</strong></span> <span class='ocrx_word' id='word_1_878' title='bbox 2889 5430 2945 5477; x_wconf 90' lang='lat' dir='ltr'><strong>et</strong></span> <span class='ocrx_word' id='word_1_879' title='bbox 2972 5436 3002 5475; x_wconf 89' lang='lat' dir='ltr'><strong>a</strong></span> <span class='ocrx_word' id='word_1_880' title='bbox 3022 5421 3294 5492; x_wconf 84' lang='lat' dir='ltr'><strong>jndaismo</strong></span> <span class='ocrx_word' id='word_1_881' title='bbox 3322 5438 3480 5478; x_wconf 82' lang='lat' dir='ltr'><strong>revo-</strong></span> 
     </span>
    </p>
   </div>
   <div class='ocr_carea' id='block_1_109' title="bbox 1884 5505 3481 5580">
    <p class='ocr_par' dir='ltr' id='par_1_109' title="bbox 1884 5505 3481 5580">
     <span class='ocr_line' id='line_1_109' title="bbox 1884 5505 3481 5580; baseline 0.009 -21"><span class='ocrx_word' id='word_1_882' title='bbox 1884 5518 2029 5567; x_wconf 84' lang='lat' dir='ltr'><strong>care,</strong></span> <span class='ocrx_word' id='word_1_883' title='bbox 2078 5515 2136 5561; x_wconf 90' lang='lat' dir='ltr'><strong>ut</strong></span> <span class='ocrx_word' id='word_1_884' title='bbox 2177 5505 2335 5562; x_wconf 83' lang='lat' dir='ltr'><strong>Iidem</strong></span> <span class='ocrx_word' id='word_1_885' title='bbox 2382 5517 2585 5568; x_wconf 82' lang='lat' dir='ltr'><strong>tantum</strong></span> <span class='ocrx_word' id='word_1_886' title='bbox 2637 5512 2690 5566; x_wconf 91' lang='lat' dir='ltr'><strong>in</strong></span> <span class='ocrx_word' id='word_1_887' title='bbox 2732 5511 3007 5570; x_wconf 88' lang='lat' dir='ltr'><strong>Christum</strong></span> <span class='ocrx_word' id='word_1_888' title='bbox 3063 5523 3304 5580; x_wconf 81' lang='lat' dir='ltr'><strong>servent,</strong></span> <span class='ocrx_word' id='word_1_889' title='bbox 3350 5526 3404 5572; x_wconf 91' lang='lat' dir='ltr'><strong>et</strong></span> <span class='ocrx_word' id='word_1_890' title='bbox 3451 5534 3481 5573; x_wconf 91' lang='lat' dir='ltr'><strong>a</strong></span> 
     </span>
    </p>
   </div>
   <div class='ocr_carea' id='block_1_110' title="bbox 1882 5592 3477 5680">
    <p class='ocr_par' dir='ltr' id='par_1_110' title="bbox 1882 5592 3477 5680">
     <span class='ocr_line' id='line_1_110' title="bbox 1882 5592 3477 5680; baseline 0.009 -30"><span class='ocrx_word' id='word_1_891' title='bbox 1882 5592 2099 5651; x_wconf 87' lang='lat' dir='ltr'><strong>Christo</strong></span> <span class='ocrx_word' id='word_1_892' title='bbox 2127 5613 2277 5669; x_wconf 79' lang='lat' dir='ltr'><strong>Spem</strong></span> <span class='ocrx_word' id='word_1_893' title='bbox 2310 5599 2545 5657; x_wconf 84' lang='lat' dir='ltr'><strong>habeant</strong></span> <span class='ocrx_word' id='word_1_894' title='bbox 2565 5603 2753 5659; x_wconf 87' lang='lat' dir='ltr'><strong>salutis</strong></span> <span class='ocrx_word' id='word_1_895' title='bbox 2780 5614 2832 5659; x_wconf 88' lang='lat' dir='ltr'><strong>et</strong></span> <span class='ocrx_word' id='word_1_896' title='bbox 2866 5605 3283 5673; x_wconf 84' lang='lat' dir='ltr'><strong>promissionum</strong></span> <span class='ocrx_word' id='word_1_897' title='bbox 3315 5609 3433 5680; x_wconf 84' lang='lat' dir='ltr'><strong>ejus</strong></span> <span class='ocrx_word' id='word_1_898' title='bbox 3463 5627 3477 5664; x_wconf 88' lang='lat'><strong>:</strong></span> 
     </span>
    </p>
   </div>
   <div class='ocr_carea' id='block_1_111' title="bbox 1880 5689 3484 5766">
    <p class='ocr_par' dir='ltr' id='par_1_111' title="bbox 1880 5689 3484 5766">
     <span class='ocr_line' id='line_1_111' title="bbox 1880 5689 3484 5766; baseline 0.01 -24"><span class='ocrx_word' id='word_1_899' title='bbox 1880 5689 2085 5746; x_wconf 76' lang='lat' dir='ltr'><strong>scilicet</strong></span> <span class='ocrx_word' id='word_1_900' title='bbox 2128 5692 2271 5761; x_wconf 90' lang='lat' dir='ltr'><strong>quod</strong></span> <span class='ocrx_word' id='word_1_901' title='bbox 2317 5709 2384 5747; x_wconf 89' lang='lat' dir='ltr'><strong>ex</strong></span> <span class='ocrx_word' id='word_1_902' title='bbox 2418 5696 2671 5764; x_wconf 88' lang='lat' dir='ltr'><strong>operibus</strong></span> <span class='ocrx_word' id='word_1_903' title='bbox 2721 5696 2853 5766; x_wconf 75' lang='lat' dir='ltr'><strong>legis</strong></span> <span class='ocrx_word' id='word_1_904' title='bbox 2902 5711 3060 5753; x_wconf 87' lang='lat' dir='ltr'><strong>nemo</strong></span> <span class='ocrx_word' id='word_1_905' title='bbox 3107 5699 3364 5756; x_wconf 87' lang='lat' dir='ltr'><strong>salvetur.</strong></span> <span class='ocrx_word' id='word_1_906' title='bbox 3413 5699 3484 5758; x_wconf 90' lang='lat' dir='ltr'><strong>Ut</strong></span> 
     </span>
    </p>
   </div>
   <div class='ocr_carea' id='block_1_112' title="bbox 1878 5773 3476 5859">
    <p class='ocr_par' dir='ltr' id='par_1_112' title="bbox 1878 5773 3476 5859">
     <span class='ocr_line' id='line_1_112' title="bbox 1878 5773 3476 5859; baseline 0.005 -20"><span class='ocrx_word' id='word_1_907' title='bbox 1878 5773 2075 5839; x_wconf 76' lang='lat' dir='ltr'><strong>refutet</strong></span> <span class='ocrx_word' id='word_1_908' title='bbox 2116 5794 2246 5855; x_wconf 75' lang='lat' dir='ltr'><strong>ergo</strong></span> <span class='ocrx_word' id='word_1_909' title='bbox 2291 5780 2392 5844; x_wconf 78' lang='lat' dir='ltr'><strong>Ista</strong></span> <span class='ocrx_word' id='word_1_910' title='bbox 2436 5796 2557 5857; x_wconf 66' lang='lat' dir='ltr'><strong>qua</strong></span> <span class='ocrx_word' id='word_1_911' title='bbox 2608 5778 2940 5859; x_wconf 68' lang='lat' dir='ltr'><strong>adiungunt,</strong></span> <span class='ocrx_word' id='word_1_912' title='bbox 2985 5787 3310 5849; x_wconf 74' lang='lat' dir='ltr'><strong>coullrmnro</strong></span> <span class='ocrx_word' id='word_1_913' title='bbox 3363 5788 3476 5848; x_wconf 73' lang='lat' dir='ltr'><strong>villi</strong></span> 
     </span>
    </p>
   </div>
  </div>
