4018 6184
638 301 777 358 1M7

1891 284 2083 343 MAR“
2140 277 2479 341 VICTORINI
2523 286 2561 336 Α
2575 279 2685 336 FRI
3707 282 3795 338 itis

637 417 974 488 evangelium
1003 427 1182 470 suum.
1209 410 1478 468 Utautem
1503 407 1594 465 det
1614 406 1986 462 auctoritatem
2007 416 2235 474 evange-
2260 404 2313 466 Α
2340 398 2557 464 Paulus,
2595 395 2756 452 sicuti
2805 392 3069 466 probavit,
3109 407 3138 446 a
3179 389 3327 447 nullo
3363 391 3596 462 apostolo,
3633 393 3698 463 qui
3724 412 3799 450 cun

637 511 712 567 lio
740 525 857 577 suo,
885 508 1107 565 adhibet
1136 505 1417 579 principia,
1452 503 1640 558 dicens
1657 543 1670 568 ,
1699 515 1758 557 se
1785 514 1908 556 esse
1932 497 2236 569 apostolum

637 617 746 659 non
771 601 839 658 ab
860 600 1166 657 hominibus
1196 612 1370 668 neque
1393 612 1488 666 per
1514 591 1809 650 hominem.
1832 591 1928 647 His
1961 588 2240 645 divisioni-

638 693 763 763 bus,
795 692 941 766 quod
968 689 1303 763 evangelium
1335 686 1664 744 revelatione
1685 685 1985 756 susceperit
2006 680 2239 754 inda-us,

639 795 700 844 et
727 786 925 843 acriter
963 784 1204 855 judaaus;
1236 781 1378 853 quod
1411 788 1532 851 post
1588 778 1876 834 triennium
1928 774 2239 847 Hierosolyc

639 894 783 935 mam
805 877 872 934 ad
897 877 1112 933 Petrum
1138 875 1375 940 venerit;
1405 872 1545 944 quod
1569 870 1872 943 quindecim
1901 868 2088 926 diebus
2115 881 2244 922 cum

644 970 924 1039 coluerit;
958 968 1101 1041 quod
1131 965 1562 1039 Hierosolymam
1580 973 1702 1035 post
1729 960 2132 1034 quattuordecim
2155 974 2247 1016 an-

641 1081 744 1122 nos
764 1064 985 1121 redierit
1014 1081 1027 1117 :
1057 1061 1250 1135 quibus
1282 1059 1536 1115 omnibus
1582 1057 1684 1112 hoc
1711 1055 1966 1120 ostendit,
2015 1053 2148 1108 nihil
2185 1067 2245 1108 se

644 1159 713 1214 ab
735 1157 818 1214 his
847 1155 1102 1214 didicisse
1122 1155 1208 1209 vel
1234 1161 1454 1224 propter
1474 1151 1721 1220 exiguam
1765 1145 2126 1220 prmsentiam,
2159 1143 2245 1200 vel

655 1260 878 1323 propter
907 1250 1120 1321 longam
1142 1246 1462 1302 absentiam.
1487 1244 1812 1299 Conﬁrmata
1832 1240 1990 1312 igitur
2010 1236 2247 1293 auctori-

650 1354 757 1401 tate
792 1343 935 1415 quod
984 1357 1016 1396 a
1065 1341 1174 1396 Deo
1202 1338 1500 1410 susceperit
1528 1335 1862 1408 evangelium
1898 1333 1974 1406 (1)
2021 1332 2249 1388 Domino

649 1445 837 1492 nostro
872 1435 1002 1491 Jesu
1029 1433 1269 1498 Christo,
1302 1430 1578 1502 subjungit
1606 1427 1720 1500 ipsa
1749 1436 2038 1499 praecepta,
2084 1424 2137 1481 id
2168 1432 2250 1480 est

652 1547 761 1588 non
786 1544 909 1586 esse
939 1525 1275 1600 jungendum
1312 1523 1648 1594 corporalem
1688 1519 2020 1576 intellectura
2048 1516 2250 1588 judais—

649 1626 719 1680 mi
749 1642 762 1679 :
785 1633 840 1680 et
880 1623 934 1678 id
961 1637 1020 1678 se
1047 1623 1175 1677 dicit
1193 1620 1317 1675 olim
1342 1618 1642 1674 ostendisse
1668 1625 1722 1672 et
1749 1615 1944 1685 egisse,
1974 1627 2098 1668 cum
2125 1625 2250 1684 age-

647 1728 734 1776 ret
761 1718 923 1775 etiam
953 1726 1140 1771 contra
1172 1715 1411 1769 Petrum.
1450 1709 1651 1766 Deinde
1684 1706 1995 1778 exsequitur
2022 1704 2125 1761 hoc
2168 1706 2251 1775 ip-

2341 492 2559 549 Christo
2588 490 2710 557 fuit,
2734 487 2936 560 aliquid
2969 486 3176 542 didicit.
3204 484 3333 541 Item
3359 500 3443 552 ne,
3485 499 3586 540 cum
3612 500 3682 556 per
3704 485 3802 542 Citri-

2344 596 2484 642 stum
2509 583 2776 653 didicerit,
2807 596 3007 654 negare
3029 579 3291 646 videatur,
3321 588 3376 634 ut
3400 577 3588 649 quidam
3617 577 3804 638 hereticus

2343 679 2714 752 blaSphemus,
2737 677 2880 750 quod
2921 675 3084 732 fuerit
3123 675 3283 731 homo
3313 672 3574 741 Christus;
3611 671 3808 744 adjiciuis,

2343 791 2448 830 non
2476 790 2567 846 per
2601 772 2880 838 hominem,
2903 768 3034 841 quid
3073 767 3203 824 illud
3247 767 3316 822 sit
3361 764 3622 837 subiungit,
3642 765 3808 834 dicendo,

2345 867 2432 923 sed
2449 883 2538 939 per
2561 864 2594 919 J
2602 881 2743 921 esum
2773 862 3037 918 Christum
3062 871 3111 916 et
3144 859 3307 915 Deum
3339 857 3552 912 Patrem.
3576 853 3682 912 Cum
3715 873 3812 929 nep-

2345 959 2422 1016 vit
2443 958 2626 1031 utique
2648 971 2740 1030 per
2769 956 3045 1022 hominem,
3074 963 3126 1009 et
3151 949 3426 1023 subjunxit
3445 966 3526 1022 per
3545 947 3812 1014 Christutu,in«

2348 1054 2514 1126 telligi
2561 1053 2687 1109 licet
2734 1069 2823 1125 per
2851 1047 3021 1104 Deum
3051 1046 3330 1102 Christum.
3377 1043 3480 1101 Sed
3520 1044 3723 1115 quoniam
3745 1046 3813 1099 sui»

2342 1148 2520 1222 junxit
2549 1162 2638 1217 per
2665 1144 2829 1199 Deum
2862 1141 3092 1207 Patrem,
3123 1140 3323 1196 idcirco
3352 1137 3557 1208 quidam
3582 1137 3655 1190 vix
3675 1151 3698 1190 a
3717 1137 3811 1191 Paulo

2348 1235 2686 1296 nominatum
2719 1238 2887 1293 Deum
2914 1235 3100 1292 dicunt
3121 1231 3415 1290 Christum.
3436 1229 3617 1287 Verum
3643 1230 3683 1284 in
3712 1231 3816 1286 nsuitis

2349 1331 2486 1388 locis
2512 1329 2858 1402 probavimus
2883 1328 3050 1384 Deum
3075 1326 3276 1382 dictum
3307 1323 3466 1380 etiam
3492 1337 3522 1378 a
3548 1307 3699 1377 Paulo.
3719 1320 3817 1376 Elian

2349 1426 2438 1484 hic
2467 1442 2682 1499 quoque
2711 1420 2942 1496 intelligi
2987 1422 3110 1478 licet
3139 1439 3152 1476 :
3186 1420 3391 1478 etenim
3434 1417 3476 1473 si
3509 1418 3676 1472 dictum
3698 1423 3819 1470 tam:

2349 1537 2440 1594 per
2486 1520 2762 1581 hominem,
2797 1525 2853 1574 et
2893 1516 3243 1588 subjunctum
3293 1513 3382 1569 sed
3411 1529 3498 1585 per
3537 1509 3750 1574 Christum,
3778 1509 3819 1562 ia-

2353 1614 2702 1687 telligendum
2749 1621 2834 1669 est
2861 1611 3003 1683 quod
3029 1621 3083 1668 et
3107 1605 3359 1665 Christus
3392 1607 3525 1662 Deus
3549 1613 3636 1660 est.
3660 1603 3820 1672 Quoniam

2356 1718 2535 1765 tamen
2563 1710 2705 1764 Deus
2728 1723 2848 1778 qua:
2873 1701 3022 1773 facit,
3053 1720 3148 1776 per
3166 1702 3441 1758 Christum
3465 1699 3598 1766 facit,
3617 1699 3734 1755 sicuti
3752 1696 3823 1752 mni.

651 1827 794 1877 sum.
831 1822 1084 1864 asserens
1107 1823 1271 1863 unum
1296 1819 1418 1861 esse
1455 1800 1789 1873 evangelium
1829 1797 1972 1870 quod
2012 1797 2126 1870 ipse
2151 1795 2249 1852 do—
2278 1800 2326 1860 B
2358 1805 2426 1860 tis
2454 1802 2813 1866 ostendimus,
2847 1801 3049 1856 idcirco
3078 1797 3279 1854 dictum
3305 1814 3398 1870 per
3421 1793 3670 1859 Christum,
3687 1801 3719 1846 et
3735 1789 3824 1844 Dat

652 1905 785 1971 cuit,
818 1911 871 1958 et
901 1902 1058 1972 longe
1083 1914 1269 1957 errare
1297 1912 1391 1955 eos
1418 1896 1509 1968 qui
1551 1892 1800 1966 judaismi
1830 1900 2099 1964 prmcepta
2124 1887 2251 1960 jun-

653 2004 784 2069 gunt
829 2005 883 2052 ct
927 1991 1384 2050 observationem.
1430 1987 1556 2044 Haec
1594 1985 1755 2058 igitur
1797 1981 2250 2056 quemadmodum

657 2099 867 2158 tractet,
907 2105 1006 2145 suo
1035 2088 1153 2144 loco
1183 2086 1486 2141 dividemus
1519 2101 1531 2136 :
1565 2079 1776 2137 interim
1813 2079 1880 2135 ad
1925 2077 2252 2151 principium

655 2183 899 2255 epistolae
939 2190 1293 2238 revertamur.

727 2277 882 2333 CAP.
909 2273 1196 2331 I.-Vnns.
1224 2273 1355 2328 1.-
1368 2269 1570 2326 Paulus
1592 2267 1857 2339 apostolus
1876 2281 1979 2321 non
1999 2264 2062 2319 ab
2089 2262 2254 2318 homi-

656 2369 823 2437 nibus,
832 2385 988 2440 neque
999 2384 1090 2440 per
1101 2362 1468 2433 hominem,sed
1481 2360 1745 2434 perJesum
1760 2359 2018 2416 Christum
2031 2367 2076 2414 et
2092 2356 2258 2412 Deum

658 2474 876 2539 patrem,
917 2465 1000 2535 qui
1031 2461 1294 2518 suscitavit
1331 2459 1480 2513 illum
1519 2475 1549 2512 a
1587 2458 1819 2522 mortuis,
1853 2464 1898 2509 et
1933 2455 2017 2525 qui
2061 2468 2259 2508 merum

661 2567 778 2612 sunt
811 2571 982 2610 omnes
1010 2556 1196 2624 fratres
1223 2550 1446 2606 ecclesia:
1474 2547 1713 2603 Galatiae.
1733 2545 1877 2602 Ordo
1905 2546 1962 2600 in
1998 2544 2260 2616 principio

664 2648 949 2705 sententia:
991 2647 1076 2701 hic
1111 2653 1195 2701 est
1227 2661 1240 2697 :
1271 2641 1471 2697 Paulus
1515 2640 1798 2713 apostolus,
1854 2649 1900 2694 et
1939 2639 2025 2711 qui
2068 2653 2262 2693 mecum

663 2749 779 2797 sunt
807 2755 978 2795 omnes
1009 2741 1216 2811 fratres,
1241 2735 1466 2790 ecclesia:
1487 2731 1727 2791 Galatiaz.
1765 2731 1832 2786 Et
1860 2729 1947 2787 hic
1973 2746 2035 2787 se
2079 2729 2264 2787 laudat

663 2835 965 2906 apostolus,
994 2847 1096 2886 non
1116 2829 1178 2884 ab
1217 2827 1505 2883 hominibus
1545 2826 1770 2880 missum
1789 2840 1950 2896 neque
1979 2839 2070 2895 per
2100 2823 2263 2877 homi-

663 2945 802 2998 nem,
829 2927 917 2983 sed
947 2943 1036 3000 per
1064 2924 1350 2980 Dominum
1382 2921 1641 2976 Christum
1671 2929 1716 2974 et
1743 2917 1908 2973 Deum
1938 2917 2149 2974 Patrem
2177 2917 2265 2990 qui

665 3020 927 3078 suscitauit
945 3019 1095 3074 illum
1114 3034 1144 3071 a
1165 3014 1412 3081 mortuis;
1429 3012 1720 3069 ostendens
1742 3013 1884 3083 quis,
1900 3026 2020 3066 cum
2046 3009 2261 3082 quibus,

667 3125 723 3172 et
749 3114 945 3187 quibus
961 3112 1161 3168 scribat
1192 3118 1283 3166 :et
1312 3123 1434 3164 cum
1471 3108 1643 3164 soleat
1675 3106 1743 3163 de
1781 3121 1840 3162 se
1864 3115 2066 3162 tantum
2097 3104 2264 3176 proﬁ-

2353 1897 2567 1953 Patrem
2611 1897 2695 1968 qui
2719 1895 2951 1951 excitavit
2981 1894 3128 1948 illuni
3162 1909 3193 1947 a
3231 1890 3468 1945 mortuis.
3496 1888 3666 1960 Utique
3686 1901 3734 1941 ne
3750 1884 3826 1941 dice-

2353 2000 2520 2059 retur,
2553 2004 2660 2060 quo
2695 1987 2856 2043 modo
2881 2002 2976 2058 per
3003 1984 3276 2041 Christum
3307 1980 3540 2038 didicisti
3563 1980 3640 2050 qui
3660 1977 3825 2034 Cltristtl

2356 2104 2463 2145 non
2505 2095 2724 2143 secutus
2767 2099 2849 2151 es,
2887 2094 2942 2140 et
2991 2081 3242 2139 Christus
3288 2087 3533 2134 mortuus
3563 2074 3667 2131 est?
3699 2071 3826 2136 addidit.

2355 2183 2502 2257 quod
2552 2179 2959 2238 resuscitaverit
2995 2178 3137 2233 Deus
3177 2174 3457 2234 Christum
3483 2187 3511 2225 a
3535 2168 3735 2226 mortuis.
3758 2165 3828 2234 Epp

2357 2278 2608 2336 Christus
2638 2290 2725 2331 me
2753 2273 2960 2340 docuit,
2992 2272 3083 2342 qui
3125 2267 3481 2326 resuscitatus
3507 2274 3584 2321 est
3615 2277 3642 2317 a
3672 2259 3826 2317 mortuis;

2357 2369 2711 2430 resuscitatus
2749 2375 2928 2421 autem
2960 2364 3054 2420 Dei
3082 2362 3260 2418 Patris
3300 2361 3525 2416 virtute.
3560 2353 3685 2425 Quod
3706 2353 3753 2408 sit
3777 2348 3831 2403 tu

2360 2459 2680 2534 mysterium
2718 2455 3024 2515 resuscitati
3056 2455 3174 2512 Filii
3204 2469 3235 2509 a
3262 2453 3495 2508 mortuis
3531 2463 3655 2520 srepe
3683 2440 3832 2513 exposu-

2361 2570 2517 2622 mus;
2541 2567 2709 2624 saepe,
2757 2566 2880 2608 cum
2911 2549 3126 2606 occasio
3156 2547 3281 2616 erit,
3328 2547 3586 2602 dicemus.
3613 2541 3666 2596 Et
3684 2537 3746 2608 qui
3774 2548 3835 2588 me

2362 2664 2482 2705 cum
2512 2657 2640 2703 sunt
2681 2660 2872 2702 omnes
2921 2644 3136 2710 fratres,
3177 2640 3431 2697 ordinem
3463 2637 3569 2710 jam
3595 2647 3718 2702 Supra
3749 2628 3835 2694 huius

2362 2757 2555 2800 sensus
2595 2740 2832 2798 ostendit
2867 2739 3066 2795 Paulus
3103 2738 3385 2808 apostolus
3417 2743 3464 2789 et
3495 2733 3575 2804 qui
3609 2743 3749 2784 nierum
3773 2730 3835 2778 ml

2364 2853 2537 2893 omnes
2561 2836 2769 2906 fratres.
2797 2831 2935 2902 Quid
2959 2829 3345 2903 subjungitur?
3376 2827 3593 2884 ecclesia:
3615 2821 3781 2880 Galatia.

2439 2930 2606 2988 νΕιιε.
2639 2930 2696 2998 5,
2727 2927 2786 2997 4,
2813 2927 2866 2984 5.
2889 2957 2963 2968 -
2989 2927 3210 2984 Servata
3235 2921 3617 2980 consuetudine
3651 2932 3726 2987 qua
3755 2910 3837 2966 alii

2369 3038 2487 3078 mus
2513 3030 2605 3076 aut
2624 3021 2851 3076 salutem
2877 3028 2969 3074 aut
2997 3016 3196 3089 aliquid
3221 3015 3351 3083 tale,
3388 3013 3563 3069 Gratia
3580 3009 3692 3066 vobis
3709 3017 3739 3062 et
3755 3015 3840 3074 pm

2378 3115 2486 3171 Deo
2515 3113 2704 3181 Patre,
2734 3125 2783 3172 et
2816 3111 3036 3168 Domino
3058 3119 3232 3165 nostra
3263 3107 3392 3162 Jesu
3421 3106 3640 3168 Christo,
3662 3100 3726 3169 qui
3745 3112 3777 3150 se
3795 3095 3840 3144 de

671 3183 780 3267 teri
793 3209 986 3265 Paulus
1015 3203 1291 3277 apostolus
1323 3203 1602 3274 Romanis,
1625 3200 1952 3267 Corinthiis;
1979 3209 2037 3255 ut
2073 3215 2266 3256 onera-
2290 3193 2336 3257 C
2371 3209 2445 3264 άξι
2466 3206 2542 3280 (1)
2572 3223 2665 3278 pro
2703 3205 2921 3277 peccatis
2952 3203 3137 3258 nostri;
3168 3210 3219 3256 ut
3250 3199 3490 3256 ιξιιεναι-ει
3527 3212 3610 3252 nos
3635 3193 3685 3248 de
3705 3183 3839 3260 precati

669 3313 753 3361 ret
779 3303 1017 3372 Galatas,
1047 3312 1098 3359 et
1130 3303 1182 3358 in
1212 3313 1401 3358 errore
1427 3300 1574 3373 gravi
1608 3307 1840 3365 notaret,
1865 3292 2142 3366 conjunxit
2177 3307 2265 3349 se-

667 3415 792 3456 cum
815 3401 978 3456 etiam
1009 3414 1200 3455 omnes
1231 3398 1426 3454 fratres
1451 3396 1545 3467 qui
1573 3409 1696 3450 cum
1736 3408 1802 3449 eo
1841 3398 2017 3457 erant,
2043 3389 2186 3460 quod
2214 3394 2270 3443 et

673 3497 774 3568 ipsi
820 3497 927 3552 illis
961 3496 1224 3563 scribant,
1253 3494 1456 3550 iaciens
1477 3492 1557 3548 eis
1585 3489 1845 3561 pudorem
1885 3485 2029 3558 quod
2074 3493 2265 3539 contra

673 3602 862 3644 omnes
883 3589 1140 3643 sentiunt.
1172 3584 1286 3642 Non
1313 3585 1376 3640 ab
1399 3583 1686 3640 hominibus
1701 3595 1861 3647 neque
1882 3593 1972 3652 per
1989 3576 2266 3644 hominem,

674 3697 782 3752 quo
806 3682 1064 3752 majorem
1080 3682 1188 3738 vim
1211 3679 1370 3736 faciat
1390 3685 1777 3751 praeceptorum
1795 3687 2015 3729 suorum
2037 3681 2092 3727 et
2112 3685 2273 3725 evan-

676 3775 800 3846 gelii
821 3776 962 3846 quod
983 3776 1281 3831 annuntiat.
1307 3776 1517 3845 Quippe
1544 3779 1888 3829 correcturus
1907 3767 2125 3824 Galatas
2143 3764 2275 3821 dicit

679 3883 741 3924 se
763 3883 868 3923 non
891 3869 1195 3938 apostolum
1217 3882 1340 3923 esse
1369 3881 1462 3922 aut
1480 3867 1542 3920 ab
1571 3862 1861 3920 hominibus
1881 3869 1974 3916 aut
1991 3877 2081 3933 per
2105 3857 2274 3913 homi-

679 3978 814 4029 nem,
857 3961 953 4018 sed
989 3975 1111 4017 esse
1143 3977 1233 4031 per
1261 3958 1440 4015 Iesum
1469 3957 1725 4014 Christum
1749 3965 1798 4010 et
1838 3954 2002 4009 Deum
2041 3949 2271 4006 Patrem.

682 4055 823 4126 Ergo
860 4053 1191 4111 credendum
1232 4051 1386 4119 mihi,
1419 4060 1471 4108 et
1511 4049 1754 4106 habenda
1793 4046 1927 4104 ﬁdes
1959 4053 2052 4102 :ct
2089 4056 2276 4099 verum

2365 3303 2553 3360 sarculo
2575 3301 2710 3356 malo
2730 3300 2811 3373 (‘2)
2837 3298 3118 3354 secundum
3140 3295 3451 3351 voluntatem
3477 3291 3570 3348 Dei
3586 3299 3627 3345 et
3645 3285 3840 3342 Petrinu—

2369 3396 2457 3464 tri,
2489 3398 2573 3452 cui
2599 3406 2671 3451 est
2693 3395 2859 3468 gloria
2883 3395 2936 3447 in
2957 3391 3149 3448 stes:qu
3168 3389 3500 3446 swculorum.
3527 3385 3739 3441 Mensores
3754 3377 3841 3430 sitm

2367 3490 2496 3563 quid
2527 3491 2578 3545 in
2602 3463 2842 3560 Epistola
2869 3494 2994 3557 agat
3039 3483 3140 3540 bac
3183 3481 3509 3554 Apostolus;
3537 3473 3742 3549 quoniam
3765 3463 3843 3521 Gali

2373 3562 2454 3642 tas
2504 3579 2872 3653 reprehendit,
2908 3589 2962 3634 et
2987 3579 3261 3648 corrigere
3309 3573 3486 3646 cupit,
3530 3571 3652 3628 utin
3681 3562 3844 3621 Christus

2374 3677 2537 3732 ﬁdem
2584 3673 2836 3738 habeant,
2866 3683 2919 3728 et
2963 3671 3031 3727 ab
3077 3670 3196 3741 ipso
3223 3667 3344 3724 solo
3389 3681 3541 3737 spem
3580 3659 3748 3718 salutis,
3766 3660 3844 3720 ipsi

2374 3768 2688 3826 mternitatis
2722 3772 3030 3837 expectent,
3078 3760 3459 3818 remissionem
3512 3746 3846 3837 peccatorumei

2375 3848 2598 3921 omnino
2627 3876 2694 3917 ne
2723 3831 2827 3916 sibi
2864 3831 3088 3914 credant
3121 3855 3382 3925 prodesse
3419 3853 3505 3909 vel
3545 3863 3686 3920 opera
3706 3839 3793 3911 legis
3809 3831 3847 3886 id

2375 3962 2603 4019 sabbata
2624 3958 2711 4014 vel
2737 3955 3229 4012 circumcisionem.
3257 3950 3406 4021 Ergo
3433 3949 3484 4004 in
3511 3939 3847 4018 principiopw

2380 4055 2484 4111 illis
2515 4060 2766 4124 precatur
2794 4059 2850 4105 et
2870 4048 3100 4118 gratiam
3129 4063 3159 4100 a
3179 4045 3291 4100 Deo
3319 4061 3335 4100 :
3362 4051 3418 4100 et
3445 4037 3631 4097 deinde
3666 4025 3846 4124 adjuntilt

682 4121 1029 4222 Ενὲιιεςειίυιη
1051 4157 1136 4205 εει
1153 4147 1295 4219 quod
1319 4144 1565 4218 profero;
1587 4144 1784 4216 quippe
1805 4159 1894 4213 per
1912 4140 2092 4197 Iesum
2127 4136 2282 4192 Chri-
2380 4121 2619 4217 Christo,
2649 4146 2773 4218 quia
2801 4147 2858 4201 in
2887 4145 3105 4200 Christo
3129 4149 3255 4197 sunt
3288 4138 3474 4194 omnia
3499 4141 3667 4192 nostra
3690 4127 3785 4182 bona
3805 4121 3850 4214 ίει

686 4251 821 4297 stum
851 4252 895 4296 et
925 4242 1091 4296 Deum
1130 4208 1362 4296 Patrem.
1403 4208 1857 4312 Apostolus-ergo,
1881 4233 2070 4306 inquit,
2095 4247 2199 4288 non
2217 4230 2273 4286 ah

2260 4230 2280 4285 θ
2319 4251 2334 4266 ⁹
2385 4241 2574 4312 probat
2598 4208 2651 4295 in
2666 4208 2898 4295 Christo
2915 4250 3036 4292 esse
3059 4232 3259 4297 omnia,
3284 4240 3341 4287 et
3363 4245 3460 4301 per
3480 4208 3847 4312 Christumqomniiq

686 4335 970 4390 Ῐιοηιίηίδιιδ
1000 4350 1173 4402 neque
1194 4350 1290 4406 Per
1311 4333 1589 4400 homines;
1620 4331 1875 4403 quoniam
1905 4345 2013 4386 ηοῐι
2039 4344 2134 4400 Per
2151 4341 2285 4399 390-
2383 4300 2504 4390 cum
2533 4330 2663 4388 dicit
2689 4330 2778 4402 qui
2805 4345 2860 4385 se
2886 4327 3024 4383 dedit
3044 4341 3138 4399 pro
3160 4300 3383 4394 peccatis
3420 4317 3623 4380 nostris,
3647 4323 3692 4368 ut
3724 4300 3852 4397 liba?“

683 4429 884 4498 stolos,
922 4429 988 4486 de
1016 4391 1212 4501 quibus
1249 4428 1380 4484 dicit
1413 4427 1538 4499 quia
1559 4391 1614 4483 et
1635 4391 1834 4496 paucos
1873 4422 1990 4480 dies
2008 4391 2130 4479 cum
2154 4391 2284 4494 ipsis
2387 4443 2480 4482 nos
2510 4425 2572 4480 de
2611 4391 2848 4496 praisenti
2886 4391 3074 4477 siccato
3109 4391 3264 4472 malo.
3307 4415 3456 4486 Ergo
3500 4409 3653 4481 ipsius
3686 4391 3852 4490 heretica

689 4528 806 4595 fuit,
827 4484 884 4583 ei
900 4484 1293 4598 quiaudesteras
1313 4523 1411 4580 sibi
1431 4484 1701 4579 dederunt
1724 4537 1738 4576 :
1762 4518 1895 4574 nihil
1915 4533 2044 4588 ergo
2065 4517 2132 4574 ab
2154 4484 2255 4588 ipsi
2311 4585 2361 4598 ﬁ
2389 4519 2554 4590 ipsius
2578 4484 2769 4588 gratia,
2803 4529 2832 4570 a
2864 4513 2977 4570 Deo
2998 4510 3218 4582 quidem
3238 4484 3423 4573 Patre,
3446 4503 3541 4561 sed
3568 4484 3856 4598 passiones“?

689 4581 894 4680 didicit.
916 4581 1120 4693 'Neque
1152 4637 1240 4693 per
1279 4619 1531 4674 hominem
1569 4615 1656 4672 vel
1697 4629 1792 4686 per
1832 4581 2147 4684 prophetam
2174 4581 2283 4666 ali-
2311 4585 2366 4646 D
2393 4581 2492 4670 rios
2515 4581 2860 4684 de'prtesenti
2886 4581 3086 4664 smculo
3107 4605 3340 4672 maligno
3361 4600 3672 4656 liberamur;
3696 4596 3739 4693 et
3755 4581 3857 4693 liberi;

692 4731 872 4786 ‘l'lemt
895 4715 1223 4786 υιαιηυίὲυθ
1244 4711 1352 4786 (2);
1379 4727 1552 4783 ιιθιμιθ
1574 4727 1669 4782 Ρθτ
1687 4708 1963 4766 (Ἇιΐίεῑυηὶ
1986 4708 2284 4776 Ιιοῐηίηθηι,
2395 4726 2516 4765 mur
2552 4679 2647 4778 per
2671 4705 2968 4772 Christum,
3007 4699 3104 4757 sed
3134 4699 3330 4754 virtute
3367 4694 3486 4761 Dei,
3530 4688 3620 4747 Dei
3653 4679 3857 4786 sciliceth

695 4764 1656 4786 τ--ηηκ---η--υ-τι-,ι--ννιηεη
1705 4764 1712 4765 γ
1772 4764 1780 4765 κ
1835 4764 1838 4765 ν
1914 4764 1920 4766 -
2270 4764 2283 4776 ι
2396 4764 2404 4765 κ
2555 4764 2567 4778 .
2952 4764 2964 4772 τ

691 4809 788 4865 sed
829 4825 925 4879 per
958 4811 1230 4866 Christum
1269 4809 1444 4879 quiin
1483 4806 1704 4862 homine
1727 4823 1742 4862 :
1765 4803 2011 4862 Christus
2047 4802 2193 4859 enim
2232 4811 2290 4860 et
2392 4812 2478 4860 est
2519 4800 2689 4872 gloria
2733 4815 2828 4870 per
2864 4809 3081 4852 omnem
3128 4791 3506 4849 aztcruitatem.
3545 4782 3600 4840 Si
3643 4776 3764 4874 isilth

695 4903 836 4959 Deus
860 4913 917 4960 et
943 4904 1124 4960 homo.
1149 4902 1270 4958 Non
1297 4903 1361 4957 ab
1389 4903 1682 4957 hominibus
1709 4916 1868 4972 neque
1894 4915 1984 4968 per
2009 4897 2285 4953 hominem.
2395 4858 2654 4960 aeternus,
2683 4858 2748 4948 eti
2765 4891 2932 4964 gloria
2960 4888 3078 4959 ejus
3103 4887 3156 4941 in
3183 4892 3468 4939 mternum.
3501 4877 3567 4932 Et
3585 4889 3645 4930 ex
3671 4865 3740 4924 Dei
3761 4858 3860 4972 τοξθῖ

695 4994 830 5051 Cum
852 4997 981 5051 dicit
1006 4996 1069 5050 ab
1091 4996 1399 5062 hominibus,
1428 4994 1730 5067 signiﬁcare
1752 4955 1963 5049 videtur
1989 4990 2289 5060 Matthiam,
2395 4995 2508 5046 tate
2533 4955 2795 5043 Christus
2801 4955 3061 5056 mysterio
3081 4978 3314 5043 iunctus,
3336 4990 3434 5046 pro
3460 4955 3862 5067 peceatisnnflsuﬁi

698 5089 792 5161 qui
822 5090 888 5146 ab
921 5088 1228 5145 hominibus
1248 5089 1434 5146 didicit
1463 5042 1596 5144 :uhic
1620 5087 1764 5144 enim
1783 5089 2096 5157 suppositus
2125 5088 2209 5140 est
2237 5042 2292 5140 iri
2401 5079 2571 5152 dedit,
2598 5089 2657 5138 ut
2682 5094 2779 5136 nos
2799 5042 3054 5132 liberaret
3079 5084 3292 5138 omnes,
3325 5042 3564 5123 litterario
3583 5073 3643 5116 ex
3667 5050 3739 5110 Dei

699 5147 876 5241 locum
931 5181 1254 5253 proditoris;
1297 5198 1426 5254 ergo
1458 5182 1528 5238 ab
1557 5147 1866 5238 hominibus
1887 5147 2096 5236 didicit.
2139 5175 2296 5244 Quod
2405 5185 2514 5233 tate
2545 5147 2640 5246 per
2666 5171 2939 5228 Christum
2968 5176 3073 5224 est.
3105 5161 3264 5232 Quod
3291 5161 3339 5217 si
3367 5173 3464 5230 per
3487 5153 3725 5254 Christum
3744 5147 3852 5254 fit!

699 5284 879 5333 autem
909 5229 1044 5331 dixit
1082 5229 1256 5344 neque
1280 5229 1388 5346 peru
1401 5274 1676 5338 hominem,
2405 5229 2654 5327 travn'ihil
2693 5261 3067 5338 quaerendum,
3173 5269 3308 5311 vana
3349 5229 3474 5308 suist
3500 5247 3609 5346 illa,
3634 5253 3733 5314 qua:

704 5371 903 5428 missus
941 5375 1035 5424 aut
1079 5320 1390 5423 doctusrest
1440 5367 1509 5422 ab
1549 5320 2296 5436 honiirier'se‘il‘p‘er’lesu'ni
2753 5320 2807 5414 id
2833 5363 2917 5413 est
2940 5320 3264 5426 iudaismus,
3293 5359 3458 5418 Opera
3498 5339 3642 5412 legis,
3677 5342 3722 5390 el
3748 5320 3867 5381 ΗΜ

703 5463 998 5530 Christum,
1027 5460 1239 5518 scilicet
1260 5459 1448 5515 Deum.
1491 5457 1635 5529 Ergo
1665 5458 1719 5513 in
1747 5473 1813 5513 eo
1841 5456 1983 5528 quod
2019 5456 2157 5512 dixit
2198 5472 2303 5511 non
2403 5455 2734 5519 observatio,
2764 5445 3202 5508 eteircumcisio.
3743 5514 3756 5530 '
3795 5508 3801 5515 .
3834 5493 3870 5530 ἧς

705 5554 769 5609 ab
809 5513 1442 5624 hominibus—,‘apost‘olos
1473 5513 1678 5619 innuit;
1724 5513 1976 5622 quoniam
2027 5549 2303 5621 apostolus
2412 5513 2449 5516 Γ
2478 5513 2646 5607 Vens.
2669 5513 2731 5604 ϐξ
2773 5572 2847 5587 --
2877 5541 3044 5598 Miror
3067 5536 3206 5610 quod
3229 5533 3304 5590 sic
3340 5541 3446 5590 tam
3478 5529 3576 5585 cito
3621 5513 3870 5585 σακείιτίαῖη

782 5689 862 5767 (l)
911 5691 984 5747 ita
1029 5691 1245 5767 codices
1272 5689 1392 5767 sine
1416 5689 1722 5767 capillaet;
1747 5683 2307 5767 quamquam-Paulus
2680 5747 2732 5767 ‘_
2786 5744 2942 5767 LA“
2997 5742 3079 5767 _“__
3111 5737 3244 5767 Amm
3275 5733 3440 5767 Mm“

709 5766 762 5822 in
783 5737 984 5820 ‘iéxit'f
1010 5737 2306 5833 (ιῖἓῇἲᾶἸἔὶαᾶίτᾱίὶὲίᾶἱυήῗέῑῡέῖἡΐιίαῐέὶιήζ
2508 5750 2566 5820 t)
2601 5747 2753 5817 Vulg.
2786 5744 2969 5811 habet,
2991 5742 3079 5813 qui
3107 5737 3246 5795 dedit
3273 5737 3604 5805 semetipsum.

784 5837 864 5898 (2)
896 5835 974 5893 lta
1003 5849 1061 5894 se
1089 5834 1288 5898 habent
1311 5833 1548 5898 codiCcs.
2482 5751 2565 5898 is)
2595 5819 2775 5894 Vulg.,
2804 5818 3019 5890 eriperet
3047 5814 3110 5872 de
3133 5825 3288 5885 praes.
3321 5805 3501 5867 seculo
3523 5815 3604 5873 neq

784 5805 974 5910 (ἐῖῖῶ
1003 5805 1760 5919 sinistraque”
1782 5805 1825 5815 ⁷⁷
1858 5805 2021 5814 ”’””’
2072 5805 2096 5812 ’

2595 5805 2775 5894 Vulgi,
2804 5805 3019 5890 eriperet
3047 5814 3110 5872 de
3133 5825 3288 5885 praes.
3321 5805 3501 5867 secula
3523 5808 3724 5873 “‘4'”
