4018 6184
208 379 346 436 Hi9

1063 370 1128 425 IN
1170 365 1555 425 EPISTULAM
1594 361 1799 420 PAULI
1840 358 1934 414 AD
1973 358 2293 416 GALATAS
2333 359 2534 415 LIBER
2579 361 2618 413 Ι.

3366 356 3507 414 i150

203 493 268 549 ab
289 507 347 547 eo
372 490 458 563 qui
480 504 567 544 vos
596 487 787 543 vocavit
804 487 857 541 in
879 486 1097 558 gratiam
1118 483 1197 553 (l)
1220 483 1271 536 in
1289 479 1434 535 aliud
1456 476 1798 549 evangelium.
1830 468 1885 530 A
1908 470 2173 540 dideritis,
2205 483 2260 528 et
2300 470 2354 528 in
2390 470 2607 529 Christo
2644 471 2825 528 omnia
2861 469 3151 545 Speranda,
3197 470 3383 526 volunt
3413 483 3510 527 vos

208 586 343 646 Cum
385 573 737 655 evangelium
780 588 988 636 certum
1038 579 1109 634 sit
1151 573 1295 649 quod
1352 573 1636 630 annuntiat
1673 585 1805 641 apo-

205 677 381 739 stolus
410 677 630 743 Paulus,
664 674 717 730 id
751 682 834 729 est
858 670 1134 727 Christum
1160 667 1259 724 Dei
1292 666 1510 733 Filium,
1543 665 1802 719 virtutem

207 771 303 829 Dei
333 771 386 827 in
418 769 646 825 salutem
676 765 756 840 (2)
787 763 1038 820 omnibus
1067 758 1417 818 credentibus
1445 758 1561 813 sive
1596 753 1803 814 Graecis

207 865 325 923 sive
361 860 597 925 Judteis;
649 857 889 929 nihilque
931 864 1223 927 praeterea;
1258 853 1357 909 sed
1394 866 1609 907 omnem
1650 863 1804 919 spem

207 957 419 1025 salutis,
456 963 512 1012 et
554 953 741 1025 gratite
783 952 876 1006 Dei
932 950 1077 1006 circa
1118 956 1218 1003 nos
1259 948 1314 1001 in
1356 944 1459 1001 lide
1501 958 1624 1000 esse
1660 941 1805 999 circa

207 1052 504 1117 Christum,
536 1057 594 1105 ιιι
619 1063 743 1105 eum
774 1044 1060 1103 credamus
1088 1042 1182 1099 Dei
1207 1041 1374 1096 lilium
1403 1054 1544 1105 esse,
1583 1052 1681 1109 pro
1711 1051 1807 1091 no-

209 1145 294 1205 bis
336 1157 554 1216 passum
586 1155 731 1206 esse,
780 1134 1163 1201 resurrexissc,
1206 1131 1402 1191 exinde
1447 1146 1547 1187 nos
1593 1143 1809 1201 quoque

209 1247 515 1308 resurgere,
557 1248 682 1289 cum
735 1230 1057 1288 remissione
1105 1235 1480 1299 peccatorum;
1536 1222 1680 1294 quod
1726 1229 1809 1278 est

209 1345 399 1388 verum
440 1326 804 1398 evangelium,
845 1322 990 1395 quod
1038 1321 1322 1378 annuntiat
1361 1316 1592 1385 Paulus;
1637 1317 1807 1387 siquis

210 1423 356 1480 aliud
378 1420 641 1494 adjungit,
670 1417 812 1474 idest
826 1416 1155 1488 judaismum
1182 1424 1237 1471 et
1263 1410 1731 1469 circumcisionem
1754 1419 1809 1464 et

208 1515 424 1577 sabbati
448 1513 880 1572 observationem
908 1519 965 1567 et
1003 1521 1221 1577 caetera,
1260 1517 1446 1579 peccat
1479 1503 1803 1577 hujusmodi,

208 1617 372 1681 atque
395 1608 603 1664 alienus
641 1620 673 1660 a
706 1603 935 1660 veritate
959 1610 1062 1659 est.
1102 1599 1235 1656 Cum
1279 1600 1439 1672 igitur
1471 1597 1676 1657 Galata:
1712 1595 1811 1655 ad-

198 1698 541 1774 jungcndum
592 1696 899 1770 putaverint
955 1693 1286 1766 judaismnm
1348 1691 1416 1748 ad
1466 1690 1805 1764 evangelium

1906 565 2229 621 conturbare
2254 565 2383 621 dum
2410 565 2554 621 aliud
2583 566 2831 623 suadent.

1962 656 2125 713 Vsns.
2141 656 2384 713 8.—Sed
2396 666 2441 712 et
2457 659 2501 713 si
2513 676 2604 713 nos
2618 659 2694 714 vel
2704 658 2915 731 angelus
2928 658 2991 714 de
3001 657 3127 713 celo
3143 657 3278 713 vobis
3293 673 3513 729 erange—

1906 747 2130 801 limaverit
2145 749 2193 820 (1
2207 749 2224 820 )
2237 759 2421 820 praeter
2433 766 2585 821 quam
2602 752 2739 821 quod
2751 749 3206 823 euangelizavimus
3219 749 3511 817 vobis,ana-

1906 841 2075 896 thema
2099 841 2183 895 sit.
2199 841 2390 898 Acrius
2407 858 2471 900 ac
2487 843 2858 900 vehementius
2879 853 3122 900 coactum
3138 858 3355 899 sensum
3373 857 3508 898 con-

1901 936 2100 1009 junxit,
2114 951 2299 992 errare
2309 952 2519 1002 omnes,
2534 938 2577 992 si
2593 944 2790 1010 praeter
2812 937 3146 1008 evangelium
3166 936 3363 994 Christi
3382 935 3508 1008 quid

1908 1027 2375 1095 annuntiaverint;
2395 1028 2568 1100 siquid
2590 1043 2689 1085 nos
2708 1030 2828 1100 ipsi,
2845 1029 3037 1100 quibus
3053 1031 3164 1100 jam
3184 1028 3508 1097 credidistis,

1908 1121 1994 1177 vel
2017 1122 2245 1193 amplius
2265 1123 2509 1193 angelus,
2526 1124 2653 1179 licet
2674 1123 2896 1195 angelus
2916 1123 2983 1179 de
3003 1123 3162 1190 etelo,
3179 1122 3335 1179 aliter
3347 1138 3512 1178 evan-

1907 1213 2220 1285 gelizaverit
2256 1215 2431 1281 vobis,
2469 1214 2628 1270 aliter
2669 1214 2895 1283 scilicet,
2943 1224 3141 1286 praeter
3177 1215 3509 1287 evangelium

1908 1301 2133 1371 Christi,
2157 1305 2298 1378 quod
2324 1306 2538 1378 quidem
2568 1321 2666 1362 nos
2687 1306 3199 1377 evangelizavimus,
3225 1305 3511 1362 anathema

1911 1396 2011 1463 sit;
2047 1397 2148 1452 hoc
2177 1397 2317 1453 enim
2346 1398 2481 1453 dixit
2506 1410 2692 1473 prater
2715 1415 2869 1469 quant
2896 1399 3033 1471 quod
3057 1399 3512 1471 erattgelizavimtts

1907 1488 2071 1544 vobis.
2099 1489 2166 1546 Et
2188 1491 2317 1547 mihi
2340 1507 2491 1565 ergo,
2514 1493 2560 1549 si
2582 1493 2740 1548 aliter
2763 1492 3219 1564 evangelizavero,
3244 1504 3297 1549 et
3318 1494 3513 1563 angelo

1910 1584 2001 1655 qui
2044 1582 2112 1639 de
2140 1584 2282 1641 ctelo
2312 1586 2401 1655 sit,
2445 1586 2512 1654 si,
2546 1586 2737 1657 inquit,
2778 1586 2938 1642 aliter
2966 1586 3325 1642 cnuntiaverit
3351 1601 3509 1657 quant

1910 1692 2010 1733 nos
2049 1679 2218 1735 semel
2248 1680 2647 1736 enuntiavimns
2674 1680 2844 1747 vobis,
2873 1681 2942 1735 sit
2980 1680 3297 1745 anathema;
3330 1679 3380 1735 id
3405 1688 3510 1746 cst,

206 1771 487 1866 Ἀράδιοιῖς
531 1789 674 1857 ideo,
698 1790 799 1856 ait,
825 1788 984 1842 miror
1003 1786 1138 1858 quod
1167 1786 1239 1841 sic
1274 1795 1379 1840 tam
1408 1785 1508 1840 σξιο
1543 1784 1810 1856 ιναηείενξ-
1842 1858 1881 1866 _
1911 1771 2051 1842 quod
2083 1787 2242 1842 supra
2275 1774 2645 1842 exposuimus,
2674 1772 3023 1843 repudietur:
3068 1784 3122 1828 et
3156 1774 3226 1828 Sil.
3263 1773 3356 1829 ille
3391 1774 3512 1831 sine

208 1886 356 1941 nrini.
385 1884 626 1940 Primum
653 1881 797 1939 enim
826 1891 1111 1952 peccatum
1128 1887 1211 1935 est
1234 1878 1343 1933 cito
1372 1877 1682 1943 transferri;
1703 1891 1811 1932 non
1838 1858 1888 1921 Β
1918 1865 2157 1936 Ρΐωιηὶο,
2196 1868 2360 1922 ἱηιιι.ο
2390 1870 2560 1939 magis
2585 1884 2706 1924 cum
2740 1882 2895 1939 pmna
2929 1866 3194 1924 malefacti
3225 1866 3329 1923 sui.

209 1978 354 2034 enim
383 1976 544 2032 habet
564 1974 831 2032 rationem
856 1978 979 2028 cum
1006 1973 1118 2027 cito
1143 1970 1342 2042 aliquid
1374 1968 1696 2026 transfertur
1720 1986 1732 2022 :
1757 1980 1814 2026 et

211 2069 410 2126 deinde
432 2067 577 2141 quod
605 2068 948 2132 transfertur,
973 2062 1228 2135 quoniam
1254 2062 1323 2118 ab
1348 2062 1528 2133 aliquo
1555 2059 1814 2116 transfer-

215 2173 322 2223 tur.
347 2160 643 2220 Videamus
664 2178 793 2232 ergo
816 2180 845 2220 a
870 2180 976 2235 quo
995 2164 1061 2219 ab
1085 2180 1165 2231 co,
1180 2161 1376 2234 inquit,
1402 2160 1489 2231 qui
1508 2175 1595 2214 vos
1618 2156 1814 2212 vocavit

212 2256 269 2314 in
299 2256 542 2329 gratiam.
576 2256 791 2314 Etenim
831 2254 1081 2314 Christus
1120 2256 1210 2327 qui
1244 2268 1341 2325 pro
1370 2253 1526 2309 nobis
1563 2248 1815 2306 omnibus

214 2364 407 2420 passus
432 2359 540 2418 est,
566 2349 620 2406 in
641 2351 869 2423 gratiam
894 2365 992 2407 nos
1014 2348 1242 2415 vocavit,
1271 2346 1318 2403 si
1344 2348 1397 2402 in
1427 2345 1598 2416 ipsum
1624 2344 1814 2399 creda-

214 2458 370 2510 mus;
412 2459 519 2498 non
558 2444 703 2500 enim
731 2458 983 2514 magnum
1023 2452 1107 2498 est
1129 2440 1354 2513 gratiam
1384 2440 1501 2510 ejus
1529 2433 1811 2503 consequi,

213 2536 261 2594 si
294 2535 455 2591 modo
484 2551 609 2591 cum
639 2550 929 2609 sequamur
966 2532 1255 2592 credentes
1286 2530 1541 2604 mysterio
1568 2543 1668 2584 suo
1709 2527 1811 2583 ista

214 2627 563 2702 praestitisse;
598 2635 654 2684 et
686 2626 738 2684 id
768 2627 957 2700 gratis,
986 2635 1043 2683 et
1070 2626 1187 2681 sine
1221 2624 1427 2689 labore,
1461 2633 1516 2678 ct
1550 2618 1669 2677 sine
1700 2635 1813 2676 ma-

210 2720 336 2793 gnis
363 2720 635 2792 operibus.
680 2720 795 2777 Hoc
833 2736 955 2776 cum
985 2720 1057 2776 sit
1090 2718 1247 2775 nobis
1288 2715 1356 2772 al)
1386 2732 1451 2772 eo
1492 2714 1809 2786 praestitum,

215 2812 324 2868 cito
353 2811 423 2867 ab
447 2826 514 2867 eo
542 2806 843 2881 transferri,
872 2826 1123 2883 magnum
1151 2817 1236 2865 est
1270 2806 1500 2864 mirandi
1529 2821 1816 2875 argumen-

216 2913 352 2971 tum,
382 2912 440 2959 ut
468 2900 748 2959 transferri
772 2900 1061 2958 maluerint
1088 2901 1140 2956 in
1168 2898 1312 2956 aliud
1339 2896 1699 2970 evangelium,
1726 2910 1816 2952 so-

214 3001 423 3057 ciantes
440 2996 700 3071 judaismi
730 2996 1089 3070 disciplinam.
1120 2994 1297 3053 Unum
1333 2996 1513 3050 autem
1546 3000 1630 3048 est
1650 3006 1817 3047 evan-

210 3091 439 3167 gelium,
462 3086 746 3162 solumque
762 3105 948 3157 unum,
967 3086 1240 3144 Christum
1261 3084 1484 3143 credere
1502 3083 1597 3156 Dei
1619 3080 1813 3138 Filium

215 3200 358 3253 esse,
384 3182 656 3242 Christum
686 3199 809 3241 cum
832 3183 1084 3257 passione
1107 3197 1203 3237 sua
1227 3189 1284 3237 et
1311 3179 1544 3237 adventu
1571 3178 1623 3234 in
1648 3191 1813 3235 carne

1987 1956 2153 2012 Vens.
2211 1954 2266 2013 9.
2323 1989 2394 2000 —
2450 1960 2619 2015 Sicuti
2680 1960 3034 2033 prtcdiximus.
3088 1960 3270 2015 Potest
3335 1958 3509 2016 videri

1917 2044 2037 2119 quia
2061 2058 2114 2104 et
2137 2044 2192 2103 in
2218 2050 2587 2120 superioribus
2606 2050 2709 2106 tale
2734 2051 2939 2122 aliquid
2955 2050 3281 2122 praedixerit,
3303 2060 3361 2107 ut
3384 2065 3513 2105 ana-

1919 2138 2095 2197 thema
2124 2136 2194 2196 sit
2232 2140 2338 2199 illis
2374 2143 2466 2216 qui
2495 2144 2653 2200 aliter
2682 2145 2974 2215 prtedicant
3000 2145 3342 2215 Evangelium
3374 2163 3387 2199 :
3416 2144 3511 2201 sed

1917 2230 2041 2291 ideo
2069 2234 2203 2291 dixit
2232 2238 2382 2293 sicuti
2409 2240 2766 2311 prwdiximus,
2800 2250 2855 2294 ιιι
2896 2240 3151 2309 adjiccrct
3179 2249 3223 2294 et
3252 2256 3389 2294 mmc
3415 2240 3512 2295 ite-

1915 2342 2029 2382 rum
2059 2326 2175 2382 dico
2200 2338 2257 2384 ut
2277 2329 2344 2385 de
2366 2329 2469 2385 hoc
2493 2330 2608 2402 ipso
2633 2330 2775 2402 quod
2799 2342 2970 2402 nuper
2988 2328 3125 2385 dixit
3149 2330 3513 2401 intelligatur:

1915 2418 2068 2476 sicuti
2103 2422 2455 2494 prtediximtts,
2504 2432 2557 2478 ct
2596 2439 2737 2479 nunc
2778 2424 2971 2479 lterum
3014 2420 3299 2478 admoneo.
3342 2422 3517 2491 Quid?

1916 2510 2069 2582 illud,
2102 2514 2243 2586 quod
2273 2531 2431 2587 supra
2466 2510 2665 2571 dictum
2697 2523 2801 2583 est,
2837 2517 2881 2569 si
2907 2515 3027 2585 quis
3054 2512 3205 2570 vobis
3247 2508 3518 2585 evangeli-

1916 2609 2139 2679 zaverit,
2169 2620 2369 2681 praeter
2390 2626 2548 2683 quam
2580 2608 2721 2681 quod
2749 2608 3053 2680 accepistis,
3091 2605 3376 2663 anathema
3407 2607 3515 2663 sit:

1916 2698 2056 2759 idest
2081 2703 2203 2759 sive
2226 2718 2326 2774 ego
2353 2702 2507 2758 aliter
2535 2702 2839 2773 przedixero
2870 2709 2923 2756 ct
2952 2700 3303 2757 cnuntiavcro
3333 2696 3516 2755 Evan-

1914 2794 2135 2865 geli'um,
2183 2794 2299 2849 sive
2325 2792 2567 2866 angelus,
2604 2788 2720 2849 sive
2758 2790 2984 2866 quilibet
3026 2791 3189 2858 alius,
3233 2794 3518 2846 anathema

1916 2880 2005 2938 sit.
2038 2882 2238 2956 Adjicit
2276 2894 2454 2939 autem
2490 2883 2763 2940 fortiorem
2810 2882 3068 2938 rationem
3107 2881 3230 2954 quia
3272 2896 3378 2935 non
3415 2878 3520 2936 hoc

1917 2977 2060 3049 quod
2100 2976 2229 3048 agit,
2272 2975 2395 3033 ideo
2437 2977 2565 3049 agit,
2611 2983 2669 3031 ιιι
2707 2974 3017 3030 hominibus
3051 2973 3295 3040 suadeat,
3335 2970 3428 3028 sed
3463 2979 3521 3028 ut
3554 3048 3557 3049 ν

1918 3068 2236 3143 mysterium
2285 3069 2573 3140 compleat,
2617 3065 2759 3140 quod
2815 3066 2864 3124 ei
2914 3064 3223 3123 mandatum
3271 3074 3373 3121 est.
3429 3064 3521 3121 Sic

1917 3164 2060 3218 enim
2083 3162 2346 3233 adjungit,

210 3287 271 3336 et
298 3279 695 3335 resurrectione
729 3292 792 3334 ac
824 3277 1079 3349 passione
1099 3274 1328 3332 solvisse
1350 3274 1530 3330 omnia
1560 3281 1804 3344 peccata,

1974 3252 2154 3309 .Vtzns.
2218 3252 2303 3309 l0.
2350 3284 2423 3293 —
2471 3250 2628 3307 Modo
2679 3253 2815 3307 enim
2868 3246 3158 3306 hominibus
3210 3247 3403 3305 suadeo
3453 3265 3521 3304 an

215 3371 415 3427 vicisse
439 3378 691 3437 mortem,
714 3367 1116 3441 corruptionem
1139 3381 1355 3422 omnem
1378 3362 1812 3421 exterminasse:

225 3463 327 3522 hoc
355 3473 439 3521 est
471 3463 645 3518 solum
684 3462 1043 3535 evangelium.
1078 3459 1203 3517 ltleo
1241 3456 1505 3529 adjungit,

288 3555 452 3614 Vens.
473 3556 537 3611 7:
567 3585 638 3598 -—-
667 3554 820 3623 Quod
846 3570 947 3609 non
975 3562 1048 3608 est
1077 3551 1223 3607 aliud
1256 3566 1275 3605 :
1303 3548 1475 3628 solum
1506 3546 1647 3604 enim
1678 3542 1811 3602 illud

215 3662 317 3716 est,
345 3650 487 3723 quod
503 3664 665 3720 supra
680 3649 942 3705 diximus:
973 3644 1117 3702 aliud
1130 3644 1274 3701 enim
1289 3659 1393 3699 non
1410 3652 1509 3709 est,
1544 3654 1717 3711 neque
1746 3654 1814 3695 ex

216 3744 470 3818 operibus
494 3744 690 3799 mereri
717 3742 968 3808 salutem,
1006 3753 1180 3811 neque
1218 3753 1282 3794 ex
1313 3733 1521 3792 sabbati
1550 3732 1814 3789 observa-

213 3840 382 3905 tione,
405 3850 579 3907 neque
606 3850 675 3893 ex
700 3832 1113 3890 circumcisione
1142 3826 1479 3901 evangelium
1508 3833 1613 3891 est,
1642 3824 1813 3894 idest,

213 3933 363 3992 salus
389 3941 596 3991 nostra.

286 4018 408 4082 Nisi
433 4024 477 4080 si
501 4022 663 4093 aliqui
696 4028 816 4077 sunt
834 4019 920 4090 qui
949 4034 1036 4073 vos
1062 4015 1386 4083 conturbant,
1418 4023 1465 4069 et
1494 4011 1671 4068 volunt
1696 4026 1819 4066 con-

211 4128 406 4176 uertere
447 4115 766 4187 euangelium
826 4110 1037 4168 Christi.
1084 4107 1223 4164 Dicit
1278 4120 1410 4178 ergo
1452 4101 1813 4176 quorumdam

212 4228 377 4285 opera
405 4210 522 4267 fieri
554 4224 661 4265 non
686 4222 756 4265 ex
778 4206 1029 4275 veritate,
1058 4213 1115 4259 ut
1134 4217 1256 4258 cum
1275 4199 1574 4257 volnntvos
1594 4206 1818 4255 contur-

213 4307 365 4372 bare,
393 4310 449 4362 et
472 4301 625 4375 quasi
650 4301 828 4356 minus
859 4297 1004 4354 docti
1032 4295 1172 4364 sitis,
1199 4308 1297 4351 vos
1324 4292 1543 4351 docere.
1576 4290 1819 4348 Conver-

216 4404 335 4457 tunt
356 4394 693 4467 evangelium
714 4390 942 4467 Christi,
970 4404 1092 4444 cum
1119 4384 1457 4459 evangelium
1481 4398 1589 4440 non
1615 4380 1687 4439 sit
1714 4381 1818 4438 nisi

213 4490 437 4548 Christi.
471 4486 606 4544 Illud
645 4498 777 4543 vero
807 4479 951 4555 quod
982 4496 1048 4536 ex
1086 4477 1345 4550 operibus
1383 4485 1466 4532 est
1494 4484 1587 4531 aut
1615 4489 1681 4531 ex
1719 4472 1819 4530 cir-

214 4580 568 4645 cumcisione,
603 4574 809 4632 Christi
853 4587 960 4629 non
991 4579 1077 4627 est
1105 4589 1119 4626 :
1151 4568 1352 4626 etenim
1397 4566 1496 4623 ista
1526 4564 1818 4622 carnaliter

1918 3345 2069 3402 Deo?
2111 3362 2216 3403 non
2258 3348 2423 3413 enim,
2452 3344 2646 3417 inquit,
2675 3342 2777 3401 hoc
2799 3342 2941 3417 quod
2965 3361 3085 3415 ago,
3115 3358 3215 3416 ago
3239 3346 3521 3415 propterea

1916 3452 1977 3498 ut
2021 3438 2328 3497 hominibus
2372 3436 2650 3505 suadeam,
2702 3436 2798 3494 sed
2848 3437 3052 3494 suadeo
3091 3445 3217 3493 ante
3244 3434 3521 3493 dominum

1919 3532 2124 3600 Deum,
2171 3533 2256 3589 cui
2304 3530 2464 3588 velim
2513 3531 2762 3601 placere,
2811 3537 2870 3585 ut
2920 3529 2972 3585 id
3027 3528 3169 3601 quod
3210 3529 3519 3585 mandatum

1917 3634 1999 3683 est
2024 3640 2309 3697 exsequar.
2336 3624 2559 3681 Graecus
2584 3621 2743 3679 aliter
2772 3621 2955 3692 habet,
2980 3623 3141 3678 modo
3167 3622 3310 3679 enim
3333 3622 3522 3700 ἀνθρὼο

1917 3742 2051 3781 non;
2069 3720 2229 3776 πείθω
2256 3716 2394 3779 irrito
2419 3717 2526 3774 θεὸν
2554 3715 2664 3790 (‘2)?
2697 3714 2807 3771 Hoc
2835 3725 2919 3772 est
2948 3734 3054 3772 non
3083 3717 3395 3790 evangelizo
3422 3717 3521 3771 ho-

1919 3815 2113 3876 mines,
2140 3826 2313 3882 neque
2333 3824 2454 3880 qua:
2482 3808 2758 3867 hominum
2785 3816 2929 3877 sunt,
2958 3808 3050 3866 sed
3079 3811 3266 3865 Deum.
3295 3808 3520 3866 Persua-

1919 3905 2051 3961 dere
2092 3902 2233 3960 enim
2265 3919 2371 3960 non
2417 3902 2662 3959 homines
2696 3901 2839 3971 volo,
2878 3900 2972 3961 sed
3014 3901 3183 3960 Deum
3221 3902 3519 3960 Christum.

1922 3995 2064 4068 Ergo
2101 4003 2157 4055 et
2198 3995 2276 4052 sic
2307 3995 2484 4052 habeo
2527 3996 2901 4051 necessitatem
2939 4003 2995 4052 et
3041 4007 3241 4052 metmn
3272 4011 3399 4051 vera
3432 3994 3520 4050 di-

1919 4088 2105 4159 cendi,
2147 4092 2202 4145 et
2231 4102 2337 4145 non
2377 4086 2480 4143 alia
2508 4098 2561 4144 et
2585 4087 2687 4143 alia
2716 4088 2949 4144 dicendi.
2980 4087 3080 4142 Aut
3108 4087 3187 4162 (ὅ)
3215 4103 3390 4159 quer
3430 4087 3524 4144 Ito-

1919 4182 2138 4238 minibus
2169 4180 2416 4254 placere?
2444 4180 2558 4238 Non
2581 4180 2723 4238 cnim
2753 4197 2814 4238 ca
2843 4197 2944 4253 ago
2969 4196 3089 4252 quae
3120 4196 3216 4253 pro
3243 4179 3521 4237 hominum

1919 4275 2302 4333 commoditate
2339 4275 2468 4343 sint,
2499 4284 2559 4332 ut
2583 4274 2890 4331 hominibus
2914 4274 3174 4345 placeam,
3198 4271 3292 4330 sed
3322 4282 3379 4329 ιιι
3400 4272 3521 4345 pla-

1918 4384 2068 4426 ceam
2092 4369 2206 4427 Deo
2237 4371 2289 4426 in
2323 4386 2388 4427 eo
2418 4369 2562 4443 quod
2591 4368 2906 4441 obsequium
2930 4379 3151 4442 praesto,
3188 4378 3242 4426 et
3271 4366 3521 4424 mandata

1920 4465 2187 4536 compleo.
2220 4461 2434 4519 Fortius
2476 4471 2655 4520 autem
2694 4462 2936 4535 adjungit
2968 4461 3100 4518 illud
3131 4462 3272 4534 quod
3304 4461 3437 4516 dicit
3477 4461 3524 4515 si

1922 4556 2092 4611 adhuc
2124 4555 2416 4612 hominibus
2446 4552 2718 4628 placerem,
2756 4553 2946 4610 Christi
2984 4569 3160 4610 servus
3199 4570 3301 4607 non
3337 4567 3522 4607 essent.

215 4676 491 4735 intellecta
512 4642 719 4730 Christi
740 4684 850 4725 non
879 4676 1041 4733 sunt;
1066 4662 1111 4720 si
1129 4673 1311 4719 autem
1330 4656 1816 4728 Spiritaliterimel.
1839 4642 1894 4705 D
1923 4647 2134 4703 Etenim
2161 4648 2375 4717 placere
2400 4643 2729 4711 hominibus,
2753 4643 2911 4700 sicuti
2940 4643 3123 4698 multis
3145 4642 3308 4698 rebus
3333 4650 3521 4698 osten-

216 4770 456 4842 liguntur
483 4762 562 4839 (ὅ)
588 4771 648 4820 ιιι
668 4757 1006 4847 circumcisio
1035 4756 1105 4813 sit
1120 4750 1321 4822 cordis,
1341 4760 1395 4809 et
1415 4750 1595 4808 omnia
1615 4766 1733 4822 quae
1761 4744 1817 4805 in

216 4874 383 4920 carne
433 4865 588 4927 sunt,
633 4844 949 4929 spiritaliter
991 4847 1394 4919 intelligantur,
1435 4844 1555 4903 hzec
1594 4845 1814 4917 inquatn

216 4951 422 5010 Christi
448 4947 802 5021 Evangelium
830 4952 975 5002 sunt.
1003 4940 1177 5000 Porro
1204 4951 1384 4997 autem
1415 4937 1505 5010 qui
1532 4936 1600 4993 ad
1628 4951 1815 5008 opera,

216 5055 274 5104 et
301 5044 367 5102 ad
396 5058 462 5101 ea
488 5058 606 5117 qua:
629 5048 756 5098 sunt
774 5036 1013 5097 carnalia
1035 5031 1393 5098 descendunt,
1411 5027 1617 5085 Christi
1638 5026 1817 5117 Evan-

216 5140 417 5214 gelium
447 5151 556 5194 non
585 5134 807 5193 habent.
842 5133 985 5204 Ergo
1013 5128 1104 5201 qui
1125 5142 1225 5184 vos
1254 5123 1552 5181 observare
1566 5120 1664 5214 vel
1694 5116 1819 5177 sab-

218 5212 403 5290 batum
436 5229 521 5286 vel
553 5225 865 5284 neomenias
889 5223 972 5281 vel
1001 5218 1466 5279 circumcisionem
1498 5212 1584 5271 vel
1619 5221 1818 5271 caetera

217 5338 339 5395 qua:
357 5319 613 5392 operibus
635 5316 786 5383 fiunt,
810 5315 998 5371 volunt
1020 5322 1076 5370 et
1095 5311 1306 5383 jubent,
1326 5308 1414 5364 isti
1435 5305 1638 5363 Christi
1653 5320 1820 5362 evan-

216 5415 417 5487 gelium
454 5426 565 5467 non
607 5408 849 5465 habent:
890 5405 1035 5461 unde
1072 5401 1262 5459 volunt
1300 5413 1398 5456 vos
1440 5404 1758 5455 convertere
1784 5411 1816 5453 a

216 5506 416 5565 Christi
436 5501 751 5576 Evangelio.
776 5499 945 5557 Porro
960 5504 1141 5553 autem
1165 5508 1291 5554 cum
1320 5490 1375 5551 in
1394 5490 1670 5550 Christum
1693 5503 1814 5547 cre-

289 5663 368 5737 (1)
394 5662 547 5737 Hunc
564 5673 780 5737 versum
803 5655 959 5737 vulg.
977 5654 1057 5712 sie
1083 5653 1339 5737 exhibet;
1361 5652 1528 5737 uigor
1547 5650 1808 5737 quod..."

217 5720 601 5807 tra‘nsfgremini
619 5730 691 5807 ab
713 5745 773 5807 eo
791 5728 881 5800 qui
894 5720 982 5807 uos
1002 5740 1109 5783 voc.
1132 5725 1190 5783 in
1204 5727 1425 5797 gratiam
1448 5720 1661 5781 Christi.

285 5798 472 5878 (ἥλιε
496 5802 657 5878 codd.
683 5798 813 5878 sine
835 5798 1021 5856 verbo.

284 5866 362 5952 (ὅ)
377 5876 530 5950 Vulg.
552 5875 658 5933 Sed
674 5873 789 5930 licet
803 5886 895 5929 nos
914 5879 1000 5928 aut
1025 5869 1235 5944 angelus
1250 5869 1314 5926 de
1332 5868 1458 5926 ca’lo
1471 5866 1799 5950 evangelista.

1921 4738 2087 4805 ditur,
2125 4754 2229 4793 non
2259 4744 2343 4794 est
2367 4737 2592 4807 gratiam
2621 4735 2717 4793 Dei
2746 4735 2963 4793 mereri.
2991 4736 3045 4791 Si
3078 4735 3199 4806 quis
3237 4751 3302 4790 ex
3342 4733 3524 4806 operi-

1921 4833 2021 4891 bus
2050 4841 2202 4905 putat
2243 4832 2505 4905 agendam
2539 4831 2726 4899 vitam,
2767 4830 3075 4889 hominibus
3105 4830 3301 4903 placet,
3345 4830 3522 4890 adlmc

1921 4926 2144 4998 gratiam
2176 4942 2282 4982 non
2324 4935 2580 4982 meretur.
2642 4925 2793 4996 Quod
2836 4926 2880 4982 si
2925 4925 3214 4981 hominibus
3242 4925 3517 5000 placerem.

1922 5018 2067 5091 Ergo
2097 5018 2142 5075 si
2175 5018 2396 5084 vellem,
2443 5016 2646 5091 inquit,
2688 5016 2997 5077 hominibus
3050 5019 3289 5092 placere,
3331 5019 3522 5077 Christi

1926 5130 2100 5171 servus
2121 5130 2221 5169 non
2249 5128 2429 5181 essem,
2480 5111 2536 5168 id
2563 5120 2646 5170 est
2670 5127 2777 5169 non
2809 5128 2839 5168 a
2867 5107 3083 5169 Christo
3100 5110 3413 5185 redemptus
3441 5127 3523 5168 es-

1926 5224 2061 5283 sem:
2090 5205 2203 5264 lloc
2223 5215 2305 5263 est
2325 5205 2469 5263 enim
2491 5221 2703 5263 servum
2736 5220 2855 5262 esse
2876 5200 3096 5273 Christi,
3122 5214 3180 5262 ιιι
3208 5204 3519 5275 redemptus

1927 5316 2021 5372 per
2049 5301 2167 5372 ejus
2193 5301 2517 5373 passionem,
2547 5316 2577 5357 ιι
2600 5300 2803 5357 mundo
2827 5310 2990 5373 atque
3014 5316 3042 5355 a
3072 5299 3307 5358 dominis
3332 5297 3518 5355 mundi

1924 5401 1980 5450 et
2004 5394 2185 5451 carnis
2216 5395 2496 5466 liberatus,
2521 5393 2632 5467 jam
2659 5392 2930 5452 Christum
2957 5392 3235 5451 dominum
3264 5390 3511 5456 habeam,

1923 5496 1980 5546 et
2003 5489 2121 5563 ejus
2141 5504 2333 5548 servus
2353 5489 2475 5547 sim.
2500 5488 2687 5563 itaque
2703 5489 2793 5562 qui
2818 5489 3124 5547 hominibus
3147 5484 3363 5559 placere
3381 5483 3515 5554 vult,

1989 5652 2070 5726 (1)
2106 5652 2291 5726 ang.,
2321 5654 2479 5713 sicut.
2995 5718 3007 5726 _
3149 5715 3185 5726 η
3260 5714 3271 5726 ι
3347 5712 3363 5726 _
3405 5712 3438 5726 _,

2016 5656 2042 5711 1
2106 5652 2291 5726 ang.,
2321 5654 2479 5713 sicut.

2010 5652 2070 5799 2;
2107 5724 2352 5799 Graecum
2382 5736 2583 5783 textum
2616 5728 2695 5799 (ut
2716 5730 2865 5799 certe
2887 5718 3046 5799 estin
3064 5714 3322 5788 codice)a
3347 5712 3517 5771 latino

1914 5795 2142 5870 differre
2159 5798 2290 5870 mihi
2319 5812 2429 5853 non
2461 5796 2751 5870 persuadet
2784 5795 3111 5853 Victorinus.

1985 5870 2063 5961 (ὃ)
2108 5869 2283 5943 Vulg.,
2309 5885 2397 5925 an.
