4018 6184
640 252 779 311 ttat
1910 251 2103 309 MAR"
2144 250 2490 308 \‘te'romxt
2533 251 2696 308 AFRl
3716 266 3811 323 ,ηε

640 384 672 428 a
696 370 911 428 Christo
933 369 1246 441 redemptus
1269 382 1374 424 non
1393 366 1570 436 est,'et
1593 368 1757 423 servit
1777 367 1958 425 mundi
1983 368 2240 435 dominis,
2270 374 2319 433 Α
2348 378 2526 425 autem
2557 369 2853 425 revelavit?
2877 369 3035 428 Jesus
3061 370 3331 428 Christus.
3364 372 3469 429 Non
3496 377 3615 432 enim
3637 378 3689 434 ita
3716 389 3807 440 arci.

640 477 763 520 cum
792 462 1106 519 horninibus
1142 462 1360 534 placet:
1388 475 1576 516 servus
1599 469 1779 515 autem
1816 457 2016 514 Christi
2063 461 2119 513 lit
2155 458 2244 526 qui
2352 475 2484 530 pere
2509 460 2708 517 debent
2736 463 2846 530 illi,
2879 466 2966 535 qui
2996 465 3106 535 jam
3136 466 3405 521 Christum
3440 480 3697 537 sequuntur,
3716 478 3810 533 uub

641 564 725 611 est
746 555 1058 626 redemptus
1079 571 1109 608 a
1131 554 1397 610 servitute
1419 554 1470 607 in
1496 551 1798 608 libertatem
1827 570 1840 604 :
1867 551 1971 607 hoc
1994 560 2075 606 est
2100 549 2243 606 enim
2350 551 2572 608 homine
2591 553 2892 625 intelligant
2922 568 3200 628 acceptum
3229 600 3243 624 ,
3274 574 3389 612 rum
3418 558 3594 615 dictum
3619 577 3813 632 esset,re-

642 664 859 705 servum
895 647 1098 704 Christi
1142 662 1285 714 esse,
1327 647 1553 702 liberum
1587 660 1709 701 esse
1751 660 1783 700 a
1825 645 2048 702 servitio
2086 660 2244 700 mun-
2352 644 2544 699 velavit
2569 646 2726 702 Jesus
2751 648 3001 706 Christus
3026 693 3041 717 ,
3069 660 3124 706 et
3152 651 3353 708 Galatae
3392 654 3494 723 jam
3522 668 3810 725 acceperuntet

640 742 785 799 dano
817 760 832 797 :
878 740 926 797 is
953 756 1141 797 servus
1162 740 1361 796 Christi
1392 749 1496 809 est,
1528 741 1618 812 qui
1650 740 1978 810 redemptus,
2014 748 2071 793 ut
2095 738 2238 793 dixi-
2353 737 2520 793 Deum
2550 747 2603 796 et
2628 740 2722 796 Dei
2750 741 2941 796 ﬁlium.
2994 743 3213 816 Reliqua
3243 762 3359 812 qua:
3383 746 3671 817 adjnngunt,
3692 753 3739 806 ab
3755 755 3810 808 lto-

641 850 784 903 mus,
818 835 990 890 nescit
1019 833 1164 888 illam
1192 832 1538 900 servitutem;
1565 848 1683 902 quae
1710 832 1861 903 plena
1893 831 2114 887 libertas
2140 839 2243 885 est.
2351 835 2497 888 mine
2525 843 2686 901 sunt,
2717 836 2800 916 vel
2831 837 2900 892 ab
2930 837 3013 892 his
3040 820 3131 909 qui
3163 839 3269 894 illis
3294 853 3591 907 suaserunt,
3628 845 3692 897 vel
3712 846 3815 916 aliip-

715 931 878 987 Vans.
902 931 999 986 11.
1026 927 1298 983 —-Notum
1318 928 1450 982 enim
1473 928 1607 1000 facio
1624 926 1760 981 vobis
1783 926 1860 998 (1)
1883 924 2242 993 Evangelium,
2349 941 2410 981 sp
2439 926 2620 998 Moyse
2640 970 2654 995 ,
2678 910 2965 1002 quilcgem
2998 932 3166 987 dedit.
3194 933 3312 1003 Ipse
3338 935 3540 1006 quidem
3566 952 3590 990 a
3618 936 3702 993 Deo
3718 910 3815 996 acce-

641 1027 778 1099 quod
806 1025 1204 1097 euangelizatuin
1228 1040 1378 1090 ante,
1400 1023 1520 1094 quia
1550 1038 1653 1076 non
1675 1031 1747 1075 est
1776 1019 2053 1075 secundum
2077 1017 2245 1072 Itomi-
2352 1022 2425 1090 pit
2447 1064 2462 1087 ,
2494 1038 2677 1077 verum
2708 1024 2781 1079 illi
2812 1041 2998 1095 parum
3029 1026 3391 1097 intelligentes
3412 1070 3426 1094 ,
3452 1031 3608 1085 omnia
3627 1035 3814 1090 canulita

643 1140 780 1179 nem.
807 1123 959 1187 Sive,
993 1129 1051 1175 ut
1074 1135 1236 1189 supra
1262 1119 1425 1185 dixit,
1457 1117 1599 1189 quod
1630 1132 1731 1171 non
1758 1114 1820 1169 ab
1848 1113 2134 1168 hominibus
2157 1127 2246 1165 ne.
2351 1115 2606 1170 sentiunt.
2641 1116 2713 1171 lla
2749 1125 2954 1174 tantum
2986 1129 3065 1175 est
3096 1121 3217 1175 mali
3245 1121 3258 1175 !
3304 1121 3507 1177 Etenim
3543 1124 3813 1196 Moysmm.

644 1231 743 1288 que
760 1230 849 1285 per
871 1213 1125 1267 Immineat
1148 1212 1425 1282 apostolus
1452 1211 1543 1275 sit,
1576 1218 1632 1265 et
1655 1222 1795 1264 nunc
1842 1207 1942 1262 hoc
1968 1205 2102 1259 dixit
2121 1205 2247 1276 quia
2353 1210 2422 1278 pit
2455 1210 2625 1280 legem
2658 1211 2793 1265 hanc
2818 1253 2832 1276 ,
2872 1222 2925 1267 et
2954 1212 3221 1267 credidit:
3253 1221 3308 1267 at
3334 1229 3458 1267 vero
3487 1215 3714 1283 apostolus
3728 1232 3813 1272 me

646 1322 748 1361 non
764 1304 1042 1360 secundum
1072 1303 1350 1358 hominem.
1377 1302 1586 1357 Etenim
1606 1299 1880 1371 apostolus
1913 1298 2122 1352 nuntiat
2146 1339 2161 1363 ,
2195 1295 2248 1350 id
2351 1300 2515 1355 latum
2548 1302 2650 1357 sibi
2679 1317 2799 1358 esse
2820 1303 2995 1369 dixit,
3038 1314 3093 1360 et
3124 1305 3224 1361 hoc
3243 1307 3479 1376 exponit.

645 1408 730 1455 est
748 1398 1259 1469 evangelizat,quod
1279 1406 1361 1452 cst
1394 1397 1481 1452 Dei
1502 1395 1693 1450 Filium
1710 1392 2248 1465 praedicatChristum
2428 1394 2588 1449 Vsus.
2621 1396 2707 1450 15.
2751 1425 2820 1435 -
2866 1397 3092 1451 Audistis
3129 1399 3264 1451 enim
3310 1398 3694 1452 conversationem
3722 1416 3813 1453 aeta

657 1490 997 1547 Salvatorem
1021 1489 1260 1544 omnium
1285 1530 1300 1554 ,
1328 1503 1424 1558 per
1453 1503 1611 1557 quem
1639 1486 1816 1541 omnia
1842 1485 1976 1539 facta
2000 1494 2124 1539 sunt
2151 1500 2164 1536 :
2194 1492 2249 1538 et
2351 1486 2631 1557 aliquando
2662 1490 2713 1541 in
2731 1488 3000 1559 judaismo
3027 1531 3041 1555 ,
3068 1491 3190 1560 quia
3221 1489 3301 1562 (1)
3332 1507 3488 1560 supra
3515 1492 3685 1544 modum
3719 1509 3815 1557 pent-

645 1582 750 1639 hoc
780 1598 878 1654 ego
903 1597 1009 1637 non
1041 1580 1336 1637 secundum
1360 1582 1632 1636 hominem
1661 1580 1781 1635 dico
1802 1620 1819 1647 ,
1850 1579 1900 1634 id
1923 1589 2006 1633 est
2045 1593 2150 1633 non
2179 1577 2248 1632 ab
2351 1582 2544 1651 quebar
2575 1581 2864 1637 Ecclesium
2888 1582 2987 1638 Dei
3032 1594 3078 1638 et
3109 1585 3461 1657 expugnabam
3491 1584 3594 1655 (2),
3625 1586 3815 1655 ὅρι’ορῥύ

648 1674 866 1730 homine
891 1686 1192 1744 acceptum.
1232 1672 1359 1729 Sive
1385 1674 1508 1743 quia
1555 1672 1671 1742 ipse
1724 1671 1813 1726 ille
1855 1671 2108 1725 Salvator
2142 1684 2247 1725 non
2353 1672 2467 1727 bam
2494 1675 2547 1728 in
2565 1677 2834 1748 judaismo
2855 1693 3012 1749 supra
3035 1677 3223 1731 multos
3263 1687 3541 1731 cowtaueos
3580 1694 3687 1743 meos
3719 1678 3815 1748 ἱηςε-

648 1765 813 1822 homo
835 1775 954 1834 est,
984 1768 1053 1821 ita
1082 1775 1141 1820 ut
1164 1765 1381 1837 quidam
1424 1772 1611 1835 putant
1633 1763 1714 1836 (2)
1739 1779 1754 1829 ;
1800 1777 1974 1833 neque
2013 1762 2139 1833 quia
2195 1762 2245 1816 in
2278 1776 2326 1835 B
2354 1786 2475 1824 nere
2499 1786 2612 1824 meo
2642 1771 2991 1826 abundantius
3031 1772 3224 1826 zelatur
3250 1773 3333 1844 (5)
3364 1773 3572 1827 existens
3598 1780 3814 1841 palmam

658 1861 933 1918 hominem
955 1863 1154 1917 missus
1180 1904 1194 1929 ,
1226 1862 1428 1917 idcirco
1452 1860 1657 1927 homo;
1689 1861 1783 1915 sed
1815 1861 1956 1915 Deus
1987 1861 2247 1932 mysterio
2356 1861 2434 1935 (4)
2483 1863 2837 1918 traditionum.
2900 1863 3119 1919 Summa
3169 1863 3329 1932 hujus
3376 1862 3444 1919 de
3464 1879 3519 1919 se
3544 1861 3737 1918 narrandi
3754 1861 3814 1915 ιιπ

651 1970 872 2012 carnem
896 1969 1117 2011 sumens
1143 1955 1207 2010 ad
1237 1970 1454 2012 carnem
1480 1954 1822 2020 vincendum,
1870 1955 2011 2009 sicut
2064 1954 2247 2009 multis
2351 1968 2470 2025 est,
2506 1960 2581 2014 uti
2609 1958 2803 2015 doceat
2828 1974 2933 2013 non
2973 1960 3120 2033 scab
3144 1958 3451 2013 hominibus
3487 1973 3636 2029 neque
3672 1973 3737 2027 per
3765 1957 3814 2009 ln-

647 2049 851 2106 dictum
892 2060 1054 2122 atque
1093 2058 1377 2106 tractatum
1402 2093 1417 2118 ,
1478 2049 1638 2105 homo
1668 2049 1842 2104 fat-tus
1868 2046 2081 2121 e81(5).
2125 2047 2242 2103 Non
2354 2053 2553 2107 minem
2601 2052 2886 2119 didicisse,
2936 2051 3030 2107 sed
3078 2068 3107 2106 a
3140 2053 3251 2107 Deo
3299 2051 3812 2123 atquealesuChristo:

649 2159 810 2215 ergo,
842 2144 1033 2215 inquit,
1065 2143 1361 2198 secundum
1394 2142 1666 2198 hominem
1691 2140 2243 2212 evangelizavivobis.
2352 2161 2471 2215 qua:
2499 2144 2715 2216 quidem
2764 2159 2852 2200 res
2904 2144 2970 2199 ad
3023 2145 3151 2200 illud
3192 2146 3448 2217 prolicit,
3479 2153 3532 2201 ut
3558 2143 3813 2200 aliterGaht:

650 2237 849 2293 Notum
876 2254 998 2311 ergo
1021 2239 1156 2309 [acia
1186 2239 1372 2311 fratres
1401 2237 1489 2306 qui
1519 2236 1713 2291 erratis
1732 2276 1746 2303 ,
1778 2246 1833 2290 et
1871 2234 1938 2289 ad
1967 2233 2245 2289 hominem
2353 2256 2459 2295 non
2492 2241 2725 2296 sentiant
2744 2282 2759 2307 ,
2802 2255 2977 2311 neque
3004 2239 3405 2311 adiungendum
3427 2240 3607 2311 aliquid
3630 2237 3808 2311 puteutad

645 2330 952 2387 deferimini
975 2343 1028 2386 et
1054 2329 1418 2401 deportamini
1449 2329 1739 2385 carnaliter
1785 2328 2102 2393 sentiendo,
2147 2326 2246 2380 ob-
2353 2332 2403 2385 id
2426 2332 2760 2401 evangelium
2790 2332 2930 2402 quod
2954 2333 3033 2387 eis
3054 2332 3393 2387 annuutiavit
3423 2332 3630 2395 Paulus;
3656 2332 3694 2383 in
3722 2328 3812 2383 (ὶιιτίι

645 2425 914 2482 servando
939 2424 1185 2493 sabbata,
1213 2423 1680 2480 circumcisionem
1700 2463 1716 2490 ,
1747 2430 1802 2477 et
1829 2430 2047 2485 caetera;
2080 2420 2247 2474 Evan.
2352 2436 2496 2481 stum
2526 2425 2682 2479 ﬁdem
2714 2426 3145 2497 suscipiendam,
3181 2436 3236 2481 et
3282 2426 3595 2482 credendum
3627 2424 3726 2494 quod
3751 2424 3812 2490 ipse

650 2519 849 2589 gelium
880 2533 1060 2573 meum
1098 2533 1203 2572 non
1234 2516 1532 2572 secundum
1564 2515 1837 2570 hominem
1867 2524 1950 2570 est
1974 2555 1988 2580 ,
2012 2513 2064 2568 id
2087 2521 2169 2567 est
2194 2521 2252 2566 ut
2353 2522 2579 2578 salutem
2609 2521 2698 2576 dat
2724 2562 2739 2586 ν
2775 2531 2825 2576 et
2865 2520 3002 2576 alius
3032 2521 3245 2575 nullus:
3269 2535 3450 2592 neque
3469 2536 3528 2576 ex
3555 2517 3742 2590 operibus
3763 2528 3812 2568 sa-

650 2612 721 2668 de
766 2610 986 2666 homine
1014 2618 1228 2681 agatur,
1273 2608 1326 2664 id
1351 2620 1433 2664 eSl
1470 2608 1537 2663 de
1579 2623 1778 2673 Came.
1815 2606 1910 2663 sed
1952 2606 2247 2661 secundum
2353 2617 2518 2672 lutem
2543 2615 2659 2671 dari
2688 2629 2861 2685 neque
2891 2630 2956 2669 ex
2979 2613 3399 2672 circumcisione
3430 2613 3512 2669 vel
3529 2609 3814 2668 sablmtiobsu-

648 2704 901 2760 virtutem
933 2704 1146 2759 animae.
1177 2701 1349 2759 Omne
1371 2703 1513 2758 enim
1547 2703 1864 2775 mysterium
1908 2701 2031 2756 ideo
2067 2709 2246 2755 aetum
2354 2710 2569 2764 vatiune
2628 2708 2730 2763 huc
2785 2723 2907 2763 esse
2951 2708 3290 2778 evangelium
3319 2748 3338 2775 ,
3387 2722 3553 2779 neque
3578 2702 3686 2758 aliud
3717 2699 3813 2769 accipi

648 2808 766 2865 est,
831 2805 887 2852 ut
910 2812 1015 2852 non
1037 2811 1103 2853 eo
1134 2796 1294 2852 modo
1316 2795 1929 2867 sentiamus,quomodo
1954 2793 2248 2849 secundum
2356 2812 2617 2876 [περιειἘᾶ
2659 2802 2892 2866 debere,
2946 2803 3091 2872 (μιοά
3139 2800 3348 2858 Galam
3385 2794 3814 2871 acceperumJlocul

649 2891 925 2949 hominem
962 2892 1203 2947 sentiunt
1248 2891 1502 2962 quidam,
1551 2892 1732 2947 omnia
1770 2891 2063 2947 carnaliter
2105 2892 2249 2947 acei—
2354 2896 2511 2952 facile
2537 2895 2765 2968 probet,
2794 2893 3072 2965 adjungit,
3118 2894 3192 2948 uti
3220 2892 3461 2961 dixi,de
3478 2907 3533 2949 se
3554 2888 3812 2947 narrationem.

650 2985 849 3057 piendo
877 3003 890 3039 :
921 2984 1015 3041 sed
1043 2986 1157 3056 ipse
1186 2984 1464 3056 subiunxit
1492 2985 1619 3058 quid
1670 2985 1895 3057 intelligi
1923 2986 2087 3053 velit,
2127 2986 2250 3058 quia
2353 2990 2482 3063 quid
2528 2990 2711 3054 luerit,
2765 2986 3224 3060 quemadmodum
3264 2999 3556 3042 conversus
3599 2983 3682 3047 sit;
3708 2985 3813 3051 poslel

647 3094 753 3134 non
784 3079 1067 3133 secundum
1094 3079 1373 3133 hominem.
2355 3100 2514 3156 quam
2546 3096 2844 3139 conversus
2864 3097 2891 3134 a
2912 3079 3181 3151 judaismo
3207 3081 3262 3135 in
3298 3078 3568 3135 Christum
3605 3073 3726 3144 cmpil
3751 3081 3815 3124 αε-

719 3171 885 3229 Vens.
931 3171 1019 3227 12.
1063 3201 1137 3213 -—
1181 3171 1362 3243 Neque
1405 3173 1540 3227 enim
1578 3188 1670 3246 ego
1713 3174 1776 3227 ab
1831 3173 2034 3228 homine
2075 3172 2252 3244 excepi
2278 3165 2323 3227 C
2356 3176 2523 3242 dere,
2564 3192 2683 3246 quae
2712 3176 2911 3246 egerit:
2960 3183 3014 3229 ει
3040 3172 3184 3244 quod
3226 3173 3414 3228 omnia
3447 3171 3554 3226 hmo
3586 3182 3671 3224 non
3698 3160 3815 3219 abbr

647 3264 817 3332 illud,
872 3280 1035 3336 neque
1074 3266 1255 3320 doctus
1297 3282 1407 3320 sunt
1466 3266 1582 3335 (4),
1633 3265 1723 3320 sed
1751 3282 1841 3336 per
1893 3266 2252 3319 reuelationem
2354 3270 2589 3327 minibus
2619 3268 2909 3331 didicerit;
2947 3267 2990 3321 si
3020 3264 3234 3337 quidem
3267 3279 3445 3336 neque
3467 3263 3657 3318 Petrum
3674 3249 3813 3310 vidiuisi

649 3356 775 3412 Jesu
823 3356 1034 3414 Christi.
1086 3359 1202 3414 Non
1248 3375 1380 3433 ergo
1421 3359 1716 3415 secundum
1763 3360 2036 3415 hominem
2083 3375 2249 3415 evan-
2348 3363 2462 3434 jam
2491 3373 2711 3433 paratus
2733 3368 2787 3414 et
2824 3359 3048 3425 doetus,
3086 3372 3263 3429 neque
3296 3358 3526 3428 aliquem
3550 3349 3813 3424 apostolorum.

649 3452 903 3523 gelizavi,
950 3451 1074 3523 quia
1104 3467 1210 3507 non
1245 3453 1314 3508 ab
1345 3452 1561 3508 homine
1601 3452 1807 3522 accepi.
1841 3452 1983 3521 Ergo
2028 3452 2071 3505 si
2107 3442 2247 3506 aliud
2354 3453 2485 3510 Nam
2509 3453 2702 3524 primo,
2746 3451 2933 3522 inquit,
2976 3450 3187 3521 jndaeus
3245 3449 3365 3515 iui;
3423 3461 3547 3518 ergo
3594 3438 3813 3499 contrarius:

651 3552 734 3600 est
774 3544 1019 3615 accipere
1071 3545 1139 3600 ab
1184 3544 1431 3611 homine,
1483 3544 1624 3600 aliud
1673 3546 1777 3600 erit
1828 3542 2121 3600 secundum
2158 3545 2254 3600 ho-
2356 3562 2531 3617 neque
2558 3546 2625 3601 ab
2678 3544 2808 3614 ipsis
2858 3542 3044 3609 didici,
3086 3542 3282 3613 quippe
3330 3557 3452 3597 eum
3481 3547 3641 3595 contra
3675 3545 3739 3588 eos
3757 3528 3813 3582 sil.

652 3639 893 3695 minem:
926 3649 980 3695 ει
1010 3642 1136 3695 item
1188 3640 1231 3694 si
1262 3640 1405 3696 aliud
1436 3648 1522 3695 est
1570 3654 1675 3693 non
1722 3639 1792 3695 ab
1836 3639 2051 3693 homine
2096 3654 2255 3693 aecc-
2355 3641 2497 3713 quod
2547 3640 2598 3694 in
2642 3638 2920 3709 evangelio
2952 3637 3020 3692 de
3067 3636 3284 3692 Christo
3321 3637 3533 3691 dicitur.
3573 3632 3685 3700 Ergo
3702 3626 3748 3680 Ῐιιί
3771 3623 3813 3691 li'

658 3732 748 3800 pi,
778 3731 921 3785 aliud
950 3732 1053 3785 erit
1085 3746 1190 3786 non
1215 3731 1510 3787 secundum
1558 3730 1873 3786 hominem:
1905 3730 2048 3786 unde
2094 3731 2254 3785 intel-
2356 3733 2504 3788 ιιίευε
2535 3732 2701 3786 multa
2749 3730 2953 3786 faciens
2991 3738 3176 3784 contra
3220 3728 3553 3790 Ecclesiam;
3594 3720 3695 3777 nihil
3714 3726 3815 3783 eli“
3866 3760 3867 3800 ἦ

656 3820 746 3894 ligi
775 3822 900 3877 licet
919 3826 1211 3877 secundum
1243 3824 1537 3889 hominem,
1571 3835 1625 3878 ut
1653 3823 2006 3893 corporaliter
2025 3825 2249 3887 sentias;
2352 3826 2547 3897 judaeis
2571 3824 2758 3879 didici.
2794 3823 2987 3878 Postea
3019 3838 3179 3893 quam
3229 3831 3416 3876 autem
3455 3829 3703 3874 conversus
3731 3824 3814 3897 sum}

654 3915 855 3986 quippe
880 3930 1001 3971 cum
1032 3915 1133 3969 hoc
1159 3917 1388 3986 accipiat
1435 3929 1809 3987 argumentum
1839 3958 1854 3985 ,
1903 3919 2025 3988 quia
2056 3934 2162 3971 non
2185 3917 2254 3971 ab
2357 3896 2414 3975 et
2440 3934 2537 3988 per
2558 3917 2780 3987 gratiam
2818 3930 2972 3969 suam
3025 3915 3167 3968 Deus
3206 3913 3454 3968 revelare
3489 3910 3655 3965 Filium
3684 3896 3815 3959 suntin

654 4009 876 4066 homine
904 4008 1107 4081 accepi.
1140 4008 1196 4064 Si
1237 4008 1380 4064 enim
1406 4010 1532 4063 mihi
1567 4010 1728 4064 homo
1753 4010 1853 4065 ista
1907 4009 2250 4075 tradidisset,
2356 4028 2445 4068 me
2483 4013 2680 4083 coepit;
2713 4011 2850 4078 coepi
2878 4050 2894 4074 ,
2927 4009 3101 4079 inquit
3124 4050 3138 4075 ,
3170 4008 3536 4079 evangelizare
3563 4005 3676 4058 inter
3695 4004 3814 4069 geniti

655 4103 951 4161 secundum
984 4104 1256 4159 hominem
1282 4104 1586 4173 acciperem
1606 4144 1620 4168 ,
1672 4113 1729 4158 ut
1751 4103 1930 4158 omnia
1956 4102 2250 4159 secundum
2432 4105 2632 4160 Deinde
2653 4120 2711 4158 se
2738 4103 2972 4159 ostendit
2999 4120 3103 4157 non
3132 4102 3230 4155 sibi
3255 4102 3559 4172 pepercisse
3592 4112 3670 4151 nec
3689 4090 3811 4146 νεηὶεῖέ

656 4210 876 4251 carnem
909 4195 1262 4267 intelligerem
1290 4213 1304 4250 :
1336 4211 1479 4251 nunc
1525 4210 1654 4250 vero
1703 4196 1846 4265 quod
1897 4196 2205 4266 evangelizo
2236 4235 2250 4260 ,
2357 4212 2417 4253 se
2445 4198 2868 4270 Hierosolymam
2900 4239 2914 4263 ,
2940 4212 3006 4250 ne
3032 4196 3165 4250 forte
3190 4196 3260 4249 ibi
3292 4194 3536 4249 didicerit
3562 4191 3621 4246 ab
3644 4180 3814 4258 opositillf-
3866 4200 3867 4223 ἢ

656 4304 763 4345 non
792 4288 1089 4344 secundum
1118 4288 1392 4344 hominem
1419 4287 1793 4359 accipiendum
1820 4298 1938 4356 est;
1968 4289 2120 4345 idest
2147 4304 2251 4344 non
2357 4289 2463 4345 Sed
2495 4290 2676 4343 recessi
2708 4332 2723 4357 ,
2769 4288 2974 4359 inquit,
3003 4288 3055 4341 in
3084 4287 3370 4353 Arabiam;
3397 4287 3510 4341 inde
3533 4283 3815 4337 Damst!!!”

654 4381 950 4437 carnaliter
971 4381 1066 4436 sed
1089 4381 1406 4451 spiritaliter
1434 4399 1447 4435 :
1480 4383 1679 4452 quippe
1709 4372 1831 4436 cum
1858 4385 1963 4436 hoc
1990 4382 2059 4437 sit
2088 4397 2249 4452 argu-
2358 4383 2432 4437 dii
2479 4382 2559 4456 (5)
2584 4399 2599 4447 ;
2651 4382 2834 4436 deinde
2881 4391 2995 4455 post
3047 4393 3146 4436 tres
3182 4398 3346 4435 annos
3373 4378 3726 4447 Hierosolymam
3748 4363 3815 4419 ιἀίι

657 4482 898 4530 mentum
927 4515 942 4541 ,
975 4473 1116 4544 quod
1148 4490 1254 4529 non
1282 4474 1468 4544 accepi
1493 4473 1597 4548 (5).
1626 4473 1682 4531 Si
1716 4475 1857 4528 enim
1889 4489 1919 4528 a
1951 4473 2142 4544 spiritu
2164 4489 2253 4528 ac-
2359 4475 2502 4531 Ecce
2527 4475 2636 4545 jam
2666 4475 2998 4544 evangelizat
3025 4515 3040 4540 ,
3075 4484 3129 4529 et
3156 4470 3428 4528 Christum
3456 4472 3615 4526 docet.
3658 4463 3816 4551 Νοτιεῖς)

659 4567 779 4638 cepi
805 4610 820 4630 .
855 4576 910 4623 ct
930 4581 959 4621 a
985 4566 1176 4636 Spiritu
1205 4566 1399 4623 doctus
1420 4581 1571 4632 sum,
1611 4566 1930 4637 Spiritaliter
1965 4564 2137 4620 debeo
2166 4567 2251 4619 in-
2279 4553 2333 4612 Ῑ)
2358 4569 2426 4625 ab
2449 4568 2882 4623 hominibushom
2911 4566 3097 4622 didicit
3133 4584 3145 4619 :
3170 4575 3292 4637 post
3325 4565 3597 4620 triennium
3617 4559 3722 4615 enim
3743 4556 3817 4603 vel”

659 4659 940 4730 telligere:
973 4671 1027 4717 et
1055 4658 1157 4715 hoc
1187 4659 1291 4714 erit
1313 4675 1419 4714 non
1442 4658 1739 4715 secundum
1763 4655 2057 4712 hominem.
2094 4656 2255 4711 Deni-
2357 4662 2809 4733 Hierosolymam.
2842 4659 3045 4715 Deinde
3089 4674 3217 4730 ergo
3253 4659 3385 4713 vidit
3414 4658 3649 4719 Petrum,
3681 4660 3718 4703 et
3736 4643 3817 4712 quiti

658 4767 763 4822 (ιιια
791 4749 914 4822 (ιιιίά
944 4751 1259 4823 ειιϋὶηιιείιῖ
1287 4750 1394 4807 θεά
1421 4752 1700 4806 “malum
1724 4760 1798 4806 ⁸⁸⁸
1824 4749 1951 4803 mihi
1980 4791 1995 4815 τ
2051 4749 2246 4817 ίηίιιιῖι.
2358 4758 2531 4813 decim
2562 4756 2752 4810 diebus
2789 4770 2911 4811 eum
2936 4770 3000 4809 eo
3019 4753 3137 4808 fuit.
3171 4752 3396 4822 Quando
3421 4765 3543 4822 ergo
3580 4733 3818 4823 didicitaPtf

660 4858 693 4896 a
716 4821 918 4898 Christo
937 4821 1083 4898 Jesu.
1113 4821 1239 4899 Plus
1259 4853 1438 4900 autem
1464 4843 1585 4899 ﬁdei
1608 4843 1765 4899 habet
1791 4841 1934 4914 quod
1962 4840 2254 4897 revelatum
2361 4857 2444 4903 ιτο
2474 4856 2566 4902 aut
2596 4847 2805 4902 discere
2841 4845 3050 4916 potuit?
3077 4821 3276 4901 Deinde
3307 4821 3582 4904 neminem,
3604 4834 3743 4906 inquit,
3763 4821 3817 4879 ιίδῑ

663 4932 834 5001 dixit,
863 4950 1020 5005 quam
1047 4937 1094 4991 εἰ
1121 4936 1396 4992 doceatur.
1432 4937 1642 4992 Etenim
1676 4935 1925 4991 homines
1955 4932 2172 4997 docent,
2204 4939 2261 4985 ει
2364 4939 2732 5010 aposlulorum
2781 4937 2883 5008 nisi
2911 4937 3170 4993 Jacobum
3215 4935 3433 4992 fratrem
3480 4928 3675 4989 Domini.
3697 4927 3735 4979 Ill
3764 4928 3817 4985 qui

664 5028 817 5100 quasi
844 5028 1140 5083 rationibus
1168 5036 1421 5085 asserunt
1445 5029 1685 5099 aliquid;
1743 5028 2004 5083 revelatio
2035 5035 2214 5079 autem
2242 5064 2256 5089 ,
2366 5032 2494 5089 illud
2550 5036 2732 5104 utique
2781 5030 3016 5087 ostendi;
3048 5073 3062 5096 ,
3110 5045 3140 5084 θ
3168 5030 3315 5085 “uno
3356 5015 3817 5086 sedidicisse,cum¢l

665 5122 902 5194 ipsarum
928 5137 1111 5178 rerum
1137 5123 1275 5179 visio
1300 5132 1413 5190 est;
1447 5122 1591 5194 quod
1622 5122 1808 5192 utique
1837 5122 1954 5192 plus
1985 5129 2086 5176 est.
2129 5117 2262 5185 Quis
2364 5141 2487 5182 cum
2517 5126 2679 5182 Petro
2715 5125 2897 5198 paucis
2925 5124 3115 5180 diebus
3138 5122 3294 5178 fuerit
3320 5140 3334 5177 ;
3381 5131 3434 5177 ei
3458 5118 3677 5175 Jacobum
3710 5104 3817 5161 videns

767 5262 792 5317 1
858 5260 1044 5329 Vulg.,
1082 5256 1232 5313 Vobis
1270 5259 1425 5331 facio,
1452 5264 1654 5331 fratres.
3866 5256 3867 5323 l

738 5260 820 5406 (ἓξ
860 5332 1080 5406 Scilicet
1102 5346 1208 5406 non
1233 5330 1392 5385 homo
1425 5329 1793 5385 tantummodo
1814 5340 1919 5397 est,
1951 5340 2009 5386 ut
2038 5330 2254 5402 quidam
2439 5330 2522 5406 (1)
2552 5330 2743 5406 _\_lu_lg.,
2776 5328 3082 5406 Quoniam._
3866 5342 3867 5406 (

860 5328 1080 5389 Scilicet
1102 5346 1208 5384 non
1233 5328 1392 5385 homo
1425 5328 1793 5385 tantummodo
1814 5340 1919 5397 est,
1951 5340 2009 5386 ut
2038 5330 2254 5402 quidam
2436 5330 2522 5431 (ei)
2552 5330 2743 5431 ‘Yu'lg.,
2776 5328 3093 5431 Quoniam“
3220 5400 3256 5431 Η
3866 5342 3867 5431 ι

860 5405 903 5431 ..2
964 5402 1265 5431 Λνῖβιῖωιιιιι
2503 5413 2514 5431 ι
2602 5420 2630 5431 ..
2657 5417 2687 5431 η
2764 5412 2808 5431 ..ι
2830 5418 3063 5431 manu-.."
3099 5415 3175 5431 nm
3196 5400 3214 5431 ἓ
3260 5415 3336 5431 nm

666 5399 905 5461 lizerétici
962 5402 1291 5459 existimant.
1374 5432 1381 5435 τ
1595 5470 1602 5471 ί
2058 5399 2068 5402 ⁷
2435 5399 2514 5471 (2)
2552 5399 2733 5471 Vulg.,
2760 5412 2808 5455 et
2827 5399 3175 5471 expugnabam
3196 5400 3355 5454 illam.
3652 5461 3665 5471 _
3866 5399 3867 5443 ἲ

741 5454 1211 5549 (5')")l-erbahoino
1238 5454 1420 5549 [uetus
1441 5480 1514 5526 est
1543 5470 1721 5527 addita
1749 5471 1966 5527 fuerunt
2013 5473 2068 5527 in
2113 5488 2254 5528 mar-
2369 5546 2399 5549 __
2561 5454 2939 5549 abiegni.
2964 5454 3146 5537 iatar;
3171 5472 3227 5527 2.
3266 5488 3376 5527 eum
3399 5473 3523 5527 lator
3544 5509 3557 5536 ,
3590 5461 3665 5521 sed
3693 5454 3815 5513 ἀείδω
3866 5472 3867 5549 l

666 5538 828 5621 giae;
866 5557 1050 5671 postea
1076 5560 1206 5601 vero
1236 5538 1430 5599 deleta.
2367 5538 2566 5603 ibidém
2593 5560 2744 5610 εωης
2777 5544 2830 5598 5.
2864 5543 3016 5597 lator.
3866 5538 3867 5607 ἦ

744 5618 826 5690 (4)
884 5618 1048 5690 ήιιιςη
1080 5616 1258 5688 Neque
1283 5616 1419 5670 enim
1455 5630 1549 5686 ego
1579 5613 1643 5668 ab
1673 5613 1879 5669 homine
1904 5614 2080 5686 accepi
2106 5615 2260 5685 illud,
2438 5615 2517 5690 (1)
2553 5615 2715 5690 ang.
2747 5615 3187 5690 addi_tmearum._
3269 5683 3308 5690 Α,
3511 5684 3520 5690 Α
3646 5689 3649 5690 ν
3682 5668 3815 5690 Mm

915 5618 1048 5687 nlg.,
1080 5616 1258 5688 Neque
1283 5616 1419 5670 enim
1455 5630 1549 5686 ego
1579 5613 1643 5668 ab
1673 5613 1879 5669 homine
1904 5614 2080 5686 accepi
2106 5615 2260 5685 illud,
2462 5615 2517 5686 1)
2561 5615 2715 5685 Vulg.
2747 5615 3158 5671 additmearum.

915 5687 1033 5742 dici.
1132 5756 1141 5759 _
1316 5753 1363 5759 __
1554 5751 1567 5759 Α
1618 5749 1628 5759 _
1736 5750 1745 5759 _
2438 5616 2711 5759 (biﬁlum.
2772 5685 2880 5741 Sed
2918 5684 3043 5743 alibi
3070 5686 3158 5743 in.

857 5668 1048 5769 gata-3'
1409 5763 1419 5769 Α
1472 5668 1509 5769 β’
1552 5751 1567 5769 ,
1615 5749 1635 5769 Δ
1735 5750 1774 5769 ,Α
1838 5668 1867 5669 λ
1910 5668 1951 5669 Si
2244 5668 2259 5685 ’
2441 5668 2713 5769 (obtuli.
2772 5668 2880 5769 Sed
2918 5668 3390 5744 annumin...
3430 5696 3474 5744 ιι
3504 5668 3815 5740 timum“

746 5749 828 5831 (ὅ)
866 5750 1239 5828 Βυριιιοιιιιιιιη
1274 5753 1492 5815 videtur
1514 5751 1576 5811 ab
1608 5749 1830 5813 homine.
2369 5749 2839 5813 nuit'Dama'scum.’
