4018 6184
178 300 292 356 H53

979 296 1047 353 IN
1085 293 1482 354 EPISTOLAM
1519 290 1730 351 PAULI
1767 288 1862 349 AD
1899 289 2225 348 GALATAS
2254 289 2458 346 LIBER
2497 290 2541 346 I.

3303 292 3448 350 1154

173 414 364 470 fratrem
387 411 636 479 Domini,
694 412 864 484 magis
893 411 1232 467 conﬁrmavit
1260 426 1290 465 a
1316 409 1519 466 Jacobo
1543 423 1602 463 se
1633 422 1739 462 non
1768 409 1821 471 Α
1847 404 2102 474 diximus)
2127 405 2196 461 de
2223 419 2318 460 sua
2348 418 2577 474 persona
2598 401 2903 460 redeamus.
2930 403 3160 460 Audistis
3185 447 3200 472 ,
3228 404 3402 476 inquit
3428 408 3455 472 ,‘

174 504 384 575 potuisse
408 503 668 569 discere;
718 503 764 557 si
809 502 1024 574 quidem
1073 503 1219 558 eain
1265 500 1543 570 evangelio
1586 498 1746 554 habet

174 594 345 650 Paulus
375 612 390 661 ;
432 602 619 651 contra
661 592 896 649 Jacobus
941 608 1047 648 non
1080 592 1196 648 haec
1221 635 1235 659 ,
1290 603 1346 645 ut
1376 599 1497 662 post
1524 590 1746 644 docebi-

175 702 293 743 mus.
322 684 523 742 Deiude
553 687 659 742 isse
680 701 739 742 se
763 685 828 742 ad
862 696 1040 756 partes
1062 683 1234 756 Syria:
1259 683 1382 739 dicit
1413 690 1468 739 et
1495 681 1696 739 Ciliciae
1728 699 1744 748 ;

175 778 400 835 onmibus
449 788 625 834 tamen
665 777 778 849 jam
832 792 891 833 se
932 775 1175 833 ecclesiis
1211 785 1266 831 et
1306 774 1505 830 Judacis
1564 783 1747 828 notum

175 869 318 927 luisse
341 913 355 936 ,
394 869 534 942 quod
559 885 678 925 cum
708 868 925 925 Iudaeus
953 868 1146 924 fuisset
1175 910 1191 938 ,
1219 868 1382 945 etiam
1409 867 1747 938 evangelium

175 975 468 1037 sequeretur
489 973 541 1019 et
570 964 985 1035 evangelizaret.

236 1057 351 1113 Post
377 1057 491 1113 haec
517 1067 702 1112 narrat
728 1097 740 1115 .
770 1064 891 1128 post
916 1055 1322 1128 quatuordecim
1346 1069 1517 1111 annos
1539 1055 1751 1111 venisse

174 1163 227 1207 se
249 1150 680 1223 Hierosolymam.
704 1149 859 1206 Unde
881 1164 1010 1220 ergo
1033 1148 1224 1204 didicit
1246 1148 1360 1204 bare
1381 1165 1499 1218 qua:
1521 1161 1754 1217 evange-

177 1243 325 1300 lizat?
350 1258 454 1300 non
483 1244 550 1299 ab
571 1243 878 1299 hominibus
902 1259 1070 1315 neque
1103 1242 1505 1314 perhominem,
1533 1240 1626 1295 sed
1657 1254 1753 1310 per

175 1338 559 1395 revelationem.
596 1338 865 1409 Exposui,
890 1339 1096 1406 inquit,
1122 1337 1227 1392 illis
1255 1338 1487 1390 omnibus
1518 1333 1757 1405 Evange-

174 1430 326 1498 litnn,
373 1433 510 1504 quod
554 1431 778 1504 prwdico
808 1432 938 1486 inter
987 1439 1158 1502 gentes
1203 1428 1300 1500 (ι).
1348 1427 1550 1483 Deinde
1590 1426 1752 1481 etiam

171 1525 411 1596 apostolis
437 1541 536 1596 ego
560 1526 728 1596 magis
759 1524 975 1580 narravi
1002 1523 1351 1593 Evangelium
1379 1563 1393 1588 ,
1430 1537 1534 1576 non
1565 1519 1637 1573 illi
1669 1534 1754 1574 tne

172 1615 580 1675 docuerunt.Ubi
594 1627 649 1673 et
665 1627 921 1689 quantum
942 1633 1035 1686 per
1050 1614 1529 1670 dissimulationem
1545 1613 1749 1677 iecerit,

168 1707 314 1766 docet
341 1752 355 1777 ,
384 1721 444 1765 ut
467 1710 816 1781 Evangelium
848 1708 1119 1764 obtineret
1148 1724 1160 1760 :
1186 1707 1230 1762 si
1253 1706 1468 1777 quidem
1501 1705 1754 1775 judaismi

1853 498 2292 553 conversationem
2342 513 2505 551 meant
2532 497 2813 568 aliquando
2862 497 2914 552 in
2929 497 3215 569 judaismo.
3246 498 3323 554 Ne
3354 513 3451 554 no-

1851 608 1973 647 vam
1997 608 2107 649 rem
2142 591 2210 648 de
2235 606 2295 646 se
2325 607 2548 647 narrare
2589 590 2836 647 videatur
2865 634 2881 659 ,
2926 591 3153 648 audistis
3174 593 3345 665 inquit
3375 592 3456 648 vi-
3487 606 3498 611 '

1855 694 1960 739 tam
1986 701 2161 740 meam
2197 704 2210 741 :
2244 684 2344 742 hoc
2373 684 2517 741 enim
2547 684 2691 740 dixit
2728 686 3195 742 conversationem
3233 705 3247 742 :
3275 694 3453 742 actum

1852 783 2002 839 scitis
2032 784 2244 839 vivendi
2273 826 2287 850 ,
2319 799 2478 854 quem
2508 792 2686 839 actum
2712 783 2974 842 habebam
3011 783 3299 855 aliquando
3331 799 3453 840 cum

1856 876 1910 930 in
1933 875 2204 947 judaismo
2232 892 2378 932 eram
2414 918 2429 944 ,
2455 886 2508 931 et
2551 874 3000 946 quemadmodum
3026 876 3250 947 agebam
3276 917 3290 940 ,
3331 877 3455 946 quia

1854 986 2018 1040 supra
2047 969 2264 1025 modum
2310 969 2676 1040 persequebar
2722 967 3017 1024 Ecclesium
3070 968 3188 1024 Dei.
3221 967 3339 1023 Non
3368 982 3457 1024 so-

1854 1061 1964 1116 lum
1994 1104 2009 1127 ,
2044 1060 2217 1133 inquit
2243 1103 2257 1127 ,
2286 1060 2496 1132 judaaus
2523 1076 2674 1115 cram
2703 1100 2718 1127 ,
2742 1070 2794 1115 et
2817 1059 2989 1130 legem
3014 1058 3280 1130 sequebar
3304 1100 3320 1125 ,
3360 1059 3455 1116 sed

1856 1162 2041 1209 contra
2064 1153 2431 1224 persequebar
2472 1152 2756 1207 ecclesiam
2789 1161 2842 1207 et
2882 1152 3281 1223 impugnabam.
3316 1152 3459 1224 Ergo

1856 1246 1948 1315 qui
1978 1246 2103 1299 talis
2124 1260 2269 1301 eram
2298 1251 2358 1299 ut
2390 1259 2743 1316 persequerer
2765 1243 3083 1308 Ecclesiam,
3110 1260 3215 1301 non
3240 1260 3457 1316 possum

1858 1335 2021 1390 hodie
2041 1336 2128 1406 qui
2158 1351 2451 1391 conversus
2482 1351 2600 1391 sum
2629 1352 2657 1389 a
2678 1335 2946 1407 judaismo
2968 1338 3248 1392 ecclesiam
3271 1353 3457 1407 perse-

1857 1430 1950 1499 qni
1977 1469 1992 1493 ,
2020 1445 2177 1500 quam
2200 1429 2560 1499 persequebar
2589 1445 2604 1494 ;
2636 1443 2739 1483 non
2766 1444 3004 1499 possunt,
3041 1428 3280 1499 inquam,
3335 1445 3461 1500 pro-

1858 1520 1990 1576 bare
2020 1530 2074 1575 ιιι
2116 1520 2516 1592 etjudaismum
2568 1536 2798 1592 sequar,
2846 1529 2901 1576 et
2948 1522 3241 1577 Ecclesium
3276 1538 3459 1592 perse-

1859 1630 1994 1684 quar
2028 1631 2040 1666 :
2094 1614 2363 1683 simulque
2390 1658 2405 1681 ,
2463 1615 2686 1684 etquod
2721 1629 2882 1684 supra
2917 1613 3065 1682 dixi,
3114 1615 3164 1668 in
3190 1614 3460 1686 judaismo

1861 1706 1993 1760 nihil
2027 1707 2268 1762 intr-lteri
2319 1722 2493 1777 neque
2522 1707 2703 1778 accepi
2735 1707 2877 1778 quod
2918 1706 2984 1763 ad
3013 1708 3304 1763 Ecclesiam
3334 1724 3460 1779 per-

168 1804 466 1874 particulam
489 1805 759 1874 acceperit
778 1819 845 1859 cx
868 1802 1193 1858 necessitate
1219 1842 1234 1867 ,
1266 1808 1323 1856 ut
1349 1800 1549 1855 veritas
1575 1799 1750 1853 Evan-
1782 1813 1831 1873 Β
1860 1798 2086 1854 tinebat.
2118 1798 2231 1853 Non
2256 1815 2384 1870 ergo
2412 1800 2479 1854 ab
2510 1798 2817 1855 hominibus
2847 1799 3036 1855 doctus
3062 1815 3178 1855 sum
3206 1818 3220 1855 :
3258 1817 3462 1874 expug-

166 1899 279 1969 gelii
309 1909 648 1969 permaneret
676 1940 690 1964 ,
717 1897 857 1969 quod
881 1897 1001 1952 loco
1031 1910 1130 1950 suo
1159 1894 1286 1965 quid
1318 1894 1387 1948 sit
1414 1891 1749 1949 docebimus.

167 1992 289 2049 Inde
330 1993 676 2064 Evangelium
701 2007 863 2045 unum
897 2033 912 2056 ,
941 1997 997 2045 et
1027 1988 1247 2043 Petrum
1281 1996 1333 2042 et
1360 2002 1420 2042 se
1448 1985 1645 2040 habere
1668 1984 1752 2038 di-

167 2084 235 2140 cit
263 2100 279 2149 ;
307 2083 398 2139 sed
430 2083 643 2139 Petrum
676 2092 732 2137 ut
756 2081 1090 2152 evangelizet
1113 2079 1316 2135 ludatis
1348 2119 1363 2145 ,
1409 2092 1468 2134 se
1491 2087 1548 2131 ut
1576 2079 1753 2147 genti-

170 2175 265 2231 bus
282 2191 297 2241 ;
318 2175 486 2229 ethoc
500 2175 599 2228 sibi
623 2190 718 2243 per
732 2172 1119 2229 revelationem
1139 2172 1321 2226 datum
1345 2187 1359 2236 ;
1381 2179 1431 2224 et
1452 2169 1756 2224 ltmcolﬁcia

167 2265 332 2324 divisa
362 2283 481 2324 esse
509 2283 537 2322 a
580 2268 690 2322 Deo
717 2276 771 2322 et
822 2265 1044 2322 domino
1083 2273 1268 2319 nostro
1306 2263 1434 2318 Jesu
1491 2260 1706 2316 Christo
1738 2279 1753 2316 :

169 2358 279 2432 ipse
302 2362 443 2416 enim
478 2362 529 2415 in
560 2360 822 2416 ambobus
852 2369 1107 2429 operatus
1137 2365 1224 2412 est
1252 2375 1266 2412 :
1294 2355 1436 2427 quod
1468 2355 1757 2411 conﬁrma-

167 2455 691 2510 veruntsententiam
715 2468 866 2508 suam
894 2448 1137 2507 eamdem
1158 2466 1279 2507 esse
1302 2450 1494 2505 Petrus
1516 2456 1571 2504 et
1593 2448 1754 2520 Joan-

170 2562 262 2606 nes
288 2562 406 2603 eum
430 2547 675 2617 apostolo
700 2546 868 2601 Paulo
894 2554 948 2601 et
973 2561 1093 2600 cum
1123 2543 1366 2599 Barnaba
1392 2559 1405 2611 ;
1441 2552 1495 2597 et
1521 2557 1753 2597 consen-

168 2650 349 2698 serunt
388 2646 449 2695 ut
485 2638 572 2695 isti
598 2638 851 2710 gentibus
903 2636 1336 2708 evangelizarent
1366 2677 1382 2703 ,
1425 2634 1502 2688 illi
1532 2633 1755 2689 Judaeis.

166 2733 450 2789 Maximum
506 2739 684 2788 autem
708 2729 838 2786 illud
870 2738 926 2785 et
966 2729 1174 2783 ﬁduciae
1203 2742 1315 2782 suae
1357 2735 1412 2781 et
1440 2725 1679 2781 scientias
1704 2733 1760 2781 et

167 2824 511 2880 revelationis
547 2832 601 2879 et
628 2821 908 2893 Evangelii
962 2820 1047 2875 sui
1086 2818 1402 2889 adjungitet
1444 2826 1756 2884 memorat,

166 2915 306 2987 quod
350 2916 557 2986 integre
584 2914 800 2970 Petrum
836 2912 968 2968 dicit
992 2913 1168 2983 egisse
1188 2920 1473 2981 antequam
1502 2926 1531 2964 a
1558 2909 1759 2965 Jacobo

165 3008 379 3077 quidam
412 3015 719 3063 venerunt:
770 3006 968 3062 deinde
1004 3014 1189 3075 postea
1241 3020 1399 3075 quam
1446 3010 1756 3071 venerunt,

162 3106 401 3155 mutatus
429 3111 550 3154 est:
598 3107 652 3154 et
679 3098 782 3154 hoc
812 3098 983 3169 ipsum
1011 3097 1154 3167 quod
1192 3095 1602 3167 reprehenderit
1627 3097 1760 3150 Pau-

162 3184 505 3253 lus,eteum
550 3184 819 3240 revieerit.
874 3183 1103 3238 Mutatus
1146 3192 1325 3237 autem
1370 3183 1543 3237 fuerat
1571 3188 1758 3236 utnon
1789 3210 1835 3274 ρ

164 3276 352 3335 ederet
374 3292 496 3333 cum
523 3275 772 3348 gentibus
802 3318 816 3343 ,
848 3283 906 3333 et
932 3275 1131 3331 Judaeis
1152 3276 1289 3331 cibis
1329 3282 1590 3331 uteretur.
1650 3273 1764 3330 Hoc

162 3389 193 3428 a
225 3389 286 3430 se
315 3373 444 3428 dicit
472 3370 865 3443 reprehensum
896 3372 1095 3441 quippe
1119 3385 1241 3425 cum
1270 3379 1560 3439 antequam
1586 3368 1768 3423 venis-

161 3473 290 3524 sent
314 3453 572 3521 a'Jaeobo
600 3505 615 3531 ,
646 3478 766 3519 cum
790 3464 1040 3535 gentibus
1071 3462 1319 3519 vivebat:
1352 3472 1536 3531 postea
1570 3462 1768 3516 timens

161 3560 332 3616 veluti
361 3559 543 3615 Jacobi
595 3559 798 3631 legatos
823 3600 839 3625 ,
887 3573 1008 3613 cum
1057 3557 1260 3613 Judaeis
1298 3555 1528 3620 vixerit;
1565 3554 1766 3610 etenim

159 3653 400 3711 Iacobus
437 3654 678 3709 admixto
706 3651 983 3709 Judaismo
1021 3648 1294 3706 Christum
1327 3648 1727 3720 evangelizabat
1750 3689 1764 3714 ,

158 3746 310 3819 quod
338 3754 497 3816 negat
524 3746 576 3801 id
621 3745 945 3801 faciendum.
977 3743 1035 3800 Si
1064 3759 1194 3815 ergo
1220 3744 1332 3813 jam
1358 3744 1461 3798 hoc
1506 3751 1560 3798 et
1582 3757 1769 3812 repre-

160 3839 399 3896 hensutn
427 3846 509 3894 est
538 3878 553 3906 ,
584 3838 722 3894 etin
758 3838 915 3893 Petro
956 3853 1078 3892 cum
1108 3837 1182 3891 ita
1222 3844 1407 3907 ageret
1462 3837 1766 3890 convictum

155 3943 330 4001 atque
354 3939 662 4001 superatum
695 3930 776 4001 (2)
826 3939 880 3985 et
914 3930 1289 3984 conﬁrmatum
1320 3945 1336 3994 ;
1394 3930 1581 3999 utique
1602 3928 1768 3982 etiam

154 4025 256 4083 isti
277 4023 485 4081 Galatae
519 4066 533 4092 ,
592 4039 713 4080 eum
746 4024 849 4079 hoc
892 4022 1070 4079 facere
1108 4022 1371 4092 (πέρθε-ἱππ
1402 4064 1417 4089 ,
1465 4022 1771 4092 corrigendi

156 4130 217 4176 et
244 4116 616 4174 commutandi
643 4125 806 4172 sunt:
863 4117 1074 4172 scilicet
1096 4125 1155 4171 ut
1201 4115 1253 4170 hi
1286 4131 1383 4186 per
1413 4115 1572 4169 ﬁdem
1606 4115 1657 4169 in
1681 4113 1773 4170 Je-

155 4228 285 4270 sum
328 4209 603 4267 Christum
632 4210 921 4267 credentes
935 4209 1303 4281 justiﬁcentur
1331 4225 1398 4265 ex
1427 4208 1535 4264 ﬁde
1566 4222 1674 4264 non
1703 4222 1769 4263 ex

155 4304 424 4377 operibus
447 4304 599 4376 legis.

237 4398 358 4455 Hoc
379 4413 549 4469 usque
575 4398 712 4455 ratio
752 4398 821 4455 de
848 4412 909 4455 se
934 4417 946 4453 :
976 4397 1175 4455 deinde
1200 4396 1501 4453 admonitio
1525 4406 1579 4453 et
1608 4411 1768 4453 enar-

155 4492 307 4549 ratio
350 4491 588 4549 estsatis
617 4492 764 4549 utilis
796 4501 853 4548 et
902 4492 1187 4549 commoda
1231 4491 1297 4547 ad
1345 4491 1397 4546 id
1438 4491 1582 4561 quod
1613 4506 1773 4562 agere

1862 1891 2053 1945 nabant
2081 1906 2208 1961 ergo
2238 1890 2557 1946 ecclesiam:
2579 1907 2765 1962 parum
2798 1902 2878 1947 est
2899 1893 3304 1964 expugnabam:
3332 1892 3459 1965 quid

1858 1984 2089 2053 adjecit?
2110 1994 2163 2040 et
2188 1985 2530 2055 proﬁciebam
2551 1985 2605 2039 in
2624 1985 2892 2055 judaismo
2912 2002 3071 2057 supra
3098 1989 3296 2044 multos
3322 2004 3462 2044 cete-

1862 2086 2047 2131 tancos
2068 2093 2220 2133 meos
2243 2078 2296 2132 in
2319 2093 2520 2149 genere
2543 2094 2663 2134 meo
2689 2080 3048 2135 abundantius
3082 2097 3094 2135 :
3122 2089 3319 2137 etcum
3364 2080 3460 2136 ha-

1858 2170 2044 2227 berem
2076 2171 2312 2243 collegas
2362 2214 2378 2238 ,
2427 2187 2580 2241 teque
2611 2188 2798 2228 omnes
2827 2174 3098 2229 vincerem
3124 2174 3416 2244 cupiditate
3439 2216 3456 2244 ,

1865 2274 1921 2321 et
1945 2266 2279 2336 professione
2300 2265 2355 2320 in
2392 2265 2661 2337 judaismo
2691 2283 2706 2319 :
2759 2278 2813 2321 et
2835 2266 3196 2323 abundantius
3222 2281 3459 2338 agerem,

1860 2358 1913 2414 id
1961 2369 2044 2415 est
2084 2360 2272 2414 fortior
2320 2374 2383 2414 ac
2426 2358 2799 2415 vehementior
2828 2359 2892 2414 ad
2933 2359 3266 2431 judaismum
3315 2375 3464 2415 asse-

1861 2450 2086 2506 rendum
2114 2466 2288 2507 essent
2313 2470 2325 2504 :
2348 2451 2629 2507 inmolator
2653 2453 2888 2509 existens
2915 2463 3259 2524 paternarum
3294 2451 3463 2508 tradi-

1863 2542 2066 2597 tionum
2100 2553 2157 2597 ut
2187 2542 2378 2599 eodem
2410 2543 2573 2598 modo
2625 2543 3217 2615 traditionespaternas
3240 2586 3256 2611 ,
3303 2543 3358 2598 id
3381 2551 3465 2600 cst

1862 2631 2121 2689 lectiones
2144 2633 2397 2705 judaismi
2445 2644 2499 2690 et
2524 2635 2657 2706 legis
2682 2676 2696 2699 ,
2722 2651 3048 2706 exponerem
3075 2646 3130 2692 et
3172 2636 3461 2694 traderem.

1862 2723 2138 2792 IEmulus,
2168 2724 2221 2780 id
2251 2736 2355 2793 est,
2374 2725 2636 2793 imitator,
2660 2736 2715 2782 et
2736 2728 2887 2798 quasi
2914 2719 3316 2784 concertatione
3336 2743 3467 2799 qua-

1862 2814 1985 2871 dam
2020 2832 2035 2883 ;
2084 2816 2177 2885 qui
2206 2823 2262 2871 et
2283 2816 2426 2872 idem
2485 2832 2607 2873 esse
2634 2818 2826 2874 vellem
2856 2819 3046 2889 quales
3072 2818 3288 2875 fuerunt
3318 2860 3335 2887 ,
3380 2817 3467 2875 vel

1864 2921 2053 2980 patres
2077 2909 2181 2965 tnei
2215 2910 2296 2965 vel
2322 2911 2452 2980 ipsa:
2485 2911 2824 2966 traditiones.

1938 3001 2102 3057 Vens.
2156 3002 2238 3059 15.
2294 3032 2361 3045 —-
2394 3003 2518 3058 Ηιυο
2546 3002 2705 3074 igitur
2749 3019 2869 3060 cum
2921 3002 3079 3060 fuerit
3133 3004 3281 3072 vita,
3326 3004 3468 3061 unde

1864 3095 2145 3151 conversio
2186 3095 2365 3151 tanta?
2390 3096 2695 3168 Subjungit,
2730 3096 2837 3153 Sed
2881 3114 2998 3151 cum
3048 3098 3243 3171 placuit
3271 3098 3342 3166 ei,
3382 3096 3469 3167 qui

1866 3206 1945 3244 nte
1981 3194 2258 3262 segregavit
2299 3208 2362 3246 ex
2390 3201 2531 3246 utero
2558 3195 2737 3247 matris
2764 3210 2905 3262 meae,
2954 3204 3001 3248 et
3026 3196 3217 3249 vocavit
3240 3211 3331 3267 per
3351 3212 3473 3267 graf-

1870 3283 1994 3336 tiam
2014 3300 2162 3337 suam
2190 3294 2243 3338 ut
2290 3283 2535 3340 reuelaret
2559 3285 2723 3353 ﬁlium
2754 3303 2902 3340 suum
2944 3287 2997 3341 in
3023 3303 3103 3341 me
3125 3328 3139 3351 ,
3179 3297 3232 3342 ut
3259 3302 3472 3360 evange-

1869 3373 2075 3428 lizarem
2104 3374 2252 3429 illum
2280 3376 2332 3429 in
2362 3377 2615 3448 gentibus.
2666 3376 2811 3432 Ordo
2837 3385 2921 3434 est
2944 3419 2958 3442 ,
2999 3378 3091 3433 sed
3135 3395 3252 3433 cum
3279 3379 3474 3449 placuit

1867 3463 1977 3520 Deo
2003 3466 2226 3521 revelare
2263 3468 2430 3536 ﬁlium
2476 3486 2623 3524 suum
2653 3470 2704 3523 in
2731 3486 2829 3524 me.
2856 3468 2994 3539 Quid
3024 3476 3109 3525 (εει
3134 3480 3315 3527 autem
3363 3472 3474 3541 pla-

1867 3559 1980 3614 cuit
2011 3559 2119 3615 Deo
2161 3564 2401 3617 revelare
2458 3562 2624 3617 ﬁlium
2653 3576 2809 3617 suum
2836 3563 2890 3617 in
2919 3578 3007 3618 me
3032 3562 3056 3617 ?
3108 3563 3159 3618 id
3182 3571 3268 3619 est
3293 3572 3350 3618 ut
3375 3579 3476 3636 ego

1868 3665 2250 3721 cognoscerem
2276 3651 2549 3707 Christum
2583 3671 2595 3706 :
2630 3654 2777 3723 prius
2803 3654 2947 3708 enim
2976 3664 3059 3710 est
3080 3665 3136 3709 ut
3163 3664 3472 3726 cognoscat,

1871 3742 2069 3800 deinde
2096 3754 2154 3798 ut
2179 3745 2530 3815 evangelizet.
2555 3745 2647 3802 Sic
2662 3746 2750 3816 qui
2777 3762 2878 3814 me,
2909 3746 3104 3818 inquit,
3137 3748 3390 3818 separavit
3411 3748 3476 3804 de

1869 3847 2015 3893 utero
2040 3838 2214 3893 matris
2234 3854 2360 3892 mete
2384 3880 2398 3906 ,
2428 3838 2481 3893 id
2508 3847 2591 3894 est
2611 3840 2756 3894 nasci
2783 3854 2869 3895 me
2901 3838 3046 3895 fecit.
3087 3839 3218 3895 Item
3251 3850 3299 3895 et
3320 3856 3473 3895 voca-

1870 3932 1938 3986 vit
1968 3948 2048 3986 me
2079 3948 2169 4003 per
2197 3931 2417 4003 gratiam
2454 3947 2633 3993 suam;
2678 3930 2730 3986 id
2753 3940 2834 3987 est
2864 3942 2922 3987 ut
2948 3931 3015 3988 ad
3063 3932 3291 4004 gratiam
3321 3946 3475 3987 suam

1873 4026 2115 4082 venirem
2148 4025 2421 4096 Deumque
2477 4040 2859 4097 cognoscerem
2894 4066 2910 4091 ,
2969 4026 3259 4082 evocavit:
3315 4039 3476 4080 nemo

1873 4119 2017 4175 enim
2049 4116 2330 4187 cognoscit
2386 4117 2551 4172 Deum
2610 4117 2714 4173 nisi
2741 4119 2832 4189 qui
2862 4104 3084 4172 vocatus
3115 4126 3218 4173 est.
3252 4117 3479 4173 Vocavit

1873 4228 2000 4285 ergo
2030 4230 2118 4270 me
2150 4255 2165 4281 ,
2219 4224 2273 4271 et
2303 4215 2504 4285 placuit
2532 4214 2580 4269 ei
2613 4222 2672 4268 ut
2725 4214 2993 4269 revelaret
3023 4213 3191 4268 ﬁlium
3223 4226 3379 4268 suum
3413 4213 3491 4291 in.

1875 4322 2000 4373 me;
2035 4316 2092 4362 ιιι
2112 4322 2214 4378 ego
2246 4347 2261 4373 ,
2294 4306 2467 4378 inquit
2498 4348 2513 4375 ,
2545 4320 2929 4377 cognoscerem
2962 4348 2977 4373 ,
3008 4313 3065 4361 et
3092 4312 3171 4362 sic
3200 4303 3394 4361 deinde
3419 4311 3478 4359 ut

1874 4415 1997 4455 eum
2053 4399 2478 4471 evangelizarem
2524 4399 2665 4454 inter
2692 4410 2900 4471 gentes.
2961 4398 3074 4454 Hoc
3104 4408 3286 4469 postea
3316 4411 3476 4467 quam

1877 4492 2122 4564 placuit,
2179 4491 2305 4563 quid
2333 4501 2577 4548 secutum
2620 4491 2754 4547 est?
2799 4493 3041 4546 continuo
3094 4507 3197 4545 non
3247 4487 3478 4560 acquievi

153 4585 318 4655 cupit
341 4627 355 4649 ,
382 4592 439 4639 ut
467 4584 687 4640 Galatas
705 4584 970 4655 corrigat,
994 4599 1064 4639 ne
1091 4591 1382 4654 sequentes
1401 4583 1726 4653 judaismum
1753 4624 1769 4650 ,
1798 4596 1853 4657 D
1876 4588 2017 4641 carni
2046 4596 2092 4642 et
2119 4586 2377 4659 sanguini.
2412 4586 2554 4657 Ergo
2578 4586 2878 4641 revelatum
2912 4628 2928 4653 ,
2963 4584 3133 4656 inquit
3160 4627 3176 4651 ,
3234 4584 3362 4639 mihi
3394 4593 3480 4641 est

153 4677 521 4748 Evangelium
561 4692 667 4733 non
708 4685 1000 4748 sequantur
1029 4693 1045 4741 ;
1095 4677 1239 4747 quod
1268 4693 1430 4732 unum
1455 4684 1581 4742 est,
1632 4685 1683 4732 et
1715 4677 1768 4731 in

152 4766 445 4825 Christum
470 4785 652 4827 veram
684 4769 842 4826 ﬁdem
875 4769 1072 4827 habere
1092 4812 1108 4837 ,
1167 4778 1221 4826 et
1243 4768 1314 4825 ab
1360 4786 1425 4827 eo
1443 4769 1724 4841 justiﬁcari
1749 4812 1765 4837 ,

154 4877 276 4919 non
309 4879 376 4919 ex
399 4864 651 4932 operibus
680 4866 833 4935 legis.
867 4864 997 4922 Post
1021 4864 1137 4920 haec
1165 4865 1256 4920 dat
1275 4866 1377 4920 alia
1404 4875 1716 4937 argumenta
1750 4906 1765 4932 ,

153 4958 295 5028 quia
319 4972 385 5012 ex
409 4956 620 5013 Christo
663 4959 977 5029 justiﬁestio
1021 4960 1078 5015 ﬁt
1104 4975 1209 5015 non
1237 4975 1302 5016 ex
1344 4960 1463 5031 lege
1507 4976 1681 5031 neque
1702 4976 1767 5015 ex

152 5049 433 5121 Operibus
461 5061 554 5116 ;et
580 5062 662 5107 est
690 5052 787 5108 ista
811 5053 987 5109 omnis
1017 5053 1179 5109 lectio
1204 5094 1218 5119 ,
1251 5069 1411 5125 quam
1443 5068 1603 5124 supra
1636 5052 1768 5116 dixi,

153 5157 350 5212 usque
379 5143 445 5198 ad
476 5143 626 5198 illum
650 5143 825 5199 locum
852 5188 866 5207 ,
895 5145 985 5217 qui
1013 5145 1201 5216 incipit
1222 5146 1292 5200 ita
1326 5186 1341 5211 ,
1369 5144 1416 5199 si
1436 5153 1605 5199 autem
1631 5159 1772 5214 qua:-

146 5245 341 5290 rentes
374 5237 659 5308 justificari
701 5237 755 5290 in
783 5236 1019 5305 Christo,
1052 5238 1368 5293 inveniemur
1390 5247 1435 5291 et
1466 5236 1567 5308 ipsi
1593 5254 1769 5308 pecca-

147 5341 306 5390 tores
332 5349 354 5401 ;
397 5350 517 5406 ergo
544 5334 775 5390 Christus
798 5338 990 5407 peccati
1018 5338 1246 5393 minister
1265 5338 1388 5393 est?
1420 5356 1439 5389 ι
1467 5345 1521 5392 et
1540 5338 1762 5409 reliqua.

144 5424 276 5481 Sed
323 5439 468 5482 nunc
508 5424 576 5481 ad
607 5426 965 5484 narrationem
1018 5428 1160 5501 (qua:
1191 5444 1361 5501 quare
1401 5437 1648 5500 suscepta
1702 5429 1772 5485 sit

377 5672 766 5750 Vulg._Contuli
797 5692 908 5732 cum
958 5678 1062 5733 illis
1121 5677 1452 5750 Evangelium
1478 5677 1615 5747 quod
1635 5692 1768 5749 pra:-

142 5745 285 5819 (1ἱῂ
303 5745 384 5819 ίίη
411 5748 665 5819 gentibus.

229 5815 429 5894 (2)1ta'
450 5818 623 5880 codex
649 5821 955 5895 antiquior;
992 5828 1048 5879 at
1070 5820 1179 5881 duo
1222 5821 1416 5895 reliqui
1452 5829 1764 5895 separatum.

1876 4680 2022 4752 quod
2049 4680 2380 4752 evangelizo.
2406 4679 2476 4735 Et
2506 4678 2728 4735 omnino
2758 4678 2997 4734 laboravi
3042 4676 3352 4734 carnaliter.
3382 4676 3479 4733 Hic

1875 4774 2018 4829 enim
2046 4773 2196 4829 labor
2218 4788 2323 4828 non
2342 4781 2444 4827 est.
2479 4770 2610 4827 Nam
2636 4770 2681 4826 si
2712 4769 2892 4824 divina
2922 4769 3151 4836 nuntiat,
3191 4777 3246 4824 et
3273 4782 3336 4825 ea
3357 4784 3477 4840 qua:

1875 4867 2100 4937 gratiam
2132 4866 2225 4922 Dei
2256 4865 2455 4921 habent
2483 4869 2666 4920 animo
2695 4863 2845 4919 labor
2885 4876 3094 4920 nonest
3126 4906 3140 4931 ,
3199 4863 3294 4920 sed
3324 4862 3480 4918 labor

1876 4962 2054 5018 carnis
2082 4969 2138 5017 et
2161 4960 2437 5031 sanguinis
2468 5001 2484 5027 ,
2515 4959 2568 5014 id
2597 4969 2679 5016 est
2709 4959 3016 5016 discurrere
3049 4998 3064 5024 ,
3090 4957 3232 5014 ferre
3261 4957 3473 5014 itineris

1873 5054 2156 5120 laborem,
2212 5052 2516 5124 provincias
2540 5061 2595 5109 et
2621 5061 2810 5124 gentes
2861 5067 3148 5123 peragrare
3190 5050 3291 5124 (ι).
3351 5048 3477 5105 Νοη

1871 5159 2038 5205 autem
2065 5148 2292 5218 acquievi
2320 5189 2335 5213 ,
2368 5146 2541 5213 inquit
2566 5188 2579 5213 ,
2607 5148 2754 5201 carni
2779 5155 2828 5202 et
2865 5146 3127 5218 sanguini.
3167 5142 3308 5200 Caro
3334 5143 3479 5200 enim

1871 5252 1928 5299 et
1965 5241 2184 5312 sanguis
2211 5240 2370 5296 homo
2411 5240 2648 5296 exterior
2695 5248 2839 5296 totus
2867 5247 2970 5296 est.
2998 5236 3179 5311 Neque
3218 5238 3331 5293 veni
3362 5234 3482 5289 Hie-

1868 5334 2178 5405 rosolymam
2226 5334 2293 5387 ad
2322 5348 2653 5402 praecessores
2705 5349 2842 5387 meos
2896 5333 3154 5404 apostolos
3205 5327 3307 5401 (2).
3342 5327 3477 5382 llinc

1876 5430 2022 5486 enim
2051 5427 2217 5484 videri
2249 5428 2423 5500 potuit
2448 5428 2516 5484 ab
2545 5427 2855 5483 hominibus
2883 5427 2966 5483 vel
2998 5441 3094 5498 per
3126 5422 3370 5478 homines
3396 5418 3479 5475 die

1878 5520 2077 5578 dicisse
2103 5521 2147 5578 si
2171 5519 2600 5594 Hierosolymam
2629 5530 2878 5594 pergeret.
2909 5561 2925 5587 ,
2952 5526 3151 5575 etcum
3185 5512 3479 5583 majoribus

1951 5743 2032 5816 (l)
2062 5743 2215 5816 Yulg.
2250 5742 2502 5798 Continuo
2531 5758 2633 5797 non
2659 5741 2907 5810 acquievi,
2926 5744 3045 5816 etc.
3071 5761 3073 5764 ⁴

1949 5814 2029 5890 (2)
2059 5814 2211 5887 Vulg.
2233 5817 2299 5872 ad
2329 5824 2668 5872 antecessores
2695 5826 2854 5881 meos,
2883 5815 2988 5868 etc.
