  <div class='ocr_page' id='page_1' title='image "/cluster/home/n/w/nwhite01/storage/ocr_20150623/8/hvd.32044096580360/593.png"; bbox 0 0 4018 6184; ppageno 0'>
   <div class='ocr_carea' id='block_1_1' title="bbox 574 229 716 316">
    <p class='ocr_par' dir='ltr' id='par_1_1' title="bbox 574 229 716 316">
     <span class='ocr_line' id='line_1_1' title="bbox 574 229 716 316; baseline 0.021 -3"><span class='ocrx_word' id='word_1_1' title='bbox 574 229 716 316; x_wconf 73' lang='lat' dir='ltr'><strong>ttsa</strong></span> 
     </span>
    </p>
   </div>
   <div class='ocr_carea' id='block_1_2' title="bbox 571 452 2172 526">
    <p class='ocr_par' dir='ltr' id='par_1_2' title="bbox 571 452 2172 526">
     <span class='ocr_line' id='line_1_2' title="bbox 571 452 2172 526; baseline -0.009 -9"><span class='ocrx_word' id='word_1_2' title='bbox 571 461 673 517; x_wconf 88' lang='lat' dir='ltr'><strong>mis</strong></span> <span class='ocrx_word' id='word_1_3' title='bbox 700 458 975 515; x_wconf 88' lang='lat' dir='ltr'><strong>codicibus</strong></span> <span class='ocrx_word' id='word_1_4' title='bbox 1016 466 1071 512; x_wconf 91' lang='lat' dir='ltr'><strong>et</strong></span> <span class='ocrx_word' id='word_1_5' title='bbox 1116 456 1294 511; x_wconf 90' lang='lat' dir='ltr'><strong>latinis</strong></span> <span class='ocrx_word' id='word_1_6' title='bbox 1339 462 1394 510; x_wconf 88' lang='lat' dir='ltr'><strong>et</strong></span> <span class='ocrx_word' id='word_1_7' title='bbox 1432 454 1729 526; x_wconf 59' lang='lat' dir='ltr'><strong>graecis“)</strong></span> <span class='ocrx_word' id='word_1_8' title='bbox 1758 453 1859 509; x_wconf 89' lang='lat' dir='ltr'><strong>ista</strong></span> <span class='ocrx_word' id='word_1_9' title='bbox 1907 452 2172 508; x_wconf 86' lang='lat' dir='ltr'><strong>sententia</strong></span> 
     </span>
    </p>
   </div>
   <div class='ocr_carea' id='block_1_3' title="bbox 570 545 2175 621">
    <p class='ocr_par' dir='ltr' id='par_1_3' title="bbox 570 545 2175 621">
     <span class='ocr_line' id='line_1_3' title="bbox 570 545 2175 621; baseline -0.006 -11"><span class='ocrx_word' id='word_1_10' title='bbox 570 562 675 621; x_wconf 89' lang='lat' dir='ltr'><strong>est,</strong></span> <span class='ocrx_word' id='word_1_11' title='bbox 701 552 770 607; x_wconf 82' lang='lat' dir='ltr'><strong>ad</strong></span> <span class='ocrx_word' id='word_1_12' title='bbox 797 554 976 607; x_wconf 83' lang='lat' dir='ltr'><strong>lteram</strong></span> <span class='ocrx_word' id='word_1_13' title='bbox 1001 552 1241 606; x_wconf 73' lang='lat' dir='ltr'><strong>cessimus</strong></span> <span class='ocrx_word' id='word_1_14' title='bbox 1271 548 1594 618; x_wconf 78' lang='lat' dir='ltr'><strong>subjectinni,</strong></span> <span class='ocrx_word' id='word_1_15' title='bbox 1628 547 1679 603; x_wconf 87' lang='lat' dir='ltr'><strong>id</strong></span> <span class='ocrx_word' id='word_1_16' title='bbox 1703 557 1785 603; x_wconf 88' lang='lat' dir='ltr'><strong>est</strong></span> <span class='ocrx_word' id='word_1_17' title='bbox 1808 545 2029 602; x_wconf 82' lang='lat' dir='ltr'><strong>ferimus</strong></span> <span class='ocrx_word' id='word_1_18' title='bbox 2055 560 2175 617; x_wconf 65' lang='lat' dir='ltr'><strong>quae</strong></span> 
     </span>
    </p>
   </div>
   <div class='ocr_carea' id='block_1_4' title="bbox 570 639 2176 710">
    <p class='ocr_par' dir='ltr' id='par_1_4' title="bbox 570 639 2176 710">
     <span class='ocr_line' id='line_1_4' title="bbox 570 639 2176 710; baseline -0.004 -10"><span class='ocrx_word' id='word_1_19' title='bbox 570 644 677 701; x_wconf 83' lang='lat' dir='ltr'><strong>illis</strong></span> <span class='ocrx_word' id='word_1_20' title='bbox 704 642 947 700; x_wconf 82' lang='lat' dir='ltr'><strong>facienda</strong></span> <span class='ocrx_word' id='word_1_21' title='bbox 972 643 1310 707; x_wconf 87' lang='lat' dir='ltr'><strong>videbantur,</strong></span> <span class='ocrx_word' id='word_1_22' title='bbox 1341 639 1435 696; x_wconf 90' lang='lat' dir='ltr'><strong>sed</strong></span> <span class='ocrx_word' id='word_1_23' title='bbox 1459 656 1564 696; x_wconf 93' lang='lat' dir='ltr'><strong>non</strong></span> <span class='ocrx_word' id='word_1_24' title='bbox 1597 648 1654 693; x_wconf 95' lang='grc' dir='ltr'><strong>ιιι</strong></span> <span class='ocrx_word' id='word_1_25' title='bbox 1676 654 1891 710; x_wconf 90' lang='lat' dir='ltr'><strong>semper</strong></span> <span class='ocrx_word' id='word_1_26' title='bbox 1916 653 2176 709; x_wconf 84' lang='lat' dir='ltr'><strong>sequere-</strong></span> 
     </span>
    </p>
   </div>
   <div class='ocr_carea' id='block_1_5' title="bbox 574 730 2179 806">
    <p class='ocr_par' dir='ltr' id='par_1_5' title="bbox 574 730 2179 806">
     <span class='ocr_line' id='line_1_5' title="bbox 574 730 2179 806; baseline -0.005 -14"><span class='ocrx_word' id='word_1_27' title='bbox 574 752 732 803; x_wconf 86' lang='lat' dir='ltr'><strong>mur;</strong></span> <span class='ocrx_word' id='word_1_28' title='bbox 766 737 948 791; x_wconf 91' lang='lat' dir='ltr'><strong>multis</strong></span> <span class='ocrx_word' id='word_1_29' title='bbox 979 736 1154 790; x_wconf 88' lang='lat' dir='ltr'><strong>modis</strong></span> <span class='ocrx_word' id='word_1_30' title='bbox 1195 735 1456 806; x_wconf 88' lang='lat' dir='ltr'><strong>probatur</strong></span> <span class='ocrx_word' id='word_1_31' title='bbox 1496 733 1783 806; x_wconf 84' lang='lat' dir='ltr'><strong>legendum</strong></span> <span class='ocrx_word' id='word_1_32' title='bbox 1825 733 1895 787; x_wconf 87' lang='lat' dir='ltr'><strong>ita</strong></span> <span class='ocrx_word' id='word_1_33' title='bbox 1939 746 2080 797; x_wconf 89' lang='lat' dir='ltr'><strong>esse,</strong></span> <span class='ocrx_word' id='word_1_34' title='bbox 2110 730 2179 784; x_wconf 83' lang='lat' dir='ltr'><strong>ad</strong></span> 
     </span>
    </p>
   </div>
   <div class='ocr_carea' id='block_1_6' title="bbox 474 822 2176 900">
    <p class='ocr_par' dir='ltr' id='par_1_6' title="bbox 474 822 2176 900">
     <span class='ocr_line' id='line_1_6' title="bbox 474 822 2176 900; baseline -0.005 -16"><span class='ocrx_word' id='word_1_35' title='bbox 474 858 479 863; x_wconf 61' lang='grc' dir='ltr'><strong><em>ο</em></strong></span> <span class='ocrx_word' id='word_1_36' title='bbox 574 829 754 883; x_wconf 81' lang='lat' dir='ltr'><strong>horam</strong></span> <span class='ocrx_word' id='word_1_37' title='bbox 775 828 1018 883; x_wconf 91' lang='lat' dir='ltr'><strong>cessimus</strong></span> <span class='ocrx_word' id='word_1_38' title='bbox 1043 826 1379 900; x_wconf 82' lang='lat' dir='ltr'><strong>subjectioni;</strong></span> <span class='ocrx_word' id='word_1_39' title='bbox 1410 826 1640 896; x_wconf 86' lang='lat' dir='ltr'><strong>primum</strong></span> <span class='ocrx_word' id='word_1_40' title='bbox 1672 824 1793 895; x_wconf 93' lang='lat' dir='ltr'><strong>quia</strong></span> <span class='ocrx_word' id='word_1_41' title='bbox 1828 838 1953 879; x_wconf 89' lang='lat' dir='ltr'><strong>vere</strong></span> <span class='ocrx_word' id='word_1_42' title='bbox 1982 822 2176 889; x_wconf 89' lang='lat' dir='ltr'><strong>cessit;</strong></span> 
     </span>
    </p>
   </div>
   <div class='ocr_carea' id='block_1_7' title="bbox 572 913 2182 987">
    <p class='ocr_par' dir='ltr' id='par_1_7' title="bbox 572 913 2182 987">
     <span class='ocr_line' id='line_1_7' title="bbox 572 913 2182 987; baseline -0.006 -9"><span class='ocrx_word' id='word_1_43' title='bbox 572 936 697 978; x_wconf 89' lang='lat' dir='ltr'><strong>nam</strong></span> <span class='ocrx_word' id='word_1_44' title='bbox 743 933 799 978; x_wconf 92' lang='lat' dir='ltr'><strong>et</strong></span> <span class='ocrx_word' id='word_1_45' title='bbox 832 919 1175 976; x_wconf 81' lang='lat' dir='ltr'><strong>Timotheum</strong></span> <span class='ocrx_word' id='word_1_46' title='bbox 1214 918 1552 973; x_wconf 88' lang='lat' dir='ltr'><strong>circumcidit</strong></span> <span class='ocrx_word' id='word_1_47' title='bbox 1594 924 1813 987; x_wconf 89' lang='lat' dir='ltr'><strong>propter</strong></span> <span class='ocrx_word' id='word_1_48' title='bbox 1844 913 2082 979; x_wconf 66' lang='lat' dir='ltr'><strong>Judzeos,</strong></span> <span class='ocrx_word' id='word_1_49' title='bbox 2123 921 2182 969; x_wconf 90' lang='lat' dir='ltr'><strong>ut</strong></span> 
     </span>
    </p>
   </div>
   <div class='ocr_carea' id='block_1_8' title="bbox 573 1007 2181 1084">
    <p class='ocr_par' dir='ltr' id='par_1_8' title="bbox 573 1007 2181 1084">
     <span class='ocr_line' id='line_1_8' title="bbox 573 1007 2181 1084; baseline -0.006 -13"><span class='ocrx_word' id='word_1_50' title='bbox 573 1015 650 1071; x_wconf 85' lang='lat' dir='ltr'><strong>ait</strong></span> <span class='ocrx_word' id='word_1_51' title='bbox 679 1015 732 1070; x_wconf 92' lang='lat' dir='ltr'><strong>in</strong></span> <span class='ocrx_word' id='word_1_52' title='bbox 769 1011 994 1070; x_wconf 85' lang='lat' dir='ltr'><strong>Actibus</strong></span> <span class='ocrx_word' id='word_1_53' title='bbox 1022 1011 1384 1082; x_wconf 82' lang='lat' dir='ltr'><strong>apostolorum</strong></span> <span class='ocrx_word' id='word_1_54' title='bbox 1412 1009 1581 1084; x_wconf 85' lang='lat' dir='ltr'><strong>(Cap.</strong></span> <span class='ocrx_word' id='word_1_55' title='bbox 1612 1025 1721 1077; x_wconf 70' lang='lat' dir='ltr'><strong>1m,</strong></span> <span class='ocrx_word' id='word_1_56' title='bbox 1741 1010 1828 1079; x_wconf 77' lang='grc' dir='ltr'><strong>ὅ).</strong></span> <span class='ocrx_word' id='word_1_57' title='bbox 1860 1007 2004 1077; x_wconf 83' lang='lat' dir='ltr'><strong>Ergo</strong></span> <span class='ocrx_word' id='word_1_58' title='bbox 2030 1023 2181 1063; x_wconf 90' lang='lat' dir='ltr'><strong>men-</strong></span> 
     </span>
    </p>
   </div>
   <div class='ocr_carea' id='block_1_9' title="bbox 578 1101 2181 1179">
    <p class='ocr_par' dir='ltr' id='par_1_9' title="bbox 578 1101 2181 1179">
     <span class='ocr_line' id='line_1_9' title="bbox 578 1101 2181 1179; baseline -0.005 -14"><span class='ocrx_word' id='word_1_59' title='bbox 578 1108 663 1165; x_wconf 92' lang='lat' dir='ltr'><strong>tiri</strong></span> <span class='ocrx_word' id='word_1_60' title='bbox 688 1124 793 1164; x_wconf 92' lang='lat' dir='ltr'><strong>uou</strong></span> <span class='ocrx_word' id='word_1_61' title='bbox 827 1107 1014 1165; x_wconf 85' lang='lat' dir='ltr'><strong>debuit</strong></span> <span class='ocrx_word' id='word_1_62' title='bbox 1049 1109 1342 1179; x_wconf 83' lang='lat' dir='ltr'><strong>apostolus.</strong></span> <span class='ocrx_word' id='word_1_63' title='bbox 1373 1106 1578 1161; x_wconf 84' lang='lat' dir='ltr'><strong>Deinde</strong></span> <span class='ocrx_word' id='word_1_64' title='bbox 1607 1119 1708 1161; x_wconf 91' lang='lat' dir='ltr'><strong>nec</strong></span> <span class='ocrx_word' id='word_1_65' title='bbox 1737 1102 1803 1157; x_wconf 89' lang='lat' dir='ltr'><strong>ad</strong></span> <span class='ocrx_word' id='word_1_66' title='bbox 1836 1104 2020 1158; x_wconf 91' lang='lat' dir='ltr'><strong>horam</strong></span> <span class='ocrx_word' id='word_1_67' title='bbox 2061 1101 2181 1172; x_wconf 88' lang='lat' dir='ltr'><strong>quis</strong></span> 
     </span>
    </p>
   </div>
   <div class='ocr_carea' id='block_1_10' title="bbox 578 1194 2185 1273">
    <p class='ocr_par' dir='ltr' id='par_1_10' title="bbox 578 1194 2185 1273">
     <span class='ocr_line' id='line_1_10' title="bbox 578 1194 2185 1273; baseline -0.006 -14"><span class='ocrx_word' id='word_1_68' title='bbox 578 1202 803 1270; x_wconf 84' lang='lat' dir='ltr'><strong>diceret,</strong></span> <span class='ocrx_word' id='word_1_69' title='bbox 856 1203 901 1257; x_wconf 88' lang='lat' dir='ltr'><strong>si</strong></span> <span class='ocrx_word' id='word_1_70' title='bbox 940 1217 1139 1273; x_wconf 82' lang='lat' dir='ltr'><strong>negare</strong></span> <span class='ocrx_word' id='word_1_71' title='bbox 1180 1216 1317 1271; x_wconf 85' lang='lat' dir='ltr'><strong>Opus</strong></span> <span class='ocrx_word' id='word_1_72' title='bbox 1362 1201 1532 1256; x_wconf 86' lang='lat' dir='ltr'><strong>luerat</strong></span> <span class='ocrx_word' id='word_1_73' title='bbox 1581 1200 1801 1254; x_wconf 90' lang='lat' dir='ltr'><strong>omnino</strong></span> <span class='ocrx_word' id='word_1_74' title='bbox 1845 1198 2067 1253; x_wconf 85' lang='lat' dir='ltr'><strong>factum.</strong></span> <span class='ocrx_word' id='word_1_75' title='bbox 2113 1194 2185 1250; x_wconf 89' lang='lat' dir='ltr'><strong>Et</strong></span> 
     </span>
    </p>
   </div>
   <div class='ocr_carea' id='block_1_11' title="bbox 578 1290 2187 1364">
    <p class='ocr_par' dir='ltr' id='par_1_11' title="bbox 578 1290 2187 1364">
     <span class='ocr_line' id='line_1_11' title="bbox 578 1290 2187 1364; baseline -0.006 -13"><span class='ocrx_word' id='word_1_76' title='bbox 578 1305 725 1353; x_wconf 90' lang='lat' dir='ltr'><strong>certe</strong></span> <span class='ocrx_word' id='word_1_77' title='bbox 750 1296 794 1350; x_wconf 90' lang='lat' dir='ltr'><strong>si</strong></span> <span class='ocrx_word' id='word_1_78' title='bbox 819 1295 981 1351; x_wconf 88' lang='lat' dir='ltr'><strong>Petro</strong></span> <span class='ocrx_word' id='word_1_79' title='bbox 1003 1295 1217 1361; x_wconf 89' lang='lat' dir='ltr'><strong>restitit,</strong></span> <span class='ocrx_word' id='word_1_80' title='bbox 1249 1292 1374 1364; x_wconf 90' lang='lat' dir='ltr'><strong>quid</strong></span> <span class='ocrx_word' id='word_1_81' title='bbox 1403 1301 1487 1349; x_wconf 92' lang='lat' dir='ltr'><strong>est</strong></span> <span class='ocrx_word' id='word_1_82' title='bbox 1517 1292 1603 1347; x_wconf 92' lang='lat' dir='ltr'><strong>hic</strong></span> <span class='ocrx_word' id='word_1_83' title='bbox 1629 1306 1727 1347; x_wconf 91' lang='lat' dir='ltr'><strong>nec</strong></span> <span class='ocrx_word' id='word_1_84' title='bbox 1756 1290 1823 1344; x_wconf 84' lang='lat' dir='ltr'><strong>ad</strong></span> <span class='ocrx_word' id='word_1_85' title='bbox 1854 1290 2038 1344; x_wconf 90' lang='lat' dir='ltr'><strong>horam</strong></span> <span class='ocrx_word' id='word_1_86' title='bbox 2068 1301 2187 1343; x_wconf 90' lang='lat' dir='ltr'><strong>ces-</strong></span> 
     </span>
    </p>
   </div>
   <div class='ocr_carea' id='block_1_12' title="bbox 578 1382 2186 1458">
    <p class='ocr_par' dir='ltr' id='par_1_12' title="bbox 578 1382 2186 1458">
     <span class='ocr_line' id='line_1_12' title="bbox 578 1382 2186 1458; baseline -0.008 -12"><span class='ocrx_word' id='word_1_87' title='bbox 578 1388 789 1446; x_wconf 82' lang='lat' dir='ltr'><strong>simus?</strong></span> <span class='ocrx_word' id='word_1_88' title='bbox 816 1387 948 1444; x_wconf 89' lang='lat' dir='ltr'><strong>ltem</strong></span> <span class='ocrx_word' id='word_1_89' title='bbox 978 1388 1023 1442; x_wconf 93' lang='lat' dir='ltr'><strong>si</strong></span> <span class='ocrx_word' id='word_1_90' title='bbox 1053 1402 1214 1458; x_wconf 88' lang='lat' dir='ltr'><strong>supra</strong></span> <span class='ocrx_word' id='word_1_91' title='bbox 1238 1385 1440 1441; x_wconf 91' lang='lat' dir='ltr'><strong>dictum</strong></span> <span class='ocrx_word' id='word_1_92' title='bbox 1467 1399 1638 1455; x_wconf 91' lang='lat' dir='ltr'><strong>neque</strong></span> <span class='ocrx_word' id='word_1_93' title='bbox 1670 1382 1836 1448; x_wconf 88' lang='lat' dir='ltr'><strong>Titus,</strong></span> <span class='ocrx_word' id='word_1_94' title='bbox 1863 1382 1949 1452; x_wconf 87' lang='lat' dir='ltr'><strong>qui</strong></span> <span class='ocrx_word' id='word_1_95' title='bbox 1989 1396 2186 1436; x_wconf 87' lang='lat' dir='ltr'><strong>mecum</strong></span> 
     </span>
    </p>
   </div>
   <div class='ocr_carea' id='block_1_13' title="bbox 580 1476 2184 1554">
    <p class='ocr_par' dir='ltr' id='par_1_13' title="bbox 580 1476 2184 1554">
     <span class='ocr_line' id='line_1_13' title="bbox 580 1476 2184 1554; baseline -0.006 -16"><span class='ocrx_word' id='word_1_96' title='bbox 580 1491 690 1538; x_wconf 81' lang='lat' dir='ltr'><strong>erat</strong></span> <span class='ocrx_word' id='word_1_97' title='bbox 727 1498 944 1554; x_wconf 69' lang='lat' dir='ltr'><strong>graecus,</strong></span> <span class='ocrx_word' id='word_1_98' title='bbox 976 1482 1272 1552; x_wconf 80' lang='lat' dir='ltr'><strong>compulsus</strong></span> <span class='ocrx_word' id='word_1_99' title='bbox 1315 1489 1390 1535; x_wconf 85' lang='lat' dir='ltr'><strong>est</strong></span> <span class='ocrx_word' id='word_1_100' title='bbox 1437 1479 1768 1545; x_wconf 80' lang='lat' dir='ltr'><strong>circumcidi;</strong></span> <span class='ocrx_word' id='word_1_101' title='bbox 1810 1493 1916 1532; x_wconf 91' lang='lat' dir='ltr'><strong>non</strong></span> <span class='ocrx_word' id='word_1_102' title='bbox 1956 1490 2084 1546; x_wconf 88' lang='lat' dir='ltr'><strong>ergo</strong></span> <span class='ocrx_word' id='word_1_103' title='bbox 2131 1476 2184 1530; x_wconf 93' lang='lat' dir='ltr'><strong>in</strong></span> 
     </span>
    </p>
   </div>
   <div class='ocr_carea' id='block_1_14' title="bbox 580 1577 2187 1648">
    <p class='ocr_par' dir='ltr' id='par_1_14' title="bbox 580 1577 2187 1648">
     <span class='ocr_line' id='line_1_14' title="bbox 580 1577 2187 1648; baseline -0.006 -15"><span class='ocrx_word' id='word_1_104' title='bbox 580 1578 829 1635; x_wconf 91' lang='lat' dir='ltr'><strong>omnibus</strong></span> <span class='ocrx_word' id='word_1_105' title='bbox 857 1593 957 1635; x_wconf 92' lang='lat' dir='ltr'><strong>nec</strong></span> <span class='ocrx_word' id='word_1_106' title='bbox 976 1593 1192 1648; x_wconf 86' lang='lat' dir='ltr'><strong>semper</strong></span> <span class='ocrx_word' id='word_1_107' title='bbox 1220 1588 1312 1632; x_wconf 90' lang='lat' dir='ltr'><strong>aut</strong></span> <span class='ocrx_word' id='word_1_108' title='bbox 1340 1577 1564 1632; x_wconf 89' lang='lat' dir='ltr'><strong>multum</strong></span> <span class='ocrx_word' id='word_1_109' title='bbox 1589 1592 1605 1642; x_wconf 89' lang='lat'><strong>;</strong></span> <span class='ocrx_word' id='word_1_110' title='bbox 1650 1584 1926 1644; x_wconf 86' lang='lat' dir='ltr'><strong>postremo</strong></span> <span class='ocrx_word' id='word_1_111' title='bbox 1966 1578 2187 1642; x_wconf 87' lang='lat' dir='ltr'><strong>propter</strong></span> 
     </span>
    </p>
   </div>
   <div class='ocr_carea' id='block_1_15' title="bbox 582 1665 2184 1741">
    <p class='ocr_par' dir='ltr' id='par_1_15' title="bbox 582 1665 2184 1741">
     <span class='ocr_line' id='line_1_15' title="bbox 582 1665 2184 1741; baseline -0.004 -15"><span class='ocrx_word' id='word_1_112' title='bbox 582 1670 831 1727; x_wconf 87' lang='lat' dir='ltr'><strong>inductos</strong></span> <span class='ocrx_word' id='word_1_113' title='bbox 888 1669 1123 1737; x_wconf 80' lang='lat' dir='ltr'><strong>fratres,</strong></span> <span class='ocrx_word' id='word_1_114' title='bbox 1175 1671 1264 1741; x_wconf 88' lang='lat' dir='ltr'><strong>qui</strong></span> <span class='ocrx_word' id='word_1_115' title='bbox 1323 1678 1478 1725; x_wconf 89' lang='lat' dir='ltr'><strong>erant</strong></span> <span class='ocrx_word' id='word_1_116' title='bbox 1524 1669 1814 1723; x_wconf 83' lang='lat' dir='ltr'><strong>miscentes</strong></span> <span class='ocrx_word' id='word_1_117' title='bbox 1856 1665 2184 1737; x_wconf 77' lang='lat' dir='ltr'><strong>judaismum</strong></span> 
     </span>
    </p>
   </div>
   <div class='ocr_carea' id='block_1_16' title="bbox 832 244 2588 319">
    <p class='ocr_par' dir='ltr' id='par_1_16' title="bbox 832 244 2588 319">
     <span class='ocr_line' id='line_1_16' title="bbox 832 244 2588 319; baseline -0.004 -10"><span class='ocrx_word' id='word_1_118' title='bbox 832 318 835 319; x_wconf 21' lang='grc' dir='ltr'><em>ν</em></span> <span class='ocrx_word' id='word_1_119' title='bbox 1825 249 2019 307; x_wconf 72' lang='grc' dir='ltr'>ιιΑιιιι</span> <span class='ocrx_word' id='word_1_120' title='bbox 2058 244 2402 306; x_wconf 66' lang='grc' dir='ltr'>νιοΤιιιιιΝι</span> <span class='ocrx_word' id='word_1_121' title='bbox 2428 247 2588 302; x_wconf 79' lang='lat' dir='ltr'><strong>AFRI</strong></span> 
     </span>
    </p>
   </div>
   <div class='ocr_carea' id='block_1_17' title="bbox 569 357 3772 438">
    <p class='ocr_par' dir='ltr' id='par_1_17' title="bbox 569 357 3772 438">
     <span class='ocr_line' id='line_1_17' title="bbox 569 357 3772 438; baseline -0.003 -12"><span class='ocrx_word' id='word_1_122' title='bbox 569 380 627 426; x_wconf 93' lang='lat' dir='ltr'><strong>ut</strong></span> <span class='ocrx_word' id='word_1_123' title='bbox 650 371 702 425; x_wconf 93' lang='lat' dir='ltr'><strong>in</strong></span> <span class='ocrx_word' id='word_1_124' title='bbox 739 367 1006 438; x_wconf 80' lang='lat' dir='ltr'><strong>aliquibus</strong></span> <span class='ocrx_word' id='word_1_125' title='bbox 1058 363 1394 422; x_wconf 89' lang='lat' dir='ltr'><strong>cederemus.</strong></span> <span class='ocrx_word' id='word_1_126' title='bbox 1424 361 1686 430; x_wconf 72' lang='lat' dir='ltr'><strong>Quoniam</strong></span> <span class='ocrx_word' id='word_1_127' title='bbox 1734 373 1911 417; x_wconf 89' lang='lat' dir='ltr'><strong>tamen</strong></span> <span class='ocrx_word' id='word_1_128' title='bbox 1941 363 1994 417; x_wconf 92' lang='lat' dir='ltr'><strong>in</strong></span> <span class='ocrx_word' id='word_1_129' title='bbox 2022 361 2187 433; x_wconf 91' lang='lat' dir='ltr'><strong>pluri-</strong></span> <span class='ocrx_word' id='word_1_130' title='bbox 2212 357 2266 419; x_wconf 85' lang='lat' dir='ltr'><strong>A</strong></span> <span class='ocrx_word' id='word_1_131' title='bbox 2291 361 2439 429; x_wconf 85' lang='lat' dir='ltr'><strong>quasi</strong></span> <span class='ocrx_word' id='word_1_132' title='bbox 2467 376 2532 415; x_wconf 82' lang='lat' dir='ltr'><strong>ex</strong></span> <span class='ocrx_word' id='word_1_133' title='bbox 2561 359 2644 416; x_wconf 89' lang='lat' dir='ltr'><strong>his</strong></span> <span class='ocrx_word' id='word_1_134' title='bbox 2675 361 2765 432; x_wconf 88' lang='lat' dir='ltr'><strong>qui</strong></span> <span class='ocrx_word' id='word_1_135' title='bbox 2795 359 3047 417; x_wconf 79' lang='lat' dir='ltr'><strong>videntur</strong></span> <span class='ocrx_word' id='word_1_136' title='bbox 3072 374 3197 417; x_wconf 88' lang='lat' dir='ltr'><strong>esse</strong></span> <span class='ocrx_word' id='word_1_137' title='bbox 3218 358 3431 432; x_wconf 88' lang='lat' dir='ltr'><strong>aliquid,</strong></span> <span class='ocrx_word' id='word_1_138' title='bbox 3456 361 3534 417; x_wconf 90' lang='lat' dir='ltr'><strong>vel</strong></span> <span class='ocrx_word' id='word_1_139' title='bbox 3556 361 3611 417; x_wconf 86' lang='lat' dir='ltr'><strong>ah</strong></span> <span class='ocrx_word' id='word_1_140' title='bbox 3629 362 3692 419; x_wconf 87' lang='lat' dir='ltr'><strong>his</strong></span> <span class='ocrx_word' id='word_1_141' title='bbox 3710 369 3772 435; x_wconf 86' lang='lat' dir='ltr'><strong>qui</strong></span> 
     </span>
    </p>
   </div>
   <div class='ocr_carea' id='block_1_18' title="bbox 3672 255 3771 311">
    <p class='ocr_par' dir='ltr' id='par_1_18' title="bbox 3672 255 3771 311">
     <span class='ocr_line' id='line_1_18' title="bbox 3672 255 3771 311; baseline 0.02 -2"><span class='ocrx_word' id='word_1_142' title='bbox 3672 255 3771 311; x_wconf 73' lang='lat'><strong>“60</strong></span> 
     </span>
    </p>
   </div>
   <div class='ocr_carea' id='block_1_19' title="bbox 2278 454 3776 528">
    <p class='ocr_par' dir='ltr' id='par_1_19' title="bbox 2278 454 3776 528">
     <span class='ocr_line' id='line_1_19' title="bbox 2278 454 3776 528; baseline 0.005 -21"><span class='ocrx_word' id='word_1_143' title='bbox 2278 454 2347 507; x_wconf 88' lang='lat' dir='ltr'><strong>ab</strong></span> <span class='ocrx_word' id='word_1_144' title='bbox 2372 454 2504 525; x_wconf 87' lang='lat' dir='ltr'><strong>ipsis</strong></span> <span class='ocrx_word' id='word_1_145' title='bbox 2525 465 2895 527; x_wconf 81' lang='lat' dir='ltr'><strong>provenerunt</strong></span> <span class='ocrx_word' id='word_1_146' title='bbox 2931 455 3392 526; x_wconf 84' lang='lat' dir='ltr'><strong>pseudo-apostoli</strong></span> <span class='ocrx_word' id='word_1_147' title='bbox 3419 457 3513 528; x_wconf 81' lang='grc' dir='ltr'>(ι),</span> <span class='ocrx_word' id='word_1_148' title='bbox 3544 469 3684 514; x_wconf 82' lang='lat' dir='ltr'><strong>tamen</strong></span> <span class='ocrx_word' id='word_1_149' title='bbox 3705 461 3776 516; x_wconf 80' lang='lat' dir='ltr'><strong>ali-</strong></span> 
     </span>
    </p>
   </div>
   <div class='ocr_carea' id='block_1_20' title="bbox 2279 548 3779 623">
    <p class='ocr_par' dir='ltr' id='par_1_20' title="bbox 2279 548 3779 623">
     <span class='ocr_line' id='line_1_20' title="bbox 2279 548 3779 623; baseline 0.007 -21"><span class='ocrx_word' id='word_1_150' title='bbox 2279 548 2407 620; x_wconf 82' lang='lat' dir='ltr'><strong>quid</strong></span> <span class='ocrx_word' id='word_1_151' title='bbox 2426 558 2624 613; x_wconf 86' lang='lat' dir='ltr'><strong>essent,</strong></span> <span class='ocrx_word' id='word_1_152' title='bbox 2650 550 2699 604; x_wconf 87' lang='lat' dir='ltr'><strong>id</strong></span> <span class='ocrx_word' id='word_1_153' title='bbox 2722 559 2806 605; x_wconf 92' lang='lat' dir='ltr'><strong>est</strong></span> <span class='ocrx_word' id='word_1_154' title='bbox 2832 559 3190 618; x_wconf 83' lang='lat' dir='ltr'><strong>mutarentur,</strong></span> <span class='ocrx_word' id='word_1_155' title='bbox 3214 559 3544 621; x_wconf 87' lang='lat' dir='ltr'><strong>sequerentur</strong></span> <span class='ocrx_word' id='word_1_156' title='bbox 3560 551 3650 623; x_wconf 82' lang='lat' dir='ltr'><strong>jam</strong></span> <span class='ocrx_word' id='word_1_157' title='bbox 3665 570 3779 612; x_wconf 72' lang='lat' dir='ltr'><strong>evan-</strong></span> 
     </span>
    </p>
   </div>
   <div class='ocr_carea' id='block_1_21' title="bbox 2280 640 3781 714">
    <p class='ocr_par' dir='ltr' id='par_1_21' title="bbox 2280 640 3781 714">
     <span class='ocr_line' id='line_1_21' title="bbox 2280 640 3781 714; baseline 0.005 -17"><span class='ocrx_word' id='word_1_158' title='bbox 2280 641 2500 711; x_wconf 86' lang='lat' dir='ltr'><strong>gelium.</strong></span> <span class='ocrx_word' id='word_1_159' title='bbox 2553 640 2890 712; x_wconf 80' lang='lat' dir='ltr'><strong>Quicumque</strong></span> <span class='ocrx_word' id='word_1_160' title='bbox 2930 642 3094 714; x_wconf 78' lang='lat' dir='ltr'><strong>igitur</strong></span> <span class='ocrx_word' id='word_1_161' title='bbox 3141 658 3284 698; x_wconf 90' lang='lat' dir='ltr'><strong>nunc</strong></span> <span class='ocrx_word' id='word_1_162' title='bbox 3330 642 3558 698; x_wconf 82' lang='lat' dir='ltr'><strong>videntur</strong></span> <span class='ocrx_word' id='word_1_163' title='bbox 3591 659 3688 701; x_wconf 86' lang='lat' dir='ltr'><strong>esse</strong></span> <span class='ocrx_word' id='word_1_164' title='bbox 3713 648 3781 704; x_wconf 81' lang='lat' dir='ltr'><strong>ali-</strong></span> 
     </span>
    </p>
   </div>
   <div class='ocr_carea' id='block_1_22' title="bbox 2281 732 3783 804">
    <p class='ocr_par' dir='ltr' id='par_1_22' title="bbox 2281 732 3783 804">
     <span class='ocr_line' id='line_1_22' title="bbox 2281 732 3783 804; baseline 0.003 -19"><span class='ocrx_word' id='word_1_165' title='bbox 2281 732 2432 804; x_wconf 90' lang='lat' dir='ltr'><strong>quid,</strong></span> <span class='ocrx_word' id='word_1_166' title='bbox 2465 742 2521 787; x_wconf 90' lang='lat' dir='ltr'><strong>et</strong></span> <span class='ocrx_word' id='word_1_167' title='bbox 2548 733 2616 788; x_wconf 90' lang='lat' dir='ltr'><strong>ab</strong></span> <span class='ocrx_word' id='word_1_168' title='bbox 2644 732 2728 788; x_wconf 87' lang='lat' dir='ltr'><strong>his</strong></span> <span class='ocrx_word' id='word_1_169' title='bbox 2754 735 2858 788; x_wconf 88' lang='lat' dir='ltr'><strong>orti</strong></span> <span class='ocrx_word' id='word_1_170' title='bbox 2887 744 3034 798; x_wconf 88' lang='lat' dir='ltr'><strong>sunt,</strong></span> <span class='ocrx_word' id='word_1_171' title='bbox 3067 743 3124 789; x_wconf 91' lang='lat' dir='ltr'><strong>nt</strong></span> <span class='ocrx_word' id='word_1_172' title='bbox 3158 743 3283 790; x_wconf 92' lang='lat' dir='ltr'><strong>ante</strong></span> <span class='ocrx_word' id='word_1_173' title='bbox 3316 735 3445 789; x_wconf 82' lang='lat' dir='ltr'><strong>tales</strong></span> <span class='ocrx_word' id='word_1_174' title='bbox 3476 734 3662 801; x_wconf 78' lang='lat' dir='ltr'><strong>fuerint,</strong></span> <span class='ocrx_word' id='word_1_175' title='bbox 3686 754 3783 796; x_wconf 86' lang='lat' dir='ltr'><strong>nunc</strong></span> 
     </span>
    </p>
   </div>
   <div class='ocr_carea' id='block_1_23' title="bbox 2282 825 3785 899">
    <p class='ocr_par' dir='ltr' id='par_1_23' title="bbox 2282 825 3785 899">
     <span class='ocr_line' id='line_1_23' title="bbox 2282 825 3785 899; baseline 0.004 -19"><span class='ocrx_word' id='word_1_176' title='bbox 2282 840 2413 880; x_wconf 90' lang='lat' dir='ltr'><strong>vero</strong></span> <span class='ocrx_word' id='word_1_177' title='bbox 2444 825 2633 895; x_wconf 89' lang='lat' dir='ltr'><strong>integri</strong></span> <span class='ocrx_word' id='word_1_178' title='bbox 2663 825 2795 897; x_wconf 86' lang='lat' dir='ltr'><strong>(hoc</strong></span> <span class='ocrx_word' id='word_1_179' title='bbox 2821 835 2905 881; x_wconf 91' lang='lat' dir='ltr'><strong>est</strong></span> <span class='ocrx_word' id='word_1_180' title='bbox 2935 826 3076 882; x_wconf 86' lang='lat' dir='ltr'><strong>enim</strong></span> <span class='ocrx_word' id='word_1_181' title='bbox 3103 841 3228 882; x_wconf 91' lang='lat' dir='ltr'><strong>esse</strong></span> <span class='ocrx_word' id='word_1_182' title='bbox 3253 825 3468 899; x_wconf 88' lang='lat' dir='ltr'><strong>aliquid)</strong></span> <span class='ocrx_word' id='word_1_183' title='bbox 3495 844 3508 880; x_wconf 91' lang='lat'><strong>:</strong></span> <span class='ocrx_word' id='word_1_184' title='bbox 3533 829 3688 898; x_wconf 85' lang='lat' dir='ltr'><strong>quales</strong></span> <span class='ocrx_word' id='word_1_185' title='bbox 3701 842 3785 888; x_wconf 84' lang='lat' dir='ltr'><strong>ante</strong></span> 
     </span>
    </p>
   </div>
   <div class='ocr_carea' id='block_1_24' title="bbox 2286 917 3785 989">
    <p class='ocr_par' dir='ltr' id='par_1_24' title="bbox 2286 917 3785 989">
     <span class='ocr_line' id='line_1_24' title="bbox 2286 917 3785 989; baseline 0.003 -17"><span class='ocrx_word' id='word_1_186' title='bbox 2286 917 2504 982; x_wconf 82' lang='lat' dir='ltr'><strong>fuerint,</strong></span> <span class='ocrx_word' id='word_1_187' title='bbox 2535 917 2586 973; x_wconf 91' lang='lat' dir='ltr'><strong>id</strong></span> <span class='ocrx_word' id='word_1_188' title='bbox 2616 928 2700 974; x_wconf 90' lang='lat' dir='ltr'><strong>est</strong></span> <span class='ocrx_word' id='word_1_189' title='bbox 2724 918 3035 989; x_wconf 88' lang='lat' dir='ltr'><strong>aliquando,</strong></span> <span class='ocrx_word' id='word_1_190' title='bbox 3071 918 3204 974; x_wconf 89' lang='lat' dir='ltr'><strong>nihil</strong></span> <span class='ocrx_word' id='word_1_191' title='bbox 3245 919 3412 989; x_wconf 89' lang='lat' dir='ltr'><strong>inquit</strong></span> <span class='ocrx_word' id='word_1_192' title='bbox 3449 934 3554 974; x_wconf 86' lang='lat' dir='ltr'><strong>mea</strong></span> <span class='ocrx_word' id='word_1_193' title='bbox 3590 921 3785 976; x_wconf 80' lang='lat' dir='ltr'><strong>interest:</strong></span> 
     </span>
    </p>
   </div>
   <div class='ocr_carea' id='block_1_25' title="bbox 2284 1011 3787 1084">
    <p class='ocr_par' dir='ltr' id='par_1_25' title="bbox 2284 1011 3787 1084">
     <span class='ocr_line' id='line_1_25' title="bbox 2284 1011 3787 1084; baseline 0.003 -16"><span class='ocrx_word' id='word_1_194' title='bbox 2284 1011 2485 1068; x_wconf 83' lang='lat' dir='ltr'><strong>sullicit</strong></span> <span class='ocrx_word' id='word_1_195' title='bbox 2510 1012 2655 1067; x_wconf 91' lang='lat' dir='ltr'><strong>enim</strong></span> <span class='ocrx_word' id='word_1_196' title='bbox 2690 1011 2819 1066; x_wconf 92' lang='lat' dir='ltr'><strong>mihi</strong></span> <span class='ocrx_word' id='word_1_197' title='bbox 2851 1012 3026 1084; x_wconf 88' lang='lat' dir='ltr'><strong>qualis</strong></span> <span class='ocrx_word' id='word_1_198' title='bbox 3055 1013 3146 1079; x_wconf 90' lang='lat' dir='ltr'><strong>sit,</strong></span> <span class='ocrx_word' id='word_1_199' title='bbox 3183 1028 3356 1083; x_wconf 89' lang='lat' dir='ltr'><strong>neque</strong></span> <span class='ocrx_word' id='word_1_200' title='bbox 3393 1027 3515 1068; x_wconf 88' lang='lat' dir='ltr'><strong>curo</strong></span> <span class='ocrx_word' id='word_1_201' title='bbox 3542 1014 3685 1080; x_wconf 83' lang='lat' dir='ltr'><strong>qualis</strong></span> <span class='ocrx_word' id='word_1_202' title='bbox 3704 1026 3787 1073; x_wconf 82' lang='lat' dir='ltr'><strong>ante</strong></span> 
     </span>
    </p>
   </div>
   <div class='ocr_carea' id='block_1_26' title="bbox 2285 1103 3788 1176">
    <p class='ocr_par' dir='ltr' id='par_1_26' title="bbox 2285 1103 3788 1176">
     <span class='ocr_line' id='line_1_26' title="bbox 2285 1103 3788 1176; baseline 0.003 -17"><span class='ocrx_word' id='word_1_203' title='bbox 2285 1103 2469 1161; x_wconf 75' lang='lat' dir='ltr'><strong>fuerit.</strong></span> <span class='ocrx_word' id='word_1_204' title='bbox 2503 1104 2568 1159; x_wconf 86' lang='lat' dir='ltr'><strong>Et</strong></span> <span class='ocrx_word' id='word_1_205' title='bbox 2597 1103 2839 1176; x_wconf 67' lang='lat' dir='ltr'><strong>adiungit</strong></span> <span class='ocrx_word' id='word_1_206' title='bbox 2862 1119 3080 1160; x_wconf 81' lang='lat' dir='ltr'><strong>causam</strong></span> <span class='ocrx_word' id='word_1_207' title='bbox 3109 1104 3248 1159; x_wconf 84' lang='lat' dir='ltr'><strong>Dens</strong></span> <span class='ocrx_word' id='word_1_208' title='bbox 3276 1108 3407 1159; x_wconf 88' lang='lat' dir='ltr'><strong>enim</strong></span> <span class='ocrx_word' id='word_1_209' title='bbox 3438 1105 3631 1159; x_wconf 70' lang='lat' dir='ltr'><strong>[laminis</strong></span> <span class='ocrx_word' id='word_1_210' title='bbox 3662 1106 3788 1176; x_wconf 68' lang='lat' dir='ltr'><strong>[aciem</strong></span> 
     </span>
    </p>
   </div>
   <div class='ocr_carea' id='block_1_27' title="bbox 2287 1198 3787 1272">
    <p class='ocr_par' dir='ltr' id='par_1_27' title="bbox 2287 1198 3787 1272">
     <span class='ocr_line' id='line_1_27' title="bbox 2287 1198 3787 1272; baseline 0.003 -19"><span class='ocrx_word' id='word_1_211' title='bbox 2287 1218 2392 1254; x_wconf 83' lang='lat' dir='ltr'><strong>non</strong></span> <span class='ocrx_word' id='word_1_212' title='bbox 2418 1200 2624 1272; x_wconf 88' lang='lat' dir='ltr'><strong>accipit,</strong></span> <span class='ocrx_word' id='word_1_213' title='bbox 2657 1200 2753 1255; x_wconf 87' lang='lat' dir='ltr'><strong>sed</strong></span> <span class='ocrx_word' id='word_1_214' title='bbox 2787 1210 3044 1267; x_wconf 87' lang='lat' dir='ltr'><strong>mentem,</strong></span> <span class='ocrx_word' id='word_1_215' title='bbox 3078 1202 3175 1256; x_wconf 85' lang='lat' dir='ltr'><strong>sed</strong></span> <span class='ocrx_word' id='word_1_216' title='bbox 3202 1198 3360 1257; x_wconf 84' lang='lat' dir='ltr'><strong>iidem</strong></span> <span class='ocrx_word' id='word_1_217' title='bbox 3396 1219 3408 1253; x_wconf 86' lang='lat'><strong>:</strong></span> <span class='ocrx_word' id='word_1_218' title='bbox 3440 1211 3597 1255; x_wconf 88' lang='lat' dir='ltr'><strong>utrum</strong></span> <span class='ocrx_word' id='word_1_219' title='bbox 3622 1216 3787 1272; x_wconf 65' lang='lat' dir='ltr'><strong>greces,</strong></span> 
     </span>
    </p>
   </div>
   <div class='ocr_carea' id='block_1_28' title="bbox 2289 1293 3789 1363">
    <p class='ocr_par' dir='ltr' id='par_1_28' title="bbox 2289 1293 3789 1363">
     <span class='ocr_line' id='line_1_28' title="bbox 2289 1293 3789 1363; baseline 0.002 -16"><span class='ocrx_word' id='word_1_220' title='bbox 2289 1303 2465 1348; x_wconf 90' lang='lat' dir='ltr'><strong>utrum</strong></span> <span class='ocrx_word' id='word_1_221' title='bbox 2494 1293 2728 1362; x_wconf 69' lang='lat' dir='ltr'><strong>jttdmus,</strong></span> <span class='ocrx_word' id='word_1_222' title='bbox 2775 1305 2952 1349; x_wconf 89' lang='lat' dir='ltr'><strong>ulrutn</strong></span> <span class='ocrx_word' id='word_1_223' title='bbox 2984 1293 3188 1363; x_wconf 88' lang='lat' dir='ltr'><strong>aliquid</strong></span> <span class='ocrx_word' id='word_1_224' title='bbox 3218 1293 3407 1362; x_wconf 83' lang='lat' dir='ltr'><strong>fuerit,</strong></span> <span class='ocrx_word' id='word_1_225' title='bbox 3446 1308 3543 1349; x_wconf 93' lang='lat' dir='ltr'><strong>nou</strong></span> <span class='ocrx_word' id='word_1_226' title='bbox 3581 1293 3665 1350; x_wconf 87' lang='lat' dir='ltr'><strong>hoc</strong></span> <span class='ocrx_word' id='word_1_227' title='bbox 3699 1296 3789 1351; x_wconf 81' lang='lat' dir='ltr'><strong>Deus</strong></span> 
     </span>
    </p>
   </div>
   <div class='ocr_carea' id='block_1_29' title="bbox 2286 1385 3788 1457">
    <p class='ocr_par' dir='ltr' id='par_1_29' title="bbox 2286 1385 3788 1457">
     <span class='ocr_line' id='line_1_29' title="bbox 2286 1385 3788 1457; baseline 0.001 -18"><span class='ocrx_word' id='word_1_228' title='bbox 2286 1385 2502 1456; x_wconf 89' lang='lat' dir='ltr'><strong>accipit,</strong></span> <span class='ocrx_word' id='word_1_229' title='bbox 2534 1385 2628 1441; x_wconf 92' lang='lat' dir='ltr'><strong>sed</strong></span> <span class='ocrx_word' id='word_1_230' title='bbox 2660 1386 2789 1457; x_wconf 85' lang='lat' dir='ltr'><strong>quid</strong></span> <span class='ocrx_word' id='word_1_231' title='bbox 2818 1386 2911 1451; x_wconf 87' lang='lat' dir='ltr'><strong>sit;</strong></span> <span class='ocrx_word' id='word_1_232' title='bbox 2944 1397 2995 1442; x_wconf 90' lang='lat' dir='ltr'><strong>ct</strong></span> <span class='ocrx_word' id='word_1_233' title='bbox 3024 1401 3091 1441; x_wconf 90' lang='lat' dir='ltr'><strong>an</strong></span> <span class='ocrx_word' id='word_1_234' title='bbox 3125 1385 3289 1441; x_wconf 78' lang='lat' dir='ltr'><strong>[idem</strong></span> <span class='ocrx_word' id='word_1_235' title='bbox 3312 1388 3594 1456; x_wconf 71' lang='lat' dir='ltr'><strong>susceperit</strong></span> <span class='ocrx_word' id='word_1_236' title='bbox 3615 1397 3661 1442; x_wconf 88' lang='lat' dir='ltr'><strong>et</strong></span> <span class='ocrx_word' id='word_1_237' title='bbox 3679 1401 3788 1441; x_wconf 78' lang='lat' dir='ltr'><strong>evan-</strong></span> 
     </span>
    </p>
   </div>
   <div class='ocr_carea' id='block_1_30' title="bbox 2287 1480 3792 1553">
    <p class='ocr_par' dir='ltr' id='par_1_30' title="bbox 2287 1480 3792 1553">
     <span class='ocr_line' id='line_1_30' title="bbox 2287 1480 3792 1553; baseline 0 -16"><span class='ocrx_word' id='word_1_238' title='bbox 2287 1481 2486 1551; x_wconf 83' lang='lat' dir='ltr'><strong>gelinm</strong></span> <span class='ocrx_word' id='word_1_239' title='bbox 2519 1498 2532 1534; x_wconf 90' lang='lat'><strong>:</strong></span> <span class='ocrx_word' id='word_1_240' title='bbox 2566 1495 2675 1535; x_wconf 92' lang='lat' dir='ltr'><strong>non</strong></span> <span class='ocrx_word' id='word_1_241' title='bbox 2720 1480 2864 1536; x_wconf 90' lang='lat' dir='ltr'><strong>enim</strong></span> <span class='ocrx_word' id='word_1_242' title='bbox 2910 1482 2961 1535; x_wconf 90' lang='lat' dir='ltr'><strong>in</strong></span> <span class='ocrx_word' id='word_1_243' title='bbox 3008 1480 3324 1552; x_wconf 69' lang='lat' dir='ltr'><strong>prarjudicio</strong></span> <span class='ocrx_word' id='word_1_244' title='bbox 3373 1480 3593 1536; x_wconf 82' lang='lat' dir='ltr'><strong>veritatis</strong></span> <span class='ocrx_word' id='word_1_245' title='bbox 3622 1492 3792 1553; x_wconf 71' lang='lat' dir='ltr'><strong>accepta</strong></span> 
     </span>
    </p>
   </div>
   <div class='ocr_carea' id='block_1_31' title="bbox 2291 1575 3792 1647">
    <p class='ocr_par' dir='ltr' id='par_1_31' title="bbox 2291 1575 3792 1647">
     <span class='ocr_line' id='line_1_31' title="bbox 2291 1575 3792 1647; baseline 0.001 -16"><span class='ocrx_word' id='word_1_246' title='bbox 2291 1576 2431 1631; x_wconf 87' lang='lat' dir='ltr'><strong>Dens</strong></span> <span class='ocrx_word' id='word_1_247' title='bbox 2458 1589 2746 1646; x_wconf 88' lang='lat' dir='ltr'><strong>personam</strong></span> <span class='ocrx_word' id='word_1_248' title='bbox 2778 1592 2790 1629; x_wconf 92' lang='lat'>:</span> <span class='ocrx_word' id='word_1_249' title='bbox 2823 1591 2995 1646; x_wconf 92' lang='lat' dir='ltr'><strong>neque</strong></span> <span class='ocrx_word' id='word_1_250' title='bbox 3027 1591 3128 1647; x_wconf 89' lang='lat' dir='ltr'><strong>ego</strong></span> <span class='ocrx_word' id='word_1_251' title='bbox 3156 1575 3275 1632; x_wconf 92' lang='lat' dir='ltr'><strong>illos</strong></span> <span class='ocrx_word' id='word_1_252' title='bbox 3296 1576 3496 1646; x_wconf 90' lang='lat' dir='ltr'><strong>accepi,</strong></span> <span class='ocrx_word' id='word_1_253' title='bbox 3518 1576 3596 1645; x_wconf 90' lang='lat' dir='ltr'><strong>qui</strong></span> <span class='ocrx_word' id='word_1_254' title='bbox 3615 1576 3792 1633; x_wconf 74' lang='lat' dir='ltr'><strong>dicetne-</strong></span> 
     </span>
    </p>
   </div>
   <div class='ocr_carea' id='block_1_32' title="bbox 2292 1667 3792 1740">
    <p class='ocr_par' dir='ltr' id='par_1_32' title="bbox 2292 1667 3792 1740">
     <span class='ocr_line' id='line_1_32' title="bbox 2292 1667 3792 1740; baseline 0.001 -18"><span class='ocrx_word' id='word_1_255' title='bbox 2292 1677 2379 1722; x_wconf 88' lang='lat' dir='ltr'><strong>tur</strong></span> <span class='ocrx_word' id='word_1_256' title='bbox 2405 1667 2672 1724; x_wconf 64' lang='lat' dir='ltr'><strong>columnae</strong></span> <span class='ocrx_word' id='word_1_257' title='bbox 2700 1683 2845 1724; x_wconf 89' lang='lat' dir='ltr'><strong>esse.</strong></span> <span class='ocrx_word' id='word_1_258' title='bbox 2880 1668 2993 1723; x_wconf 86' lang='lat' dir='ltr'><strong>Hoc</strong></span> <span class='ocrx_word' id='word_1_259' title='bbox 3020 1678 3105 1724; x_wconf 92' lang='lat' dir='ltr'><strong>est</strong></span> <span class='ocrx_word' id='word_1_260' title='bbox 3131 1685 3261 1740; x_wconf 85' lang='lat' dir='ltr'><strong>ergo</strong></span> <span class='ocrx_word' id='word_1_261' title='bbox 3290 1670 3435 1740; x_wconf 89' lang='lat' dir='ltr'><strong>quod</strong></span> <span class='ocrx_word' id='word_1_262' title='bbox 3449 1667 3534 1724; x_wconf 62' lang='lat' dir='ltr'><strong>‘ait</strong></span> <span class='ocrx_word' id='word_1_263' title='bbox 3555 1687 3568 1724; x_wconf 93' lang='lat'><strong>:</strong></span> <span class='ocrx_word' id='word_1_264' title='bbox 3587 1671 3689 1725; x_wconf 71' lang='lat' dir='ltr'><strong>mihi</strong></span> <span class='ocrx_word' id='word_1_265' title='bbox 3708 1673 3792 1724; x_wconf 70' lang='lat' dir='ltr'><strong>enim</strong></span> 
     </span>
    </p>
   </div>
   <div class='ocr_carea' id='block_1_33' title="bbox 582 1751 3793 1835">
    <p class='ocr_par' dir='ltr' id='par_1_33' title="bbox 582 1751 3793 1835">
     <span class='ocr_line' id='line_1_33' title="bbox 582 1751 3793 1835; baseline 0 -17"><span class='ocrx_word' id='word_1_266' title='bbox 582 1763 999 1819; x_wconf 89' lang='lat' dir='ltr'><strong>christianismo.</strong></span> <span class='ocrx_word' id='word_1_267' title='bbox 1027 1762 1096 1817; x_wconf 86' lang='lat' dir='ltr'><strong>Et</strong></span> <span class='ocrx_word' id='word_1_268' title='bbox 1117 1762 1241 1817; x_wconf 90' lang='lat' dir='ltr'><strong>hinc</strong></span> <span class='ocrx_word' id='word_1_269' title='bbox 1263 1770 1482 1832; x_wconf 83' lang='lat' dir='ltr'><strong>propter</strong></span> <span class='ocrx_word' id='word_1_270' title='bbox 1506 1760 1721 1817; x_wconf 67' lang='lat' dir='ltr'><strong>Iudaeos</strong></span> <span class='ocrx_word' id='word_1_271' title='bbox 1756 1758 2049 1814; x_wconf 87' lang='lat' dir='ltr'><strong>declaravit</strong></span> <span class='ocrx_word' id='word_1_272' title='bbox 2069 1772 2184 1811; x_wconf 88' lang='lat' dir='ltr'><strong>cer-</strong></span> <span class='ocrx_word' id='word_1_273' title='bbox 2214 1751 2263 1811; x_wconf 90' lang='grc' dir='ltr'><strong>Β</strong></span> <span class='ocrx_word' id='word_1_274' title='bbox 2290 1764 2376 1833; x_wconf 88' lang='lat' dir='ltr'><strong>qui</strong></span> <span class='ocrx_word' id='word_1_275' title='bbox 2393 1763 2591 1835; x_wconf 85' lang='lat' dir='ltr'><strong>aliquid</strong></span> <span class='ocrx_word' id='word_1_276' title='bbox 2619 1763 2977 1818; x_wconf 76' lang='lat' dir='ltr'><strong>existimantur</strong></span> <span class='ocrx_word' id='word_1_277' title='bbox 3001 1778 3109 1818; x_wconf 87' lang='lat' dir='ltr'><strong>esse</strong></span> <span class='ocrx_word' id='word_1_278' title='bbox 3141 1761 3245 1835; x_wconf 77' lang='grc'>(2),</span> <span class='ocrx_word' id='word_1_279' title='bbox 3267 1763 3399 1817; x_wconf 83' lang='lat' dir='ltr'><strong>nihil</strong></span> <span class='ocrx_word' id='word_1_280' title='bbox 3418 1762 3714 1829; x_wconf 77' lang='lat' dir='ltr'><strong>contulerunt,</strong></span> <span class='ocrx_word' id='word_1_281' title='bbox 3730 1763 3793 1818; x_wconf 79' lang='lat' dir='ltr'><strong>hoc</strong></span> 
     </span>
    </p>
   </div>
   <div class='ocr_carea' id='block_1_34' title="bbox 584 1850 2183 1925">
    <p class='ocr_par' dir='ltr' id='par_1_34' title="bbox 584 1850 2183 1925">
     <span class='ocr_line' id='line_1_34' title="bbox 584 1850 2183 1925; baseline -0.005 -13"><span class='ocrx_word' id='word_1_282' title='bbox 584 1864 639 1912; x_wconf 90' lang='lat' dir='ltr'><strong>te</strong></span> <span class='ocrx_word' id='word_1_283' title='bbox 686 1870 901 1925; x_wconf 87' lang='lat' dir='ltr'><strong>semper</strong></span> <span class='ocrx_word' id='word_1_284' title='bbox 943 1855 1227 1911; x_wconf 87' lang='lat' dir='ltr'><strong>consilium</strong></span> <span class='ocrx_word' id='word_1_285' title='bbox 1278 1870 1453 1923; x_wconf 91' lang='lat' dir='ltr'><strong>suum,</strong></span> <span class='ocrx_word' id='word_1_286' title='bbox 1510 1864 1569 1909; x_wconf 92' lang='grc' dir='ltr'><strong>ιιι</strong></span> <span class='ocrx_word' id='word_1_287' title='bbox 1611 1852 1897 1924; x_wconf 83' lang='lat' dir='ltr'><strong>aliquando</strong></span> <span class='ocrx_word' id='word_1_288' title='bbox 1943 1850 2183 1915; x_wconf 90' lang='lat' dir='ltr'><strong>cederet,</strong></span> 
     </span>
    </p>
   </div>
   <div class='ocr_carea' id='block_1_35' title="bbox 583 1945 2186 2019">
    <p class='ocr_par' dir='ltr' id='par_1_35' title="bbox 583 1945 2186 2019">
     <span class='ocr_line' id='line_1_35' title="bbox 583 1945 2186 2019; baseline -0.005 -14"><span class='ocrx_word' id='word_1_289' title='bbox 583 1949 745 2005; x_wconf 86' lang='lat' dir='ltr'><strong>etiam</strong></span> <span class='ocrx_word' id='word_1_290' title='bbox 771 1948 852 2004; x_wconf 90' lang='lat' dir='ltr'><strong>his</strong></span> <span class='ocrx_word' id='word_1_291' title='bbox 874 1948 1036 2005; x_wconf 85' lang='lat' dir='ltr'><strong>rebus</strong></span> <span class='ocrx_word' id='word_1_292' title='bbox 1058 1962 1178 2019; x_wconf 62' lang='lat' dir='ltr'><strong>quae</strong></span> <span class='ocrx_word' id='word_1_293' title='bbox 1207 1964 1350 2003; x_wconf 74' lang='lat' dir='ltr'><strong>vera.-</strong></span> <span class='ocrx_word' id='word_1_294' title='bbox 1373 1957 1520 2003; x_wconf 90' lang='lat' dir='ltr'><strong>suut.</strong></span> <span class='ocrx_word' id='word_1_295' title='bbox 1550 1947 1683 2002; x_wconf 88' lang='lat' dir='ltr'><strong>Nam</strong></span> <span class='ocrx_word' id='word_1_296' title='bbox 1724 1946 1848 2001; x_wconf 88' lang='lat' dir='ltr'><strong>hinc</strong></span> <span class='ocrx_word' id='word_1_297' title='bbox 1875 1945 1967 2001; x_wconf 89' lang='lat' dir='ltr'><strong>ille</strong></span> <span class='ocrx_word' id='word_1_298' title='bbox 1992 1957 2186 2000; x_wconf 85' lang='lat' dir='ltr'><strong>sensus</strong></span> 
     </span>
    </p>
   </div>
   <div class='ocr_carea' id='block_1_36' title="bbox 583 2039 2187 2113">
    <p class='ocr_par' dir='ltr' id='par_1_36' title="bbox 583 2039 2187 2113">
     <span class='ocr_line' id='line_1_36' title="bbox 583 2039 2187 2113; baseline -0.006 -15"><span class='ocrx_word' id='word_1_299' title='bbox 583 2053 689 2109; x_wconf 90' lang='lat' dir='ltr'><strong>est,</strong></span> <span class='ocrx_word' id='word_1_300' title='bbox 720 2041 811 2113; x_wconf 92' lang='lat' dir='ltr'><strong>qui</strong></span> <span class='ocrx_word' id='word_1_301' title='bbox 851 2040 1061 2112; x_wconf 83' lang='lat' dir='ltr'><strong>judaeus</strong></span> <span class='ocrx_word' id='word_1_302' title='bbox 1090 2048 1152 2096; x_wconf 89' lang='lat' dir='ltr'><strong>ut</strong></span> <span class='ocrx_word' id='word_1_303' title='bbox 1193 2039 1410 2097; x_wconf 75' lang='lat' dir='ltr'><strong>Iudaeos</strong></span> <span class='ocrx_word' id='word_1_304' title='bbox 1455 2039 1853 2103; x_wconf 86' lang='lat' dir='ltr'><strong>lucrifacerem,</strong></span> <span class='ocrx_word' id='word_1_305' title='bbox 1896 2044 1951 2093; x_wconf 93' lang='lat' dir='ltr'><strong>et</strong></span> <span class='ocrx_word' id='word_1_306' title='bbox 1989 2044 2187 2091; x_wconf 84' lang='lat' dir='ltr'><strong>caetera</strong></span> 
     </span>
    </p>
   </div>
   <div class='ocr_carea' id='block_1_37' title="bbox 585 2129 2187 2206">
    <p class='ocr_par' dir='ltr' id='par_1_37' title="bbox 585 2129 2187 2206">
     <span class='ocr_line' id='line_1_37' title="bbox 585 2129 2187 2206; baseline -0.003 -17"><span class='ocrx_word' id='word_1_307' title='bbox 585 2133 913 2206; x_wconf 85' lang='lat' dir='ltr'><strong>lmjusmodi.</strong></span> <span class='ocrx_word' id='word_1_308' title='bbox 942 2134 1086 2206; x_wconf 92' lang='lat' dir='ltr'><strong>Ergo</strong></span> <span class='ocrx_word' id='word_1_309' title='bbox 1108 2151 1250 2190; x_wconf 92' lang='lat' dir='ltr'><strong>nunc</strong></span> <span class='ocrx_word' id='word_1_310' title='bbox 1275 2144 1493 2205; x_wconf 91' lang='lat' dir='ltr'><strong>propter</strong></span> <span class='ocrx_word' id='word_1_311' title='bbox 1519 2132 1868 2189; x_wconf 89' lang='lat' dir='ltr'><strong>subinductos</strong></span> <span class='ocrx_word' id='word_1_312' title='bbox 1900 2130 2063 2186; x_wconf 79' lang='lat' dir='ltr'><strong>falsos</strong></span> <span class='ocrx_word' id='word_1_313' title='bbox 2084 2129 2187 2184; x_wconf 77' lang='lat' dir='ltr'><strong>fra-</strong></span> 
     </span>
    </p>
   </div>
   <div class='ocr_carea' id='block_1_38' title="bbox 586 2222 2190 2304">
    <p class='ocr_par' dir='ltr' id='par_1_38' title="bbox 586 2222 2190 2304">
     <span class='ocr_line' id='line_1_38' title="bbox 586 2222 2190 2304; baseline -0.004 -18"><span class='ocrx_word' id='word_1_314' title='bbox 586 2239 696 2287; x_wconf 87' lang='lat' dir='ltr'><strong>tres</strong></span> <span class='ocrx_word' id='word_1_315' title='bbox 724 2232 1014 2302; x_wconf 90' lang='lat' dir='ltr'><strong>(quoniam</strong></span> <span class='ocrx_word' id='word_1_316' title='bbox 1041 2230 1197 2285; x_wconf 90' lang='lat' dir='ltr'><strong>multi</strong></span> <span class='ocrx_word' id='word_1_317' title='bbox 1227 2228 1684 2304; x_wconf 85' lang='lat' dir='ltr'><strong>pseudoapostnli,</strong></span> <span class='ocrx_word' id='word_1_318' title='bbox 1710 2242 1845 2298; x_wconf 90' lang='lat' dir='ltr'><strong>quos</strong></span> <span class='ocrx_word' id='word_1_319' title='bbox 1870 2224 2033 2280; x_wconf 85' lang='lat' dir='ltr'><strong>falsos</strong></span> <span class='ocrx_word' id='word_1_320' title='bbox 2077 2222 2190 2280; x_wconf 89' lang='lat' dir='ltr'><strong>fra-</strong></span> 
     </span>
    </p>
   </div>
   <div class='ocr_carea' id='block_1_39' title="bbox 586 2319 2193 2397">
    <p class='ocr_par' dir='ltr' id='par_1_39' title="bbox 586 2319 2193 2397">
     <span class='ocr_line' id='line_1_39' title="bbox 586 2319 2193 2397; baseline -0.005 -18"><span class='ocrx_word' id='word_1_321' title='bbox 586 2332 698 2380; x_wconf 88' lang='lat' dir='ltr'><strong>tres</strong></span> <span class='ocrx_word' id='word_1_322' title='bbox 723 2322 889 2397; x_wconf 86' lang='lat' dir='ltr'><strong>dicit)</strong></span> <span class='ocrx_word' id='word_1_323' title='bbox 914 2323 1132 2395; x_wconf 88' lang='lat' dir='ltr'><strong>qnidam</strong></span> <span class='ocrx_word' id='word_1_324' title='bbox 1158 2330 1440 2393; x_wconf 73' lang='lat' dir='ltr'><strong>cmperunt</strong></span> <span class='ocrx_word' id='word_1_325' title='bbox 1478 2320 1695 2387; x_wconf 90' lang='lat' dir='ltr'><strong>addere,</strong></span> <span class='ocrx_word' id='word_1_326' title='bbox 1730 2319 2040 2374; x_wconf 90' lang='lat' dir='ltr'><strong>subintrare</strong></span> <span class='ocrx_word' id='word_1_327' title='bbox 2069 2332 2193 2388; x_wconf 88' lang='lat' dir='ltr'><strong>per-</strong></span> 
     </span>
    </p>
   </div>
   <div class='ocr_carea' id='block_1_40' title="bbox 586 2411 2196 2488">
    <p class='ocr_par' dir='ltr' id='par_1_40' title="bbox 586 2411 2196 2488">
     <span class='ocr_line' id='line_1_40' title="bbox 586 2411 2196 2488; baseline -0.004 -16"><span class='ocrx_word' id='word_1_328' title='bbox 586 2417 928 2473; x_wconf 89' lang='lat' dir='ltr'><strong>suasionibus</strong></span> <span class='ocrx_word' id='word_1_329' title='bbox 961 2418 1107 2481; x_wconf 85' lang='lat' dir='ltr'><strong>suis,</strong></span> <span class='ocrx_word' id='word_1_330' title='bbox 1135 2427 1295 2488; x_wconf 89' lang='lat' dir='ltr'><strong>atque</strong></span> <span class='ocrx_word' id='word_1_331' title='bbox 1322 2415 1625 2470; x_wconf 87' lang='lat' dir='ltr'><strong>auscultare</strong></span> <span class='ocrx_word' id='word_1_332' title='bbox 1654 2413 1958 2468; x_wconf 88' lang='lat' dir='ltr'><strong>libertatem</strong></span> <span class='ocrx_word' id='word_1_333' title='bbox 2000 2411 2196 2466; x_wconf 88' lang='lat' dir='ltr'><strong>verbo—</strong></span> 
     </span>
    </p>
   </div>
   <div class='ocr_carea' id='block_1_41' title="bbox 588 2506 2193 2581">
    <p class='ocr_par' dir='ltr' id='par_1_41' title="bbox 588 2506 2193 2581">
     <span class='ocr_line' id='line_1_41' title="bbox 588 2506 2193 2581; baseline -0.002 -16"><span class='ocrx_word' id='word_1_334' title='bbox 588 2523 708 2565; x_wconf 87' lang='lat' dir='ltr'><strong>rum</strong></span> <span class='ocrx_word' id='word_1_335' title='bbox 740 2509 1195 2581; x_wconf 88' lang='lat' dir='ltr'><strong>apostolicorum;</strong></span> <span class='ocrx_word' id='word_1_336' title='bbox 1231 2508 1285 2564; x_wconf 91' lang='lat' dir='ltr'><strong>id</strong></span> <span class='ocrx_word' id='word_1_337' title='bbox 1309 2518 1392 2564; x_wconf 92' lang='lat' dir='ltr'><strong>est</strong></span> <span class='ocrx_word' id='word_1_338' title='bbox 1420 2507 1623 2563; x_wconf 88' lang='lat' dir='ltr'><strong>intrare</strong></span> <span class='ocrx_word' id='word_1_339' title='bbox 1650 2506 1937 2577; x_wconf 88' lang='lat' dir='ltr'><strong>cupiebant</strong></span> <span class='ocrx_word' id='word_1_340' title='bbox 1960 2512 2077 2562; x_wconf 87' lang='lat' dir='ltr'><strong>nos.</strong></span> <span class='ocrx_word' id='word_1_341' title='bbox 2110 2508 2193 2561; x_wconf 82' lang='lat' dir='ltr'><strong>An</strong></span> 
     </span>
    </p>
   </div>
   <div class='ocr_carea' id='block_1_42' title="bbox 590 2599 2195 2671">
    <p class='ocr_par' dir='ltr' id='par_1_42' title="bbox 590 2599 2195 2671">
     <span class='ocr_line' id='line_1_42' title="bbox 590 2599 2195 2671; baseline -0.002 -14"><span class='ocrx_word' id='word_1_342' title='bbox 590 2602 704 2657; x_wconf 90' lang='lat' dir='ltr'><strong>veri</strong></span> <span class='ocrx_word' id='word_1_343' title='bbox 756 2602 986 2671; x_wconf 86' lang='lat' dir='ltr'><strong>apostoli</strong></span> <span class='ocrx_word' id='word_1_344' title='bbox 1036 2612 1213 2658; x_wconf 91' lang='lat' dir='ltr'><strong>tamen</strong></span> <span class='ocrx_word' id='word_1_345' title='bbox 1246 2600 1494 2656; x_wconf 81' lang='lat' dir='ltr'><strong>Christi?</strong></span> <span class='ocrx_word' id='word_1_346' title='bbox 1533 2615 1600 2655; x_wconf 90' lang='lat' dir='ltr'><strong>an</strong></span> <span class='ocrx_word' id='word_1_347' title='bbox 1645 2600 1923 2655; x_wconf 89' lang='lat' dir='ltr'><strong>tentabant</strong></span> <span class='ocrx_word' id='word_1_348' title='bbox 1972 2599 2195 2655; x_wconf 87' lang='lat' dir='ltr'><strong>liberta-</strong></span> 
     </span>
    </p>
   </div>
   <div class='ocr_carea' id='block_1_43' title="bbox 594 2689 2196 2762">
    <p class='ocr_par' dir='ltr' id='par_1_43' title="bbox 594 2689 2196 2762">
     <span class='ocr_line' id='line_1_43' title="bbox 594 2689 2196 2762; baseline -0.001 -14"><span class='ocrx_word' id='word_1_349' title='bbox 594 2702 702 2750; x_wconf 91' lang='lat' dir='ltr'><strong>tem</strong></span> <span class='ocrx_word' id='word_1_350' title='bbox 734 2701 975 2748; x_wconf 90' lang='lat' dir='ltr'><strong>nostram</strong></span> <span class='ocrx_word' id='word_1_351' title='bbox 1006 2708 1164 2762; x_wconf 90' lang='lat' dir='ltr'><strong>quam</strong></span> <span class='ocrx_word' id='word_1_352' title='bbox 1214 2692 1473 2748; x_wconf 87' lang='lat' dir='ltr'><strong>habemus</strong></span> <span class='ocrx_word' id='word_1_353' title='bbox 1517 2692 1570 2747; x_wconf 90' lang='lat' dir='ltr'><strong>in</strong></span> <span class='ocrx_word' id='word_1_354' title='bbox 1601 2689 1852 2747; x_wconf 87' lang='lat' dir='ltr'><strong>Christo?</strong></span> <span class='ocrx_word' id='word_1_355' title='bbox 1886 2691 2022 2746; x_wconf 90' lang='lat' dir='ltr'><strong>Cum</strong></span> <span class='ocrx_word' id='word_1_356' title='bbox 2066 2705 2196 2761; x_wconf 89' lang='lat' dir='ltr'><strong>ergo</strong></span> 
     </span>
    </p>
   </div>
   <div class='ocr_carea' id='block_1_44' title="bbox 590 2785 2196 2851">
    <p class='ocr_par' dir='ltr' id='par_1_44' title="bbox 590 2785 2196 2851">
     <span class='ocr_line' id='line_1_44' title="bbox 590 2785 2196 2851; baseline -0.001 -8"><span class='ocrx_word' id='word_1_357' title='bbox 590 2786 806 2843; x_wconf 89' lang='lat' dir='ltr'><strong>illorum</strong></span> <span class='ocrx_word' id='word_1_358' title='bbox 838 2787 1123 2843; x_wconf 88' lang='lat' dir='ltr'><strong>consilium</strong></span> <span class='ocrx_word' id='word_1_359' title='bbox 1157 2786 1485 2851; x_wconf 88' lang='lat' dir='ltr'><strong>videremus,</strong></span> <span class='ocrx_word' id='word_1_360' title='bbox 1530 2796 1587 2842; x_wconf 90' lang='lat' dir='ltr'><strong>ut</strong></span> <span class='ocrx_word' id='word_1_361' title='bbox 1637 2803 1737 2842; x_wconf 92' lang='lat' dir='ltr'><strong>nos</strong></span> <span class='ocrx_word' id='word_1_362' title='bbox 1780 2786 2099 2842; x_wconf 89' lang='lat' dir='ltr'><strong>inducerent</strong></span> <span class='ocrx_word' id='word_1_363' title='bbox 2142 2785 2196 2841; x_wconf 89' lang='lat' dir='ltr'><strong>in</strong></span> 
     </span>
    </p>
   </div>
   <div class='ocr_carea' id='block_1_45' title="bbox 591 2881 2194 2958">
    <p class='ocr_par' dir='ltr' id='par_1_45' title="bbox 591 2881 2194 2958">
     <span class='ocr_line' id='line_1_45' title="bbox 591 2881 2194 2958; baseline -0.001 -20"><span class='ocrx_word' id='word_1_364' title='bbox 591 2883 927 2958; x_wconf 87' lang='lat' dir='ltr'><strong>servitutem,</strong></span> <span class='ocrx_word' id='word_1_365' title='bbox 960 2881 1026 2938; x_wconf 89' lang='lat' dir='ltr'><strong>ad</strong></span> <span class='ocrx_word' id='word_1_366' title='bbox 1059 2882 1246 2937; x_wconf 87' lang='lat' dir='ltr'><strong>horam</strong></span> <span class='ocrx_word' id='word_1_367' title='bbox 1290 2882 1507 2954; x_wconf 89' lang='lat' dir='ltr'><strong>quidem</strong></span> <span class='ocrx_word' id='word_1_368' title='bbox 1548 2883 1813 2938; x_wconf 86' lang='lat' dir='ltr'><strong>cessimus</strong></span> <span class='ocrx_word' id='word_1_369' title='bbox 1851 2882 2194 2953; x_wconf 70' lang='lat' dir='ltr'><strong>sulijectioni,</strong></span> 
     </span>
    </p>
   </div>
   <div class='ocr_carea' id='block_1_46' title="bbox 591 2973 2199 3047">
    <p class='ocr_par' dir='ltr' id='par_1_46' title="bbox 591 2973 2199 3047">
     <span class='ocr_line' id='line_1_46' title="bbox 591 2973 2199 3047; baseline 0 -17"><span class='ocrx_word' id='word_1_370' title='bbox 591 2973 646 3030; x_wconf 90' lang='lat' dir='ltr'><strong>id</strong></span> <span class='ocrx_word' id='word_1_371' title='bbox 668 2985 752 3031; x_wconf 87' lang='lat' dir='ltr'><strong>est</strong></span> <span class='ocrx_word' id='word_1_372' title='bbox 777 2975 841 3029; x_wconf 91' lang='lat' dir='ltr'><strong>ad</strong></span> <span class='ocrx_word' id='word_1_373' title='bbox 869 2975 1032 3031; x_wconf 87' lang='lat' dir='ltr'><strong>breve</strong></span> <span class='ocrx_word' id='word_1_374' title='bbox 1061 2986 1274 3046; x_wconf 89' lang='lat' dir='ltr'><strong>tempus</strong></span> <span class='ocrx_word' id='word_1_375' title='bbox 1303 2984 1360 3030; x_wconf 93' lang='grc' dir='ltr'><strong>ιιι</strong></span> <span class='ocrx_word' id='word_1_376' title='bbox 1388 2975 1565 3047; x_wconf 89' lang='lat' dir='ltr'><strong>aliqua</strong></span> <span class='ocrx_word' id='word_1_377' title='bbox 1592 2974 1914 3032; x_wconf 79' lang='lat' dir='ltr'><strong>faceremus.</strong></span> <span class='ocrx_word' id='word_1_378' title='bbox 1947 2975 2063 3031; x_wconf 88' lang='lat' dir='ltr'><strong>Non</strong></span> <span class='ocrx_word' id='word_1_379' title='bbox 2098 2976 2199 3030; x_wconf 90' lang='lat' dir='ltr'><strong>hoc</strong></span> 
     </span>
    </p>
   </div>
   <div class='ocr_carea' id='block_1_47' title="bbox 593 3066 2195 3138">
    <p class='ocr_par' dir='ltr' id='par_1_47' title="bbox 593 3066 2195 3138">
     <span class='ocr_line' id='line_1_47' title="bbox 593 3066 2195 3138; baseline -0.001 -15"><span class='ocrx_word' id='word_1_380' title='bbox 593 3067 943 3138; x_wconf 90' lang='lat' dir='ltr'><strong>cuicumque,</strong></span> <span class='ocrx_word' id='word_1_381' title='bbox 978 3066 1071 3121; x_wconf 85' lang='lat' dir='ltr'><strong>sed</strong></span> <span class='ocrx_word' id='word_1_382' title='bbox 1103 3066 1344 3136; x_wconf 83' lang='lat' dir='ltr'><strong>perfecto</strong></span> <span class='ocrx_word' id='word_1_383' title='bbox 1370 3077 1426 3123; x_wconf 89' lang='lat' dir='ltr'><strong>et</strong></span> <span class='ocrx_word' id='word_1_384' title='bbox 1470 3068 1522 3121; x_wconf 93' lang='lat' dir='ltr'><strong>in</strong></span> <span class='ocrx_word' id='word_1_385' title='bbox 1567 3066 1670 3123; x_wconf 89' lang='lat' dir='ltr'><strong>lide</strong></span> <span class='ocrx_word' id='word_1_386' title='bbox 1695 3067 2045 3122; x_wconf 87' lang='lat' dir='ltr'><strong>corroborato</strong></span> <span class='ocrx_word' id='word_1_387' title='bbox 2076 3082 2195 3138; x_wconf 89' lang='lat' dir='ltr'><strong>per-</strong></span> 
     </span>
    </p>
   </div>
   <div class='ocr_carea' id='block_1_48' title="bbox 2288 1855 3792 1922">
    <p class='ocr_par' dir='ltr' id='par_1_48' title="bbox 2288 1855 3792 1922">
     <span class='ocr_line' id='line_1_48' title="bbox 2288 1855 3792 1922; baseline -0.001 -10"><span class='ocrx_word' id='word_1_388' title='bbox 2288 1866 2372 1912; x_wconf 89' lang='lat' dir='ltr'><strong>est</strong></span> <span class='ocrx_word' id='word_1_389' title='bbox 2401 1855 2535 1911; x_wconf 90' lang='lat' dir='ltr'><strong>nihil</strong></span> <span class='ocrx_word' id='word_1_390' title='bbox 2569 1871 2656 1912; x_wconf 91' lang='lat' dir='ltr'><strong>me</strong></span> <span class='ocrx_word' id='word_1_391' title='bbox 2683 1856 2987 1912; x_wconf 86' lang='lat' dir='ltr'><strong>docuerunt</strong></span> <span class='ocrx_word' id='word_1_392' title='bbox 3008 1897 3024 1922; x_wconf 95' lang='lat'><strong>,</strong></span> <span class='ocrx_word' id='word_1_393' title='bbox 3053 1857 3187 1911; x_wconf 87' lang='lat' dir='ltr'><strong>nihil</strong></span> <span class='ocrx_word' id='word_1_394' title='bbox 3215 1855 3560 1920; x_wconf 85' lang='lat' dir='ltr'><strong>addiderunt,</strong></span> <span class='ocrx_word' id='word_1_395' title='bbox 3587 1857 3664 1911; x_wconf 85' lang='lat' dir='ltr'><strong>sed</strong></span> <span class='ocrx_word' id='word_1_396' title='bbox 3685 1872 3792 1911; x_wconf 74' lang='lat' dir='ltr'><strong>eran-</strong></span> 
     </span>
    </p>
   </div>
   <div class='ocr_carea' id='block_1_49' title="bbox 2288 1948 3792 2022">
    <p class='ocr_par' dir='ltr' id='par_1_49' title="bbox 2288 1948 3792 2022">
     <span class='ocr_line' id='line_1_49' title="bbox 2288 1948 3792 2022; baseline -0.003 -15"><span class='ocrx_word' id='word_1_397' title='bbox 2288 1951 2486 2022; x_wconf 81' lang='lat' dir='ltr'><strong>gelium</strong></span> <span class='ocrx_word' id='word_1_398' title='bbox 2514 1967 2692 2007; x_wconf 93' lang='lat' dir='ltr'><strong>meum</strong></span> <span class='ocrx_word' id='word_1_399' title='bbox 2724 1951 3110 2022; x_wconf 87' lang='lat' dir='ltr'><strong>probaverunt.</strong></span> <span class='ocrx_word' id='word_1_400' title='bbox 3146 1950 3292 2022; x_wconf 87' lang='lat' dir='ltr'><strong>Ergo</strong></span> <span class='ocrx_word' id='word_1_401' title='bbox 3312 1991 3328 2017; x_wconf 93' lang='lat'><strong>,</strong></span> <span class='ocrx_word' id='word_1_402' title='bbox 3359 1961 3413 2007; x_wconf 91' lang='lat' dir='ltr'><strong>et</strong></span> <span class='ocrx_word' id='word_1_403' title='bbox 3441 1950 3581 2005; x_wconf 84' lang='lat' dir='ltr'><strong>vobis</strong></span> <span class='ocrx_word' id='word_1_404' title='bbox 3612 1948 3712 2005; x_wconf 87' lang='lat' dir='ltr'><strong>nihil</strong></span> <span class='ocrx_word' id='word_1_405' title='bbox 3733 1951 3792 2006; x_wconf 81' lang='lat' dir='ltr'><strong>dc-</strong></span> 
     </span>
    </p>
   </div>
   <div class='ocr_carea' id='block_1_50' title="bbox 2292 2041 3792 2115">
    <p class='ocr_par' dir='ltr' id='par_1_50' title="bbox 2292 2041 3792 2115">
     <span class='ocr_line' id='line_1_50' title="bbox 2292 2041 3792 2115; baseline -0.001 -17"><span class='ocrx_word' id='word_1_406' title='bbox 2292 2043 2399 2099; x_wconf 91' lang='lat' dir='ltr'><strong>buit</strong></span> <span class='ocrx_word' id='word_1_407' title='bbox 2445 2041 2572 2099; x_wconf 87' lang='lat' dir='ltr'><strong>addi</strong></span> <span class='ocrx_word' id='word_1_408' title='bbox 2617 2042 2685 2099; x_wconf 90' lang='lat' dir='ltr'><strong>ad</strong></span> <span class='ocrx_word' id='word_1_409' title='bbox 2729 2042 3089 2114; x_wconf 80' lang='lat' dir='ltr'><strong>evangelium,</strong></span> <span class='ocrx_word' id='word_1_410' title='bbox 3134 2042 3278 2115; x_wconf 91' lang='lat' dir='ltr'><strong>quod</strong></span> <span class='ocrx_word' id='word_1_411' title='bbox 3332 2042 3486 2099; x_wconf 85' lang='lat' dir='ltr'><strong>vobis</strong></span> <span class='ocrx_word' id='word_1_412' title='bbox 3523 2042 3792 2114; x_wconf 73' lang='lat' dir='ltr'><strong>pronuntiari.</strong></span> 
     </span>
    </p>
   </div>
   <div class='ocr_carea' id='block_1_51' title="bbox 2364 2133 3794 2208">
    <p class='ocr_par' dir='ltr' id='par_1_51' title="bbox 2364 2133 3794 2208">
     <span class='ocr_line' id='line_1_51' title="bbox 2364 2133 3794 2208; baseline -0.003 -16"><span class='ocrx_word' id='word_1_413' title='bbox 2364 2136 2532 2193; x_wconf 76' lang='lat' dir='ltr'><strong>Vens.</strong></span> <span class='ocrx_word' id='word_1_414' title='bbox 2559 2137 2612 2204; x_wconf 90' lang='lat'><strong>7,</strong></span> <span class='ocrx_word' id='word_1_415' title='bbox 2646 2139 2703 2204; x_wconf 86' lang='lat'><strong>8,</strong></span> <span class='ocrx_word' id='word_1_416' title='bbox 2725 2137 2855 2192; x_wconf 86' lang='grc'><strong>9.-</strong></span> <span class='ocrx_word' id='word_1_417' title='bbox 2877 2135 2985 2191; x_wconf 89' lang='lat' dir='ltr'><strong>Sed</strong></span> <span class='ocrx_word' id='word_1_418' title='bbox 3014 2137 3177 2208; x_wconf 82' lang='lat' dir='ltr'><strong>magis</strong></span> <span class='ocrx_word' id='word_1_419' title='bbox 3205 2146 3389 2191; x_wconf 88' lang='lat' dir='ltr'><strong>contra</strong></span> <span class='ocrx_word' id='word_1_420' title='bbox 3411 2133 3486 2208; x_wconf 76' lang='grc'><strong>(5)</strong></span> <span class='ocrx_word' id='word_1_421' title='bbox 3509 2152 3610 2189; x_wconf 83' lang='lat' dir='ltr'><strong>cum</strong></span> <span class='ocrx_word' id='word_1_422' title='bbox 3631 2135 3794 2189; x_wconf 70' lang='lat' dir='ltr'><strong>vidissent</strong></span> 
     </span>
    </p>
   </div>
   <div class='ocr_carea' id='block_1_52' title="bbox 2291 2226 3794 2301">
    <p class='ocr_par' dir='ltr' id='par_1_52' title="bbox 2291 2226 3794 2301">
     <span class='ocr_line' id='line_1_52' title="bbox 2291 2226 3794 2301; baseline -0.003 -16"><span class='ocrx_word' id='word_1_423' title='bbox 2291 2232 2537 2301; x_wconf 87' lang='lat' dir='ltr'><strong>quoniam</strong></span> <span class='ocrx_word' id='word_1_424' title='bbox 2575 2229 2832 2285; x_wconf 83' lang='lat' dir='ltr'><strong>creditum</strong></span> <span class='ocrx_word' id='word_1_425' title='bbox 2867 2237 2939 2284; x_wconf 83' lang='lat' dir='ltr'><strong>est</strong></span> <span class='ocrx_word' id='word_1_426' title='bbox 2964 2230 3092 2283; x_wconf 82' lang='lat' dir='ltr'><strong>mihi</strong></span> <span class='ocrx_word' id='word_1_427' title='bbox 3120 2226 3441 2299; x_wconf 82' lang='lat' dir='ltr'><strong>evangelium</strong></span> <span class='ocrx_word' id='word_1_428' title='bbox 3468 2228 3691 2299; x_wconf 74' lang='lat' dir='ltr'><strong>prwputii,</strong></span> <span class='ocrx_word' id='word_1_429' title='bbox 3715 2230 3794 2281; x_wconf 74' lang='lat' dir='ltr'><strong>sint</strong></span> 
     </span>
    </p>
   </div>
   <div class='ocr_carea' id='block_1_53' title="bbox 2294 2317 3794 2392">
    <p class='ocr_par' dir='ltr' id='par_1_53' title="bbox 2294 2317 3794 2392">
     <span class='ocr_line' id='line_1_53' title="bbox 2294 2317 3794 2392; baseline -0.004 -15"><span class='ocrx_word' id='word_1_430' title='bbox 2294 2322 2452 2379; x_wconf 87' lang='lat' dir='ltr'><strong>Petro</strong></span> <span class='ocrx_word' id='word_1_431' title='bbox 2478 2320 2881 2377; x_wconf 85' lang='lat' dir='ltr'><strong>circumcisionis</strong></span> <span class='ocrx_word' id='word_1_432' title='bbox 2898 2336 2917 2386; x_wconf 80' lang='lat'><strong>,&#39;</strong></span> <span class='ocrx_word' id='word_1_433' title='bbox 2937 2322 3023 2392; x_wconf 87' lang='lat' dir='ltr'><strong>qui</strong></span> <span class='ocrx_word' id='word_1_434' title='bbox 3049 2329 3289 2392; x_wconf 78' lang='lat' dir='ltr'><strong>operatus</strong></span> <span class='ocrx_word' id='word_1_435' title='bbox 3311 2329 3385 2374; x_wconf 90' lang='lat' dir='ltr'><strong>est</strong></span> <span class='ocrx_word' id='word_1_436' title='bbox 3415 2317 3565 2374; x_wconf 88' lang='lat' dir='ltr'><strong>Petro</strong></span> <span class='ocrx_word' id='word_1_437' title='bbox 3591 2321 3635 2373; x_wconf 89' lang='lat' dir='ltr'><strong>in</strong></span> <span class='ocrx_word' id='word_1_438' title='bbox 3656 2328 3794 2389; x_wconf 60' lang='lat' dir='ltr'><strong>apustio</strong></span> 
     </span>
    </p>
   </div>
   <div class='ocr_carea' id='block_1_54' title="bbox 2295 2412 3796 2486">
    <p class='ocr_par' dir='ltr' id='par_1_54' title="bbox 2295 2412 3796 2486">
     <span class='ocr_line' id='line_1_54' title="bbox 2295 2412 3796 2486; baseline -0.006 -14"><span class='ocrx_word' id='word_1_439' title='bbox 2295 2417 2456 2472; x_wconf 87' lang='lat' dir='ltr'><strong>latum</strong></span> <span class='ocrx_word' id='word_1_440' title='bbox 2485 2414 2890 2469; x_wconf 86' lang='lat' dir='ltr'><strong>circumcisionis</strong></span> <span class='ocrx_word' id='word_1_441' title='bbox 2917 2423 3159 2486; x_wconf 85' lang='lat' dir='ltr'><strong>aperatus</strong></span> <span class='ocrx_word' id='word_1_442' title='bbox 3185 2423 3263 2468; x_wconf 89' lang='lat' dir='ltr'><strong>est</strong></span> <span class='ocrx_word' id='word_1_443' title='bbox 3293 2413 3422 2467; x_wconf 82' lang='lat' dir='ltr'><strong>mihi</strong></span> <span class='ocrx_word' id='word_1_444' title='bbox 3452 2412 3524 2483; x_wconf 73' lang='grc'>(4)</span> <span class='ocrx_word' id='word_1_445' title='bbox 3546 2412 3594 2466; x_wconf 90' lang='lat' dir='ltr'><strong>in</strong></span> <span class='ocrx_word' id='word_1_446' title='bbox 3611 2412 3796 2483; x_wconf 68' lang='lat' dir='ltr'><strong>gentibus:</strong></span> 
     </span>
    </p>
   </div>
   <div class='ocr_carea' id='block_1_55' title="bbox 2295 2500 3798 2581">
    <p class='ocr_par' dir='ltr' id='par_1_55' title="bbox 2295 2500 3798 2581">
     <span class='ocr_line' id='line_1_55' title="bbox 2295 2500 3798 2581; baseline -0.006 -17"><span class='ocrx_word' id='word_1_447' title='bbox 2295 2519 2343 2564; x_wconf 90' lang='lat' dir='ltr'><strong>et</strong></span> <span class='ocrx_word' id='word_1_448' title='bbox 2364 2509 2566 2580; x_wconf 88' lang='lat' dir='ltr'><strong>cognita</strong></span> <span class='ocrx_word' id='word_1_449' title='bbox 2593 2508 2762 2581; x_wconf 86' lang='lat' dir='ltr'><strong>gratia</strong></span> <span class='ocrx_word' id='word_1_450' title='bbox 2787 2522 2902 2578; x_wconf 67' lang='lat' dir='ltr'><strong>qui:</strong></span> <span class='ocrx_word' id='word_1_451' title='bbox 2921 2506 3044 2560; x_wconf 90' lang='lat' dir='ltr'><strong>data</strong></span> <span class='ocrx_word' id='word_1_452' title='bbox 3073 2516 3147 2562; x_wconf 84' lang='lat' dir='ltr'><strong>est</strong></span> <span class='ocrx_word' id='word_1_453' title='bbox 3171 2507 3301 2561; x_wconf 81' lang='lat' dir='ltr'><strong>mihi</strong></span> <span class='ocrx_word' id='word_1_454' title='bbox 3333 2506 3414 2578; x_wconf 84' lang='lat'><strong>(5)</strong></span> <span class='ocrx_word' id='word_1_455' title='bbox 3442 2504 3612 2561; x_wconf 79' lang='lat' dir='ltr'><strong>Petrus</strong></span> <span class='ocrx_word' id='word_1_456' title='bbox 3633 2512 3670 2558; x_wconf 82' lang='lat' dir='ltr'><strong>et</strong></span> <span class='ocrx_word' id='word_1_457' title='bbox 3691 2500 3798 2556; x_wconf 75' lang='lat' dir='ltr'><strong>Ioan-</strong></span> 
     </span>
    </p>
   </div>
   <div class='ocr_carea' id='block_1_56' title="bbox 2297 2594 3881 2685">
    <p class='ocr_par' dir='ltr' id='par_1_56' title="bbox 2297 2594 3881 2685">
     <span class='ocr_line' id='line_1_56' title="bbox 2297 2594 3881 2685; baseline -0.007 -26"><span class='ocrx_word' id='word_1_458' title='bbox 2297 2621 2386 2660; x_wconf 85' lang='lat' dir='ltr'><strong>nes</strong></span> <span class='ocrx_word' id='word_1_459' title='bbox 2419 2601 2518 2674; x_wconf 85' lang='lat'><strong>(6),</strong></span> <span class='ocrx_word' id='word_1_460' title='bbox 2551 2602 2638 2674; x_wconf 85' lang='lat' dir='ltr'><strong>qui</strong></span> <span class='ocrx_word' id='word_1_461' title='bbox 2667 2600 2967 2656; x_wconf 82' lang='lat' dir='ltr'><strong>videbantur</strong></span> <span class='ocrx_word' id='word_1_462' title='bbox 3005 2601 3259 2655; x_wconf 79' lang='lat' dir='ltr'><strong>columna:</strong></span> <span class='ocrx_word' id='word_1_463' title='bbox 3294 2615 3428 2667; x_wconf 89' lang='lat' dir='ltr'><strong>esse,</strong></span> <span class='ocrx_word' id='word_1_464' title='bbox 3455 2598 3674 2654; x_wconf 82' lang='lat' dir='ltr'><strong>dexteras</strong></span> <span class='ocrx_word' id='word_1_465' title='bbox 3690 2594 3798 2651; x_wconf 84' lang='lat' dir='ltr'><strong>dede-</strong></span> <span class='ocrx_word' id='word_1_466' title='bbox 3880 2666 3881 2685; x_wconf 15' lang='grc' dir='ltr'>χ</span> 
     </span>
    </p>
   </div>
   <div class='ocr_carea' id='block_1_57' title="bbox 2297 2686 3802 2763">
    <p class='ocr_par' dir='ltr' id='par_1_57' title="bbox 2297 2686 3802 2763">
     <span class='ocr_line' id='line_1_57' title="bbox 2297 2686 3802 2763; baseline -0.008 -12"><span class='ocrx_word' id='word_1_467' title='bbox 2297 2704 2443 2751; x_wconf 88' lang='lat' dir='ltr'><strong>runt.</strong></span> <span class='ocrx_word' id='word_1_468' title='bbox 2468 2693 2654 2750; x_wconf 90' lang='lat' dir='ltr'><strong>Ordo:</strong></span> <span class='ocrx_word' id='word_1_469' title='bbox 2682 2693 2813 2748; x_wconf 89' lang='lat' dir='ltr'><strong>mihi</strong></span> <span class='ocrx_word' id='word_1_470' title='bbox 2855 2692 2928 2748; x_wconf 89' lang='lat' dir='ltr'><strong>illi</strong></span> <span class='ocrx_word' id='word_1_471' title='bbox 2977 2692 3230 2763; x_wconf 71' lang='lat' dir='ltr'><strong>prazcipui</strong></span> <span class='ocrx_word' id='word_1_472' title='bbox 3285 2692 3387 2748; x_wconf 84' lang='lat' dir='ltr'><strong>viri</strong></span> <span class='ocrx_word' id='word_1_473' title='bbox 3429 2691 3604 2747; x_wconf 86' lang='lat' dir='ltr'><strong>Petrus</strong></span> <span class='ocrx_word' id='word_1_474' title='bbox 3629 2700 3673 2745; x_wconf 91' lang='lat' dir='ltr'><strong>et</strong></span> <span class='ocrx_word' id='word_1_475' title='bbox 3698 2686 3802 2742; x_wconf 61' lang='lat' dir='ltr'><strong>loano</strong></span> 
     </span>
    </p>
   </div>
   <div class='ocr_carea' id='block_1_58' title="bbox 2298 2784 3803 2858">
    <p class='ocr_par' dir='ltr' id='par_1_58' title="bbox 2298 2784 3803 2858">
     <span class='ocr_line' id='line_1_58' title="bbox 2298 2784 3803 2858; baseline -0.007 -13"><span class='ocrx_word' id='word_1_476' title='bbox 2298 2805 2398 2845; x_wconf 86' lang='lat' dir='ltr'><strong>nes</strong></span> <span class='ocrx_word' id='word_1_477' title='bbox 2421 2798 2478 2845; x_wconf 91' lang='lat' dir='ltr'><strong>et</strong></span> <span class='ocrx_word' id='word_1_478' title='bbox 2504 2787 2760 2854; x_wconf 80' lang='lat' dir='ltr'><strong>Jacobus,</strong></span> <span class='ocrx_word' id='word_1_479' title='bbox 2789 2788 2877 2858; x_wconf 90' lang='lat' dir='ltr'><strong>qui</strong></span> <span class='ocrx_word' id='word_1_480' title='bbox 2901 2787 3158 2842; x_wconf 69' lang='lat' dir='ltr'><strong>columna:</strong></span> <span class='ocrx_word' id='word_1_481' title='bbox 3180 2802 3287 2843; x_wconf 86' lang='lat' dir='ltr'><strong>esse</strong></span> <span class='ocrx_word' id='word_1_482' title='bbox 3311 2787 3623 2850; x_wconf 78' lang='lat' dir='ltr'><strong>videbantur,</strong></span> <span class='ocrx_word' id='word_1_483' title='bbox 3646 2784 3803 2838; x_wconf 65' lang='lat' dir='ltr'><strong>dextera</strong></span> 
     </span>
    </p>
   </div>
   <div class='ocr_carea' id='block_1_59' title="bbox 2300 2872 3804 2943">
    <p class='ocr_par' dir='ltr' id='par_1_59' title="bbox 2300 2872 3804 2943">
     <span class='ocr_line' id='line_1_59' title="bbox 2300 2872 3804 2943; baseline -0.006 -7"><span class='ocrx_word' id='word_1_484' title='bbox 2300 2881 2582 2941; x_wconf 84' lang='lat' dir='ltr'><strong>dederunt;</strong></span> <span class='ocrx_word' id='word_1_485' title='bbox 2603 2878 2655 2934; x_wconf 93' lang='lat' dir='ltr'><strong>id</strong></span> <span class='ocrx_word' id='word_1_486' title='bbox 2683 2888 2763 2935; x_wconf 90' lang='lat' dir='ltr'><strong>est</strong></span> <span class='ocrx_word' id='word_1_487' title='bbox 2791 2893 3117 2935; x_wconf 89' lang='lat' dir='ltr'><strong>consensum</strong></span> <span class='ocrx_word' id='word_1_488' title='bbox 3143 2878 3573 2943; x_wconf 89' lang='lat' dir='ltr'><strong>commodarunt,</strong></span> <span class='ocrx_word' id='word_1_489' title='bbox 3594 2891 3690 2931; x_wconf 89' lang='lat' dir='ltr'><strong>cum</strong></span> <span class='ocrx_word' id='word_1_490' title='bbox 3709 2872 3804 2927; x_wconf 74' lang='lat' dir='ltr'><strong>vide-</strong></span> 
     </span>
    </p>
   </div>
   <div class='ocr_carea' id='block_1_60' title="bbox 2301 2967 3804 3042">
    <p class='ocr_par' dir='ltr' id='par_1_60' title="bbox 2301 2967 3804 3042">
     <span class='ocr_line' id='line_1_60' title="bbox 2301 2967 3804 3042; baseline -0.007 -11"><span class='ocrx_word' id='word_1_491' title='bbox 2301 2984 2424 3031; x_wconf 90' lang='lat' dir='ltr'><strong>rent</strong></span> <span class='ocrx_word' id='word_1_492' title='bbox 2453 2973 2583 3029; x_wconf 91' lang='lat' dir='ltr'><strong>mihi</strong></span> <span class='ocrx_word' id='word_1_493' title='bbox 2618 2974 2882 3029; x_wconf 84' lang='lat' dir='ltr'><strong>creditum</strong></span> <span class='ocrx_word' id='word_1_494' title='bbox 2910 2986 3032 3029; x_wconf 92' lang='lat' dir='ltr'><strong>esse</strong></span> <span class='ocrx_word' id='word_1_495' title='bbox 3060 2971 3408 3042; x_wconf 79' lang='lat' dir='ltr'><strong>evangelium</strong></span> <span class='ocrx_word' id='word_1_496' title='bbox 3440 2970 3678 3042; x_wconf 72' lang='lat' dir='ltr'><strong>prteputii,</strong></span> <span class='ocrx_word' id='word_1_497' title='bbox 3699 2967 3804 3022; x_wconf 84' lang='lat' dir='ltr'><strong>idest</strong></span> 
     </span>
    </p>
   </div>
   <div class='ocr_carea' id='block_1_61' title="bbox 2303 3064 3803 3140">
    <p class='ocr_par' dir='ltr' id='par_1_61' title="bbox 2303 3064 3803 3140">
     <span class='ocr_line' id='line_1_61' title="bbox 2303 3064 3803 3140; baseline -0.008 -15"><span class='ocrx_word' id='word_1_498' title='bbox 2303 3085 2397 3138; x_wconf 81' lang='lat' dir='ltr'><strong>per</strong></span> <span class='ocrx_word' id='word_1_499' title='bbox 2424 3076 2613 3140; x_wconf 81' lang='lat' dir='ltr'><strong>gentes</strong></span> <span class='ocrx_word' id='word_1_500' title='bbox 2637 3066 2829 3122; x_wconf 90' lang='lat' dir='ltr'><strong>eodem</strong></span> <span class='ocrx_word' id='word_1_501' title='bbox 2866 3064 3026 3121; x_wconf 89' lang='lat' dir='ltr'><strong>modo</strong></span> <span class='ocrx_word' id='word_1_502' title='bbox 3051 3065 3316 3122; x_wconf 89' lang='lat' dir='ltr'><strong>creditum</strong></span> <span class='ocrx_word' id='word_1_503' title='bbox 3340 3109 3357 3135; x_wconf 94' lang='lat'><strong>,</strong></span> <span class='ocrx_word' id='word_1_504' title='bbox 3390 3075 3445 3122; x_wconf 93' lang='lat' dir='ltr'><strong>ut</strong></span> <span class='ocrx_word' id='word_1_505' title='bbox 3484 3065 3624 3121; x_wconf 88' lang='lat' dir='ltr'><strong>Petro</strong></span> <span class='ocrx_word' id='word_1_506' title='bbox 3647 3074 3803 3129; x_wconf 80' lang='lat' dir='ltr'><strong>evange-</strong></span> 
     </span>
    </p>
   </div>
   <div class='ocr_carea' id='block_1_62' title="bbox 594 3128 3805 3232">
    <p class='ocr_par' dir='ltr' id='par_1_62' title="bbox 594 3128 3805 3232">
     <span class='ocr_line' id='line_1_62' title="bbox 594 3128 3805 3232; baseline -0.001 -15"><span class='ocrx_word' id='word_1_507' title='bbox 594 3161 818 3217; x_wconf 88' lang='lat' dir='ltr'><strong>missum</strong></span> <span class='ocrx_word' id='word_1_508' title='bbox 848 3159 1147 3231; x_wconf 87' lang='lat' dir='ltr'><strong>intelligere</strong></span> <span class='ocrx_word' id='word_1_509' title='bbox 1174 3159 1456 3229; x_wconf 86' lang='lat' dir='ltr'><strong>debemus,</strong></span> <span class='ocrx_word' id='word_1_510' title='bbox 1482 3170 1541 3215; x_wconf 92' lang='lat' dir='ltr'><strong>ut</strong></span> <span class='ocrx_word' id='word_1_511' title='bbox 1568 3171 1786 3231; x_wconf 91' lang='lat' dir='ltr'><strong>propter</strong></span> <span class='ocrx_word' id='word_1_512' title='bbox 1802 3161 2071 3217; x_wconf 80' lang='lat' dir='ltr'><strong>Christum</strong></span> <span class='ocrx_word' id='word_1_513' title='bbox 2098 3160 2199 3215; x_wconf 89' lang='lat' dir='ltr'><strong>ali-</strong></span> <span class='ocrx_word' id='word_1_514' title='bbox 2221 3128 2271 3194; x_wconf 61' lang='grc' dir='ltr'>δ</span> <span class='ocrx_word' id='word_1_515' title='bbox 2304 3163 2431 3218; x_wconf 89' lang='lat' dir='ltr'><strong>litnn</strong></span> <span class='ocrx_word' id='word_1_516' title='bbox 2456 3163 2716 3218; x_wconf 90' lang='lat' dir='ltr'><strong>creditum</strong></span> <span class='ocrx_word' id='word_1_517' title='bbox 2743 3169 2828 3217; x_wconf 90' lang='lat' dir='ltr'><strong>est</strong></span> <span class='ocrx_word' id='word_1_518' title='bbox 2851 3161 3277 3217; x_wconf 89' lang='lat' dir='ltr'><strong>circumcisionis</strong></span> <span class='ocrx_word' id='word_1_519' title='bbox 3299 3170 3365 3216; x_wconf 91' lang='lat' dir='ltr'><strong>ut</strong></span> <span class='ocrx_word' id='word_1_520' title='bbox 3390 3160 3731 3232; x_wconf 72' lang='lat' dir='ltr'><strong>evangelium</strong></span> <span class='ocrx_word' id='word_1_521' title='bbox 3750 3169 3805 3224; x_wconf 80' lang='lat' dir='ltr'><strong>pet</strong></span> 
     </span>
    </p>
   </div>
   <div class='ocr_carea' id='block_1_63' title="bbox 592 3253 2199 3325">
    <p class='ocr_par' dir='ltr' id='par_1_63' title="bbox 592 3253 2199 3325">
     <span class='ocr_line' id='line_1_63' title="bbox 592 3253 2199 3325; baseline 0 -16"><span class='ocrx_word' id='word_1_522' title='bbox 592 3268 699 3325; x_wconf 89' lang='lat' dir='ltr'><strong>qua</strong></span> <span class='ocrx_word' id='word_1_523' title='bbox 721 3253 878 3309; x_wconf 79' lang='lat' dir='ltr'><strong>faciat</strong></span> <span class='ocrx_word' id='word_1_524' title='bbox 896 3267 1017 3324; x_wconf 72' lang='lat' dir='ltr'><strong>qua:</strong></span> <span class='ocrx_word' id='word_1_525' title='bbox 1037 3264 1187 3310; x_wconf 83' lang='lat' dir='ltr'><strong>extra</strong></span> <span class='ocrx_word' id='word_1_526' title='bbox 1211 3254 1447 3325; x_wconf 86' lang='lat' dir='ltr'><strong>regulam</strong></span> <span class='ocrx_word' id='word_1_527' title='bbox 1469 3264 1623 3320; x_wconf 89' lang='lat' dir='ltr'><strong>sunt;</strong></span> <span class='ocrx_word' id='word_1_528' title='bbox 1649 3253 1943 3309; x_wconf 89' lang='lat' dir='ltr'><strong>dummodo</strong></span> <span class='ocrx_word' id='word_1_529' title='bbox 1969 3270 2053 3319; x_wconf 89' lang='lat' dir='ltr'><strong>ea,</strong></span> <span class='ocrx_word' id='word_1_530' title='bbox 2079 3269 2199 3325; x_wconf 64' lang='lat' dir='ltr'><strong>quas</strong></span> 
     </span>
    </p>
   </div>
   <div class='ocr_carea' id='block_1_64' title="bbox 521 3346 2199 3418">
    <p class='ocr_par' dir='ltr' id='par_1_64' title="bbox 521 3346 2199 3418">
     <span class='ocr_line' id='line_1_64' title="bbox 521 3346 2199 3418; baseline -0.001 -15"><span class='ocrx_word' id='word_1_531' title='bbox 521 3382 528 3391; x_wconf 70' lang='grc' dir='ltr'><strong>ι</strong></span> <span class='ocrx_word' id='word_1_532' title='bbox 594 3346 742 3413; x_wconf 79' lang='lat' dir='ltr'><strong>facit,</strong></span> <span class='ocrx_word' id='word_1_533' title='bbox 775 3346 983 3417; x_wconf 90' lang='lat' dir='ltr'><strong>prosint</strong></span> <span class='ocrx_word' id='word_1_534' title='bbox 1023 3348 1150 3418; x_wconf 92' lang='lat' dir='ltr'><strong>legi,</strong></span> <span class='ocrx_word' id='word_1_535' title='bbox 1183 3347 1234 3402; x_wconf 89' lang='lat' dir='ltr'><strong>id</strong></span> <span class='ocrx_word' id='word_1_536' title='bbox 1263 3356 1432 3403; x_wconf 90' lang='lat' dir='ltr'><strong>estut</strong></span> <span class='ocrx_word' id='word_1_537' title='bbox 1461 3348 1654 3402; x_wconf 73' lang='lat' dir='ltr'><strong>anima:</strong></span> <span class='ocrx_word' id='word_1_538' title='bbox 1696 3347 2011 3402; x_wconf 90' lang='lat' dir='ltr'><strong>liberentur.</strong></span> <span class='ocrx_word' id='word_1_539' title='bbox 2058 3347 2123 3401; x_wconf 89' lang='lat' dir='ltr'><strong>Et</strong></span> <span class='ocrx_word' id='word_1_540' title='bbox 2146 3346 2199 3402; x_wconf 91' lang='lat' dir='ltr'><strong>id</strong></span> 
     </span>
    </p>
   </div>
   <div class='ocr_carea' id='block_1_65' title="bbox 596 3438 2198 3510">
    <p class='ocr_par' dir='ltr' id='par_1_65' title="bbox 596 3438 2198 3510">
     <span class='ocr_line' id='line_1_65' title="bbox 596 3438 2198 3510; baseline -0.001 -15"><span class='ocrx_word' id='word_1_541' title='bbox 596 3439 779 3495; x_wconf 89' lang='lat' dir='ltr'><strong>tnultis</strong></span> <span class='ocrx_word' id='word_1_542' title='bbox 803 3439 857 3494; x_wconf 89' lang='lat' dir='ltr'><strong>in</strong></span> <span class='ocrx_word' id='word_1_543' title='bbox 880 3440 1013 3495; x_wconf 87' lang='lat' dir='ltr'><strong>locis</strong></span> <span class='ocrx_word' id='word_1_544' title='bbox 1044 3438 1351 3510; x_wconf 88' lang='lat' dir='ltr'><strong>probatum,</strong></span> <span class='ocrx_word' id='word_1_545' title='bbox 1376 3450 1430 3494; x_wconf 92' lang='lat' dir='ltr'><strong>et</strong></span> <span class='ocrx_word' id='word_1_546' title='bbox 1458 3456 1488 3493; x_wconf 88' lang='lat' dir='ltr'><strong>a</strong></span> <span class='ocrx_word' id='word_1_547' title='bbox 1514 3438 1681 3494; x_wconf 82' lang='lat' dir='ltr'><strong>Paulo</strong></span> <span class='ocrx_word' id='word_1_548' title='bbox 1708 3447 1913 3508; x_wconf 85' lang='lat' dir='ltr'><strong>gestum</strong></span> <span class='ocrx_word' id='word_1_549' title='bbox 1943 3438 2198 3494; x_wconf 83' lang='lat' dir='ltr'><strong>ostende-</strong></span> 
     </span>
    </p>
   </div>
   <div class='ocr_carea' id='block_1_66' title="bbox 597 3526 2202 3603">
    <p class='ocr_par' dir='ltr' id='par_1_66' title="bbox 597 3526 2202 3603">
     <span class='ocr_line' id='line_1_66' title="bbox 597 3526 2202 3603; baseline -0.001 -15"><span class='ocrx_word' id='word_1_550' title='bbox 597 3546 741 3599; x_wconf 90' lang='lat' dir='ltr'><strong>mus,</strong></span> <span class='ocrx_word' id='word_1_551' title='bbox 765 3531 840 3587; x_wconf 92' lang='lat' dir='ltr'><strong>uti</strong></span> <span class='ocrx_word' id='word_1_552' title='bbox 860 3532 1018 3588; x_wconf 89' lang='lat' dir='ltr'><strong>cedat</strong></span> <span class='ocrx_word' id='word_1_553' title='bbox 1044 3546 1153 3587; x_wconf 93' lang='lat' dir='ltr'><strong>non</strong></span> <span class='ocrx_word' id='word_1_554' title='bbox 1176 3526 1319 3587; x_wconf 72' lang='lat' dir='ltr'><strong>verte</strong></span> <span class='ocrx_word' id='word_1_555' title='bbox 1350 3531 1583 3603; x_wconf 64' lang='lat' dir='ltr'><strong>regula);</strong></span> <span class='ocrx_word' id='word_1_556' title='bbox 1614 3530 1810 3586; x_wconf 82' lang='lat' dir='ltr'><strong>exinde</strong></span> <span class='ocrx_word' id='word_1_557' title='bbox 1832 3531 2087 3602; x_wconf 85' lang='lat' dir='ltr'><strong>corrigat,</strong></span> <span class='ocrx_word' id='word_1_558' title='bbox 2120 3540 2202 3587; x_wconf 87' lang='lat' dir='ltr'><strong>at-</strong></span> 
     </span>
    </p>
   </div>
   <div class='ocr_carea' id='block_1_67' title="bbox 597 3621 2200 3695">
    <p class='ocr_par' dir='ltr' id='par_1_67' title="bbox 597 3621 2200 3695">
     <span class='ocr_line' id='line_1_67' title="bbox 597 3621 2200 3695; baseline 0 -17"><span class='ocrx_word' id='word_1_559' title='bbox 597 3635 704 3693; x_wconf 90' lang='lat' dir='ltr'><strong>que</strong></span> <span class='ocrx_word' id='word_1_560' title='bbox 727 3622 946 3679; x_wconf 87' lang='lat' dir='ltr'><strong>inducat</strong></span> <span class='ocrx_word' id='word_1_561' title='bbox 968 3622 1034 3678; x_wconf 91' lang='lat' dir='ltr'><strong>ad</strong></span> <span class='ocrx_word' id='word_1_562' title='bbox 1065 3638 1246 3679; x_wconf 90' lang='lat' dir='ltr'><strong>veram</strong></span> <span class='ocrx_word' id='word_1_563' title='bbox 1288 3623 1525 3695; x_wconf 87' lang='lat' dir='ltr'><strong>regulam</strong></span> <span class='ocrx_word' id='word_1_564' title='bbox 1556 3623 1775 3678; x_wconf 87' lang='lat' dir='ltr'><strong>multos.</strong></span> <span class='ocrx_word' id='word_1_565' title='bbox 1820 3621 1956 3678; x_wconf 89' lang='lat' dir='ltr'><strong>Hinc</strong></span> <span class='ocrx_word' id='word_1_566' title='bbox 1984 3631 2039 3678; x_wconf 86' lang='lat' dir='ltr'><strong>et</strong></span> <span class='ocrx_word' id='word_1_567' title='bbox 2068 3621 2200 3678; x_wconf 89' lang='lat' dir='ltr'><strong>illud</strong></span> 
     </span>
    </p>
   </div>
   <div class='ocr_carea' id='block_1_68' title="bbox 600 3717 2202 3789">
    <p class='ocr_par' dir='ltr' id='par_1_68' title="bbox 600 3717 2202 3789">
     <span class='ocr_line' id='line_1_68' title="bbox 600 3717 2202 3789; baseline 0.001 -16"><span class='ocrx_word' id='word_1_568' title='bbox 600 3717 843 3788; x_wconf 87' lang='lat' dir='ltr'><strong>estquod</strong></span> <span class='ocrx_word' id='word_1_569' title='bbox 870 3717 1117 3774; x_wconf 90' lang='lat' dir='ltr'><strong>concedit</strong></span> <span class='ocrx_word' id='word_1_570' title='bbox 1144 3726 1199 3774; x_wconf 88' lang='lat' dir='ltr'><strong>et</strong></span> <span class='ocrx_word' id='word_1_571' title='bbox 1225 3717 1488 3774; x_wconf 90' lang='lat' dir='ltr'><strong>secundas</strong></span> <span class='ocrx_word' id='word_1_572' title='bbox 1518 3719 1755 3789; x_wconf 86' lang='lat' dir='ltr'><strong>nuptias,</strong></span> <span class='ocrx_word' id='word_1_573' title='bbox 1789 3727 1845 3773; x_wconf 92' lang='lat' dir='ltr'><strong>et</strong></span> <span class='ocrx_word' id='word_1_574' title='bbox 1882 3717 2027 3789; x_wconf 90' lang='lat' dir='ltr'><strong>quod</strong></span> <span class='ocrx_word' id='word_1_575' title='bbox 2056 3717 2202 3787; x_wconf 49' lang='lat' dir='ltr'><strong>ipsas</strong></span> 
     </span>
    </p>
   </div>
   <div class='ocr_carea' id='block_1_69' title="bbox 601 3810 2204 3884">
    <p class='ocr_par' dir='ltr' id='par_1_69' title="bbox 601 3810 2204 3884">
     <span class='ocr_line' id='line_1_69' title="bbox 601 3810 2204 3884; baseline -0.002 -16"><span class='ocrx_word' id='word_1_576' title='bbox 601 3812 819 3881; x_wconf 86' lang='lat' dir='ltr'><strong>nuptias</strong></span> <span class='ocrx_word' id='word_1_577' title='bbox 845 3811 947 3884; x_wconf 79' lang='lat'><strong>(‘2),</strong></span> <span class='ocrx_word' id='word_1_578' title='bbox 978 3820 1035 3868; x_wconf 94' lang='lat' dir='ltr'><strong>et</strong></span> <span class='ocrx_word' id='word_1_579' title='bbox 1056 3810 1200 3881; x_wconf 84' lang='lat' dir='ltr'><strong>quod</strong></span> <span class='ocrx_word' id='word_1_580' title='bbox 1244 3813 1405 3867; x_wconf 89' lang='lat' dir='ltr'><strong>etiam</strong></span> <span class='ocrx_word' id='word_1_581' title='bbox 1445 3811 1595 3867; x_wconf 89' lang='lat' dir='ltr'><strong>cibos</strong></span> <span class='ocrx_word' id='word_1_582' title='bbox 1621 3820 1677 3867; x_wconf 87' lang='lat' dir='ltr'><strong>et</strong></span> <span class='ocrx_word' id='word_1_583' title='bbox 1705 3826 1895 3867; x_wconf 90' lang='lat' dir='ltr'><strong>omnes</strong></span> <span class='ocrx_word' id='word_1_584' title='bbox 1921 3810 2073 3867; x_wconf 87' lang='lat' dir='ltr'><strong>cibos</strong></span> <span class='ocrx_word' id='word_1_585' title='bbox 2106 3828 2119 3865; x_wconf 92' lang='lat'><strong>:</strong></span> <span class='ocrx_word' id='word_1_586' title='bbox 2147 3818 2204 3866; x_wconf 91' lang='lat' dir='ltr'><strong>et</strong></span> 
     </span>
    </p>
   </div>
   <div class='ocr_carea' id='block_1_70' title="bbox 600 3901 2200 3976">
    <p class='ocr_par' dir='ltr' id='par_1_70' title="bbox 600 3901 2200 3976">
     <span class='ocr_line' id='line_1_70' title="bbox 600 3901 2200 3976; baseline -0.003 -15"><span class='ocrx_word' id='word_1_587' title='bbox 600 3901 934 3976; x_wconf 85' lang='lat' dir='ltr'><strong>idolothytos</strong></span> <span class='ocrx_word' id='word_1_588' title='bbox 956 3903 1104 3959; x_wconf 91' lang='lat' dir='ltr'><strong>cibos</strong></span> <span class='ocrx_word' id='word_1_589' title='bbox 1127 3919 1449 3974; x_wconf 88' lang='lat' dir='ltr'><strong>quamquam</strong></span> <span class='ocrx_word' id='word_1_590' title='bbox 1474 3903 1777 3975; x_wconf 82' lang='lat' dir='ltr'><strong>prohibeat,</strong></span> <span class='ocrx_word' id='word_1_591' title='bbox 1800 3904 1993 3960; x_wconf 88' lang='lat' dir='ltr'><strong>liducia</strong></span> <span class='ocrx_word' id='word_1_592' title='bbox 2024 3913 2200 3958; x_wconf 92' lang='lat' dir='ltr'><strong>tamen</strong></span> 
     </span>
    </p>
   </div>
   <div class='ocr_carea' id='block_1_71' title="bbox 600 3996 2202 4054">
    <p class='ocr_par' dir='ltr' id='par_1_71' title="bbox 600 3996 2202 4054">
     <span class='ocr_line' id='line_1_71' title="bbox 600 3996 2202 4054; baseline -0.001 -1"><span class='ocrx_word' id='word_1_593' title='bbox 600 4005 658 4054; x_wconf 91' lang='lat' dir='ltr'><strong>et</strong></span> <span class='ocrx_word' id='word_1_594' title='bbox 684 4006 845 4053; x_wconf 68' lang='lat' dir='ltr'><strong>certa:</strong></span> <span class='ocrx_word' id='word_1_595' title='bbox 883 3996 1004 4052; x_wconf 84' lang='lat' dir='ltr'><strong>ﬁdei</strong></span> <span class='ocrx_word' id='word_1_596' title='bbox 1035 3996 1304 4053; x_wconf 86' lang='lat' dir='ltr'><strong>concedit.</strong></span> <span class='ocrx_word' id='word_1_597' title='bbox 1332 3997 1466 4052; x_wconf 90' lang='lat' dir='ltr'><strong>Cum</strong></span> <span class='ocrx_word' id='word_1_598' title='bbox 1497 3998 1639 4053; x_wconf 89' lang='lat' dir='ltr'><strong>enim</strong></span> <span class='ocrx_word' id='word_1_599' title='bbox 1672 3998 1919 4053; x_wconf 84' lang='lat' dir='ltr'><strong>Christus</strong></span> <span class='ocrx_word' id='word_1_600' title='bbox 1941 3998 1995 4053; x_wconf 90' lang='lat' dir='ltr'><strong>in</strong></span> <span class='ocrx_word' id='word_1_601' title='bbox 2021 3998 2202 4052; x_wconf 91' lang='lat' dir='ltr'><strong>animo</strong></span> 
     </span>
    </p>
   </div>
   <div class='ocr_carea' id='block_1_72' title="bbox 601 4089 2203 4161">
    <p class='ocr_par' dir='ltr' id='par_1_72' title="bbox 601 4089 2203 4161">
     <span class='ocr_line' id='line_1_72' title="bbox 601 4089 2203 4161; baseline -0.001 -15"><span class='ocrx_word' id='word_1_602' title='bbox 601 4090 694 4157; x_wconf 82' lang='lat' dir='ltr'><strong>sit,</strong></span> <span class='ocrx_word' id='word_1_603' title='bbox 731 4099 787 4146; x_wconf 89' lang='lat' dir='ltr'><strong>et</strong></span> <span class='ocrx_word' id='word_1_604' title='bbox 815 4089 1059 4147; x_wconf 89' lang='lat' dir='ltr'><strong>Christus</strong></span> <span class='ocrx_word' id='word_1_605' title='bbox 1090 4090 1358 4145; x_wconf 90' lang='lat' dir='ltr'><strong>nutriatur</strong></span> <span class='ocrx_word' id='word_1_606' title='bbox 1384 4105 1481 4161; x_wconf 89' lang='lat' dir='ltr'><strong>per</strong></span> <span class='ocrx_word' id='word_1_607' title='bbox 1507 4089 1665 4146; x_wconf 84' lang='lat' dir='ltr'><strong>[idem</strong></span> <span class='ocrx_word' id='word_1_608' title='bbox 1704 4092 1758 4145; x_wconf 91' lang='lat' dir='ltr'><strong>in</strong></span> <span class='ocrx_word' id='word_1_609' title='bbox 1804 4091 1980 4157; x_wconf 89' lang='lat' dir='ltr'><strong>nobis,</strong></span> <span class='ocrx_word' id='word_1_610' title='bbox 2008 4089 2203 4146; x_wconf 88' lang='lat' dir='ltr'><strong>cedere</strong></span> 
     </span>
    </p>
   </div>
   <div class='ocr_carea' id='block_1_73' title="bbox 603 4180 2204 4254">
    <p class='ocr_par' dir='ltr' id='par_1_73' title="bbox 603 4180 2204 4254">
     <span class='ocr_line' id='line_1_73' title="bbox 603 4180 2204 4254; baseline 0.001 -18"><span class='ocrx_word' id='word_1_611' title='bbox 603 4180 671 4237; x_wconf 91' lang='lat' dir='ltr'><strong>ad</strong></span> <span class='ocrx_word' id='word_1_612' title='bbox 700 4190 912 4253; x_wconf 90' lang='lat' dir='ltr'><strong>tempus</strong></span> <span class='ocrx_word' id='word_1_613' title='bbox 947 4182 1145 4253; x_wconf 75' lang='lat' dir='ltr'><strong>regula:</strong></span> <span class='ocrx_word' id='word_1_614' title='bbox 1173 4198 1280 4238; x_wconf 92' lang='lat' dir='ltr'><strong>non</strong></span> <span class='ocrx_word' id='word_1_615' title='bbox 1312 4199 1455 4238; x_wconf 70' lang='lat' dir='ltr'><strong>vera:</strong></span> <span class='ocrx_word' id='word_1_616' title='bbox 1507 4183 1802 4254; x_wconf 86' lang='lat' dir='ltr'><strong>periculum</strong></span> <span class='ocrx_word' id='word_1_617' title='bbox 1843 4199 1947 4239; x_wconf 93' lang='lat' dir='ltr'><strong>non</strong></span> <span class='ocrx_word' id='word_1_618' title='bbox 1992 4193 2108 4249; x_wconf 90' lang='lat' dir='ltr'><strong>est;</strong></span> <span class='ocrx_word' id='word_1_619' title='bbox 2156 4182 2204 4238; x_wconf 90' lang='lat' dir='ltr'><strong>si</strong></span> 
     </span>
    </p>
   </div>
   <div class='ocr_carea' id='block_1_74' title="bbox 602 4275 2203 4346">
    <p class='ocr_par' dir='ltr' id='par_1_74' title="bbox 602 4275 2203 4346">
     <span class='ocr_line' id='line_1_74' title="bbox 602 4275 2203 4346; baseline -0.001 -13"><span class='ocrx_word' id='word_1_620' title='bbox 602 4275 767 4333; x_wconf 91' lang='lat' dir='ltr'><strong>modo</strong></span> <span class='ocrx_word' id='word_1_621' title='bbox 809 4285 985 4332; x_wconf 88' lang='lat' dir='ltr'><strong>tamen</strong></span> <span class='ocrx_word' id='word_1_622' title='bbox 1018 4276 1120 4331; x_wconf 91' lang='lat' dir='ltr'><strong>hoc</strong></span> <span class='ocrx_word' id='word_1_623' title='bbox 1163 4275 1287 4332; x_wconf 94' lang='lat' dir='ltr'><strong>ideo</strong></span> <span class='ocrx_word' id='word_1_624' title='bbox 1317 4275 1599 4342; x_wconf 79' lang='lat' dir='ltr'><strong>faciamus,</strong></span> <span class='ocrx_word' id='word_1_625' title='bbox 1626 4286 1684 4330; x_wconf 92' lang='lat' dir='ltr'><strong>ut</strong></span> <span class='ocrx_word' id='word_1_626' title='bbox 1709 4292 1804 4332; x_wconf 93' lang='lat' dir='ltr'><strong>eos</strong></span> <span class='ocrx_word' id='word_1_627' title='bbox 1831 4275 2101 4332; x_wconf 89' lang='lat' dir='ltr'><strong>adducere</strong></span> <span class='ocrx_word' id='word_1_628' title='bbox 2120 4276 2203 4346; x_wconf 43' lang='lat' dir='ltr'><strong>.ad</strong></span> 
     </span>
    </p>
   </div>
   <div class='ocr_carea' id='block_1_75' title="bbox 604 4368 2205 4442">
    <p class='ocr_par' dir='ltr' id='par_1_75' title="bbox 604 4368 2205 4442">
     <span class='ocr_line' id='line_1_75' title="bbox 604 4368 2205 4442; baseline -0.001 -16"><span class='ocrx_word' id='word_1_629' title='bbox 604 4384 787 4426; x_wconf 89' lang='lat' dir='ltr'><strong>veram</strong></span> <span class='ocrx_word' id='word_1_630' title='bbox 814 4369 1052 4441; x_wconf 88' lang='lat' dir='ltr'><strong>regulam</strong></span> <span class='ocrx_word' id='word_1_631' title='bbox 1092 4368 1206 4439; x_wconf 87' lang='lat' dir='ltr'><strong>ipsa</strong></span> <span class='ocrx_word' id='word_1_632' title='bbox 1231 4370 1401 4439; x_wconf 90' lang='lat' dir='ltr'><strong>prima</strong></span> <span class='ocrx_word' id='word_1_633' title='bbox 1430 4369 1690 4425; x_wconf 90' lang='lat' dir='ltr'><strong>societate</strong></span> <span class='ocrx_word' id='word_1_634' title='bbox 1719 4370 2011 4442; x_wconf 90' lang='lat' dir='ltr'><strong>possimus.</strong></span> <span class='ocrx_word' id='word_1_635' title='bbox 2045 4369 2205 4425; x_wconf 89' lang='lat' dir='ltr'><strong>Deni-</strong></span> 
     </span>
    </p>
   </div>
   <div class='ocr_carea' id='block_1_76' title="bbox 605 4462 2198 4537">
    <p class='ocr_par' dir='ltr' id='par_1_76' title="bbox 605 4462 2198 4537">
     <span class='ocr_line' id='line_1_76' title="bbox 605 4462 2198 4537; baseline -0.003 -16"><span class='ocrx_word' id='word_1_636' title='bbox 605 4478 711 4537; x_wconf 91' lang='lat' dir='ltr'><strong>que</strong></span> <span class='ocrx_word' id='word_1_637' title='bbox 733 4465 814 4521; x_wconf 86' lang='lat' dir='ltr'><strong>sic</strong></span> <span class='ocrx_word' id='word_1_638' title='bbox 857 4463 1133 4534; x_wconf 82' lang='lat' dir='ltr'><strong>subjungit</strong></span> <span class='ocrx_word' id='word_1_639' title='bbox 1165 4464 1405 4519; x_wconf 83' lang='lat' dir='ltr'><strong>cessimus</strong></span> <span class='ocrx_word' id='word_1_640' title='bbox 1431 4463 1752 4535; x_wconf 85' lang='lat' dir='ltr'><strong>subjectioni,</strong></span> <span class='ocrx_word' id='word_1_641' title='bbox 1786 4463 1875 4518; x_wconf 84' lang='lat' dir='ltr'><strong>sed</strong></span> <span class='ocrx_word' id='word_1_642' title='bbox 1902 4464 1971 4518; x_wconf 88' lang='lat' dir='ltr'><strong>ad</strong></span> <span class='ocrx_word' id='word_1_643' title='bbox 1999 4462 2198 4531; x_wconf 82' lang='lat' dir='ltr'><strong>horam,</strong></span> 
     </span>
    </p>
   </div>
   <div class='ocr_carea' id='block_1_77' title="bbox 605 4556 2205 4632">
    <p class='ocr_par' dir='ltr' id='par_1_77' title="bbox 605 4556 2205 4632">
     <span class='ocr_line' id='line_1_77' title="bbox 605 4556 2205 4632; baseline -0.001 -17"><span class='ocrx_word' id='word_1_644' title='bbox 605 4569 662 4615; x_wconf 88' lang='lat' dir='ltr'><strong>ut</strong></span> <span class='ocrx_word' id='word_1_645' title='bbox 691 4560 875 4615; x_wconf 82' lang='lat' dir='ltr'><strong>veritas</strong></span> <span class='ocrx_word' id='word_1_646' title='bbox 901 4556 1148 4632; x_wconf 84' lang='lat' dir='ltr'><strong>evangelii</strong></span> <span class='ocrx_word' id='word_1_647' title='bbox 1174 4567 1465 4631; x_wconf 83' lang='lat' dir='ltr'><strong>permaneat</strong></span> <span class='ocrx_word' id='word_1_648' title='bbox 1490 4557 1631 4629; x_wconf 86' lang='lat' dir='ltr'><strong>apud</strong></span> <span class='ocrx_word' id='word_1_649' title='bbox 1652 4574 1770 4627; x_wconf 85' lang='lat' dir='ltr'><strong>vos;</strong></span> <span class='ocrx_word' id='word_1_650' title='bbox 1801 4573 1897 4613; x_wconf 93' lang='lat' dir='ltr'><strong>vos</strong></span> <span class='ocrx_word' id='word_1_651' title='bbox 1929 4558 2019 4627; x_wconf 90' lang='lat' dir='ltr'><strong>qui</strong></span> <span class='ocrx_word' id='word_1_652' title='bbox 2051 4573 2079 4612; x_wconf 87' lang='lat' dir='ltr'><strong>a</strong></span> <span class='ocrx_word' id='word_1_653' title='bbox 2108 4572 2205 4614; x_wconf 92' lang='lat' dir='ltr'><strong>no-</strong></span> 
     </span>
    </p>
   </div>
   <div class='ocr_carea' id='block_1_78' title="bbox 605 4649 2208 4719">
    <p class='ocr_par' dir='ltr' id='par_1_78' title="bbox 605 4649 2208 4719">
     <span class='ocr_line' id='line_1_78' title="bbox 605 4649 2208 4719; baseline -0.001 -12"><span class='ocrx_word' id='word_1_654' title='bbox 605 4651 690 4707; x_wconf 92' lang='lat' dir='ltr'><strong>bis</strong></span> <span class='ocrx_word' id='word_1_655' title='bbox 714 4652 979 4709; x_wconf 90' lang='lat' dir='ltr'><strong>instructi.</strong></span> <span class='ocrx_word' id='word_1_656' title='bbox 1010 4651 1056 4707; x_wconf 92' lang='lat' dir='ltr'><strong>O</strong></span> <span class='ocrx_word' id='word_1_657' title='bbox 1074 4649 1293 4719; x_wconf 68' lang='lat' dir='ltr'><strong>Galatas,</strong></span> <span class='ocrx_word' id='word_1_658' title='bbox 1319 4668 1426 4707; x_wconf 92' lang='lat' dir='ltr'><strong>non</strong></span> <span class='ocrx_word' id='word_1_659' title='bbox 1455 4652 1740 4719; x_wconf 91' lang='lat' dir='ltr'><strong>cessimus,</strong></span> <span class='ocrx_word' id='word_1_660' title='bbox 1760 4659 1819 4707; x_wconf 91' lang='lat' dir='ltr'><strong>ut</strong></span> <span class='ocrx_word' id='word_1_661' title='bbox 1843 4660 1899 4707; x_wconf 91' lang='lat' dir='ltr'><strong>et</strong></span> <span class='ocrx_word' id='word_1_662' title='bbox 1925 4665 2022 4706; x_wconf 91' lang='lat' dir='ltr'><strong>vos</strong></span> <span class='ocrx_word' id='word_1_663' title='bbox 2049 4650 2208 4707; x_wconf 80' lang='lat' dir='ltr'><strong>facia-</strong></span> 
     </span>
    </p>
   </div>
   <div class='ocr_carea' id='block_1_79' title="bbox 608 4746 2210 4819">
    <p class='ocr_par' dir='ltr' id='par_1_79' title="bbox 608 4746 2210 4819">
     <span class='ocr_line' id='line_1_79' title="bbox 608 4746 2210 4819; baseline 0.001 -17"><span class='ocrx_word' id='word_1_664' title='bbox 608 4747 701 4815; x_wconf 92' lang='lat' dir='ltr'><strong>tis,</strong></span> <span class='ocrx_word' id='word_1_665' title='bbox 722 4747 818 4803; x_wconf 88' lang='lat' dir='ltr'><strong>sed</strong></span> <span class='ocrx_word' id='word_1_666' title='bbox 844 4756 902 4803; x_wconf 88' lang='lat' dir='ltr'><strong>ut</strong></span> <span class='ocrx_word' id='word_1_667' title='bbox 928 4747 1033 4802; x_wconf 89' lang='lat' dir='ltr'><strong>illis</strong></span> <span class='ocrx_word' id='word_1_668' title='bbox 1060 4748 1349 4803; x_wconf 87' lang='lat' dir='ltr'><strong>satistieret</strong></span> <span class='ocrx_word' id='word_1_669' title='bbox 1387 4755 1549 4819; x_wconf 91' lang='lat' dir='ltr'><strong>atque</strong></span> <span class='ocrx_word' id='word_1_670' title='bbox 1579 4747 1968 4804; x_wconf 89' lang='lat' dir='ltr'><strong>inducerentur</strong></span> <span class='ocrx_word' id='word_1_671' title='bbox 2006 4746 2074 4802; x_wconf 92' lang='lat' dir='ltr'><strong>ad</strong></span> <span class='ocrx_word' id='word_1_672' title='bbox 2116 4763 2210 4804; x_wconf 88' lang='lat' dir='ltr'><strong>ve—</strong></span> 
     </span>
    </p>
   </div>
   <div class='ocr_carea' id='block_1_80' title="bbox 609 4838 2208 4912">
    <p class='ocr_par' dir='ltr' id='par_1_80' title="bbox 609 4838 2208 4912">
     <span class='ocr_line' id='line_1_80' title="bbox 609 4838 2208 4912; baseline 0 -16"><span class='ocrx_word' id='word_1_673' title='bbox 609 4853 724 4896; x_wconf 85' lang='lat' dir='ltr'><strong>ram</strong></span> <span class='ocrx_word' id='word_1_674' title='bbox 749 4838 1008 4909; x_wconf 87' lang='lat' dir='ltr'><strong>regulam,</strong></span> <span class='ocrx_word' id='word_1_675' title='bbox 1039 4848 1094 4895; x_wconf 92' lang='lat' dir='ltr'><strong>et</strong></span> <span class='ocrx_word' id='word_1_676' title='bbox 1115 4838 1254 4911; x_wconf 91' lang='lat' dir='ltr'><strong>apud</strong></span> <span class='ocrx_word' id='word_1_677' title='bbox 1282 4853 1378 4895; x_wconf 92' lang='lat' dir='ltr'><strong>vos</strong></span> <span class='ocrx_word' id='word_1_678' title='bbox 1400 4840 1598 4896; x_wconf 87' lang='lat' dir='ltr'><strong>veritas</strong></span> <span class='ocrx_word' id='word_1_679' title='bbox 1614 4839 1876 4912; x_wconf 86' lang='lat' dir='ltr'><strong>evangelii</strong></span> <span class='ocrx_word' id='word_1_680' title='bbox 1906 4850 1964 4896; x_wconf 91' lang='lat' dir='ltr'><strong>ut</strong></span> <span class='ocrx_word' id='word_1_681' title='bbox 1993 4855 2208 4912; x_wconf 89' lang='lat' dir='ltr'><strong>perma-</strong></span> 
     </span>
    </p>
   </div>
   <div class='ocr_carea' id='block_1_81' title="bbox 611 4941 790 4987">
    <p class='ocr_par' dir='ltr' id='par_1_81' title="bbox 611 4941 790 4987">
     <span class='ocr_line' id='line_1_81' title="bbox 611 4941 790 4987; baseline -0.017 0"><span class='ocrx_word' id='word_1_682' title='bbox 611 4941 790 4987; x_wconf 90' lang='lat' dir='ltr'><strong>neret.</strong></span> 
     </span>
    </p>
   </div>
   <div class='ocr_carea' id='block_1_82' title="bbox 683 5020 2212 5097">
    <p class='ocr_par' dir='ltr' id='par_1_82' title="bbox 683 5020 2212 5097">
     <span class='ocr_line' id='line_1_82' title="bbox 683 5020 2212 5097; baseline 0 -18"><span class='ocrx_word' id='word_1_683' title='bbox 683 5020 849 5079; x_wconf 68' lang='lat' dir='ltr'><strong>Vens.</strong></span> <span class='ocrx_word' id='word_1_684' title='bbox 906 5023 961 5079; x_wconf 90' lang='lat'><strong>6.</strong></span> <span class='ocrx_word' id='word_1_685' title='bbox 992 5054 1064 5064; x_wconf 94' lang='lat'><strong><em>—</em></strong></span> <span class='ocrx_word' id='word_1_686' title='bbox 1090 5024 1168 5079; x_wconf 83' lang='lat' dir='ltr'><strong>Ab</strong></span> <span class='ocrx_word' id='word_1_687' title='bbox 1199 5024 1277 5081; x_wconf 83' lang='lat' dir='ltr'><strong>his</strong></span> <span class='ocrx_word' id='word_1_688' title='bbox 1304 5035 1473 5080; x_wconf 88' lang='lat' dir='ltr'><strong>autem</strong></span> <span class='ocrx_word' id='word_1_689' title='bbox 1498 5025 1586 5097; x_wconf 88' lang='lat' dir='ltr'><strong>qui</strong></span> <span class='ocrx_word' id='word_1_690' title='bbox 1613 5025 1848 5081; x_wconf 83' lang='lat' dir='ltr'><strong>videntur</strong></span> <span class='ocrx_word' id='word_1_691' title='bbox 1879 5041 1985 5082; x_wconf 85' lang='lat' dir='ltr'><strong>esse</strong></span> <span class='ocrx_word' id='word_1_692' title='bbox 2013 5025 2212 5097; x_wconf 84' lang='lat' dir='ltr'><strong>aliquid</strong></span> 
     </span>
    </p>
   </div>
   <div class='ocr_carea' id='block_1_83' title="bbox 614 5114 2213 5190">
    <p class='ocr_par' dir='ltr' id='par_1_83' title="bbox 614 5114 2213 5190">
     <span class='ocr_line' id='line_1_83' title="bbox 614 5114 2213 5190; baseline 0.003 -20"><span class='ocrx_word' id='word_1_693' title='bbox 614 5116 815 5190; x_wconf 86' lang='lat' dir='ltr'><strong>(quales</strong></span> <span class='ocrx_word' id='word_1_694' title='bbox 839 5114 1119 5188; x_wconf 83' lang='lat' dir='ltr'><strong>aliquando</strong></span> <span class='ocrx_word' id='word_1_695' title='bbox 1145 5119 1359 5189; x_wconf 82' lang='lat' dir='ltr'><strong>fuerint,</strong></span> <span class='ocrx_word' id='word_1_696' title='bbox 1390 5119 1521 5173; x_wconf 83' lang='lat' dir='ltr'><strong>nihil</strong></span> <span class='ocrx_word' id='word_1_697' title='bbox 1549 5134 1661 5174; x_wconf 91' lang='lat' dir='ltr'><strong>mea</strong></span> <span class='ocrx_word' id='word_1_698' title='bbox 1685 5120 1914 5185; x_wconf 85' lang='lat' dir='ltr'><strong>interest,</strong></span> <span class='ocrx_word' id='word_1_699' title='bbox 1956 5118 2092 5175; x_wconf 87' lang='lat' dir='ltr'><strong>Deus</strong></span> <span class='ocrx_word' id='word_1_700' title='bbox 2121 5121 2213 5174; x_wconf 83' lang='lat' dir='ltr'><strong>ho-</strong></span> 
     </span>
    </p>
   </div>
   <div class='ocr_carea' id='block_1_84' title="bbox 615 5209 2211 5285">
    <p class='ocr_par' dir='ltr' id='par_1_84' title="bbox 615 5209 2211 5285">
     <span class='ocr_line' id='line_1_84' title="bbox 615 5209 2211 5285; baseline 0 -17"><span class='ocrx_word' id='word_1_701' title='bbox 615 5211 767 5269; x_wconf 87' lang='lat' dir='ltr'><strong>minis</strong></span> <span class='ocrx_word' id='word_1_702' title='bbox 816 5211 1003 5285; x_wconf 82' lang='lat' dir='ltr'><strong>faciem</strong></span> <span class='ocrx_word' id='word_1_703' title='bbox 1039 5209 1117 5283; x_wconf 79' lang='lat'><strong>(3)</strong></span> <span class='ocrx_word' id='word_1_704' title='bbox 1156 5228 1257 5268; x_wconf 89' lang='lat' dir='ltr'><strong>non</strong></span> <span class='ocrx_word' id='word_1_705' title='bbox 1295 5212 1525 5284; x_wconf 87' lang='lat' dir='ltr'><strong>accipit).</strong></span> <span class='ocrx_word' id='word_1_706' title='bbox 1568 5212 1645 5268; x_wconf 88' lang='lat' dir='ltr'><strong>Ita</strong></span> <span class='ocrx_word' id='word_1_707' title='bbox 1692 5213 1950 5282; x_wconf 84' lang='lat' dir='ltr'><strong>positum,</strong></span> <span class='ocrx_word' id='word_1_708' title='bbox 1998 5214 2063 5268; x_wconf 83' lang='lat' dir='ltr'><strong>ab</strong></span> <span class='ocrx_word' id='word_1_709' title='bbox 2111 5213 2211 5281; x_wconf 84' lang='lat' dir='ltr'><strong>Itis,</strong></span> 
     </span>
    </p>
   </div>
   <div class='ocr_carea' id='block_1_85' title="bbox 688 5420 2209 5506">
    <p class='ocr_par' dir='ltr' id='par_1_85' title="bbox 688 5420 2209 5506">
     <span class='ocr_line' id='line_1_85' title="bbox 688 5420 2209 5506; baseline -0.005 -18"><span class='ocrx_word' id='word_1_710' title='bbox 688 5431 771 5506; x_wconf 61' lang='grc' dir='ltr'>(ι)</span> <span class='ocrx_word' id='word_1_711' title='bbox 812 5423 1193 5506; x_wconf 59' lang='lat' dir='ltr'><strong>Huiuscemodi</strong></span> <span class='ocrx_word' id='word_1_712' title='bbox 1213 5420 1536 5506; x_wconf 69' lang='lat' dir='ltr'><strong>varietatem</strong></span> <span class='ocrx_word' id='word_1_713' title='bbox 1562 5422 1909 5506; x_wconf 36' lang='lat' dir='ltr'><strong>eniﬁatribns</strong></span> <span class='ocrx_word' id='word_1_714' title='bbox 1930 5424 2209 5506; x_wconf 74' lang='lat' dir='ltr'><strong>collectam</strong></span> 
     </span>
    </p>
   </div>
   <div class='ocr_carea' id='block_1_86' title="bbox 617 5494 2211 5561">
    <p class='ocr_par' dir='ltr' id='par_1_86' title="bbox 617 5494 2211 5561">
     <span class='ocr_line' id='line_1_86' title="bbox 617 5494 2211 5561; baseline -0.006 -2"><span class='ocrx_word' id='word_1_715' title='bbox 617 5494 839 5561; x_wconf 75' lang='lat' dir='ltr'><strong>exhibet</strong></span> <span class='ocrx_word' id='word_1_716' title='bbox 856 5494 1192 5557; x_wconf 84' lang='lat' dir='ltr'><strong>Wetstenius</strong></span> <span class='ocrx_word' id='word_1_717' title='bbox 1212 5500 1266 5552; x_wconf 92' lang='lat' dir='ltr'><strong>ln</strong></span> <span class='ocrx_word' id='word_1_718' title='bbox 1294 5494 1517 5553; x_wconf 88' lang='lat' dir='ltr'><strong>scholiis</strong></span> <span class='ocrx_word' id='word_1_719' title='bbox 1536 5494 1738 5550; x_wconf 88' lang='lat' dir='ltr'><strong>criticis</strong></span> <span class='ocrx_word' id='word_1_720' title='bbox 1753 5494 1821 5550; x_wconf 92' lang='lat' dir='ltr'><strong>ad</strong></span> <span class='ocrx_word' id='word_1_721' title='bbox 1839 5494 1984 5552; x_wconf 86' lang='lat' dir='ltr'><strong>hunc</strong></span> <span class='ocrx_word' id='word_1_722' title='bbox 2008 5495 2211 5552; x_wconf 90' lang='lat' dir='ltr'><strong>locum.</strong></span> 
     </span>
    </p>
   </div>
   <div class='ocr_carea' id='block_1_87' title="bbox 616 5567 1463 5632">
    <p class='ocr_par' dir='ltr' id='par_1_87' title="bbox 616 5567 1463 5632">
     <span class='ocr_line' id='line_1_87' title="bbox 616 5567 1463 5632; baseline -0.012 0"><span class='ocrx_word' id='word_1_723' title='bbox 616 5573 856 5632; x_wconf 86' lang='lat' dir='ltr'><strong>Consule</strong></span> <span class='ocrx_word' id='word_1_724' title='bbox 879 5573 1041 5628; x_wconf 89' lang='lat' dir='ltr'><strong>etiam</strong></span> <span class='ocrx_word' id='word_1_725' title='bbox 1081 5567 1463 5628; x_wconf 87' lang='lat' dir='ltr'><strong>Sabatierium.</strong></span> 
     </span>
    </p>
   </div>
   <div class='ocr_carea' id='block_1_88' title="bbox 697 5658 2163 5740">
    <p class='ocr_par' dir='ltr' id='par_1_88' title="bbox 697 5658 2163 5740">
     <span class='ocr_line' id='line_1_88' title="bbox 697 5658 2163 5740; baseline -0.003 -20"><span class='ocrx_word' id='word_1_726' title='bbox 697 5665 857 5740; x_wconf 72' lang='lat' dir='ltr'><strong>(2)1n</strong></span> <span class='ocrx_word' id='word_1_727' title='bbox 881 5680 973 5719; x_wconf 91' lang='lat' dir='ltr'><strong>ora</strong></span> <span class='ocrx_word' id='word_1_728' title='bbox 998 5663 1199 5720; x_wconf 89' lang='lat' dir='ltr'><strong>codicis</strong></span> <span class='ocrx_word' id='word_1_729' title='bbox 1219 5660 1538 5732; x_wconf 86' lang='lat' dir='ltr'><strong>antiquioris</strong></span> <span class='ocrx_word' id='word_1_730' title='bbox 1559 5658 1846 5716; x_wconf 87' lang='lat' dir='ltr'><strong>adnotatur</strong></span> <span class='ocrx_word' id='word_1_731' title='bbox 1868 5670 2014 5718; x_wconf 87' lang='lat' dir='ltr'><strong>caute</strong></span> <span class='ocrx_word' id='word_1_732' title='bbox 2035 5661 2163 5734; x_wconf 84' lang='lat' dir='ltr'><strong>lege.</strong></span> 
     </span>
    </p>
   </div>
   <div class='ocr_carea' id='block_1_89' title="bbox 699 5756 1856 5838">
    <p class='ocr_par' dir='ltr' id='par_1_89' title="bbox 699 5756 1856 5838">
     <span class='ocr_line' id='line_1_89' title="bbox 699 5756 1856 5838; baseline -0.003 -19"><span class='ocrx_word' id='word_1_733' title='bbox 699 5758 781 5835; x_wconf 72' lang='grc' dir='ltr'>(ὅ)</span> <span class='ocrx_word' id='word_1_734' title='bbox 805 5758 987 5832; x_wconf 83' lang='lat' dir='ltr'><strong>Vulg.,</strong></span> <span class='ocrx_word' id='word_1_735' title='bbox 1012 5758 1151 5816; x_wconf 87' lang='lat' dir='ltr'><strong>Deus</strong></span> <span class='ocrx_word' id='word_1_736' title='bbox 1173 5774 1443 5831; x_wconf 84' lang='lat' dir='ltr'><strong>personam</strong></span> <span class='ocrx_word' id='word_1_737' title='bbox 1465 5756 1706 5829; x_wconf 83' lang='lat' dir='ltr'><strong>hominis,</strong></span> <span class='ocrx_word' id='word_1_738' title='bbox 1731 5763 1856 5838; x_wconf 43' lang='lat' dir='ltr'><strong>etc.‘</strong></span> 
     </span>
    </p>
   </div>
   <div class='ocr_carea' id='block_1_90' title="bbox 2298 3248 3804 3325">
    <p class='ocr_par' dir='ltr' id='par_1_90' title="bbox 2298 3248 3804 3325">
     <span class='ocr_line' id='line_1_90' title="bbox 2298 3248 3804 3325; baseline -0.008 -12"><span class='ocrx_word' id='word_1_739' title='bbox 2298 3255 2537 3313; x_wconf 79' lang='lat' dir='ltr'><strong>Judacos.</strong></span> <span class='ocrx_word' id='word_1_740' title='bbox 2597 3254 2797 3325; x_wconf 71' lang='lat' dir='ltr'><strong>Quare,</strong></span> <span class='ocrx_word' id='word_1_741' title='bbox 2829 3264 3010 3309; x_wconf 90' lang='lat' dir='ltr'><strong>autem</strong></span> <span class='ocrx_word' id='word_1_742' title='bbox 3066 3254 3331 3310; x_wconf 87' lang='lat' dir='ltr'><strong>creditum</strong></span> <span class='ocrx_word' id='word_1_743' title='bbox 3384 3255 3513 3310; x_wconf 90' lang='lat' dir='ltr'><strong>mihi</strong></span> <span class='ocrx_word' id='word_1_744' title='bbox 3565 3252 3682 3307; x_wconf 88' lang='lat' dir='ltr'><strong>sicut</strong></span> <span class='ocrx_word' id='word_1_745' title='bbox 3718 3248 3804 3313; x_wconf 83' lang='lat' dir='ltr'><strong>illis,</strong></span> 
     </span>
    </p>
   </div>
   <div class='ocr_carea' id='block_1_91' title="bbox 2301 3347 3807 3421">
    <p class='ocr_par' dir='ltr' id='par_1_91' title="bbox 2301 3347 3807 3421">
     <span class='ocr_line' id='line_1_91' title="bbox 2301 3347 3807 3421; baseline -0.009 -14"><span class='ocrx_word' id='word_1_746' title='bbox 2301 3350 2646 3421; x_wconf 85' lang='lat' dir='ltr'><strong>subjunctum</strong></span> <span class='ocrx_word' id='word_1_747' title='bbox 2676 3358 2760 3404; x_wconf 90' lang='lat' dir='ltr'><strong>est</strong></span> <span class='ocrx_word' id='word_1_748' title='bbox 2783 3349 2872 3420; x_wconf 86' lang='lat' dir='ltr'><strong>qui</strong></span> <span class='ocrx_word' id='word_1_749' title='bbox 2900 3349 3035 3404; x_wconf 86' lang='lat' dir='ltr'><strong>enim</strong></span> <span class='ocrx_word' id='word_1_750' title='bbox 3056 3359 3295 3421; x_wconf 84' lang='lat' dir='ltr'><strong>aperatus</strong></span> <span class='ocrx_word' id='word_1_751' title='bbox 3321 3360 3403 3404; x_wconf 83' lang='lat' dir='ltr'><strong>est</strong></span> <span class='ocrx_word' id='word_1_752' title='bbox 3430 3347 3580 3404; x_wconf 86' lang='lat' dir='ltr'><strong>Petra</strong></span> <span class='ocrx_word' id='word_1_753' title='bbox 3600 3347 3646 3401; x_wconf 81' lang='lat' dir='ltr'><strong>in</strong></span> <span class='ocrx_word' id='word_1_754' title='bbox 3672 3352 3807 3413; x_wconf 76' lang='lat' dir='ltr'><strong>aposto-</strong></span> 
     </span>
    </p>
   </div>
   <div class='ocr_carea' id='block_1_92' title="bbox 2302 3424 3805 3511">
    <p class='ocr_par' dir='ltr' id='par_1_92' title="bbox 2302 3424 3805 3511">
     <span class='ocr_line' id='line_1_92' title="bbox 2302 3424 3805 3511; baseline -0.006 -13"><span class='ocrx_word' id='word_1_755' title='bbox 2302 3443 2467 3498; x_wconf 87' lang='lat' dir='ltr'><strong>latum</strong></span> <span class='ocrx_word' id='word_1_756' title='bbox 2488 3441 2912 3505; x_wconf 83' lang='lat' dir='ltr'><strong>circumcisionis,</strong></span> <span class='ocrx_word' id='word_1_757' title='bbox 2942 3424 3182 3509; x_wconf 75' lang='lat' dir='ltr'><strong>operatus</strong></span> <span class='ocrx_word' id='word_1_758' title='bbox 3211 3450 3287 3495; x_wconf 89' lang='lat' dir='ltr'><strong>est</strong></span> <span class='ocrx_word' id='word_1_759' title='bbox 3313 3452 3368 3497; x_wconf 87' lang='lat' dir='ltr'><strong>et</strong></span> <span class='ocrx_word' id='word_1_760' title='bbox 3398 3442 3522 3496; x_wconf 82' lang='lat' dir='ltr'><strong>mihi</strong></span> <span class='ocrx_word' id='word_1_761' title='bbox 3546 3441 3594 3494; x_wconf 85' lang='lat' dir='ltr'><strong>in</strong></span> <span class='ocrx_word' id='word_1_762' title='bbox 3614 3437 3805 3511; x_wconf 63' lang='lat' dir='ltr'><strong>gentiam:</strong></span> 
     </span>
    </p>
   </div>
   <div class='ocr_carea' id='block_1_93' title="bbox 2301 3532 3806 3606">
    <p class='ocr_par' dir='ltr' id='par_1_93' title="bbox 2301 3532 3806 3606">
     <span class='ocr_line' id='line_1_93' title="bbox 2301 3532 3806 3606; baseline -0.008 -15"><span class='ocrx_word' id='word_1_763' title='bbox 2301 3534 2358 3591; x_wconf 88' lang='lat' dir='ltr'><strong>id</strong></span> <span class='ocrx_word' id='word_1_764' title='bbox 2383 3544 2467 3591; x_wconf 92' lang='lat' dir='ltr'><strong>est</strong></span> <span class='ocrx_word' id='word_1_765' title='bbox 2486 3551 2623 3590; x_wconf 91' lang='lat' dir='ltr'><strong>unus</strong></span> <span class='ocrx_word' id='word_1_766' title='bbox 2651 3534 2792 3590; x_wconf 87' lang='lat' dir='ltr'><strong>Deus</strong></span> <span class='ocrx_word' id='word_1_767' title='bbox 2811 3544 2972 3606; x_wconf 89' lang='lat' dir='ltr'><strong>atque</strong></span> <span class='ocrx_word' id='word_1_768' title='bbox 2995 3532 3135 3589; x_wconf 90' lang='lat' dir='ltr'><strong>idem</strong></span> <span class='ocrx_word' id='word_1_769' title='bbox 3165 3532 3306 3590; x_wconf 92' lang='lat' dir='ltr'><strong>Deus</strong></span> <span class='ocrx_word' id='word_1_770' title='bbox 3328 3534 3448 3605; x_wconf 91' lang='lat' dir='ltr'><strong>ipse</strong></span> <span class='ocrx_word' id='word_1_771' title='bbox 3471 3542 3693 3605; x_wconf 81' lang='lat' dir='ltr'><strong>operatus</strong></span> <span class='ocrx_word' id='word_1_772' title='bbox 3707 3533 3806 3584; x_wconf 77' lang='lat' dir='ltr'><strong>estut</strong></span> 
     </span>
    </p>
   </div>
   <div class='ocr_carea' id='block_1_94' title="bbox 2301 3627 3803 3699">
    <p class='ocr_par' dir='ltr' id='par_1_94' title="bbox 2301 3627 3803 3699">
     <span class='ocr_line' id='line_1_94' title="bbox 2301 3627 3803 3699; baseline -0.006 -14"><span class='ocrx_word' id='word_1_773' title='bbox 2301 3627 2496 3685; x_wconf 89' lang='lat' dir='ltr'><strong>Petrus</strong></span> <span class='ocrx_word' id='word_1_774' title='bbox 2524 3628 2925 3699; x_wconf 88' lang='lat' dir='ltr'><strong>evangelizaret</strong></span> <span class='ocrx_word' id='word_1_775' title='bbox 2952 3627 3178 3696; x_wconf 46' lang='lat' dir='ltr'><strong>ludaiis,</strong></span> <span class='ocrx_word' id='word_1_776' title='bbox 3208 3637 3262 3684; x_wconf 91' lang='lat' dir='ltr'><strong>et</strong></span> <span class='ocrx_word' id='word_1_777' title='bbox 3294 3628 3429 3684; x_wconf 86' lang='lat' dir='ltr'><strong>mihi</strong></span> <span class='ocrx_word' id='word_1_778' title='bbox 3458 3636 3514 3683; x_wconf 92' lang='lat' dir='ltr'><strong>nt</strong></span> <span class='ocrx_word' id='word_1_779' title='bbox 3540 3640 3630 3695; x_wconf 79' lang='lat' dir='ltr'><strong>ego</strong></span> <span class='ocrx_word' id='word_1_780' title='bbox 3652 3634 3803 3689; x_wconf 72' lang='lat' dir='ltr'><strong>evange-</strong></span> 
     </span>
    </p>
   </div>
   <div class='ocr_carea' id='block_1_95' title="bbox 2303 3714 3807 3792">
    <p class='ocr_par' dir='ltr' id='par_1_95' title="bbox 2303 3714 3807 3792">
     <span class='ocr_line' id='line_1_95' title="bbox 2303 3714 3807 3792; baseline -0.008 -15"><span class='ocrx_word' id='word_1_781' title='bbox 2303 3721 2524 3777; x_wconf 83' lang='lat' dir='ltr'><strong>lizarem</strong></span> <span class='ocrx_word' id='word_1_782' title='bbox 2554 3720 2805 3792; x_wconf 88' lang='lat' dir='ltr'><strong>gentibus</strong></span> <span class='ocrx_word' id='word_1_783' title='bbox 2836 3737 2850 3773; x_wconf 86' lang='lat'><strong>:</strong></span> <span class='ocrx_word' id='word_1_784' title='bbox 2880 3735 2985 3790; x_wconf 90' lang='lat' dir='ltr'><strong>qua</strong></span> <span class='ocrx_word' id='word_1_785' title='bbox 3018 3722 3192 3790; x_wconf 86' lang='lat' dir='ltr'><strong>gratia</strong></span> <span class='ocrx_word' id='word_1_786' title='bbox 3229 3720 3480 3790; x_wconf 91' lang='lat' dir='ltr'><strong>cognita,</strong></span> <span class='ocrx_word' id='word_1_787' title='bbox 3512 3732 3621 3790; x_wconf 68' lang='lat' dir='ltr'><strong>quae</strong></span> <span class='ocrx_word' id='word_1_788' title='bbox 3650 3714 3740 3770; x_wconf 77' lang='lat' dir='ltr'><strong>data</strong></span> <span class='ocrx_word' id='word_1_789' title='bbox 3759 3718 3807 3766; x_wconf 80' lang='lat' dir='ltr'><strong>est</strong></span> 
     </span>
    </p>
   </div>
   <div class='ocr_carea' id='block_1_96' title="bbox 2303 3802 3808 3884">
    <p class='ocr_par' dir='ltr' id='par_1_96' title="bbox 2303 3802 3808 3884">
     <span class='ocr_line' id='line_1_96' title="bbox 2303 3802 3808 3884; baseline -0.003 -17"><span class='ocrx_word' id='word_1_790' title='bbox 2303 3812 2458 3878; x_wconf 89' lang='lat' dir='ltr'><strong>mihi,</strong></span> <span class='ocrx_word' id='word_1_791' title='bbox 2490 3812 2634 3884; x_wconf 90' lang='lat' dir='ltr'><strong>quod</strong></span> <span class='ocrx_word' id='word_1_792' title='bbox 2665 3819 2720 3867; x_wconf 91' lang='lat' dir='ltr'><strong>et</strong></span> <span class='ocrx_word' id='word_1_793' title='bbox 2747 3827 2848 3883; x_wconf 84' lang='lat' dir='ltr'><strong>ego</strong></span> <span class='ocrx_word' id='word_1_794' title='bbox 2893 3811 3010 3882; x_wconf 89' lang='lat' dir='ltr'><strong>pari</strong></span> <span class='ocrx_word' id='word_1_795' title='bbox 3053 3810 3213 3868; x_wconf 88' lang='lat' dir='ltr'><strong>modo</strong></span> <span class='ocrx_word' id='word_1_796' title='bbox 3257 3827 3360 3884; x_wconf 91' lang='lat' dir='ltr'><strong>per</strong></span> <span class='ocrx_word' id='word_1_797' title='bbox 3398 3821 3581 3883; x_wconf 90' lang='lat' dir='ltr'><strong>gentes</strong></span> <span class='ocrx_word' id='word_1_798' title='bbox 3614 3802 3808 3878; x_wconf 63' lang='lat' dir='ltr'><strong>apostolis</strong></span> 
     </span>
    </p>
   </div>
   <div class='ocr_carea' id='block_1_97' title="bbox 2304 3899 3809 3976">
    <p class='ocr_par' dir='ltr' id='par_1_97' title="bbox 2304 3899 3809 3976">
     <span class='ocr_line' id='line_1_97' title="bbox 2304 3899 3809 3976; baseline -0.009 -14"><span class='ocrx_word' id='word_1_799' title='bbox 2304 3908 2475 3963; x_wconf 81' lang='lat' dir='ltr'><strong>factus</strong></span> <span class='ocrx_word' id='word_1_800' title='bbox 2501 3922 2620 3962; x_wconf 85' lang='lat' dir='ltr'><strong>sum</strong></span> <span class='ocrx_word' id='word_1_801' title='bbox 2662 3906 2756 3962; x_wconf 88' lang='lat' dir='ltr'><strong>Dei</strong></span> <span class='ocrx_word' id='word_1_802' title='bbox 2796 3904 3000 3976; x_wconf 90' lang='lat' dir='ltr'><strong>gratia;</strong></span> <span class='ocrx_word' id='word_1_803' title='bbox 3029 3914 3248 3961; x_wconf 90' lang='lat' dir='ltr'><strong>coactus</strong></span> <span class='ocrx_word' id='word_1_804' title='bbox 3293 3904 3485 3961; x_wconf 85' lang='lat' dir='ltr'><strong>Petrus</strong></span> <span class='ocrx_word' id='word_1_805' title='bbox 3512 3913 3565 3961; x_wconf 93' lang='lat' dir='ltr'><strong>et</strong></span> <span class='ocrx_word' id='word_1_806' title='bbox 3584 3899 3809 3958; x_wconf 82' lang='lat' dir='ltr'><strong>lacobnset</strong></span> 
     </span>
    </p>
   </div>
   <div class='ocr_carea' id='block_1_98' title="bbox 2303 3992 3807 4072">
    <p class='ocr_par' dir='ltr' id='par_1_98' title="bbox 2303 3992 3807 4072">
     <span class='ocr_line' id='line_1_98' title="bbox 2303 3992 3807 4072; baseline -0.009 -16"><span class='ocrx_word' id='word_1_807' title='bbox 2303 3999 2561 4068; x_wconf 80' lang='lat' dir='ltr'><strong>Joannes,</strong></span> <span class='ocrx_word' id='word_1_808' title='bbox 2588 4002 2679 4072; x_wconf 88' lang='lat' dir='ltr'><strong>qui</strong></span> <span class='ocrx_word' id='word_1_809' title='bbox 2702 3998 3022 4056; x_wconf 89' lang='lat' dir='ltr'><strong>videbantur</strong></span> <span class='ocrx_word' id='word_1_810' title='bbox 3041 4000 3306 4055; x_wconf 74' lang='lat' dir='ltr'><strong>columnm</strong></span> <span class='ocrx_word' id='word_1_811' title='bbox 3322 4014 3468 4066; x_wconf 84' lang='lat' dir='ltr'><strong>esse,</strong></span> <span class='ocrx_word' id='word_1_812' title='bbox 3491 3997 3543 4053; x_wconf 89' lang='lat' dir='ltr'><strong>id</strong></span> <span class='ocrx_word' id='word_1_813' title='bbox 3564 3992 3721 4064; x_wconf 87' lang='lat' dir='ltr'><strong>estqui</strong></span> <span class='ocrx_word' id='word_1_814' title='bbox 3735 4001 3807 4044; x_wconf 74' lang='lat' dir='ltr'><strong>sns-</strong></span> 
     </span>
    </p>
   </div>
   <div class='ocr_carea' id='block_1_99' title="bbox 2307 4081 3807 4159">
    <p class='ocr_par' dir='ltr' id='par_1_99' title="bbox 2307 4081 3807 4159">
     <span class='ocr_line' id='line_1_99' title="bbox 2307 4081 3807 4159; baseline -0.006 -10"><span class='ocrx_word' id='word_1_815' title='bbox 2307 4095 2587 4151; x_wconf 89' lang='lat' dir='ltr'><strong>tentabant</strong></span> <span class='ocrx_word' id='word_1_816' title='bbox 2614 4093 2934 4159; x_wconf 87' lang='lat' dir='ltr'><strong>Ecclesiam,</strong></span> <span class='ocrx_word' id='word_1_817' title='bbox 2966 4103 3024 4149; x_wconf 92' lang='lat' dir='ltr'><strong>ut</strong></span> <span class='ocrx_word' id='word_1_818' title='bbox 3060 4093 3328 4149; x_wconf 73' lang='lat' dir='ltr'><strong>columna.</strong></span> <span class='ocrx_word' id='word_1_819' title='bbox 3348 4098 3639 4148; x_wconf 88' lang='lat' dir='ltr'><strong>sustentant</strong></span> <span class='ocrx_word' id='word_1_820' title='bbox 3652 4081 3807 4143; x_wconf 74' lang='grc' dir='ltr'>ειιιιιιὶω</span> 
     </span>
    </p>
   </div>
   <div class='ocr_carea' id='block_1_100' title="bbox 2306 4169 3807 4256">
    <p class='ocr_par' dir='ltr' id='par_1_100' title="bbox 2306 4169 3807 4256">
     <span class='ocr_line' id='line_1_100' title="bbox 2306 4169 3807 4256; baseline -0.009 -14"><span class='ocrx_word' id='word_1_821' title='bbox 2306 4196 2362 4243; x_wconf 90' lang='lat' dir='ltr'><strong>et</strong></span> <span class='ocrx_word' id='word_1_822' title='bbox 2386 4196 2618 4253; x_wconf 68' lang='lat' dir='ltr'><strong>caetera;</strong></span> <span class='ocrx_word' id='word_1_823' title='bbox 2651 4186 2758 4252; x_wconf 91' lang='lat' dir='ltr'><strong>isti,</strong></span> <span class='ocrx_word' id='word_1_824' title='bbox 2783 4184 3024 4256; x_wconf 91' lang='lat' dir='ltr'><strong>inquam,</strong></span> <span class='ocrx_word' id='word_1_825' title='bbox 3061 4186 3193 4241; x_wconf 89' lang='lat' dir='ltr'><strong>tales</strong></span> <span class='ocrx_word' id='word_1_826' title='bbox 3220 4184 3310 4240; x_wconf 83' lang='lat' dir='ltr'><strong>vel</strong></span> <span class='ocrx_word' id='word_1_827' title='bbox 3338 4185 3473 4240; x_wconf 90' lang='lat' dir='ltr'><strong>tanti</strong></span> <span class='ocrx_word' id='word_1_828' title='bbox 3497 4183 3715 4239; x_wconf 78' lang='lat' dir='ltr'><strong>dexteras</strong></span> <span class='ocrx_word' id='word_1_829' title='bbox 3729 4169 3807 4228; x_wconf 79' lang='lat' dir='ltr'><strong>mihi</strong></span> 
     </span>
    </p>
   </div>
   <div class='ocr_carea' id='block_1_101' title="bbox 2306 4271 3810 4350">
    <p class='ocr_par' dir='ltr' id='par_1_101' title="bbox 2306 4271 3810 4350">
     <span class='ocr_line' id='line_1_101' title="bbox 2306 4271 3810 4350; baseline -0.005 -12"><span class='ocrx_word' id='word_1_830' title='bbox 2306 4281 2593 4347; x_wconf 86' lang='lat' dir='ltr'><strong>dederunt,</strong></span> <span class='ocrx_word' id='word_1_831' title='bbox 2624 4281 2679 4336; x_wconf 92' lang='lat' dir='ltr'><strong>id</strong></span> <span class='ocrx_word' id='word_1_832' title='bbox 2706 4290 2792 4336; x_wconf 89' lang='lat' dir='ltr'><strong>est</strong></span> <span class='ocrx_word' id='word_1_833' title='bbox 2819 4280 3209 4350; x_wconf 87' lang='lat' dir='ltr'><strong>copulaverunt</strong></span> <span class='ocrx_word' id='word_1_834' title='bbox 3236 4279 3527 4335; x_wconf 89' lang='lat' dir='ltr'><strong>amicitiam</strong></span> <span class='ocrx_word' id='word_1_835' title='bbox 3552 4286 3601 4334; x_wconf 91' lang='lat' dir='ltr'><strong>et</strong></span> <span class='ocrx_word' id='word_1_836' title='bbox 3626 4284 3761 4346; x_wconf 62' lang='lat' dir='ltr'><strong>pacem</strong></span> <span class='ocrx_word' id='word_1_837' title='bbox 3778 4271 3810 4319; x_wconf 71' lang='grc' dir='ltr'>ει</span> 
     </span>
    </p>
   </div>
   <div class='ocr_carea' id='block_1_102' title="bbox 2309 4370 3809 4444">
    <p class='ocr_par' dir='ltr' id='par_1_102' title="bbox 2309 4370 3809 4444">
     <span class='ocr_line' id='line_1_102' title="bbox 2309 4370 3809 4444; baseline -0.005 -15"><span class='ocrx_word' id='word_1_838' title='bbox 2309 4374 2642 4444; x_wconf 84' lang='lat' dir='ltr'><strong>ﬁrmitatem,</strong></span> <span class='ocrx_word' id='word_1_839' title='bbox 2681 4383 2737 4430; x_wconf 92' lang='lat' dir='ltr'><strong>et</strong></span> <span class='ocrx_word' id='word_1_840' title='bbox 2775 4388 2937 4429; x_wconf 91' lang='lat' dir='ltr'><strong>unum</strong></span> <span class='ocrx_word' id='word_1_841' title='bbox 2966 4372 3304 4444; x_wconf 83' lang='lat' dir='ltr'><strong>evangelium</strong></span> <span class='ocrx_word' id='word_1_842' title='bbox 3339 4387 3401 4430; x_wconf 91' lang='lat' dir='ltr'><strong>se</strong></span> <span class='ocrx_word' id='word_1_843' title='bbox 3431 4370 3622 4425; x_wconf 87' lang='lat' dir='ltr'><strong>habere</strong></span> <span class='ocrx_word' id='word_1_844' title='bbox 3652 4373 3809 4435; x_wconf 68' lang='lat' dir='ltr'><strong>prouin-</strong></span> 
     </span>
    </p>
   </div>
   <div class='ocr_carea' id='block_1_103' title="bbox 2309 4461 3811 4537">
    <p class='ocr_par' dir='ltr' id='par_1_103' title="bbox 2309 4461 3811 4537">
     <span class='ocr_line' id='line_1_103' title="bbox 2309 4461 3811 4537; baseline -0.009 -14"><span class='ocrx_word' id='word_1_845' title='bbox 2309 4468 2598 4523; x_wconf 89' lang='lat' dir='ltr'><strong>tiavernnt.</strong></span> <span class='ocrx_word' id='word_1_846' title='bbox 2653 4466 2763 4522; x_wconf 88' lang='lat' dir='ltr'><strong>Vos</strong></span> <span class='ocrx_word' id='word_1_847' title='bbox 2815 4480 2972 4537; x_wconf 86' lang='lat' dir='ltr'><strong>ergo,</strong></span> <span class='ocrx_word' id='word_1_848' title='bbox 3022 4464 3260 4532; x_wconf 74' lang='lat' dir='ltr'><strong>Calatze,</strong></span> <span class='ocrx_word' id='word_1_849' title='bbox 3311 4462 3578 4534; x_wconf 88' lang='lat' dir='ltr'><strong>peccatis;</strong></span> <span class='ocrx_word' id='word_1_850' title='bbox 3620 4471 3667 4515; x_wconf 90' lang='lat' dir='ltr'><strong>et</strong></span> <span class='ocrx_word' id='word_1_851' title='bbox 3702 4461 3811 4522; x_wconf 65' lang='lat' dir='ltr'><strong>neque</strong></span> 
     </span>
    </p>
   </div>
   <div class='ocr_carea' id='block_1_104' title="bbox 2309 4542 3810 4631">
    <p class='ocr_par' dir='ltr' id='par_1_104' title="bbox 2309 4542 3810 4631">
     <span class='ocr_line' id='line_1_104' title="bbox 2309 4542 3810 4631; baseline -0.01 -14"><span class='ocrx_word' id='word_1_852' title='bbox 2309 4576 2487 4617; x_wconf 91' lang='lat' dir='ltr'><strong>meum</strong></span> <span class='ocrx_word' id='word_1_853' title='bbox 2533 4558 2820 4631; x_wconf 88' lang='lat' dir='ltr'><strong>sequimini</strong></span> <span class='ocrx_word' id='word_1_854' title='bbox 2864 4559 3227 4630; x_wconf 88' lang='lat' dir='ltr'><strong>evangelium,</strong></span> <span class='ocrx_word' id='word_1_855' title='bbox 3270 4572 3447 4629; x_wconf 92' lang='lat' dir='ltr'><strong>neque</strong></span> <span class='ocrx_word' id='word_1_856' title='bbox 3489 4554 3640 4619; x_wconf 80' lang='lat' dir='ltr'><strong>Petri,</strong></span> <span class='ocrx_word' id='word_1_857' title='bbox 3672 4542 3810 4605; x_wconf 73' lang='lat' dir='ltr'><strong>Jacobi.</strong></span> 
     </span>
    </p>
   </div>
   <div class='ocr_carea' id='block_1_105' title="bbox 2309 4639 3810 4725">
    <p class='ocr_par' dir='ltr' id='par_1_105' title="bbox 2309 4639 3810 4725">
     <span class='ocr_line' id='line_1_105' title="bbox 2309 4639 3810 4725; baseline -0.014 -13"><span class='ocrx_word' id='word_1_858' title='bbox 2309 4654 2551 4721; x_wconf 80' lang='lat' dir='ltr'><strong>Joannis,</strong></span> <span class='ocrx_word' id='word_1_859' title='bbox 2585 4652 2677 4725; x_wconf 90' lang='lat' dir='ltr'><strong>qui</strong></span> <span class='ocrx_word' id='word_1_860' title='bbox 2702 4653 2971 4709; x_wconf 62' lang='lat' dir='ltr'><strong>columna:</strong></span> <span class='ocrx_word' id='word_1_861' title='bbox 3000 4662 3130 4709; x_wconf 90' lang='lat' dir='ltr'><strong>sunt</strong></span> <span class='ocrx_word' id='word_1_862' title='bbox 3160 4650 3439 4717; x_wconf 71' lang='lat' dir='ltr'><strong>Ecclesiae,</strong></span> <span class='ocrx_word' id='word_1_863' title='bbox 3466 4650 3588 4705; x_wconf 90' lang='lat' dir='ltr'><strong>dum</strong></span> <span class='ocrx_word' id='word_1_864' title='bbox 3611 4639 3810 4702; x_wconf 77' lang='lat' dir='ltr'><strong>additisea</strong></span> 
     </span>
    </p>
   </div>
   <div class='ocr_carea' id='block_1_106' title="bbox 2308 4726 3812 4820">
    <p class='ocr_par' dir='ltr' id='par_1_106' title="bbox 2308 4726 3812 4820">
     <span class='ocr_line' id='line_1_106' title="bbox 2308 4726 3812 4820; baseline -0.013 -17"><span class='ocrx_word' id='word_1_865' title='bbox 2308 4764 2429 4820; x_wconf 69' lang='lat' dir='ltr'><strong>qua:</strong></span> <span class='ocrx_word' id='word_1_866' title='bbox 2468 4763 2499 4801; x_wconf 93' lang='lat' dir='ltr'><strong>a</strong></span> <span class='ocrx_word' id='word_1_867' title='bbox 2527 4745 2677 4802; x_wconf 91' lang='lat' dir='ltr'><strong>nullo</strong></span> <span class='ocrx_word' id='word_1_868' title='bbox 2717 4746 3034 4817; x_wconf 85' lang='lat' dir='ltr'><strong>approbata.</strong></span> <span class='ocrx_word' id='word_1_869' title='bbox 3065 4744 3180 4800; x_wconf 84' lang='lat' dir='ltr'><strong>Hoc</strong></span> <span class='ocrx_word' id='word_1_870' title='bbox 3206 4744 3350 4800; x_wconf 90' lang='lat' dir='ltr'><strong>enim</strong></span> <span class='ocrx_word' id='word_1_871' title='bbox 3386 4743 3497 4814; x_wconf 89' lang='lat' dir='ltr'><strong>agit</strong></span> <span class='ocrx_word' id='word_1_872' title='bbox 3532 4742 3581 4797; x_wconf 92' lang='lat' dir='ltr'><strong>in</strong></span> <span class='ocrx_word' id='word_1_873' title='bbox 3618 4738 3701 4793; x_wconf 82' lang='lat' dir='ltr'><strong>hac</strong></span> <span class='ocrx_word' id='word_1_874' title='bbox 3721 4726 3812 4820; x_wconf 76' lang='lat' dir='ltr'><strong>omni</strong></span> 
     </span>
    </p>
   </div>
   <div class='ocr_carea' id='block_1_107' title="bbox 2310 4819 3813 4910">
    <p class='ocr_par' dir='ltr' id='par_1_107' title="bbox 2310 4819 3813 4910">
     <span class='ocr_line' id='line_1_107' title="bbox 2310 4819 3813 4910; baseline -0.013 -11"><span class='ocrx_word' id='word_1_875' title='bbox 2310 4819 2644 4907; x_wconf 84' lang='lat' dir='ltr'><strong>narratione,</strong></span> <span class='ocrx_word' id='word_1_876' title='bbox 2695 4854 2923 4910; x_wconf 90' lang='lat' dir='ltr'><strong>peccare</strong></span> <span class='ocrx_word' id='word_1_877' title='bbox 2967 4837 3209 4907; x_wconf 88' lang='lat' dir='ltr'><strong>Galatas,</strong></span> <span class='ocrx_word' id='word_1_878' title='bbox 3249 4834 3501 4893; x_wconf 89' lang='lat' dir='ltr'><strong>addendo</strong></span> <span class='ocrx_word' id='word_1_879' title='bbox 3536 4832 3600 4889; x_wconf 90' lang='lat' dir='ltr'><strong>ad</strong></span> <span class='ocrx_word' id='word_1_880' title='bbox 3635 4827 3754 4884; x_wconf 82' lang='lat' dir='ltr'><strong>tidem</strong></span> <span class='ocrx_word' id='word_1_881' title='bbox 3781 4819 3813 4873; x_wconf 75' lang='lat' dir='ltr'><strong>in</strong></span> 
     </span>
    </p>
   </div>
   <div class='ocr_carea' id='block_1_108' title="bbox 2312 4917 3815 5005">
    <p class='ocr_par' dir='ltr' id='par_1_108' title="bbox 2312 4917 3815 5005">
     <span class='ocr_line' id='line_1_108' title="bbox 2312 4917 3815 5005; baseline -0.013 -13"><span class='ocrx_word' id='word_1_882' title='bbox 2312 4936 2611 5002; x_wconf 88' lang='lat' dir='ltr'><strong>Christum,</strong></span> <span class='ocrx_word' id='word_1_883' title='bbox 2636 4935 3077 4994; x_wconf 87' lang='lat' dir='ltr'><strong>observationem</strong></span> <span class='ocrx_word' id='word_1_884' title='bbox 3103 4932 3239 5005; x_wconf 88' lang='lat' dir='ltr'><strong>legis</strong></span> <span class='ocrx_word' id='word_1_885' title='bbox 3271 4931 3503 5005; x_wconf 75' lang='lat' dir='ltr'><strong>judaica:</strong></span> <span class='ocrx_word' id='word_1_886' title='bbox 3523 4939 3575 4985; x_wconf 88' lang='lat' dir='ltr'><strong>et</strong></span> <span class='ocrx_word' id='word_1_887' title='bbox 3608 4917 3765 4981; x_wconf 75' lang='lat' dir='ltr'><strong>sabbati</strong></span> <span class='ocrx_word' id='word_1_888' title='bbox 3783 4918 3815 4967; x_wconf 74' lang='lat' dir='ltr'><strong>el</strong></span> 
     </span>
    </p>
   </div>
   <div class='ocr_carea' id='block_1_109' title="bbox 2274 5033 2759 5092">
    <p class='ocr_par' dir='ltr' id='par_1_109' title="bbox 2274 5033 2759 5092">
     <span class='ocr_line' id='line_1_109' title="bbox 2274 5033 2759 5092; baseline -0.008 -1"><span class='ocrx_word' id='word_1_889' title='bbox 2274 5088 2277 5091; x_wconf 89' lang='lat'><strong>.</strong></span> <span class='ocrx_word' id='word_1_890' title='bbox 2314 5033 2759 5092; x_wconf 87' lang='lat' dir='ltr'><strong>circumcisionis.</strong></span> 
     </span>
    </p>
   </div>
   <div class='ocr_carea' id='block_1_110' title="bbox 2390 5160 3815 5244">
    <p class='ocr_par' dir='ltr' id='par_1_110' title="bbox 2390 5160 3815 5244">
     <span class='ocr_line' id='line_1_110' title="bbox 2390 5160 3815 5244; baseline -0.029 1"><span class='ocrx_word' id='word_1_891' title='bbox 2390 5167 3170 5244; x_wconf 61' lang='grc' dir='ltr'><strong>(¹)ῧοάά·1)³ευάραροεζοιὶξ;</strong></span> <span class='ocrx_word' id='word_1_892' title='bbox 3207 5165 3301 5223; x_wconf 87' lang='lat' dir='ltr'><strong>sed</strong></span> <span class='ocrx_word' id='word_1_893' title='bbox 3338 5173 3519 5244; x_wconf 78' lang='lat' dir='ltr'><strong>tamen</strong></span> <span class='ocrx_word' id='word_1_894' title='bbox 3560 5160 3815 5233; x_wconf 71' lang='lat' dir='ltr'><strong>postremas</strong></span> 
     </span>
    </p>
   </div>
   <div class='ocr_carea' id='block_1_111' title="bbox 2316 5238 3682 5315">
    <p class='ocr_par' dir='ltr' id='par_1_111' title="bbox 2316 5238 3682 5315">
     <span class='ocr_line' id='line_1_111' title="bbox 2316 5238 3682 5315; baseline -0.014 -10"><span class='ocrx_word' id='word_1_895' title='bbox 2316 5238 2537 5315; x_wconf 74' lang='lat' dir='ltr'><strong>videtur</strong></span> <span class='ocrx_word' id='word_1_896' title='bbox 2557 5238 3463 5315; x_wconf 27' lang='lat' dir='ltr'><strong>expu&#39;nctainiatttiqnionecodice.</strong></span> <span class='ocrx_word' id='word_1_897' title='bbox 3585 5304 3609 5315; x_wconf 53' lang='grc' dir='ltr'><strong><em>η</em></strong></span> <span class='ocrx_word' id='word_1_898' title='bbox 3671 5301 3682 5312; x_wconf 34' lang='grc' dir='ltr'><strong>ο</strong></span> 
     </span>
    </p>
   </div>
   <div class='ocr_carea' id='block_1_112' title="bbox 2416 5299 3881 5385">
    <p class='ocr_par' dir='ltr' id='par_1_112' title="bbox 2416 5299 3881 5385">
     <span class='ocr_line' id='line_1_112' title="bbox 2416 5299 3881 5385; baseline -0.011 -14"><span class='ocrx_word' id='word_1_899' title='bbox 2416 5299 2473 5385; x_wconf 51' lang='grc' dir='ltr'>ᾖ)</span> <span class='ocrx_word' id='word_1_900' title='bbox 2501 5299 2679 5385; x_wconf 36' lang='lat' dir='ltr'><strong>Vulgi,</strong></span> <span class='ocrx_word' id='word_1_901' title='bbox 2703 5314 2829 5385; x_wconf 83' lang='lat' dir='ltr'><strong>mihi</strong></span> <span class='ocrx_word' id='word_1_902' title='bbox 2849 5313 2980 5367; x_wconf 84' lang='lat' dir='ltr'><strong>enim</strong></span> <span class='ocrx_word' id='word_1_903' title='bbox 3001 5299 3088 5383; x_wconf 70' lang='lat' dir='ltr'><strong>qui</strong></span> <span class='ocrx_word' id='word_1_904' title='bbox 3111 5310 3405 5385; x_wconf 59' lang='lat' dir='ltr'><strong>uidebantur</strong></span> <span class='ocrx_word' id='word_1_905' title='bbox 3423 5323 3527 5363; x_wconf 84' lang='lat' dir='ltr'><strong>esse</strong></span> <span class='ocrx_word' id='word_1_906' title='bbox 3545 5299 3724 5385; x_wconf 54' lang='lat' dir='ltr'><strong>ahquid.</strong></span> <span class='ocrx_word' id='word_1_907' title='bbox 3880 5344 3881 5383; x_wconf 24' lang='grc' dir='ltr'>ἦ</span> 
     </span>
    </p>
   </div>
   <div class='ocr_carea' id='block_1_113' title="bbox 2393 5318 3815 5464">
    <p class='ocr_par' dir='ltr' id='par_1_113' title="bbox 2393 5318 3815 5464">
     <span class='ocr_line' id='line_1_113' title="bbox 2416 5318 3724 5385; baseline -0.015 -14"><span class='ocrx_word' id='word_1_908' title='bbox 2416 5318 2452 5371; x_wconf 73' lang='lat'><strong>2</strong></span> <span class='ocrx_word' id='word_1_909' title='bbox 2501 5318 2679 5385; x_wconf 85' lang='lat' dir='ltr'><strong>Vulg.,</strong></span> <span class='ocrx_word' id='word_1_910' title='bbox 2703 5318 2829 5369; x_wconf 84' lang='lat' dir='ltr'><strong>mihi</strong></span> <span class='ocrx_word' id='word_1_911' title='bbox 2849 5318 2980 5367; x_wconf 83' lang='lat' dir='ltr'><strong>enim</strong></span> <span class='ocrx_word' id='word_1_912' title='bbox 3001 5318 3088 5383; x_wconf 86' lang='lat' dir='ltr'><strong>qui</strong></span> <span class='ocrx_word' id='word_1_913' title='bbox 3111 5318 3405 5366; x_wconf 80' lang='lat' dir='ltr'><strong>uidebantur</strong></span> <span class='ocrx_word' id='word_1_914' title='bbox 3423 5323 3527 5363; x_wconf 84' lang='lat' dir='ltr'><strong>esse</strong></span> <span class='ocrx_word' id='word_1_915' title='bbox 3545 5318 3724 5374; x_wconf 69' lang='lat' dir='ltr'><strong>aliqua.</strong></span> 
     </span>
     <span class='ocr_line' id='line_1_114' title="bbox 2393 5318 3815 5464; baseline -0.013 -20"><span class='ocrx_word' id='word_1_916' title='bbox 2393 5318 2475 5464; x_wconf 47' lang='grc' dir='ltr'>(ὅ)</span> <span class='ocrx_word' id='word_1_917' title='bbox 2498 5386 2679 5464; x_wconf 57' lang='grc' dir='ltr'>Ϊιιιεη</span> <span class='ocrx_word' id='word_1_918' title='bbox 2710 5384 2816 5442; x_wconf 82' lang='lat' dir='ltr'><strong>Sed</strong></span> <span class='ocrx_word' id='word_1_919' title='bbox 2839 5394 3042 5440; x_wconf 88' lang='lat' dir='ltr'><strong>econtra</strong></span> <span class='ocrx_word' id='word_1_920' title='bbox 3062 5381 3445 5464; x_wconf 52' lang='lat' dir='ltr'><strong>cumpidissent</strong></span> <span class='ocrx_word' id='word_1_921' title='bbox 3464 5376 3612 5464; x_wconf 78' lang='lat' dir='ltr'><strong>quod,</strong></span> <span class='ocrx_word' id='word_1_922' title='bbox 3631 5382 3715 5430; x_wconf 77' lang='lat' dir='ltr'><strong>etc.</strong></span> <span class='ocrx_word' id='word_1_923' title='bbox 3804 5418 3815 5427; x_wconf 93' lang='lat'><strong>.</strong></span> 
     </span>
    </p>
   </div>
   <div class='ocr_carea' id='block_1_114' title="bbox 2393 5453 3615 5534">
    <p class='ocr_par' dir='ltr' id='par_1_114' title="bbox 2393 5453 3615 5534">
     <span class='ocr_line' id='line_1_115' title="bbox 2393 5453 3615 5534; baseline -0.011 -18"><span class='ocrx_word' id='word_1_924' title='bbox 2393 5453 2475 5534; x_wconf 72' lang='grc'>(4)</span> <span class='ocrx_word' id='word_1_925' title='bbox 2498 5453 2679 5534; x_wconf 54' lang='lat' dir='ltr'><strong>Xung</strong></span> <span class='ocrx_word' id='word_1_926' title='bbox 2707 5466 2946 5529; x_wconf 86' lang='lat' dir='ltr'><strong>operatus</strong></span> <span class='ocrx_word' id='word_1_927' title='bbox 2968 5466 3041 5510; x_wconf 88' lang='lat' dir='ltr'><strong>est</strong></span> <span class='ocrx_word' id='word_1_928' title='bbox 3065 5453 3260 5534; x_wconf 83' lang='lat' dir='ltr'><strong>et_mihi</strong></span> <span class='ocrx_word' id='word_1_929' title='bbox 3282 5454 3419 5534; x_wconf 66' lang='lat' dir='ltr'><strong>inter</strong></span> <span class='ocrx_word' id='word_1_930' title='bbox 3434 5459 3615 5534; x_wconf 78' lang='lat' dir='ltr'><strong>gentes.</strong></span> 
     </span>
    </p>
   </div>
   <div class='ocr_carea' id='block_1_115' title="bbox 2418 5466 3642 5603">
    <p class='ocr_par' dir='ltr' id='par_1_115' title="bbox 2418 5466 3642 5603">
     <span class='ocr_line' id='line_1_116' title="bbox 2419 5466 3615 5529; baseline -0.01 -14"><span class='ocrx_word' id='word_1_931' title='bbox 2419 5466 2450 5516; x_wconf 73' lang='grc'>4</span> <span class='ocrx_word' id='word_1_932' title='bbox 2499 5466 2679 5528; x_wconf 83' lang='lat' dir='ltr'><strong>Vulg.,</strong></span> <span class='ocrx_word' id='word_1_933' title='bbox 2707 5466 2946 5529; x_wconf 88' lang='lat' dir='ltr'><strong>operatus</strong></span> <span class='ocrx_word' id='word_1_934' title='bbox 2968 5466 3041 5510; x_wconf 88' lang='lat' dir='ltr'><strong>est</strong></span> <span class='ocrx_word' id='word_1_935' title='bbox 3065 5466 3111 5510; x_wconf 88' lang='lat' dir='ltr'><strong>et</strong></span> <span class='ocrx_word' id='word_1_936' title='bbox 3132 5466 3258 5509; x_wconf 72' lang='lat' dir='ltr'><strong>mam</strong></span> <span class='ocrx_word' id='word_1_937' title='bbox 3282 5466 3413 5507; x_wconf 75' lang='lat' dir='ltr'><strong>inter</strong></span> <span class='ocrx_word' id='word_1_938' title='bbox 3434 5466 3615 5523; x_wconf 82' lang='lat' dir='ltr'><strong>gentes.</strong></span> 
     </span>
     <span class='ocr_line' id='line_1_117' title="bbox 2418 5466 3642 5603; baseline -0.013 -14"><span class='ocrx_word' id='word_1_939' title='bbox 2500 5531 2682 5601; x_wconf 78' lang='lat' dir='ltr'><strong>Vulg.,</strong></span> <span class='ocrx_word' id='word_1_940' title='bbox 2706 5540 2892 5603; x_wconf 81' lang='lat' dir='ltr'><strong>etcum</strong></span> <span class='ocrx_word' id='word_1_941' title='bbox 2914 5525 3524 5603; x_wconf 68' lang='lat' dir='ltr'><strong>cognouissen_t_gt_&#39;atia_m,</strong></span> <span class='ocrx_word' id='word_1_942' title='bbox 3546 5529 3642 5603; x_wconf 57' lang='lat' dir='ltr'><strong>etc:</strong></span> 
     </span>
    </p>
   </div>
   <div class='ocr_carea' id='block_1_116' title="bbox 2392 5536 3813 5680">
    <p class='ocr_par' dir='ltr' id='par_1_116' title="bbox 2392 5536 3813 5680">
     <span class='ocr_line' id='line_1_118' title="bbox 2418 5536 3642 5654; baseline -0.014 -65"><span class='ocrx_word' id='word_1_943' title='bbox 2418 5536 2473 5603; x_wconf 84' lang='lat'><strong>5)</strong></span> <span class='ocrx_word' id='word_1_944' title='bbox 2500 5536 2682 5601; x_wconf 81' lang='lat' dir='ltr'><strong>Vulg.,</strong></span> <span class='ocrx_word' id='word_1_945' title='bbox 2707 5540 2754 5585; x_wconf 87' lang='lat' dir='ltr'><strong>et</strong></span> <span class='ocrx_word' id='word_1_946' title='bbox 2776 5545 2892 5583; x_wconf 84' lang='lat' dir='ltr'><strong>cum</strong></span> <span class='ocrx_word' id='word_1_947' title='bbox 2914 5536 3267 5654; x_wconf 56' lang='lat' dir='ltr'><strong>cojqnovissent</strong></span> <span class='ocrx_word' id='word_1_948' title='bbox 3288 5536 3524 5605; x_wconf 76' lang='lat' dir='ltr'><strong>gratiam,</strong></span> <span class='ocrx_word' id='word_1_949' title='bbox 3546 5536 3642 5575; x_wconf 88' lang='lat' dir='ltr'><strong>etc.</strong></span> 
     </span>
     <span class='ocr_line' id='line_1_119' title="bbox 2392 5536 3813 5680; baseline -0.008 -20"><span class='ocrx_word' id='word_1_950' title='bbox 2392 5536 2470 5680; x_wconf 48' lang='lat'><strong>26)</strong></span> <span class='ocrx_word' id='word_1_951' title='bbox 2494 5600 2791 5680; x_wconf 80' lang='lat' dir='ltr'><strong>Addendus</strong></span> <span class='ocrx_word' id='word_1_952' title='bbox 2833 5608 2952 5680; x_wconf 39' lang='lat' dir='ltr'><strong>est“</strong></span> <span class='ocrx_word' id='word_1_953' title='bbox 2993 5597 3202 5680; x_wconf 73' lang='lat' dir='ltr'><strong>acubus.</strong></span> <span class='ocrx_word' id='word_1_954' title='bbox 3228 5596 3400 5680; x_wconf 80' lang='lat' dir='ltr'><strong>_Vulg.</strong></span> <span class='ocrx_word' id='word_1_955' title='bbox 3435 5594 3523 5649; x_wconf 78' lang='lat' dir='ltr'><strong>Sic</strong></span> 
     </span>
    </p>
   </div>
   <div class='ocr_carea' id='block_1_117' title="bbox 2320 5657 3813 5741">
    <p class='ocr_par' dir='ltr' id='par_1_117' title="bbox 2320 5657 3813 5741">
     <span class='ocr_line' id='line_1_120' title="bbox 2320 5657 3813 5741; baseline -0.014 -8"><span class='ocrx_word' id='word_1_956' title='bbox 2320 5657 2511 5735; x_wconf 53' lang='lat' dir='ltr'><strong>locum</strong></span> <span class='ocrx_word' id='word_1_957' title='bbox 2525 5693 2538 5729; x_wconf 88' lang='lat'><strong>:</strong></span> <span class='ocrx_word' id='word_1_958' title='bbox 2552 5657 2818 5731; x_wconf 35' lang='lat' dir='ltr'><strong>&quot;lacubus</strong></span> <span class='ocrx_word' id='word_1_959' title='bbox 2839 5679 2894 5727; x_wconf 88' lang='lat' dir='ltr'><strong>et</strong></span> <span class='ocrx_word' id='word_1_960' title='bbox 2914 5670 3126 5741; x_wconf 80' lang='lat' dir='ltr'><strong>Cephas</strong></span> <span class='ocrx_word' id='word_1_961' title='bbox 3147 5678 3198 5723; x_wconf 84' lang='lat' dir='ltr'><strong>et</strong></span> <span class='ocrx_word' id='word_1_962' title='bbox 3220 5657 3454 5741; x_wconf 55' lang='lat' dir='ltr'><strong>Joannes</strong></span> <span class='ocrx_word' id='word_1_963' title='bbox 3476 5664 3564 5736; x_wconf 88' lang='lat' dir='ltr'><strong>qui</strong></span> <span class='ocrx_word' id='word_1_964' title='bbox 3584 5657 3813 5719; x_wconf 68' lang='grc' dir='ltr'>νιιιθιωιαι</span> 
     </span>
    </p>
   </div>
   <div class='ocr_carea' id='block_1_118' title="bbox 2321 5737 3531 5826">
    <p class='ocr_par' dir='ltr' id='par_1_118' title="bbox 2321 5737 3531 5826">
     <span class='ocr_line' id='line_1_121' title="bbox 2321 5737 3531 5826; baseline -0.012 -17"><span class='ocrx_word' id='word_1_965' title='bbox 2321 5750 2586 5826; x_wconf 73' lang='lat' dir='ltr'><strong>columnae</strong></span> <span class='ocrx_word' id='word_1_966' title='bbox 2606 5759 2750 5816; x_wconf 86' lang='lat' dir='ltr'><strong>esse,</strong></span> <span class='ocrx_word' id='word_1_967' title='bbox 2773 5737 3282 5807; x_wconf 58' lang='lat' dir='ltr'><strong>dextras&#39;dederunt</strong></span> <span class='ocrx_word' id='word_1_968' title='bbox 3300 5737 3451 5798; x_wconf 87' lang='lat' dir='ltr'><strong>mihi.</strong></span> <span class='ocrx_word' id='word_1_969' title='bbox 3527 5809 3531 5814; x_wconf 23' lang='lat'><strong><em>.</em></strong></span> 
     </span>
    </p>
   </div>
  </div>
