4018 6184
254 196 360 252 Ηϐιι

1093 192 1162 252 ΙΝ
1200 189 1590 252 EPISTOLAM
1629 190 1836 250 PAULI
1865 191 1958 249 AD
1996 191 2318 253 GALATAS
2357 193 2561 252 LIBER
2607 195 2649 251 Ι.

3383 199 3527 257 Ηϐὲ

310 306 363 360 Et
388 305 642 361 Barnaba:
678 301 952 361 societatis.
996 304 1112 361 Non
1156 305 1284 360 mihi
1318 314 1524 361 tantum
1564 306 1815 361 dexteras
1845 307 1892 367 A
1922 321 2096 362 essem
2123 349 2138 375 ,
2190 309 2329 378 quod
2390 309 2528 364 bene
2573 307 2810 366 ofﬁciunt
2866 315 2981 376 est,
3040 310 3406 368 necessarium
3445 323 3528 369 ta-

248 399 489 455 dederunt
519 401 816 466 societatis,
851 399 944 454 sed
977 399 1139 455 etiam
1167 399 1461 465 Barnabas,
1491 400 1580 470 qui
1609 415 1820 455 mecum

247 494 330 549 fuit
352 494 551 550 socius.
577 494 705 548 Plus
734 504 914 549 autem
943 493 1162 564 adjecit,
1192 509 1259 547 ne
1281 493 1556 548 videretur
1579 493 1680 548 sibi
1707 503 1825 548 tan-

248 594 342 641 tum
366 585 650 641 creditum.
677 585 881 641 Verum
925 596 1105 640 autem
1153 585 1433 655 probatmn
1477 596 1560 640 est
1589 601 1824 656 evange-

244 677 352 733 lium
389 677 557 743 Pauli,
590 677 637 732 si
681 677 959 747 probatum
989 686 1152 732 estet
1194 676 1478 745 Barnabm,
1512 677 1602 748 qui
1637 692 1822 732 comes

245 769 329 824 fuit
353 769 537 834 Pauli;
570 770 654 824 cui
688 769 810 824 data
841 779 925 825 est
967 770 1201 826 societas
1236 785 1331 840 per
1360 769 1612 831 dexteras
1641 771 1708 825 ab
1738 770 1822 825 bis

244 863 319 933 qui
361 864 411 918 in
453 862 842 934 Hierosolymis
878 863 1238 932 apostolatum
1266 863 1547 934 gerebant,
1577 875 1630 918 et
1659 879 1823 918 evan-

242 955 417 1025 gelium
450 956 767 1010 nuntiabant
792 955 1016 1011 .lttdzeis.
1051 954 1228 1011 Unum
1258 969 1448 1010 verum
1483 955 1672 1024 probat
1702 970 1824 1011 esse

243 1043 560 1118 evangelium
589 1047 729 1118 apud
775 1063 986 1114 omnes,
1032 1057 1087 1102 et
1127 1047 1345 1102 Galatas
1387 1061 1593 1102 errare.
1631 1046 1700 1100 Ut
1732 1063 1824 1100 nos

242 1143 536 1214 ingentibus
563 1143 665 1214 (l),
706 1143 805 1213 ipsi
847 1153 1015 1198 autem
1051 1143 1103 1195 in
1147 1141 1532 1194 circumcisione
1571 1140 1827 1210 pradica-

239 1246 353 1290 rent.
383 1235 462 1290 Ad
494 1235 596 1290 hoc
623 1235 876 1291 dexteras
907 1235 1196 1301 dederunt,
1227 1248 1549 1288 consensum
1579 1246 1823 1287 commo-

240 1328 414 1385 dantes
459 1330 510 1382 in
559 1329 896 1399 evangelium
939 1337 994 1384 et
1041 1327 1170 1381 mihi
1215 1336 1270 1381 et
1314 1325 1596 1389 Barnabre,
1640 1337 1695 1378 ut
1727 1340 1826 1379 nos

240 1421 642 1493 praedicaremus
662 1421 714 1475 in
741 1421 1013 1492 gentibus,
1040 1420 1141 1490 ipsi
1169 1426 1346 1474 autem
1368 1417 1595 1484 Iudaeis,
1622 1418 1722 1474 hoc
1745 1428 1828 1473 est

239 1516 284 1571 in
305 1515 728 1579 circumcisione,
752 1513 1084 1582 evangelium
1128 1511 1498 1582 praedicarent.

302 1611 459 1666 Vens.
485 1609 650 1665 10.-
670 1608 1038 1662 Tantummodo
1057 1616 1109 1660 ut
1127 1621 1406 1676 pauperum
1431 1619 1679 1658 memores
1697 1619 1826 1658 esse-

1935 417 2097 467 nten;
2163 403 2306 472 quod
2356 403 2526 472 ipsum
2587 401 2970 473 implevimus,
3025 413 3078 458 et
3131 405 3390 461 sollicitus
3450 406 3526 462 fui

1925 491 2030 547 hoc
2062 485 2234 563 ipsum
2268 503 2325 548 tit
2376 493 2645 559 facerem;
2691 509 2876 549 verum
2919 495 3104 563 etiam,
3157 497 3348 566 inquit,
3400 512 3526 567 pec-

1926 596 2103 640 catum
2133 586 2274 640 Petri
2304 601 2410 642 non
2444 586 2616 651 tacui;
2642 587 2693 640 in
2717 603 2821 656 quo
2840 586 3142 642 libertatem
3167 605 3317 642 suam
3343 600 3528 644 osten-

1925 681 2022 745 dit,
2068 691 2122 734 et
2167 679 2417 735 fiduciam
2462 681 2531 736 de
2571 679 2853 750 evangelio
2897 695 3014 748 suo,
3047 682 3091 735 si
3120 683 3337 752 quidem
3381 682 3527 752 quod

1926 774 2084 829 aliter
2123 772 2284 828 fiebat
2321 790 2348 827 a
2373 774 2554 840 Petro,
2598 774 2966 844 reprehendit.
3000 774 3317 846 Rursusque
3357 777 3525 831 etiam

1926 864 2059 919 illud
2103 865 2243 936 quod
2278 866 2462 935 utique
2493 866 2682 922 Petrus
2727 867 3090 936 reprehensus
3121 868 3291 938 magis
3338 883 3522 923 erum-

1928 966 2079 1026 peret
2099 956 2521 1026 reprehendere,
2564 959 2606 1012 si
2643 959 2769 1028 quid
2795 960 2846 1012 in
2881 976 2964 1013 me
2992 960 3102 1013 vitii
3127 971 3300 1026 esset;
3331 977 3526 1032 meque

1927 1048 1971 1101 si
2002 1063 2106 1102 non
2135 1059 2282 1103 recte
2300 1064 2518 1117 agerem
2556 1051 2608 1104 in
2631 1050 2934 1120 evangelio,
2975 1051 3263 1120 proderet;
3288 1062 3343 1108 et
3367 1054 3528 1110 laesus

1927 1155 2036 1195 non
2082 1151 2349 1211 parceret.
2390 1141 2521 1196 Cum
2556 1143 2609 1196 in
2650 1142 3011 1208 Antiochiam,
3057 1145 3250 1214 inquit,
3292 1145 3529 1201 venisset

1927 1231 2141 1301 Petrus,
2166 1251 2271 1289 non
2313 1250 2406 1304 per
2437 1235 2722 1290 ecclesiam
2755 1237 2964 1291 locutus
3007 1253 3123 1292 sum
3157 1248 3210 1293 et
3236 1240 3376 1308 apud
3411 1241 3525 1308 plc-

1929 1325 2073 1393 bem,
2091 1327 2185 1382 sed
2210 1329 2260 1381 in
2284 1327 2472 1383 faciem
2495 1329 2572 1382 illi
2603 1329 2796 1394 restiti,
2821 1329 2871 1384 id
2891 1339 2971 1386 est
2993 1342 3175 1400 aperte
3198 1333 3524 1388 contradixi.

1928 1417 1995 1472 Et
2027 1418 2166 1473 unde
2186 1419 2378 1474 ﬁducia
2413 1421 2546 1475 fuit?
2574 1437 2679 1475 non
2711 1423 2822 1492 ipse
2859 1438 2980 1477 eum
3014 1425 3383 1495 reprehendit,
3431 1427 3529 1482 sed

1930 1512 2320 1580 reprehensum
2344 1514 2412 1568 ab
2441 1515 2688 1571 omnibus
2713 1518 2887 1586 arguit
2910 1527 2964 1573 et
2996 1529 3230 1585 accusat,
3271 1523 3524 1592 quoniam

1929 1604 2291 1675 reprehensus
2317 1616 2453 1662 erat.
2485 1606 2630 1677 Ergo
2659 1619 2711 1664 et
2734 1609 2821 1663 ille
2839 1611 3019 1679 populi
3035 1611 3238 1680 judicio
3260 1615 3524 1682 peccavit,

236 1721 336 1759 mus
356 1703 452 1776 (Ξ).
483 1702 558 1759 Ita
603 1702 649 1759 si
679 1702 802 1772 quid
831 1700 1206 1772 corrigendum
1233 1707 1395 1761 esset,
1427 1699 1828 1768 eorrigerentet
1855 1688 1905 1749 B
1933 1707 1986 1752 et
2005 1708 2286 1753 accusatus
2307 1708 2417 1765 est;
2441 1709 2495 1755 et
2517 1701 2744 1770 p0pulus
2765 1701 2953 1771 siquid
2977 1704 3026 1756 in
3047 1707 3525 1774 mepeecatiesset,

233 1808 541 1855 monerent:
565 1801 608 1853 si
628 1793 839 1869 quidem
863 1795 1003 1866 quod
1030 1794 1334 1850 addendum
1362 1793 1715 1863 putavissent,
1733 1789 1830 1844 ad-

233 1890 649 1962 jecissem.Quid
681 1900 857 1944 tamen
886 1887 1014 1942 illud
1044 1897 1096 1940 ut
1121 1901 1403 1958 pauperum
1429 1899 1675 1938 memores
1699 1897 1829 1936 esse-

241 1985 459 2040 mus?In
489 1984 634 2040 omni
658 1984 882 2054 epistola
913 1997 1007 2036 sua
1040 1982 1235 2036 Paulus
1258 1983 1328 2034 ita
1359 1979 1488 2048 agit.
1511 1975 1644 2030 Cum
1671 1976 1829 2044 igitur

238 2078 330 2133 ista
351 2085 640 2133 tractarent
657 2075 855 2131 Paulus
876 2085 926 2128 et
942 2074 1214 2128 Barnabas
1233 2088 1353 2127 cum
1371 2070 1578 2125 Joanne
1595 2079 1646 2123 et
1667 2068 1828 2122 Petro

235 2177 286 2224 et
307 2169 525 2235 Jacobo,
554 2168 849 2223 admissum
873 2166 1208 2238 evangelium
1232 2173 1315 2219 est
1336 2162 1530 2218 eodem
1558 2160 1740 2228 modo,
1768 2170 1828 2215 ut

238 2263 391 2318 tradit
417 2261 635 2327 Paulus,
673 2271 726 2316 et
767 2259 1146 2315 confirmatum
1189 2267 1293 2313 est.
1329 2255 1405 2310 De
1447 2254 1552 2309 hac
1587 2262 1826 2308 tantum-

235 2354 388 2409 modo
409 2353 769 2423 disputatione
788 2367 894 2406 non
917 2350 1127 2405 admitti
1153 2364 1317 2420 opera
1341 2347 1408 2403 ad
1437 2346 1691 2412 salutem,
1717 2361 1824 2399 non

233 2446 458 2503 libenter
496 2446 784 2501 audierunt
816 2463 831 2501 :
864 2453 1191 2498 monuerunt
1237 2453 1416 2496 tamen
1457 2450 1517 2495 ut
1555 2454 1827 2494 memores

232 2549 428 2596 tantum
455 2554 748 2610 pauperum
781 2551 1027 2594 essemus
1055 2535 1158 2608 (5).
1186 2535 1262 2590 Ita
1289 2543 1345 2589 et
1382 2534 1557 2604 ipsum
1586 2547 1821 2588 consen-

234 2633 388 2699 tiunt,
415 2648 519 2685 non
551 2631 622 2686 ibi
649 2645 771 2686 esse
799 2644 948 2698 spem
980 2628 1190 2693 salutis,
1221 2626 1266 2680 si
1311 2626 1362 2679 in
1392 2639 1659 2695 pauperes
1698 2638 1828 2694 ope-

236 2743 291 2782 ra
318 2728 396 2800 (4)
439 2726 738 2782 efficiamus
775 2724 886 2796 (5),
927 2728 1020 2779 sed
1056 2720 1428 2778 tantummodo
1467 2721 1594 2790 quid
1627 2719 1828 2774 admo-

235 2829 360 2877 nent
383 2829 439 2874 ιιι
465 2834 733 2875 memores
757 2832 1003 2873 essemus
1033 2830 1361 2886 pauperum;
1391 2830 1499 2867 non
1528 2813 1601 2866 uti
1625 2825 1825 2868 consu-

233 2928 439 2970 mamus
469 2928 686 2969 omnem
719 2913 987 2967 actionem
1016 2920 1280 2974 nostram,
1313 2907 1407 2964 sed
1437 2922 1545 2962 non
1578 2906 1826 2961 habenti-

231 3007 330 3064 bus
353 3007 403 3061 id
424 3005 566 3076 quod
588 3019 877 3076 possumus
901 3003 1102 3058 habere
1124 3002 1554 3057 commodemus.
1575 2999 1826 3064 Mempres

1931 1793 2048 1864 pari
2089 1794 2246 1848 modo
2304 1794 2744 1864 reprehenderet,
2794 1797 2933 1850 sicut
2971 1796 3118 1852 illum
3159 1798 3525 1868 reprehendit.

2009 1882 2170 1938 Vens.
2240 1884 2328 1938 12.
2383 1914 2454 1926 --
2506 1886 2664 1940 Prius
2729 1888 2863 1941 enim
2913 1905 3068 1958 quam
3125 1891 3354 1944 venirent
3413 1893 3530 1962 qui-

1930 1976 2051 2030 dam
2081 1977 2141 2030 ab
2172 1976 2392 2044 Jacobo,
2431 1997 2546 2033 cum
2581 1982 2808 2051 gentibus
2834 1982 3010 2036 edebat
3041 1999 3059 2036 :
3088 2000 3201 2037 cum
3247 1994 3416 2039 autem
3447 2001 3530 2039 ve-

1931 2069 2143 2134 nissent,
2191 2071 2519 2125 subtrahebat
2545 2090 2598 2126 se
2620 2072 2699 2145 (l)
2733 2074 2911 2128 timens
2943 2092 3029 2130 eos
3059 2077 3146 2146 qui
3173 2087 3316 2130 erant
3346 2094 3409 2131 ea:
3437 2078 3532 2132 cir-

1930 2165 2257 2218 cumcisione.
2293 2164 2357 2218 Et
2393 2176 2754 2220 consenserunt
2780 2184 2893 2220 cum
2923 2167 3013 2220 illo
3051 2178 3098 2220 et
3133 2169 3303 2222 ειειαὶ
3331 2169 3528 2235 Jadwi,

1930 2260 2004 2313 ita
2051 2266 2106 2313 ut
2167 2258 2434 2314 Barnabas
2490 2261 2794 2314 consentiret
2851 2262 3168 2315 simulationi
3213 2279 3385 2316 eorum
3426 2261 3528 2333 (2).

1929 2351 2134 2422 Aperte
2157 2351 2330 2422 ipsum
2358 2361 2636 2422 peceatum
2669 2352 2920 2423 explicat,
2953 2353 3077 2424 quid
3104 2353 3340 2410 fecisset.
3374 2354 3532 2422 Quod

1931 2445 2146 2515 quidem
2191 2455 2468 2514 peccatum
2517 2460 2577 2500 se
2623 2444 3038 2514 reprehendisse
3075 2445 3207 2500 dicit
3245 2445 3299 2500 in
3345 2447 3528 2515 Petro,

1929 2537 2162 2594 fortasse
2207 2552 2350 2592 nunc
2380 2538 2629 2592 tacuisset
2668 2537 2995 2592 :suifecerat
3039 2536 3183 2592 enim
3223 2547 3531 2594 correctum

1929 2645 2051 2685 esse
2095 2629 2314 2684 Petrum
2345 2629 2768 2698 reprehensione
2805 2629 3012 2699 populi,
3057 2635 3112 2683 et
3147 2639 3332 2699 aperta
3374 2631 3532 2700 hujus

1930 2724 2278 2778 accusatione
2311 2739 2324 2775 :
2358 2722 2451 2777 sed
2494 2722 2749 2792 quoniam
2784 2722 3028 2792 prodest,
3059 2731 3116 2778 et
3142 2727 3208 2779 ad
3243 2725 3533 2796 epistolam

1931 2819 2165 2873 maxime
2187 2815 2576 2880 necessarium,
2603 2815 2804 2870 idcirco
2833 2826 3105 2872 narratur.
3133 2817 3232 2872 Ubi
3261 2818 3369 2872 duo
3390 2819 3529 2888 agit;

1931 2910 2164 2981 primum
2209 2909 2464 2978 quoniam
2517 2909 2853 2977 evangelium
2900 2923 3058 2962 suum
3116 2909 3381 2977 privatum
3424 2924 3533 2964 non

1931 3010 2076 3057 esset
2124 3000 2536 3071 reprehensum,
2569 3009 2623 3055 et
2667 2999 2782 3070 ipse
2808 3015 2929 3055 cum
2980 3000 3406 3070 reprehenderet
3429 3003 3532 3057 Pe—

231 3110 426 3155 tantum
449 3109 501 3152 ut
529 3099 688 3154 simus
715 3113 1018 3168 pauperum.
1052 3095 1168 3151 Non
1197 3097 1248 3150 in
1291 3095 1394 3151 hoc
1419 3110 1602 3150 curam
1631 3103 1686 3150 et.
1717 3093 1826 3149 sol-
1855 3069 1900 3133 Ο
1933 3100 2073 3147 trum
2130 3092 2263 3146 nihil
2314 3108 2343 3146 a
2396 3093 2556 3147 Petro
2602 3092 3041 3162 reprehensionis
3089 3094 3355 3158 audierit;
3406 3104 3535 3151 tunc

230 3191 562 3248 licitudinem
629 3205 932 3261 ponamus,
989 3197 1263 3259 totamque
1325 3189 1578 3243 virtutem
1638 3187 1830 3241 salutis

230 3291 430 3340 nostrae
461 3281 780 3338 retinendae.
813 3281 887 3336 lta
928 3296 1065 3352 pene
1104 3288 1384 3336 correctus
1423 3281 1476 3334 in
1522 3279 1626 3334 hoc
1665 3288 1832 3334 estet

229 3378 558 3443 admonitus,
585 3388 762 3454 tamen
792 3392 898 3431 non
924 3375 1160 3430 fatetur:
1192 3384 1247 3428 ut
1272 3388 1542 3428 memores
1562 3386 1828 3439 essemus,

229 3471 424 3541 inquit,
453 3485 561 3526 non
591 3481 648 3524 ut
679 3471 781 3525 hoc
808 3483 1120 3540 ageremus,
1155 3467 1250 3523 sed
1275 3475 1330 3521 ut
1366 3467 1418 3522 in
1449 3466 1706 3520 memoria
1736 3464 1832 3518 ha-

228 3561 512 3628 beremus;
544 3562 685 3632 quod
721 3571 805 3617 est
849 3561 1026 3615 minus
1054 3575 1212 3630 quam
1255 3559 1308 3614 in
1342 3559 1444 3613 hoc
1475 3572 1696 3628 operam
1727 3571 1829 3627 po-

227 3671 380 3721 nere,
413 3665 469 3711 et
508 3654 610 3710 hoc
652 3655 824 3710 solum
867 3653 1159 3724 complere.
1207 3651 1357 3720 Quod
1385 3652 1538 3706 etiam
1575 3651 1831 3705 sollicitus

225 3749 308 3820 fui
334 3749 486 3803 etiam
523 3750 617 3802 Itoc
658 3749 826 3817 ipsum
855 3751 1041 3818 facere.
1077 3747 1199 3801 Plus
1239 3744 1439 3815 adjecit
1469 3755 1525 3798 ut
1560 3744 1723 3798 etiam
1763 3741 1832 3797 de

226 3843 335 3897 hoc
377 3851 576 3911 praeter
601 3839 972 3910 Evangeliutn,
1006 3839 1150 3908 quod
1193 3837 1538 3906 prtedicabat,
1580 3834 1833 3888 habuerit

224 3934 673 4002 sollicitudinem,
720 3942 778 3988 ut
826 3934 968 3987 circa
1015 3945 1278 4002 pauperes
1324 3944 1534 3984 memor
1576 3939 1746 3992 esset,
1777 3935 1834 3981 et

223 4028 610 4100 quodcumque
637 4036 818 4098 posset
841 4033 1141 4095 praestaret.
1164 4022 1390 4078 Etiamsi
1415 4036 1603 4077 revera
1625 4034 1832 4091 panper

227 4123 416 4180 nullus
444 4131 548 4189 est,
575 4121 622 4176 si
660 4119 821 4175 modo
852 4119 1008 4174 fidem
1047 4133 1291 4182 servans,
1323 4123 1378 4171 et
1418 4115 1470 4170 in
1504 4115 1670 4169 Deum
1713 4127 1833 4168 cre-

221 4218 368 4274 dens
394 4216 610 4272 divitias
652 4223 904 4284 expectat
943 4212 1261 4267 salvationis
1307 4225 1442 4265 suae
1486 4206 1619 4262 Nam
1655 4207 1831 4261 victus

221 4327 497 4385 praesens,
522 4319 576 4365 et
602 4325 798 4380 parvus
823 4319 904 4363 est
927 4316 983 4364 et
1013 4305 1313 4371 sufficiens,
1349 4313 1401 4360 et
1435 4303 1525 4373 qui
1565 4317 1673 4356 non
1711 4315 1827 4355 ma-

216 4419 469 4477 gnopere
492 4411 704 4458 constet
728 4401 809 4456 vel
837 4401 1110 4471 praestanti
1136 4399 1218 4454 vel
1241 4396 1548 4467 accipienti.

1933 3189 2131 3246 deinde
2160 3187 2288 3243 illud
2330 3190 2474 3258 quod
2503 3188 2610 3243 dixi
2655 3189 2888 3242 maxime
2919 3189 3280 3244 necessarium
3322 3200 3424 3256 est,
3457 3189 3536 3243 nti

1932 3285 2186 3355 quoniam
2229 3281 2454 3346 Galatze,
2502 3282 2704 3336 omisso
2747 3283 3030 3352 evnngelio
3071 3282 3244 3353 primo
3270 3325 3284 3348 ,
3331 3283 3533 3353 regula:

1933 3376 2195 3447 evangelii
2223 3375 2587 3446 adjiciendum
2621 3375 2821 3447 aliquid
2849 3375 2928 3450 (5)
2947 3377 3224 3446 putabant,
3257 3387 3382 3432 utet
3404 3379 3532 3434 sab-

1932 3470 2114 3526 batum
2171 3470 2546 3536 observarent,
2587 3478 2641 3525 et
2687 3469 3194 3534 circumcisionem,
3244 3479 3300 3525 et
3341 3471 3533 3526 eodem

1935 3562 2096 3617 modo
2142 3562 2386 3617 viverent
2421 3571 2478 3616 ut
2516 3561 2724 3627 Judtei;
2777 3562 2879 3616 hoc
2923 3562 3176 3632 quoniam
3221 3561 3424 3618 Galate:
3457 3563 3535 3619 fa-

1932 3658 2100 3722 ciunt,
2137 3657 2341 3713 idcirco
2371 3656 2489 3713 hiec
2522 3657 2750 3725 epistola
2787 3657 2854 3712 ad
2903 3658 3023 3712 illos
3063 3658 3353 3714 scribitur:
3387 3660 3532 3716 unde

1933 3751 2136 3819 Optime
2157 3760 2428 3814 narratur,
2454 3751 2578 3819 quia
2603 3749 2653 3804 id
2677 3751 2849 3818 ipsum
2881 3766 2910 3804 a
2943 3750 3110 3807 Paulo
3139 3753 3530 3822 reprehensum

1934 3851 2016 3898 est
2046 3844 2097 3896 in
2122 3842 2302 3908 Petro,
2336 3852 2388 3897 et
2413 3841 2639 3911 populus
2662 3842 3011 3910 reprehendit
3044 3861 3057 3897 :
3084 3845 3226 3900 unde
3259 3845 3531 3916 colligitur

1934 3944 1988 3990 et
2020 3936 2117 3989 hos
2139 3950 2351 4005 quoque
2373 3951 2619 4004 peccare.
2653 3935 2935 4001 Quomodo
2961 3946 3136 3994 autem
3168 3941 3252 3995 vel
3275 3939 3402 4010 quid
3434 3941 3530 3994 ad-

1935 4028 2143 4082 miserit
2161 4027 2374 4095 Petrus,
2405 4029 2483 4082 sic
2503 4029 2777 4100 subjungit
2817 4045 2914 4099 per
2939 4033 3304 4088 narrationem
3342 4050 3355 4086 :
3385 4033 3530 4100 prius

1934 4122 2109 4188 enim,
2136 4121 2328 4190 inquit,
2360 4130 2486 4178 ante
2519 4138 2679 4193 quam
2711 4124 2957 4178 venirent
3001 4125 3218 4194 quidam
3245 4141 3276 4180 a
3303 4124 3527 4189 JaCobo,

1933 4229 2054 4270 cum
2104 4212 2356 4285 gentibus
2384 4214 2578 4270 edebat
2626 4225 2814 4270 tenens
2853 4217 3194 4284 evangelium
3236 4217 3526 4286 integrum,

1934 4316 1988 4362 et
2016 4307 2254 4376 regulam
2285 4307 2424 4377 ejus,
2448 4317 2506 4361 nt
2525 4307 2807 4377 aequaliter
2836 4307 2904 4362 de
2931 4306 3151 4363 Chrism
3171 4309 3528 4364 annuncietttr

1933 4400 2213 4456 etJudteis
2257 4409 2310 4456 et
2338 4401 2609 4471 gentibus,
2657 4410 2710 4456 et
2757 4416 2861 4456 non
2908 4400 3228 4456 observetur
3253 4403 3404 4457 cibus
3431 4402 3530 4457 ,Ιιιο

297 4499 468 4554 Vens.
499 4498 586 4552 Η.
637 4527 708 4537 -
737 4494 866 4550 Cum
893 4502 1063 4548 autent
1090 4493 1303 4547 venisset
1335 4489 1523 4545 Ρειηιε
1563 4488 1616 4542 in
1643 4487 1827 4542 Αηιίο-
1855 4460 1912 4522 Β
1935 4497 2196 4563 dteorum,
2232 4495 2325 4551 sed
2359 4497 2567 4549 vivatur
2591 4494 2907 4565 simpliciter
2938 4511 3088 4551 more
3117 4496 3376 4565 gentium.
3415 4495 3528 4550 Hoc

212 4592 420 4657 chiam,
467 4590 521 4643 in
555 4589 740 4658 {aciem
772 4587 851 4640 illi
887 4587 1080 4650 restiti,
1112 4584 1355 4655 quoniam
1387 4581 1723 4651 reprehensus
1751 4577 1831 4649 (ϐ)

213 4693 358 4739 erat.
398 4680 515 4736 Non
547 4681 746 4742 solum.
799 4679 992 4749 inquit,
1021 4676 1362 4747 evangelium
1411 4690 1588 4730 meum
1633 4671 1830 4741 proba-

215 4783 345 4828 tum
391 4781 474 4828 est
503 4772 571 4825 ab
613 4773 695 4827 his
742 4770 1022 4841 apostolis,
1061 4769 1153 4840 qui
1190 4776 1347 4823 erant
1377 4768 1430 4822 in
1472 4767 1825 4830 Hierusalem,

214 4881 412 4936 neque
462 4865 635 4919 solum
689 4865 994 4919 admonitus
1037 4877 1179 4928 sum,
1222 4871 1278 4916 ut
1308 4875 1597 4932 pauperum
1625 4871 1834 4912 memor

303 4977 388 5048 (1)
401 4976 555 5044 Vulg.
569 4976 634 5032 Ut
649 4994 742 5031 nos
757 4977 1108 5048 ingentes,ipsi
1121 4985 1287 5028 autem
1302 4975 1352 5029 in
1367 4974 1823 5038 circumcisionem.

301 5049 387 5119 (ἢ)
427 5049 600 5119 γιιικ..
626 5059 823 5102 tantum
845 5060 896 5103 ut
924 5064 1229 5119 pauperum,
1259 5057 1368 5102 etc.

301 5118 388 5193 (5)
418 5118 588 5193 Codd.
621 5129 805 5174 essent.

328 5191 386 5259 6)
418 5191 589 5245 Codd.
622 5206 824 5259 operas.

328 5196 386 5259 6)
418 5196 589 5245 Codd.
622 5206 824 5259 operas.

297 5196 386 5334 (ἓν)
417 5261 683 5318 Videlicet
727 5262 853 5334 sine;
897 5270 1044 5316 recta
1072 5259 1175 5316 fide
1214 5261 1301 5315 vel
1348 5259 1466 5334 sine
1501 5261 1671 5328 gratia
1703 5254 1820 5334 Dei.

203 5330 522 5406 Legendus
537 5341 713 5387 autem
745 5332 1103 5406 Bellarminus
1146 5341 1249 5396 est,
1288 5331 1550 5406 qui‘hane
1574 5330 1829 5406 quaestio.

204 5401 358 5462 τιθῶ
385 5403 694 5473 plenissime
723 5411 778 5458 et
801 5405 1112 5459 acutissime
1142 5411 1340 5457 tractat
1366 5402 1434 5457 de
1458 5401 1637 5456 JuSIil‘.
1670 5404 1762 5460 lib.
1789 5421 1826 5471 ι,

205 5492 357 5546 cap,
390 5475 480 5542 t9,
515 5490 629 5546 seq.

297 5543 385 5623 (6)
418 5547 494 5623 Ita
525 5543 716 5610 codd.§
739 5555 793 5602 at
816 5547 958 5623 vulg.
992 5545 1085 5623 ed;
1106 5545 1249 5623 hunc
1278 5543 1603 5623 versiculum
1631 5544 1709 5623 sic
1733 5561 1836 5623 ex—

202 5615 379 5677 hibet
411 5637 423 5673 :
453 5618 582 5673 Cum
601 5627 769 5672 autem
811 5617 1025 5672 venisset
1045 5615 1242 5689 Cepltas
1272 5615 1598 5670 Antiochiam
1623 5631 1642 5670 :
1670 5617 1724 5672 in
1753 5622 1836 5689 fa-

199 5695 364 5764 giem
386 5691 432 5747 ei
458 5691 642 5756 restiti,
671 5691 790 5757 quia
818 5685 1232 5753 repreliensibilis
1263 5695 1393 5741 erat.

549 5787 823 5847 ΡΑτιιοι,
855 5780 1017 5842 Vlll.

1937 4589 2106 4659 prius,
2150 4589 2340 4659 inquit,
2384 4587 2618 4642 faciebat
2649 4587 2839 4642 Petrus
2869 4597 2994 4642 ante
3030 4603 3190 4658 quam
3227 4587 3296 4642 ab
3324 4587 3528 4643 Jacobo

1935 4681 2182 4736 venirent
2206 4679 2442 4748 quidam.
2467 4678 2702 4734 Jacobns
2722 4681 2866 4734 enim
2891 4680 3056 4735 frater
3078 4680 3308 4744 Domini,
3333 4681 3420 4748 qui
3444 4680 3524 4752 (4)

1932 4784 2119 4829 auctor
2145 4783 2228 4829 est
2253 4773 2318 4827 ad
2339 4773 2785 4844 Symmachianos
2805 4771 2910 4845 (5),
2932 4772 3138 4842 primus
3167 4773 3307 4842 apud
3332 4773 3525 4828 Hiero-

1936 4867 2200 4939 solymam
2230 4866 2331 4921 sibi
2363 4866 2465 4920 hoc
2490 4865 2878 4921 adsumendum
2913 4866 3139 4936 putavit,
3172 4868 3245 4921 uti
3267 4876 3321 4922 et
3365 4866 3522 4923 Chri-

2032 5044 2084 5116 1)
2115 5044 2273 5116 Vulg.
2304 5041 2654 5116 §ubtrnhebat
2677 5051 2723 5116 et
2749 5044 3041 5116 segregabat
3075 5061 3146 5110 se,
3178 5047 3390 5112 timens,
3417 5058 3522 5104 etc.

2029 5113 2086 5186 ‘2)
2120 5115 2272 5184 Vulg.
2297 5113 2364 5186 Et
2389 5113 2702 5186 simulationi
2729 5118 2838 5186 ejus
2857 5113 3218 5171 consenserunt
3237 5121 3404 5172 caueri
3428 5119 3527 5173 Ju-

1931 5183 2050 5253 dazi,
2068 5183 2150 5242 ita
2177 5183 2244 5240 uti
2259 5195 2307 5241 et
2327 5183 2592 5239 Barnabas
2627 5183 2896 5240 duceretur
2919 5188 2980 5241 ab
3006 5188 3075 5244 eis
3111 5190 3164 5244 in
3192 5190 3335 5244 illam
3369 5193 3527 5246 sintu-

1931 5259 2190 5315 lationem.

2031 5327 2088 5398 5)
2119 5327 2289 5383 Codd.
2315 5339 2420 5398 'pro
2445 5327 2644 5393 aliquid
2667 5326 2827 5385 habet
2853 5330 2924 5384 ad
2947 5331 3122 5386 vitam.

2034 5400 2089 5468 4)
2117 5400 2284 5453 Codd.
2317 5400 2454 5468 quia.

2031 5330 2089 5470 ὅ)
2119 5330 2289 5383 Codd.
2315 5339 2420 5398 'pro
2445 5330 2644 5393 aliquid
2667 5330 2827 5385 habet
2853 5330 2924 5384 ad
2947 5331 3122 5386 vitam.

2034 5403 2063 5455 4
2117 5400 2284 5453 Codd.
2317 5400 2454 5468 quia.

2009 5330 2374 5546 i5)_lta_codd.
2404 5470 2676 5546 Egn_vero
2724 5472 2905 5546 malim
2951 5484 3128 5546 auctor
3155 5481 3229 5526 est
3276 5471 3522 5544 summa.

1942 5541 2158 5598 cltianis.
2190 5543 2356 5598 Porro
2386 5558 2490 5596 non
2509 5541 2748 5613 Jacobus
2775 5542 3023 5597 haeresim
3054 5541 3523 5613 Symmachianam

1946 5614 2172 5686 peperit,
2203 5613 2296 5667 sed
2324 5628 2448 5670 eum
2475 5611 2579 5669 sibi
2607 5613 3002 5685 Symmachiani
3027 5611 3300 5670 auctorem
3322 5620 3522 5675 calum.

1944 5689 2097 5743 niose
2121 5695 2549 5756 assumpserunt.

2933 5773 3012 5835 37
