4018 6184
619 244 760 303 1165

1937 226 2131 288 MAR“
2158 224 2506 285 VICTORINI
2536 221 2697 283 AFRI
3687 222 3775 282 illi

614 364 756 412 stum
803 351 1138 424 praedicaret,
1171 359 1225 407 et
1256 350 1463 407 viveret
1494 356 1551 404 ιιι
1578 342 1769 414 Judxi,
1795 343 1972 399 omnia
2007 341 2208 397 faciens
2237 339 2281 401 A
2313 338 2465 393 bant.
2495 336 2611 393 Hoc
2632 348 2763 409 ergo
2796 349 2919 392 cum
2949 333 3214 400 viderem,
3238 332 3347 392 dixi
3370 332 3511 392 Petro
3540 348 3681 394 coram
3707 354 3783 396 οιιι-

617 465 737 521 quze
779 447 1088 504 Iudaeorum
1118 448 1205 502 lex
1246 442 1510 515 praecipit,
1560 441 1611 497 id
1637 451 1719 496 est
1746 455 1866 510 qum
1896 437 2002 494 sibi
2042 436 2213 493 Judaei

614 539 952 599 observanda
1005 539 1410 595 intellexerunt.
1454 535 1537 591 Ab
1577 532 1778 590 Jacobo
1823 545 1951 603 ergo
1994 527 2213 601 quidam

613 649 737 691 cum
764 633 1045 690 venissent
1073 632 1138 688 ad
1167 631 1421 697 Petrum;
1452 626 1680 695 veritus,
1711 623 1905 696 inquit,
1934 630 1987 679 et
2019 622 2214 677 timens

612 725 882 783 subtraxit
908 742 966 783 se
997 742 1064 781 ne
1090 740 1212 781 cum
1238 723 1488 795 gentibus
1518 722 1724 777 ederet.
1755 718 1862 775 Sed
1893 717 1997 773 hoc
2020 728 2211 785 repre-

616 821 805 879 uendit
853 820 996 892 quod
1039 830 1195 876 antea
1247 834 1369 874 cum
1426 813 1678 887 gentibus
1728 809 1944 875 edebat,
1990 817 2043 863 et
2073 818 2216 862 nunc

622 914 885 972 subtraxit
932 930 1021 980 se,
1040 913 1237 968 timens
1277 922 1371 964 eos
1396 906 1484 977 qui
1506 912 1659 960 erant
1687 917 1750 958 es
1785 898 2211 961 circumcisione,

619 1009 673 1066 id
703 1018 787 1065 est
812 1006 1060 1065 homines
1080 1003 1147 1059 ab
1176 1002 1380 1059 Jacobo
1412 997 1713 1054 venientes.

689 1105 863 1174 Atque
905 1099 958 1155 id
1002 1113 1191 1169 parum
1222 1103 1308 1152 est
1348 1090 1489 1164 quod
1530 1090 1646 1161 ipse
1669 1086 1929 1151 faciebat;
1971 1082 2098 1139 inde
2133 1080 2210 1174 (Ξ)

616 1171 871 1265 magnum
924 1196 1226 1261 peccatum,
1263 1183 1406 1256 quod
1433 1182 1524 1236 alii
1566 1180 1643 1234 illi
1683 1176 2114 1234 consentiebant.
2149 1171 2217 1228 Et

616 1292 982 1343 consenserunt
1008 1296 1125 1337 cum
1143 1280 1233 1335 illo
1274 1288 1321 1333 et
1359 1277 1526 1332 caeteri
1554 1272 1749 1329 Judaei.
1777 1272 1867 1328 Sic
1891 1268 2216 1340 accipiamus

537 1426 546 1433 .
582 1422 587 1425 .
618 1380 709 1436 hic
732 1378 949 1435 Judaeos
987 1374 1075 1446 qui
1104 1374 1215 1444 jam
1260 1379 1437 1426 tamen
1475 1365 1746 1444 Christum
1779 1367 2120 1433 acceperant,
2159 1368 2219 1414 ut
2266 1418 2271 1423 ,

615 1469 982 1529 consentirent
1014 1466 1110 1531 illi,
1136 1473 1190 1520 et
1208 1463 1481 1519 Christum
1504 1458 1848 1529 accipientes,
1874 1464 1927 1512 et
1947 1452 2216 1523 judaicam

616 1561 951 1630 disciplinam
981 1567 1035 1614 et
1064 1553 1497 1617 observantiam;
1528 1550 1634 1605 nisi
1666 1548 1814 1605 enim
1847 1546 1952 1602 hoc
1978 1544 2215 1614 accipia-

614 1670 759 1721 mus,
790 1642 917 1724 quid
948 1651 1073 1716 erit,
1106 1652 1473 1703 consenserunt
1503 1641 1605 1708 illi,
1637 1641 1684 1695 si
1715 1638 1794 1694 illi
1832 1652 1931 1694 suo
1961 1649 2112 1691 more
2143 1633 2218 1688 vi-

2315 432 2474 488 nibus
2505 449 2517 486 :
2554 431 2605 487 id
2629 439 2712 488 est
2739 429 2884 502 quod
2906 445 3072 502 supra
3094 428 3249 486 dixit
3289 431 3340 485 in
3382 427 3546 485 faciem
3565 431 3723 497 restiti;
3749 442 3785 489 et

2315 533 2501 595 aperte
2519 522 2653 590 dixi,
2676 531 2733 579 et
2757 537 2941 580 coram
2973 522 3226 578 omnibus
3252 520 3358 577 dixi
3382 538 3395 575 :
3422 521 3462 577 si
3487 530 3539 577 tu
3551 538 3647 578 cum
3661 523 3713 578 sis
3734 524 3788 593 in.

2315 613 2464 671 dorus
2502 613 2781 686 gentiliter
2815 613 2971 678 vivis,
3013 611 3282 684 quomodo
3320 624 3494 684 gentes
3530 613 3648 684 cogis
3677 612 3789 683 iudai-

2315 706 2484 763 zare?
2526 694 2721 777 Utique
2753 705 3024 763 intellexit
3066 705 3227 761 etiam
3263 700 3451 760 Paulus
3471 696 3650 759 Petrum
3679 702 3792 760 sium-

2315 799 2459 856 lasse
2481 808 2703 871 propter
2739 808 2965 866 metum,
2998 807 3058 853 ut
3086 814 3191 854 non
3234 813 3354 853 cum
3386 795 3605 868 gentibus
3636 795 3794 853 viveret.

2315 889 2501 962 Itaque
2539 907 2645 946 non
2686 890 2791 946 hoc
2821 891 2893 947 illi
2924 890 3150 961 objicit;
3183 890 3306 961 quia
3334 887 3504 944 dicere
3541 894 3707 960 poterat
3724 889 3794 956 ille,

2316 982 2587 1039 simulavi.
2628 982 2768 1050 Quid
2798 974 2965 1053 igitur
2990 978 3185 1053 obiecit
3213 979 3333 1036 illi?
3373 978 3533 1036 vixisti
3566 995 3664 1036 cum
3684 981 3799 1052 genti

2314 1072 2442 1144 bus,
2469 1086 2524 1133 et
2549 1076 2686 1133 vivis
2705 1092 2827 1132 cum
2860 1075 3112 1148 gentibus
3145 1088 3159 1128 :
3191 1075 3237 1130 si
3267 1074 3407 1130 enim
3435 1071 3497 1128 ad
3520 1081 3692 1145 tempus
3710 1091 3796 1131 coa-

2316 1170 2629 1226 sensionem
2680 1168 2868 1235 habes,
2917 1168 3038 1224 sine
3067 1167 3231 1223 dubio
3270 1165 3529 1238 gentiliter
3559 1167 3802 1238 viviszquo-

2320 1264 2467 1320 niam
2496 1262 2773 1319 simulatio
2815 1261 3018 1332 decipit
3048 1259 3270 1324 multos,
3298 1270 3481 1330 peccas
3525 1275 3537 1312 :
3574 1262 3692 1329 cogis
3711 1259 3800 1314 enim

2318 1365 2507 1429 gentes
2524 1354 2824 1426 judaizare.
2854 1354 2930 1409 lta
2970 1361 3026 1408 et
3070 1350 3399 1409 intellexisse
3421 1350 3628 1406 ostendit
3647 1365 3801 1407 consen-

2320 1452 2456 1508 sisse
2476 1451 2694 1507 Petrum
2715 1449 2941 1518 Judaeis,
2969 1447 3063 1506 sed
3084 1439 3425 1505 simulatione
3443 1462 3458 1513 ;
3479 1456 3530 1503 et
3546 1454 3691 1503 tamen
3711 1447 3802 1501 illum

2322 1561 2569 1617 peccare,
2603 1544 2775 1617 primo
2801 1543 2928 1615 quia
2969 1543 3142 1599 timuit
3163 1556 3259 1600 eos
3282 1543 3372 1614 qui
3403 1549 3658 1607 venerant;
3680 1539 3805 1598 deinde

2323 1640 2446 1710 quia
2470 1638 2652 1694 caueri
2679 1637 3005 1697 fallebantur
3027 1644 3082 1693 et
3117 1636 3449 1708 cogebantur
3472 1633 3718 1705 judaizare,
3740 1648 3803 1689 non

614 1718 1129 1803 ventes-secundum
1152 1737 1422 1808 judaicam
1444 1731 1791 1802 disciplinam
1824 1728 2082 1800 agerent?
2108 1724 2217 1781 Sed
2246 1718 2294 1784 B
2323 1731 2688 1803 intelligentes
2736 1729 2892 1786 illum
2940 1729 3221 1785 simulare.
3270 1727 3383 1784 Hoc
3421 1740 3540 1799 ergo
3574 1724 3751 1797 colligit.
3774 1733 3805 1781 et

613 1840 703 1911 qni
746 1840 856 1908 jam
895 1831 1231 1902 evangelium
1279 1832 1635 1900 perceperant
1662 1820 1879 1876 Christo
1917 1815 2210 1883 credendo,

614 1928 1069 2005 Quemadmodum
1114 1935 1170 1980 et
1213 1923 1327 1994 ipse
1373 1922 1520 1992 prius
1562 1932 1684 1973 cum
1715 1914 1965 1987 gentibus
1994 1911 2209 1980 edebat,

614 2036 799 2101 postea
832 2023 924 2079 illo
961 2018 1317 2077 subtrahente
1354 2029 1436 2079 se,
1468 2021 1522 2069 et
1551 2012 1776 2067 timente
1802 2023 1896 2064 eos
1924 2006 2015 2079 qui
2045 2018 2210 2061 vene-

612 2096 824 2176 rantab
866 2110 1068 2171 Iacobo
1109 2110 1267 2184 (quos
1304 2105 1527 2163 timebat
1570 2102 1779 2159 scilicet
1814 2117 1880 2157 ex
1927 2096 2212 2156 circumci-

611 2215 765 2270 sione
792 2208 959 2279 viros)
979 2208 1051 2262 ita
1078 2205 1261 2261 caeteri
1282 2204 1694 2265 consenserunt,
1721 2206 1910 2252 utnon
1933 2208 2056 2250 cum
2082 2207 2214 2263 geu-

612 2298 756 2364 tibus
801 2303 1066 2365 viverent,
1099 2294 1194 2353 sed
1249 2312 1372 2352 cum
1418 2289 1854 2356 circumcisione,
1896 2287 1947 2344 id
1978 2296 2060 2343 est
2088 2300 2211 2342 cum

607 2392 812 2457 Judaeis
832 2405 887 2451 et
915 2393 1017 2464 ipsi
1047 2390 1137 2461 qui
1167 2385 1341 2446 Judaei
1370 2395 1525 2442 erant
1568 2394 1747 2440 antea.
1792 2381 1881 2437 Ita
1906 2390 1962 2435 ut
1995 2386 2043 2434 et
2080 2376 2215 2433 Bura

612 2490 773 2547 nabas
802 2486 1109 2544 consentiret
1132 2482 1450 2538 simulationi
1476 2494 1673 2534 eorum.
1710 2476 1812 2542 Ita,
1842 2475 2041 2544 inquit,
2072 2468 2213 2528 male

612 2580 1003 2638 simulaverant
1031 2590 1153 2631 cum
1182 2572 1383 2629 Judaeis
1412 2572 1627 2636 vivere,
1673 2566 1910 2623 dimissis
1938 2562 2210 2635 gentibus,

610 2681 672 2730 ut
699 2670 974 2728 Barnabas
1002 2665 1333 2724 consentiret
1358 2663 1465 2719 illis
1497 2679 1512 2717 :
1542 2660 1611 2718 de
1655 2675 1762 2731 quo
1803 2673 1966 2731 supra
2012 2656 2212 2713 dictum

612 2763 758 2837 quod
786 2763 964 2818 socius
993 2760 1066 2816 sit
1113 2757 1285 2823 Pauli,
1319 2767 1374 2812 et
1411 2750 1748 2824 evangelium
1777 2755 1987 2822 integre
2017 2758 2162 2806 tenet
2194 2765 2209 2803 :

611 2858 887 2916 consensit
925 2864 1106 2911 tamen
1153 2851 1281 2920 illis,
1314 2861 1369 2907 ct
1414 2850 1628 2906 illorum
1677 2846 2027 2903 simulationi.
2072 2840 2214 2913 Quid

612 2950 776 3022 igitur
809 2947 1161 3019 intelligimus
1182 2942 1623 2999 simulationem?
1655 2940 1787 2996 Nam
1809 2940 1970 2996 etiam
1993 2936 2211 3003 Petrus,

609 3054 667 3103 et
693 3038 966 3100 Barnabas
995 3049 1051 3097 et
1096 3040 1277 3096 czeteri
1306 3036 1477 3093 Judaei
1509 3050 1635 3091 vere
1672 3035 1997 3091 transierant
2028 3033 2081 3088 in
2110 3030 2214 3088 hoc

2317 1823 2524 1881 dixisse
2574 1830 2841 1878 memorat
2868 1836 2883 1875 :
2911 1822 2957 1877 si
2980 1822 3061 1892 (l)
3092 1830 3170 1888 tu,
3202 1819 3380 1888 Petre,
3425 1833 3541 1875 cum
3582 1818 3644 1873 sis
3663 1816 3804 1873 ludas

2318 1914 2593 1987 gentiliter
2617 1913 2773 1980 vivis,
2808 1913 2861 1968 id
2884 1923 2966 1969 est
2997 1928 3121 1969 cum
3168 1912 3421 1984 gentibus
3456 1911 3595 1979 vivis,
3625 1910 3806 1981 quomodo

2316 2007 2463 2078 ipsas
2492 2015 2683 2079 Gentes
2712 2004 2862 2078 cogis
2902 2005 3215 2078 judaizare?
3243 2006 3294 2062 id
3330 2012 3415 2061 est
3452 2004 3682 2076 judaicam

2315 2100 2515 2172 plinam
2546 2114 2705 2170 agere
2731 2109 2785 2154 et
2807 2099 2859 2154 in
2890 2098 3027 2155 cibis
3056 2107 3112 2154 et
3142 2099 3195 2154 in
3225 2094 3696 2155 observationibus?

2388 2191 2556 2250 Vsus.
2591 2191 2682 2248 15.
2725 2219 2797 2241 —.-
2829 2190 2943 2246 Nos
2979 2202 3169 2246 natura
3209 2186 3407 2258 Judaei,
3447 2200 3492 2246 et
3526 2205 3613 2245 non
3645 2188 3809 2259 regenti-

2316 2285 2430 2351 bus,
2454 2293 2777 2356 peccatores;
2802 2284 3012 2339 scientes
3044 2280 3165 2355 quia
3186 2298 3288 2338 non
3318 2282 3621 2356 justiﬁcatur
3646 2281 3755 2335 homo
3775 2294 3810 2333 α

2316 2376 2554 2448 aperibus
2600 2374 2748 2447 legis,
2783 2375 2885 2430 nisi
2924 2392 3013 2446 per
3050 2374 3207 2445 ﬁdem
3244 2366 3436 2431 Christi
3467 2372 3583 2429 Iesu
3608 2370 3808 2428 ποιηθείη

2318 2471 2523 2528 Christo
2550 2471 2677 2528 Iesu
2723 2472 3001 2541 credimus,
3043 2481 3099 2526 ut
3127 2472 3483 2543 justiﬁcemur
3520 2486 3577 2525 ea:
3608 2464 3759 2540 ﬁdem
3784 2474 3810 2518 rt

2316 2581 2419 2621 non
2440 2583 2503 2621 ea:
2528 2566 2764 2639 aperibus
2804 2564 2930 2638 legis
2960 2581 2979 2620 :
3005 2565 3247 2639 quoniam
3268 2581 3331 2620 ea:
3373 2563 3593 2637 operibus
3622 2578 3699 2616 non
3711 2558 3811 2632 justi-

2316 2657 2504 2728 ﬁcatur
2523 2658 2688 2713 omnis
2710 2674 2829 2713 caro
2851 2654 2956 2729 (5).
2980 2655 3172 2712 Adhuc
3201 2671 3265 2729 pa
3275 2670 3328 2712 rs
3359 2655 3606 2713 orationis
3623 2661 3689 2709 est
3708 2648 3811 2722 ipsius

2316 2748 2467 2805 Pauli
2520 2751 2825 2805 accusantis
2857 2746 3076 2804 Petrum
3105 2758 3160 2804 et
3197 2749 3263 2804 ad
3307 2761 3439 2805 eum
3469 2743 3698 2818 loquentis
3723 2739 3811 2813 quod
3884 2800 3885 2803 η

2316 2859 2425 2900 non
2450 2853 2598 2899 recte
2621 2842 2903 2915 judaismo
2919 2842 3275 2908 consentiret,
3298 2850 3361 2899 et
3385 2844 3463 2899 sic
3490 2840 3721 2898 induceret
3735 2849 3813 2907 gen

2318 2940 2400 2995 tes
2441 2937 2742 3009 judaizarc.
2773 2936 2904 3005 Nos,
2948 2936 3141 3008 inquit,
3170 2934 3371 3002 Iudici,
3403 2936 3455 2992 id
3489 2947 3587 3001 est,
3613 2937 3810 3004 egoetw.

2319 3030 2503 3098 Petre,
2537 3040 2591 3087 et
2613 3033 2795 3087 caeteri
2827 3030 2916 3101 qui
2946 3038 3264 3100 peccatores
3284 3035 3476 3085 sunius
3496 3024 3691 3101 (4),non
3704 3031 3814 3078 tamen

611 3145 671 3192 ut
698 3146 751 3193 et
770 3134 981 3207 judaica
1004 3131 1284 3202 disciplina
1312 3130 1477 3185 vitam
1507 3136 1750 3198 agerent,
1784 3126 1880 3182 sed
1906 3123 1972 3181 ad
2000 3134 2211 3195 tempus
2237 3116 2283 3182 C
2316 3137 2380 3177 ex
2420 3122 2694 3192 gentibus,
2744 3119 2839 3177 sed
2882 3120 3043 3191 jndzei
3076 3135 3285 3185 sumus,
3316 3134 3516 3192 nempe
3556 3120 3602 3174 in
3626 3113 3813 3171 Chrismm

611 3239 836 3301 propter
865 3233 1185 3298 praesentes,
1215 3231 1270 3278 et
1296 3219 1616 3277 simularent
1645 3237 1658 3274 :
1689 3229 1743 3274 et
1763 3217 1986 3283 idcirco,
2017 3215 2211 3287 inquit,

615 3332 669 3379 et
698 3320 970 3377 Barnabas
1015 3316 1293 3373 consensit
1340 3329 1528 3370 eorum
1560 3312 1914 3369 simulationi.
1966 3309 2043 3365 Ita
2072 3309 2214 3364 acci-

614 3414 865 3487 piendum
900 3430 913 3466 :
948 3427 1069 3468 nam
1108 3424 1285 3480 neque
1309 3408 1506 3464 Petrus
1554 3421 1727 3476 neque
1756 3404 1938 3459 caeteri
1984 3403 2214 3458 transie-

611 3518 733 3565 rant
755 3507 819 3563 ad
847 3506 1117 3578 judaicam
1145 3492 1503 3571 disciplinam,
1532 3498 1627 3554 sed
1655 3496 1723 3553 ad
1748 3505 1961 3566 tempus
1983 3509 2214 3552 consen-

613 3608 827 3667 serant;
857 3596 997 3671 quod
1026 3596 1248 3669 quidem
1284 3592 1571 3665 aliquoties
1612 3590 1670 3645 ﬁt
1694 3589 1946 3645 simulata
1976 3603 2212 3644 conserte

614 3698 767 3753 sione
822 3714 835 3750 :
898 3700 1267 3748 verumtamen
1325 3686 1466 3749 unde
1513 3682 1775 3756 peccabat
1816 3680 2048 3738 Petrus?
2089 3681 2213 3753 quia

617 3803 726 3845 non
775 3785 866 3842 ille
893 3781 971 3856 (Ξ)
1007 3783 1073 3839 ad
1106 3781 1440 3838 inducendos
1481 3778 1700 3835 Judazos
1726 3778 1827 3832 ista
1872 3776 2121 3839 ﬁnxerat,
2157 3782 2216 3829 ut

617 3877 947 3938 consentiret
978 3874 1114 3940 illis;
1142 3872 1283 3943 quod
1316 3872 1440 3928 fecit
1469 3873 1583 3941 ipse
1608 3869 1828 3935 Paulus,
1856 3877 1911 3924 et
1934 3867 2125 3925 fecisse
2154 3881 2215 3923 se

616 3973 899 4045 gloriatur,
934 3979 990 4023 ut
1030 3968 1362 4022 consentiret
1400 3962 1622 4031 Jndzris,
1664 3961 1761 4018 sed
1790 3972 1848 4017 ut
1879 3960 2001 4015 illos
2054 3959 2215 4015 lucri-

618 4065 818 4123 facerel
849 4081 862 4118 :
896 4062 991 4119 sed
1017 4060 1166 4133 quod
1187 4059 1379 4115 Petrus
1401 4055 1479 4129 (ὅ)
1501 4056 1766 4111 simulavit
1796 4055 2037 4127 quidem,
2067 4052 2119 4109 in
2148 4070 2215 4110 eo

620 4170 798 4214 tamen
827 4155 1090 4228 peccavit,
1121 4152 1264 4224 quod
1303 4149 1655 4205 subtrahebat
1683 4163 1740 4203 se
1771 4148 1966 4203 timens
1994 4164 2092 4203 eos
2123 4147 2213 4217 qui

621 4254 777 4308 erant
806 4265 870 4304 ex
900 4245 1332 4304 circumcisione.
1366 4244 1595 4313 Propter
1625 4243 1871 4297 timorem
1905 4241 2066 4312 igitur
2091 4254 2217 4296 cum

621 4345 901 4402 simularet
944 4356 1111 4412 seque
1149 4340 1446 4395 abstineret
1471 4353 1500 4391 a
1532 4336 1802 4408 gentibus,
1842 4336 1943 4407 ipsi
1992 4336 2217 4392 simula-

623 4439 755 4495 tioni
805 4448 861 4493 et
911 4433 1182 4490 Barnabas
1230 4432 1581 4497 consentiret,
1636 4428 1860 4495 idcirco,
1889 4429 2083 4498 inquit,
2113 4441 2253 4501 ego.

2319 3213 2478 3270 ﬁdem
2510 3215 2794 3282 sumimus,
2828 3228 2932 3285 qna
2961 3213 3147 3285 utique
3174 3213 3394 3271 ratione
3438 3227 3554 3269 cum
3575 3208 3815 3283 judziesse

2318 3322 2476 3376 mus;
2510 3307 2717 3363 scilicet
2749 3308 2874 3377 quia
2923 3307 3125 3362 scimus
3171 3321 3281 3362 non
3313 3305 3593 3376 iustiﬁcari
3632 3297 3814 3357 hominem
3884 3322 3885 3377 ἶ

2316 3414 2382 3456 ex
2428 3401 2681 3471 oneribus
2711 3400 2866 3471 legis,
2893 3399 2986 3456 sed
3008 3398 3292 3472 jnstiﬂcari
3337 3414 3439 3471 per
3466 3398 3631 3463 iidem,
3656 3403 3700 3451 et
3719 3389 3815 3447 iidem

2316 3491 2446 3547 Jesn
2473 3490 2708 3557 Christi;
2738 3505 2860 3546 cum
2914 3490 3015 3546 hoc
3056 3490 3220 3562 igitur
3259 3490 3546 3556 sciremus,
3573 3503 3669 3553 nos,
3695 3480 3814 3551 inquit.
3884 3534 3885 3541 η

2318 3585 2371 3640 ἰιι
2402 3582 2619 3640 Christo
2645 3583 2774 3640 Jesu
2803 3583 3153 3650 credidimus,
3197 3592 3253 3641 et
3278 3583 3553 3648 credimus,
3576 3590 3626 3636 ut
3646 3575 3816 3653 justiﬁe-

2318 3692 2434 3732 mur
2464 3692 2527 3733 ex
2566 3676 2690 3747 ﬁde,
2738 3693 2839 3732 non
2860 3693 2922 3732 ea:
2959 3677 3198 3747 operibus
3226 3679 3395 3750 legis;
3421 3678 3541 3748 quia
3572 3689 3628 3729 ea:
3661 3669 3817 3742 operi“!
3884 3692 3885 3750 ξ

2320 3770 2467 3841 legis,
2500 3787 2601 3825 non
2625 3772 2948 3845 justiﬁcatur
2976 3774 3141 3825 omnis
3165 3788 3301 3839 caro,
3332 3772 3389 3828 id
3425 3780 3507 3828 est
3533 3764 3672 3824 homo
3695 3762 3758 3833 qui
3787 3758 3817 3812 in

2318 3878 2484 3921 carne
2512 3874 2613 3919 est.
2648 3864 2788 3933 Ergo
2814 3863 2857 3918 si
2890 3861 2993 3919 hoc
3016 3865 3250 3919 scientes
3277 3863 3600 3919 credidimus
3625 3872 3703 3930 per
3722 3851 3817 3909 ﬁdem

2314 3955 2754 4025 iustiﬁcationem
2799 3953 2943 4020 lteri,
2980 3955 3164 4026 utique
3193 3969 3461 4027 erramus,
3490 3953 3540 4011 si
3566 3965 3688 4009 nunc
3712 3942 3819 4014 adin-

2320 4049 2586 4104 daismum
2628 4048 2883 4117 redimus,
2916 4064 2984 4105 ex
3030 4056 3137 4120 quo
3188 4050 3556 4117 transivimus,
3607 4056 3655 4102 ut
3693 4050 3819 4099 none!

2321 4142 2576 4211 Operibus
2609 4139 2967 4212 justilicemur
2997 4140 3093 4197 sed
3132 4156 3198 4198 ex
3234 4141 3364 4210 ﬁde,
3399 4152 3454 4199 et
3504 4141 3601 4198 (ide
3642 4140 3685 4193 in
3722 4132 3818 4189 Chri-

2319 4241 2464 4288 stum
2496 4251 2511 4287 :
2540 4232 2656 4303 ipsa
2684 4233 2825 4289 enim
2866 4234 2999 4290 lides
3033 4235 3146 4291 sola
3181 4233 3258 4307 (5)
3281 4236 3699 4308 justiticationem
3717 4228 3821 4284 ιιιιεί

2320 4324 2827 4382 sanetillcationem.
2870 4325 2948 4382 Ita
2974 4327 3228 4399 quaelibet
3269 4343 3421 4398 caro,
3453 4331 3563 4387 sive
3583 4322 3736 4400 iudci,
3755 4316 3820 4374 sit?

622 4542 805 4605 aperte
830 4528 1023 4595 restiti,
1060 4536 1113 4582 et
1134 4539 1254 4581 eum
1281 4522 1551 4588 accusavi,
1582 4536 1689 4577 non
1718 4528 1866 4576 recte
1896 4529 2118 4591 propter
2145 4519 2214 4574 ti-

2401 4534 2480 4608 (ι)
2504 4533 2679 4608 Codd.
2700 4553 2859 4607 quare
2881 4552 2977 4607 pro
3002 4539 3066 4608 si.

624 4642 830 4685 morem
863 4623 1012 4680 illum
1044 4622 1114 4676 ita
1145 4618 1453 4674 simulasse.

699 4710 900 4778 Deinde
955 4720 1034 4772 sic
1062 4711 1426 4782 subsequitur,
1461 4706 1626 4762 Vsus.
1680 4706 1749 4760 M
1779 4721 1793 4758 :
1823 4734 1896 4746 —
1922 4703 2051 4759 ‘Sed
2106 4708 2222 4759 cuni

624 4816 858 4872 uidissem
880 4811 1121 4884 quoniam
1141 4825 1242 4862 non
1272 4814 1403 4860 recte
1444 4801 1800 4874 ingrediuntur
1822 4797 1899 4873 (4)
1937 4799 2006 4854 ad
2035 4799 2222 4854 verita-

627 4914 723 4967 lem
746 4904 1013 4978 evangelii.
1037 4898 1320 4958 Tenebaut
1341 4895 1555 4969 quidem
1578 4894 1913 4965 evangelium
1938 4904 1991 4948 et
2015 4893 2220 4975 integre

625 4999 904 5063 tenebant,
929 5008 981 5052 et
1019 4992 1388 5061 intelligebant
1415 5004 1522 5043 non
1555 4988 1623 5041 ita
1657 4985 1943 5041 vivendum
1965 4983 2219 5055 quemad-

632 5094 850 5150 modum
873 5090 1059 5145 vivunt
1088 5100 1151 5141 ex
1174 5082 1623 5139 circumcisione:
1657 5077 1750 5133 sed
1773 5076 2027 5148 quoniam
2052 5074 2223 5130 simu-

628 5187 834 5247 labant,
860 5181 1061 5237 idcirco
1090 5177 1230 5232 male
1256 5172 1597 5245 evangelium
1626 5179 1681 5227 et
1701 5168 2220 5241 interpretabantur,

630 5293 685 5339 et
712 5282 850 5337 male
878 5277 942 5332 ad
979 5274 1259 5328 veritatem
1296 5265 1560 5338 evangelii
1595 5279 1701 5319 non
1732 5273 1881 5319 recta
1913 5264 1990 5318 via
2028 5270 2222 5334 perge-

714 5404 987 5478 (1)90dd.
1020 5402 1174 5478 unde.

706 5461 789 5547 (εἰ)
809 5476 979 5531 Codd.
1012 5476 1146 5528 unde
1170 5466 1379 5535 aliquod
1407 5481 1509 5520 non
1530 5464 1598 5517 ad
1623 5461 1938 5517 inducendos
1961 5463 2099 5528 illos,
2128 5477 2226 5534 pro

628 5553 749 5620 quia
774 5565 873 5620 non
896 5547 1004 5620 ille.

729 5622 786 5679 3)
816 5618 948 5673 Cod.
975 5618 1027 5671 in
1057 5614 1227 5669 Petro.

729 5622 786 5679 3)
816 5622 948 5673 Cod.
975 5622 1027 5671 in
1057 5622 1227 5669 Petro.

705 5622 788 5763 it)
821 5687 977 5757 Vulg.
1014 5706 1025 5741 :
1057 5685 1163 5742 Sed
1197 5697 1313 5739 cum
1334 5680 1573 5736 vidissem
1599 5678 1737 5750 quod
1761 5694 1865 5734 non
1886 5684 2022 5735 recte
2044 5673 2222 5732 ambu-

635 5766 820 5830 larent,
852 5766 940 5816 etc

2397 4606 2483 4679 (2)
2511 4607 2669 4680 Vulg.
2701 4606 2916 4663 suam:
2949 4606 3158 4665 Christi.

2396 4698 2475 4775 (ὅ)
2512 4699 2666 4772 Vuls-
2700 4718 2713 4754 =
2747 4710 2956 4771 propter
2979 4702 3117 4774 quod
3142 4717 3205 4758 ea:
3227 4703 3466 4773 operibus
3495 4701 3613 4775 legis
3631 4713 3714 4755 nos
3728 4686 3824 4768 iuti-

2323 4772 2559 4841 ﬁcabitur
2583 4774 2750 4826 omnis
2773 4780 2916 4828 caro.

2396 4862 2477 4945 (4)
2502 4863 2746 4919 Notabile
2781 4865 3006 4929 dictum,
3035 4865 3177 4935 quod
3217 4866 3555 4945 demonstrat
3580 4858 3823 4945 Victoria!!!

2326 4939 2574 5007 posuisse
2637 4951 2846 4989 comma
2903 4946 3027 4991 ante
3064 4949 3353 5007 peccatores
3404 4939 3460 4993 in
3522 4945 3658 4993 textu
3698 4939 3825 5007 sum:

2325 4997 2528 5090 scripto
2559 5006 2729 5073 Pauli,
2770 5021 2934 5090 secus
2963 5022 3027 5063 ac
3054 4997 3138 5065 ést
3165 5011 3217 5063 in
3270 5010 3482 5081 vulgata
3512 4997 3825 5070 editione-ubi

2327 5088 2612 5148 peccatores
2640 5088 2859 5148 resptctt
2875 5088 3065 5150 gentes.

2401 5170 2479 5243 (5)
2516 5172 2587 5226 lta
2621 5172 2828 5227 locutos
2858 5171 2993 5245 alios
3013 5188 3225 5242 queque
3254 5184 3432 5245 patres
3459 5173 3651 5244 aliquot
3673 5167 3823 5245 scimus.

2366 5241 2730 5317 t_i‘os_receuset
2758 5243 3097 5317 explicatque
3122 5241 3483 5317 ,Bellarminus
3526 5241 3613 5300 lib.
3653 5241 3726 5294 cit.
3749 5246 3823 5301 call-

2369 5312 2423 5369 5.
2460 5315 2568 5387 Ego
2599 5328 2729 5369 vero
2760 5313 2885 5371 nolo
2929 5312 3073 5387 utine
3117 5316 3323 5386 ingredi
3354 5319 3572 5387 pelagus
3597 5319 3826 5387 contrary

2331 5388 2425 5440 si:e
2455 5376 2527 5440 de
2544 5386 2945 5456 justilicatione.
2981 5386 3120 5443 Ecce
3164 5376 3522 5445 t‘atnen'sacé'r
3546 5384 3743 5456 lacubus
3760 5376 3823 5453 Ειτ
3884 5418 3885 5439 ι

2329 5471 2448 5530 cap.
2481 5452 2560 5511 1ιῖ
2587 5457 2847 5530 Abraham
2871 5467 3013 5527 pater
3043 5468 3212 5513 noster
3236 5477 3400 5514 nonne
3425 5452 3825 5530 exaperibusjlﬂt‘
3884 5456 3885 5471 ‘

2328 5526 2512 5602 ﬁcattts
2524 5539 2611 5602 gest
2633 5528 2851 5595 oierens
2871 5526 3035 5602 [illum
3055 5547 3205 5584 suum
3225 5548 3377 5602 super
3394 5526 3594 5586 altare?
3616 5526 3728 5581 vida
3744 5535 3824 5602 πεί

2328 5589 2469 5675 uiam
2499 5599 2626 5668 ﬁdes
2655 5589 3022 5675 c'oapera'batur
3041 5589 3438 5675 agaibm'ejus.
3482 5610 3620 5675 etes
3658 5589 3823 5675 ορςῦξ

2328 5671 2455 5738 ﬁdes
2472 5664 2821 5748 consummata
2849 5672 2962 5726 est?
2986 5687 3057 5716 —-‘-
3076 5664 3707 5748 Emoperiiusjuslim
3724 5664 3822 5719 δαν

2326 5754 2373 5798 et
2401 5758 2502 5798 non
2529 5758 2593 5798 ea:
2615 5742 2719 5813 ﬁde
2743 5752 2958 5798 tantum.
