4018 6184
306 274 443 336 1165

1168 278 1234 337 ΙΝ
1273 280 1659 340 EPISTOLAM
1699 270 1901 336 PAULI
1944 273 2399 339 AD‘GALATAS
2419 283 2625 340 LIBER
2662 284 2704 340 Ι.

298 407 365 447 ex
393 391 865 464 gentibus,nonex
883 394 1347 467 operibus,neque
1363 394 1744 452 observatione
1761 396 1896 466 legis
1921 396 1970 455 Λ
2000 407 2117 462 30m
2165 396 2458 465 accepisse,
2493 406 2549 452 ιιι
2573 398 2684 468 iam
2731 396 2894 454 homo
2933 407 3085 457 νθιυε
3126 402 3266 459 ﬁxus
3307 404 3379 461 Sil
3424 409 3594 477 cruei,

298 486 630 558 Judieorum,
656 489 753 546 sed
776 490 1102 559 justiﬁcatur
1125 509 1190 548 ex
1220 492 1344 551 ﬁde.

373 582 539 639 Vsus.
568 584 652 641 17.
677 616 747 629 -—-
775 588 838 642 Si
862 597 1030 642 autem
1054 597 1336 660 quarenles
1349 588 1632 659 iustiﬁcari
1657 589 1711 643 in
1742 585 1893 645 Chri-

298 683 398 741 sto,
421 676 734 733 inveniemur
757 689 803 735 et
828 680 930 750 ipsi
959 690 1269 750 peccatores,
1299 698 1417 753 ergo
1445 692 1490 736 et
1517 681 1748 736 Christus
1776 696 1893 753 pec-

297 765 653 822 catiministcr
716 770 931 842 est“)?
967 771 1180 826 Etenim
1232 780 1555 842 peccatores
1600 788 1724 829 cum
1783 771 1893 827 sint

291 856 477 928 juduri,
505 868 560 914 et
583 872 891 930 peccatores
918 877 1023 918 non
1049 878 1115 918 ex
1138 864 1409 934 gentibus,
1448 874 1648 920 etcum
1672 873 1889 935 accepta

298 951 402 1005 title
442 954 492 1006 in
514 950 731 1011 Christo
767 957 976 1026 agimus
1022 956 1164 1026 quod
1207 956 1376 1013 Juda-i
1419 967 1603 1029 agunt,
1636 958 1727 1028 qui
1765 958 1889 1012 ideo

294 1040 351 1096 in
386 1040 657 1100 Christum
694 1045 857 1102 ﬁdem
896 1048 1155 1104 sumimus
1177 1089 1192 1113 ,
1226 1049 1347 1119 quia
1391 1066 1496 1105 non
1539 1066 1606 1105 ex
1635 1050 1889 1119 operibus

294 1132 427 1204 legis
448 1134 729 1205 justiﬁcari
762 1140 1124 1196 intelleximus
1150 1140 1443 1210 hominem,
1476 1143 1526 1198 in
1557 1159 1660 1212 qua
1688 1143 1765 1216 (Ξ)
1795 1159 1890 1201 vo-

290 1227 468 1286 lumus
489 1230 777 1302 justiiicari
801 1234 856 1290 in
879 1235 1131 1303 Christo;
1155 1238 1508 1293 observantes
1535 1237 1670 1308 legis
1696 1253 1883 1308 opera,

289 1330 607 1391 peccatores
634 1322 900 1381 elﬁcimur
927 1325 1071 1397 :jam
1099 1328 1161 1383 ﬁt
1184 1336 1245 1383 ut
1272 1327 1522 1386 Christus
1553 1330 1755 1399 peccati
1786 1330 1886 1385 mi-

290 1413 464 1472 nister
490 1417 595 1483 sit;
644 1434 803 1488 quem
850 1418 973 1475 ideo
1011 1421 1341 1492 accepimus,
1386 1439 1454 1477 ne
1500 1436 1884 1493 peccarcmus;

295 1522 438 1563 nunc
458 1520 681 1582 accepto
705 1513 857 1581 ipso;
888 1527 1010 1568 cum
1041 1513 1107 1568 ad
1142 1524 1356 1585 peccata
1386 1515 1699 1581 redeamus,
1727 1516 1777 1571 id
1803 1525 1886 1572 est

288 1599 645 1671 judaizemus,
665 1603 835 1660 factus
856 1613 941 1662 est
963 1603 1212 1663 Christus
1233 1608 1435 1678 peccati
1469 1607 1751 1664 minister?
1775 1602 1881 1665 Sed

285 1691 410 1759 hoc,
435 1694 628 1766 inquit,
658 1696 800 1752 absit
827 1716 842 1754 :
875 1697 925 1753 id
950 1707 1029 1754 est
1060 1699 1253 1754 nouita
1281 1709 1495 1771 oportet
1524 1702 1747 1769 sentire,
1773 1718 1879 1759 non

1997 482 2050 538 id
2073 494 2155 540 est
2177 494 2284 542 tota
2310 503 2459 553 caro,
2488 489 2541 544 id
2562 498 2646 545 est
2668 491 2843 546 omnis
2863 491 3026 548 h'omo
3047 501 3222 562 vetus,
3242 503 3298 552 et
3323 496 3594 556 desideria

1996 576 2193 632 carnis.
2239 578 2351 635 lloe
2386 581 2530 636 enim
2579 581 2833 638 Christus
2886 587 3145 657 mysterio
3194 602 3312 656 suo,
3364 598 3420 646 et
3458 591 3594 648 mihi

1994 670 2124 740 egit.
2168 669 2385 728 Conﬁxi
2431 690 2561 745 ergo
2590 691 2711 730 cum
2749 678 2962 733 Chri:to
3002 695 3187 736 sumus
3216 683 3385 738 cruci.

2068 761 2230 819 Vsus.
2246 765 2339 822 20.
2359 796 2428 805 —
2447 765 2575 821 Vivo
2596 778 2787 835 autem,
2803 772 2917 842 jam
2934 788 3035 827 non
3058 789 3168 843 ego,
3192 774 3284 829 sed
3302 776 3421 830 virit
3442 776 3494 831 in
3515 794 3594 833 me

1993 850 2245 909 Christus.
2267 856 2326 911 ‘ld
2345 865 2428 912 cst
2442 858 2552 929 jam
2574 861 2793 930 spiritus
2821 863 2991 918 lactus
3010 880 3148 930 sum,
3166 866 3480 937 Spiritaliter
3504 870 3587 926 in-

1993 945 2285 1018 telligendo
2304 951 2552 1007 mandata
2576 953 2698 1031 'Dei.
2729 952 2870 1011 Ante
2888 967 3061 1012 totum
3086 960 3226 1016 circa
3254 977 3472 1020 carnem
3497 981 3587 1022 me

1991 1038 2333 1107 exhibebant,
2365 1052 2419 1097 et
2452 1044 2569 1115 ejus
2595 1045 2880 1103 desidetiis
2912 1052 2996 1105 vel
3027 1054 3328 1111 serviebatn
3366 1058 3452 1114 vel
3483 1059 3591 1114 im-

1990 1132 2278 1200 peraham,
2320 1133 2451 1188 nihil
2502 1138 2817 1205 Spiritaliter
2864 1141 3193 1215 intelligens.
3254 1147 3406 1205 Nunc
3458 1167 3590 1223 ergo

1989 1226 2242 1294 quoniam
2275 1227 2388 1296 ipse
2429 1228 2741 1298 spiritaliter
2769 1233 2888 1288 vivo
2913 1275 2928 1301 ,
2961 1236 3087 1291 vivit
3117 1236 3170 1292 iu
3199 1256 3287 1296 me
3314 1240 3588 1299 Christus.

1992 1315 2146 1379 Quod
2172 1329 2340 1372 autem
2364 1337 2500 1375 nunc
2525 1323 2630 1377 rivo
2651 1324 2701 1378 in
2725 1341 2899 1394 carne,
2924 1328 2975 1382 in
3005 1328 3108 1397 ﬁde
3135 1332 3246 1386 vivo
3276 1335 3373 1402 ﬁlii
3410 1334 3509 1390 Dei
3533 1344 3591 1393 et

1987 1405 2208 1461 Christi.
2251 1408 2362 1465 Hoc
2403 1423 2486 1467 est
2527 1428 2654 1469 vere
2681 1415 2995 1487 spiritaliter
3023 1422 3205 1480 vivere
3227 1466 3241 1491 ,
3288 1435 3347 1482 ut
3376 1443 3498 1483 cum
3531 1430 3583 1485 in

1988 1510 2153 1554 Carne
2182 1500 2302 1569 quis
2326 1503 2501 1569 vivat,
2536 1520 2643 1561 non
2676 1520 2896 1579 propter
2923 1526 3143 1569 carnem
3187 1516 3361 1584 vivat,
3396 1534 3575 1592 neque

1986 1601 2051 1642 cx
2091 1604 2253 1646 carne
2274 1634 2288 1658 ,
2321 1594 2415 1649 sed
2443 1596 2586 1651 vivat
2631 1597 2740 1653 Deo
2780 1609 2832 1656 et
2864 1602 3079 1660 Christo
3107 1606 3160 1661 in
3210 1607 3315 1665 ﬁde
3345 1624 3535 1667 eorum
3564 1631 3578 1668 :

1986 1683 2126 1751 quod
2154 1695 2238 1741 est
2262 1687 2443 1743 vivere
2472 1690 2807 1761 spiritaliter,
2847 1695 2915 1751 de
2943 1698 3060 1768 ipso
3101 1701 3366 1769 cogitare,
3410 1705 3588 1777 ipsum

284 1788 355 1845 ita
391 1805 572 1862 agere,
606 1801 663 1848 ut
692 1791 935 1849 Christus
975 1799 1178 1864 peccati
1217 1797 1465 1854 minister
1512 1797 1603 1863 sit,
1637 1798 1727 1869 qui
1756 1797 1878 1854 ideo
1912 1797 1956 1857 Β
1987 1776 2151 1869 ¹ί⁰Ψ¹Ῐν
2196 1780 2371 1850 ipsum
2409 1784 2654 1854 credere:
2687 1788 2754 1842 ad
2798 1787 2973 1858 ipsum
3016 1793 3292 1851 άθδίάθτίο
3334 1799 3581 1868 tendere:

287 1896 476 1952 passus
523 1894 609 1940 est
652 1894 710 1940 ut
756 1897 1037 1955 peccatum
1084 1890 1348 1945 interiret.

354 1975 518 2031 Vsus.
552 1977 637 2034 18.
660 2008 733 2019 -
760 1979 822 2034 Si
838 1980 973 2034 enim
994 1997 1110 2050 qua:
1135 1985 1389 2047 destruxi,
1417 1984 1600 2039 iterum
1623 1983 1733 2039 Ιιωε
1756 1983 1884 2039 tedi-

286 2066 404 2136 ﬁco,
449 2070 889 2143 prwuaricatorem
918 2088 998 2126 me
1022 2074 1298 2128 constituo.
1330 2072 1463 2129 Cum
1509 2075 1653 2129 enim
1677 2074 1883 2131 credidi

282 2158 493 2228 jutlaeus
508 2160 562 2215 in
579 2161 815 2225 Christo,
834 2163 1070 2221 destruxi
1096 2165 1266 2235 legem
1286 2176 1340 2222 et
1361 2167 1497 2237 regis
1522 2181 1686 2237 opera
1710 2184 1722 2219 :
1742 2183 1886 2224 nunc

286 2261 465 2307 autem
491 2262 611 2323 post
631 2254 1003 2311 credulitatem
1023 2256 1075 2311 in
1100 2256 1371 2312 Christum
1395 2258 1440 2313 si
1462 2269 1708 2328 revertor
1723 2267 1885 2332 atque

286 2358 388 2415 ago
405 2346 537 2415 legis
558 2360 741 2415 Opera,
758 2347 965 2403 aediﬁco
986 2364 1104 2419 qua
1127 2349 1391 2416 destruxi,
1408 2362 1463 2407 et
1483 2367 1600 2406 sum
1614 2351 1725 2423 jam
1752 2368 1886 2422 pra:-

287 2438 577 2503 varicator,
606 2438 696 2508 qui
726 2449 912 2495 contra
942 2439 1080 2496 lucio
1108 2456 1266 2512 quam
1293 2438 1496 2499 utilitas
1521 2452 1576 2499 et
1617 2442 1788 2500 virtus
1826 2452 1885 2500 et

288 2545 449 2588 causa
487 2528 736 2601 postulat.
777 2532 944 2605 Cujus
972 2547 1151 2592 autem
1185 2539 1565 2607 praevaricator
1586 2540 1741 2594 sum?
1773 2554 1884 2595 non

289 2624 442 2696 legis,
461 2629 556 2683 sed
577 2628 776 2685 Christi
802 2647 813 2684 :
839 2629 1088 2687 mandata
1109 2632 1253 2687 enim
1271 2632 1470 2688 Christi
1493 2634 1544 2688 in
1567 2636 1886 2704 praevarica-

293 2717 494 2777 tionem
524 2723 700 2788 traho,
722 2723 765 2778 si
794 2723 859 2778 ad
886 2722 1213 2793 jndaismum
1234 2735 1503 2793 revertor,
1521 2734 1576 2782 et
1605 2740 1668 2783 ea
1698 2726 1887 2781 obser-

292 2828 421 2869 vare
449 2815 653 2886 incipio
698 2833 817 2887 quae
853 2818 1207 2875 condemnari
1249 2821 1621 2888 observanda;
1652 2823 1775 2892 quia
1806 2823 1888 2879 in-

291 2910 472 2965 tellexi
525 2926 632 2968 non
692 2928 762 2968 ex
817 2913 951 2983 ipsis
995 2914 1283 3005 justiﬁcari
1331 2915 1627 2984 hominem,
1678 2917 1776 2974 sed
1818 2932 1886 2975 ex

290 2999 529 3057 Christo.

364 3092 531 3149 Vens.
556 3094 643 3150 19.
674 3122 746 3137 -ι-
767 3095 876 3167 Ego
917 3098 1052 3152 enim
1077 3112 1166 3167 per
1192 3099 1353 3170 legem
1367 3099 1465 3172 tegi
1486 3110 1716 3157 mortuus
1744 3119 1881 3168 sum,

1986 1868 2170 1941 fugere
2196 1873 2482 1943 mundum,
2504 1893 2777 1947 exponere
2806 1882 2985 1937 omnia
3009 1900 3129 1955 quae
3155 1887 3207 1941 in
3242 1889 3442 1946 mundo
3463 1902 3592 1949 sunt

1984 1978 2049 2018 ex
2074 1965 2254 2020 animo
2285 1983 2296 2018 :
2331 1966 2433 2022 hoc
2458 1978 2543 2023 est
2566 1970 2671 2025 ﬁde
2692 1971 2895 2039 vivere,
2929 1992 2956 2029 a
2981 1978 3129 2034 nullo
3150 1980 3294 2036 aliud
3320 1981 3449 2038 boni
3466 2001 3591 2056 spe-

1983 2066 2105 2110 rare
2134 2070 2292 2125 quam
2321 2072 2350 2111 a
2373 2057 2591 2115 Christo
2616 2070 2672 2116 ct
2699 2077 2728 2115 a
2762 2062 2872 2120 Deo
2896 2082 2909 2119 :
2941 2066 3042 2123 hoc
3067 2080 3151 2125 est
3174 2070 3226 2125 in
3258 2072 3365 2128 ﬁde
3405 2073 3591 2132 vivere

1985 2153 2042 2199 et
2079 2147 2169 2201 Dei
2210 2156 2265 2202 et
2292 2146 2514 2218 Christi,
2546 2152 2635 2222 qui
2687 2168 2775 2209 me
2815 2155 3004 2212 dilexit
3040 2170 3092 2215 et
3117 2162 3339 2219 tradidit
3381 2172 3590 2222 tantum

1986 2235 2331 2306 beneﬁcium,
2361 2251 2415 2295 ut
2443 2257 2502 2296 se
2544 2257 2643 2312 pro
2675 2244 2831 2300 nobis
2869 2249 3025 2305 daret
3053 2253 3217 2308 morti
3246 2264 3299 2309 et
3324 2257 3494 2327 cruci,
3527 2274 3592 2315 ac

1986 2330 2070 2385 sic
2102 2345 2198 2384 nos
2229 2330 2315 2387 de-
2330 2336 2563 2403 peccatis
2591 2335 2868 2392 liberaret.

2063 2419 2305 2491 Denique
2342 2424 2421 2477 sic
2464 2425 2832 2496 subsequitur,
2870 2427 3032 2485 Vens.
3088 2431 3155 2488 21
3191 2451 3204 2488 :
3233 2462 3304 2475 -—
3326 2436 3451 2492 Non
3475 2455 3591 2495 sum

1985 2509 2220 2581 ingratus
2247 2515 2433 2585 gratia:
2460 2514 2558 2570 Dei
2588 2516 2671 2590 (1)
2704 2528 2760 2573 ut
2786 2534 2905 2576 cum
2931 2524 3046 2593 ipse
3075 2541 3162 2582 me
3190 2527 3463 2587 hatredem
3505 2533 3589 2591 fe-

1985 2606 2120 2661 cerit
2144 2622 2238 2676 per
2260 2605 2559 2676 Christum,
2589 2619 2644 2666 et
2669 2612 2916 2670 Christus
2942 2631 3002 2671 se
3033 2620 3314 2677 tradiderit
3345 2640 3442 2694 pro
3468 2642 3579 2693 me,

1986 2712 2087 2769 ego
2111 2701 2331 2754 dimissa
2359 2703 2507 2757 omni
2528 2718 2624 2774 spe
2644 2720 2804 2770 quam
2834 2704 3011 2764 habeo
3030 2710 3083 2765 in
3106 2713 3348 2784 Christo,
3368 2718 3591 2775 redeam

1986 2792 2055 2847 ad
2084 2808 2234 2881 spem
2264 2794 2398 2863 legis
2430 2804 2488 2849 ut
2511 2799 2730 2852 credam
2760 2813 2828 2854 ex
2853 2803 3110 2871 operibus
3153 2808 3287 2877 legis
3314 2825 3401 2865 me
3422 2812 3589 2881 justi-

1987 2880 2160 2939 ﬁcarl.
2192 2876 2307 2941 Hoc
2328 2896 2411 2941 est
2442 2889 2707 2957 ingratum
2730 2905 2853 2946 esse
2872 2893 2921 2947 ei
2944 2896 3032 2963 qui
3053 2896 3184 2952 mihi
3212 2876 3591 2972 tantum'prte-

1989 2974 2141 3038 stitit,
2172 2981 2229 3030 ut
2248 2991 2345 3046 pro
2370 2992 2456 3032 me
2483 2992 2543 3033 se
2563 2978 2850 3049 objiceret,
2878 2989 2933 3037 et
2962 2998 3046 3039 me
3072 3001 3102 3039 a
3128 2990 3365 3057 peccatis
3397 2990 3593 3047 libera-

1989 3074 2072 3123 ret
2089 3083 2183 3138 per
2205 3080 2422 3139 peccata
2442 3072 2494 3125 in
2518 3086 2579 3126 se
2613 3074 2818 3142 punita.
2844 3072 2984 3130 Nam
3007 3081 3059 3132 si
3083 3097 3175 3151 per
3199 3081 3362 3153 legem
3382 3085 3595 3155 justitia

292 3195 346 3238 ω
386 3184 494 3241 Deo
520 3186 702 3242 vium.
733 3159 919 3245 Ροῐθει
958 3159 1128 3245 vide'ri
1162 3159 1297 3246 dugs
1330 3159 1475 3263 ,θεὶς
1503 3193 1706 3251 dixisse
1744 3159 1883 3251 Pa“;
1909 3184 1954 3246 ρ
1990 3171 2085 3262 est,
2111 3175 2231 3231 ergo
2258 3159 2494 3263 Christus
2520 3163 2683 3233 gratis
2709 3177 2942 3221 mortuus
2972 3181 3066 3223 est.
3107 3168 3275 3227 Plena
3313 3177 3592 3234 conclusio

290 3274 394 3340 lus,
430 3292 590 3333 unam
631 3278 851 3345 Christi,
895 3280 1119 3337 alteram
1145 3281 1335 3354 Moysi,
1381 3296 1438 3337 ut
1462 3285 1564 3356 ipsi
1604 3286 1708 3357 legi
1737 3302 1879 3342 mor-

288 3373 438 3422 tuum
468 3384 527 3424 se
554 3369 719 3438 dicat,
753 3384 872 3443 quae
904 3371 1005 3427 fuit
1023 3372 1224 3429 Judaeis
1249 3374 1394 3442 data,
1428 3390 1523 3446 per
1561 3379 1731 3449 legem
1759 3395 1880 3451 quae

287 3463 555 3520 aChrism
588 3464 711 3520 data
738 3465 807 3521 sit
842 3483 856 3520 :
885 3476 945 3522 ut
968 3467 1071 3522 hoc
1111 3467 1202 3533 sit,
1253 3484 1348 3537 per
1388 3471 1560 3540 legem
1597 3471 1698 3543 legi
1732 3488 1880 3528 mor-

292 3563 414 3611 tuus
438 3572 591 3623 sum;
628 3556 679 3613 id
704 3568 783 3613 est
806 3572 902 3628 per
929 3560 1097 3629 legem
1127 3560 1329 3615 Christi
1362 3573 1606 3619 mortuus
1635 3579 1753 3619 sum
1776 3565 1878 3636 legi

287 3646 596 3703 Judtrorum
623 3662 747 3705 ante
769 3651 930 3706 datu).
967 3652 1150 3708 Potest
1175 3663 1355 3711 autem
1382 3655 1570 3722 videri,
1601 3657 1746 3729 quod
1774 3659 1883 3714 ire-

288 3748 516 3809 queuter
544 3741 618 3795 ait
649 3740 865 3807 Paulus,
913 3743 1007 3799 sed
1040 3753 1097 3800 et
1129 3744 1246 3814 ipse
1291 3745 1557 3814 Salvator,
1592 3759 1647 3802 ut
1676 3748 1879 3805 idcirco

287 3827 420 3883 duas
452 3830 596 3900 leges
641 3831 766 3888 hinc
808 3834 1184 3901 nominaverit,
1217 3838 1471 3906 quoniam
1524 3838 1713 3894 eadem
1762 3841 1877 3910 ipsa

287 3920 433 3976 velut
459 3920 651 3991 duplex
675 3933 779 3988 est,
808 3939 913 3979 una
940 3939 1062 3981 cum
1087 3927 1397 3993 carnaliter,
1429 3930 1597 3984 altera
1620 3945 1743 3985 cum
1769 3932 1881 4000 spi-

287 4017 550 4084 ritaliter,
584 4017 917 4089 intelligitur.
966 4022 1104 4075 Ante
1136 4031 1319 4077 autem
1346 4023 1637 4079 carnaliter
1680 4024 1878 4081 intelli-

284 4107 549 4177 gebatur;
611 4118 665 4164 et
724 4126 790 4164 ex
843 4111 1097 4180 operibus
1132 4121 1187 4166 et
1240 4128 1306 4168 ex
1353 4114 1770 4171 circumcisione
1824 4125 1880 4173 et

286 4201 497 4254 ca-tcris
516 4199 985 4256 observationibus
1012 4203 1299 4259 carnaliter
1316 4204 1602 4262 intellectis
1634 4204 1735 4276 legi
1759 4221 1876 4262 ser-

287 4292 531 4348 viebaittr
555 4308 568 4345 :
599 4301 654 4347 at
681 4302 866 4363 postea
889 4309 1047 4360 quam
1074 4293 1324 4351 Salvator
1347 4311 1533 4352 verum
1556 4305 1616 4359 _et
1637 4296 1878 4366 spiritale

286 4383 466 4440 lumen
497 4386 766 4456 apparuit,
796 4386 1021 4457 intelligi
1052 4387 1138 4444 lex
1164 4391 1335 4458 cmpit
1364 4388 1708 4459 spiritaliter;
1738 4389 1876 4446 facta

287 4477 434 4533 velut
461 4478 585 4543 alia,
609 4493 730 4533 cum
759 4478 945 4534 eadem
976 4479 1089 4551 ipsa
1111 4480 1196 4536 lex
1221 4482 1311 4536 sit.
1342 4480 1487 4553 Ergo
1507 4484 1611 4539 erit
1640 4498 1872 4540 sensus:

286 4585 387 4640 ego
413 4571 555 4627 enim
583 4586 677 4641 per
696 4572 867 4643 legem
895 4588 1014 4643 qua:
1036 4589 1178 4629 nunc
1198 4575 1516 4645 spiritaliter
1542 4577 1875 4646 intelligitur,
1903 4576 1957 4636 D

287 4659 393 4730 legi
435 4671 677 4717 mortuus
700 4677 852 4729 sum;
885 4662 963 4718 illi
1001 4664 1211 4721 scilicet
1257 4665 1382 4736 legi,
1438 4682 1559 4737 quae
1588 4669 1880 4724 carnaliter

288 4751 703 4820 intelligebatur.
739 4753 808 4809 Et
836 4770 957 4810 cum
986 4755 1058 4810 ita
1083 4757 1174 4824 sit,
1205 4757 1327 4827 quia
1357 4766 1534 4814 tamen
1566 4760 1880 4829 spiritaliter

290 4844 530 4915 intelligo
567 4847 760 4916 legem,
809 4858 1055 4904 mortuus
1103 4863 1223 4904 sum
1267 4850 1369 4922 legi
1418 4852 1643 4918 carnali,
1679 4862 1734 4907 ut
1766 4852 1878 4908 Deo

292 4938 486 4993 vivam.
521 4939 609 4996 Sic
635 4942 778 4996 enim
808 4941 916 4996 Deo
946 4943 1066 5013 quis
1106 4943 1237 4997 vivit
1260 4959 1379 4998 cum
1410 4958 1676 5015 praecepta
1705 4946 1795 5000 illa
1824 4947 1876 5000 iu

291 5032 411 5104 lege
436 5036 605 5102 posita
633 5050 738 5091 non
777 5036 1065 5091 carnaliter
1109 5037 1377 5108 intelligit,
1406 5038 1502 5094 sed
1532 5039 1876 5107 spiritaliter;

290 5124 343 5180 id
366 5126 587 5197 estquid
618 5129 688 5181 sit
711 5144 837 5183 vere
862 5129 1200 5198 circumcidi,
1225 5131 1352 5201 quid
1378 5132 1451 5187 sit
1470 5148 1655 5187 verum
1684 5132 1882 5188 sabba-

292 5227 431 5284 tum,
461 5218 588 5288 quid
614 5230 829 5287 caetera,
874 5237 994 5292 quae
1025 5222 1209 5279 multis
1237 5223 1372 5280 locis
1400 5231 1457 5280 et
1487 5233 1712 5281 tractata
1754 5235 1881 5281 sunt

289 5320 345 5367 et
375 5311 760 5367 tractabuntur.

361 5401 489 5461 Cum
516 5402 715 5459 Christo
745 5407 1022 5473 cruci/icui
1060 5422 1198 5463 sum.
1224 5408 1335 5467 Hoc
1361 5418 1442 5466 est
1468 5409 1580 5481 jam
1609 5410 1769 5466 aliam
1800 5411 1879 5467 le-

363 5557 443 5634 (1)
467 5558 631 5636 ΔΥιιΙςς.
670 5579 683 5613 :
717 5561 936 5636 Quodsi
971 5574 1247 5632 quaerentes
1266 5567 1545 5636 justi/iani
1578 5568 1631 5621 in
1656 5566 1881 5634 Christo,

497 5647 675 5711 sumas
699 5634 869 5711 et
896 5631 1200 5703 praestares,
1232 5631 1481 5708 numquid
1513 5638 1744 5695 Christus
1764 5631 1884 5711 pec;

288 5705 391 5756 cati
413 5703 640 5760 minister
659 5715 731 5759 est
749 5704 775 5757 7
801 5704 951 5759 absit.

362 5772 446 5847 (2)
472 5774 826 5847 Subintcllige
852 5775 975 5839 ﬁde.

1986 3249 2130 3305 circa
2158 3266 2372 3309 errores
2401 3252 2713 3309 Galatarum
2732 3263 2788 3311 et
2817 3273 3003 3314 eorum
3036 3262 3126 3331 qui
3149 3262 3216 3319 ad
3248 3265 3586 3324 christianis-

1985 3358 2130 3397 munt
2156 3340 2485 3413 judais‘tnum
2531 3345 2774 3403 addunt:
2807 3351 3029 3419 etenim,
3055 3354 3246 3425 inquit,
3291 3361 3336 3412 si
3380 3358 3587 3430 justitia

1983 3441 2066 3487 est
2093 3447 2190 3504 per
2217 3430 2411 3506 legem,
2441 3435 2641 3493 frustra
2672 3447 2915 3496 mortuus
2944 3446 3028 3498 est
3054 3445 3323 3503 Christus.
3352 3450 3409 3506 Si
3438 3453 3585 3509 enim

1985 3524 2105 3583 ideo
2137 3538 2378 3584 mortuus
2404 3538 2488 3586 est
2516 3528 2785 3599 Christus,
2824 3537 3076 3604 quoniam
3115 3539 3436 3610 justiﬁeatlo
3464 3550 3587 3602 ‘hon

1984 3618 2329 3691 contingebat
2363 3637 2428 3678 ex
2471 3623 2607 3694 lege,
2644 3624 2818 3681 debeo
2847 3625 3119 3684 Christum
3166 3640 3344 3690 tamen
3392 3638 3585 3708 sequi:

1984 3712 2068 3766 sin
2119 3714 2300 3768 autem
2340 3714 2500 3769 etiam
2541 3726 2664 3786 post
2707 3718 2996 3777 adventum
3034 3722 3234 3780 Christi
3273 3743 3369 3797 per
3405 3729 3583 3802 legem

1979 3801 2262 3871 justiﬁcari
2302 3807 2396 3885 me.
2418 3806 2605 3874 credo,
2638 3826 2744 3865 non
2773 3820 2856 3866 est
2883 3822 3124 3872 mortuus
3149 3816 3399 3876 Christus
3422 3801 3585 3895 propc

1987 3904 2067 3949 ter
2098 3912 2204 3961 me,
2233 3906 2286 3953 et
2306 3896 2483 3969 gratis
2512 3913 2757 3958 mortuus
2782 3914 2885 3973 est,
2921 3907 2973 3961 id
2996 3919 3079 3964 est
3104 3912 3222 3967 sine
3242 3927 3402 3969 causa
3434 3931 3582 3971 mor-

1986 3995 2109 4042 tuus
2151 3996 2252 4043 est.
2300 3989 2504 4062 Pugnat
2547 4004 2600 4049 et
2649 3996 2934 4054 adversum
2983 4000 3085 4057 sibi
3131 4012 3237 4069 est,
3270 4005 3496 4063 credere
3521 4008 3580 4064 in

1984 4077 2275 4146 Christum,
2326 4092 2380 4138 et
2420 4085 2563 4156 legis
2584 4103 2750 4159 opera
2798 4094 2985 4163 sequi;
3016 4108 3139 4149 cum
3184 4095 3330 4152 enim
3376 4098 3462 4154 lex
3509 4116 3579 4158 ex

1984 4174 2239 4244 operibus
2264 4176 2372 4232 suis
2392 4194 2496 4234 non
2510 4180 2833 4251 justiticaret
2857 4184 3150 4253 hominem,
3204 4187 3580 4247 idcircoChri-

1983 4275 2098 4322 stus
2126 4269 2292 4336 venit,
2328 4280 2385 4325 ut
2432 4283 2607 4329 morte
2649 4290 2743 4330 sua
2776 4276 3089 4347 justiﬁcatio
3130 4279 3338 4359 homipi
3381 4283 3573 4341 ﬁeret:

1985 4373 2126 4414 nunc
2150 4374 2270 4415 cum
2300 4361 2367 4416 ad
2400 4363 2569 4435 legem
2604 4366 2815 4423 reditus
2847 4369 2916 4424 sit
2947 4380 3067 4441 post
3117 4371 3276 4430 ﬁdem
3317 4376 3374 4432 in
3414 4376 3575 4433 Chri-

1983 4462 2147 4520 stum,
2179 4456 2344 4523 gratis
2362 4456 2627 4514 videbitur
2647 4459 2894 4518 Christus
2917 4476 3161 4523 mortuus
3183 4483 3326 4534 esse,
3357 4478 3414 4523 ut
3440 4470 3576 4527 nihil

1984 4545 2139 4601 nobis
2190 4550 2532 4616 praestiterit;
2574 4553 2773 4623 quippe
2817 4571 2940 4610 cum
2974 4557 3085 4627 jam
3141 4562 3428 4630 praestabat
3474 4564 3578 4619 hoc

1984 4636 2097 4692 lex.
2145 4638 2311 4696 Porro
2353 4638 2532 4698 autem
2577 4662 2682 4701 nou
2733 4651 3023 4717 praestabat
3059 4653 3162 4709 hoc
3204 4654 3322 4721 lex;
3355 4665 3409 4712 et
3454 4657 3576 4715 ideo

1983 4728 2230 4787 Christus
2274 4736 2440 4801 venit,
2482 4746 2541 4792 ut
2582 4739 2694 4807 ipse
2744 4748 3215 4817 pmstaretzergo
3261 4761 3368 4801 non
3404 4750 3573 4819 gratis

1982 4832 2226 4880 mortuus
2251 4834 2334 4880 est
2358 4825 2638 4893 Christus;
2666 4831 2761 4886 sed
2794 4844 2891 4902 per
2918 4836 3090 4904 ipsum
3130 4838 3285 4893 nobis
3305 4838 3569 4910 justiﬁca—

1984 4915 2059 4970 tio
2100 4920 2376 4987 provenit:
2401 4922 2542 4992 quod
2573 4923 2619 4978 si
2652 4925 2722 4980 ita
2747 4936 2851 4993 est,
2879 4942 2949 4983 ex
3002 4931 3254 5000 operibus
3292 4933 3427 5007 legis
3465 4952 3575 4993 non

1974 5006 2067 5066 Vest
2089 5010 2317 5081 iustitia.

2056 5101 2208 5157 CAP.
2243 5104 2328 5160 lll.
2357 5105 2601 5164 —Veas.
2627 5109 2675 5164 1.
2695 5141 2767 5153 —-
2789 5109 2834 5167 Ο
2851 5115 2994 5168 stulti
3013 5114 3229 5186 Galatae,
3251 5120 3366 5190 quis
3394 5136 3481 5175 vos
3497 5124 3578 5193 fa-

1985 5193 2197 5249 scinavit
2229 5195 2330 5270 (Ξ),
2361 5209 2476 5253 ante
2497 5217 2711 5270 quorum
2729 5205 2904 5261 oculos
2934 5206 3165 5264 Christus
3183 5210 3335 5267 Iesus
3351 5212 3577 5281 proscri-

1988 5297 2106 5358 ptus
2126 5299 2197 5342 est
2228 5287 2328 5363 (5),
2356 5300 2402 5345 et
2420 5291 2473 5346 in
2494 5293 2632 5348 vobis
2649 5297 2928 5368 cruciﬁxus
2942 5299 2969 5354 ?
2987 5299 3101 5357 Non
3128 5302 3400 5372 patiuntur
3413 5300 3577 5358 fasci-

1986 5395 2133 5446 num,
2161 5382 2262 5438 nisi
2308 5384 2396 5453 qui
2453 5384 2506 5439 in
2560 5386 2702 5443 bono
2741 5390 2921 5461 aliqua
2953 5392 3179 5463 pollent,
3208 5401 3264 5448 et
3301 5393 3575 5463 patiuntur

2061 5498 2140 5582 (1
2167 5501 2324 5582 Xulg.
2350 5521 2457 5582 _no_n
2481 5507 2667 5582 abjigia
2687 5513 2907 5582 gratiam
2933 5512 3047 5568 Dei.

2167 5572 2317 5648 Vulg.
2347 5575 2507 5633 habet
2533 5572 2551 5633 Ξ
2576 5572 2711 5645 ραεέ
2732 5598 2818 5636 vos
2844 5584 3111 5653 fascinavit
3136 5598 3236 5639 non
3258 5586 3461 5642 obedire
3485 5602 3574 5643 ve-

1988 5652 2423 5858 nltggiNotemus
2472 5719 2762 5776 lectionem
2801 5725 3116 5795 proscriptus
3142 5728 3265 5797 (pro
3302 5729 3575 5800 praeserip-

1997 5794 2076 5841 tus
2131 5803 2289 5858 quam
2311 5789 2402 5846 alii
2428 5806 2641 5858 quoque
2666 5793 2823 5858 prisci
2846 5805 3026 5858 patres
3050 5808 3456 5858 repraesentant.

1997 5789 2101 5858 tus)
2131 5803 2289 5859 quam
2311 5789 2402 5846 alii
2428 5806 2641 5863 quoque
2665 5789 2823 5863 prisci
2846 5789 3026 5864 patres
3050 5789 3456 5869 repraesentant.

3371 299 3376 303 ’
3451 292 3591 353 1166
3648 340 3659 347 .
