  <div class='ocr_page' id='page_1' title='image "/cluster/home/n/w/nwhite01/storage/ocr_20150623/8/hvd.32044096580360/597.png"; bbox 0 0 4018 6184; ppageno 0'>
   <div class='ocr_carea' id='block_1_1' title="bbox 566 213 706 274">
    <p class='ocr_par' dir='ltr' id='par_1_1' title="bbox 566 213 706 274">
     <span class='ocr_line' id='line_1_1' title="bbox 566 213 706 274; baseline -0.029 0"><span class='ocrx_word' id='word_1_1' title='bbox 566 213 706 274; x_wconf 77' lang='lat'><strong>“67</strong></span> 
     </span>
    </p>
   </div>
   <div class='ocr_carea' id='block_1_2' title="bbox 1767 185 2548 254">
    <p class='ocr_par' dir='ltr' id='par_1_2' title="bbox 1767 185 2548 254">
     <span class='ocr_line' id='line_1_2' title="bbox 1767 185 2548 254; baseline -0.01 0"><span class='ocrx_word' id='word_1_2' title='bbox 1767 195 1960 254; x_wconf 76' lang='lat' dir='ltr'><strong>MAR&quot;</strong></span> <span class='ocrx_word' id='word_1_3' title='bbox 2003 185 2346 250; x_wconf 82' lang='lat' dir='ltr'><strong>VICTORINI</strong></span> <span class='ocrx_word' id='word_1_4' title='bbox 2386 187 2548 246; x_wconf 81' lang='lat' dir='ltr'><strong>AFRI</strong></span> 
     </span>
    </p>
   </div>
   <div class='ocr_carea' id='block_1_3' title="bbox 3649 192 3740 252">
    <p class='ocr_par' dir='ltr' id='par_1_3' title="bbox 3649 192 3740 252">
     <span class='ocr_line' id='line_1_3' title="bbox 3649 192 3740 252; baseline 0.077 -7"><span class='ocrx_word' id='word_1_5' title='bbox 3649 192 3740 252; x_wconf 76' lang='lat' dir='ltr'><strong>uss</strong></span> 
     </span>
    </p>
   </div>
   <div class='ocr_carea' id='block_1_4' title="bbox 563 301 3743 400">
    <p class='ocr_par' dir='ltr' id='par_1_4' title="bbox 563 301 3743 400">
     <span class='ocr_line' id='line_1_4' title="bbox 563 301 3743 400; baseline -0.005 -21"><span class='ocrx_word' id='word_1_6' title='bbox 563 348 592 386; x_wconf 68' lang='grc' dir='ltr'><strong>τι</strong></span> <span class='ocrx_word' id='word_1_7' title='bbox 627 329 876 400; x_wconf 75' lang='lat' dir='ltr'><strong>malignis</strong></span> <span class='ocrx_word' id='word_1_8' title='bbox 914 336 968 384; x_wconf 86' lang='lat' dir='ltr'><strong>et</strong></span> <span class='ocrx_word' id='word_1_9' title='bbox 1005 325 1236 381; x_wconf 86' lang='lat' dir='ltr'><strong>invidis:</strong></span> <span class='ocrx_word' id='word_1_10' title='bbox 1271 332 1324 380; x_wconf 87' lang='lat' dir='ltr'><strong>et</strong></span> <span class='ocrx_word' id='word_1_11' title='bbox 1356 337 1476 380; x_wconf 90' lang='lat' dir='ltr'><strong>cum</strong></span> <span class='ocrx_word' id='word_1_12' title='bbox 1524 323 1726 378; x_wconf 91' lang='lat' dir='ltr'><strong>bonum</strong></span> <span class='ocrx_word' id='word_1_13' title='bbox 1769 334 1833 374; x_wconf 91' lang='lat' dir='ltr'><strong>ex</strong></span> <span class='ocrx_word' id='word_1_14' title='bbox 1879 312 2158 384; x_wconf 83' lang='lat' dir='ltr'><strong>evangelio</strong></span> <span class='ocrx_word' id='word_1_15' title='bbox 2189 307 2238 368; x_wconf 80' lang='grc' dir='ltr'>Α</span> <span class='ocrx_word' id='word_1_16' title='bbox 2264 305 2549 364; x_wconf 90' lang='lat' dir='ltr'><strong>leraverint</strong></span> <span class='ocrx_word' id='word_1_17' title='bbox 2578 305 2745 361; x_wconf 91' lang='lat' dir='ltr'><strong>multa</strong></span> <span class='ocrx_word' id='word_1_18' title='bbox 2777 303 2987 361; x_wconf 80' lang='lat' dir='ltr'><strong>fortiter</strong></span> <span class='ocrx_word' id='word_1_19' title='bbox 3014 315 3135 360; x_wconf 91' lang='lat' dir='ltr'><strong>cum</strong></span> <span class='ocrx_word' id='word_1_20' title='bbox 3153 301 3445 373; x_wconf 88' lang='lat' dir='ltr'><strong>acciperent</strong></span> <span class='ocrx_word' id='word_1_21' title='bbox 3463 301 3611 369; x_wconf 89' lang='lat' dir='ltr'><strong>ﬁdem,</strong></span> <span class='ocrx_word' id='word_1_22' title='bbox 3633 307 3743 363; x_wconf 77' lang='lat' dir='ltr'><strong>etiam</strong></span> 
     </span>
    </p>
   </div>
   <div class='ocr_carea' id='block_1_5' title="bbox 564 408 2161 492">
    <p class='ocr_par' dir='ltr' id='par_1_5' title="bbox 564 408 2161 492">
     <span class='ocr_line' id='line_1_5' title="bbox 564 408 2161 492; baseline -0.014 -12"><span class='ocrx_word' id='word_1_23' title='bbox 564 441 696 480; x_wconf 90' lang='lat' dir='ltr'><strong>vero</strong></span> <span class='ocrx_word' id='word_1_24' title='bbox 726 423 1093 492; x_wconf 90' lang='lat' dir='ltr'><strong>accepissent,</strong></span> <span class='ocrx_word' id='word_1_25' title='bbox 1123 420 1253 476; x_wconf 90' lang='lat' dir='ltr'><strong>etin</strong></span> <span class='ocrx_word' id='word_1_26' title='bbox 1294 417 1567 486; x_wconf 76' lang='lat' dir='ltr'><strong>Christum</strong></span> <span class='ocrx_word' id='word_1_27' title='bbox 1608 414 1925 475; x_wconf 89' lang='lat' dir='ltr'><strong>crederent,</strong></span> <span class='ocrx_word' id='word_1_28' title='bbox 1959 417 2015 464; x_wconf 91' lang='lat' dir='ltr'><strong>et</strong></span> <span class='ocrx_word' id='word_1_29' title='bbox 2041 408 2161 475; x_wconf 87' lang='lat' dir='ltr'><strong>ejus</strong></span> 
     </span>
    </p>
   </div>
   <div class='ocr_carea' id='block_1_6' title="bbox 566 498 2163 587">
    <p class='ocr_par' dir='ltr' id='par_1_6' title="bbox 566 498 2163 587">
     <span class='ocr_line' id='line_1_6' title="bbox 566 498 2163 587; baseline -0.014 -16"><span class='ocrx_word' id='word_1_30' title='bbox 566 515 830 587; x_wconf 90' lang='lat' dir='ltr'><strong>promissa</strong></span> <span class='ocrx_word' id='word_1_31' title='bbox 893 522 1194 581; x_wconf 88' lang='lat' dir='ltr'><strong>sperarent,</strong></span> <span class='ocrx_word' id='word_1_32' title='bbox 1236 526 1376 565; x_wconf 90' lang='lat' dir='ltr'><strong>nunc</strong></span> <span class='ocrx_word' id='word_1_33' title='bbox 1403 525 1522 564; x_wconf 90' lang='lat' dir='ltr'><strong>cum</strong></span> <span class='ocrx_word' id='word_1_34' title='bbox 1555 507 1846 576; x_wconf 84' lang='lat' dir='ltr'><strong>adjungere</strong></span> <span class='ocrx_word' id='word_1_35' title='bbox 1899 498 2163 570; x_wconf 77' lang='lat' dir='ltr'><strong>cmperint</strong></span> 
     </span>
    </p>
   </div>
   <div class='ocr_carea' id='block_1_7' title="bbox 565 593 2161 674">
    <p class='ocr_par' dir='ltr' id='par_1_7' title="bbox 565 593 2161 674">
     <span class='ocr_line' id='line_1_7' title="bbox 565 593 2161 674; baseline -0.012 -13"><span class='ocrx_word' id='word_1_36' title='bbox 565 607 725 662; x_wconf 86' lang='lat' dir='ltr'><strong>etiam</strong></span> <span class='ocrx_word' id='word_1_37' title='bbox 748 604 1004 674; x_wconf 86' lang='lat' dir='ltr'><strong>judaismi</strong></span> <span class='ocrx_word' id='word_1_38' title='bbox 1035 602 1396 671; x_wconf 89' lang='lat' dir='ltr'><strong>disciplinam,</strong></span> <span class='ocrx_word' id='word_1_39' title='bbox 1426 603 1562 671; x_wconf 84' lang='lat' dir='ltr'><strong>quis,</strong></span> <span class='ocrx_word' id='word_1_40' title='bbox 1590 599 1780 669; x_wconf 87' lang='lat' dir='ltr'><strong>inquit,</strong></span> <span class='ocrx_word' id='word_1_41' title='bbox 1806 611 1901 652; x_wconf 75' lang='lat' dir='ltr'><strong>vos</strong></span> <span class='ocrx_word' id='word_1_42' title='bbox 1931 593 2161 648; x_wconf 83' lang='lat' dir='ltr'><strong>lasciua-</strong></span> 
     </span>
    </p>
   </div>
   <div class='ocr_carea' id='block_1_8' title="bbox 562 682 2156 763">
    <p class='ocr_par' dir='ltr' id='par_1_8' title="bbox 562 682 2156 763">
     <span class='ocr_line' id='line_1_8' title="bbox 562 682 2156 763; baseline -0.012 -11"><span class='ocrx_word' id='word_1_43' title='bbox 562 700 661 763; x_wconf 92' lang='lat' dir='ltr'><strong>vit,</strong></span> <span class='ocrx_word' id='word_1_44' title='bbox 688 707 744 752; x_wconf 94' lang='lat' dir='ltr'><strong>ut</strong></span> <span class='ocrx_word' id='word_1_45' title='bbox 769 713 796 748; x_wconf 91' lang='lat' dir='ltr'><strong>a</strong></span> <span class='ocrx_word' id='word_1_46' title='bbox 823 696 966 750; x_wconf 91' lang='lat' dir='ltr'><strong>bono</strong></span> <span class='ocrx_word' id='word_1_47' title='bbox 994 703 1178 749; x_wconf 89' lang='lat' dir='ltr'><strong>vestro</strong></span> <span class='ocrx_word' id='word_1_48' title='bbox 1202 691 1566 748; x_wconf 73' lang='lat' dir='ltr'><strong>recederetis?</strong></span> <span class='ocrx_word' id='word_1_49' title='bbox 1609 690 1751 744; x_wconf 88' lang='lat' dir='ltr'><strong>Estis</strong></span> <span class='ocrx_word' id='word_1_50' title='bbox 1793 688 1952 758; x_wconf 83' lang='lat' dir='ltr'><strong>igitur</strong></span> <span class='ocrx_word' id='word_1_51' title='bbox 1982 682 2156 744; x_wconf 87' lang='lat' dir='ltr'><strong>stulti,</strong></span> 
     </span>
    </p>
   </div>
   <div class='ocr_carea' id='block_1_9' title="bbox 561 775 2158 855">
    <p class='ocr_par' dir='ltr' id='par_1_9' title="bbox 561 775 2158 855">
     <span class='ocr_line' id='line_1_9' title="bbox 561 775 2158 855; baseline -0.011 -9"><span class='ocrx_word' id='word_1_52' title='bbox 561 791 613 846; x_wconf 91' lang='lat' dir='ltr'><strong>id</strong></span> <span class='ocrx_word' id='word_1_53' title='bbox 631 798 714 846; x_wconf 89' lang='lat' dir='ltr'><strong>est</strong></span> <span class='ocrx_word' id='word_1_54' title='bbox 735 804 840 842; x_wconf 88' lang='lat' dir='ltr'><strong>non</strong></span> <span class='ocrx_word' id='word_1_55' title='bbox 864 786 1244 855; x_wconf 83' lang='lat' dir='ltr'><strong>intelligentcs.</strong></span> <span class='ocrx_word' id='word_1_56' title='bbox 1269 783 1406 850; x_wconf 84' lang='lat' dir='ltr'><strong>Quid</strong></span> <span class='ocrx_word' id='word_1_57' title='bbox 1426 793 1601 836; x_wconf 90' lang='lat' dir='ltr'><strong>autem</strong></span> <span class='ocrx_word' id='word_1_58' title='bbox 1627 781 1988 840; x_wconf 90' lang='lat' dir='ltr'><strong>admiserunt,</strong></span> <span class='ocrx_word' id='word_1_59' title='bbox 2017 775 2158 829; x_wconf 87' lang='lat' dir='ltr'><strong>unde</strong></span> 
     </span>
    </p>
   </div>
   <div class='ocr_carea' id='block_1_10' title="bbox 563 867 2158 950">
    <p class='ocr_par' dir='ltr' id='par_1_10' title="bbox 563 867 2158 950">
     <span class='ocr_line' id='line_1_10' title="bbox 563 867 2158 950; baseline -0.013 -10"><span class='ocrx_word' id='word_1_60' title='bbox 563 885 712 940; x_wconf 90' lang='lat' dir='ltr'><strong>stulti</strong></span> <span class='ocrx_word' id='word_1_61' title='bbox 746 881 907 936; x_wconf 86' lang='lat' dir='ltr'><strong>sunt?</strong></span> <span class='ocrx_word' id='word_1_62' title='bbox 948 879 1090 950; x_wconf 90' lang='lat' dir='ltr'><strong>quod</strong></span> <span class='ocrx_word' id='word_1_63' title='bbox 1133 879 1238 932; x_wconf 89' lang='lat' dir='ltr'><strong>illis</strong></span> <span class='ocrx_word' id='word_1_64' title='bbox 1267 889 1580 946; x_wconf 87' lang='lat' dir='ltr'><strong>persuasum</strong></span> <span class='ocrx_word' id='word_1_65' title='bbox 1615 883 1699 927; x_wconf 85' lang='lat' dir='ltr'><strong>est</strong></span> <span class='ocrx_word' id='word_1_66' title='bbox 1727 871 1910 927; x_wconf 87' lang='lat' dir='ltr'><strong>colere</strong></span> <span class='ocrx_word' id='word_1_67' title='bbox 1950 867 2158 939; x_wconf 86' lang='lat' dir='ltr'><strong>judais-</strong></span> 
     </span>
    </p>
   </div>
   <div class='ocr_carea' id='block_1_11' title="bbox 563 961 2156 1044">
    <p class='ocr_par' dir='ltr' id='par_1_11' title="bbox 563 961 2156 1044">
     <span class='ocr_line' id='line_1_11' title="bbox 563 961 2156 1044; baseline -0.011 -14"><span class='ocrx_word' id='word_1_68' title='bbox 563 992 732 1031; x_wconf 88' lang='lat' dir='ltr'><strong>mum.</strong></span> <span class='ocrx_word' id='word_1_69' title='bbox 761 975 904 1044; x_wconf 87' lang='lat' dir='ltr'><strong>Ergo</strong></span> <span class='ocrx_word' id='word_1_70' title='bbox 925 971 1257 1042; x_wconf 78' lang='lat' dir='ltr'><strong>proscriptus</strong></span> <span class='ocrx_word' id='word_1_71' title='bbox 1288 967 1534 1023; x_wconf 64' lang='lat' dir='ltr'><strong>Christus</strong></span> <span class='ocrx_word' id='word_1_72' title='bbox 1561 974 1665 1031; x_wconf 90' lang='lat' dir='ltr'><strong>est,</strong></span> <span class='ocrx_word' id='word_1_73' title='bbox 1697 964 1748 1018; x_wconf 91' lang='lat' dir='ltr'><strong>id</strong></span> <span class='ocrx_word' id='word_1_74' title='bbox 1768 972 1848 1016; x_wconf 85' lang='lat' dir='ltr'><strong>est</strong></span> <span class='ocrx_word' id='word_1_75' title='bbox 1879 962 2017 1015; x_wconf 92' lang='lat' dir='ltr'><strong>bona</strong></span> <span class='ocrx_word' id='word_1_76' title='bbox 2039 961 2156 1028; x_wconf 87' lang='lat' dir='ltr'><strong>ejus</strong></span> 
     </span>
    </p>
   </div>
   <div class='ocr_carea' id='block_1_12' title="bbox 557 1053 2153 1128">
    <p class='ocr_par' dir='ltr' id='par_1_12' title="bbox 557 1053 2153 1128">
     <span class='ocr_line' id='line_1_12' title="bbox 557 1053 2153 1128; baseline -0.013 -5"><span class='ocrx_word' id='word_1_77' title='bbox 557 1068 813 1123; x_wconf 83' lang='lat' dir='ltr'><strong>distracta</strong></span> <span class='ocrx_word' id='word_1_78' title='bbox 845 1074 900 1118; x_wconf 93' lang='lat' dir='ltr'><strong>et</strong></span> <span class='ocrx_word' id='word_1_79' title='bbox 920 1063 1132 1116; x_wconf 88' lang='lat' dir='ltr'><strong>vendita</strong></span> <span class='ocrx_word' id='word_1_80' title='bbox 1163 1068 1307 1126; x_wconf 89' lang='lat' dir='ltr'><strong>sunt,</strong></span> <span class='ocrx_word' id='word_1_81' title='bbox 1349 1074 1469 1128; x_wconf 68' lang='lat' dir='ltr'><strong>qua:</strong></span> <span class='ocrx_word' id='word_1_82' title='bbox 1499 1058 1682 1125; x_wconf 78' lang='lat' dir='ltr'><strong>utique</strong></span> <span class='ocrx_word' id='word_1_83' title='bbox 1712 1056 1764 1109; x_wconf 91' lang='lat' dir='ltr'><strong>in</strong></span> <span class='ocrx_word' id='word_1_84' title='bbox 1795 1053 1948 1108; x_wconf 89' lang='lat' dir='ltr'><strong>nobis</strong></span> <span class='ocrx_word' id='word_1_85' title='bbox 1977 1058 2153 1114; x_wconf 88' lang='lat' dir='ltr'><strong>erant,</strong></span> 
     </span>
    </p>
   </div>
   <div class='ocr_carea' id='block_1_13' title="bbox 562 1142 2154 1228">
    <p class='ocr_par' dir='ltr' id='par_1_13' title="bbox 562 1142 2154 1228">
     <span class='ocr_line' id='line_1_13' title="bbox 562 1142 2154 1228; baseline -0.013 -11"><span class='ocrx_word' id='word_1_86' title='bbox 562 1171 617 1217; x_wconf 90' lang='lat' dir='ltr'><strong>et</strong></span> <span class='ocrx_word' id='word_1_87' title='bbox 659 1157 915 1228; x_wconf 89' lang='lat' dir='ltr'><strong>judaismi</strong></span> <span class='ocrx_word' id='word_1_88' title='bbox 976 1152 1327 1226; x_wconf 67' lang='lat' dir='ltr'><strong>persuasione</strong></span> <span class='ocrx_word' id='word_1_89' title='bbox 1382 1151 1680 1222; x_wconf 90' lang='lat' dir='ltr'><strong>proscripta</strong></span> <span class='ocrx_word' id='word_1_90' title='bbox 1737 1156 1880 1212; x_wconf 90' lang='lat' dir='ltr'><strong>sunt,</strong></span> <span class='ocrx_word' id='word_1_91' title='bbox 1938 1142 2154 1199; x_wconf 87' lang='lat' dir='ltr'><strong>vendita</strong></span> 
     </span>
    </p>
   </div>
   <div class='ocr_carea' id='block_1_14' title="bbox 559 1243 2153 1325">
    <p class='ocr_par' dir='ltr' id='par_1_14' title="bbox 559 1243 2153 1325">
     <span class='ocr_line' id='line_1_14' title="bbox 559 1243 2153 1325; baseline -0.009 -14"><span class='ocrx_word' id='word_1_92' title='bbox 559 1268 612 1312; x_wconf 91' lang='lat' dir='ltr'><strong>et</strong></span> <span class='ocrx_word' id='word_1_93' title='bbox 661 1255 891 1325; x_wconf 88' lang='lat' dir='ltr'><strong>perdita.</strong></span> <span class='ocrx_word' id='word_1_94' title='bbox 937 1251 1080 1320; x_wconf 83' lang='lat' dir='ltr'><strong>Ergo</strong></span> <span class='ocrx_word' id='word_1_95' title='bbox 1104 1249 1274 1316; x_wconf 91' lang='lat' dir='ltr'><strong>stulti,</strong></span> <span class='ocrx_word' id='word_1_96' title='bbox 1321 1264 1550 1319; x_wconf 89' lang='lat' dir='ltr'><strong>quorum</strong></span> <span class='ocrx_word' id='word_1_97' title='bbox 1595 1255 1718 1301; x_wconf 88' lang='lat' dir='ltr'><strong>ante</strong></span> <span class='ocrx_word' id='word_1_98' title='bbox 1764 1246 1949 1300; x_wconf 92' lang='lat' dir='ltr'><strong>oculos</strong></span> <span class='ocrx_word' id='word_1_99' title='bbox 1995 1243 2153 1298; x_wconf 87' lang='lat' dir='ltr'><strong>Jesus</strong></span> 
     </span>
    </p>
   </div>
   <div class='ocr_carea' id='block_1_15' title="bbox 559 1340 2148 1420">
    <p class='ocr_par' dir='ltr' id='par_1_15' title="bbox 559 1340 2148 1420">
     <span class='ocr_line' id='line_1_15' title="bbox 559 1340 2148 1420; baseline -0.011 -13"><span class='ocrx_word' id='word_1_100' title='bbox 559 1352 809 1408; x_wconf 86' lang='lat' dir='ltr'><strong>Christus</strong></span> <span class='ocrx_word' id='word_1_101' title='bbox 837 1349 1171 1420; x_wconf 85' lang='lat' dir='ltr'><strong>proscriptus</strong></span> <span class='ocrx_word' id='word_1_102' title='bbox 1193 1355 1297 1412; x_wconf 91' lang='lat' dir='ltr'><strong>est,</strong></span> <span class='ocrx_word' id='word_1_103' title='bbox 1325 1357 1380 1401; x_wconf 93' lang='lat' dir='ltr'><strong>ut</strong></span> <span class='ocrx_word' id='word_1_104' title='bbox 1402 1359 1464 1400; x_wconf 90' lang='lat' dir='ltr'><strong>ea</strong></span> <span class='ocrx_word' id='word_1_105' title='bbox 1488 1343 1626 1398; x_wconf 88' lang='lat' dir='ltr'><strong>bona</strong></span> <span class='ocrx_word' id='word_1_106' title='bbox 1653 1343 1704 1396; x_wconf 94' lang='lat' dir='ltr'><strong>in</strong></span> <span class='ocrx_word' id='word_1_107' title='bbox 1727 1340 1883 1395; x_wconf 81' lang='lat' dir='ltr'><strong>vobis</strong></span> <span class='ocrx_word' id='word_1_108' title='bbox 1907 1352 2148 1408; x_wconf 65' lang='lat' dir='ltr'><strong>praesen-</strong></span> 
     </span>
    </p>
   </div>
   <div class='ocr_carea' id='block_1_16' title="bbox 558 1431 2244 1516">
    <p class='ocr_par' dir='ltr' id='par_1_16' title="bbox 558 1431 2244 1516">
     <span class='ocr_line' id='line_1_16' title="bbox 558 1431 2244 1516; baseline -0.012 -16"><span class='ocrx_word' id='word_1_109' title='bbox 558 1446 702 1502; x_wconf 87' lang='lat' dir='ltr'><strong>tibus</strong></span> <span class='ocrx_word' id='word_1_110' title='bbox 743 1444 1006 1516; x_wconf 90' lang='lat' dir='ltr'><strong>perirent,</strong></span> <span class='ocrx_word' id='word_1_111' title='bbox 1042 1451 1101 1497; x_wconf 91' lang='lat' dir='ltr'><strong>ut</strong></span> <span class='ocrx_word' id='word_1_112' title='bbox 1138 1448 1366 1512; x_wconf 90' lang='lat' dir='ltr'><strong>pereunt</strong></span> <span class='ocrx_word' id='word_1_113' title='bbox 1406 1437 1496 1492; x_wconf 91' lang='lat' dir='ltr'><strong>illa</strong></span> <span class='ocrx_word' id='word_1_114' title='bbox 1531 1451 1650 1506; x_wconf 74' lang='lat' dir='ltr'><strong>qua:</strong></span> <span class='ocrx_word' id='word_1_115' title='bbox 1691 1431 2147 1505; x_wconf 89' lang='lat' dir='ltr'><strong>proseribuntur:</strong></span> <span class='ocrx_word' id='word_1_116' title='bbox 2235 1481 2244 1488; x_wconf 84' lang='grc'><em>,</em></span> 
     </span>
    </p>
   </div>
   <div class='ocr_carea' id='block_1_17' title="bbox 555 1521 2149 1613">
    <p class='ocr_par' dir='ltr' id='par_1_17' title="bbox 555 1521 2149 1613">
     <span class='ocr_line' id='line_1_17' title="bbox 555 1521 2149 1613; baseline -0.014 -16"><span class='ocrx_word' id='word_1_117' title='bbox 555 1540 697 1613; x_wconf 90' lang='lat' dir='ltr'><strong>quod</strong></span> <span class='ocrx_word' id='word_1_118' title='bbox 723 1556 830 1594; x_wconf 90' lang='lat' dir='ltr'><strong>non</strong></span> <span class='ocrx_word' id='word_1_119' title='bbox 851 1537 1150 1600; x_wconf 87' lang='lat' dir='ltr'><strong>restitistis,</strong></span> <span class='ocrx_word' id='word_1_120' title='bbox 1173 1551 1280 1589; x_wconf 90' lang='lat' dir='ltr'><strong>non</strong></span> <span class='ocrx_word' id='word_1_121' title='bbox 1305 1530 1662 1602; x_wconf 78' lang='lat' dir='ltr'><strong>repugnastis,</strong></span> <span class='ocrx_word' id='word_1_122' title='bbox 1682 1539 1737 1584; x_wconf 88' lang='lat' dir='ltr'><strong>et</strong></span> <span class='ocrx_word' id='word_1_123' title='bbox 1758 1527 1960 1582; x_wconf 91' lang='lat' dir='ltr'><strong>ideirco</strong></span> <span class='ocrx_word' id='word_1_124' title='bbox 1978 1521 2149 1579; x_wconf 88' lang='lat' dir='ltr'><strong>stulti.</strong></span> 
     </span>
    </p>
   </div>
   <div class='ocr_carea' id='block_1_18' title="bbox 559 1614 2149 1702">
    <p class='ocr_par' dir='ltr' id='par_1_18' title="bbox 559 1614 2149 1702">
     <span class='ocr_line' id='line_1_18' title="bbox 559 1614 2149 1702; baseline -0.013 -14"><span class='ocrx_word' id='word_1_125' title='bbox 559 1633 800 1702; x_wconf 86' lang='lat' dir='ltr'><strong>Denique</strong></span> <span class='ocrx_word' id='word_1_126' title='bbox 834 1639 886 1685; x_wconf 89' lang='lat' dir='ltr'><strong>et</strong></span> <span class='ocrx_word' id='word_1_127' title='bbox 920 1629 972 1684; x_wconf 90' lang='lat' dir='ltr'><strong>in</strong></span> <span class='ocrx_word' id='word_1_128' title='bbox 1009 1629 1110 1682; x_wconf 90' lang='lat' dir='ltr'><strong>hac</strong></span> <span class='ocrx_word' id='word_1_129' title='bbox 1130 1624 1397 1683; x_wconf 92' lang='lat' dir='ltr'><strong>sententia</strong></span> <span class='ocrx_word' id='word_1_130' title='bbox 1435 1623 1596 1678; x_wconf 88' lang='lat' dir='ltr'><strong>etiam</strong></span> <span class='ocrx_word' id='word_1_131' title='bbox 1642 1619 1770 1674; x_wconf 89' lang='lat' dir='ltr'><strong>illud</strong></span> <span class='ocrx_word' id='word_1_132' title='bbox 1810 1626 1895 1672; x_wconf 90' lang='lat' dir='ltr'><strong>est</strong></span> <span class='ocrx_word' id='word_1_133' title='bbox 1927 1614 2068 1686; x_wconf 88' lang='lat' dir='ltr'><strong>quod</strong></span> <span class='ocrx_word' id='word_1_134' title='bbox 2096 1614 2149 1667; x_wconf 92' lang='lat' dir='ltr'><strong>in</strong></span> 
     </span>
    </p>
   </div>
   <div class='ocr_carea' id='block_1_19' title="bbox 549 1718 1408 1780">
    <p class='ocr_par' dir='ltr' id='par_1_19' title="bbox 549 1718 1408 1780">
     <span class='ocr_line' id='line_1_19' title="bbox 549 1718 1408 1780; baseline -0.013 -1"><span class='ocrx_word' id='word_1_135' title='bbox 549 1725 704 1778; x_wconf 81' lang='lat' dir='ltr'><strong>vobis</strong></span> <span class='ocrx_word' id='word_1_136' title='bbox 724 1720 1005 1776; x_wconf 78' lang='lat' dir='ltr'><strong>cruciﬁxus</strong></span> <span class='ocrx_word' id='word_1_137' title='bbox 1019 1729 1101 1774; x_wconf 92' lang='lat' dir='ltr'><strong>est</strong></span> <span class='ocrx_word' id='word_1_138' title='bbox 1133 1718 1408 1780; x_wconf 75' lang='lat' dir='ltr'><strong>Christus;</strong></span> 
     </span>
    </p>
   </div>
   <div class='ocr_carea' id='block_1_20' title="bbox 551 1800 2147 1881">
    <p class='ocr_par' dir='ltr' id='par_1_20' title="bbox 551 1800 2147 1881">
     <span class='ocr_line' id='line_1_20' title="bbox 551 1800 2147 1881; baseline -0.013 -11"><span class='ocrx_word' id='word_1_139' title='bbox 551 1815 706 1872; x_wconf 88' lang='lat' dir='ltr'><strong>vobis</strong></span> <span class='ocrx_word' id='word_1_140' title='bbox 729 1815 806 1869; x_wconf 86' lang='lat' dir='ltr'><strong>illi</strong></span> <span class='ocrx_word' id='word_1_141' title='bbox 828 1813 1021 1877; x_wconf 73' lang='lat' dir='ltr'><strong>Judaei,</strong></span> <span class='ocrx_word' id='word_1_142' title='bbox 1048 1812 1135 1881; x_wconf 88' lang='lat' dir='ltr'><strong>qui</strong></span> <span class='ocrx_word' id='word_1_143' title='bbox 1161 1810 1314 1863; x_wconf 88' lang='lat' dir='ltr'><strong>vobis</strong></span> <span class='ocrx_word' id='word_1_144' title='bbox 1342 1813 1722 1869; x_wconf 84' lang='lat' dir='ltr'><strong>persuaserunt</strong></span> <span class='ocrx_word' id='word_1_145' title='bbox 1745 1811 1803 1855; x_wconf 92' lang='lat' dir='ltr'><strong>nt</strong></span> <span class='ocrx_word' id='word_1_146' title='bbox 1827 1800 2147 1869; x_wconf 86' lang='lat' dir='ltr'><strong>iudaismnm</strong></span> 
     </span>
    </p>
   </div>
   <div class='ocr_carea' id='block_1_21' title="bbox 554 1891 2150 1979">
    <p class='ocr_par' dir='ltr' id='par_1_21' title="bbox 554 1891 2150 1979">
     <span class='ocr_line' id='line_1_21' title="bbox 554 1891 2150 1979; baseline -0.014 -15"><span class='ocrx_word' id='word_1_147' title='bbox 554 1905 942 1979; x_wconf 83' lang='lat' dir='ltr'><strong>scqueremini,</strong></span> <span class='ocrx_word' id='word_1_148' title='bbox 968 1903 1108 1974; x_wconf 90' lang='lat' dir='ltr'><strong>quod</strong></span> <span class='ocrx_word' id='word_1_149' title='bbox 1135 1902 1374 1956; x_wconf 81' lang='lat' dir='ltr'><strong>fecerunt</strong></span> <span class='ocrx_word' id='word_1_150' title='bbox 1397 1897 1612 1953; x_wconf 88' lang='lat' dir='ltr'><strong>Christo</strong></span> <span class='ocrx_word' id='word_1_151' title='bbox 1637 1904 1694 1949; x_wconf 91' lang='lat' dir='ltr'><strong>ut</strong></span> <span class='ocrx_word' id='word_1_152' title='bbox 1718 1897 1766 1948; x_wconf 93' lang='lat' dir='ltr'><strong>in</strong></span> <span class='ocrx_word' id='word_1_153' title='bbox 1793 1907 2006 1948; x_wconf 92' lang='lat' dir='ltr'><strong>crucem</strong></span> <span class='ocrx_word' id='word_1_154' title='bbox 2050 1891 2150 1943; x_wconf 88' lang='lat' dir='ltr'><strong>tol-</strong></span> 
     </span>
    </p>
   </div>
   <div class='ocr_carea' id='block_1_22' title="bbox 545 1981 2150 2065">
    <p class='ocr_par' dir='ltr' id='par_1_22' title="bbox 545 1981 2150 2065">
     <span class='ocr_line' id='line_1_22' title="bbox 545 1981 2150 2065; baseline -0.012 -10"><span class='ocrx_word' id='word_1_155' title='bbox 545 2001 763 2056; x_wconf 89' lang='lat' dir='ltr'><strong>lerent:</strong></span> <span class='ocrx_word' id='word_1_156' title='bbox 799 1999 879 2053; x_wconf 93' lang='lat' dir='ltr'><strong>sic</strong></span> <span class='ocrx_word' id='word_1_157' title='bbox 909 2005 965 2053; x_wconf 92' lang='lat' dir='ltr'><strong>et</strong></span> <span class='ocrx_word' id='word_1_158' title='bbox 999 1991 1374 2065; x_wconf 87' lang='lat' dir='ltr'><strong>persuadendo</strong></span> <span class='ocrx_word' id='word_1_159' title='bbox 1413 1990 1567 2044; x_wconf 89' lang='lat' dir='ltr'><strong>vobis</strong></span> <span class='ocrx_word' id='word_1_160' title='bbox 1605 1985 1860 2059; x_wconf 84' lang='lat' dir='ltr'><strong>judaismi</strong></span> <span class='ocrx_word' id='word_1_161' title='bbox 1909 1981 2150 2053; x_wconf 87' lang='lat' dir='ltr'><strong>discipli-</strong></span> 
     </span>
    </p>
   </div>
   <div class='ocr_carea' id='block_1_23' title="bbox 548 2079 2145 2157">
    <p class='ocr_par' dir='ltr' id='par_1_23' title="bbox 548 2079 2145 2157">
     <span class='ocr_line' id='line_1_23' title="bbox 548 2079 2145 2157; baseline -0.013 -9"><span class='ocrx_word' id='word_1_162' title='bbox 548 2109 694 2157; x_wconf 89' lang='lat' dir='ltr'><strong>nam,</strong></span> <span class='ocrx_word' id='word_1_163' title='bbox 720 2101 774 2147; x_wconf 91' lang='lat' dir='ltr'><strong>et</strong></span> <span class='ocrx_word' id='word_1_164' title='bbox 796 2091 949 2146; x_wconf 86' lang='lat' dir='ltr'><strong>vobis</strong></span> <span class='ocrx_word' id='word_1_165' title='bbox 973 2087 1243 2144; x_wconf 89' lang='lat' dir='ltr'><strong>Christum</strong></span> <span class='ocrx_word' id='word_1_166' title='bbox 1266 2082 1672 2141; x_wconf 85' lang='lat' dir='ltr'><strong>crnciﬁxerunt.</strong></span> <span class='ocrx_word' id='word_1_167' title='bbox 1697 2079 1854 2136; x_wconf 87' lang='lat' dir='ltr'><strong>Stulti</strong></span> <span class='ocrx_word' id='word_1_168' title='bbox 1877 2092 2004 2146; x_wconf 89' lang='lat' dir='ltr'><strong>ergo</strong></span> <span class='ocrx_word' id='word_1_169' title='bbox 2028 2089 2145 2141; x_wconf 90' lang='lat' dir='ltr'><strong>vos,</strong></span> 
     </span>
    </p>
   </div>
   <div class='ocr_carea' id='block_1_24' title="bbox 547 2165 2148 2252">
    <p class='ocr_par' dir='ltr' id='par_1_24' title="bbox 547 2165 2148 2252">
     <span class='ocr_line' id='line_1_24' title="bbox 547 2165 2148 2252; baseline -0.011 -13"><span class='ocrx_word' id='word_1_170' title='bbox 547 2184 773 2247; x_wconf 62' lang='lat' dir='ltr'><strong>Galatae,</strong></span> <span class='ocrx_word' id='word_1_171' title='bbox 802 2179 1109 2252; x_wconf 85' lang='lat' dir='ltr'><strong>perdidistis</strong></span> <span class='ocrx_word' id='word_1_172' title='bbox 1129 2194 1194 2233; x_wconf 83' lang='lat' dir='ltr'><strong>ex</strong></span> <span class='ocrx_word' id='word_1_173' title='bbox 1221 2175 1415 2232; x_wconf 79' lang='lat' dir='ltr'><strong>vestris</strong></span> <span class='ocrx_word' id='word_1_174' title='bbox 1435 2174 1630 2228; x_wconf 87' lang='lat' dir='ltr'><strong>animis</strong></span> <span class='ocrx_word' id='word_1_175' title='bbox 1651 2171 1920 2226; x_wconf 81' lang='lat' dir='ltr'><strong>CltriSInm</strong></span> <span class='ocrx_word' id='word_1_176' title='bbox 1946 2175 2001 2223; x_wconf 88' lang='lat' dir='ltr'><strong>et</strong></span> <span class='ocrx_word' id='word_1_177' title='bbox 2030 2165 2148 2237; x_wconf 89' lang='lat' dir='ltr'><strong>ejus</strong></span> 
     </span>
    </p>
   </div>
   <div class='ocr_carea' id='block_1_25' title="bbox 548 2260 2143 2342">
    <p class='ocr_par' dir='ltr' id='par_1_25' title="bbox 548 2260 2143 2342">
     <span class='ocr_line' id='line_1_25' title="bbox 548 2260 2143 2342; baseline -0.011 -12"><span class='ocrx_word' id='word_1_178' title='bbox 548 2276 711 2330; x_wconf 90' lang='lat' dir='ltr'><strong>bona.</strong></span> <span class='ocrx_word' id='word_1_179' title='bbox 733 2273 926 2329; x_wconf 82' lang='lat' dir='ltr'><strong>Nescio</strong></span> <span class='ocrx_word' id='word_1_180' title='bbox 943 2271 1063 2342; x_wconf 89' lang='lat' dir='ltr'><strong>quis</strong></span> <span class='ocrx_word' id='word_1_181' title='bbox 1087 2270 1249 2342; x_wconf 86' lang='lat' dir='ltr'><strong>igitur</strong></span> <span class='ocrx_word' id='word_1_182' title='bbox 1265 2283 1362 2323; x_wconf 91' lang='lat' dir='ltr'><strong>vos</strong></span> <span class='ocrx_word' id='word_1_183' title='bbox 1388 2267 1438 2320; x_wconf 89' lang='lat' dir='ltr'><strong>in</strong></span> <span class='ocrx_word' id='word_1_184' title='bbox 1456 2263 1612 2319; x_wconf 90' lang='lat' dir='ltr'><strong>bonis</strong></span> <span class='ocrx_word' id='word_1_185' title='bbox 1634 2261 1826 2318; x_wconf 90' lang='lat' dir='ltr'><strong>vestris</strong></span> <span class='ocrx_word' id='word_1_186' title='bbox 1845 2260 2143 2323; x_wconf 80' lang='lat' dir='ltr'><strong>fascinavit.</strong></span> 
     </span>
    </p>
   </div>
   <div class='ocr_carea' id='block_1_26' title="bbox 618 2349 2146 2422">
    <p class='ocr_par' dir='ltr' id='par_1_26' title="bbox 618 2349 2146 2422">
     <span class='ocr_line' id='line_1_26' title="bbox 618 2349 2146 2422; baseline -0.012 0"><span class='ocrx_word' id='word_1_187' title='bbox 618 2367 786 2422; x_wconf 72' lang='lat' dir='ltr'><strong>Vsus.</strong></span> <span class='ocrx_word' id='word_1_188' title='bbox 809 2365 866 2420; x_wconf 63' lang='grc' dir='ltr'><strong>εἰ.</strong></span> <span class='ocrx_word' id='word_1_189' title='bbox 911 2392 984 2404; x_wconf 91' lang='lat'><strong>—-</strong></span> <span class='ocrx_word' id='word_1_190' title='bbox 1009 2361 1123 2416; x_wconf 86' lang='lat' dir='ltr'><strong>Hoc</strong></span> <span class='ocrx_word' id='word_1_191' title='bbox 1168 2361 1335 2415; x_wconf 80' lang='lat' dir='ltr'><strong>soluat</strong></span> <span class='ocrx_word' id='word_1_192' title='bbox 1366 2358 1480 2412; x_wconf 86' lang='lat' dir='ltr'><strong>volo</strong></span> <span class='ocrx_word' id='word_1_193' title='bbox 1524 2357 1716 2410; x_wconf 80' lang='lat' dir='ltr'><strong>discere</strong></span> <span class='ocrx_word' id='word_1_194' title='bbox 1745 2371 1778 2407; x_wconf 90' lang='lat' dir='ltr'><strong>a</strong></span> <span class='ocrx_word' id='word_1_195' title='bbox 1817 2353 1974 2407; x_wconf 83' lang='lat' dir='ltr'><strong>vobis.</strong></span> <span class='ocrx_word' id='word_1_196' title='bbox 2003 2349 2146 2406; x_wconf 87' lang='lat' dir='ltr'><strong>Nihil</strong></span> 
     </span>
    </p>
   </div>
   <div class='ocr_carea' id='block_1_27' title="bbox 545 2446 2144 2526">
    <p class='ocr_par' dir='ltr' id='par_1_27' title="bbox 545 2446 2144 2526">
     <span class='ocr_line' id='line_1_27' title="bbox 545 2446 2144 2526; baseline -0.012 -9"><span class='ocrx_word' id='word_1_197' title='bbox 545 2460 815 2526; x_wconf 86' lang='lat' dir='ltr'><strong>movebo,</strong></span> <span class='ocrx_word' id='word_1_198' title='bbox 867 2455 1000 2512; x_wconf 87' lang='lat' dir='ltr'><strong>nihil</strong></span> <span class='ocrx_word' id='word_1_199' title='bbox 1051 2455 1475 2525; x_wconf 84' lang='lat' dir='ltr'><strong>reprehendam;</strong></span> <span class='ocrx_word' id='word_1_200' title='bbox 1525 2453 1626 2506; x_wconf 87' lang='lat' dir='ltr'><strong>hoc</strong></span> <span class='ocrx_word' id='word_1_201' title='bbox 1665 2452 1881 2512; x_wconf 89' lang='lat' dir='ltr'><strong>solum,</strong></span> <span class='ocrx_word' id='word_1_202' title='bbox 1929 2446 2144 2516; x_wconf 88' lang='lat' dir='ltr'><strong>inquit,</strong></span> 
     </span>
    </p>
   </div>
   <div class='ocr_carea' id='block_1_28' title="bbox 543 2540 2144 2617">
    <p class='ocr_par' dir='ltr' id='par_1_28' title="bbox 543 2540 2144 2617">
     <span class='ocr_line' id='line_1_28' title="bbox 543 2540 2144 2617; baseline -0.012 -6"><span class='ocrx_word' id='word_1_203' title='bbox 543 2557 669 2612; x_wconf 90' lang='lat' dir='ltr'><strong>volo</strong></span> <span class='ocrx_word' id='word_1_204' title='bbox 709 2555 942 2617; x_wconf 88' lang='lat' dir='ltr'><strong>discere,</strong></span> <span class='ocrx_word' id='word_1_205' title='bbox 989 2561 1044 2605; x_wconf 91' lang='lat' dir='ltr'><strong>et</strong></span> <span class='ocrx_word' id='word_1_206' title='bbox 1088 2566 1118 2604; x_wconf 88' lang='lat' dir='ltr'><strong>a</strong></span> <span class='ocrx_word' id='word_1_207' title='bbox 1160 2549 1313 2604; x_wconf 86' lang='lat' dir='ltr'><strong>vobis</strong></span> <span class='ocrx_word' id='word_1_208' title='bbox 1348 2548 1593 2610; x_wconf 89' lang='lat' dir='ltr'><strong>discere;</strong></span> <span class='ocrx_word' id='word_1_209' title='bbox 1632 2560 1695 2598; x_wconf 80' lang='lat' dir='ltr'><strong>ea:</strong></span> <span class='ocrx_word' id='word_1_210' title='bbox 1749 2542 1982 2613; x_wconf 79' lang='lat' dir='ltr'><strong>operibus</strong></span> <span class='ocrx_word' id='word_1_211' title='bbox 2020 2540 2144 2610; x_wconf 85' lang='lat' dir='ltr'><strong>legis</strong></span> 
     </span>
    </p>
   </div>
   <div class='ocr_carea' id='block_1_29' title="bbox 547 2629 2140 2717">
    <p class='ocr_par' dir='ltr' id='par_1_29' title="bbox 547 2629 2140 2717">
     <span class='ocr_line' id='line_1_29' title="bbox 547 2629 2140 2717; baseline -0.011 -15"><span class='ocrx_word' id='word_1_212' title='bbox 547 2647 789 2717; x_wconf 78' lang='lat' dir='ltr'><strong>spiritum</strong></span> <span class='ocrx_word' id='word_1_213' title='bbox 833 2643 1118 2712; x_wconf 85' lang='lat' dir='ltr'><strong>accepistis,</strong></span> <span class='ocrx_word' id='word_1_214' title='bbox 1145 2657 1211 2693; x_wconf 87' lang='lat' dir='ltr'><strong>au</strong></span> <span class='ocrx_word' id='word_1_215' title='bbox 1234 2655 1297 2693; x_wconf 80' lang='lat' dir='ltr'><strong>ea:</strong></span> <span class='ocrx_word' id='word_1_216' title='bbox 1317 2637 1499 2690; x_wconf 86' lang='lat' dir='ltr'><strong>auditu</strong></span> <span class='ocrx_word' id='word_1_217' title='bbox 1525 2636 1643 2702; x_wconf 77' lang='lat' dir='ltr'><strong>ﬁdei</strong></span> <span class='ocrx_word' id='word_1_218' title='bbox 1667 2649 1774 2704; x_wconf 91' lang='lat' dir='ltr'><strong>quo</strong></span> <span class='ocrx_word' id='word_1_219' title='bbox 1798 2633 2049 2688; x_wconf 76' lang='lat' dir='ltr'><strong>meliores</strong></span> <span class='ocrx_word' id='word_1_220' title='bbox 2074 2629 2140 2684; x_wconf 88' lang='lat' dir='ltr'><strong>ad</strong></span> 
     </span>
    </p>
   </div>
   <div class='ocr_carea' id='block_1_30' title="bbox 544 2722 2145 2806">
    <p class='ocr_par' dir='ltr' id='par_1_30' title="bbox 544 2722 2145 2806">
     <span class='ocr_line' id='line_1_30' title="bbox 544 2722 2145 2806; baseline -0.011 -13"><span class='ocrx_word' id='word_1_221' title='bbox 544 2738 640 2793; x_wconf 90' lang='lat' dir='ltr'><strong>Dei</strong></span> <span class='ocrx_word' id='word_1_222' title='bbox 667 2736 1028 2806; x_wconf 84' lang='lat' dir='ltr'><strong>cognitionem</strong></span> <span class='ocrx_word' id='word_1_223' title='bbox 1053 2746 1173 2788; x_wconf 90' lang='lat' dir='ltr'><strong>esse</strong></span> <span class='ocrx_word' id='word_1_224' title='bbox 1195 2728 1434 2801; x_wconf 57' lang='lat' dir='ltr'><strong>coepisﬁs</strong></span> <span class='ocrx_word' id='word_1_225' title='bbox 1450 2729 1473 2781; x_wconf 88' lang='lat'><strong>?</strong></span> <span class='ocrx_word' id='word_1_226' title='bbox 1492 2726 1667 2792; x_wconf 91' lang='lat' dir='ltr'><strong>Unde,</strong></span> <span class='ocrx_word' id='word_1_227' title='bbox 1686 2725 1876 2794; x_wconf 72' lang='lat' dir='ltr'><strong>intulit,</strong></span> <span class='ocrx_word' id='word_1_228' title='bbox 1901 2722 2145 2794; x_wconf 83' lang='lat' dir='ltr'><strong>provenit</strong></span> 
     </span>
    </p>
   </div>
   <div class='ocr_carea' id='block_1_31' title="bbox 544 2819 2144 2897">
    <p class='ocr_par' dir='ltr' id='par_1_31' title="bbox 544 2819 2144 2897">
     <span class='ocr_line' id='line_1_31' title="bbox 544 2819 2144 2897; baseline -0.014 -9"><span class='ocrx_word' id='word_1_229' title='bbox 544 2830 699 2888; x_wconf 88' lang='lat' dir='ltr'><strong>vobis</strong></span> <span class='ocrx_word' id='word_1_230' title='bbox 735 2827 982 2897; x_wconf 83' lang='lat' dir='ltr'><strong>accipere</strong></span> <span class='ocrx_word' id='word_1_231' title='bbox 1006 2824 1279 2895; x_wconf 86' lang='lat' dir='ltr'><strong>spiritum,</strong></span> <span class='ocrx_word' id='word_1_232' title='bbox 1303 2838 1372 2877; x_wconf 87' lang='lat' dir='ltr'><strong>ex</strong></span> <span class='ocrx_word' id='word_1_233' title='bbox 1402 2821 1655 2891; x_wconf 86' lang='lat' dir='ltr'><strong>operibus</strong></span> <span class='ocrx_word' id='word_1_234' title='bbox 1679 2819 1833 2888; x_wconf 79' lang='lat' dir='ltr'><strong>legis,</strong></span> <span class='ocrx_word' id='word_1_235' title='bbox 1859 2831 1924 2870; x_wconf 90' lang='lat' dir='ltr'><strong>an</strong></span> <span class='ocrx_word' id='word_1_236' title='bbox 1949 2831 2013 2870; x_wconf 85' lang='lat' dir='ltr'><strong>ex</strong></span> <span class='ocrx_word' id='word_1_237' title='bbox 2049 2831 2144 2867; x_wconf 88' lang='lat' dir='ltr'><strong>an—</strong></span> 
     </span>
    </p>
   </div>
   <div class='ocr_carea' id='block_1_32' title="bbox 552 2908 2142 2989">
    <p class='ocr_par' dir='ltr' id='par_1_32' title="bbox 552 2908 2142 2989">
     <span class='ocr_line' id='line_1_32' title="bbox 552 2908 2142 2989; baseline -0.012 -9"><span class='ocrx_word' id='word_1_238' title='bbox 552 2926 667 2981; x_wconf 91' lang='lat' dir='ltr'><strong>ditu</strong></span> <span class='ocrx_word' id='word_1_239' title='bbox 712 2923 876 2977; x_wconf 89' lang='lat' dir='ltr'><strong>ﬁdei?</strong></span> <span class='ocrx_word' id='word_1_240' title='bbox 925 2918 1060 2976; x_wconf 92' lang='lat' dir='ltr'><strong>Cum</strong></span> <span class='ocrx_word' id='word_1_241' title='bbox 1084 2934 1213 2989; x_wconf 89' lang='lat' dir='ltr'><strong>ergo</strong></span> <span class='ocrx_word' id='word_1_242' title='bbox 1249 2916 1407 2972; x_wconf 82' lang='lat' dir='ltr'><strong>vobis</strong></span> <span class='ocrx_word' id='word_1_243' title='bbox 1447 2911 1837 2984; x_wconf 85' lang='lat' dir='ltr'><strong>evangelizavi,</strong></span> <span class='ocrx_word' id='word_1_244' title='bbox 1861 2927 1928 2964; x_wconf 77' lang='lat' dir='ltr'><strong>ex</strong></span> <span class='ocrx_word' id='word_1_245' title='bbox 1957 2908 2142 2964; x_wconf 91' lang='lat' dir='ltr'><strong>auditu</strong></span> 
     </span>
    </p>
   </div>
   <div class='ocr_carea' id='block_1_33' title="bbox 542 3001 2136 3084">
    <p class='ocr_par' dir='ltr' id='par_1_33' title="bbox 542 3001 2136 3084">
     <span class='ocr_line' id='line_1_33' title="bbox 542 3001 2136 3084; baseline -0.012 -12"><span class='ocrx_word' id='word_1_246' title='bbox 542 3016 668 3072; x_wconf 86' lang='lat' dir='ltr'><strong>ﬁdei</strong></span> <span class='ocrx_word' id='word_1_247' title='bbox 693 3013 943 3084; x_wconf 80' lang='lat' dir='ltr'><strong>Spiritum</strong></span> <span class='ocrx_word' id='word_1_248' title='bbox 969 3009 1253 3080; x_wconf 90' lang='lat' dir='ltr'><strong>accepistis</strong></span> <span class='ocrx_word' id='word_1_249' title='bbox 1279 3027 1290 3060; x_wconf 89' lang='lat'>:</span> <span class='ocrx_word' id='word_1_250' title='bbox 1317 3023 1422 3062; x_wconf 93' lang='lat' dir='ltr'><strong>non</strong></span> <span class='ocrx_word' id='word_1_251' title='bbox 1447 3021 1574 3075; x_wconf 86' lang='lat' dir='ltr'><strong>ergo</strong></span> <span class='ocrx_word' id='word_1_252' title='bbox 1599 3021 1664 3058; x_wconf 81' lang='lat' dir='ltr'><strong>ex</strong></span> <span class='ocrx_word' id='word_1_253' title='bbox 1705 3002 1958 3072; x_wconf 85' lang='lat' dir='ltr'><strong>operibus</strong></span> <span class='ocrx_word' id='word_1_254' title='bbox 1984 3001 2136 3070; x_wconf 83' lang='lat' dir='ltr'><strong>legis.</strong></span> 
     </span>
    </p>
   </div>
   <div class='ocr_carea' id='block_1_34' title="bbox 2263 396 3747 470">
    <p class='ocr_par' dir='ltr' id='par_1_34' title="bbox 2263 396 3747 470">
     <span class='ocr_line' id='line_1_34' title="bbox 2263 396 3747 470; baseline -0.001 -15"><span class='ocrx_word' id='word_1_255' title='bbox 2263 402 2578 470; x_wconf 85' lang='lat' dir='ltr'><strong>spiritaliter</strong></span> <span class='ocrx_word' id='word_1_256' title='bbox 2606 401 2883 460; x_wconf 84' lang='lat' dir='ltr'><strong>viverent;</strong></span> <span class='ocrx_word' id='word_1_257' title='bbox 2919 399 3225 454; x_wconf 89' lang='lat' dir='ltr'><strong>necessario</strong></span> <span class='ocrx_word' id='word_1_258' title='bbox 3253 396 3387 451; x_wconf 90' lang='lat' dir='ltr'><strong>enim</strong></span> <span class='ocrx_word' id='word_1_259' title='bbox 3417 399 3493 466; x_wconf 88' lang='lat' dir='ltr'><strong>qui</strong></span> <span class='ocrx_word' id='word_1_260' title='bbox 3521 399 3747 466; x_wconf 79' lang='lat' dir='ltr'><strong>spiritaliter</strong></span> 
     </span>
    </p>
   </div>
   <div class='ocr_carea' id='block_1_35' title="bbox 2267 491 3749 567">
    <p class='ocr_par' dir='ltr' id='par_1_35' title="bbox 2267 491 3749 567">
     <span class='ocr_line' id='line_1_35' title="bbox 2267 491 3749 567; baseline -0.001 -17"><span class='ocrx_word' id='word_1_261' title='bbox 2267 499 2452 567; x_wconf 89' lang='lat' dir='ltr'><strong>incipit</strong></span> <span class='ocrx_word' id='word_1_262' title='bbox 2481 497 2686 564; x_wconf 87' lang='lat' dir='ltr'><strong>vivere,</strong></span> <span class='ocrx_word' id='word_1_263' title='bbox 2718 495 2843 550; x_wconf 88' lang='lat' dir='ltr'><strong>dum</strong></span> <span class='ocrx_word' id='word_1_264' title='bbox 2875 493 3058 564; x_wconf 89' lang='lat' dir='ltr'><strong>abjieit</strong></span> <span class='ocrx_word' id='word_1_265' title='bbox 3096 491 3359 547; x_wconf 88' lang='lat' dir='ltr'><strong>mundana</strong></span> <span class='ocrx_word' id='word_1_266' title='bbox 3380 533 3394 556; x_wconf 93' lang='lat'><strong>,</strong></span> <span class='ocrx_word' id='word_1_267' title='bbox 3438 491 3548 545; x_wconf 89' lang='lat' dir='ltr'><strong>dum</strong></span> <span class='ocrx_word' id='word_1_268' title='bbox 3589 495 3749 549; x_wconf 77' lang='lat' dir='ltr'><strong>sustinet</strong></span> 
     </span>
    </p>
   </div>
   <div class='ocr_carea' id='block_1_36' title="bbox 2263 583 3750 653">
    <p class='ocr_par' dir='ltr' id='par_1_36' title="bbox 2263 583 3750 653">
     <span class='ocr_line' id='line_1_36' title="bbox 2263 583 3750 653; baseline -0.003 -10"><span class='ocrx_word' id='word_1_269' title='bbox 2263 604 2384 643; x_wconf 88' lang='lat' dir='ltr'><strong>cum</strong></span> <span class='ocrx_word' id='word_1_270' title='bbox 2417 589 2630 643; x_wconf 89' lang='lat' dir='ltr'><strong>novello</strong></span> <span class='ocrx_word' id='word_1_271' title='bbox 2658 602 2756 642; x_wconf 91' lang='lat' dir='ltr'><strong>suo</strong></span> <span class='ocrx_word' id='word_1_272' title='bbox 2786 585 3004 640; x_wconf 92' lang='lat' dir='ltr'><strong>homine</strong></span> <span class='ocrx_word' id='word_1_273' title='bbox 3035 584 3283 638; x_wconf 85' lang='lat' dir='ltr'><strong>invidiam</strong></span> <span class='ocrx_word' id='word_1_274' title='bbox 3312 583 3588 638; x_wconf 66' lang='lat' dir='ltr'><strong>Graecorum</strong></span> <span class='ocrx_word' id='word_1_275' title='bbox 3611 593 3654 638; x_wconf 90' lang='lat' dir='ltr'><strong>et</strong></span> <span class='ocrx_word' id='word_1_276' title='bbox 3667 600 3750 653; x_wconf 80' lang='lat' dir='ltr'><strong>gen-</strong></span> 
     </span>
    </p>
   </div>
   <div class='ocr_carea' id='block_1_37' title="bbox 2262 676 3752 752">
    <p class='ocr_par' dir='ltr' id='par_1_37' title="bbox 2262 676 3752 752">
     <span class='ocr_line' id='line_1_37' title="bbox 2262 676 3752 752; baseline -0.003 -14"><span class='ocrx_word' id='word_1_277' title='bbox 2262 684 2393 738; x_wconf 90' lang='lat' dir='ltr'><strong>tium</strong></span> <span class='ocrx_word' id='word_1_278' title='bbox 2427 683 2790 752; x_wconf 67' lang='lat' dir='ltr'><strong>imperit-irum</strong></span> <span class='ocrx_word' id='word_1_279' title='bbox 2811 722 2825 746; x_wconf 88' lang='lat'><strong>,</strong></span> <span class='ocrx_word' id='word_1_280' title='bbox 2857 681 3020 734; x_wconf 85' lang='lat' dir='ltr'><strong>multa</strong></span> <span class='ocrx_word' id='word_1_281' title='bbox 3052 692 3273 733; x_wconf 88' lang='lat' dir='ltr'><strong>necesse</strong></span> <span class='ocrx_word' id='word_1_282' title='bbox 3313 685 3391 731; x_wconf 91' lang='lat' dir='ltr'><strong>est</strong></span> <span class='ocrx_word' id='word_1_283' title='bbox 3433 676 3644 745; x_wconf 89' lang='lat' dir='ltr'><strong>patiatur,</strong></span> <span class='ocrx_word' id='word_1_284' title='bbox 3672 693 3752 747; x_wconf 66' lang='lat' dir='ltr'><strong>qua</strong></span> 
     </span>
    </p>
   </div>
   <div class='ocr_carea' id='block_1_38' title="bbox 2263 767 3755 843">
    <p class='ocr_par' dir='ltr' id='par_1_38' title="bbox 2263 767 3755 843">
     <span class='ocr_line' id='line_1_38' title="bbox 2263 767 3755 843; baseline -0.003 -16"><span class='ocrx_word' id='word_1_285' title='bbox 2263 773 2447 843; x_wconf 90' lang='lat' dir='ltr'><strong>utique</strong></span> <span class='ocrx_word' id='word_1_286' title='bbox 2479 786 2663 841; x_wconf 89' lang='lat' dir='ltr'><strong>passos</strong></span> <span class='ocrx_word' id='word_1_287' title='bbox 2691 770 2823 826; x_wconf 90' lang='lat' dir='ltr'><strong>dicit</strong></span> <span class='ocrx_word' id='word_1_288' title='bbox 2849 770 3084 827; x_wconf 86' lang='lat' dir='ltr'><strong>Galatas.</strong></span> <span class='ocrx_word' id='word_1_289' title='bbox 3136 767 3332 830; x_wconf 74' lang='lat' dir='ltr'><strong>Verum</strong></span> <span class='ocrx_word' id='word_1_290' title='bbox 3369 781 3480 820; x_wconf 89' lang='lat' dir='ltr'><strong>cum</strong></span> <span class='ocrx_word' id='word_1_291' title='bbox 3510 775 3628 820; x_wconf 83' lang='lat' dir='ltr'><strong>tanta</strong></span> <span class='ocrx_word' id='word_1_292' title='bbox 3658 769 3755 838; x_wconf 81' lang='lat' dir='ltr'><strong>passi</strong></span> 
     </span>
    </p>
   </div>
   <div class='ocr_carea' id='block_1_39' title="bbox 2262 859 3757 933">
    <p class='ocr_par' dir='ltr' id='par_1_39' title="bbox 2262 859 3757 933">
     <span class='ocr_line' id='line_1_39' title="bbox 2262 859 3757 933; baseline -0.002 -14"><span class='ocrx_word' id='word_1_293' title='bbox 2262 865 2400 927; x_wconf 88' lang='lat' dir='ltr'><strong>Sitis,</strong></span> <span class='ocrx_word' id='word_1_294' title='bbox 2433 863 2536 918; x_wconf 91' lang='lat' dir='ltr'><strong>hoc</strong></span> <span class='ocrx_word' id='word_1_295' title='bbox 2567 864 2735 933; x_wconf 87' lang='lat' dir='ltr'><strong>magis</strong></span> <span class='ocrx_word' id='word_1_296' title='bbox 2761 862 3052 917; x_wconf 89' lang='lat' dir='ltr'><strong>dolendum</strong></span> <span class='ocrx_word' id='word_1_297' title='bbox 3083 861 3224 930; x_wconf 87' lang='lat' dir='ltr'><strong>quod</strong></span> <span class='ocrx_word' id='word_1_298' title='bbox 3253 860 3369 914; x_wconf 83' lang='lat' dir='ltr'><strong>sine</strong></span> <span class='ocrx_word' id='word_1_299' title='bbox 3397 874 3538 914; x_wconf 90' lang='lat' dir='ltr'><strong>causa</strong></span> <span class='ocrx_word' id='word_1_300' title='bbox 3557 859 3668 928; x_wconf 81' lang='lat' dir='ltr'><strong>passi</strong></span> <span class='ocrx_word' id='word_1_301' title='bbox 3689 875 3757 916; x_wconf 82' lang='lat' dir='ltr'><strong>non</strong></span> 
     </span>
    </p>
   </div>
   <div class='ocr_carea' id='block_1_40' title="bbox 2263 952 3761 1026">
    <p class='ocr_par' dir='ltr' id='par_1_40' title="bbox 2263 952 3761 1026">
     <span class='ocr_line' id='line_1_40' title="bbox 2263 952 3761 1026; baseline 0.001 -17"><span class='ocrx_word' id='word_1_302' title='bbox 2263 956 2584 1026; x_wconf 86' lang='lat' dir='ltr'><strong>pervenistis</strong></span> <span class='ocrx_word' id='word_1_303' title='bbox 2613 955 2679 1009; x_wconf 88' lang='lat' dir='ltr'><strong>ad</strong></span> <span class='ocrx_word' id='word_1_304' title='bbox 2714 956 2990 1025; x_wconf 61' lang='lat' dir='ltr'><strong>praemium</strong></span> <span class='ocrx_word' id='word_1_305' title='bbox 3023 971 3087 1009; x_wconf 85' lang='lat' dir='ltr'><strong>ex</strong></span> <span class='ocrx_word' id='word_1_306' title='bbox 3121 952 3248 1018; x_wconf 87' lang='lat' dir='ltr'><strong>ﬁde,</strong></span> <span class='ocrx_word' id='word_1_307' title='bbox 3284 961 3485 1022; x_wconf 87' lang='lat' dir='ltr'><strong>prepter</strong></span> <span class='ocrx_word' id='word_1_308' title='bbox 3511 962 3761 1022; x_wconf 76' lang='lat' dir='ltr'><strong>quamtanta</strong></span> 
     </span>
    </p>
   </div>
   <div class='ocr_carea' id='block_1_41' title="bbox 2264 1043 3763 1116">
    <p class='ocr_par' dir='ltr' id='par_1_41' title="bbox 2264 1043 3763 1116">
     <span class='ocr_line' id='line_1_41' title="bbox 2264 1043 3763 1116; baseline 0 -16"><span class='ocrx_word' id='word_1_309' title='bbox 2264 1047 2402 1116; x_wconf 90' lang='lat' dir='ltr'><strong>passi</strong></span> <span class='ocrx_word' id='word_1_310' title='bbox 2434 1047 2570 1101; x_wconf 87' lang='lat' dir='ltr'><strong>sitis.</strong></span> <span class='ocrx_word' id='word_1_311' title='bbox 2600 1045 2677 1100; x_wconf 91' lang='lat' dir='ltr'><strong>Ne</strong></span> <span class='ocrx_word' id='word_1_312' title='bbox 2707 1045 3000 1116; x_wconf 89' lang='lat' dir='ltr'><strong>desperare</strong></span> <span class='ocrx_word' id='word_1_313' title='bbox 3023 1054 3201 1100; x_wconf 87' lang='lat' dir='ltr'><strong>tamen</strong></span> <span class='ocrx_word' id='word_1_314' title='bbox 3232 1043 3508 1107; x_wconf 88' lang='lat' dir='ltr'><strong>videretur,</strong></span> <span class='ocrx_word' id='word_1_315' title='bbox 3535 1044 3650 1114; x_wconf 89' lang='lat' dir='ltr'><strong>quod</strong></span> <span class='ocrx_word' id='word_1_316' title='bbox 3674 1045 3763 1100; x_wconf 82' lang='lat' dir='ltr'><strong>dixit</strong></span> 
     </span>
    </p>
   </div>
   <div class='ocr_carea' id='block_1_42' title="bbox 2261 1135 3762 1206">
    <p class='ocr_par' dir='ltr' id='par_1_42' title="bbox 2261 1135 3762 1206">
     <span class='ocr_line' id='line_1_42' title="bbox 2261 1135 3762 1206; baseline -0.001 -14"><span class='ocrx_word' id='word_1_317' title='bbox 2261 1138 2376 1192; x_wconf 91' lang='lat' dir='ltr'><strong>sine</strong></span> <span class='ocrx_word' id='word_1_318' title='bbox 2405 1152 2564 1193; x_wconf 85' lang='lat' dir='ltr'><strong>causa</strong></span> <span class='ocrx_word' id='word_1_319' title='bbox 2586 1178 2600 1203; x_wconf 93' lang='lat'><strong>,</strong></span> <span class='ocrx_word' id='word_1_320' title='bbox 2633 1137 2870 1191; x_wconf 83' lang='lat' dir='ltr'><strong>correxit</strong></span> <span class='ocrx_word' id='word_1_321' title='bbox 2913 1136 3388 1206; x_wconf 89' lang='lat' dir='ltr'><strong>reprehensionem</strong></span> <span class='ocrx_word' id='word_1_322' title='bbox 3417 1149 3553 1190; x_wconf 89' lang='lat' dir='ltr'><strong>suam</strong></span> <span class='ocrx_word' id='word_1_323' title='bbox 3579 1135 3762 1201; x_wconf 85' lang='lat' dir='ltr'><strong>dicendo,</strong></span> 
     </span>
    </p>
   </div>
   <div class='ocr_carea' id='block_1_43' title="bbox 2258 1227 3767 1300">
    <p class='ocr_par' dir='ltr' id='par_1_43' title="bbox 2258 1227 3767 1300">
     <span class='ocr_line' id='line_1_43' title="bbox 2258 1227 3767 1300; baseline 0 -16"><span class='ocrx_word' id='word_1_324' title='bbox 2258 1230 2303 1284; x_wconf 88' lang='lat' dir='ltr'><strong>si</strong></span> <span class='ocrx_word' id='word_1_325' title='bbox 2325 1239 2491 1284; x_wconf 87' lang='lat' dir='ltr'><strong>tamen</strong></span> <span class='ocrx_word' id='word_1_326' title='bbox 2516 1231 2624 1284; x_wconf 87' lang='lat' dir='ltr'><strong>sine</strong></span> <span class='ocrx_word' id='word_1_327' title='bbox 2649 1246 2805 1284; x_wconf 82' lang='lat' dir='ltr'><strong>causa</strong></span> <span class='ocrx_word' id='word_1_328' title='bbox 2829 1246 2848 1283; x_wconf 89' lang='lat'><strong><em>:</em></strong></span> <span class='ocrx_word' id='word_1_329' title='bbox 2878 1235 3105 1300; x_wconf 90' lang='lat' dir='ltr'><strong>possunt</strong></span> <span class='ocrx_word' id='word_1_330' title='bbox 3132 1228 3274 1283; x_wconf 89' lang='lat' dir='ltr'><strong>enim</strong></span> <span class='ocrx_word' id='word_1_331' title='bbox 3304 1227 3522 1298; x_wconf 78' lang='lat' dir='ltr'><strong>corrigi,</strong></span> <span class='ocrx_word' id='word_1_332' title='bbox 3549 1234 3599 1281; x_wconf 90' lang='lat' dir='ltr'><strong>ut</strong></span> <span class='ocrx_word' id='word_1_333' title='bbox 3621 1242 3700 1282; x_wconf 91' lang='lat' dir='ltr'><strong>non</strong></span> <span class='ocrx_word' id='word_1_334' title='bbox 3720 1229 3767 1284; x_wconf 82' lang='lat' dir='ltr'><strong>sit</strong></span> 
     </span>
    </p>
   </div>
   <div class='ocr_carea' id='block_1_44' title="bbox 2258 1318 3767 1390">
    <p class='ocr_par' dir='ltr' id='par_1_44' title="bbox 2258 1318 3767 1390">
     <span class='ocr_line' id='line_1_44' title="bbox 2258 1318 3767 1390; baseline -0.003 -14"><span class='ocrx_word' id='word_1_335' title='bbox 2258 1321 2375 1376; x_wconf 91' lang='lat' dir='ltr'><strong>sine</strong></span> <span class='ocrx_word' id='word_1_336' title='bbox 2405 1335 2565 1376; x_wconf 82' lang='lat' dir='ltr'><strong>causa</strong></span> <span class='ocrx_word' id='word_1_337' title='bbox 2590 1319 2730 1390; x_wconf 92' lang='lat' dir='ltr'><strong>quod</strong></span> <span class='ocrx_word' id='word_1_338' title='bbox 2758 1321 2898 1390; x_wconf 89' lang='lat' dir='ltr'><strong>passi</strong></span> <span class='ocrx_word' id='word_1_339' title='bbox 2929 1327 3075 1384; x_wconf 92' lang='lat' dir='ltr'><strong>sunt,</strong></span> <span class='ocrx_word' id='word_1_340' title='bbox 3099 1318 3195 1374; x_wconf 91' lang='lat' dir='ltr'><strong>sed</strong></span> <span class='ocrx_word' id='word_1_341' title='bbox 3219 1318 3450 1374; x_wconf 86' lang='lat' dir='ltr'><strong>habeant</strong></span> <span class='ocrx_word' id='word_1_342' title='bbox 3473 1332 3657 1372; x_wconf 86' lang='lat' dir='ltr'><strong>causam</strong></span> <span class='ocrx_word' id='word_1_343' title='bbox 3684 1335 3767 1388; x_wconf 82' lang='lat' dir='ltr'><strong>per-</strong></span> 
     </span>
    </p>
   </div>
   <div class='ocr_carea' id='block_1_45' title="bbox 2258 1409 3766 1483">
    <p class='ocr_par' dir='ltr' id='par_1_45' title="bbox 2258 1409 3766 1483">
     <span class='ocr_line' id='line_1_45' title="bbox 2258 1409 3766 1483; baseline -0.003 -13"><span class='ocrx_word' id='word_1_344' title='bbox 2258 1415 2612 1470; x_wconf 88' lang='lat' dir='ltr'><strong>severationis</strong></span> <span class='ocrx_word' id='word_1_345' title='bbox 2643 1414 2694 1467; x_wconf 91' lang='lat' dir='ltr'><strong>in</strong></span> <span class='ocrx_word' id='word_1_346' title='bbox 2721 1413 2828 1468; x_wconf 91' lang='lat' dir='ltr'><strong>ﬁde</strong></span> <span class='ocrx_word' id='word_1_347' title='bbox 2852 1415 3130 1483; x_wconf 84' lang='lat' dir='ltr'><strong>praemium</strong></span> <span class='ocrx_word' id='word_1_348' title='bbox 3161 1419 3218 1467; x_wconf 92' lang='lat' dir='ltr'><strong>et</strong></span> <span class='ocrx_word' id='word_1_349' title='bbox 3243 1409 3663 1467; x_wconf 84' lang='lat' dir='ltr'><strong>conﬁrmationem</strong></span> <span class='ocrx_word' id='word_1_350' title='bbox 3685 1426 3766 1480; x_wconf 80' lang='lat' dir='ltr'><strong>pro-</strong></span> 
     </span>
    </p>
   </div>
   <div class='ocr_carea' id='block_1_46' title="bbox 2258 1504 3026 1563">
    <p class='ocr_par' dir='ltr' id='par_1_46' title="bbox 2258 1504 3026 1563">
     <span class='ocr_line' id='line_1_46' title="bbox 2258 1504 3026 1563; baseline -0.008 0"><span class='ocrx_word' id='word_1_351' title='bbox 2258 1507 2542 1563; x_wconf 89' lang='lat' dir='ltr'><strong>missorum</strong></span> <span class='ocrx_word' id='word_1_352' title='bbox 2572 1521 2638 1561; x_wconf 86' lang='lat' dir='ltr'><strong>ex</strong></span> <span class='ocrx_word' id='word_1_353' title='bbox 2667 1504 2870 1560; x_wconf 89' lang='lat' dir='ltr'><strong>Christi</strong></span> <span class='ocrx_word' id='word_1_354' title='bbox 2905 1505 3026 1559; x_wconf 90' lang='lat' dir='ltr'><strong>ﬁde.</strong></span> 
     </span>
    </p>
   </div>
   <div class='ocr_carea' id='block_1_47' title="bbox 2329 1597 3765 1670">
    <p class='ocr_par' dir='ltr' id='par_1_47' title="bbox 2329 1597 3765 1670">
     <span class='ocr_line' id='line_1_47' title="bbox 2329 1597 3765 1670; baseline -0.003 -15"><span class='ocrx_word' id='word_1_355' title='bbox 2329 1600 2495 1656; x_wconf 68' lang='lat' dir='ltr'><strong>Vens.</strong></span> <span class='ocrx_word' id='word_1_356' title='bbox 2529 1600 2584 1655; x_wconf 81' lang='lat'><strong>5.</strong></span> <span class='ocrx_word' id='word_1_357' title='bbox 2627 1628 2700 1640; x_wconf 90' lang='lat'><strong><em>—</em></strong></span> <span class='ocrx_word' id='word_1_358' title='bbox 2730 1599 2832 1665; x_wconf 84' lang='lat' dir='ltr'><strong>Qui</strong></span> <span class='ocrx_word' id='word_1_359' title='bbox 2859 1613 2979 1668; x_wconf 87' lang='lat' dir='ltr'><strong>ergo</strong></span> <span class='ocrx_word' id='word_1_360' title='bbox 3009 1597 3182 1651; x_wconf 77' lang='lat' dir='ltr'><strong>tribuit</strong></span> <span class='ocrx_word' id='word_1_361' title='bbox 3208 1597 3347 1652; x_wconf 88' lang='lat' dir='ltr'><strong>vobis</strong></span> <span class='ocrx_word' id='word_1_362' title='bbox 3366 1598 3601 1670; x_wconf 79' lang='lat' dir='ltr'><strong>spiritum,</strong></span> <span class='ocrx_word' id='word_1_363' title='bbox 3628 1609 3664 1652; x_wconf 89' lang='lat' dir='ltr'><strong>et</strong></span> <span class='ocrx_word' id='word_1_364' title='bbox 3684 1615 3765 1668; x_wconf 76' lang='lat' dir='ltr'><strong>ope-</strong></span> 
     </span>
    </p>
   </div>
   <div class='ocr_carea' id='block_1_48' title="bbox 1445 1689 3763 1768">
    <p class='ocr_par' dir='ltr' id='par_1_48' title="bbox 1445 1689 3763 1768">
     <span class='ocr_line' id='line_1_48' title="bbox 1445 1689 3763 1768; baseline -0.003 -17"><span class='ocrx_word' id='word_1_365' title='bbox 1445 1713 1546 1768; x_wconf 73' lang='grc' dir='ltr'><strong>ιιοο</strong></span> <span class='ocrx_word' id='word_1_366' title='bbox 1575 1710 1716 1767; x_wconf 71' lang='lat' dir='ltr'><strong>enim</strong></span> <span class='ocrx_word' id='word_1_367' title='bbox 1745 1709 1984 1764; x_wconf 70' lang='grc' dir='ltr'><strong>[ρορι-ωιι</strong></span> <span class='ocrx_word' id='word_1_368' title='bbox 2007 1715 2062 1759; x_wconf 66' lang='grc' dir='ltr'><strong>οι</strong></span> <span class='ocrx_word' id='word_1_369' title='bbox 2092 1705 2145 1759; x_wconf 81' lang='lat' dir='ltr'><strong>in</strong></span> <span class='ocrx_word' id='word_1_370' title='bbox 2176 1699 2222 1758; x_wconf 81' lang='grc' dir='ltr'><strong>Β</strong></span> <span class='ocrx_word' id='word_1_371' title='bbox 2249 1703 2396 1747; x_wconf 84' lang='lat' dir='ltr'><strong>ratur</strong></span> <span class='ocrx_word' id='word_1_372' title='bbox 2416 1693 2624 1746; x_wconf 86' lang='lat' dir='ltr'><strong>virtutes</strong></span> <span class='ocrx_word' id='word_1_373' title='bbox 2653 1692 2704 1744; x_wconf 88' lang='lat' dir='ltr'><strong>in</strong></span> <span class='ocrx_word' id='word_1_374' title='bbox 2726 1691 2863 1745; x_wconf 86' lang='lat' dir='ltr'><strong>vobis</strong></span> <span class='ocrx_word' id='word_1_375' title='bbox 2883 1706 2947 1743; x_wconf 83' lang='lat' dir='ltr'><strong>ea:</strong></span> <span class='ocrx_word' id='word_1_376' title='bbox 2967 1689 3203 1758; x_wconf 85' lang='lat' dir='ltr'><strong>operibus</strong></span> <span class='ocrx_word' id='word_1_377' title='bbox 3224 1690 3350 1762; x_wconf 81' lang='lat' dir='ltr'><strong>legis</strong></span> <span class='ocrx_word' id='word_1_378' title='bbox 3389 1701 3609 1759; x_wconf 82' lang='lat' dir='ltr'><strong>operatus</strong></span> <span class='ocrx_word' id='word_1_379' title='bbox 3627 1702 3681 1745; x_wconf 73' lang='lat' dir='ltr'><strong>est</strong></span> <span class='ocrx_word' id='word_1_380' title='bbox 3700 1691 3763 1760; x_wconf 76' lang='lat' dir='ltr'><strong>il).</strong></span> 
     </span>
    </p>
   </div>
   <div class='ocr_carea' id='block_1_49' title="bbox 2253 1780 3765 1852">
    <p class='ocr_par' dir='ltr' id='par_1_49' title="bbox 2253 1780 3765 1852">
     <span class='ocr_line' id='line_1_49' title="bbox 2253 1780 3765 1852; baseline -0.001 -15"><span class='ocrx_word' id='word_1_381' title='bbox 2253 1801 2320 1838; x_wconf 85' lang='lat' dir='ltr'><strong>an</strong></span> <span class='ocrx_word' id='word_1_382' title='bbox 2347 1800 2409 1839; x_wconf 80' lang='lat' dir='ltr'><strong>ex</strong></span> <span class='ocrx_word' id='word_1_383' title='bbox 2432 1783 2611 1837; x_wconf 88' lang='lat' dir='ltr'><strong>auditu</strong></span> <span class='ocrx_word' id='word_1_384' title='bbox 2642 1782 2789 1850; x_wconf 81' lang='lat' dir='ltr'><strong>ﬁdei?</strong></span> <span class='ocrx_word' id='word_1_385' title='bbox 2817 1781 3080 1849; x_wconf 84' lang='lat' dir='ltr'><strong>Quoniam</strong></span> <span class='ocrx_word' id='word_1_386' title='bbox 3113 1795 3275 1850; x_wconf 86' lang='lat' dir='ltr'><strong>supra</strong></span> <span class='ocrx_word' id='word_1_387' title='bbox 3320 1780 3471 1846; x_wconf 90' lang='lat' dir='ltr'><strong>dixit,</strong></span> <span class='ocrx_word' id='word_1_388' title='bbox 3508 1789 3633 1834; x_wconf 86' lang='lat' dir='ltr'><strong>tanta</strong></span> <span class='ocrx_word' id='word_1_389' title='bbox 3669 1783 3765 1852; x_wconf 79' lang='lat' dir='ltr'><strong>passi</strong></span> 
     </span>
    </p>
   </div>
   <div class='ocr_carea' id='block_1_50' title="bbox 2251 1873 3765 1945">
    <p class='ocr_par' dir='ltr' id='par_1_50' title="bbox 2251 1873 3765 1945">
     <span class='ocr_line' id='line_1_50' title="bbox 2251 1873 3765 1945; baseline -0.002 -14"><span class='ocrx_word' id='word_1_390' title='bbox 2251 1879 2383 1931; x_wconf 85' lang='lat' dir='ltr'><strong>estis</strong></span> <span class='ocrx_word' id='word_1_391' title='bbox 2406 1918 2419 1941; x_wconf 94' lang='lat'><strong>,</strong></span> <span class='ocrx_word' id='word_1_392' title='bbox 2451 1883 2506 1930; x_wconf 91' lang='lat' dir='ltr'><strong>et</strong></span> <span class='ocrx_word' id='word_1_393' title='bbox 2541 1875 2792 1943; x_wconf 83' lang='lat' dir='ltr'><strong>exposuit</strong></span> <span class='ocrx_word' id='word_1_394' title='bbox 2817 1890 2936 1945; x_wconf 59' lang='lat' dir='ltr'><strong>quae</strong></span> <span class='ocrx_word' id='word_1_395' title='bbox 2967 1874 3107 1945; x_wconf 89' lang='lat' dir='ltr'><strong>passi</strong></span> <span class='ocrx_word' id='word_1_396' title='bbox 3141 1873 3470 1941; x_wconf 87' lang='lat' dir='ltr'><strong>viderentur,</strong></span> <span class='ocrx_word' id='word_1_397' title='bbox 3499 1874 3570 1929; x_wconf 91' lang='lat' dir='ltr'><strong>vel</strong></span> <span class='ocrx_word' id='word_1_398' title='bbox 3596 1873 3692 1928; x_wconf 79' lang='lat' dir='ltr'><strong>talia</strong></span> <span class='ocrx_word' id='word_1_399' title='bbox 3712 1883 3765 1928; x_wconf 84' lang='lat' dir='ltr'><strong>at-</strong></span> 
     </span>
    </p>
   </div>
   <div class='ocr_carea' id='block_1_51' title="bbox 2249 1966 3764 2039">
    <p class='ocr_par' dir='ltr' id='par_1_51' title="bbox 2249 1966 3764 2039">
     <span class='ocr_line' id='line_1_51' title="bbox 2249 1966 3764 2039; baseline -0.001 -17"><span class='ocrx_word' id='word_1_400' title='bbox 2249 1982 2354 2039; x_wconf 91' lang='lat' dir='ltr'><strong>que</strong></span> <span class='ocrx_word' id='word_1_401' title='bbox 2383 1966 2670 2037; x_wconf 88' lang='lat' dir='ltr'><strong>ejusmodi,</strong></span> <span class='ocrx_word' id='word_1_402' title='bbox 2703 1967 2755 2020; x_wconf 89' lang='lat' dir='ltr'><strong>in</strong></span> <span class='ocrx_word' id='word_1_403' title='bbox 2786 1981 2852 2022; x_wconf 90' lang='lat' dir='ltr'><strong>eo</strong></span> <span class='ocrx_word' id='word_1_404' title='bbox 2881 1975 3058 2022; x_wconf 88' lang='lat' dir='ltr'><strong>tamen</strong></span> <span class='ocrx_word' id='word_1_405' title='bbox 3085 1967 3229 2037; x_wconf 90' lang='lat' dir='ltr'><strong>quod</strong></span> <span class='ocrx_word' id='word_1_406' title='bbox 3259 1967 3622 2031; x_wconf 88' lang='lat' dir='ltr'><strong>toleraverunt,</strong></span> <span class='ocrx_word' id='word_1_407' title='bbox 3639 1968 3764 2034; x_wconf 74' lang='lat' dir='ltr'><strong>utique</strong></span> 
     </span>
    </p>
   </div>
   <div class='ocr_carea' id='block_1_52' title="bbox 2250 2057 3762 2129">
    <p class='ocr_par' dir='ltr' id='par_1_52' title="bbox 2250 2057 3762 2129">
     <span class='ocr_line' id='line_1_52' title="bbox 2250 2057 3762 2129; baseline -0.001 -17"><span class='ocrx_word' id='word_1_408' title='bbox 2250 2059 2474 2114; x_wconf 86' lang='lat' dir='ltr'><strong>virtutes</strong></span> <span class='ocrx_word' id='word_1_409' title='bbox 2505 2057 2809 2112; x_wconf 90' lang='lat' dir='ltr'><strong>habuerunt</strong></span> <span class='ocrx_word' id='word_1_410' title='bbox 2836 2058 2978 2113; x_wconf 89' lang='lat' dir='ltr'><strong>circa</strong></span> <span class='ocrx_word' id='word_1_411' title='bbox 3009 2059 3354 2113; x_wconf 88' lang='lat' dir='ltr'><strong>tolerantiam</strong></span> <span class='ocrx_word' id='word_1_412' title='bbox 3383 2075 3397 2112; x_wconf 90' lang='lat'><strong>:</strong></span> <span class='ocrx_word' id='word_1_413' title='bbox 3431 2059 3671 2129; x_wconf 84' lang='lat' dir='ltr'><strong>conjungit</strong></span> <span class='ocrx_word' id='word_1_414' title='bbox 3699 2059 3762 2128; x_wconf 75' lang='lat' dir='ltr'><strong>igi-</strong></span> 
     </span>
    </p>
   </div>
   <div class='ocr_carea' id='block_1_53' title="bbox 2251 2151 3762 2224">
    <p class='ocr_par' dir='ltr' id='par_1_53' title="bbox 2251 2151 3762 2224">
     <span class='ocr_line' id='line_1_53' title="bbox 2251 2151 3762 2224; baseline -0.003 -16"><span class='ocrx_word' id='word_1_415' title='bbox 2251 2161 2357 2221; x_wconf 90' lang='lat' dir='ltr'><strong>tur,</strong></span> <span class='ocrx_word' id='word_1_416' title='bbox 2375 2155 2462 2224; x_wconf 87' lang='lat' dir='ltr'><strong>qui</strong></span> <span class='ocrx_word' id='word_1_417' title='bbox 2486 2153 2658 2207; x_wconf 86' lang='lat' dir='ltr'><strong>tribuit</strong></span> <span class='ocrx_word' id='word_1_418' title='bbox 2678 2151 2818 2206; x_wconf 85' lang='lat' dir='ltr'><strong>vobis</strong></span> <span class='ocrx_word' id='word_1_419' title='bbox 2830 2153 3090 2222; x_wconf 81' lang='lat' dir='ltr'><strong>spiritum,</strong></span> <span class='ocrx_word' id='word_1_420' title='bbox 3113 2163 3356 2223; x_wconf 88' lang='lat' dir='ltr'><strong>operatur</strong></span> <span class='ocrx_word' id='word_1_421' title='bbox 3378 2154 3576 2208; x_wconf 85' lang='lat' dir='ltr'><strong>virtutes</strong></span> <span class='ocrx_word' id='word_1_422' title='bbox 3589 2153 3633 2205; x_wconf 86' lang='lat' dir='ltr'><strong>in</strong></span> <span class='ocrx_word' id='word_1_423' title='bbox 3651 2153 3762 2216; x_wconf 67' lang='lat' dir='ltr'><strong>vobis,</strong></span> 
     </span>
    </p>
   </div>
   <div class='ocr_carea' id='block_1_54' title="bbox 2251 2246 3764 2318">
    <p class='ocr_par' dir='ltr' id='par_1_54' title="bbox 2251 2246 3764 2318">
     <span class='ocr_line' id='line_1_54' title="bbox 2251 2246 3764 2318; baseline 0 -17"><span class='ocrx_word' id='word_1_424' title='bbox 2251 2248 2444 2318; x_wconf 85' lang='lat' dir='ltr'><strong>quibus</strong></span> <span class='ocrx_word' id='word_1_425' title='bbox 2475 2246 2764 2300; x_wconf 90' lang='lat' dir='ltr'><strong>virtutibus</strong></span> <span class='ocrx_word' id='word_1_426' title='bbox 2794 2254 2936 2299; x_wconf 79' lang='lat' dir='ltr'><strong>tanta</strong></span> <span class='ocrx_word' id='word_1_427' title='bbox 2966 2246 3111 2316; x_wconf 89' lang='lat' dir='ltr'><strong>passi</strong></span> <span class='ocrx_word' id='word_1_428' title='bbox 3142 2247 3274 2302; x_wconf 91' lang='lat' dir='ltr'><strong>estis</strong></span> <span class='ocrx_word' id='word_1_429' title='bbox 3315 2257 3372 2303; x_wconf 92' lang='lat' dir='ltr'><strong>et</strong></span> <span class='ocrx_word' id='word_1_430' title='bbox 3412 2248 3664 2303; x_wconf 87' lang='lat' dir='ltr'><strong>tolerastis.</strong></span> <span class='ocrx_word' id='word_1_431' title='bbox 3686 2246 3764 2301; x_wconf 76' lang='lat' dir='ltr'><strong>iam</strong></span> 
     </span>
    </p>
   </div>
   <div class='ocr_carea' id='block_1_55' title="bbox 2246 2323 3763 2412">
    <p class='ocr_par' dir='ltr' id='par_1_55' title="bbox 2246 2323 3763 2412">
     <span class='ocr_line' id='line_1_55' title="bbox 2246 2323 3763 2412; baseline 0 -19"><span class='ocrx_word' id='word_1_432' title='bbox 2246 2352 2311 2393; x_wconf 83' lang='lat' dir='ltr'><strong>ex</strong></span> <span class='ocrx_word' id='word_1_433' title='bbox 2345 2339 2444 2394; x_wconf 85' lang='lat' dir='ltr'><strong>hoc</strong></span> <span class='ocrx_word' id='word_1_434' title='bbox 2465 2343 2649 2409; x_wconf 90' lang='lat' dir='ltr'><strong>utique</strong></span> <span class='ocrx_word' id='word_1_435' title='bbox 2697 2341 2996 2411; x_wconf 80' lang='lat' dir='ltr'><strong>intelligere</strong></span> <span class='ocrx_word' id='word_1_436' title='bbox 3041 2340 3164 2395; x_wconf 88' lang='lat' dir='ltr'><strong>illos</strong></span> <span class='ocrx_word' id='word_1_437' title='bbox 3214 2342 3375 2407; x_wconf 78' lang='lat' dir='ltr'><strong>facit,</strong></span> <span class='ocrx_word' id='word_1_438' title='bbox 3406 2323 3550 2412; x_wconf 33' lang='lat' dir='ltr'><strong>quod.</strong></span> <span class='ocrx_word' id='word_1_439' title='bbox 3582 2349 3763 2411; x_wconf 81' lang='lat' dir='ltr'><strong>operatus</strong></span> 
     </span>
    </p>
   </div>
   <div class='ocr_carea' id='block_1_56' title="bbox 2246 2431 3764 2504">
    <p class='ocr_par' dir='ltr' id='par_1_56' title="bbox 2246 2431 3764 2504">
     <span class='ocr_line' id='line_1_56' title="bbox 2246 2431 3764 2504; baseline 0.001 -19"><span class='ocrx_word' id='word_1_440' title='bbox 2246 2431 2316 2486; x_wconf 90' lang='lat' dir='ltr'><strong>sit</strong></span> <span class='ocrx_word' id='word_1_441' title='bbox 2345 2433 2396 2485; x_wconf 91' lang='lat' dir='ltr'><strong>in</strong></span> <span class='ocrx_word' id='word_1_442' title='bbox 2428 2432 2511 2486; x_wconf 90' lang='lat' dir='ltr'><strong>bis</strong></span> <span class='ocrx_word' id='word_1_443' title='bbox 2542 2433 2684 2488; x_wconf 89' lang='lat' dir='ltr'><strong>Deus</strong></span> <span class='ocrx_word' id='word_1_444' title='bbox 2707 2433 2930 2488; x_wconf 86' lang='lat' dir='ltr'><strong>virtutes</strong></span> <span class='ocrx_word' id='word_1_445' title='bbox 2963 2433 3225 2503; x_wconf 88' lang='lat' dir='ltr'><strong>plurimas</strong></span> <span class='ocrx_word' id='word_1_446' title='bbox 3256 2450 3269 2484; x_wconf 93' lang='lat'><strong>:</strong></span> <span class='ocrx_word' id='word_1_447' title='bbox 3303 2443 3362 2488; x_wconf 87' lang='lat' dir='ltr'><strong>et</strong></span> <span class='ocrx_word' id='word_1_448' title='bbox 3389 2435 3434 2490; x_wconf 92' lang='lat' dir='ltr'><strong>si</strong></span> <span class='ocrx_word' id='word_1_449' title='bbox 3463 2444 3679 2504; x_wconf 85' lang='lat' dir='ltr'><strong>operatus</strong></span> <span class='ocrx_word' id='word_1_450' title='bbox 3711 2441 3764 2487; x_wconf 63' lang='lat' dir='ltr'><strong>est</strong></span> 
     </span>
    </p>
   </div>
   <div class='ocr_carea' id='block_1_57' title="bbox 2248 2524 3763 2600">
    <p class='ocr_par' dir='ltr' id='par_1_57' title="bbox 2248 2524 3763 2600">
     <span class='ocr_line' id='line_1_57' title="bbox 2248 2524 3763 2600; baseline 0.004 -26"><span class='ocrx_word' id='word_1_451' title='bbox 2248 2524 2504 2593; x_wconf 83' lang='lat' dir='ltr'><strong>virtutes,</strong></span> <span class='ocrx_word' id='word_1_452' title='bbox 2551 2526 2737 2581; x_wconf 87' lang='lat' dir='ltr'><strong>tribuit</strong></span> <span class='ocrx_word' id='word_1_453' title='bbox 2776 2526 2880 2581; x_wconf 91' lang='lat' dir='ltr'><strong>illis</strong></span> <span class='ocrx_word' id='word_1_454' title='bbox 2921 2528 3191 2596; x_wconf 83' lang='lat' dir='ltr'><strong>Spiritum.</strong></span> <span class='ocrx_word' id='word_1_455' title='bbox 3245 2527 3390 2600; x_wconf 88' lang='lat' dir='ltr'><strong>Ergo</strong></span> <span class='ocrx_word' id='word_1_456' title='bbox 3430 2527 3763 2584; x_wconf 80' lang='lat' dir='ltr'><strong>conﬁrmatoco</strong></span> 
     </span>
    </p>
   </div>
   <div class='ocr_carea' id='block_1_58' title="bbox 2245 2618 3763 2692">
    <p class='ocr_par' dir='ltr' id='par_1_58' title="bbox 2245 2618 3763 2692">
     <span class='ocr_line' id='line_1_58' title="bbox 2245 2618 3763 2692; baseline 0 -19"><span class='ocrx_word' id='word_1_457' title='bbox 2245 2618 2385 2688; x_wconf 89' lang='lat' dir='ltr'><strong>quod</strong></span> <span class='ocrx_word' id='word_1_458' title='bbox 2416 2620 2573 2674; x_wconf 82' lang='lat' dir='ltr'><strong>datus</strong></span> <span class='ocrx_word' id='word_1_459' title='bbox 2601 2621 2672 2674; x_wconf 91' lang='lat' dir='ltr'><strong>sit</strong></span> <span class='ocrx_word' id='word_1_460' title='bbox 2702 2619 2808 2675; x_wconf 90' lang='lat' dir='ltr'><strong>illis</strong></span> <span class='ocrx_word' id='word_1_461' title='bbox 2837 2621 3057 2690; x_wconf 91' lang='lat' dir='ltr'><strong>spiritus</strong></span> <span class='ocrx_word' id='word_1_462' title='bbox 3082 2661 3097 2686; x_wconf 92' lang='lat'><strong>,</strong></span> <span class='ocrx_word' id='word_1_463' title='bbox 3137 2629 3282 2676; x_wconf 90' lang='lat' dir='ltr'><strong>recte</strong></span> <span class='ocrx_word' id='word_1_464' title='bbox 3327 2621 3564 2692; x_wconf 89' lang='lat' dir='ltr'><strong>procedit</strong></span> <span class='ocrx_word' id='word_1_465' title='bbox 3599 2622 3763 2674; x_wconf 75' lang='lat' dir='ltr'><strong>interro-</strong></span> 
     </span>
    </p>
   </div>
   <div class='ocr_carea' id='block_1_59' title="bbox 2245 2711 3763 2784">
    <p class='ocr_par' dir='ltr' id='par_1_59' title="bbox 2245 2711 3763 2784">
     <span class='ocr_line' id='line_1_59' title="bbox 2245 2711 3763 2784; baseline 0 -20"><span class='ocrx_word' id='word_1_466' title='bbox 2245 2712 2424 2781; x_wconf 86' lang='lat' dir='ltr'><strong>gatio,</strong></span> <span class='ocrx_word' id='word_1_467' title='bbox 2458 2719 2634 2764; x_wconf 88' lang='lat' dir='ltr'><strong>utrum</strong></span> <span class='ocrx_word' id='word_1_468' title='bbox 2667 2727 2731 2766; x_wconf 72' lang='lat' dir='ltr'><strong>ev</strong></span> <span class='ocrx_word' id='word_1_469' title='bbox 2763 2713 3016 2781; x_wconf 90' lang='lat' dir='ltr'><strong>operibus</strong></span> <span class='ocrx_word' id='word_1_470' title='bbox 3047 2713 3177 2784; x_wconf 80' lang='lat' dir='ltr'><strong>legis</strong></span> <span class='ocrx_word' id='word_1_471' title='bbox 3222 2723 3478 2780; x_wconf 86' lang='lat' dir='ltr'><strong>Operatus</strong></span> <span class='ocrx_word' id='word_1_472' title='bbox 3515 2715 3582 2768; x_wconf 89' lang='lat' dir='ltr'><strong>sit</strong></span> <span class='ocrx_word' id='word_1_473' title='bbox 3608 2713 3711 2766; x_wconf 86' lang='lat' dir='ltr'><strong>Deus</strong></span> <span class='ocrx_word' id='word_1_474' title='bbox 3731 2711 3763 2764; x_wconf 89' lang='lat' dir='ltr'><strong>in</strong></span> 
     </span>
    </p>
   </div>
   <div class='ocr_carea' id='block_1_60' title="bbox 2245 2803 3763 2878">
    <p class='ocr_par' dir='ltr' id='par_1_60' title="bbox 2245 2803 3763 2878">
     <span class='ocr_line' id='line_1_60' title="bbox 2245 2803 3763 2878; baseline 0 -22"><span class='ocrx_word' id='word_1_475' title='bbox 2245 2803 2351 2858; x_wconf 91' lang='lat' dir='ltr'><strong>illis</strong></span> <span class='ocrx_word' id='word_1_476' title='bbox 2381 2804 2604 2858; x_wconf 84' lang='lat' dir='ltr'><strong>virtutes</strong></span> <span class='ocrx_word' id='word_1_477' title='bbox 2634 2819 2700 2858; x_wconf 91' lang='lat' dir='ltr'><strong>an</strong></span> <span class='ocrx_word' id='word_1_478' title='bbox 2723 2818 2787 2859; x_wconf 85' lang='lat' dir='ltr'><strong>ex</strong></span> <span class='ocrx_word' id='word_1_479' title='bbox 2818 2805 3004 2858; x_wconf 88' lang='lat' dir='ltr'><strong>auditu</strong></span> <span class='ocrx_word' id='word_1_480' title='bbox 3037 2805 3180 2860; x_wconf 92' lang='lat' dir='ltr'><strong>ﬁdei.</strong></span> <span class='ocrx_word' id='word_1_481' title='bbox 3214 2804 3416 2878; x_wconf 86' lang='lat' dir='ltr'><strong>Utique</strong></span> <span class='ocrx_word' id='word_1_482' title='bbox 3444 2815 3604 2862; x_wconf 88' lang='lat' dir='ltr'><strong>autem</strong></span> <span class='ocrx_word' id='word_1_483' title='bbox 3629 2819 3706 2859; x_wconf 89' lang='lat' dir='ltr'><strong>non</strong></span> <span class='ocrx_word' id='word_1_484' title='bbox 3720 2816 3763 2857; x_wconf 75' lang='lat' dir='ltr'><strong>et</strong></span> 
     </span>
    </p>
   </div>
   <div class='ocr_carea' id='block_1_61' title="bbox 2245 2895 3766 2968">
    <p class='ocr_par' dir='ltr' id='par_1_61' title="bbox 2245 2895 3766 2968">
     <span class='ocr_line' id='line_1_61' title="bbox 2245 2895 3766 2968; baseline -0.001 -19"><span class='ocrx_word' id='word_1_485' title='bbox 2245 2896 2530 2964; x_wconf 85' lang='lat' dir='ltr'><strong>operibus;</strong></span> <span class='ocrx_word' id='word_1_486' title='bbox 2586 2909 2691 2950; x_wconf 91' lang='lat' dir='ltr'><strong>non</strong></span> <span class='ocrx_word' id='word_1_487' title='bbox 2744 2895 2886 2950; x_wconf 89' lang='lat' dir='ltr'><strong>enim</strong></span> <span class='ocrx_word' id='word_1_488' title='bbox 2938 2897 3046 2951; x_wconf 88' lang='lat' dir='ltr'><strong>ulla</strong></span> <span class='ocrx_word' id='word_1_489' title='bbox 3086 2912 3250 2966; x_wconf 89' lang='lat' dir='ltr'><strong>opera</strong></span> <span class='ocrx_word' id='word_1_490' title='bbox 3296 2913 3327 2952; x_wconf 84' lang='lat' dir='ltr'><strong>a</strong></span> <span class='ocrx_word' id='word_1_491' title='bbox 3373 2900 3517 2954; x_wconf 85' lang='lat' dir='ltr'><strong>vobis</strong></span> <span class='ocrx_word' id='word_1_492' title='bbox 3558 2909 3766 2968; x_wconf 83' lang='lat' dir='ltr'><strong>progressa</strong></span> 
     </span>
    </p>
   </div>
   <div class='ocr_carea' id='block_1_62' title="bbox 2244 2987 3765 3058">
    <p class='ocr_par' dir='ltr' id='par_1_62' title="bbox 2244 2987 3765 3058">
     <span class='ocr_line' id='line_1_62' title="bbox 2244 2987 3765 3058; baseline 0.001 -18"><span class='ocrx_word' id='word_1_493' title='bbox 2244 2995 2390 3051; x_wconf 89' lang='lat' dir='ltr'><strong>sunt,</strong></span> <span class='ocrx_word' id='word_1_494' title='bbox 2423 2987 2517 3042; x_wconf 87' lang='lat' dir='ltr'><strong>sed</strong></span> <span class='ocrx_word' id='word_1_495' title='bbox 2545 2987 2772 3043; x_wconf 88' lang='lat' dir='ltr'><strong>audistis</strong></span> <span class='ocrx_word' id='word_1_496' title='bbox 2805 2987 2987 3054; x_wconf 88' lang='lat' dir='ltr'><strong>ﬁdem,</strong></span> <span class='ocrx_word' id='word_1_497' title='bbox 3017 2999 3072 3044; x_wconf 89' lang='lat' dir='ltr'><strong>et</strong></span> <span class='ocrx_word' id='word_1_498' title='bbox 3092 2990 3394 3047; x_wconf 80' lang='lat' dir='ltr'><strong>obaudistis</strong></span> <span class='ocrx_word' id='word_1_499' title='bbox 3421 2992 3564 3056; x_wconf 90' lang='lat' dir='ltr'><strong>ﬁdei;</strong></span> <span class='ocrx_word' id='word_1_500' title='bbox 3588 2999 3634 3047; x_wconf 89' lang='lat' dir='ltr'><strong>et</strong></span> <span class='ocrx_word' id='word_1_501' title='bbox 3655 3002 3765 3058; x_wconf 83' lang='lat' dir='ltr'><strong>prop-</strong></span> 
     </span>
    </p>
   </div>
   <div class='ocr_carea' id='block_1_63' title="bbox 542 3071 3867 3173">
    <p class='ocr_par' dir='ltr' id='par_1_63' title="bbox 542 3071 3867 3173">
     <span class='ocr_line' id='line_1_63' title="bbox 542 3071 3867 3173; baseline -0.01 -8"><span class='ocrx_word' id='word_1_502' title='bbox 542 3109 672 3173; x_wconf 86' lang='lat' dir='ltr'><strong>Aut,</strong></span> <span class='ocrx_word' id='word_1_503' title='bbox 697 3071 741 3161; x_wconf 82' lang='lat' dir='ltr'><strong>si</strong></span> <span class='ocrx_word' id='word_1_504' title='bbox 782 3119 887 3158; x_wconf 91' lang='lat' dir='ltr'><strong>non</strong></span> <span class='ocrx_word' id='word_1_505' title='bbox 910 3119 976 3158; x_wconf 84' lang='lat' dir='ltr'><strong>ex</strong></span> <span class='ocrx_word' id='word_1_506' title='bbox 999 3071 1254 3171; x_wconf 70' lang='lat' dir='ltr'><strong>operibus</strong></span> <span class='ocrx_word' id='word_1_507' title='bbox 1279 3099 1434 3169; x_wconf 83' lang='lat' dir='ltr'><strong>legis,</strong></span> <span class='ocrx_word' id='word_1_508' title='bbox 1461 3071 1626 3168; x_wconf 76' lang='lat' dir='ltr'><strong>quare</strong></span> <span class='ocrx_word' id='word_1_509' title='bbox 1667 3071 1810 3149; x_wconf 91' lang='lat' dir='ltr'><strong>nunc</strong></span> <span class='ocrx_word' id='word_1_510' title='bbox 1849 3091 2140 3163; x_wconf 88' lang='lat' dir='ltr'><strong>adjungitis</strong></span> <span class='ocrx_word' id='word_1_511' title='bbox 2167 3075 2210 3138; x_wconf 88' lang='lat' dir='ltr'><strong>C</strong></span> <span class='ocrx_word' id='word_1_512' title='bbox 2246 3087 2387 3134; x_wconf 87' lang='lat' dir='ltr'><strong>terea</strong></span> <span class='ocrx_word' id='word_1_513' title='bbox 2421 3090 2672 3150; x_wconf 87' lang='lat' dir='ltr'><strong>operatus</strong></span> <span class='ocrx_word' id='word_1_514' title='bbox 2701 3089 2784 3136; x_wconf 89' lang='lat' dir='ltr'><strong>est</strong></span> <span class='ocrx_word' id='word_1_515' title='bbox 2813 3081 2863 3135; x_wconf 91' lang='lat' dir='ltr'><strong>in</strong></span> <span class='ocrx_word' id='word_1_516' title='bbox 2895 3083 3047 3137; x_wconf 88' lang='lat' dir='ltr'><strong>vobis</strong></span> <span class='ocrx_word' id='word_1_517' title='bbox 3079 3083 3218 3138; x_wconf 91' lang='lat' dir='ltr'><strong>Deus</strong></span> <span class='ocrx_word' id='word_1_518' title='bbox 3259 3086 3491 3140; x_wconf 83' lang='lat' dir='ltr'><strong>virtutes</strong></span> <span class='ocrx_word' id='word_1_519' title='bbox 3519 3103 3530 3136; x_wconf 91' lang='lat'>:</span> <span class='ocrx_word' id='word_1_520' title='bbox 3554 3093 3602 3140; x_wconf 92' lang='lat' dir='ltr'><strong>et</strong></span> <span class='ocrx_word' id='word_1_521' title='bbox 3622 3083 3768 3150; x_wconf 82' lang='lat' dir='ltr'><strong>siope—</strong></span> <span class='ocrx_word' id='word_1_522' title='bbox 3865 3089 3867 3173; x_wconf 46' lang='grc' dir='ltr'><em>Α</em></span> 
     </span>
    </p>
   </div>
   <div class='ocr_carea' id='block_1_64' title="bbox 532 3187 2138 3273">
    <p class='ocr_par' dir='ltr' id='par_1_64' title="bbox 532 3187 2138 3273">
     <span class='ocr_line' id='line_1_64' title="bbox 532 3187 2138 3273; baseline -0.011 -16"><span class='ocrx_word' id='word_1_523' title='bbox 532 3201 804 3273; x_wconf 89' lang='lat' dir='ltr'><strong>judaicam</strong></span> <span class='ocrx_word' id='word_1_524' title='bbox 831 3196 1192 3267; x_wconf 88' lang='lat' dir='ltr'><strong>disciplinam,</strong></span> <span class='ocrx_word' id='word_1_525' title='bbox 1238 3201 1296 3248; x_wconf 90' lang='lat' dir='ltr'><strong>ut</strong></span> <span class='ocrx_word' id='word_1_526' title='bbox 1323 3209 1389 3248; x_wconf 82' lang='lat' dir='ltr'><strong>ex</strong></span> <span class='ocrx_word' id='word_1_527' title='bbox 1428 3190 1682 3262; x_wconf 85' lang='lat' dir='ltr'><strong>operibus</strong></span> <span class='ocrx_word' id='word_1_528' title='bbox 1709 3189 1843 3259; x_wconf 84' lang='lat' dir='ltr'><strong>legis</strong></span> <span class='ocrx_word' id='word_1_529' title='bbox 1885 3187 2138 3259; x_wconf 88' lang='lat' dir='ltr'><strong>spiritum</strong></span> 
     </span>
    </p>
   </div>
   <div class='ocr_carea' id='block_1_65' title="bbox 541 3279 2139 3365">
    <p class='ocr_par' dir='ltr' id='par_1_65' title="bbox 541 3279 2139 3365">
     <span class='ocr_line' id='line_1_65' title="bbox 541 3279 2139 3365; baseline -0.011 -15"><span class='ocrx_word' id='word_1_530' title='bbox 541 3294 790 3365; x_wconf 90' lang='lat' dir='ltr'><strong>accipere</strong></span> <span class='ocrx_word' id='word_1_531' title='bbox 832 3305 926 3346; x_wconf 91' lang='lat' dir='ltr'><strong>vos</strong></span> <span class='ocrx_word' id='word_1_532' title='bbox 968 3287 1226 3352; x_wconf 90' lang='lat' dir='ltr'><strong>credatis,</strong></span> <span class='ocrx_word' id='word_1_533' title='bbox 1272 3293 1326 3340; x_wconf 88' lang='lat' dir='ltr'><strong>et</strong></span> <span class='ocrx_word' id='word_1_534' title='bbox 1374 3283 1443 3339; x_wconf 93' lang='lat' dir='ltr'><strong>de</strong></span> <span class='ocrx_word' id='word_1_535' title='bbox 1471 3284 1579 3337; x_wconf 92' lang='lat' dir='ltr'><strong>Deo</strong></span> <span class='ocrx_word' id='word_1_536' title='bbox 1603 3281 1828 3345; x_wconf 78' lang='lat' dir='ltr'><strong>sentire,</strong></span> <span class='ocrx_word' id='word_1_537' title='bbox 1873 3288 1928 3335; x_wconf 94' lang='lat' dir='ltr'><strong>et</strong></span> <span class='ocrx_word' id='word_1_538' title='bbox 1970 3279 2139 3333; x_wconf 90' lang='lat' dir='ltr'><strong>Deum</strong></span> 
     </span>
    </p>
   </div>
   <div class='ocr_carea' id='block_1_66' title="bbox 544 3371 2141 3459">
    <p class='ocr_par' dir='ltr' id='par_1_66' title="bbox 544 3371 2141 3459">
     <span class='ocr_line' id='line_1_66' title="bbox 544 3371 2141 3459; baseline -0.013 -13"><span class='ocrx_word' id='word_1_539' title='bbox 544 3402 789 3459; x_wconf 89' lang='lat' dir='ltr'><strong>sperare,</strong></span> <span class='ocrx_word' id='word_1_540' title='bbox 815 3399 936 3440; x_wconf 90' lang='lat' dir='ltr'><strong>cum</strong></span> <span class='ocrx_word' id='word_1_541' title='bbox 959 3382 1070 3452; x_wconf 87' lang='lat' dir='ltr'><strong>jam</strong></span> <span class='ocrx_word' id='word_1_542' title='bbox 1095 3379 1381 3447; x_wconf 89' lang='lat' dir='ltr'><strong>accepistis</strong></span> <span class='ocrx_word' id='word_1_543' title='bbox 1401 3376 1649 3447; x_wconf 91' lang='lat' dir='ltr'><strong>spiritum</strong></span> <span class='ocrx_word' id='word_1_544' title='bbox 1675 3390 1743 3430; x_wconf 86' lang='lat' dir='ltr'><strong>ex</strong></span> <span class='ocrx_word' id='word_1_545' title='bbox 1770 3372 1956 3428; x_wconf 88' lang='lat' dir='ltr'><strong>auditu</strong></span> <span class='ocrx_word' id='word_1_546' title='bbox 1981 3371 2141 3427; x_wconf 86' lang='lat' dir='ltr'><strong>ﬁdei?</strong></span> 
     </span>
    </p>
   </div>
   <div class='ocr_carea' id='block_1_67' title="bbox 542 3464 2140 3550">
    <p class='ocr_par' dir='ltr' id='par_1_67' title="bbox 542 3464 2140 3550">
     <span class='ocr_line' id='line_1_67' title="bbox 542 3464 2140 3550; baseline -0.013 -13"><span class='ocrx_word' id='word_1_547' title='bbox 542 3480 598 3537; x_wconf 89' lang='lat' dir='ltr'><strong>id</strong></span> <span class='ocrx_word' id='word_1_548' title='bbox 624 3478 872 3550; x_wconf 90' lang='lat' dir='ltr'><strong>estquod</strong></span> <span class='ocrx_word' id='word_1_549' title='bbox 912 3475 1138 3530; x_wconf 91' lang='lat' dir='ltr'><strong>audistis</strong></span> <span class='ocrx_word' id='word_1_550' title='bbox 1179 3471 1336 3527; x_wconf 90' lang='lat' dir='ltr'><strong>ﬁdem</strong></span> <span class='ocrx_word' id='word_1_551' title='bbox 1375 3470 1427 3524; x_wconf 90' lang='lat' dir='ltr'><strong>in</strong></span> <span class='ocrx_word' id='word_1_552' title='bbox 1457 3468 1731 3523; x_wconf 85' lang='lat' dir='ltr'><strong>Christum</strong></span> <span class='ocrx_word' id='word_1_553' title='bbox 1774 3464 2140 3536; x_wconf 88' lang='lat' dir='ltr'><strong>sequendam?</strong></span> 
     </span>
    </p>
   </div>
   <div class='ocr_carea' id='block_1_68' title="bbox 545 3557 2140 3642">
    <p class='ocr_par' dir='ltr' id='par_1_68' title="bbox 545 3557 2140 3642">
     <span class='ocr_line' id='line_1_68' title="bbox 545 3557 2140 3642; baseline -0.011 -12"><span class='ocrx_word' id='word_1_554' title='bbox 545 3574 700 3642; x_wconf 84' lang='lat' dir='ltr'><strong>Quod</strong></span> <span class='ocrx_word' id='word_1_555' title='bbox 734 3571 781 3625; x_wconf 90' lang='lat' dir='ltr'><strong>si</strong></span> <span class='ocrx_word' id='word_1_556' title='bbox 805 3585 872 3626; x_wconf 83' lang='lat' dir='ltr'><strong>ex</strong></span> <span class='ocrx_word' id='word_1_557' title='bbox 915 3568 1122 3632; x_wconf 90' lang='lat' dir='ltr'><strong>auditu,</strong></span> <span class='ocrx_word' id='word_1_558' title='bbox 1151 3573 1336 3621; x_wconf 90' lang='lat' dir='ltr'><strong>contra</strong></span> <span class='ocrx_word' id='word_1_559' title='bbox 1366 3561 1525 3616; x_wconf 91' lang='lat' dir='ltr'><strong>ﬁdem</strong></span> <span class='ocrx_word' id='word_1_560' title='bbox 1555 3560 1612 3614; x_wconf 89' lang='lat' dir='ltr'><strong>ﬁt</strong></span> <span class='ocrx_word' id='word_1_561' title='bbox 1634 3575 1756 3615; x_wconf 92' lang='lat' dir='ltr'><strong>cum</strong></span> <span class='ocrx_word' id='word_1_562' title='bbox 1780 3574 1848 3614; x_wconf 83' lang='lat' dir='ltr'><strong>ex</strong></span> <span class='ocrx_word' id='word_1_563' title='bbox 1887 3557 2140 3627; x_wconf 90' lang='lat' dir='ltr'><strong>operibus</strong></span> 
     </span>
    </p>
   </div>
   <div class='ocr_carea' id='block_1_69' title="bbox 541 3649 2141 3739">
    <p class='ocr_par' dir='ltr' id='par_1_69' title="bbox 541 3649 2141 3739">
     <span class='ocr_line' id='line_1_69' title="bbox 541 3649 2141 3739; baseline -0.011 -16"><span class='ocrx_word' id='word_1_564' title='bbox 541 3668 675 3739; x_wconf 87' lang='lat' dir='ltr'><strong>legis</strong></span> <span class='ocrx_word' id='word_1_565' title='bbox 699 3665 947 3735; x_wconf 89' lang='lat' dir='ltr'><strong>spiritum</strong></span> <span class='ocrx_word' id='word_1_566' title='bbox 975 3675 1073 3716; x_wconf 91' lang='lat' dir='ltr'><strong>vos</strong></span> <span class='ocrx_word' id='word_1_567' title='bbox 1095 3660 1340 3729; x_wconf 85' lang='lat' dir='ltr'><strong>accipere</strong></span> <span class='ocrx_word' id='word_1_568' title='bbox 1365 3655 1602 3720; x_wconf 91' lang='lat' dir='ltr'><strong>creditis,</strong></span> <span class='ocrx_word' id='word_1_569' title='bbox 1626 3669 1748 3708; x_wconf 91' lang='lat' dir='ltr'><strong>cum</strong></span> <span class='ocrx_word' id='word_1_570' title='bbox 1776 3655 1875 3706; x_wconf 86' lang='lat' dir='ltr'><strong>hac</strong></span> <span class='ocrx_word' id='word_1_571' title='bbox 1899 3651 2010 3706; x_wconf 85' lang='lat' dir='ltr'><strong>sola</strong></span> <span class='ocrx_word' id='word_1_572' title='bbox 2038 3649 2141 3705; x_wconf 89' lang='lat' dir='ltr'><strong>ﬁde</strong></span> 
     </span>
    </p>
   </div>
   <div class='ocr_carea' id='block_1_70' title="bbox 541 3747 1914 3825">
    <p class='ocr_par' dir='ltr' id='par_1_70' title="bbox 541 3747 1914 3825">
     <span class='ocr_line' id='line_1_70' title="bbox 541 3747 1914 3825; baseline -0.015 -8"><span class='ocrx_word' id='word_1_573' title='bbox 541 3763 596 3819; x_wconf 87' lang='lat' dir='ltr'><strong>in</strong></span> <span class='ocrx_word' id='word_1_574' title='bbox 628 3760 902 3816; x_wconf 88' lang='lat' dir='ltr'><strong>Christum</strong></span> <span class='ocrx_word' id='word_1_575' title='bbox 926 3754 1144 3825; x_wconf 89' lang='lat' dir='ltr'><strong>spiritus</strong></span> <span class='ocrx_word' id='word_1_576' title='bbox 1167 3753 1322 3806; x_wconf 88' lang='lat' dir='ltr'><strong>detur</strong></span> <span class='ocrx_word' id='word_1_577' title='bbox 1362 3761 1416 3804; x_wconf 91' lang='lat' dir='ltr'><strong>et</strong></span> <span class='ocrx_word' id='word_1_578' title='bbox 1450 3749 1605 3804; x_wconf 87' lang='lat' dir='ltr'><strong>datus</strong></span> <span class='ocrx_word' id='word_1_579' title='bbox 1641 3747 1791 3801; x_wconf 81' lang='lat' dir='ltr'><strong>vobis</strong></span> <span class='ocrx_word' id='word_1_580' title='bbox 1812 3755 1914 3809; x_wconf 83' lang='lat' dir='ltr'><strong>est.</strong></span> 
     </span>
    </p>
   </div>
   <div class='ocr_carea' id='block_1_71' title="bbox 613 3837 2137 3913">
    <p class='ocr_par' dir='ltr' id='par_1_71' title="bbox 613 3837 2137 3913">
     <span class='ocr_line' id='line_1_71' title="bbox 613 3837 2137 3913; baseline -0.014 -3"><span class='ocrx_word' id='word_1_581' title='bbox 613 3853 782 3910; x_wconf 66' lang='lat' dir='ltr'><strong>Vtilis.</strong></span> <span class='ocrx_word' id='word_1_582' title='bbox 808 3851 861 3904; x_wconf 76' lang='grc'><strong>5.</strong></span> <span class='ocrx_word' id='word_1_583' title='bbox 903 3877 976 3889; x_wconf 71' lang='grc' dir='ltr'><strong>-ο</strong></span> <span class='ocrx_word' id='word_1_584' title='bbox 1001 3847 1090 3903; x_wconf 87' lang='lat' dir='ltr'><strong>Sic</strong></span> <span class='ocrx_word' id='word_1_585' title='bbox 1113 3846 1248 3900; x_wconf 84' lang='lat' dir='ltr'><strong>stulti</strong></span> <span class='ocrx_word' id='word_1_586' title='bbox 1270 3847 1409 3907; x_wconf 88' lang='lat' dir='ltr'><strong>estis,</strong></span> <span class='ocrx_word' id='word_1_587' title='bbox 1443 3851 1498 3896; x_wconf 87' lang='lat' dir='ltr'><strong>ut</strong></span> <span class='ocrx_word' id='word_1_588' title='bbox 1521 3858 1636 3896; x_wconf 84' lang='lat' dir='ltr'><strong>cum</strong></span> <span class='ocrx_word' id='word_1_589' title='bbox 1657 3841 1841 3913; x_wconf 85' lang='lat' dir='ltr'><strong>spiritu</strong></span> <span class='ocrx_word' id='word_1_590' title='bbox 1864 3837 2137 3910; x_wconf 73' lang='lat' dir='ltr'><strong>cmperitis,</strong></span> 
     </span>
    </p>
   </div>
   <div class='ocr_carea' id='block_1_72' title="bbox 541 3931 2140 4006">
    <p class='ocr_par' dir='ltr' id='par_1_72' title="bbox 541 3931 2140 4006">
     <span class='ocr_line' id='line_1_72' title="bbox 541 3931 2140 4006; baseline -0.011 -6"><span class='ocrx_word' id='word_1_591' title='bbox 541 3961 680 4000; x_wconf 84' lang='lat' dir='ltr'><strong>nunc</strong></span> <span class='ocrx_word' id='word_1_592' title='bbox 718 3958 871 3998; x_wconf 89' lang='lat' dir='ltr'><strong>carne</strong></span> <span class='ocrx_word' id='word_1_593' title='bbox 913 3938 1277 3996; x_wconf 73' lang='lat' dir='ltr'><strong>consumamini</strong></span> <span class='ocrx_word' id='word_1_594' title='bbox 1321 3937 1442 4006; x_wconf 83' lang='lat' dir='ltr'><strong>(l)?</strong></span> <span class='ocrx_word' id='word_1_595' title='bbox 1472 3935 1753 4006; x_wconf 85' lang='lat' dir='ltr'><strong>Expressit</strong></span> <span class='ocrx_word' id='word_1_596' title='bbox 1792 3932 1917 4002; x_wconf 91' lang='lat' dir='ltr'><strong>quid</strong></span> <span class='ocrx_word' id='word_1_597' title='bbox 1965 3931 2036 3985; x_wconf 90' lang='lat' dir='ltr'><strong>sit</strong></span> <span class='ocrx_word' id='word_1_598' title='bbox 2071 3945 2140 3984; x_wconf 86' lang='lat' dir='ltr'><strong>ex</strong></span> 
     </span>
    </p>
   </div>
   <div class='ocr_carea' id='block_1_73' title="bbox 543 4022 2138 4108">
    <p class='ocr_par' dir='ltr' id='par_1_73' title="bbox 543 4022 2138 4108">
     <span class='ocr_line' id='line_1_73' title="bbox 543 4022 2138 4108; baseline -0.013 -12"><span class='ocrx_word' id='word_1_599' title='bbox 543 4037 796 4108; x_wconf 86' lang='lat' dir='ltr'><strong>operibus</strong></span> <span class='ocrx_word' id='word_1_600' title='bbox 842 4035 996 4106; x_wconf 86' lang='lat' dir='ltr'><strong>legis,</strong></span> <span class='ocrx_word' id='word_1_601' title='bbox 1047 4041 1105 4088; x_wconf 93' lang='lat' dir='ltr'><strong>et</strong></span> <span class='ocrx_word' id='word_1_602' title='bbox 1144 4029 1271 4098; x_wconf 89' lang='lat' dir='ltr'><strong>quid</strong></span> <span class='ocrx_word' id='word_1_603' title='bbox 1310 4028 1382 4085; x_wconf 88' lang='lat' dir='ltr'><strong>sit</strong></span> <span class='ocrx_word' id='word_1_604' title='bbox 1425 4043 1490 4082; x_wconf 84' lang='lat' dir='ltr'><strong>ex</strong></span> <span class='ocrx_word' id='word_1_605' title='bbox 1538 4026 1718 4080; x_wconf 91' lang='lat' dir='ltr'><strong>auditu</strong></span> <span class='ocrx_word' id='word_1_606' title='bbox 1753 4024 1875 4079; x_wconf 88' lang='lat' dir='ltr'><strong>ﬁdei</strong></span> <span class='ocrx_word' id='word_1_607' title='bbox 1905 4042 1916 4079; x_wconf 94' lang='lat'>:</span> <span class='ocrx_word' id='word_1_608' title='bbox 1942 4022 2138 4078; x_wconf 91' lang='lat' dir='ltr'><strong>etenim</strong></span> 
     </span>
    </p>
   </div>
   <div class='ocr_carea' id='block_1_74' title="bbox 545 4113 2144 4201">
    <p class='ocr_par' dir='ltr' id='par_1_74' title="bbox 545 4113 2144 4201">
     <span class='ocr_line' id='line_1_74' title="bbox 545 4113 2144 4201; baseline -0.011 -16"><span class='ocrx_word' id='word_1_609' title='bbox 545 4146 709 4201; x_wconf 88' lang='lat' dir='ltr'><strong>opera</strong></span> <span class='ocrx_word' id='word_1_610' title='bbox 732 4128 864 4198; x_wconf 84' lang='lat' dir='ltr'><strong>legis</strong></span> <span class='ocrx_word' id='word_1_611' title='bbox 905 4125 1040 4180; x_wconf 89' lang='lat' dir='ltr'><strong>nihil</strong></span> <span class='ocrx_word' id='word_1_612' title='bbox 1077 4121 1224 4177; x_wconf 90' lang='lat' dir='ltr'><strong>aliud</strong></span> <span class='ocrx_word' id='word_1_613' title='bbox 1261 4129 1454 4192; x_wconf 85' lang='lat' dir='ltr'><strong>agunt,</strong></span> <span class='ocrx_word' id='word_1_614' title='bbox 1507 4117 1611 4172; x_wconf 90' lang='lat' dir='ltr'><strong>nisi</strong></span> <span class='ocrx_word' id='word_1_615' title='bbox 1645 4124 1703 4170; x_wconf 90' lang='lat' dir='ltr'><strong>ut</strong></span> <span class='ocrx_word' id='word_1_616' title='bbox 1737 4115 1886 4170; x_wconf 88' lang='lat' dir='ltr'><strong>carui</strong></span> <span class='ocrx_word' id='word_1_617' title='bbox 1929 4113 2144 4170; x_wconf 81' lang='lat' dir='ltr'><strong>satisfa-</strong></span> 
     </span>
    </p>
   </div>
   <div class='ocr_carea' id='block_1_75' title="bbox 545 4210 2138 4286">
    <p class='ocr_par' dir='ltr' id='par_1_75' title="bbox 545 4210 2138 4286">
     <span class='ocr_line' id='line_1_75' title="bbox 545 4210 2138 4286; baseline -0.008 -10"><span class='ocrx_word' id='word_1_618' title='bbox 545 4223 712 4286; x_wconf 88' lang='lat' dir='ltr'><strong>ciant,</strong></span> <span class='ocrx_word' id='word_1_619' title='bbox 735 4236 802 4275; x_wconf 86' lang='lat' dir='ltr'><strong>ex</strong></span> <span class='ocrx_word' id='word_1_620' title='bbox 828 4233 992 4274; x_wconf 88' lang='lat' dir='ltr'><strong>carne</strong></span> <span class='ocrx_word' id='word_1_621' title='bbox 1016 4216 1264 4270; x_wconf 76' lang='lat' dir='ltr'><strong>aﬁ‘ectum</strong></span> <span class='ocrx_word' id='word_1_622' title='bbox 1293 4215 1582 4284; x_wconf 88' lang='lat' dir='ltr'><strong>patiantur,</strong></span> <span class='ocrx_word' id='word_1_623' title='bbox 1614 4210 1763 4266; x_wconf 88' lang='lat' dir='ltr'><strong>carni</strong></span> <span class='ocrx_word' id='word_1_624' title='bbox 1793 4211 2138 4266; x_wconf 90' lang='lat' dir='ltr'><strong>subveniant.</strong></span> 
     </span>
    </p>
   </div>
   <div class='ocr_carea' id='block_1_76' title="bbox 544 4301 2143 4378">
    <p class='ocr_par' dir='ltr' id='par_1_76' title="bbox 544 4301 2143 4378">
     <span class='ocr_line' id='line_1_76' title="bbox 544 4301 2143 4378; baseline -0.008 -9"><span class='ocrx_word' id='word_1_625' title='bbox 544 4311 854 4370; x_wconf 86' lang='lat' dir='ltr'><strong>Secundum</strong></span> <span class='ocrx_word' id='word_1_626' title='bbox 884 4325 1100 4364; x_wconf 89' lang='lat' dir='ltr'><strong>carnem</strong></span> <span class='ocrx_word' id='word_1_627' title='bbox 1130 4307 1290 4378; x_wconf 91' lang='lat' dir='ltr'><strong>igitur</strong></span> <span class='ocrx_word' id='word_1_628' title='bbox 1313 4307 1472 4375; x_wconf 87' lang='lat' dir='ltr'><strong>sapit,</strong></span> <span class='ocrx_word' id='word_1_629' title='bbox 1505 4304 1594 4374; x_wconf 90' lang='lat' dir='ltr'><strong>qui</strong></span> <span class='ocrx_word' id='word_1_630' title='bbox 1621 4319 1687 4357; x_wconf 89' lang='lat' dir='ltr'><strong>ex</strong></span> <span class='ocrx_word' id='word_1_631' title='bbox 1726 4301 1980 4372; x_wconf 88' lang='lat' dir='ltr'><strong>operibus</strong></span> <span class='ocrx_word' id='word_1_632' title='bbox 2009 4301 2143 4371; x_wconf 87' lang='lat' dir='ltr'><strong>legis</strong></span> 
     </span>
    </p>
   </div>
   <div class='ocr_carea' id='block_1_77' title="bbox 539 4394 2137 4477">
    <p class='ocr_par' dir='ltr' id='par_1_77' title="bbox 539 4394 2137 4477">
     <span class='ocr_line' id='line_1_77' title="bbox 539 4394 2137 4477; baseline -0.006 -16"><span class='ocrx_word' id='word_1_633' title='bbox 539 4403 820 4477; x_wconf 74' lang='lat' dir='ltr'><strong>iustiﬁcari</strong></span> <span class='ocrx_word' id='word_1_634' title='bbox 851 4417 909 4458; x_wconf 89' lang='lat' dir='ltr'><strong>se</strong></span> <span class='ocrx_word' id='word_1_635' title='bbox 937 4401 1129 4455; x_wconf 87' lang='lat' dir='ltr'><strong>credit.</strong></span> <span class='ocrx_word' id='word_1_636' title='bbox 1156 4399 1263 4455; x_wconf 87' lang='lat' dir='ltr'><strong>Vos</strong></span> <span class='ocrx_word' id='word_1_637' title='bbox 1293 4399 1471 4469; x_wconf 85' lang='lat' dir='ltr'><strong>igitur,</strong></span> <span class='ocrx_word' id='word_1_638' title='bbox 1497 4397 1688 4467; x_wconf 91' lang='lat' dir='ltr'><strong>inquit,</strong></span> <span class='ocrx_word' id='word_1_639' title='bbox 1712 4397 1789 4451; x_wconf 90' lang='lat' dir='ltr'><strong>sic</strong></span> <span class='ocrx_word' id='word_1_640' title='bbox 1819 4395 1950 4451; x_wconf 89' lang='lat' dir='ltr'><strong>estis</strong></span> <span class='ocrx_word' id='word_1_641' title='bbox 1969 4394 2137 4461; x_wconf 89' lang='lat' dir='ltr'><strong>stulti,</strong></span> 
     </span>
    </p>
   </div>
   <div class='ocr_carea' id='block_1_78' title="bbox 2245 3163 3768 3247">
    <p class='ocr_par' dir='ltr' id='par_1_78' title="bbox 2245 3163 3768 3247">
     <span class='ocr_line' id='line_1_78' title="bbox 2245 3163 3768 3247; baseline 0 -22"><span class='ocrx_word' id='word_1_642' title='bbox 2245 3180 2394 3228; x_wconf 91' lang='lat' dir='ltr'><strong>ratus</strong></span> <span class='ocrx_word' id='word_1_643' title='bbox 2437 3181 2540 3238; x_wconf 90' lang='lat' dir='ltr'><strong>est,</strong></span> <span class='ocrx_word' id='word_1_644' title='bbox 2591 3173 2780 3227; x_wconf 86' lang='lat' dir='ltr'><strong>tribuit</strong></span> <span class='ocrx_word' id='word_1_645' title='bbox 2819 3174 2971 3230; x_wconf 88' lang='lat' dir='ltr'><strong>vobis</strong></span> <span class='ocrx_word' id='word_1_646' title='bbox 3011 3176 3257 3245; x_wconf 89' lang='lat' dir='ltr'><strong>spiritum</strong></span> <span class='ocrx_word' id='word_1_647' title='bbox 3287 3193 3302 3229; x_wconf 90' lang='lat'><strong>:</strong></span> <span class='ocrx_word' id='word_1_648' title='bbox 3331 3186 3577 3247; x_wconf 87' lang='lat' dir='ltr'><strong>operatus</strong></span> <span class='ocrx_word' id='word_1_649' title='bbox 3614 3163 3682 3231; x_wconf 84' lang='lat' dir='ltr'><strong>est</strong></span> <span class='ocrx_word' id='word_1_650' title='bbox 3705 3189 3768 3226; x_wconf 61' lang='lat' dir='ltr'><strong>auo</strong></span> 
     </span>
    </p>
   </div>
   <div class='ocr_carea' id='block_1_79' title="bbox 2247 3263 3769 3337">
    <p class='ocr_par' dir='ltr' id='par_1_79' title="bbox 2247 3263 3769 3337">
     <span class='ocr_line' id='line_1_79' title="bbox 2247 3263 3769 3337; baseline 0 -21"><span class='ocrx_word' id='word_1_651' title='bbox 2247 3271 2377 3330; x_wconf 91' lang='lat' dir='ltr'><strong>tem,</strong></span> <span class='ocrx_word' id='word_1_652' title='bbox 2416 3273 2471 3318; x_wconf 84' lang='lat' dir='ltr'><strong>ct</strong></span> <span class='ocrx_word' id='word_1_653' title='bbox 2517 3264 2703 3318; x_wconf 89' lang='lat' dir='ltr'><strong>tribuit</strong></span> <span class='ocrx_word' id='word_1_654' title='bbox 2747 3263 3016 3334; x_wconf 85' lang='lat' dir='ltr'><strong>Spiritum,</strong></span> <span class='ocrx_word' id='word_1_655' title='bbox 3049 3267 3092 3321; x_wconf 90' lang='lat' dir='ltr'><strong>si</strong></span> <span class='ocrx_word' id='word_1_656' title='bbox 3134 3267 3355 3337; x_wconf 90' lang='lat' dir='ltr'><strong>quidem</strong></span> <span class='ocrx_word' id='word_1_657' title='bbox 3397 3270 3555 3324; x_wconf 80' lang='lat' dir='ltr'><strong>multa</strong></span> <span class='ocrx_word' id='word_1_658' title='bbox 3592 3273 3769 3323; x_wconf 77' lang='lat' dir='ltr'><strong>ettanta</strong></span> 
     </span>
    </p>
   </div>
   <div class='ocr_carea' id='block_1_80' title="bbox 2242 3355 3768 3434">
    <p class='ocr_par' dir='ltr' id='par_1_80' title="bbox 2242 3355 3768 3434">
     <span class='ocr_line' id='line_1_80' title="bbox 2242 3355 3768 3434; baseline 0.002 -27"><span class='ocrx_word' id='word_1_659' title='bbox 2242 3356 2385 3424; x_wconf 90' lang='lat' dir='ltr'><strong>passi</strong></span> <span class='ocrx_word' id='word_1_660' title='bbox 2416 3355 2566 3410; x_wconf 89' lang='lat' dir='ltr'><strong>estis.</strong></span> <span class='ocrx_word' id='word_1_661' title='bbox 2603 3355 2716 3411; x_wconf 89' lang='lat' dir='ltr'><strong>Hoc</strong></span> <span class='ocrx_word' id='word_1_662' title='bbox 2744 3367 2923 3412; x_wconf 88' lang='lat' dir='ltr'><strong>autem</strong></span> <span class='ocrx_word' id='word_1_663' title='bbox 2969 3357 3085 3413; x_wconf 88' lang='lat' dir='ltr'><strong>sine</strong></span> <span class='ocrx_word' id='word_1_664' title='bbox 3127 3374 3296 3428; x_wconf 88' lang='lat' dir='ltr'><strong>quare</strong></span> <span class='ocrx_word' id='word_1_665' title='bbox 3345 3360 3462 3434; x_wconf 70' lang='lat'><strong>(2)?</strong></span> <span class='ocrx_word' id='word_1_666' title='bbox 3491 3363 3599 3416; x_wconf 82' lang='lat' dir='ltr'><strong>sine</strong></span> <span class='ocrx_word' id='word_1_667' title='bbox 3623 3355 3768 3413; x_wconf 80' lang='lat' dir='ltr'><strong>causa?</strong></span> 
     </span>
    </p>
   </div>
   <div class='ocr_carea' id='block_1_81' title="bbox 2243 3447 3765 3521">
    <p class='ocr_par' dir='ltr' id='par_1_81' title="bbox 2243 3447 3765 3521">
     <span class='ocr_line' id='line_1_81' title="bbox 2243 3447 3765 3521; baseline 0 -21"><span class='ocrx_word' id='word_1_668' title='bbox 2243 3447 2396 3514; x_wconf 83' lang='lat' dir='ltr'><strong>Quod</strong></span> <span class='ocrx_word' id='word_1_669' title='bbox 2444 3455 2624 3501; x_wconf 88' lang='lat' dir='ltr'><strong>tamen</strong></span> <span class='ocrx_word' id='word_1_670' title='bbox 2654 3447 2935 3517; x_wconf 81' lang='lat' dir='ltr'><strong>correxit,</strong></span> <span class='ocrx_word' id='word_1_671' title='bbox 2978 3451 3120 3521; x_wconf 91' lang='lat' dir='ltr'><strong>quod</strong></span> <span class='ocrx_word' id='word_1_672' title='bbox 3171 3467 3278 3507; x_wconf 91' lang='lat' dir='ltr'><strong>non</strong></span> <span class='ocrx_word' id='word_1_673' title='bbox 3326 3453 3446 3509; x_wconf 88' lang='lat' dir='ltr'><strong>sine</strong></span> <span class='ocrx_word' id='word_1_674' title='bbox 3485 3463 3765 3508; x_wconf 77' lang='lat' dir='ltr'><strong>eattsaznam</strong></span> 
     </span>
    </p>
   </div>
   <div class='ocr_carea' id='block_1_82' title="bbox 2243 3542 3766 3618">
    <p class='ocr_par' dir='ltr' id='par_1_82' title="bbox 2243 3542 3766 3618">
     <span class='ocr_line' id='line_1_82' title="bbox 2243 3542 3766 3618; baseline 0 -22"><span class='ocrx_word' id='word_1_675' title='bbox 2243 3549 2426 3611; x_wconf 87' lang='lat' dir='ltr'><strong>sperat</strong></span> <span class='ocrx_word' id='word_1_676' title='bbox 2462 3542 2581 3597; x_wconf 90' lang='lat' dir='ltr'><strong>illos</strong></span> <span class='ocrx_word' id='word_1_677' title='bbox 2618 3543 2813 3613; x_wconf 89' lang='lat' dir='ltr'><strong>corrigi</strong></span> <span class='ocrx_word' id='word_1_678' title='bbox 2843 3558 3025 3614; x_wconf 90' lang='lat' dir='ltr'><strong>posse.</strong></span> <span class='ocrx_word' id='word_1_679' title='bbox 3057 3544 3221 3600; x_wconf 84' lang='lat' dir='ltr'><strong>Redit</strong></span> <span class='ocrx_word' id='word_1_680' title='bbox 3249 3547 3418 3618; x_wconf 87' lang='lat' dir='ltr'><strong>igitur</strong></span> <span class='ocrx_word' id='word_1_681' title='bbox 3449 3548 3516 3603; x_wconf 89' lang='lat' dir='ltr'><strong>ad</strong></span> <span class='ocrx_word' id='word_1_682' title='bbox 3546 3546 3766 3602; x_wconf 78' lang='lat' dir='ltr'><strong>conﬁrma-</strong></span> 
     </span>
    </p>
   </div>
   <div class='ocr_carea' id='block_1_83' title="bbox 2169 3635 3867 3711">
    <p class='ocr_par' dir='ltr' id='par_1_83' title="bbox 2169 3635 3867 3711">
     <span class='ocr_line' id='line_1_83' title="bbox 2169 3635 3867 3711; baseline 0.003 -25"><span class='ocrx_word' id='word_1_683' title='bbox 2169 3659 2178 3676; x_wconf 80' lang='grc' dir='ltr'><strong><em>ο</em></strong></span> <span class='ocrx_word' id='word_1_684' title='bbox 2245 3635 2445 3688; x_wconf 88' lang='lat' dir='ltr'><strong>tionem</strong></span> <span class='ocrx_word' id='word_1_685' title='bbox 2477 3635 2620 3704; x_wconf 88' lang='lat' dir='ltr'><strong>quod</strong></span> <span class='ocrx_word' id='word_1_686' title='bbox 2651 3651 2716 3690; x_wconf 85' lang='lat' dir='ltr'><strong>ex</strong></span> <span class='ocrx_word' id='word_1_687' title='bbox 2746 3636 2933 3691; x_wconf 90' lang='lat' dir='ltr'><strong>auditu</strong></span> <span class='ocrx_word' id='word_1_688' title='bbox 2966 3636 3088 3693; x_wconf 91' lang='lat' dir='ltr'><strong>ﬁdei</strong></span> <span class='ocrx_word' id='word_1_689' title='bbox 3121 3639 3223 3693; x_wconf 89' lang='lat' dir='ltr'><strong>ista</strong></span> <span class='ocrx_word' id='word_1_690' title='bbox 3251 3642 3437 3697; x_wconf 90' lang='lat' dir='ltr'><strong>omnia</strong></span> <span class='ocrx_word' id='word_1_691' title='bbox 3467 3642 3540 3697; x_wconf 91' lang='lat' dir='ltr'><strong>eis</strong></span> <span class='ocrx_word' id='word_1_692' title='bbox 3575 3651 3769 3711; x_wconf 80' lang='lat' dir='ltr'><strong>provene-</strong></span> <span class='ocrx_word' id='word_1_693' title='bbox 3866 3667 3867 3711; x_wconf 29' lang='grc' dir='ltr'><strong>ἦ</strong></span> 
     </span>
    </p>
   </div>
   <div class='ocr_carea' id='block_1_84' title="bbox 2244 3725 3769 3800">
    <p class='ocr_par' dir='ltr' id='par_1_84' title="bbox 2244 3725 3769 3800">
     <span class='ocr_line' id='line_1_84' title="bbox 2244 3725 3769 3800; baseline 0.001 -20"><span class='ocrx_word' id='word_1_694' title='bbox 2244 3725 2387 3780; x_wconf 88' lang='lat' dir='ltr'><strong>rint:</strong></span> <span class='ocrx_word' id='word_1_695' title='bbox 2411 3735 2466 3781; x_wconf 89' lang='lat' dir='ltr'><strong>et</strong></span> <span class='ocrx_word' id='word_1_696' title='bbox 2503 3726 2556 3780; x_wconf 90' lang='lat' dir='ltr'><strong>id</strong></span> <span class='ocrx_word' id='word_1_697' title='bbox 2600 3727 2885 3796; x_wconf 88' lang='lat' dir='ltr'><strong>approbat,</strong></span> <span class='ocrx_word' id='word_1_698' title='bbox 2927 3736 2988 3782; x_wconf 90' lang='lat' dir='ltr'><strong>ut</strong></span> <span class='ocrx_word' id='word_1_699' title='bbox 3024 3745 3316 3800; x_wconf 90' lang='lat' dir='ltr'><strong>numquam</strong></span> <span class='ocrx_word' id='word_1_700' title='bbox 3359 3733 3594 3788; x_wconf 88' lang='lat' dir='ltr'><strong>mirabile</strong></span> <span class='ocrx_word' id='word_1_701' title='bbox 3628 3727 3769 3800; x_wconf 83' lang='lat' dir='ltr'><strong>aliquid</strong></span> 
     </span>
    </p>
   </div>
   <div class='ocr_carea' id='block_1_85' title="bbox 2245 3819 3770 3893">
    <p class='ocr_par' dir='ltr' id='par_1_85' title="bbox 2245 3819 3770 3893">
     <span class='ocr_line' id='line_1_85' title="bbox 2245 3819 3770 3893; baseline 0.001 -19"><span class='ocrx_word' id='word_1_702' title='bbox 2245 3819 2462 3874; x_wconf 88' lang='lat' dir='ltr'><strong>eveniat</strong></span> <span class='ocrx_word' id='word_1_703' title='bbox 2489 3827 2546 3874; x_wconf 89' lang='lat' dir='ltr'><strong>et</strong></span> <span class='ocrx_word' id='word_1_704' title='bbox 2574 3820 2913 3887; x_wconf 87' lang='lat' dir='ltr'><strong>incredibile,</strong></span> <span class='ocrx_word' id='word_1_705' title='bbox 2943 3822 3044 3876; x_wconf 90' lang='lat' dir='ltr'><strong>nisi</strong></span> <span class='ocrx_word' id='word_1_706' title='bbox 3065 3823 3388 3880; x_wconf 85' lang='lat' dir='ltr'><strong>obaudiatur</strong></span> <span class='ocrx_word' id='word_1_707' title='bbox 3417 3827 3536 3882; x_wconf 89' lang='lat' dir='ltr'><strong>ﬁdei</strong></span> <span class='ocrx_word' id='word_1_708' title='bbox 3555 3822 3770 3893; x_wconf 83' lang='lat' dir='ltr'><strong>evangelii.</strong></span> 
     </span>
    </p>
   </div>
   <div class='ocr_carea' id='block_1_86' title="bbox 2317 3915 3773 3994">
    <p class='ocr_par' dir='ltr' id='par_1_86' title="bbox 2317 3915 3773 3994">
     <span class='ocr_line' id='line_1_86' title="bbox 2317 3915 3773 3994; baseline -0.002 -23"><span class='ocrx_word' id='word_1_709' title='bbox 2317 3915 2418 3972; x_wconf 92' lang='lat' dir='ltr'><strong>Dat</strong></span> <span class='ocrx_word' id='word_1_710' title='bbox 2446 3918 2608 3988; x_wconf 88' lang='lat' dir='ltr'><strong>igitur</strong></span> <span class='ocrx_word' id='word_1_711' title='bbox 2637 3918 3045 3974; x_wconf 91' lang='lat' dir='ltr'><strong>similitudinem</strong></span> <span class='ocrx_word' id='word_1_712' title='bbox 3086 3936 3152 3976; x_wconf 85' lang='lat' dir='ltr'><strong>ex</strong></span> <span class='ocrx_word' id='word_1_713' title='bbox 3203 3921 3438 3978; x_wconf 90' lang='lat' dir='ltr'><strong>lectione</strong></span> <span class='ocrx_word' id='word_1_714' title='bbox 3461 3939 3574 3994; x_wconf 73' lang='lat' dir='ltr'><strong>qua:</strong></span> <span class='ocrx_word' id='word_1_715' title='bbox 3597 3919 3773 3976; x_wconf 81' lang='lat' dir='ltr'><strong>continet</strong></span> 
     </span>
    </p>
   </div>
   <div class='ocr_carea' id='block_1_87' title="bbox 2246 4007 3769 4082">
    <p class='ocr_par' dir='ltr' id='par_1_87' title="bbox 2246 4007 3769 4082">
     <span class='ocr_line' id='line_1_87' title="bbox 2246 4007 3769 4082; baseline 0.004 -21"><span class='ocrx_word' id='word_1_716' title='bbox 2246 4007 2585 4066; x_wconf 84' lang='lat' dir='ltr'><strong>admirabilia</strong></span> <span class='ocrx_word' id='word_1_717' title='bbox 2633 4011 2977 4079; x_wconf 89' lang='lat' dir='ltr'><strong>passionum,</strong></span> <span class='ocrx_word' id='word_1_718' title='bbox 3016 4027 3137 4082; x_wconf 68' lang='lat' dir='ltr'><strong>qum</strong></span> <span class='ocrx_word' id='word_1_719' title='bbox 3185 4016 3331 4082; x_wconf 89' lang='lat' dir='ltr'><strong>passi</strong></span> <span class='ocrx_word' id='word_1_720' title='bbox 3363 4027 3489 4070; x_wconf 87' lang='lat' dir='ltr'><strong>sunt</strong></span> <span class='ocrx_word' id='word_1_721' title='bbox 3516 4014 3769 4076; x_wconf 75' lang='lat' dir='ltr'><strong>Galatze,ct</strong></span> 
     </span>
    </p>
   </div>
   <div class='ocr_carea' id='block_1_88' title="bbox 2245 4101 3770 4180">
    <p class='ocr_par' dir='ltr' id='par_1_88' title="bbox 2245 4101 3770 4180">
     <span class='ocr_line' id='line_1_88' title="bbox 2245 4101 3770 4180; baseline 0.001 -25"><span class='ocrx_word' id='word_1_722' title='bbox 2245 4102 2614 4158; x_wconf 89' lang='lat' dir='ltr'><strong>toleraverunt</strong></span> <span class='ocrx_word' id='word_1_723' title='bbox 2641 4119 2734 4174; x_wconf 91' lang='lat' dir='ltr'><strong>per</strong></span> <span class='ocrx_word' id='word_1_724' title='bbox 2753 4103 2934 4171; x_wconf 85' lang='lat' dir='ltr'><strong>ﬁdem,</strong></span> <span class='ocrx_word' id='word_1_725' title='bbox 2959 4120 3022 4160; x_wconf 92' lang='lat' dir='ltr'><strong>ac</strong></span> <span class='ocrx_word' id='word_1_726' title='bbox 3051 4115 3334 4176; x_wconf 89' lang='lat' dir='ltr'><strong>propterea</strong></span> <span class='ocrx_word' id='word_1_727' title='bbox 3355 4123 3452 4179; x_wconf 89' lang='lat' dir='ltr'><strong>per</strong></span> <span class='ocrx_word' id='word_1_728' title='bbox 3472 4108 3686 4180; x_wconf 90' lang='lat' dir='ltr'><strong>spiritum</strong></span> <span class='ocrx_word' id='word_1_729' title='bbox 3709 4101 3770 4157; x_wconf 78' lang='lat' dir='ltr'><strong>da-</strong></span> 
     </span>
    </p>
   </div>
   <div class='ocr_carea' id='block_1_89' title="bbox 2245 4197 3344 4270">
    <p class='ocr_par' dir='ltr' id='par_1_89' title="bbox 2245 4197 3344 4270">
     <span class='ocr_line' id='line_1_89' title="bbox 2245 4197 3344 4270; baseline 0.005 -21"><span class='ocrx_word' id='word_1_730' title='bbox 2245 4205 2355 4250; x_wconf 90' lang='lat' dir='ltr'><strong>tum</strong></span> <span class='ocrx_word' id='word_1_731' title='bbox 2377 4205 2431 4252; x_wconf 91' lang='lat' dir='ltr'><strong>et</strong></span> <span class='ocrx_word' id='word_1_732' title='bbox 2463 4197 2714 4253; x_wconf 90' lang='lat' dir='ltr'><strong>virtutem</strong></span> <span class='ocrx_word' id='word_1_733' title='bbox 2734 4197 2834 4253; x_wconf 91' lang='lat' dir='ltr'><strong>sibi</strong></span> <span class='ocrx_word' id='word_1_734' title='bbox 2852 4213 2882 4254; x_wconf 90' lang='lat' dir='ltr'><strong>a</strong></span> <span class='ocrx_word' id='word_1_735' title='bbox 2913 4198 3024 4254; x_wconf 91' lang='lat' dir='ltr'><strong>Deo</strong></span> <span class='ocrx_word' id='word_1_736' title='bbox 3044 4208 3344 4270; x_wconf 87' lang='lat' dir='ltr'><strong>operatam.</strong></span> 
     </span>
    </p>
   </div>
   <div class='ocr_carea' id='block_1_90' title="bbox 2315 4288 3772 4367">
    <p class='ocr_par' dir='ltr' id='par_1_90' title="bbox 2315 4288 3772 4367">
     <span class='ocr_line' id='line_1_90' title="bbox 2315 4288 3772 4367; baseline -0.001 -23"><span class='ocrx_word' id='word_1_737' title='bbox 2315 4288 2479 4344; x_wconf 73' lang='lat' dir='ltr'><strong>Vsus.</strong></span> <span class='ocrx_word' id='word_1_738' title='bbox 2496 4289 2775 4345; x_wconf 84' lang='lat' dir='ltr'><strong>6.—Sicut</strong></span> <span class='ocrx_word' id='word_1_739' title='bbox 2792 4290 3050 4346; x_wconf 84' lang='lat' dir='ltr'><strong>Abraham</strong></span> <span class='ocrx_word' id='word_1_740' title='bbox 3065 4293 3279 4347; x_wconf 86' lang='lat' dir='ltr'><strong>credidit</strong></span> <span class='ocrx_word' id='word_1_741' title='bbox 3294 4293 3403 4350; x_wconf 86' lang='lat' dir='ltr'><strong>Deo</strong></span> <span class='ocrx_word' id='word_1_742' title='bbox 3417 4305 3461 4349; x_wconf 76' lang='lat' dir='ltr'><strong>et</strong></span> <span class='ocrx_word' id='word_1_743' title='bbox 3473 4301 3716 4367; x_wconf 70' lang='lat' dir='ltr'><strong>reputatur</strong></span> <span class='ocrx_word' id='word_1_744' title='bbox 3727 4297 3772 4342; x_wconf 69' lang='lat' dir='ltr'><strong>est</strong></span> 
     </span>
    </p>
   </div>
   <div class='ocr_carea' id='block_1_91' title="bbox 2245 4377 3772 4457">
    <p class='ocr_par' dir='ltr' id='par_1_91' title="bbox 2245 4377 3772 4457">
     <span class='ocr_line' id='line_1_91' title="bbox 2245 4377 3772 4457; baseline 0.004 -23"><span class='ocrx_word' id='word_1_745' title='bbox 2245 4381 2290 4434; x_wconf 91' lang='lat' dir='ltr'><strong>ei</strong></span> <span class='ocrx_word' id='word_1_746' title='bbox 2304 4380 2370 4434; x_wconf 87' lang='lat' dir='ltr'><strong>ad</strong></span> <span class='ocrx_word' id='word_1_747' title='bbox 2378 4382 2651 4454; x_wconf 81' lang='lat' dir='ltr'><strong>justitiam.</strong></span> <span class='ocrx_word' id='word_1_748' title='bbox 2670 4381 2726 4437; x_wconf 86' lang='lat' dir='ltr'><strong>In</strong></span> <span class='ocrx_word' id='word_1_749' title='bbox 2745 4382 2938 4439; x_wconf 86' lang='lat' dir='ltr'><strong>Genesi</strong></span> <span class='ocrx_word' id='word_1_750' title='bbox 2963 4384 3098 4455; x_wconf 86' lang='lat' dir='ltr'><strong>(cap.</strong></span> <span class='ocrx_word' id='word_1_751' title='bbox 3127 4401 3214 4452; x_wconf 83' lang='lat' dir='ltr'><strong>xv,</strong></span> <span class='ocrx_word' id='word_1_752' title='bbox 3230 4386 3291 4441; x_wconf 88' lang='lat'><strong>6|</strong></span> <span class='ocrx_word' id='word_1_753' title='bbox 3308 4386 3433 4456; x_wconf 90' lang='lat' dir='ltr'><strong>)hoc</strong></span> <span class='ocrx_word' id='word_1_754' title='bbox 3455 4387 3662 4457; x_wconf 88' lang='lat' dir='ltr'><strong>positum</strong></span> <span class='ocrx_word' id='word_1_755' title='bbox 3678 4377 3772 4452; x_wconf 77' lang='lat' dir='ltr'><strong>quod</strong></span> 
     </span>
    </p>
   </div>
   <div class='ocr_carea' id='block_1_92' title="bbox 543 4459 2145 4566">
    <p class='ocr_par' dir='ltr' id='par_1_92' title="bbox 543 4459 2134 4566">
     <span class='ocr_line' id='line_1_92' title="bbox 543 4459 2134 4566; baseline -0.007 -12"><span class='ocrx_word' id='word_1_756' title='bbox 543 4459 623 4554; x_wconf 70' lang='lat' dir='ltr'><strong>sic</strong></span> <span class='ocrx_word' id='word_1_757' title='bbox 654 4513 760 4552; x_wconf 87' lang='lat' dir='ltr'><strong>non</strong></span> <span class='ocrx_word' id='word_1_758' title='bbox 805 4496 1189 4566; x_wconf 83' lang='lat' dir='ltr'><strong>intelligentes,</strong></span> <span class='ocrx_word' id='word_1_759' title='bbox 1215 4493 1342 4548; x_wconf 90' lang='lat' dir='ltr'><strong>dum</strong></span> <span class='ocrx_word' id='word_1_760' title='bbox 1376 4491 1666 4562; x_wconf 88' lang='lat' dir='ltr'><strong>adjungitis</strong></span> <span class='ocrx_word' id='word_1_761' title='bbox 1691 4506 1852 4560; x_wconf 82' lang='lat' dir='ltr'><strong>opera</strong></span> <span class='ocrx_word' id='word_1_762' title='bbox 1879 4489 1942 4543; x_wconf 90' lang='lat' dir='ltr'><strong>ad</strong></span> <span class='ocrx_word' id='word_1_763' title='bbox 1979 4459 2134 4560; x_wconf 47' lang='lat' dir='ltr'><strong>justi;</strong></span> 
     </span>
    </p>
   </div>
   <div class='ocr_carea' id='block_1_93' title="bbox 2247 4459 3769 4566">
    <p class='ocr_par' dir='ltr' id='par_1_93' title="bbox 2247 4471 3769 4566">
     <span class='ocr_line' id='line_1_93' title="bbox 2247 4471 3769 4566; baseline 0.005 -41"><span class='ocrx_word' id='word_1_764' title='bbox 2247 4471 2504 4566; x_wconf 45' lang='lat' dir='ltr'><strong>Abraham</strong></span> <span class='ocrx_word' id='word_1_765' title='bbox 2518 4476 2728 4530; x_wconf 84' lang='lat' dir='ltr'><strong>credidit</strong></span> <span class='ocrx_word' id='word_1_766' title='bbox 2743 4475 2870 4541; x_wconf 87' lang='lat' dir='ltr'><strong>Deo.</strong></span> <span class='ocrx_word' id='word_1_767' title='bbox 2887 4480 3242 4548; x_wconf 68' lang='lat' dir='ltr'><strong>et‘reputatum</strong></span> <span class='ocrx_word' id='word_1_768' title='bbox 3264 4491 3336 4536; x_wconf 87' lang='lat' dir='ltr'><strong>est</strong></span> <span class='ocrx_word' id='word_1_769' title='bbox 3350 4483 3395 4536; x_wconf 88' lang='lat' dir='ltr'><strong>ei</strong></span> <span class='ocrx_word' id='word_1_770' title='bbox 3411 4482 3480 4536; x_wconf 87' lang='lat' dir='ltr'><strong>ad</strong></span> <span class='ocrx_word' id='word_1_771' title='bbox 3490 4481 3709 4552; x_wconf 75' lang='lat' dir='ltr'><strong>justitiam</strong></span> <span class='ocrx_word' id='word_1_772' title='bbox 3721 4473 3769 4543; x_wconf 65' lang='grc' dir='ltr'><strong>(ὅ)</strong></span> 
     </span>
    </p>
   </div>
   <div class='ocr_carea' id='block_1_94' title="bbox 545 4581 2139 4656">
    <p class='ocr_par' dir='ltr' id='par_1_94' title="bbox 545 4581 2139 4656">
     <span class='ocr_line' id='line_1_94' title="bbox 545 4581 2139 4656; baseline -0.008 -11"><span class='ocrx_word' id='word_1_773' title='bbox 545 4589 851 4646; x_wconf 89' lang='lat' dir='ltr'><strong>ﬁcationem</strong></span> <span class='ocrx_word' id='word_1_774' title='bbox 882 4596 1147 4650; x_wconf 91' lang='lat' dir='ltr'><strong>vestram,</strong></span> <span class='ocrx_word' id='word_1_775' title='bbox 1177 4585 1318 4656; x_wconf 92' lang='lat' dir='ltr'><strong>quod</strong></span> <span class='ocrx_word' id='word_1_776' title='bbox 1342 4594 1425 4641; x_wconf 89' lang='lat' dir='ltr'><strong>est</strong></span> <span class='ocrx_word' id='word_1_777' title='bbox 1461 4581 1754 4638; x_wconf 87' lang='lat' dir='ltr'><strong>secundum</strong></span> <span class='ocrx_word' id='word_1_778' title='bbox 1793 4596 2007 4636; x_wconf 89' lang='lat' dir='ltr'><strong>carnem</strong></span> <span class='ocrx_word' id='word_1_779' title='bbox 2049 4596 2139 4634; x_wconf 89' lang='lat' dir='ltr'><strong>sa-</strong></span> 
     </span>
    </p>
   </div>
   <div class='ocr_carea' id='block_1_95' title="bbox 545 4675 2144 4753">
    <p class='ocr_par' dir='ltr' id='par_1_95' title="bbox 545 4675 2144 4753">
     <span class='ocr_line' id='line_1_95' title="bbox 545 4675 2144 4753; baseline -0.005 -17"><span class='ocrx_word' id='word_1_780' title='bbox 545 4697 694 4753; x_wconf 87' lang='lat' dir='ltr'><strong>pere,</strong></span> <span class='ocrx_word' id='word_1_781' title='bbox 716 4690 772 4735; x_wconf 93' lang='lat' dir='ltr'><strong>nt</strong></span> <span class='ocrx_word' id='word_1_782' title='bbox 791 4697 910 4736; x_wconf 90' lang='lat' dir='ltr'><strong>cum</strong></span> <span class='ocrx_word' id='word_1_783' title='bbox 934 4681 1122 4748; x_wconf 89' lang='lat' dir='ltr'><strong>spiritu</strong></span> <span class='ocrx_word' id='word_1_784' title='bbox 1144 4678 1412 4749; x_wconf 71' lang='lat' dir='ltr'><strong>coeperitis</strong></span> <span class='ocrx_word' id='word_1_785' title='bbox 1435 4693 1530 4746; x_wconf 89' lang='lat' dir='ltr'><strong>per</strong></span> <span class='ocrx_word' id='word_1_786' title='bbox 1543 4675 1878 4746; x_wconf 83' lang='lat' dir='ltr'><strong>evangelium</strong></span> <span class='ocrx_word' id='word_1_787' title='bbox 1901 4690 1930 4728; x_wconf 89' lang='lat' dir='ltr'><strong>a</strong></span> <span class='ocrx_word' id='word_1_788' title='bbox 1949 4691 2033 4729; x_wconf 92' lang='lat' dir='ltr'><strong>me</strong></span> <span class='ocrx_word' id='word_1_789' title='bbox 2050 4675 2144 4728; x_wconf 90' lang='lat' dir='ltr'><strong>da-</strong></span> 
     </span>
    </p>
   </div>
   <div class='ocr_carea' id='block_1_96' title="bbox 551 4767 2140 4841">
    <p class='ocr_par' dir='ltr' id='par_1_96' title="bbox 551 4767 2140 4841">
     <span class='ocr_line' id='line_1_96' title="bbox 551 4767 2140 4841; baseline -0.005 -12"><span class='ocrx_word' id='word_1_790' title='bbox 551 4783 686 4841; x_wconf 88' lang='lat' dir='ltr'><strong>tum,</strong></span> <span class='ocrx_word' id='word_1_791' title='bbox 704 4783 834 4829; x_wconf 84' lang='lat' dir='ltr'><strong>utex</strong></span> <span class='ocrx_word' id='word_1_792' title='bbox 858 4774 1038 4828; x_wconf 87' lang='lat' dir='ltr'><strong>auditu</strong></span> <span class='ocrx_word' id='word_1_793' title='bbox 1053 4772 1172 4827; x_wconf 87' lang='lat' dir='ltr'><strong>ﬁdei</strong></span> <span class='ocrx_word' id='word_1_794' title='bbox 1192 4773 1244 4826; x_wconf 90' lang='lat' dir='ltr'><strong>in</strong></span> <span class='ocrx_word' id='word_1_795' title='bbox 1257 4770 1528 4826; x_wconf 89' lang='lat' dir='ltr'><strong>Christum</strong></span> <span class='ocrx_word' id='word_1_796' title='bbox 1543 4770 1855 4838; x_wconf 89' lang='lat' dir='ltr'><strong>acceperitis</strong></span> <span class='ocrx_word' id='word_1_797' title='bbox 1873 4767 2140 4838; x_wconf 88' lang='lat' dir='ltr'><strong>Spiritum,</strong></span> 
     </span>
    </p>
   </div>
   <div class='ocr_carea' id='block_1_97' title="bbox 545 4857 2142 4932">
    <p class='ocr_par' dir='ltr' id='par_1_97' title="bbox 545 4857 2142 4932">
     <span class='ocr_line' id='line_1_97' title="bbox 545 4857 2142 4932; baseline -0.004 -12"><span class='ocrx_word' id='word_1_798' title='bbox 545 4881 689 4921; x_wconf 89' lang='lat' dir='ltr'><strong>nunc</strong></span> <span class='ocrx_word' id='word_1_799' title='bbox 709 4866 911 4920; x_wconf 82' lang='lat' dir='ltr'><strong>exitum</strong></span> <span class='ocrx_word' id='word_1_800' title='bbox 941 4876 1095 4919; x_wconf 88' lang='lat' dir='ltr'><strong>actus</strong></span> <span class='ocrx_word' id='word_1_801' title='bbox 1118 4863 1280 4932; x_wconf 83' lang='lat' dir='ltr'><strong>vestri</strong></span> <span class='ocrx_word' id='word_1_802' title='bbox 1305 4872 1359 4919; x_wconf 90' lang='lat' dir='ltr'><strong>et</strong></span> <span class='ocrx_word' id='word_1_803' title='bbox 1383 4862 1506 4916; x_wconf 69' lang='lat' dir='ltr'><strong>Vilill</strong></span> <span class='ocrx_word' id='word_1_804' title='bbox 1527 4877 1688 4917; x_wconf 90' lang='lat' dir='ltr'><strong>carne</strong></span> <span class='ocrx_word' id='word_1_805' title='bbox 1709 4861 2038 4916; x_wconf 86' lang='lat' dir='ltr'><strong>consumetis</strong></span> <span class='ocrx_word' id='word_1_806' title='bbox 2055 4875 2069 4925; x_wconf 88' lang='lat'><strong>;</strong></span> <span class='ocrx_word' id='word_1_807' title='bbox 2089 4857 2142 4914; x_wconf 91' lang='lat' dir='ltr'><strong>id</strong></span> 
     </span>
    </p>
   </div>
   <div class='ocr_carea' id='block_1_98' title="bbox 549 4952 2144 5028">
    <p class='ocr_par' dir='ltr' id='par_1_98' title="bbox 549 4952 2144 5028">
     <span class='ocr_line' id='line_1_98' title="bbox 549 4952 2144 5028; baseline -0.006 -13"><span class='ocrx_word' id='word_1_808' title='bbox 549 4968 634 5015; x_wconf 91' lang='lat' dir='ltr'><strong>est</strong></span> <span class='ocrx_word' id='word_1_809' title='bbox 647 4958 899 5028; x_wconf 92' lang='lat' dir='ltr'><strong>operibus</strong></span> <span class='ocrx_word' id='word_1_810' title='bbox 920 4959 983 5011; x_wconf 85' lang='lat' dir='ltr'><strong>ad</strong></span> <span class='ocrx_word' id='word_1_811' title='bbox 997 4973 1212 5013; x_wconf 90' lang='lat' dir='ltr'><strong>carnem</strong></span> <span class='ocrx_word' id='word_1_812' title='bbox 1226 4967 1280 5011; x_wconf 90' lang='lat' dir='ltr'><strong>et</strong></span> <span class='ocrx_word' id='word_1_813' title='bbox 1299 4956 1592 5012; x_wconf 89' lang='lat' dir='ltr'><strong>secundum</strong></span> <span class='ocrx_word' id='word_1_814' title='bbox 1617 4970 1831 5010; x_wconf 86' lang='lat' dir='ltr'><strong>carnem</strong></span> <span class='ocrx_word' id='word_1_815' title='bbox 1847 4952 2144 5023; x_wconf 85' lang='lat' dir='ltr'><strong>susceptis?</strong></span> 
     </span>
    </p>
   </div>
   <div class='ocr_carea' id='block_1_99' title="bbox 623 5045 2145 5119">
    <p class='ocr_par' dir='ltr' id='par_1_99' title="bbox 623 5045 2145 5119">
     <span class='ocr_line' id='line_1_99' title="bbox 623 5045 2145 5119; baseline -0.003 -13"><span class='ocrx_word' id='word_1_816' title='bbox 623 5049 788 5106; x_wconf 62' lang='lat' dir='ltr'><strong>Vens.</strong></span> <span class='ocrx_word' id='word_1_817' title='bbox 839 5051 984 5104; x_wconf 75' lang='grc'><strong>4.-</strong></span> <span class='ocrx_word' id='word_1_818' title='bbox 1033 5049 1196 5103; x_wconf 83' lang='lat' dir='ltr'><strong>Tanta</strong></span> <span class='ocrx_word' id='word_1_819' title='bbox 1245 5049 1381 5119; x_wconf 81' lang='lat' dir='ltr'><strong>passi</strong></span> <span class='ocrx_word' id='word_1_820' title='bbox 1426 5049 1541 5103; x_wconf 87' lang='lat' dir='ltr'><strong>estis</strong></span> <span class='ocrx_word' id='word_1_821' title='bbox 1586 5049 1696 5102; x_wconf 83' lang='lat' dir='ltr'><strong>sine</strong></span> <span class='ocrx_word' id='word_1_822' title='bbox 1739 5048 1927 5102; x_wconf 75' lang='lat' dir='ltr'><strong>causa?</strong></span> <span class='ocrx_word' id='word_1_823' title='bbox 1969 5045 2145 5101; x_wconf 85' lang='lat' dir='ltr'><strong>Facile</strong></span> 
     </span>
    </p>
   </div>
   <div class='ocr_carea' id='block_1_100' title="bbox 548 5138 2147 5211">
    <p class='ocr_par' dir='ltr' id='par_1_100' title="bbox 548 5138 2147 5211">
     <span class='ocr_line' id='line_1_100' title="bbox 548 5138 2147 5211; baseline -0.003 -14"><span class='ocrx_word' id='word_1_824' title='bbox 548 5140 766 5197; x_wconf 89' lang='lat' dir='ltr'><strong>adducit</strong></span> <span class='ocrx_word' id='word_1_825' title='bbox 809 5140 874 5195; x_wconf 88' lang='lat' dir='ltr'><strong>ad</strong></span> <span class='ocrx_word' id='word_1_826' title='bbox 905 5138 1212 5211; x_wconf 85' lang='lat' dir='ltr'><strong>patientiam</strong></span> <span class='ocrx_word' id='word_1_827' title='bbox 1243 5139 1363 5194; x_wconf 91' lang='lat' dir='ltr'><strong>talis</strong></span> <span class='ocrx_word' id='word_1_828' title='bbox 1413 5139 1602 5204; x_wconf 91' lang='lat' dir='ltr'><strong>oratio,</strong></span> <span class='ocrx_word' id='word_1_829' title='bbox 1647 5156 1764 5210; x_wconf 73' lang='lat' dir='ltr'><strong>qua:</strong></span> <span class='ocrx_word' id='word_1_830' title='bbox 1800 5138 2147 5208; x_wconf 88' lang='lat' dir='ltr'><strong>reprehendit</strong></span> 
     </span>
    </p>
   </div>
   <div class='ocr_carea' id='block_1_101' title="bbox 546 5231 2143 5303">
    <p class='ocr_par' dir='ltr' id='par_1_101' title="bbox 546 5231 2143 5303">
     <span class='ocr_line' id='line_1_101' title="bbox 546 5231 2143 5303; baseline -0.003 -13"><span class='ocrx_word' id='word_1_831' title='bbox 546 5245 600 5290; x_wconf 91' lang='lat' dir='ltr'><strong>et</strong></span> <span class='ocrx_word' id='word_1_832' title='bbox 649 5242 859 5299; x_wconf 88' lang='lat' dir='ltr'><strong>monet,</strong></span> <span class='ocrx_word' id='word_1_833' title='bbox 902 5241 956 5288; x_wconf 91' lang='lat' dir='ltr'><strong>et</strong></span> <span class='ocrx_word' id='word_1_834' title='bbox 1003 5240 1178 5287; x_wconf 90' lang='lat' dir='ltr'><strong>tamen</strong></span> <span class='ocrx_word' id='word_1_835' title='bbox 1221 5233 1388 5300; x_wconf 83' lang='lat' dir='ltr'><strong>ipsam</strong></span> <span class='ocrx_word' id='word_1_836' title='bbox 1433 5231 1907 5303; x_wconf 87' lang='lat' dir='ltr'><strong>reprehensionem</strong></span> <span class='ocrx_word' id='word_1_837' title='bbox 1959 5247 2143 5286; x_wconf 90' lang='lat' dir='ltr'><strong>rursus</strong></span> 
     </span>
    </p>
   </div>
   <div class='ocr_carea' id='block_1_102' title="bbox 546 5324 2141 5396">
    <p class='ocr_par' dir='ltr' id='par_1_102' title="bbox 546 5324 2141 5396">
     <span class='ocr_line' id='line_1_102' title="bbox 546 5324 2141 5396; baseline -0.002 -14"><span class='ocrx_word' id='word_1_838' title='bbox 546 5326 894 5396; x_wconf 87' lang='lat' dir='ltr'><strong>reprehendit</strong></span> <span class='ocrx_word' id='word_1_839' title='bbox 929 5344 942 5382; x_wconf 93' lang='lat'>:</span> <span class='ocrx_word' id='word_1_840' title='bbox 984 5341 1214 5394; x_wconf 88' lang='lat' dir='ltr'><strong>namque</strong></span> <span class='ocrx_word' id='word_1_841' title='bbox 1253 5324 1600 5395; x_wconf 90' lang='lat' dir='ltr'><strong>reprehendit</strong></span> <span class='ocrx_word' id='word_1_842' title='bbox 1635 5326 1776 5395; x_wconf 90' lang='lat' dir='ltr'><strong>quod</strong></span> <span class='ocrx_word' id='word_1_843' title='bbox 1811 5325 1964 5392; x_wconf 84' lang='lat' dir='ltr'><strong>dixit,</strong></span> <span class='ocrx_word' id='word_1_844' title='bbox 2000 5335 2141 5379; x_wconf 85' lang='lat' dir='ltr'><strong>tanta</strong></span> 
     </span>
    </p>
   </div>
   <div class='ocr_carea' id='block_1_103' title="bbox 547 5418 2138 5492">
    <p class='ocr_par' dir='ltr' id='par_1_103' title="bbox 547 5418 2138 5492">
     <span class='ocr_line' id='line_1_103' title="bbox 547 5418 2138 5492; baseline -0.001 -16"><span class='ocrx_word' id='word_1_845' title='bbox 547 5424 685 5492; x_wconf 87' lang='lat' dir='ltr'><strong>passi</strong></span> <span class='ocrx_word' id='word_1_846' title='bbox 727 5430 843 5477; x_wconf 78' lang='lat' dir='ltr'><strong>estis</strong></span> <span class='ocrx_word' id='word_1_847' title='bbox 879 5421 987 5476; x_wconf 86' lang='lat' dir='ltr'><strong>sine</strong></span> <span class='ocrx_word' id='word_1_848' title='bbox 1026 5435 1201 5484; x_wconf 87' lang='lat' dir='ltr'><strong>causa,</strong></span> <span class='ocrx_word' id='word_1_849' title='bbox 1239 5418 1475 5474; x_wconf 88' lang='lat' dir='ltr'><strong>subdens</strong></span> <span class='ocrx_word' id='word_1_850' title='bbox 1520 5423 1563 5472; x_wconf 82' lang='lat' dir='ltr'><strong>si</strong></span> <span class='ocrx_word' id='word_1_851' title='bbox 1608 5429 1772 5472; x_wconf 88' lang='lat' dir='ltr'><strong>tamen</strong></span> <span class='ocrx_word' id='word_1_852' title='bbox 1818 5419 1926 5473; x_wconf 88' lang='lat' dir='ltr'><strong>sine</strong></span> <span class='ocrx_word' id='word_1_853' title='bbox 1966 5435 2138 5474; x_wconf 86' lang='lat' dir='ltr'><strong>causa.</strong></span> 
     </span>
    </p>
   </div>
   <div class='ocr_carea' id='block_1_104' title="bbox 548 5492 2137 5580">
    <p class='ocr_par' dir='ltr' id='par_1_104' title="bbox 548 5492 2137 5580">
     <span class='ocr_line' id='line_1_104' title="bbox 548 5492 2137 5580; baseline -0.001 -13"><span class='ocrx_word' id='word_1_854' title='bbox 548 5512 730 5568; x_wconf 86' lang='lat' dir='ltr'><strong>Monet</strong></span> <span class='ocrx_word' id='word_1_855' title='bbox 750 5520 924 5568; x_wconf 89' lang='lat' dir='ltr'><strong>autem</strong></span> <span class='ocrx_word' id='word_1_856' title='bbox 955 5527 1078 5568; x_wconf 90' lang='lat' dir='ltr'><strong>cum</strong></span> <span class='ocrx_word' id='word_1_857' title='bbox 1107 5510 1257 5576; x_wconf 91' lang='lat' dir='ltr'><strong>dicit,</strong></span> <span class='ocrx_word' id='word_1_858' title='bbox 1290 5520 1434 5564; x_wconf 84' lang='lat' dir='ltr'><strong>tanta</strong></span> <span class='ocrx_word' id='word_1_859' title='bbox 1455 5510 1594 5580; x_wconf 86' lang='lat' dir='ltr'><strong>passi</strong></span> <span class='ocrx_word' id='word_1_860' title='bbox 1621 5498 1769 5576; x_wconf 81' lang='lat' dir='ltr'><strong>estis,</strong></span> <span class='ocrx_word' id='word_1_861' title='bbox 1803 5492 1865 5565; x_wconf 18' lang='lat' dir='ltr'><strong>uti</strong></span> <span class='ocrx_word' id='word_1_862' title='bbox 1887 5525 2008 5567; x_wconf 90' lang='lat' dir='ltr'><strong>cum</strong></span> <span class='ocrx_word' id='word_1_863' title='bbox 2053 5519 2137 5566; x_wconf 90' lang='lat' dir='ltr'><strong>to-</strong></span> 
     </span>
    </p>
   </div>
   <div class='ocr_carea' id='block_1_105' title="bbox 583 5669 1410 5743">
    <p class='ocr_par' dir='ltr' id='par_1_105' title="bbox 583 5669 1410 5743">
     <span class='ocr_line' id='line_1_105' title="bbox 583 5669 1410 5743; baseline -0.012 -11"><span class='ocrx_word' id='word_1_864' title='bbox 583 5729 588 5732; x_wconf 89' lang='lat'><strong>.</strong></span> <span class='ocrx_word' id='word_1_865' title='bbox 616 5669 696 5743; x_wconf 89' lang='grc' dir='ltr'><strong>(Ι)</strong></span> <span class='ocrx_word' id='word_1_866' title='bbox 724 5669 781 5728; x_wconf 91' lang='lat' dir='ltr'><strong>In</strong></span> <span class='ocrx_word' id='word_1_867' title='bbox 810 5669 952 5742; x_wconf 89' lang='lat' dir='ltr'><strong>vulg.</strong></span> <span class='ocrx_word' id='word_1_868' title='bbox 975 5669 1410 5727; x_wconf 85' lang='lat' dir='ltr'><strong>consummemini.</strong></span> 
     </span>
    </p>
   </div>
   <div class='ocr_carea' id='block_1_106' title="bbox 2245 4564 3774 4643">
    <p class='ocr_par' dir='ltr' id='par_1_106' title="bbox 2245 4564 3774 4643">
     <span class='ocr_line' id='line_1_106' title="bbox 2245 4564 3774 4643; baseline 0.001 -25"><span class='ocrx_word' id='word_1_869' title='bbox 2245 4564 2316 4618; x_wconf 90' lang='lat' dir='ltr'><strong>ita</strong></span> <span class='ocrx_word' id='word_1_870' title='bbox 2341 4565 2482 4621; x_wconf 91' lang='lat' dir='ltr'><strong>Deus</strong></span> <span class='ocrx_word' id='word_1_871' title='bbox 2505 4575 2760 4636; x_wconf 89' lang='lat' dir='ltr'><strong>operatur</strong></span> <span class='ocrx_word' id='word_1_872' title='bbox 2787 4569 3014 4625; x_wconf 91' lang='lat' dir='ltr'><strong>virtutes</strong></span> <span class='ocrx_word' id='word_1_873' title='bbox 3040 4586 3162 4626; x_wconf 92' lang='lat' dir='ltr'><strong>cum</strong></span> <span class='ocrx_word' id='word_1_874' title='bbox 3191 4571 3320 4628; x_wconf 91' lang='lat' dir='ltr'><strong>ﬁdes</strong></span> <span class='ocrx_word' id='word_1_875' title='bbox 3343 4573 3638 4643; x_wconf 89' lang='lat' dir='ltr'><strong>provenerit</strong></span> <span class='ocrx_word' id='word_1_876' title='bbox 3658 4571 3697 4624; x_wconf 90' lang='lat' dir='ltr'><strong>in</strong></span> <span class='ocrx_word' id='word_1_877' title='bbox 3711 4570 3774 4622; x_wconf 82' lang='lat' dir='ltr'><strong>ho-</strong></span> 
     </span>
    </p>
   </div>
   <div class='ocr_carea' id='block_1_107' title="bbox 2250 4657 3772 4737">
    <p class='ocr_par' dir='ltr' id='par_1_107' title="bbox 2250 4657 3772 4737">
     <span class='ocr_line' id='line_1_107' title="bbox 2250 4657 3772 4737; baseline 0.005 -27"><span class='ocrx_word' id='word_1_878' title='bbox 2250 4657 2452 4712; x_wconf 90' lang='lat' dir='ltr'><strong>minum</strong></span> <span class='ocrx_word' id='word_1_879' title='bbox 2475 4660 2755 4726; x_wconf 76' lang='lat' dir='ltr'><strong>animis,et</strong></span> <span class='ocrx_word' id='word_1_880' title='bbox 2777 4661 2906 4718; x_wconf 89' lang='lat' dir='ltr'><strong>ﬁdes</strong></span> <span class='ocrx_word' id='word_1_881' title='bbox 2930 4671 2990 4718; x_wconf 92' lang='lat' dir='ltr'><strong>ut</strong></span> <span class='ocrx_word' id='word_1_882' title='bbox 3008 4663 3060 4719; x_wconf 90' lang='lat' dir='ltr'><strong>in</strong></span> <span class='ocrx_word' id='word_1_883' title='bbox 3083 4664 3248 4721; x_wconf 88' lang='lat' dir='ltr'><strong>Demn</strong></span> <span class='ocrx_word' id='word_1_884' title='bbox 3274 4667 3516 4722; x_wconf 90' lang='lat' dir='ltr'><strong>credant.</strong></span> <span class='ocrx_word' id='word_1_885' title='bbox 3535 4665 3772 4737; x_wconf 72' lang='lat' dir='ltr'><strong>Repqu</strong></span> 
     </span>
    </p>
   </div>
   <div class='ocr_carea' id='block_1_108' title="bbox 2251 4751 3774 4830">
    <p class='ocr_par' dir='ltr' id='par_1_108' title="bbox 2251 4751 3774 4830">
     <span class='ocr_line' id='line_1_108' title="bbox 2251 4751 3774 4830; baseline 0.007 -27"><span class='ocrx_word' id='word_1_886' title='bbox 2251 4762 2344 4814; x_wconf 85' lang='lat' dir='ltr'><strong>est,</strong></span> <span class='ocrx_word' id='word_1_887' title='bbox 2361 4751 2553 4820; x_wconf 88' lang='lat' dir='ltr'><strong>inquit,</strong></span> <span class='ocrx_word' id='word_1_888' title='bbox 2569 4752 2790 4808; x_wconf 71' lang='lat' dir='ltr'><strong>Abi-alta:</strong></span> <span class='ocrx_word' id='word_1_889' title='bbox 2809 4756 2877 4808; x_wconf 89' lang='lat' dir='ltr'><strong>ad</strong></span> <span class='ocrx_word' id='word_1_890' title='bbox 2886 4758 3145 4826; x_wconf 85' lang='lat' dir='ltr'><strong>justitiam</strong></span> <span class='ocrx_word' id='word_1_891' title='bbox 3162 4761 3304 4830; x_wconf 83' lang='lat' dir='ltr'><strong>,quia</strong></span> <span class='ocrx_word' id='word_1_892' title='bbox 3317 4761 3534 4815; x_wconf 82' lang='lat' dir='ltr'><strong>credidit</strong></span> <span class='ocrx_word' id='word_1_893' title='bbox 3548 4759 3660 4814; x_wconf 80' lang='lat' dir='ltr'><strong>Deo.</strong></span> <span class='ocrx_word' id='word_1_894' title='bbox 3677 4757 3774 4824; x_wconf 74' lang='lat' dir='ltr'><strong>Ergo</strong></span> 
     </span>
    </p>
   </div>
   <div class='ocr_carea' id='block_1_109' title="bbox 2254 4848 3772 4924">
    <p class='ocr_par' dir='ltr' id='par_1_109' title="bbox 2254 4848 3772 4924">
     <span class='ocr_line' id='line_1_109' title="bbox 2254 4848 3772 4924; baseline 0.002 -29"><span class='ocrx_word' id='word_1_895' title='bbox 2254 4850 2309 4896; x_wconf 91' lang='lat' dir='ltr'><strong>et</strong></span> <span class='ocrx_word' id='word_1_896' title='bbox 2333 4857 2429 4896; x_wconf 91' lang='lat' dir='ltr'><strong>vos</strong></span> <span class='ocrx_word' id='word_1_897' title='bbox 2452 4851 2594 4898; x_wconf 88' lang='lat' dir='ltr'><strong>tanta</strong></span> <span class='ocrx_word' id='word_1_898' title='bbox 2627 4848 2866 4914; x_wconf 90' lang='lat' dir='ltr'><strong>perpessi</strong></span> <span class='ocrx_word' id='word_1_899' title='bbox 2889 4850 3020 4904; x_wconf 86' lang='lat' dir='ltr'><strong>estis</strong></span> <span class='ocrx_word' id='word_1_900' title='bbox 3047 4863 3100 4906; x_wconf 91' lang='lat' dir='ltr'><strong>et</strong></span> <span class='ocrx_word' id='word_1_901' title='bbox 3125 4853 3391 4907; x_wconf 90' lang='lat' dir='ltr'><strong>tolerastis</strong></span> <span class='ocrx_word' id='word_1_902' title='bbox 3414 4863 3572 4924; x_wconf 90' lang='lat' dir='ltr'><strong>atque</strong></span> <span class='ocrx_word' id='word_1_903' title='bbox 3590 4850 3772 4909; x_wconf 87' lang='lat' dir='ltr'><strong>vicistis:</strong></span> 
     </span>
    </p>
   </div>
   <div class='ocr_carea' id='block_1_110' title="bbox 2249 4937 3772 5019">
    <p class='ocr_par' dir='ltr' id='par_1_110' title="bbox 2249 4937 3772 5019">
     <span class='ocr_line' id='line_1_110' title="bbox 2249 4937 3772 5019; baseline 0.009 -29"><span class='ocrx_word' id='word_1_904' title='bbox 2249 4944 2302 4990; x_wconf 91' lang='lat' dir='ltr'><strong>et</strong></span> <span class='ocrx_word' id='word_1_905' title='bbox 2328 4937 2552 4992; x_wconf 86' lang='lat' dir='ltr'><strong>virtutes</strong></span> <span class='ocrx_word' id='word_1_906' title='bbox 2583 4938 2638 4992; x_wconf 90' lang='lat' dir='ltr'><strong>in</strong></span> <span class='ocrx_word' id='word_1_907' title='bbox 2662 4940 2816 4996; x_wconf 89' lang='lat' dir='ltr'><strong>vobis</strong></span> <span class='ocrx_word' id='word_1_908' title='bbox 2837 4952 3089 5012; x_wconf 87' lang='lat' dir='ltr'><strong>operatus</strong></span> <span class='ocrx_word' id='word_1_909' title='bbox 3111 4953 3194 5000; x_wconf 91' lang='lat' dir='ltr'><strong>est</strong></span> <span class='ocrx_word' id='word_1_910' title='bbox 3219 4945 3356 5002; x_wconf 91' lang='lat' dir='ltr'><strong>Deus</strong></span> <span class='ocrx_word' id='word_1_911' title='bbox 3377 4956 3539 5019; x_wconf 88' lang='lat' dir='ltr'><strong>atque</strong></span> <span class='ocrx_word' id='word_1_912' title='bbox 3558 4952 3772 5016; x_wconf 68' lang='lat' dir='ltr'><strong>operatur.</strong></span> 
     </span>
    </p>
   </div>
   <div class='ocr_carea' id='block_1_111' title="bbox 2247 5031 3775 5106">
    <p class='ocr_par' dir='ltr' id='par_1_111' title="bbox 2247 5031 3775 5106">
     <span class='ocr_line' id='line_1_111' title="bbox 2247 5031 3775 5106; baseline 0.008 -24"><span class='ocrx_word' id='word_1_913' title='bbox 2247 5031 2370 5099; x_wconf 89' lang='lat' dir='ltr'><strong>quia</strong></span> <span class='ocrx_word' id='word_1_914' title='bbox 2421 5047 2515 5100; x_wconf 90' lang='lat' dir='ltr'><strong>per</strong></span> <span class='ocrx_word' id='word_1_915' title='bbox 2545 5031 2786 5087; x_wconf 91' lang='lat' dir='ltr'><strong>auditum</strong></span> <span class='ocrx_word' id='word_1_916' title='bbox 2823 5034 2943 5089; x_wconf 91' lang='lat' dir='ltr'><strong>ﬁdei</strong></span> <span class='ocrx_word' id='word_1_917' title='bbox 2988 5036 3291 5094; x_wconf 89' lang='lat' dir='ltr'><strong>credidistis</strong></span> <span class='ocrx_word' id='word_1_918' title='bbox 3337 5041 3466 5097; x_wconf 91' lang='lat' dir='ltr'><strong>Deo.</strong></span> <span class='ocrx_word' id='word_1_919' title='bbox 3511 5038 3775 5106; x_wconf 67' lang='lat' dir='ltr'><strong>Intellegitur</strong></span> 
     </span>
    </p>
   </div>
   <div class='ocr_carea' id='block_1_112' title="bbox 2249 5123 3104 5195">
    <p class='ocr_par' dir='ltr' id='par_1_112' title="bbox 2249 5123 3104 5195">
     <span class='ocr_line' id='line_1_112' title="bbox 2249 5123 3104 5195; baseline 0.009 -20"><span class='ocrx_word' id='word_1_920' title='bbox 2249 5136 2379 5190; x_wconf 83' lang='lat' dir='ltr'><strong>ergo</strong></span> <span class='ocrx_word' id='word_1_921' title='bbox 2426 5123 2678 5191; x_wconf 86' lang='lat' dir='ltr'><strong>quoniam</strong></span> <span class='ocrx_word' id='word_1_922' title='bbox 2728 5125 2817 5195; x_wconf 90' lang='lat' dir='ltr'><strong>qui</strong></span> <span class='ocrx_word' id='word_1_923' title='bbox 2863 5142 2928 5182; x_wconf 81' lang='lat' dir='ltr'><strong>ex</strong></span> <span class='ocrx_word' id='word_1_924' title='bbox 2977 5127 3104 5184; x_wconf 90' lang='lat' dir='ltr'><strong>ﬁde.</strong></span> 
     </span>
    </p>
   </div>
   <div class='ocr_carea' id='block_1_113' title="bbox 2321 5212 3773 5286">
    <p class='ocr_par' dir='ltr' id='par_1_113' title="bbox 2321 5212 3773 5286">
     <span class='ocr_line' id='line_1_113' title="bbox 2321 5212 3773 5286; baseline 0.004 -20"><span class='ocrx_word' id='word_1_925' title='bbox 2321 5212 2484 5268; x_wconf 79' lang='lat' dir='ltr'><strong>Vens.</strong></span> <span class='ocrx_word' id='word_1_926' title='bbox 2503 5215 2629 5268; x_wconf 89' lang='lat'><strong>7.—-</strong></span> <span class='ocrx_word' id='word_1_927' title='bbox 2642 5214 2694 5270; x_wconf 84' lang='lat' dir='ltr'><strong>Ii</strong></span> <span class='ocrx_word' id='word_1_928' title='bbox 2708 5217 2806 5286; x_wconf 82' lang='lat' dir='ltr'><strong>ﬁlii</strong></span> <span class='ocrx_word' id='word_1_929' title='bbox 2823 5229 2944 5273; x_wconf 84' lang='lat' dir='ltr'><strong>sunt</strong></span> <span class='ocrx_word' id='word_1_930' title='bbox 2969 5220 3203 5276; x_wconf 66' lang='lat' dir='ltr'><strong>Abrahae.</strong></span> <span class='ocrx_word' id='word_1_931' title='bbox 3221 5221 3422 5280; x_wconf 90' lang='lat' dir='ltr'><strong>Semini</strong></span> <span class='ocrx_word' id='word_1_932' title='bbox 3445 5224 3581 5280; x_wconf 90' lang='lat' dir='ltr'><strong>enim</strong></span> <span class='ocrx_word' id='word_1_933' title='bbox 3600 5215 3773 5276; x_wconf 71' lang='lat' dir='ltr'><strong>Abraba</strong></span> 
     </span>
    </p>
   </div>
   <div class='ocr_carea' id='block_1_114' title="bbox 2325 5322 3770 5408">
    <p class='ocr_par' dir='ltr' id='par_1_114' title="bbox 2325 5322 3770 5408">
     <span class='ocr_line' id='line_1_114' title="bbox 2325 5322 3770 5408; baseline 0.005 -28"><span class='ocrx_word' id='word_1_934' title='bbox 2325 5322 2401 5408; x_wconf 57' lang='lat'><strong>(1</strong></span> <span class='ocrx_word' id='word_1_935' title='bbox 2427 5323 2538 5408; x_wconf 49' lang='grc' dir='ltr'><strong>δοκι</strong></span> <span class='ocrx_word' id='word_1_936' title='bbox 2573 5328 2824 5397; x_wconf 81' lang='lat' dir='ltr'><strong>leguntur</strong></span> <span class='ocrx_word' id='word_1_937' title='bbox 2842 5330 2902 5408; x_wconf 85' lang='lat' dir='ltr'><strong>_in</strong></span> <span class='ocrx_word' id='word_1_938' title='bbox 2934 5333 3079 5404; x_wconf 89' lang='lat' dir='ltr'><strong>vulg.</strong></span> <span class='ocrx_word' id='word_1_939' title='bbox 3111 5333 3225 5391; x_wconf 67' lang='lat' dir='ltr'><strong>hare</strong></span> <span class='ocrx_word' id='word_1_940' title='bbox 3265 5337 3424 5408; x_wconf 88' lang='lat' dir='ltr'><strong>verba</strong></span> <span class='ocrx_word' id='word_1_941' title='bbox 3447 5346 3686 5408; x_wconf 76' lang='lat' dir='ltr'><strong>:operatss</strong></span> <span class='ocrx_word' id='word_1_942' title='bbox 3707 5340 3770 5408; x_wconf 72' lang='lat' dir='ltr'><strong>at.</strong></span> 
     </span>
    </p>
   </div>
   <div class='ocr_carea' id='block_1_115' title="bbox 2318 5396 3770 5478">
    <p class='ocr_par' dir='ltr' id='par_1_115' title="bbox 2318 5396 3770 5478">
     <span class='ocr_line' id='line_1_115' title="bbox 2318 5396 3770 5478; baseline 0.009 -29"><span class='ocrx_word' id='word_1_943' title='bbox 2318 5396 2406 5478; x_wconf 46' lang='grc' dir='ltr'><strong>(β).</strong></span> <span class='ocrx_word' id='word_1_944' title='bbox 2431 5397 2560 5478; x_wconf 62' lang='lat' dir='ltr'><strong>Nata</strong></span> <span class='ocrx_word' id='word_1_945' title='bbox 2592 5396 2751 5478; x_wconf 76' lang='lat' dir='ltr'><strong>quare</strong></span> <span class='ocrx_word' id='word_1_946' title='bbox 2778 5396 3168 5459; x_wconf 68' lang='lat' dir='ltr'><strong>Sttbstantivum</strong></span> <span class='ocrx_word' id='word_1_947' title='bbox 3198 5407 3337 5478; x_wconf 87' lang='lat' dir='ltr'><strong>quod</strong></span> <span class='ocrx_word' id='word_1_948' title='bbox 3363 5396 3543 5478; x_wconf 75' lang='lat' dir='ltr'><strong>postea</strong></span> <span class='ocrx_word' id='word_1_949' title='bbox 3583 5402 3770 5478; x_wconf 62' lang='lat' dir='ltr'><strong>barbari.</strong></span> 
     </span>
    </p>
   </div>
   <div class='ocr_carea' id='block_1_116' title="bbox 2245 5467 3770 5550">
    <p class='ocr_par' dir='ltr' id='par_1_116' title="bbox 2245 5467 3770 5550">
     <span class='ocr_line' id='line_1_116' title="bbox 2245 5467 3770 5550; baseline 0.012 -34"><span class='ocrx_word' id='word_1_950' title='bbox 2245 5479 2272 5550; x_wconf 51' lang='grc' dir='ltr'><strong>δέ</strong></span> <span class='ocrx_word' id='word_1_951' title='bbox 2304 5467 2509 5550; x_wconf 85' lang='lat' dir='ltr'><strong>plebeia</strong></span> <span class='ocrx_word' id='word_1_952' title='bbox 2539 5470 2800 5528; x_wconf 89' lang='lat' dir='ltr'><strong>latinitate</strong></span> <span class='ocrx_word' id='word_1_953' title='bbox 2837 5486 3142 5544; x_wconf 91' lang='lat' dir='ltr'><strong>acceptum,</strong></span> <span class='ocrx_word' id='word_1_954' title='bbox 3174 5467 3377 5549; x_wconf 69' lang='lat' dir='ltr'><strong>passini</strong></span> <span class='ocrx_word' id='word_1_955' title='bbox 3401 5481 3455 5536; x_wconf 93' lang='lat' dir='ltr'><strong>in</strong></span> <span class='ocrx_word' id='word_1_956' title='bbox 3483 5479 3673 5550; x_wconf 81' lang='lat' dir='ltr'><strong>scriptis</strong></span> <span class='ocrx_word' id='word_1_957' title='bbox 3693 5471 3770 5529; x_wconf 68' lang='lat' dir='ltr'><strong>suis</strong></span> 
     </span>
    </p>
   </div>
   <div class='ocr_carea' id='block_1_117' title="bbox 2245 5535 2740 5605">
    <p class='ocr_par' dir='ltr' id='par_1_117' title="bbox 2245 5535 2740 5605">
     <span class='ocr_line' id='line_1_117' title="bbox 2245 5535 2740 5605; baseline 0.014 -15"><span class='ocrx_word' id='word_1_958' title='bbox 2245 5535 2740 5605; x_wconf 87' lang='lat' dir='ltr'><strong>l&#39;requentavernnt.</strong></span> 
     </span>
    </p>
   </div>
   <div class='ocr_carea' id='block_1_118' title="bbox 2241 5609 3769 5743">
    <p class='ocr_par' dir='ltr' id='par_1_118' title="bbox 2241 5609 3769 5743">
     <span class='ocr_line' id='line_1_118' title="bbox 2241 5609 3769 5743; baseline -0.035 -26"><span class='ocrx_word' id='word_1_959' title='bbox 2241 5609 2610 5743; x_wconf 43' lang='lat' dir='ltr'><strong>esézglgf’me&#39;</strong></span> <span class='ocrx_word' id='word_1_960' title='bbox 2639 5613 2788 5686; x_wconf 55' lang='lat'><strong>“&#39;13-</strong></span> <span class='ocrx_word' id='word_1_961' title='bbox 2819 5630 2938 5688; x_wconf 67' lang='lat' dir='ltr'><strong>qua:</strong></span> <span class='ocrx_word' id='word_1_962' title='bbox 2963 5617 3124 5677; x_wconf 89' lang='lat' dir='ltr'><strong>habet</strong></span> <span class='ocrx_word' id='word_1_963' title='bbox 3155 5629 3391 5678; x_wconf 88' lang='lat' dir='ltr'><strong>tantum:</strong></span> <span class='ocrx_word' id='word_1_964' title='bbox 3414 5621 3558 5678; x_wconf 74' lang='lat' dir='ltr'><strong>Sicut</strong></span> <span class='ocrx_word' id='word_1_965' title='bbox 3585 5619 3769 5690; x_wconf 66' lang='grc' dir='ltr'><strong>πῆραι</strong></span> 
     </span>
    </p>
   </div>
  </div>
