4018 6184
301 303 442 360 1169

1153 300 1218 357 ΙΝ
1257 301 1643 362 EPISTOLAM
1685 297 1890 361 PAULI
1929 293 2021 350 AD
2060 294 2382 350 CALATAS
2421 295 2624 352 LIBER
2663 299 2702 353 l.

3450 303 3591 358 U70

297 417 559 489 promissa
586 427 706 472 sunt
737 417 936 484 multa;
963 417 1076 487 ipse
1098 427 1273 473 autem
1297 436 1360 475 ex
1391 420 1495 474 ﬁde
1532 430 1783 490 acceptus
1807 423 1890 475 est
1915 415 1969 474 A
1993 411 2225 466 maxime
2285 411 2374 466 illa
2417 429 2536 484 qum
2593 429 2737 485 smpe
2789 416 3075 486 Apostolus
3143 417 3357 473 mandat
3383 459 3399 486 ,
3447 419 3590 474 sicut

296 512 363 565 ad
383 510 665 580 justitiam.
693 511 832 580 Ergo
856 511 1174 581 quicumque
1203 520 1329 565 sunt
1357 527 1422 568 ex
1449 511 1570 575 ﬁde,
1596 513 1636 566 ii
1657 521 1772 566 sunt
1795 511 1893 580 ﬁlii

297 601 536 670 Abrahaz,
553 611 611 656 ut
631 617 772 672 saepe
787 601 1179 656 admonuimus.
1200 600 1372 658 Omne
1395 604 1726 676 mysterium,
1747 602 1889 674 quod

295 709 326 748 a
358 695 581 749 Domino
608 704 788 748 nOstro
808 694 935 749 Jesu
965 693 1180 748 Christo
1205 704 1383 748 actum
1409 701 1511 762 est,
1532 694 1688 749 ﬁdem
1717 695 1886 749 solam

296 788 491 858 quterit
513 804 526 842 :
548 787 644 842 fuit
663 787 804 842 enim
837 802 934 856 pro
963 787 1118 842 nobis
1147 795 1345 849 actum,
1376 796 1431 842 et
1458 788 1508 841 in
1533 796 1768 840 nostram
1797 801 1884 840 re.

296 880 685 934 surrectionem
715 889 891 933 actum
921 889 974 934 et
1005 878 1396 943 liberationem,
1429 880 1471 933 si
1503 878 1660 933 ﬁdem
1690 879 1740 932 in
1767 894 1880 948 my.

297 972 521 1026 sterium
550 970 748 1026 Christi
781 978 836 1026 et
856 972 906 1025 in
931 970 1204 1026 Christum
1249 970 1561 1025 habeamus.
1603 971 1714 1024 lloc
1741 971 1884 1026 enim

296 1063 534 1133 prrelusit
554 1061 802 1116 divinitas
831 1072 884 1117 et
899 1061 1176 1132 prtemisit,
1204 1072 1261 1116 ut
1282 1078 1348 1116 ex
1376 1061 1480 1117 ﬁde
1502 1063 1664 1116 homo
1688 1063 1886 1130 justiti-

293 1167 527 1210 curetur.
559 1155 624 1211 Ut
648 1164 951 1226 reputatum
973 1163 1055 1210 est
1078 1156 1236 1226 igitur
1263 1156 1490 1210 Abrahze
1509 1156 1573 1210 ad
1594 1157 1882 1227 justitiam,

293 1249 419 1314 quia
445 1249 602 1304 ﬁdem
627 1249 841 1314 habuit;
886 1249 966 1304 sic
1007 1257 1063 1304 et
1092 1264 1210 1315 nos,
1235 1251 1278 1304 si
1333 1249 1490 1304 ﬁdem
1525 1249 1607 1304 bal
1631 1265 1783 1304 emus
1831 1249 1882 1303 in

291 1336 562 1394 Christum
594 1338 816 1411 ejusque
833 1339 1172 1411 mysterium,
1203 1340 1404 1394 erimus
1437 1339 1528 1394 ﬁlii
1555 1339 1803 1404 Abrahie,
1831 1339 1881 1394 id

290 1440 375 1488 est
401 1432 736 1502 reputabitur
759 1433 915 1488 nobis
944 1416 1121 1488 omnis
1143 1433 1247 1488 vita
1275 1434 1353 1505 (Ι)
1377 1433 1442 1488 ad
1461 1433 1746 1503 justitiam.
1779 1433 1882 1488 De-

294 1525 456 1595 nique
480 1525 557 1579 sic
596 1524 874 1596 adjungit:
903 1532 959 1580 et
979 1525 1287 1597 mysterimn
1319 1525 1458 1579 circa
1487 1523 1757 1580 Abraham
1803 1524 1881 1578 id-

288 1617 434 1672 circo
455 1625 660 1688 gestum
690 1629 772 1673 est
794 1627 854 1673 ut
873 1634 936 1672 ex
964 1618 1066 1674 ﬁde
1083 1618 1502 1689 justiticarcntur
1529 1618 1795 1686 homines,
1814 1633 1880 1674 ex

287 1708 393 1764 ﬁde
417 1709 621 1764 scilicet
644 1709 696 1764 in
721 1710 1018 1765 Christum.

357 1800 518 1855 Vens.
545 1801 598 1856 8.
629 1832 699 1841 —
725 1799 1009 1856 Proridens
1036 1811 1204 1856 autem
1234 1802 1506 1873 Scriptura
1536 1803 1654 1872 quia
1676 1819 1738 1856 ea:
1773 1802 1876 1871 fide
1905 1793 1951 1854 B

275 1897 534 1969 justi/ient
560 1907 732 1968 gentes
765 1897 934 1965 Deus,
977 1899 1214 1969 prwdixit
1259 1897 1340 1970 (ἒ)
1371 1897 1610 1963 Abrahae,
1660 1896 1764 1951 hoc
1799 1906 1883 1950 est

284 1991 593 2062 prophetia,
643 2003 700 2048 ut
727 1994 779 2049 id
827 1993 971 2064 quod
1014 1994 1303 2062 gerebatur
1330 1994 1471 2048 circa
1513 2008 1701 2054 unum,
1737 1993 1881 2047 circa

283 2084 420 2138 alios
447 2087 883 2154 pronuntiaretur
912 2086 978 2140 ad
1005 2087 1179 2140 futura
1221 2085 1440 2139 sarcula.
1471 2083 1774 2149 Providens,
1801 2083 1883 2138 in-

284 2178 422 2247 quit,
455 2178 751 2245 Scriptura,
779 2177 828 2232 id
851 2187 935 2234 est
953 2193 1072 2249 qua:
1102 2177 1277 2232 iutura
1305 2186 1430 2232 sunt
1451 2177 1670 2240 videns;
1698 2175 1881 2245 Scrip-

291 2278 432 2334 tura,
463 2268 512 2322 id
559 2277 641 2324 est
686 2269 962 2339 prophetia
987 2285 1105 2340 qure
1151 2269 1346 2338 scripta
1393 2279 1494 2324 est.
1524 2268 1661 2337 Quid
1695 2268 1878 2338 provi-

282 2360 456 2414 dens?
476 2361 595 2428 quia
613 2362 902 2433 justi/imre
923 2363 1068 2416 habet
1089 2360 1229 2416 Deus
1251 2373 1422 2433 gentes
1451 2378 1515 2416 ea:
1534 2363 1658 2430 ﬁde,
1678 2361 1878 2416 idcirco

281 2452 470 2507 eadem
496 2452 770 2523 Scriptura
802 2454 1046 2524 praedixit
1069 2455 1317 2510 Abrahae.
1353 2454 1488 2522 Quid
1519 2463 1698 2510 autem
1733 2470 1874 2525 pra:-

279 2545 451 2602 dixit?
493 2563 559 2602 ex
608 2547 713 2603 ﬁde
759 2548 1043 2618 justiﬁcari
1079 2559 1284 2620 gentes.
1328 2549 1567 2619 Denique
1604 2549 1876 2619 subjungit

280 2639 587 2708 exemplum
629 2639 943 2710 Scripturzn,
971 2641 1114 2710 quod
1166 2640 1577 2705 benedicentur;
1625 2640 1675 2694 id
1707 2648 1789 2695 est
1819 2639 1872 2694 in

278 2746 386 2801 quo
406 2730 672 2785 Abraham
695 2731 760 2786 ad
777 2731 1038 2800 justitiam
1059 2740 1336 2803 reputatus
1368 2733 1446 2806 (5)
1468 2741 1572 2798 est,
1591 2731 1870 2786 scilicetex

277 2822 398 2876 ﬁde.
411 2823 520 2877 lloc
533 2823 835 2893 exemplum
853 2823 920 2878 de
931 2823 1126 2879 Genesi
1147 2833 1248 2879 est.
1261 2823 1406 2894 Ergo
1421 2824 1509 2894 qui
1527 2840 1591 2879 ex
1611 2822 1709 2876 ﬁde
1725 2830 1871 2887 sunt,

283 2913 670 2970 benedicentur
693 2958 708 2983 ,
732 2916 873 2987 quod
897 2927 979 2970 est
1004 2916 1069 2970 ad
1087 2917 1346 2987 justitiam
1368 2917 1475 2971 illis
1502 2914 1836 2986 reputabitur
1855 2955 1870 2980 ,

275 3017 331 3063 et
350 3024 378 3062 a
395 3009 504 3064 Deo
521 3009 931 3073 benedicentur;
949 3011 1334 3066 benedicentur
1348 3021 1524 3067 autem
1547 3029 1574 3066 a
1595 3011 1703 3066 Deo
1710 3013 1872 3084 juSti-

277 3102 418 3157 ﬁcati
445 3121 457 3156 :
480 3103 761 3172 justiticari
788 3113 967 3160 autem
997 3115 1078 3160 est
1110 3106 1326 3160 liberari
1351 3123 1378 3160 a
1405 3109 1520 3178 lege
1561 3112 1862 3166 servitutis.

1992 502 2095 559 sibi
2133 505 2438 560 mandatum
2471 507 2566 574 ait,
2593 525 2878 578 pauperum
2911 528 3156 566 memores
3203 514 3361 568 simus
3402 524 3454 568 et
3481 529 3588 568 ete-

1993 603 2105 649 tera
2137 611 2254 664 qtne
2277 597 2328 650 in
2356 599 2454 650 hoc
2482 601 2739 668 Apostolo
2766 601 2844 672 (Ι)
2880 603 2946 658 ad
2987 604 3274 660 vivendum
3318 617 3582 676 praecepta

1990 685 2312 747 retinentur,
2357 703 2584 758 qumque
2627 706 2790 759 opera
2837 693 2904 745 ab
2941 694 3206 762 Apostolo
3247 695 3394 749 omni
3441 695 3588 750 chri-

1988 778 2162 830 stiano
2187 778 2452 846 implentla
2475 781 2912 856 mandantur(‘2).
2935 785 3222 857 Aliaigitnr
3243 801 3402 856 Opera
3427 787 3580 857 legis,

1989 868 2196 924 scilicet
2237 871 2663 940 observationes,
2710 875 3106 934 immolationes
3149 878 3270 949 agni
3308 895 3430 933 cum
3470 881 3581 948 jam

1988 959 2186 1029 pascha
2212 963 2537 1032 completum
2569 966 2636 1019 Sit
2663 981 2757 1036 per
2782 967 3060 1023 Christum
3093 981 3394 1040 carteraque
3416 985 3582 1040 opera

1986 1069 2104 1124 qua:
2149 1053 2350 1110 faciunt
2376 1058 2534 1112 etiam
2560 1059 2700 1114 circa
2732 1061 3199 1118 circumcisionem
3239 1072 3295 1117 et
3324 1064 3474 1118 cibos
3496 1065 3583 1120 vel

1990 1145 2264 1200 habendos
2308 1148 2391 1202 vel
2427 1151 2758 1218 prmstandos
2795 1152 3173 1223 intelligamus.
3219 1153 3382 1224 Igitur
3416 1171 3580 1225 opera

1987 1236 2119 1307 legis
2147 1255 2267 1292 cum
2299 1242 2589 1306 nescimus,
2632 1241 2880 1300 Christus
2923 1245 3014 1315 qui
3051 1245 3102 1300 in
3139 1247 3290 1302 cmlis
3313 1259 3395 1302 est
3424 1257 3480 1302 et
3513 1247 3584 1302 ad

1985 1345 2203 1386 carnem
2229 1348 2397 1402 usque
2424 1335 2722 1401 descendit,
2755 1347 3036 1409 utramque
3059 1341 3339 1398 ecclesiam
3365 1342 3582 1412 copulat

1986 1431 2042 1477 et
2064 1423 2255 1496 jungit.
2286 1425 2383 1480 Est
2407 1442 2534 1496 ergo
2559 1429 2852 1494 mediator,
2882 1441 2936 1486 et
2958 1433 3216 1503 mysterio
3242 1448 3341 1487 suo
3368 1449 3462 1505 per
3481 1451 3581 1489 an~

1984 1515 2134 1584 gelos
2166 1518 2446 1587 disposito,
2479 1521 2630 1590 quasi
2679 1521 2942 1578 mediator
2967 1523 3158 1578 liberat
3205 1526 3362 1580 istam
3401 1527 3582 1582 eccle-

1984 1607 2142 1674 siam,
2170 1608 2221 1662 id
2248 1621 2330 1664 est
2353 1612 2592 1667 membra
2615 1614 2876 1682 ecclesiae,
2916 1625 2969 1670 et
3007 1627 3226 1672 revocat
3250 1617 3314 1672 ad
3340 1621 3585 1689 superio-

1982 1715 2096 1756 rem
2147 1701 2462 1758 Ecclesiam.
2513 1706 2652 1776 Ergo
2713 1707 2981 1763 mediator
3035 1726 3156 1764 cum
3199 1711 3270 1766 sit
3309 1711 3574 1770 Christus.

2055 1793 2218 1850 Vens.
2235 1795 2401 1851 20.-—-
2420 1797 2542 1852 Non
2564 1809 2633 1854 est
2655 1812 2824 1855 autem
2843 1802 2994 1856 unius
3018 1804 3266 1858 mediator
3286 1807 3375 1877 qui
3397 1806 3583 1860 media-

1986 1896 2064 1941 tor
2086 1899 2156 1942 est
2178 1906 2196 1943 :
2228 1889 2362 1944 Deus
2385 1902 2554 1945 autem
2579 1910 2710 1947 unus
2735 1905 2825 1949 est.
2850 1895 3094 1951 Christus
3137 1909 3219 1952 est
3246 1900 3334 1969 qui
3365 1910 3583 1956 revocat

1985 1989 2040 2036 et
2075 1981 2530 2052 jungitEcclesia:
2572 1987 2813 2041 membra
2837 2001 2952 2042 sua.
2982 1989 3117 2044 Num
3161 1991 3318 2060 igitur
3357 1993 3439 2046 lex
3481 1993 3582 2048 hoc

1984 2071 2137 2128 facit?
2169 2073 2433 2144 Numquid
2461 2075 2544 2132 lex
2569 2078 2829 2134 mediator
2845 2082 2960 2134 est?
2986 2081 3040 2137 Si
3064 2097 3192 2152 ergo
3209 2083 3289 2138 lex
3316 2085 3579 2140 mediator

1984 2180 2090 2219 non
2117 2176 2228 2232 est;
2261 2182 2430 2236 neque
2455 2170 2595 2224 enim
2621 2185 2741 2224 cum
2771 2171 2856 2227 lex
2885 2174 2955 2227 sit
2977 2174 3260 2240 factorum,
3282 2177 3459 2249 jungit
3479 2178 3578 2233 alio

1983 2273 2085 2328 qua
2131 2274 2248 2328 qua:
2277 2269 2406 2314 sunt
2437 2272 2716 2329 separata;
2755 2263 2821 2319 de
2853 2264 3006 2319 factis
3038 2267 3178 2320 enim
3211 2271 3580 2326 tantummodo

1977 2349 2181 2420 judicat
2225 2369 2237 2405 :
2280 2368 2399 2421 qua:
2438 2353 2640 2408 idcirco
2678 2355 3013 2424 interposita,
3053 2359 3247 2429 inquit,
3296 2376 3578 2432 quousque

1983 2442 2194 2497 veniret
2219 2443 2484 2509 Christus,
2505 2445 2554 2499 id
2582 2454 2666 2501 est
2689 2462 2874 2504 semen
2905 2450 2989 2503 cui
3017 2450 3276 2519 promissa
3300 2462 3383 2507 est
3407 2455 3579 2508 haere-

1978 2540 2138 2605 ditas,
2169 2541 2219 2596 in
2244 2541 2397 2611 cujus
2425 2558 2587 2598 manu
2617 2543 2935 2614 dispositum
2959 2557 3062 2612 εει,
3090 2547 3230 2615 quod
3256 2546 3574 2617 dispositum

1979 2644 2060 2690 est
2085 2651 2180 2704 per
2204 2636 2442 2705 angelos,
2475 2637 2564 2706 qui
2598 2636 2863 2692 mediator
2889 2646 2992 2700 est,
3026 2646 3082 2693 et
3106 2639 3368 2694 mediator
3393 2641 3574 2710 utique

1980 2729 2120 2782 inter
2141 2728 2268 2782 duo.
2298 2728 2518 2799 Dixiqne
2545 2728 2681 2794 duo;
2723 2729 2864 2785 Deus
2898 2742 3077 2786 autem
3108 2745 3246 2786 unus
3283 2743 3406 2787 est:
3441 2746 3571 2803 ergo

1977 2819 2243 2875 mediator
2294 2820 2388 2875 Dei
2442 2830 2646 2875 tantum
2691 2837 2811 2877 esse
2856 2839 2961 2877 non
3009 2833 3204 2892 potest,
3261 2825 3384 2894 quia
3427 2841 3564 2879 unus

1979 2913 2137 2968 Deus.
2175 2913 2249 2968 Ita
2285 2914 2430 2969 nullo
2473 2914 2631 2968 modo
2671 2915 2756 2970 lex
2787 2916 3065 2985 justiﬁcat,
3106 2917 3253 2972 nullo
3289 2918 3448 2974 modo
3486 2919 3571 2974 lex

1976 3004 2237 3061 factorum
2291 3007 2653 3062 litereditatem
2709 3010 3057 3079 consequitur
3105 3027 3119 3066 ;
3165 3011 3284 3080 quia
3327 3010 3570 3067 hatredes

1974 3097 2050 3152 illi
2113 3106 2238 3152 sunt
2293 3099 2381 3169 qui
2425 3099 2547 3154 inde
2588 3100 2845 3170 originem
2899 3099 3132 3169 ducunt,
3176 3112 3230 3157 et
3288 3103 3412 3160 inde
3463 3105 3570 3174 spi-

275 3194 418 3265 Ergo
431 3195 465 3250 ii
483 3196 571 3266 qui
590 3211 654 3250 ex
675 3196 776 3251 ﬁde
795 3197 1199 3262 benedicentur,
1220 3201 1341 3266 quia
1356 3214 1421 3254 ex
1435 3198 1539 3253 ﬁde
1554 3200 1868 3256 benedictus

1977 3189 2132 3245 ritum
2197 3191 2495 3260 accipiunt,
2563 3193 2704 3247 unde
2759 3193 3042 3250 hazreditas
3093 3196 3302 3262 veniet;
3363 3197 3571 3252 scilicet

274 3299 356 3342 est
381 3288 648 3344 Abraham
675 3331 690 3356 ,
722 3290 1130 3346 benedicentur.
1163 3293 1356 3347 Totum
1391 3289 1566 3364 igitur'
1595 3294 1726 3350 ﬁdes
1757 3306 1859 3352 cst.

273 3378 387 3435 Hoc
403 3381 468 3436 ad
487 3381 700 3438 Galatas
718 3383 1167 3454 quemadmodum
1183 3395 1466 3440 revocatur
1482 3385 1722 3440 ?scilicet
1734 3402 1869 3457 quo-

271 3473 416 3528 niam
448 3483 652 3530 tantum
679 3491 744 3532 ex
775 3475 877 3531 ﬁde
908 3492 1013 3531 non
1040 3493 1103 3532 ex
1133 3477 1386 3546 operibus
1418 3477 1719 3533 benedictio
1747 3495 1868 3549 pro-

271 3568 418 3619 venit
444 3575 495 3620 et
520 3564 852 3635 justiﬁcatio.
881 3567 960 3620 illi
992 3565 1152 3637 igitur
1183 3577 1522 3634 erraverunt,
1546 3569 1633 3638 qui
1668 3578 1865 3640 praeter

270 3655 430 3711 ﬁdem
452 3673 609 3728 quam
633 3669 958 3730 acceperunt
979 3659 1030 3714 in
1060 3659 1244 3715 Jesum
1272 3658 1546 3716 Christum
1579 3662 1858 3718 dominum

271 3761 535 3820 nostrum,
581 3753 972 3825 adjungendam
1020 3757 1179 3810 etiam
1225 3755 1396 3826 legem
1446 3767 1767 3826 putaverunt
1811 3767 1867 3813 et

269 3853 534 3915 praecepta
565 3845 728 3916 legis,
772 3847 911 3901 idest
935 3856 992 3901 ut
1032 3863 1096 3901 ex
1137 3849 1393 3916 operibus
1425 3849 1866 3919 justiﬁcationem

269 3935 574 3991 crederent.
602 3936 842 4008 Denique
870 3939 942 3992 ita
970 3938 1229 4008 adjungit,
1256 3947 1311 3992 ut
1336 3949 1391 3994 et
1412 3942 1740 3994 contrarium
1763 3941 1864 3995 do-

269 4039 410 4094 ceat,
436 4045 501 4085 ex
534 4029 787 4100 operibus
807 4030 932 4100 quid
957 4032 1272 4100 proveniat;
1304 4047 1371 4086 ne
1402 4032 1564 4086 veluti
1597 4032 1700 4087 hoc
1721 4035 1865 4089 aesti-

267 4130 415 4176 ment
441 4120 663 4187 Calatre,
689 4130 744 4177 et
767 4121 924 4176 ﬁdem
965 4122 1200 4178 retinere
1236 4123 1460 4178 credant
1484 4124 1535 4177 in
1564 4123 1857 4192 Christum;

267 4221 320 4267 et
346 4211 696 4268 nihilominus
724 4212 984 4282 prodesse
1007 4213 1107 4268 sibi
1141 4214 1372 4285 amplius
1407 4229 1565 4286 posse
1591 4257 1604 4282 ,
1630 4216 1674 4270 si
1704 4225 1865 4287 agant

266 4306 464 4376 aliquid
489 4315 543 4362 et
571 4321 639 4362 ex
666 4307 936 4377 operibus.

336 4400 408 4455 At
449 4408 634 4456 contra
662 4400 949 4470 Apostolus
983 4410 1139 4472 negat
1165 4415 1228 4455 ex
1253 4401 1509 4471 operibus
1531 4401 1862 4458 benedictio-

1966 3281 2224 3352 jungente
2270 3280 2486 3338 Christo
2533 3299 2597 3339 ea
2648 3301 2767 3355 quae
2826 3297 2952 3342 sunt
2993 3297 3277 3357 separata,
3327 3296 3382 3342 et
3429 3288 3566 3370 libe-

1971 3385 2122 3431 rante
2171 3387 2371 3446 partem
2421 3378 2664 3433 ecclesia:
2711 3395 2830 3450 quae
2881 3381 2964 3436 hic
3005 3398 3102 3452 per
3129 3397 3344 3438 errores
3382 3383 3570 3438 mundi

1972 3477 2224 3537 tenetur,
2280 3479 2335 3525 et
2402 3479 2688 3528 revocante
2754 3473 2818 3527 ad
2883 3474 3166 3530 ecclesiam
3220 3477 3498 3533 cmlestem
3548 3495 3560 3531 :

1968 3561 2084 3633 ipse
2105 3573 2186 3617 est
2215 3563 2357 3618 enim
2383 3565 2534 3618 solus
2559 3565 2840 3621 mediator.
2870 3566 3129 3622 Mediator
3155 3578 3358 3636 autem,
3384 3579 3442 3624 ut
3467 3569 3564 3624 do-

1967 3658 2198 3724 cuimus,
2245 3673 2349 3712 non
2388 3659 2545 3712 unius
2579 3676 2592 3712 :
2637 3659 2826 3728 reliqui
2852 3661 2994 3716 enim
3025 3669 3146 3729 post
3175 3661 3362 3728 Deum,
3397 3679 3561 3718 unum

1969 3765 2073 3804 non
2099 3759 2225 3804 sunt
2252 3768 2266 3804 :
2291 3750 2436 3805 solus
2460 3760 2638 3805 autem
2675 3752 2815 3807 Deus
2841 3769 2978 3807 unus
3000 3764 3117 3809 est:
3145 3770 3274 3828 ergo
3304 3756 3560 3827 quidquid

1967 3851 2116 3897 extra
2157 3842 2320 3895 Deum
2362 3850 2444 3895 est
2489 3841 2654 3896 multa
2699 3853 2844 3910 sunt,
2891 3859 3012 3915 qua:
3053 3845 3268 3917 adjungi
3312 3858 3561 3918 possunt,
3637 3912 3644 3918 ,

1968 3933 2090 4003 quia
2123 3931 2244 3986 inde
2271 3941 2414 3998 sunt,
2441 3942 2533 3987 aut
2558 3944 2802 4005 separata
2825 3945 2970 4000 sunt,
2991 3939 3114 4007 quia
3142 3940 3212 3992 ita
3240 3943 3557 4012 mysterium

1968 4027 2084 4091 fuit,
2129 4037 2184 4082 et
2213 4027 2282 4081 ita
2307 4035 2390 4082 est
2419 4027 2578 4082 etiam
2612 4044 2776 4096 nunc,
2809 4031 3209 4101 utjungantur;
3237 4035 3358 4102 quia
3403 4034 3561 4104 longe

1966 4119 2068 4173 alia
2101 4127 2226 4173 sunt
2265 4127 2320 4174 et
2339 4117 2507 4174 divisa
2535 4129 2591 4174 et
2633 4121 2847 4177 hostilia
2879 4131 2934 4178 et
2961 4123 3216 4193 peritura.
3245 4123 3406 4180 Solus
3432 4141 3562 4197 ergo

1968 4212 2110 4270 Deus
2131 4227 2251 4268 cum
2277 4211 2367 4279 sit,
2402 4221 2598 4282 praeter
2641 4213 2806 4269 Deum
2851 4215 3114 4271 mediator
3136 4224 3240 4283 est,
3266 4217 3356 4288 qui
3381 4228 3561 4273 tamen

1966 4348 2072 4404 ﬁde
2089 4350 2289 4415 vivere,
2312 4357 2490 4405 etnon
2511 4367 2575 4405 ex
2605 4349 2880 4420 operibus,
2900 4350 2968 4406 de
2998 4351 3246 4407 Habacuc
3279 4353 3418 4420 tulit,
3453 4364 3560 4412 etc.

1963 4420 2426 4476 Considerandum
2444 4421 2625 4491 itaque
2645 4422 2766 4492 quia
2798 4439 2903 4477 non
2933 4423 3148 4488 dixerit,
3178 4424 3340 4479 homo
3363 4435 3456 4480 aut
3477 4428 3560 4481 vir

266 4507 387 4548 nem
435 4493 756 4562 provenire:
787 4493 880 4549 sed
913 4493 1053 4563 quod
1080 4502 1164 4548 est
1194 4495 1352 4549 etiam
1383 4495 1620 4564 gravius,
1647 4503 1701 4550 et
1729 4511 1861 4550 con-
1961 4506 2030 4546 ex
2068 4492 2173 4547 ﬁde
2211 4492 2362 4559 vivit,
2401 4509 2468 4548 ne
2512 4494 2851 4549 occasionem
2899 4495 3162 4549 tribueret
3204 4496 3269 4548 ad
3303 4497 3560 4551 virtutum

265 4585 487 4638 trarium
516 4583 897 4653 benedictioni,
931 4585 1032 4641 sub
1057 4585 1434 4642 maledictione
1461 4601 1582 4642 esse
1626 4602 1742 4656 eos,
1767 4589 1859 4658 qui
1884 4567 1889 4627 ἷ

1977 4564 3566 4658 3231-502vm'36'19353t!irem,effari“:artari:

264 4692 328 4732 ex
356 4677 607 4745 operibus
631 4687 814 4749 agunt.

338 4767 500 4823 Vens.
555 4769 642 4824 10.
699 4799 770 4811 -
826 4770 1139 4842 Quicumque
1178 4773 1312 4826 enim
1353 4788 1415 4827 ex
1457 4771 1692 4843 operibus
1738 4771 1862 4843 legis

261 4871 403 4925 stmt,
447 4863 540 4915 sub
592 4863 946 4918 maledictione
989 4873 1108 4916 sunt
1157 4863 1259 4932 (4).
1309 4863 1668 4920 Vehementer
1703 4865 1864 4934 igitur

263 4952 506 5022 adjunxit
549 4970 654 5009 non
715 4954 876 5009 modo
921 4970 1026 5010 non
1070 4954 1313 5010 benedici
1360 4969 1454 5010 eos
1494 4957 1582 5025 qui
1635 4971 1696 5008 ea:
1732 4972 1857 5026 ope-

261 5047 402 5102 ribus
457 5058 616 5114 sunt,
675 5047 768 5102 sed
821 5049 980 5104 etiam
1038 5064 1132 5104 eos
1183 5063 1302 5104 esse
1351 5048 1442 5101 sub
1503 5049 1860 5104 maledictione

260 5139 352 5210 qui
376 5155 438 5192 ex
458 5140 690 5210 aperibus
713 5140 836 5211 legis
855 5149 990 5196 sunt.
1009 5139 1161 5209 Quod
1178 5148 1354 5195 autem
1377 5139 1528 5202 dixit,
1545 5155 1606 5193 ex
1623 5140 1859 5212 aperibus

259 5231 405 5302 tegis,
435 5230 790 5301 intelligamus
811 5246 932 5287 esse
953 5232 1116 5286 etiam
1139 5246 1300 5302 opera
1325 5229 1728 5286 Christianitatis
1750 5229 1856 5303 (5),

331 5343 410 5416 (i)
442 5346 520 5400 Eu
552 5345 855 5400 Victorinus
882 5347 1125 5416 agnoscit
1166 5345 1234 5400 ad
1259 5345 1522 5416 justitiam
1573 5344 1729 5399 nobis
1761 5360 1850 5402 re-

258 5418 434 5489 putari
457 5418 618 5489 vitam
651 5420 786 5470 bene
813 5425 985 5489 actam
1017 5427 1138 5488 post
1160 5417 1319 5473 ﬁdem
1341 5425 1668 5486 susceptam.

329 5489 408 5557 (2)
429 5488 584 5558 Vulg.
613 5488 992 5556 pramuntiavit.

331 5560 411 5633 (5)
432 5561 504 5633 Ite
525 5558 683 5633 codd-

333 5628 411 5704 (ῥ)
452 5630 609 5704 Vulg.
632 5628 925 5704 maledicto.

334 5700 414 5774 (5⁷)
457 5700 818 5774 Hieronymus
839 5701 890 5753 in
921 5700 1064 5774 hunc
1096 5700 1268 5768 ipsum
1290 5700 1537 5774 Apostoli
1565 5701 1746 5774 locum
1776 5700 1854 5755 sic

259 5771 700 5833 commentatur:
729 5783 748 5820 ι
779 5771 1099 5842 Exemplum
1127 5785 1234 5840 quo
1269 5772 1526 5843 probatur
1559 5771 1734 5840 justus
1785 5785 1850 5826 ex

1966 4649 2200 4705 cumque
2241 4633 2414 4690 ﬁdelis
2456 4648 2597 4689 esset
2636 4633 2732 4705 per
2764 4635 2922 4690 ﬁdem
2961 4637 3224 4701 victurus,
3264 4653 3371 4690 non
3405 4633 3562 4695 aliter

1966 4716 2150 4777 posset
2188 4705 2253 4760 ad
2287 4705 2446 4760 ﬁdem
2479 4706 2684 4772 venire,
2719 4707 2799 4761 vel
2833 4708 2884 4760 in
2924 4721 2986 4761 ea
3035 4707 3237 4775 vivere,
3270 4707 3370 4762 nisi
3417 4709 3564 4776 prius

1961 4780 2141 4846 justus
2185 4777 2396 4844 fuisset,
2435 4785 2490 4831 et
2521 4778 2749 4846 puritate
2780 4778 2902 4830 vita:
2950 4778 3103 4847 quasi
3132 4778 3450 4847 quibusdam
3495 4781 3564 4836 ad

1968 4849 2128 4903 ﬁdem
2159 4847 2417 4919 gradibus
2445 4847 2799 4904 ascendisset.
2829 4848 3014 4903 Potest
3033 4864 3161 4919 ergo
3185 4851 3298 4903 ﬁeri
3331 4860 3384 4903 ut
3408 4853 3451 4904 si
3473 4853 3566 4907 ali-

1967 4920 2088 4991 quis
2118 4920 2318 4991 justus,
2351 4927 2406 4972 et
2437 4927 2613 4973 tamen
2646 4935 2751 4991 non
2785 4921 2934 4973 vivat
2968 4919 3296 4991 absqueﬁde
3334 4920 3558 4988 Christi,

1964 4989 2071 5046 etc.
2119 4989 2404 5045 Faciamus
2431 5001 2487 5044 et
2517 5004 2615 5044 nos
2642 4990 2840 5058 aliquid
2872 4991 3048 5046 simile
3093 4990 3217 5046 huic
3245 4993 3386 5060 quod
3423 4993 3561 5050 dici-

1967 5071 2053 5134 tur
2073 5064 2250 5134 justus
2274 5076 2337 5114 ea:
2364 5061 2468 5134 [itte
2491 5061 2614 5134 uiuit
2639 5063 2971 5134 et_tlicamus
2991 5060 3216 5134 :Castus
3245 5079 3314 5119 ex
3346 5063 3451 5119 ﬁde
3483 5067 3560 5120 vi-

1965 5131 2295 5202 vit,'sapiens
2317 5147 2380 5186 ex
2402 5131 2666 5196 ﬁdevivit,
2691 5132 2843 5186 fortis
2862 5149 2925 5187 ex
2947 5132 3051 5188 ﬁde
3071 5134 3218 5198 vivit,
3234 5146 3338 5190 etc.
3355 5155 3373 5188 ι
3397 5134 3559 5191 Certe

1963 5205 2106 5274 quod
2126 5205 2237 5258 sola
2263 5203 2394 5258 ﬁdes
2418 5203 2694 5273 justitieet,
2715 5204 2764 5257 id
2799 5204 3096 5275 theologica
3115 5205 3383 5271 doctrina,
3409 5207 3452 5260 si
3472 5221 3560 5261 se-

1961 5290 2091 5330 vere
2123 5276 2422 5345 loquamur,
2446 5291 2549 5328 non
2576 5275 2798 5345 patitur.
2822 5274 3008 5330 Nonne
3037 5277 3178 5330 enim
3200 5292 3324 5344 spes
3343 5292 3556 5345 quoque

1961 5345 2264 5471 negasser
2278 5346 2544 5471 essapraaci
2551 5360 2759 5416 pueque
2770 5345 3000 5403 Charitas
3009 5347 3076 5402 ad
3089 5347 3561 5417 justiﬁeationem?

2181 5427 2229 5470 ta
2259 5431 2324 5471 eo
2406 5457 2418 5470 .
3023 5427 3028 5432 '

2181 5427 2229 5470 ta
2259 5427 2418 5472 codd.
3023 5427 3028 5432 ’

2155 5416 2554 5561 ἓῗιιξὲἓὲᾆηψτ
2573 5487 2640 5543 ab
2660 5488 2908 5561 apostolo
2929 5488 3067 5542 bona
3093 5501 3291 5561 opera,
3309 5487 3558 5561 sequitur

1960 5567 2022 5614 ut
2043 5557 2126 5612 'ad
2147 5558 2606 5629 consequendam
2641 5559 2878 5629 salutem
2911 5557 3213 5613 necessaria
3249 5557 3558 5624 sintJQuid

1959 5629 2102 5700 quod
2131 5627 2380 5685 Christus
2405 5645 2470 5684 ex
2501 5628 2775 5700 operibus,
2807 5629 3108 5700 praesertim
3139 5629 3553 5696 misericordiae,

1959 5698 2184 5772 patratis
2215 5700 2299 5756 vel
2330 5698 2551 5758 omissis
2571 5698 2832 5771 judicium
2865 5698 3084 5754 humani
3121 5703 3338 5770 generis
3369 5713 3554 5770 perae-

1961 5783 2014 5827 tu
2023 5787 2110 5827 rus
2141 5782 2224 5826 est
2240 5773 2264 5826 ?
