4018 6184
545 234 678 291 ΗΠ

1821 222 2013 280 MAR"
2069 219 2407 279 VICTORINI
2447 220 2608 279 AFRI

3668 233 3756 288 ll'ii

539 369 648 408 non
690 359 774 409 est
815 353 974 410 unius
1018 353 1304 410 mediator.
1327 349 1454 422 lpse
1492 353 1671 403 autem
1708 340 1992 406 mediator,
2033 340 2136 395 alia
2165 343 2211 407 Α
2241 339 2382 412 quod
2415 339 2500 393 lex
2529 354 2558 392 a
2588 338 2771 410 Moyse
2802 337 2946 406 data,
2977 336 3106 393 nihil
3137 336 3276 393 aliud
3306 353 3461 410 quam
3491 354 3673 411 percita
3696 350 3765 401 do-

540 459 663 514 qute
687 445 829 500 inter
849 460 910 502 se
934 446 1194 517 mysterio
1215 442 1449 515 quodam
1473 438 1704 495 discreta
1727 442 1871 497 sunt,
1905 432 2138 504 qundam

539 550 727 594 rursus
767 537 1027 609 mysterio
1069 535 1380 593 reconciliat
1417 539 1579 602 atque
1617 525 1912 597 conjungit.
1942 526 2140 578 Sumus

539 638 717 683 autem
742 643 858 695 nos,
886 638 941 684 et
959 630 1050 700 qui
1072 628 1303 699 separati
1326 641 1512 682 sumus
1536 638 1628 694 per
1645 620 1878 691 majores
1901 626 2136 684 nostros,

540 730 597 776 et
618 719 796 790 juncti
825 735 1012 777 rursus
1043 737 1139 793 per
1166 721 1398 790 majores
1420 716 1660 787 quidem,
1702 713 1797 769 sed
1843 710 2139 768 secundum

543 813 837 882 Christum,
870 815 921 870 id
944 825 1029 870 est
1050 815 1345 870 secundum
1376 812 1537 867 ﬁdem
1571 828 1584 863 :
1611 807 1751 865 unde
1775 815 1998 877 apparet
2020 805 2141 859 sine

540 908 837 965 mediatore
885 924 983 964 nos
1027 923 1131 964 non
1175 922 1336 981 posse
1380 905 1621 960 liberari.
1667 900 1821 969 Quod
1858 898 1903 953 si
1931 899 2001 952 ita
2032 905 2139 963 est,

539 1015 674 1056 vana
700 1016 824 1071 spes
845 1011 927 1057 est
951 999 1018 1056 de
1036 999 1300 1054 factorum
1324 1000 1441 1070 lege
1463 995 1684 1051 credere
1702 989 2139 1063 jnstilicationem

540 1102 594 1148 et
620 1093 1005 1159 Salvationem;
1032 1107 1173 1161 qum,
1216 1091 1550 1152 utdiximus,
1586 1103 1691 1141 non
1725 1083 1992 1165 mediator
2015 1091 2095 1134 est
2124 1097 2138 1134 :

541 1184 689 1239 solus
711 1183 852 1238 enim
875 1182 1123 1239 Christus
1140 1183 1425 1246 mediator,
1446 1180 1536 1252 qui
1557 1177 1736 1249 jungit
1757 1175 1844 1230 illa
1868 1175 2141 1243 interquze

542 1276 810 1331 mediator
827 1286 932 1332 est.
958 1277 1099 1346 Ergo
1123 1290 1219 1346 per
1239 1273 1511 1329 Christum
1532 1265 1843 1341 justiﬁcatio
1864 1273 1919 1322 et
1945 1264 2141 1320 lihera-

541 1369 638 1435 tio,
667 1384 772 1423 non
797 1383 893 1440 per
917 1369 1091 1440 legem
1116 1366 1402 1422 factorum.

1025 1501 1232 1558 LIBER
1269 1496 1654 1556 SECUNDUS.

610 1613 820 1683 Omnis,
854 1626 913 1671 ut
952 1614 1209 1682 diximus,
1252 1614 1352 1670 ista
1382 1609 1612 1683 epistola
1654 1607 1720 1663 ad
1758 1605 1974 1663 Galatas
2011 1601 2140 1658 illud

2243 442 2330 488 cet
2371 449 2490 504 que
2522 439 2735 501 peracta
2768 431 2898 497 sint,
2928 439 2985 487 et
3012 430 3457 502 quemadmodum
3485 435 3669 490 vitanda
3691 441 3766 497 sint

2246 530 2450 591 monet,
2480 520 2715 592 nihilque
2742 519 2887 576 aliud
2910 521 3181 593 Scriptura
3212 522 3493 591 conclusit,
3516 526 3605 581 nisi
3630 539 3677 583 ut
3698 532 3766 587 sub

2246 620 2465 683 peccato
2491 614 2672 668 omnia
2719 620 2986 684 praecepta
3033 622 3258 684 poneret
3282 622 3337 669 et
3364 613 3432 670 de
3472 627 3666 686 peccato
3696 620 3767 692 (ι).

2244 706 2391 772 "me,
2424 705 2614 777 inquit,
2648 720 2755 760 non
2786 705 2907 760 ideo
2935 705 3056 760 data
3092 704 3172 760 lex
3206 714 3305 773 est,
3348 722 3465 777 qum
3495 718 3653 777 posset
3674 713 3755 767 vivi

2242 798 2405 854 ticare
2434 817 2447 851 :
2482 814 2602 852 nam
2647 800 2691 853 si
2723 797 2797 852 ita
2820 797 2940 852 data
2972 806 3134 863 esset,
3169 813 3293 854 vere
3322 815 3389 853 ex
3418 798 3527 871 lege
3553 812 3676 858 esset
3694 806 3775 874 jus-

2242 891 2392 955 titia;
2443 904 2585 945 nunc
2625 898 2804 945 autem
2837 905 2945 945 non
2978 890 3049 944 ita
3079 890 3199 947 data
3229 899 3331 959 est,
3383 899 3444 947 ut
3472 892 3547 966 (ἓ)
3574 900 3661 949 vita
3688 898 3777 955 inde

2242 990 2534 1053 quazratur,
2557 981 2650 1038 scd
2681 982 2798 1036 data
2824 988 2926 1050 est,
2948 990 3006 1036 ut
3020 980 3280 1052 scriptura
3304 997 3399 1037 sua
3423 981 3500 1056 (5)
3518 987 3673 1039 omnia
3691 1002 3780 1056 pec-

2242 1082 2359 1129 cata
2380 1083 2432 1130 et
2454 1073 2647 1147 doceat
2669 1081 2724 1129 et
2746 1072 2957 1129 vitanda
2978 1073 3329 1129 demonstret.
3351 1072 3468 1130 Non
3490 1090 3607 1146 ergo
3623 1094 3676 1131 ex
3697 1078 3781 1149 lege

2238 1164 2442 1235 justitia
2466 1172 2569 1232 est,
2584 1163 2637 1219 id
2658 1173 2739 1220 cst
2766 1180 2872 1220 non
2895 1175 2979 1219 est
3006 1166 3129 1221 inde
3145 1164 3482 1236 justiﬁcatio,
3505 1183 3655 1239 neque
3676 1171 3781 1226 Salus

2242 1256 2336 1312 sed
2359 1272 2423 1312 ex
2447 1256 2572 1324 ﬁde,
2600 1257 2754 1313 sicuti
2782 1261 3102 1328 promissum
3132 1267 3237 1314 εει.
3428 1252 3455 1267 ’⁷

2314 1346 2552 1423 Denique
2572 1349 2651 1404 sic
2679 1348 2971 1420 subjungit,
3001 1347 3163 1405 Vsus.
3218 1344 3290 1407 22
3335 1367 3351 1404 :
3383 1380 3455 1391 —
3482 1348 3582 1408 Sed
3625 1353 3783 1407 conclu-

2242 1439 2307 1492 sit
2361 1436 2635 1509 Scriptura
2680 1441 2853 1494 omnia
2901 1439 2992 1493 sub
3047 1451 3255 1512 peccato
3282 1483 3297 1507 ,
3357 1452 3415 1496 ut
3466 1443 3703 1515 pronu'ssio
3742 1463 3783 1500 ei

2243 1526 2346 1602 ﬁde
2391 1530 2517 1587 Jesu
2564 1528 2754 1587 Christi
2794 1533 3004 1589 daretur
3052 1534 3399 1592 credentibus.
3450 1534 3593 1604 Hoc,
3637 1538 3779 1610 inquit.

2243 1631 2420 1678 actum
2452 1631 2536 1679 est
2577 1640 2671 1694 per
2699 1624 2940 1696 Moysen,
2979 1633 3040 1681 ut
3082 1626 3197 1697 ipse
3239 1626 3459 1699 quidem
3506 1629 3570 1684 de
3620 1641 3783 1702 peccato

514 1696 816 1778 operatur,
843 1708 973 1764 illud
999 1717 1291 1778 expugnat,
1324 1704 1466 1775 quod
1497 1702 1596 1757 sibi
1620 1697 2005 1756 assumendum
2035 1712 2134 1766 pu-

2250 1717 2417 1789 legem
2448 1722 2821 1785 constitueret,
2869 1727 2925 1776 et
2951 1696 3127 1775 omnis
3166 1696 3431 1792 scriptura
3458 1723 3524 1778 de
3549 1696 3729 1794 peccato
3746 1736 3783 1780 et

539 1809 788 1855 laverunt
813 1798 1018 1856 Galata:
1046 1801 1118 1854 uti
1149 1815 1271 1855 cum
1299 1795 1512 1868 judaica
1541 1791 1820 1864 disciplina
1854 1802 2015 1889 atque
2043 1787 2139 1843 ob-
2172 1787 2208 1792 ”
2245 1787 2365 1881 (μέτε
2412 1818 2537 1866 sum
2584 1810 2685 1867 sub
2709 1819 2934 1883 peccato
2972 1787 3419 1881 οοηριυαετέιως
3451 1826 3510 1871 ιιι
3534 1787 3660 1889 dum)
3696 1835 3783 1888 μτο.

541 1897 872 1963 servatione,
891 1894 1091 1950 Christi
1114 1893 1272 1949 ﬁdem
1294 1900 1641 1949 servarentet
1664 1887 2001 1958 evangelium
2025 1894 2141 1940 tue-

539 1994 750 2043 rentur.
803 1987 915 2042 Hoc
965 2003 1138 2058 neque
1172 1987 1244 2041 ita
1279 2001 1400 2040 esse
1448 1998 1623 2054 neque
1662 1996 1722 2037 se
1759 1982 1829 2034 ita
1858 1975 2142 2032 mandasse

548 2076 839 2150 Apostolus
861 2076 1037 2144 docet,
1057 2084 1219 2147 atque
1242 2076 1465 2132 omnino
1486 2073 1685 2128 frustra
1709 2068 1837 2125 illud
1858 2082 1978 2124 esse
1998 2063 2141 2138 quod

540 2183 607 2226 ex
639 2171 758 2243 lege
783 2171 1098 2242 justiﬁcatio
1126 2180 1181 2226 et
1208 2171 1354 2225 salus
1381 2174 1645 2240 speratur.
1679 2164 1870 2221 Omnia
1901 2154 2045 2218 enim
2074 2173 2142 2214 ex

540 2267 649 2325 ﬁde
673 2270 1025 2340 proveniunt:
1062 2267 1348 2339 promissio
1373 2265 1571 2337 quippe
1598 2259 1929 2318 liberationis
1954 2266 2005 2312 et
2027 2261 2143 2325 jus-

541 2359 854 2415 tilicationis
898 2369 954 2416 et
990 2358 1318 2415 haereditatis
1359 2358 1411 2412 in
1460 2354 1602 2412 coelo
1645 2362 1697 2409 et
1745 2365 1904 2421 supra
1945 2346 2143 2403 caelum

543 2448 776 2507 Abrahae
799 2450 922 2505 data
963 2466 1029 2506 ex
1062 2450 1165 2504 ﬁde
1196 2457 1298 2511 est,
1332 2448 1403 2502 ita
1430 2454 1483 2501 et
1529 2446 1646 2515 ejus
1673 2440 1887 2499 semini;
1916 2438 2067 2506 Quod
2100 2436 2145 2492 si

543 2544 618 2599 ita
648 2553 751 2612 est,
782 2543 945 2600 docet
972 2538 1195 2597 omnino
1221 2559 1286 2597 cx
1315 2540 1436 2611 lege
1462 2548 1623 2611 atque
1648 2552 1717 2593 ex
1743 2533 1997 2607 operibus
2027 2532 2145 2602 ejus

546 2635 843 2692 secundum
864 2642 1128 2705 praecepta
1153 2635 1436 2704 completis
1459 2632 1661 2686 nullam
1680 2627 2142 2699 justiﬁcationcm,

547 2728 750 2785 nullam
780 2729 1176 2793 liberationem,
1205 2726 1572 2782 haereditatem
1598 2723 1795 2779 nullam
1821 2721 2103 2793 provenire
2128 2736 2141 2774 :

546 2822 617 2877 ob
637 2837 795 2900 quam
818 2837 1035 2877 causam
1058 2836 1180 2876 cum
1206 2822 1521 2891 impugnare
1544 2818 1715 2889 legem
1740 2815 2007 2883 videatur,
2030 2829 2146 2871 me-

545 2915 652 2970 rito
673 2899 900 2982 ιιιιεεειὶυ
925 2914 1264 2984 pr0ponitur.

621 3005 785 3061 Vens.
813 3006 982 3061 2l.—
1011 3005 1149 3073 Quid
1175 3021 1319 3076 ergo,
1367 3002 1560 3073 inquit,
1616 3001 1700 3056 lex
1728 2999 1996 3055 adversum
2026 3014 2146 3069 pro-

2245 1904 2626 1968 missumerat,
2654 1919 2719 1959 ex
2746 1905 2849 1961 ﬁde
2880 1906 3052 1974 ﬁeret,
3084 1915 3139 1963 et
3175 1908 3469 1965 htereditas
3495 1926 3559 1966 ex
3589 1911 3785 1968 ﬁdelcsu

2244 1992 2445 2052 Christi
2492 1995 2713 2054 daretur
2749 1997 3118 2056 credentibus.
3148 2002 3286 2071 Ergo
3315 2003 3401 2058 his
3429 2005 3660 2061 omnibus
3695 2005 3783 2078 quid

2245 2088 2355 2159 agit
2376 2087 2459 2145 vel
2503 2089 2647 2160 egit?
2689 2100 2748 2145 ut
2789 2090 2923 2146 ﬁdes
2962 2092 3075 2147 sola
3099 2090 3229 2148 Jesu
3262 2094 3468 2150 Christi
3513 2098 3710 2153 sufﬁciat
3738 2098 3784 2153 ad

2241 2178 2684 2251 iustiﬁcationem
2734 2180 3219 2256 liherationemque
3247 2193 3512 2242 nostram.

2324 2264 2482 2326 Vnus.
2511 2271 2601 2329 23.
2642 2304 2714 2314 —
2744 2273 2899 2328 Prius
2945 2286 3116 2329 autem
3157 2293 3312 2349 quam
3352 2279 3541 2334 veniret
3569 2279 3692 2349 ﬁdes,
3723 2280 3783 2334 sui

2248 2362 2358 2436 lege
2404 2364 2813 2422 custodiebantur
2842 2368 3071 2423 conclusi
3099 2370 3152 2424 in
3183 2388 3297 2426 eam
3336 2358 3495 2439 ﬁdem
3520 2389 3623 2444 qua
3652 2378 3778 2446 [stara

2248 2469 2374 2526 erat,
2402 2468 2456 2515 ut
2486 2459 2792 2516 revelaretur
2817 2460 2895 2536 (4)
2922 2478 2986 2519 ne
3011 2479 3179 2520 vacua
3204 2465 3292 2520 lex
3314 2464 3494 2533 ﬁeret,
3519 2468 3593 2523 vel
3618 2467 3779 2523 adversa

2251 2553 2549 2623 promissis.
2581 2553 2861 2622 Quomodo
2890 2554 3021 2610 dicit
3049 2558 3451 2613 necessariam?
3478 2560 3695 2632 quoniam
3716 2576 3781 2614 ex-

2250 2649 2483 2719 pectatio
2506 2648 2573 2703 de
2603 2647 2709 2703 ﬁde
2736 2647 2912 2703 futura
2956 2656 3091 2713 erat.
3138 2658 3192 2704 et
3220 2652 3512 2721 promissio
3539 2668 3623 2725 per
3647 2651 3774 2707 ﬁdem.

2253 2741 2431 2807 Prius,
2465 2740 2655 2814 inquit,
2685 2752 2802 2796 ante
2834 2759 2987 2814 quant
3014 2744 3198 2798 veniret
3228 2744 3382 2815 ﬁdes,
3425 2748 3781 2812 custodiebantur,

2250 2832 2304 2889 id
2322 2843 2405 2889 est
2431 2834 2827 2905 quodammodo
2850 2835 2987 2890 duce
3009 2835 3124 2905 lege
3147 2843 3311 2906 atque
3327 2838 3550 2894 custode
3571 2839 3702 2892 νὶιιιιι
3719 2854 3780 2890 t‘n-

2250 2927 2495 2983 lchamus
2520 2929 2783 3000 integram
2807 2928 2873 2983 'ex
2904 2928 3069 2985 vitato
3100 2939 3325 2999 peccato
3352 2940 3409 2986 et
3433 2948 3496 2987 ex
3518 2916 3722 3003 cognito;
3744 2940 3783 2983 ut

2251 3033 2373 3073 cum
2405 3019 2653 3073 Christus
2682 3019 2909 3085 veniret,
2944 3035 3042 3074 nos
3071 3019 3234 3076 veluti
3265 3023 3502 3078 conclusi
3540 3024 3588 3077 in
3612 3024 3720 3078 illam
3743 3023 3783 3090 ﬁ-

547 3099 703 3153 missa
731 3096 837 3169 (i)?
861 3098 1072 3152 Etenim
1095 3095 1141 3151 si
1165 3097 1248 3151 lex
1278 3093 1405 3149 nihil
1437 3095 1546 3165 agit
1567 3109 1631 3148 ex
1655 3091 1908 3184 operibus
1935 3092 2066 3155 suis,
2093 3097 2148 3144 et
2176 3120 2221 3184 α
2253 3111 2388 3176 dem,
2425 3126 2539 3180 qua:
2565 3115 2743 3182 (“mra
2782 3120 2909 3174 erat,
2952 3120 3368 3183 expectarem”
3409 3117 3675 3171 adventum
3700 3133 3710 3167 ε
3751 3117 3785 3167 in

547 3197 631 3244 est
670 3189 784 3244 hinc
830 3191 1132 3258 pesterior;
1164 3185 1425 3257 promissa
1456 3186 1597 3239 enim
1633 3182 1810 3253 priora
1845 3183 1977 3238 facta
2023 3189 2149 3237 sunt

548 3278 780 3336 Abrahae
808 3280 952 3352 (quia
978 3276 1060 3334 lex
1090 3294 1183 3347 per
1197 3276 1418 3348 Moysen
1450 3274 1571 3330 data
1593 3274 1859 3329 factorum
1884 3273 2147 3344 justitiam

551 3374 757 3441 tenet);
782 3368 1181 3441 qdodaminodo
1205 3369 1412 3423 videtur
1439 3375 1532 3420 aut
1550 3368 1744 3419 irustra
1773 3366 1894 3419 data
1916 3371 2010 3419 aut
2027 3378 2163 3420 esse

550 3463 820 3518 contraria
848 3461 1186 3533 promissioni
1204 3457 1445 3515 Iex.Nam
1472 3459 1513 3510 si
1538 3456 2147 3526 nihiloperanturopcra
2232 3472 2241 3479 ί

550 3562 617 3611 ex
657 3556 793 3628 lege,
823 3563 879 3612 ct
909 3555 1036 3611 nihil
1068 3562 1346 3626 prazstant,
1377 3564 1563 3608 contra
1597 3551 1857 3619 promiSsa
1890 3549 1973 3606 lex
2019 3559 2101 3606 est
2133 3567 2147 3604 :

548 3646 812 3717 promissa
842 3648 985 3702 enim
1015 3662 1138 3702 cum
1168 3644 1534 3701 haereditatem
1570 3643 1922 3714 polliceantur
1949 3650 2005 3699 et
2037 3642 2154 3714 jus-

548 3738 921 3805 titlcationem;
940 3739 1057 3794 lucc
1087 3739 1170 3794 lex-
1192 3746 1384 3809 quazex
1415 3736 1670 3810 operibus
1688 3745 1790 3802 est,
1816 3736 1943 3792 dum
1965 3745 2154 3794 avocat

553 3846 584 3885 a
605 3828 733 3897 ﬁde,
748 3828 876 3884 dum
895 3831 949 3883 in
965 3829 1074 3884 alio
1090 3840 1377 3899 occupatas
1392 3828 1599 3885 animas
1632 3835 1802 3895 tenet,
1814 3836 1875 3883 ut
1887 3829 2151 3898 promissa

553 3937 664 3977 non
695 3936 761 3977 ex
790 3919 893 3977 ﬁde
921 3927 1293 3993 expectentur,
1337 3921 1433 3978 sed
1463 3938 1529 3978 ex
1554 3923 1680 3986 alio,
1699 3921 1751 3976 id
1775 3928 1942 3977 estex
1973 3923 2152 3993 Operi-

550 4014 673 4080 bus,
698 4013 982 4071 adversum
1002 4015 1266 4085 promissa
1289 4012 1374 4068 lex
1397 4020 1497 4070 est.
1522 4012 1639 4069 Non
1661 4022 1837 4070 autem
1859 4016 2153 4071 verisimile

553 4113 658 4173 est,
681 4114 742 4161 ut
762 4120 901 4163 cum~
917 4108 1089 4178 legem
1114 4106 1253 4163 Deus
1284 4106 1513 4174 dederit,
1534 4106 1721 4163 eadem
1745 4122 1930 4163 rursus
1948 4107 2030 4163 lex
2053 4107 2152 4162 ad~

552 4214 768 4256 versum
797 4202 1059 4269 promissa
1090 4200 1213 4256 data
1242 4216 1364 4258 esse
1395 4201 1675 4256 videatur:
1701 4212 1819 4272 quin
1848 4201 2034 4272 utique
2062 4200 2154 4256 ade

553 4306 771 4348 versum
810 4293 1073 4363 promissa
1114 4302 1220 4361 est,
1260 4294 1304 4349 si
1330 4294 1383 4348 in
1409 4293 1515 4349 alio
1544 4299 1770 4362 occupat
1792 4307 1922 4358 nos,
1947 4293 2157 4351 scilicet

553 4393 615 4440 ut
632 4400 794 4456 opera
813 4385 1178 4455 compleamus
1200 4399 1269 4439 ex
1298 4384 1417 4455 lege
1441 4390 1730 4455 praecepta,
1754 4391 1810 4439 et
1830 4398 1937 4438 non
1962 4399 2156 4454 expec-

2252 3205 2408 3273 cujus
2458 3201 2621 3258 ﬁdem
2672 3202 2975 3271 credentes,
3019 3207 3306 3274 prmparati
3347 3223 3448 3279 per
3498 3203 3672 3279 legem,
3704 3222 3787 3262 cunt

2253 3305 2470 3367 peccata
2498 3297 2792 3351 vitaremus
2821 3303 2982 3365 atque
3009 3311 3173 3367 opera
3206 3292 3343 3369 legis
3383 3299 3711 3361 efﬁcercmus,
3734 3297 3787 3351 fa.

2251 3388 2354 3443 cile
2376 3387 2698 3458 promissum
2715 3392 2780 3441 ex
2802 3385 3056 3454 adventu,
3076 3386 3232 3444 ﬁdem
3256 3390 3469 3446 scilicet
3490 3392 3539 3446 in
3562 3388 3785 3451 Christum.

2251 3479 2453 3535 habere
2494 3494 2797 3550 possemus.
2826 3478 2939 3533 Non
2970 3495 3099 3550 ergo
3142 3480 3299 3538 fidem
3333 3480 3386 3537 in
3440 3483 3602 3555 legem
3649 3481 3788 3536 habere

2253 3571 2517 3627 debemus
2539 3572 2633 3627 sed
2656 3572 2708 3626 in
2730 3572 3018 3627 adventum
3050 3592 3064 3630 :
3096 3589 3218 3628 nam
3241 3576 3495 3642 conclusi,
3528 3576 3693 3646 inquit.
3710 3590 3790 3626 cra-

2254 3681 2375 3721 mus
2397 3682 2485 3736 per
2503 3666 2679 3735 ﬁdem;
2702 3667 2755 3720 in
2778 3682 2909 3732 eam,
2930 3666 3122 3736 inquit,
3142 3667 3296 3736 ﬁdem
3312 3685 3431 3740 qua:
3459 3670 3625 3739 futura
3655 3678 3736 3721 erat
3756 3662 3789 3716 id

2254 3768 2337 3816 est
2348 3757 2546 3813 Christi
2563 3775 2577 3823 ;
2598 3766 2656 3814 ut
2672 3760 2997 3814 revelarctur
3012 3759 3198 3815 eadem
3219 3760 3372 3826 ﬁdes,
3387 3778 3510 3817 cum
3523 3761 3604 3817 ille
3619 3758 3790 3814 venisset

2254 3868 2281 3919 is
2327 3851 2490 3906 Vens.
2546 3880 2617 3892 ——
2669 3851 2760 3906 24.
2821 3850 3005 3922 Itaque
3062 3851 3144 3906 lea:
3190 3850 3506 3926 pwdagogus
3549 3862 3693 3907 noster
3727 3850 3792 3921 fuit

2254 3946 2307 4000 in
2345 3941 2564 3999 Christo.
2611 3943 2893 4013 Quomodo
2933 3946 3076 4000 enim
3121 3946 3210 4015 qui
3255 3962 3456 4016 pueros
3488 3942 3682 4011 docent,
3713 3959 3790 3996 mo-

2256 4047 2389 4091 nent
2430 4036 2594 4104 viam,
2628 4043 2884 4107 quantum
2917 4048 3162 4107 possunt,
3197 4037 3419 4095 vivendi
3449 4048 3502 4094 ct
3545 4036 3787 4097 ostendunt.

2255 4144 2363 4184 non
2388 4136 2575 4187 tamen
2605 4129 2706 4199 ipsi
2736 4129 2976 4200 magistri
3004 4137 3131 4185 sunt
3160 4131 3334 4202 plena:
3365 4134 3491 4187 vita:
3522 4150 3535 4187 :
3573 4133 3643 4188 sic
3665 4141 3707 4184 et
3734 4129 3789 4181 lex

2257 4222 2410 4294 quasi
2444 4222 2763 4293 paedagogus
2794 4219 2924 4286 fuit,
2971 4221 3065 4277 sed
3088 4236 3193 4277 non
3217 4223 3319 4277 sibi
3346 4224 3646 4294 profuturus
3670 4232 3789 4288 neque

2259 4316 2449 4387 plenus
2513 4314 2836 4386 pzcdagogus
2896 4314 2965 4370 ad
3017 4317 3176 4370 vitam
3228 4315 3531 4373 docendam
3578 4339 3591 4373 :
3642 4313 3719 4370 sed
3754 4311 3788 4363 il

2260 4407 2486 4474 Christo,
2519 4407 2706 4480 inquit,
2742 4408 2793 4463 id
2818 4418 2900 4463 est
2927 4423 3097 4480 usque
3111 4409 3179 4464 ad
3203 4407 3478 4466 Christum
3507 4429 3520 4464 :
3552 4418 3603 4466 et
3626 4408 3691 4464 sic
3707 4417 3790 4460 cus-

553 4485 733 4533 temus
767 4491 833 4532 ex
863 4476 988 4543 ﬁde,
1009 4475 1175 4549 quod
1206 4477 1667 4547 promissumcst,
1698 4485 1758 4531 ut
1787 4476 2147 4534 hmreditatem

2261 4500 2502 4558 todiebat
2525 4475 2610 4559 les
2634 4475 2731 4558 nos
2752 4503 2896 4558 circa
2922 4475 3143 4575 peccata
3169 4503 3462 4570 monendo,
3489 4511 3545 4559 ut
3565 4505 3612 4557 in
3633 4499 3788 4557 Christo

550 4572 813 4628 calorum
843 4568 947 4626 ﬁde
976 4585 1369 4642 consequamur
1397 4570 1451 4626 in
1476 4570 1665 4628 Deum.

627 4663 822 4720 Verum
845 4664 1130 4721 adversum
1163 4664 1266 4720 hoc
1291 4664 1420 4736 quid
1444 4664 1789 4736 respondeat,
1820 4666 1901 4721 sic
1924 4667 2158 4737 accipie-

551 4770 710 4810 mus:
740 4757 815 4810 ait
840 4757 981 4811 enim
1007 4758 1239 4828 primum
1273 4756 1630 4828 generaliter:
1657 4757 1823 4824 absit;
1857 4756 1908 4812 id
1935 4767 2019 4813 est
2045 4772 2154 4813 non

552 4850 807 4905 convenit
835 4859 893 4906 ut
919 4851 973 4906 id
1004 4867 1035 4906 a
1066 4853 1177 4908 Deo
1205 4852 1401 4908 factum
1433 4867 1554 4908 esse
1583 4850 1849 4921 videatur,
1881 4861 1937 4908 et
1962 4851 2154 4909 adver-

552 4957 675 4999 sum
703 4944 964 5013 promissa
990 4946 1081 5013 sit,
1108 4946 1252 5016 quod
1281 4945 1430 5002 dedit
1459 4946 1653 5015 legem,
1685 4962 1805 5017 quae
1831 4955 2149 5017 occupatum

554 5036 831 5104 hominem
872 5039 924 5090 tn
958 5037 1077 5093 aliis
1105 5040 1266 5095 rebus
1293 5054 1415 5094 cum
1446 5046 1615 5103 tenet,
1659 5048 1885 5095 evacuat
1911 5042 2148 5111 promis-

552 5129 784 5195 sionem,
817 5125 1051 5199 facitque
1096 5113 1342 5199 meritum
1370 5146 1511 5201 esse,
1546 5147 1653 5187 non
1685 5132 1880 5199 ﬁdem;
1906 5132 1957 5189 id
1981 5141 2064 5189 est
2090 5142 2151 5190 ut

552 5223 807 5295 operibus
835 5223 1086 5278 omnibus
1116 5223 1269 5280 factis
1301 5224 1739 5295 justiﬁcationem
1779 5227 1974 5281 merito
2012 5242 2148 5282 con-

552 5326 863 5388 sequamur,
894 5329 1001 5371 non
1031 5313 1136 5370 ﬁde
1160 5315 1295 5371 sola.
1333 5317 1475 5388 Ergo
1502 5316 1663 5382 absit,
1696 5318 1869 5389 inquit
1898 5335 1911 5372 :
1952 5318 2150 5376 deinde

552 5410 809 5480 supponit
838 5408 1126 5466 rationem.
1163 5407 1219 5465 Si
1244 5410 1386 5464 enim
1414 5408 1535 5463 data
1568 5416 1716 5464 esset
1745 5408 1852 5477 lex,
1883 5418 2001 5480 qua:
2029 5422 2153 5481 pos-

549 5507 637 5556 set
678 5497 970 5569 viviﬁcare,
1002 5515 1133 5556 vere
1175 5515 1241 5555 ex
1288 5499 1407 5570 lege
1448 5506 1598 5557 esset
1635 5499 1866 5570 justitia.
1908 5496 2153 5560 Diximus

531 5654 699 5783 Dei“)
741 5655 798 5712 In
824 5653 980 5729 Vulg.
1014 5602 1210 5733 legitur
1245 5674 1259 5715 ι
1298 5650 1410 5714 Leo:
1445 5671 1567 5734 ergo
1603 5657 1850 5715 adversus
1892 5657 2155 5731 promissa

2260 4610 2476 4651 omnem
2507 4610 2657 4667 spem
2702 4595 2892 4650 salutis
2950 4610 3014 4650 ac
3057 4596 3180 4651 vita:
3232 4595 3433 4652 habere
3482 4609 3724 4668 possemus
3755 4598 3788 4640 It

2256 4703 2321 4741 ea:
2372 4689 2474 4757 ﬁde
2515 4688 2884 4759 justi/tcemur.
2916 4686 3033 4741 Non
3084 4703 3149 4744 ex
3200 4688 3340 4759 lege,
3373 4686 3469 4744 sed
3518 4705 3577 4744 ea:
3612 4682 3789 4755 fidem

2259 4780 2393 4851 quit,
2429 4790 2485 4834 ut
2515 4776 2828 4846 liberemur,
2856 4777 2958 4835 hoc
2986 4787 3074 4835 est
3100 4788 3161 4835 ut
3187 4780 3560 4850 justiﬁcemur,
3590 4791 3638 4836 et
3662 4778 3788 4832 hare-

2257 4868 2475 4927 ditatem
2526 4872 3047 4942 promissionemque
3090 4875 3384 4945 capiamus.

2329 4962 2493 5021 Vens.
2515 4964 2946 5022 Q5.-Vcniente
2958 4975 3132 5022 autem
3157 4966 3282 5035 ﬁde,
3314 4966 3365 5023 id
3386 4977 3469 5023 est
3494 4964 3686 5023 Christo
3707 4962 3788 5031 ipso

2258 5057 2409 5130 (tunc
2421 5059 2562 5113 enim
2577 5066 2693 5113 orta
2717 5056 2849 5113 ﬁdes
2869 5071 2968 5126 εει,
2988 5058 3127 5114 idest
3150 5066 3359 5130 tempus
3384 5060 3576 5116 habere
3592 5057 3789 5128 erepit.“

2254 5142 2388 5208 ﬁdes
2415 5160 2577 5217 esset,
2608 5159 2769 5222 atque
2814 5151 2867 5206 in
2896 5166 3018 5207 eum
3050 5150 3392 5208 crederemus
3429 5153 3517 5209 ubi
3546 5161 3643 5208 tota
3682 5149 3787 5203 salus

2255 5252 2366 5315 est;
2396 5255 2452 5301 et
2495 5242 2695 5301 Judaeis
2738 5253 2948 5313 contra,
2972 5245 3062 5315 qui
3088 5260 3193 5300 non
3214 5244 3572 5318 crediderunt)
3601 5244 3698 5314 jam
3714 5253 3785 5292 non

2330 5367 2413 5442 (ι)
2448 5367 2527 5424 Ita
2554 5368 2714 5442 codd.
2740 5367 3052 5426 Dubitabam
3083 5379 3263 5425 autem
3291 5368 3580 5442 numgforte
3606 5365 3732 5422 verba
3749 5368 3781 5414 tt

2259 5441 2322 5496 de
2340 5440 2545 5510 peccato
2563 5440 2630 5495 ad
2648 5451 2960 5510 sequentem
2984 5442 3264 5507 periodum
3286 5441 3603 5498 devolvcnda
3627 5442 3780 5495 essent-

2374 5458 2545 5497 eccato
2563 5458 2630 5495 aa
2648 5458 2847 5510 scquen

2356 5512 2415 5583 2)
2443 5511 2613 5566 Codd.
2646 5527 2749 5565 non
2773 5521 2847 5565 ut.

2330 5458 2410 5655 ὲ)
2444 5581 2521 5637 Ita
2540 5582 2699 5638 codd.
2724 5584 2847 5638 suai

2263 5574 2410 5712 “$55)
2433 5581 2523 5708 3:
2540 5582 2699 5638 codd.
2724 5598 2821 5637 sua
2841 5583 2895 5640 id
2919 5596 3003 5640 εει
3031 5584 3177 5656 legis.
3197 5583 3297 5643 Vel
3317 5600 3414 5658 pro
3442 5600 3536 5641 sua
3555 5574 3778 5654 legendum

2374 5671 2432 5708 sa
2527 5692 2544 5708 .

2374 5671 2544 5708 sacra.

2334 5723 2418 5800 (4)
2447 5723 2602 5801 Vulg.
2623 5723 2821 5791 habet:
2855 5726 2986 5811 Qua
3011 5727 3285 5791 revetentia
3303 5738 3431 5801 erat,
