4018 6184
245 264 385 321 H73

1132 258 1199 314 ΞΝ
1226 254 1619 315 EPISTOLAM
1656 252 1863 312 PAULI
1894 252 1989 317 AD
2017 250 2343 310 GALATAS
2382 251 2585 307 LIBER
2613 252 2675 307 ll.

3400 254 3539 309 ιιτι

238 381 332 437 sub
356 377 639 453 padagogo
663 393 859 444 sumus,
875 376 928 434 id
949 385 1033 434 est
1055 376 1165 449 jam
1185 388 1290 429 non
1312 373 1412 429 sub
1436 372 1551 446 lege
1580 369 1836 439 vivimus,
1863 371 1918 432 A
2013 366 2168 427 CAP.
2191 366 2281 425 IV.
2299 366 2548 425 —-Vans.
2577 369 2704 425 1.-
2720 366 2851 424 Dico
2876 375 3049 433 autem
3067 366 3315 436 quamdiu
3338 366 3415 441 (i)
3431 369 3540 423 ha'v

241 471 366 552 quia
391 469 780 528 custodivimus
803 477 1065 541 przecepta
1104 467 1235 540 legis
1252 480 1372 538 qua:
1394 464 1461 521 ad
1486 463 1654 539 ipsam
1679 460 1839 521 iidem

241 572 509 637 spectant,
532 562 623 639 qui
646 563 964 634 parabamur
981 560 1267 633 paedagogo
1282 556 1701 629 legis.Venieute
1723 555 1840 624 ipso

240 659 479 726 Christo,
507 657 559 713 id
581 664 665 715 est
689 658 798 729 ipsa
828 656 952 723 tide,
976 653 1088 726 jam
1125 668 1230 709 non
1258 650 1359 707 sub
1390 647 1678 721 paedagogo
1705 645 1841 703 vivi-

242 766 385 815 mus.
414 750 507 806 sed
546 764 614 806 ex
641 749 745 804 iide
769 748 997 805 vivimus
1023 746 1106 802 vel
1130 745 1389 800 vivemus.

317 843 483 900 Vens.
502 839 862 899 Eli—Omnes
884 839 1018 894 enim
1039 838 1159 892 estis
1180 836 1277 907 ﬁlii
1305 834 1418 901 Dei,
1439 830 1542 902 [ide
1562 830 1616 886 in
1637 827 1840 884 Christo

242 933 372 991 Iesu
396 934 496 1006 (1).
524 932 649 989 Haec
670 939 753 988 est
780 932 921 989 enim
952 928 1241 985 hazreditas
1269 934 1328 980 ut
1351 937 1745 995 consequamur
1770 920 1844 977 vi-

248 1033 356 1080 tam
398 1033 688 1081 aeternam:
720 1033 849 1079 tunc
886 1022 1031 1079 enim
1060 1032 1247 1075 sumus
1275 1016 1370 1073 lilii
1403 1014 1519 1071 Dei.
1553 1013 1660 1069 Sed
1703 1011 1842 1067 unde

243 1118 420 1177 istud?
442 1117 546 1177 ﬁde
568 1118 621 1173 in
645 1117 861 1175 Christo
886 1114 1034 1172 Jesu.
1052 1112 1202 1168 Tunc
1230 1110 1388 1166 tidem
1407 1108 1661 1164 inlesum
1685 1104 1839 1160 Chric

243 1218 387 1267 stum
404 1208 685 1277 habemus,
702 1208 752 1265 id
770 1208 991 1265 estdum
1006 1207 1057 1262 in
1074 1206 1221 1260 illum
1236 1201 1528 1266 credimus,
1542 1197 1681 1271 quod
1699 1195 1841 1255 filius

241 1306 338 1362 Dei
361 1306 454 1372 sit,
473 1312 531 1361 et
544 1305 686 1376 quod
704 1305 817 1376 ipse
831 1316 930 1358 nos
948 1298 1139 1365 salvet,
1159 1294 1366 1367 etquod
1381 1292 1508 1351 illud
1524 1290 1840 1367 mysterium

240 1413 341 1471 pro
367 1399 522 1456 nobis
550 1399 738 1471 egerit,
759 1404 814 1450 et
842 1395 931 1451 illa
960 1393 1139 1449 omnia
1167 1405 1285 1462 qua:
1315 1389 1366 1444 in
1395 1384 1676 1456 evangelio
1705 1383 1844 1441 dixi-

242 1506 385 1548 mus.
410 1491 606 1547 Verum
636 1488 765 1545 illud
786 1488 871 1543 hic
899 1477 1746 1550 animadvertendum,quodcum
1777 1473 1844 1531 de

243 1583 406 1640 rebus
449 1582 780 1655 loqueretur,
805 1578 872 1634 ad
904 1590 1187 1648 personam
1211 1588 1270 1628 se
1293 1571 1473 1636 vertit,
1504 1569 1597 1625 ubi
1629 1566 1841 1625 blandi-

245 1681 485 1731 mentum
530 1672 769 1729 ostendit
811 1685 919 1741 quo
970 1668 1179 1725 facilius
1226 1662 1593 1739 persuaderet.
1631 1659 1841 1727 Omnes,

1942 479 2023 517 res
2051 462 2294 534 paruulus
2315 471 2408 525 est,
2433 462 2561 516 nihil
2588 460 2759 529 diﬂ'ert
2787 476 2819 513 a
2845 476 3013 527 servo,
3035 476 3152 515 eum
3180 458 3434 523 Dominus
3468 462 3539 525 sit

1942 554 2189 608 omnium.
2222 552 2325 610 Per
2351 552 2656 623 adjunctam
2689 553 3094 609 similitudinem
3127 564 3457 624 perseverat,
3483 564 3542 621 ut

1941 643 2069 715 quid
2101 642 2357 699 fuerimus
2396 655 2521 699 ante
2559 647 2846 701 adventum
2885 643 3088 700 Christi
3139 646 3242 703 sub
3270 646 3408 715 lege,
3436 647 3538 707 d0-

1942 748 2098 804 ceat;
2122 737 2272 808 quid,
2298 751 2478 809 postea
2504 754 2661 808 quam
2691 737 2917 793 venerit.
2946 737 3174 794 Solvens
3194 738 3336 795 enim
3366 753 3543 810 quare-

1943 827 2144 884 tionem
2178 828 2347 895 illam,
2378 843 2446 883 an
2476 828 2761 885 adversum
2791 830 3053 899 promissa
3080 829 3166 885 lex
3197 828 3386 893 fuerit,
3412 833 3545 897 dicit

1942 921 2010 978 ad
2039 933 2248 992 tempus
2279 923 2449 993 legem
2490 923 2706 991 datam,
2735 937 2856 995 quae
2886 938 2983 978 nos
3010 924 3112 979 sub
3141 924 3382 987 custodia
3412 940 3544 983 cou-

1944 1016 2177 1072 tineret:
2208 1030 2271 1071 ac
2297 1028 2564 1088 praecepta
2613 1016 2833 1070 tradens
2872 1015 3172 1077 custodiret
3199 1031 3228 1071 a
3273 1018 3541 1088 peccatis.

1943 1124 2222 1181 quousque
2240 1119 2452 1181 tempus
2478 1110 2684 1164 veniret
2713 1110 2766 1169 in
2791 1106 3079 1165 adventum
3103 1109 3324 1179 Christi,
3351 1120 3407 1171 ut
3433 1114 3543 1167 han-

1943 1201 2101 1261 redes
2148 1202 2560 1275 promissionum
2608 1215 2728 1255 esse
2777 1215 3079 1272 possemus.
3141 1201 3304 1272 Ergo,
3336 1202 3541 1273 inquit,

1928 1298 2192 1355 imredes
2219 1313 2341 1353 cum
2370 1297 2575 1370 parvuli
2596 1304 2752 1363 sunt,
2773 1296 2913 1365 quod
2945 1306 3029 1352 est
3059 1304 3275 1365 tempus
3294 1296 3396 1357 sub
3424 1298 3544 1367 lege

1945 1399 2071 1447 ante
2095 1391 2389 1451 adventum
2418 1390 2651 1457 Christi,
2696 1405 2843 1455 cum,
2891 1389 3130 1459 inquam,
3166 1388 3372 1459 parvuli
3413 1400 3540 1446 sunt

1947 1483 2210 1553 hmredes,
2239 1483 2371 1539 nihil
2419 1482 2672 1540 diii‘erunt
2706 1497 2735 1543 a
2767 1484 2975 1539 servis:
3009 1482 3137 1538 licet
3167 1481 3310 1537 enim
3338 1480 3541 1541 domini

1945 1578 2106 1635 futuri
2133 1578 2242 1637 sint
2262 1577 2522 1644 omnium,
2548 1575 2691 1647 quod
2720 1574 2961 1630 heredes
2991 1572 3176 1638 l‘uturi.
3206 1582 3383 1631 tamen
3409 1572 3538 1631 dum

1947 1687 2053 1729 non
2114 1670 2259 1727 venit
2305 1678 2552 1739 tempus,
2597 1682 2705 1739 quo
2751 1677 2993 1739 tempore
3038 1676 3263 1727 eserant
3327 1666 3541 1737 plenum

243 1768 435 1841 inquit,
481 1766 577 1837 ﬁlii
626 1765 764 1821 estis.
794 1764 988 1831 Supra.
1022 1760 1113 1817 sub
1140 1759 1420 1833 paedagogo
1469 1772 1666 1820 sumus,
1699 1767 1842 1809 nunc
1871 1757 1918 1817 B
1946 1762 2150 1819 domini
2180 1778 2377 1821 nomen
2399 1802 2415 1828 ,
2446 1761 2597 1832 quasi
2645 1760 2873 1831 quodam
2926 1758 3109 1819 ofticio
3161 1758 3434 1819 servitutis
3460 1768 3545 1816 te.

241 1859 388 1914 velut
414 1855 712 1928 apostrol‘at
745 1854 823 1927 (2)
851 1854 918 1909 ad
963 1854 1108 1922 ipsos
1137 1869 1152 1909 :
1184 1852 1283 1922 [itii
1307 1850 1450 1917 estis,
1484 1848 1675 1923 inquit,
1708 1845 1843 1912 Dei;

248 1948 343 2005 sed
370 1947 466 2005 lilii
496 1964 560 2005 ex
591 1947 696 2005 iide
723 1947 775 2002 in
798 1945 929 2004 Jesu
956 1943 1193 2000 Christo.

312 2040 479 2097 Vens.
506 2039 597 2094 27.
622 2037 838 2095 -Ναηι
864 2038 1163 2108 quicumque
1186 2035 1239 2088 in
1277 2031 1480 2089 Christo
1500 2030 1576 2105 (5)
1603 2028 1846 2101 baptizati

244 2132 362 2187 estis
382 2173 395 2197 ,
424 2130 683 2188 Christum
724 2129 962 2185 induistis
995 2144 1013 2183 :
1039 2126 1140 2183 hoc
1174 2134 1256 2181 est
1283 2125 1335 2180 in
1361 2123 1577 2179 Christo
1609 2122 1700 2178 lilii
1750 2121 1845 2177 Dei

249 2225 399 2278 estis.
432 2222 572 2290 Quid
615 2230 699 2278 est
725 2219 857 2275 illud
884 2220 936 2275 in
963 2217 1213 2274 Christo?
1240 2217 1491 2289 quoniam
1522 2214 1846 2287 quicumque

247 2315 548 2385 baptizatur
574 2314 628 2368 in
659 2312 893 2377 Christo,
916 2311 1028 2382 jam
1062 2311 1200 2367 illius
1243 2310 1332 2365 Dei
1363 2318 1445 2365 est
1475 2325 1488 2362 :
1522 2306 1845 2383 quicumque

246 2408 389 2464 enim
413 2396 735 2479 baptizatur,
759 2405 812 2460 in
834 2404 1106 2460 Christum
1129 2401 1207 2475 (ὁ)
1241 2402 1541 2475 baptizatur
1569 2419 1581 2455 :
1608 2400 1844 2472 baptiza-

250 2511 335 2561 tus
372 2508 551 2559 autem
598 2500 652 2556 in
692 2498 930 2565 Christo,
954 2496 1127 2552 induit
1165 2495 1457 2553 Christum.
1504 2494 1675 2549 liabet
1698 2493 1844 2548 enim

246 2593 520 2651 Cbrismm
551 2593 875 2665 quicumque
904 2591 1241 2663 baptizatur;
1271 2598 1326 2645 et
1348 2590 1458 2664 jam
1489 2598 1571 2645 est
1604 2589 1656 2643 in
1684 2587 1841 2643 Chri-

247 2700 354 2759 sto,
380 2689 505 2744 dum
528 2688 689 2744 habet
710 2685 980 2743 Christum
1013 2702 1026 2741 :
1058 2685 1180 2739 dum
1205 2684 1366 2739 habet
1389 2682 1681 2750 ChriStum,
1705 2672 1845 2741 ﬁlius

250 2782 340 2843 Dei
381 2790 482 2850 est,
509 2781 630 2851 quia
655 2778 901 2835 Christus
940 2778 1078 2833 titius
1105 2777 1197 2832 Dei
1228 2784 1330 2833 est.

320 2872 486 2928 Vens.
514 2872 606 2927 28.
628 2870 778 2926 -Ιη
801 2869 1003 2926 Christo
1024 2868 1103 2942 (5)
1127 2869 1259 2924 enim
1292 2884 1396 2923 non
1417 2875 1490 2922 est
1509 2865 1724 2922 Judteus
1758 2882 1847 2922 ne-

247 2980 343 3036 que
375 2962 604 3028 Graecus,
636 2978 738 3017 non
758 2977 952 3028 servus,
983 2976 1140 3030 neque
1168 2959 1313 3026 liber,
1345 2975 1447 3014 non
1466 2968 1539 3014 est
1565 2959 1842 3015 masculus.

250 3075 412 3131 neque
427 3058 633 3132 [minina
649 3074 667 3113 :
681 3073 852 3112 omnes
865 3057 996 3111 enim
1013 3070 1100 3109 vos
1116 3069 1275 3110 unum
1287 3054 1403 3109 estis
1417 3053 1468 3107 in
1483 3051 1684 3108 Christo
1696 3050 1726 3105 J
1734 3068 1840 3109 esu.

1947 1862 2174 1919 nentur;
2205 1853 2302 1920 sed
2348 1868 2452 1908 non
2501 1854 2554 1909 in
2598 1861 2951 1923 perpetuum,
2992 1865 3275 1921 quousque
3296 1865 3409 1909 sine
3437 1851 3547 1913 sint

1946 1948 2121 2005 aetatis
2158 1956 2215 2003 et
2254 1947 2552 2012 libertatis,
2598 1955 2655 2002 et
2696 1945 2929 2005 hmredis
2977 1945 3184 2014 possint
3232 1944 3462 2013 implere
3489 1954 3545 2003 et

1948 2056 2146 2097 nomen
2167 2049 2223 2095 et
2255 2047 2592 2108 potestatem.
2620 2039 2731 2101 lloe
2759 2046 2842 2097 est
2865 2037 3006 2107 quod
3034 2037 3325 2107 subiungit.

2024 2132 2185 2191 Vens.
2213 2133 2269 2187 2.
2289 2162 2359 2175 ——
2380 2131 2486 2191 Sed
2515 2129 2604 2191 sub
2631 2131 2949 2189 curatoribus
2975 2129 3056 2199 (9.)
3085 2139 3157 2189 est
3175 2170 3189 2195 ,
3217 2137 3261 2184 et
3286 2128 3545 2191 actoribus

1949 2240 2109 2294 usque
2128 2226 2179 2283 in
2202 2224 2510 2296 prta/initum
2532 2232 2731 2289 tempus
2749 2239 2780 2277 α
2797 2232 2958 2292 putre.
2981 2221 3190 2289 Omnis,
3217 2221 3407 2292 inquit,
3436 2223 3545 2279 hab

1951 2333 2062 2383 res,
2106 2318 2230 2372 dum
2260 2326 2343 2373 est
2373 2316 2645 2386 parvulus.
2680 2325 2755 2371 est
2783 2315 2875 2371 sub
2926 2315 3264 2375 curatoribus.
3295 2314 3408 2375 Lex
3455 2316 3542 2377 illa

1951 2409 2119 2481 Moysi
2143 2410 2286 2463 velut
2307 2408 2407 2462 suh
2423 2417 2670 2462 curatore
2693 2415 2744 2461 et
2767 2414 2950 2461 actore
2967 2405 3304 2465 custodiebat
3335 2405 3541 2469 iuturus

1950 2503 2212 2565 hmredes.
2233 2502 2445 2571 veljam
2473 2501 2786 2571 quiessent,
2810 2501 2905 2559 sed
2933 2501 3073 2571 pleni
3102 2515 3208 2556 non
3230 2506 3385 2559 erant
3417 2514 3539 2569 prn-

1949 2603 2066 2666 pter
2095 2604 2337 2661 aetatem;
2361 2594 2611 2664 quoniam
2636 2593 2736 2664 ipsi
2757 2608 2852 2664 per
2880 2608 2939 2649 se
2968 2607 3129 2663 agere
3155 2606 3260 2647 non
3284 2600 3528 2666 possunt,

1949 2704 2050 2745 nec
2069 2704 2261 2760 capere
2292 2687 2541 2744 edoctum
2573 2688 2654 2744 vel
2686 2688 2901 2760 plenum
2922 2703 3118 2743 nomen
3150 2686 3404 2745 hazrcdis.
3430 2687 3544 2747 Nec

1951 2790 2127 2838 tamen
2160 2782 2255 2836 illo
2304 2791 2547 2851 tempore
2574 2782 2651 2837 sic
2681 2779 2824 2838 serti
2851 2791 2996 2849 sunt,
3023 2781 3099 2837 uti
3130 2796 3255 2839 vere
3282 2781 3545 2849 serviant,

1948 2877 2042 2932 sed
2067 2877 2167 2931 suh
2193 2875 2437 2930 custodia
2479 2882 2641 2945 agunt
2665 2892 2675 2929 :
2697 2885 2755 2929 ut
2784 2874 2924 2928 servi
2950 2874 3058 2927 sint
3082 2874 3135 2927 in
3166 2883 3377 2942 tempus
3402 2888 3540 2941 prte-

1951 2966 2155 3023 linitum
2182 2982 2211 3020 a
2242 2977 2411 3039 patre.
2456 2966 2546 3021 Sic
2588 2966 2731 3021 enim
2779 2965 2863 3021 vel
2902 2973 3050 3019 actor
3093 2964 3178 3020 vel
3209 2972 3427 3019 curator
3460 2962 3543 3020 vel

1954 3072 2096 3118 tutor
2127 3062 2265 3118 valet
2288 3061 2453 3133 patris
2482 3060 2744 3124 instituto,
2771 3068 2827 3117 ut
2853 3074 2973 3115 cum
3003 3058 3096 3115 ille
3124 3060 3177 3114 in
3210 3057 3542 3127 pubertatem

249 3152 412 3209 Tollit
437 3166 565 3223 ergo
589 3151 820 3225 reliquas
849 3163 1106 3221 personas
1146 3146 1442 3213 hominum,
1478 3161 1599 3219 qua:
1622 3152 1846 3217 possunt
1872 3151 1918 3215 C
1950 3170 2101 3210 suam
2132 3152 2361 3217 venerit,
2393 3160 2516 3221 agat
2541 3151 2663 3219 jure
2697 3164 2816 3211 suo,
2851 3149 3019 3207 libera
3045 3148 3338 3212 voluntate,
3381 3156 3544 3217 atque

250 3244 509 3304 accedere
526 3245 606 3301 vel
629 3260 693 3300 ex
721 3242 1051 3313 conditione,
1076 3240 1161 3296 vel
1176 3256 1240 3295 ex
1268 3248 1457 3295 natura
1483 3238 1739 3305 humana,
1762 3237 1847 3294 vel

252 3354 319 3395 ex
340 3346 519 3410 gente.
537 3337 632 3395 His
659 3336 802 3392 enim
834 3336 993 3391 rebus
1013 3333 1242 3405 separati
1276 3334 1415 3387 inter
1447 3346 1545 3387 nos
1572 3347 1691 3388 esse
1721 3346 1843 3404 pos-

250 3444 459 3498 sumus,
478 3436 536 3484 ut
555 3427 691 3484 alius
707 3426 924 3485 Judaaus
944 3427 1034 3494 sit,
1054 3426 1187 3481 alius
1213 3424 1455 3492 Graecus,
1479 3438 1667 3481 servus
1688 3424 1845 3494 alius,

250 3520 388 3578 liber
432 3521 588 3578 alius.
622 3520 769 3589 Haec,
800 3519 1106 3575 conditione
1145 3516 1398 3588 veljure;
1422 3527 1476 3573 at
1501 3517 1610 3585 illa,
1636 3526 1846 3573 natura.

252 3612 379 3671 Non
400 3623 503 3680 est,
535 3612 735 3686 inquit,
765 3612 1019 3668 masculus
1048 3628 1206 3681 neque
1249 3609 1476 3681 foetnina.
1506 3610 1643 3681 Quid
1685 3611 1850 3682 ergo?

254 3708 338 3766 his
362 3707 584 3765 sublatis
621 3707 893 3775 omnibus,
920 3721 1084 3762 unum
1112 3705 1304 3777 inquit,
1329 3696 1419 3760 uo?
1446 3706 1563 3761 estis
1590 3720 1761 3761 omnes
1796 3705 1852 3760 in

255 3798 457 3857 Christo
478 3802 603 3857 Jesu
622 3819 641 3858 :
658 3801 799 3877 quod
827 3802 959 3857 estis
998 3816 1161 3854 unum
1188 3812 1411 3872 accepto
1432 3800 1621 3870 spiritu
1643 3813 1673 3854 a
1694 3796 1852 3854 Chri-

256 3904 366 3965 sto,
411 3895 656 3951 Cbristus
705 3894 857 3952 estis.
909 3894 1050 3964 Ergo
1083 3892 1174 3947 ﬁlii
1220 3893 1314 3948 Dei
1346 3892 1478 3948 estis
1507 3894 1558 3947 in
1595 3892 1848 3947 Christo:

330 3987 493 4046 Vens.
522 3987 690 4043 29.——
709 3984 849 4057 Ergo
868 3986 1087 4040 Abrahae
1107 4001 1273 4040 semen
1295 3985 1412 4040 estis
1433 3984 1708 4039 secundum
1735 4001 1853 4057 pro.

257 4080 552 4136 missionem
595 4078 841 4134 hwredes.
888 4077 1042 4144 Quod
1073 4078 1116 4133 si
1160 4078 1229 4133 ita
1268 4084 1372 4145 est,
1413 4075 1742 4147 completum
1772 4086 1857 4132 est

259 4170 411 4239 illud,
439 4168 582 4243 quod
622 4169 856 4227 Abraha:
899 4168 1090 4224 semini
1122 4168 1443 4239 promissum
1484 4177 1598 4234 est;
1633 4168 1774 4224 unde
1800 4177 1856 4225 et

259 4278 357 4319 vos
382 4262 513 4319 estis
531 4276 715 4327 semen
756 4259 1008 4325 Abrahae,
1037 4259 1330 4315 secundum
1358 4259 1516 4315 iidem
1543 4274 1559 4327 ;
1592 4268 1647 4315 et
1678 4275 1770 4314 vos
1802 4261 1854 4316 in

259 4353 475 4411 Christo
500 4354 649 4419 estis,
685 4367 748 4410 ac
777 4364 1061 4425 propterea
1109 4369 1278 4409 semen
1324 4354 1445 4408 estis
1478 4350 1698 4408 Abrahae
1725 4369 1743 4407 :
1772 4368 1855 4407 se-

261 4445 483 4503 cundum
510 4446 899 4521 promissionem
931 4444 1157 4500 hwredes
1184 4446 1332 4510 estis,
1362 4445 1483 4516 quia
1513 4443 1741 4501 Abraha:
1770 4460 1857 4500 se-

1952 3253 2225 3316 acccptam
2261 3242 2626 3317 htereditaten)
2653 3241 2935 3312 gubernet.
2961 3239 3108 3305 Haec,
3135 3248 3194 3293 ut
3218 3237 3360 3307 dixi,
3388 3237 3543 3292 simio

1952 3340 2121 3396 litudo
2151 3336 2383 3394 refertur
2411 3334 2477 3390 ad
2509 3349 2620 3401 cos,
2648 3333 2840 3407 quibus
2871 3332 2951 3387 lex
2981 3331 3101 3386 data
3127 3340 3228 3386 est.

2023 3433 2188 3490 Vsus.
2221 3431 2273 3487 5,
2315 3427 2474 3483 -Ιια
2499 3438 2544 3482 et
2576 3443 2667 3482 nos
2695 3442 2809 3482 cum
2836 3441 3058 3485 essemus
3086 3421 3288 3494 paruuli
3316 3422 3407 3477 sub
3436 3421 3542 3483 ele-

1951 3527 2133 3579 mentis
2164 3524 2316 3591 huius
2346 3522 2425 3595 (5)
2470 3519 2648 3574 mundi
2691 3534 2893 3574 eramus
2937 3517 3224 3572 seruientes.
3270 3514 3402 3570 Cum
3444 3529 3542 3567 au-

1953 3628 2052 3672 tem
2083 3615 2163 3690 (4)
2207 3616 2338 3670 venit
2379 3612 2640 3685 plenitudo
2690 3609 2961 3681 temporis,
3006 3608 3143 3662 misit
3191 3605 3330 3661 Deus
3379 3605 3546 3673 ﬁlium

1953 3728 2122 3767 suum.
2155 3711 2229 3765 De
2257 3710 2363 3764 alio
2398 3704 2621 3777 quaestio
2650 3703 2783 3768 fuit;
2813 3710 2869 3763 et
2895 3703 2948 3757 in
2974 3699 3238 3758 reditione
3259 3695 3326 3754 ad
3353 3698 3545 3755 simili-

1957 3801 2194 3856 tudinem
2217 3840 2231 3863 ,
2261 3796 2402 3852 aliud
2432 3794 2726 3865 subjungit,
2758 3792 2810 3847 id
2846 3801 2928 3849 est
2953 3790 3182 3859 amplius
3208 3789 3352 3844 aliud
3383 3802 3545 3859 quam

1955 3894 2131 3950 fuerat
2151 3896 2271 3946 ante
2300 3889 2551 3961 positum.
2584 3887 2715 3942 Nam
2746 3901 2867 3941 eum
2896 3893 3144 3955 ageretur
3171 3882 3238 3938 de
3265 3883 3405 3955 lege,
3428 3895 3548 3953 quae

1956 3985 2078 4041 data
2110 3983 2302 4049 fuerat,
2336 3982 2481 4038 velut
2523 3981 2836 4051 interposita
2868 3988 2987 4050 post
3016 3978 3301 4047 promissa,
3341 3983 3396 4032 et
3424 3983 3550 4031 ante

1955 4080 2243 4136 adventum
2284 4075 2481 4131 Christi
2522 4074 2797 4130 diceretur
2823 4072 3158 4138 interjectam
3185 4082 3308 4124 esse
3351 4067 3545 4137 legem,

1958 4173 2207 4244 quoniam
2234 4170 2409 4225 adhuc
2452 4167 2659 4240 parvuli
2690 4166 2985 4232 fueramus,
3012 4170 3070 4219 et
3094 4163 3193 4216 sub
3217 4161 3353 4231 legis
3374 4167 3552 4216 custo—

1957 4264 2041 4320 dia
2076 4262 2266 4335 positi;
2299 4273 2353 4317 et
2379 4262 2516 4317 sicut
2560 4258 2677 4328 ipse
2721 4258 2855 4314 dixit
2897 4256 2999 4311 sub
3049 4254 3169 4325 lege
3204 4252 3548 4311 custodieba-

1959 4375 2097 4426 mur,
2128 4366 2181 4414 et
2218 4365 2336 4413 erat
2369 4355 2525 4411 nobis
2570 4353 2654 4411 lex
2696 4353 3052 4423 paedagogus;
3083 4364 3436 4421 quamquam,
3471 4349 3552 4404 in-

1958 4453 2091 4524 quit,
2115 4451 2201 4507 lex
2230 4450 2549 4520 pzedagogus
2568 4455 2703 4514 erat,
2720 4446 2814 4501 sed
2838 4447 2892 4501 in
2914 4444 3128 4499 Christo
3152 4452 3330 4500 tamen
3354 4442 3552 4506 (omnis

262 4540 393 4595 mini
423 4539 684 4609 promissa
707 4546 791 4593 est
817 4537 1122 4593 haereditas.
1150 4535 1259 4592 Vos
1280 4544 1457 4592 autem
1477 4577 1492 4603 ,
1515 4536 1765 4607 baptizati
1798 4537 1851 4592 in
1877 4537 1931 4598 D
1957 4544 2123 4600 dictio
2152 4542 2399 4614 superior
2420 4540 2488 4596 de
2518 4540 2634 4611 lege
2662 4539 2855 4599 fuerat,
2886 4551 3167 4608 quousque
3188 4533 3394 4590 γριιῑιιοι
3421 4542 3553 4590 rem.

263 4629 479 4686 Christo
515 4630 663 4694 Jesu,
690 4629 963 4685 Christum
996 4627 1302 4699 accepistis,
1336 4638 1388 4684 et
1414 4626 1662 4684 Christus
1689 4630 1853 4697 estis;

265 4735 449 4778 semen
476 4737 605 4793 ergo
627 4722 762 4779 estis
783 4720 1036 4779 Abrahae.
1078 4720 1135 4778 Si
1173 4721 1365 4777 semini
1395 4723 1654 4793 promissa
1683 4721 1858 4778 haere-

164 4900 176 4904 4
266 4814 435 4882 ditas,
476 4816 627 4872 vobis
672 4831 885 4889 quoque
932 4809 1219 4874 hereditas
1256 4816 1495 4887 dabitur,
1527 4827 1582 4875 et
1611 4817 1858 4876 haeredes

268 4908 398 4967 estis
424 4908 719 4967 secundum
751 4910 1186 4984 promissionem.

337 5194 415 5269 (l)
432 5192 644 5269 Confer:
657 5192 819 5269 Vulg.
850 5210 972 5267 quin
1000 5193 1162 5252 habet
1192 5211 1206 5250 :
1241 5192 1430 5252 Omnes
1453 5210 1545 5269 per
1566 5195 1722 5265 [idem
1748 5212 1865 5269 quae

266 5264 354 5323 est
370 5264 424 5323 in
451 5264 582 5322 Iesu
604 5264 825 5324 Christo.

341 5336 422 5411 (2)
449 5331 521 5392 ita
542 5336 701 5411 codd.
728 5337 825 5411 Est
846 5346 1023 5411 autem
1046 5337 1175 5395 Afer
1195 5336 1501 5396 Victorinus
1526 5337 1611 5411 vel
1637 5334 1864 5411 novatur

268 5407 359 5537 xei
373 5407 561 5537 partum
579 5410 751 5466 bonus
772 5407 1053 5467 latinitatis
1073 5421 1282 5478 auctor,
1306 5419 1367 5467 ut
1385 5426 1453 5467 ex
1472 5410 1632 5469 editis
1651 5410 1864 5469 abunde

303 5497 371 5537 on
488 5522 503 5536 .
539 5501 565 5521 ο

268 5491 503 5537 εοιιειιιι.
539 5501 565 5521 '

343 5550 590 5625 (3)_Vid_e
620 5548 777 5625 Vulg.
800 5549 1113 5608 editionem.
1160 5551 1287 5608 Hmc
1316 5551 1521 5611 habet:
1552 5553 1868 5625 Quicumque

272 5621 412 5678 enim
433 5622 487 5676 in
517 5621 743 5691 Christo,
767 5630 873 5679 etc.

454 5692 716 5781 ita'codd;
736 5707 1298 5781 {quamquamosqp'ra
1322 5704 1378 5781 et
1402 5695 1536 5755 inira
1566 5697 1619 5753 in
1641 5694 1867 5753 Christo.

351 5762 432 5839 (5⁷)
454 5764 614 5836 Vulg.
642 5764 732 5822 ed.
755 5762 866 5824 nOn
892 5762 1074 5836 habet,
1100 5765 1155 5822 in
1175 5762 1396 5824 Christo.

1963 4654 2081 4707 pus,
2122 4645 2180 4692 ut
2216 4633 2509 4689 secundum
2562 4632 2972 4701 promissionem
3004 4627 3251 4684 haeredes
3280 4642 3402 4684 esse
3432 4641 3557 4696 pos—

1961 4729 2175 4800 semus)
2227 4727 2371 4791 hmc,
2414 4734 2472 4779 ut
2500 4724 2645 4790 dixi,
2692 4738 2812 4777 cum
2854 4722 2925 4777 de
2977 4721 3094 4792 lege
3141 4720 3472 4791 loqueretur,
3500 4727 3556 4774 et

1962 4820 2365 4878 similitudinem
2398 4817 2742 4888 adjungeret,
2768 4816 2977 4883 integro
3003 4826 3164 4869 sensu
3197 4810 3557 4884 persequeba-

1966 4923 2071 4971 tur.
2097 4913 2167 4969 At
2189 4927 2331 4968 nunc
2353 4912 2404 4966 in
2423 4908 2769 4965 conclusione
2795 4922 2900 4961 non
2922 4905 2991 4961 ad
3013 4907 3208 4976 legem,
3236 4903 3333 4960 sed
3354 4903 3420 4961 ad
3447 4905 3557 4962 ele-

1967 5015 2147 5062 menta
2194 5003 2419 5059 retraxit
2445 5020 2460 5058 :
2484 5011 2529 5056 et
2556 5017 2666 5069 nos,
2706 5000 2899 5071 inquit,
2940 5015 3057 5054 cum
3082 5013 3303 5052 essemus
3333 4996 3557 5069 parvuli.

1965 5097 2101 5165 Quid
2131 5094 2383 5166 subsequi
2404 5093 2703 5149 debuerat?
2731 5092 2831 5147 sub
2857 5093 2973 5161 lege
2999 5090 3328 5146 vivebamus.
3360 5091 3429 5144 At
3453 5101 3560 5143 non

1968 5191 2070 5246 hoc
2112 5189 2422 5260 adjunctum
2472 5196 2585 5255 est;
2630 5188 2725 5244 sed
2768 5188 2858 5247 sub
2898 5188 3155 5244 elementis
3196 5184 3349 5257 hujus
3384 5182 3564 5241 mutuli

1964 5301 2171 5340 erarttus
2190 5284 2477 5340 seruientes.
2509 5282 2622 5339 Hoc
2640 5293 2731 5339 aut
2750 5283 2979 5340 alterum
3005 5288 3092 5340 est
3111 5296 3143 5336 a
3165 5277 3559 5351 superioribus,

2073 5550 2127 5692 1)
2152 5547 2354 5615 Quanto
2381 5557 2623 5617 tempore,
2648 5547 2700 5603 in
2725 5548 2890 5617 Vulg.

2073 5621 2106 5676 2
2165 5619 2315 5692 Vulg.
2341 5618 2430 5675 ed.
2460 5618 2649 5688 habet,
2676 5620 2890 5692 tutoribu

2072 5618 2127 5692 2)
2165 5619 2315 5691 Vulg.
2341 5618 2430 5675 ed.
2460 5618 2649 5688 habet,
2676 5620 2946 5674 tutoribus.

2076 5695 2129 5774 ἓξ)
2162 5688 2338 5774 _Hujus
2370 5707 2476 5746 non
2507 5692 2697 5774 lcg'i'tu‘r
2725 5690 2782 5745 in
2815 5689 2980 5774 Vulg..-

2077 5756 2134 5836 4)
2161 5756 2381 5836 Legitur
2410 5761 2548 5833 apud
2562 5756 2734 5831 'Vulg.
2761 5776 2776 5817 :
2800 5756 2865 5813 At
2896 5756 3009 5831 ubi,
3038 5767 3142 5817 etc.
