4018 6184
573 263 712 319 H75

1828 259 2022 316 mnu
2065 225 2403 316 Vlcromut
2444 259 2606 316 AFRI

3667 272 3683 324 l
3693 273 3756 327 l'lli

571 389 668 436 aut
713 379 779 434 ad
818 380 1097 450 superiora
1125 379 1204 453 (1)
1244 379 1459 452 pendet.
1507 377 1867 448 Qumrendum
1900 386 1986 432 est
2032 391 2166 446 quo-
2196 375 2248 435 Α
2275 391 2448 446 neque
2477 375 2679 431 mundo
2707 376 2930 441 serviat,
2974 377 3069 433 sed
3095 377 3314 432 domino
3338 377 3536 434 Christo
3561 384 3760 451 serviens,

571 471 738 528 modo
770 487 874 526 non
914 473 983 527 sit
1030 472 1284 526 alienum.
1329 471 1458 528 Sine
1503 471 1666 526 dubio
1713 470 1839 524 illud
1887 476 1970 524 est
2013 482 2172 536 supra

573 566 799 631 dictum,
829 564 971 634 quod
999 565 1322 636 quicumque
1355 565 1409 618 in
1432 563 1649 619 Christo
1681 563 1929 634 baptizati
1960 577 2169 627 sumus,

573 655 849 712 Christum
880 657 1178 713 induimus.
1209 657 1311 724 Qui
1340 669 1517 713 autem
1561 657 1834 713 induimus
1863 655 2169 722 Christum,

487 813 492 821 Α
573 765 749 821 neque
789 750 954 821 judrei
1002 767 1174 821 neque
1221 751 1384 822 graeci
1432 765 1638 806 sumus.
1689 749 1745 806 Si
1778 760 1958 803 autem
2000 763 2174 818 neque

574 842 736 914 graeci
787 857 962 913 neque
999 841 1162 912 judcei
1209 858 1395 897 sumus
1423 843 1510 913 qui
1559 841 1828 897 induimus
1863 839 2171 904 Christum,

573 937 684 1009 jam
724 953 832 992 non
883 937 1066 992 mundi
1118 938 1568 993 sumuszetenim
1617 935 1851 991 mundus
1903 934 2172 988 hominem

577 1039 704 1086 ante
743 1029 1032 1084 adventum
1057 1029 1254 1084 Christi
1286 1029 1632 1099 autjudaeum
1673 1027 1906 1082 habebat
1927 1035 2018 1081 aut
2039 1043 2175 1097 grae-

578 1137 722 1178 cum.
751 1121 848 1176 Vel
873 1121 1094 1176 .Iudazus
1133 1122 1218 1177 vel
1249 1121 1492 1185 Grzrcus,
1520 1120 1645 1174 dum
1671 1119 1876 1190 legibus
1907 1119 2020 1174 suis
2047 1133 2176 1189 age-

577 1221 688 1279 ret,
716 1211 818 1266 sub
865 1212 1148 1267 elementis
1196 1214 1378 1268 mundi
1425 1213 1532 1267 vita
1581 1211 1885 1280 gerebatur.
1937 1210 2177 1279 Namque

580 1315 668 1361 est
698 1303 779 1375 (2)
815 1304 953 1374 apud
980 1303 1197 1365 Iudaeos
1250 1305 1423 1374 puniri
1452 1303 1802 1372 sacrilegum,
1836 1302 2041 1367 furem,
2074 1301 2174 1356 fal-

582 1411 703 1450 sum
735 1404 924 1450 testem
946 1435 960 1459 ,
1004 1403 1057 1450 et
1083 1404 1296 1450 caetera.
1333 1395 1537 1450 Eodem
1590 1394 1750 1448 modo
1780 1402 1836 1449 et
1860 1394 1999 1464 apud
2029 1393 2180 1448 Grae-

582 1502 695 1554 cos,
719 1489 768 1543 id
793 1499 874 1543 est
903 1488 1041 1559 apud
1070 1503 1305 1560 paganos
1328 1487 1430 1560 (3),
1465 1489 1564 1543 ista
1593 1487 1797 1558 legibus
1825 1486 2178 1541 vindicaban-

585 1591 673 1636 tur
689 1591 744 1637 et
765 1581 1120 1636 vindicantur.
1147 1582 1423 1636 Elementa
1446 1596 1572 1636 vero
1592 1579 1774 1635 mundi
1801 1579 1957 1633 simul
1980 1577 2182 1633 habent

583 1687 768 1728 secum
791 1714 806 1738 ,
833 1683 888 1727 et
919 1682 1096 1727 motus
1134 1687 1282 1736 suos,
1306 1681 1359 1726 et
1388 1672 1540 1741 quasi
1570 1671 1827 1740 quasdam
1851 1684 1918 1725 ex
1946 1669 2180 1724 motibus

2277 469 2474 525 habeat
2515 469 2706 539 spiritu
2757 478 2974 540 regente
3021 470 3073 524 in
3125 470 3236 524 suis
3281 471 3480 527 actibus
3519 473 3760 532 libertatem.

2276 560 2522 630 Amplius
2545 560 2704 630 igitur
2730 576 2890 631 quam
2911 561 3228 630 sperabatur
3256 562 3454 616 illatum
3481 572 3570 627 est,
3596 574 3641 620 ut
3661 567 3762 622 intel-

2277 653 2507 724 ligerent
2536 653 2847 708 omnimodo
2896 653 3300 724 relinquendam
3349 654 3539 711 Galatze
3569 657 3766 730 Icgemju-

2277 748 2511 814 daicam,
2535 757 2695 819 atque
2717 749 2833 818 ejus
2863 759 3128 819 prmcepta
3157 758 3212 804 et
3236 750 3614 806 observationes
3632 764 3673 807 et
3686 770 3768 822 ope-

2278 855 2336 896 ra
2369 858 2380 892 :
2411 854 2531 893 cum
2563 839 2779 894 videant
2826 841 2988 896 ctiatn
3040 841 3222 895 mundi
3255 842 3418 912 ipsius
3445 853 3588 911 atque
3607 843 3771 898 elemen-

2278 945 2457 992 torum
2483 937 2654 1007 legem
2680 951 2800 992 esse
2823 937 3160 1001 subversam,
3195 953 3291 991 nec
3314 938 3488 993 valere
3510 937 3596 993 sub
3610 937 3772 1006 Christo,

2279 1039 2334 1087 et
2363 1030 2729 1086 conversionis
2761 1029 3046 1084 mundana:
3084 1030 3190 1084 vim
3221 1031 3428 1100 penitus
3457 1029 3622 1084 everti.

2349 1121 2514 1176 VEns.
2546 1123 2599 1176 4.
2640 1118 2860 1174 -—Cum
2906 1131 3072 1174 autent
3117 1121 3247 1174 venit
3289 1121 3541 1189 plenitudo
3579 1125 3771 1191 tempatis,

2277 1212 2412 1265 misit
2453 1210 2591 1266 Deus
2617 1212 2781 1279 ﬁlium
2809 1228 2957 1265 suum
2985 1211 3177 1264 editum
3203 1227 3264 1266 ex
3309 1213 3511 1282 ﬂemina
3543 1210 3628 1282 (l).
3668 1211 3716 1267 Ut
3746 1216 3776 1265 in

2278 1304 2440 1360 rebus
2468 1314 2550 1359 est
2590 1304 2884 1374 plenitudo,
2925 1307 2995 1359 ita
3037 1312 3092 1359 et
3133 1304 3185 1358 in
3229 1304 3673 1372 temporibuszest
3690 1307 3776 1360 enim

2279 1397 2556 1470 plenitudo
2588 1412 2682 1451 sua
2712 1397 2990 1468 cujusque.
3038 1397 3298 1452 Omnibus
3345 1397 3600 1451 abundant
3621 1409 3662 1452 et
3684 1399 3778 1466 plen:

2281 1498 2335 1546 et
2379 1489 2596 1561 cepiosa
2647 1487 2903 1560 perfectio
2958 1504 3138 1543 rerum
3197 1488 3566 1559 plenitutloque
3613 1488 3779 1544 Christus

2281 1593 2362 1639 est
2411 1601 2424 1637 :
2471 1591 2770 1651 temporum
2828 1581 3101 1650 plenitudo
3173 1580 3554 1636 consummatio
3589 1589 3658 1636 est
3690 1581 3781 1634 libe-

2280 1674 2524 1729 rationis.
2562 1672 3022 1741 Quemadmodum
3067 1681 3244 1726 autem
3283 1672 3555 1738 Christus,
3583 1682 3630 1726 ut
3671 1673 3781 1742 pleni-

582 1765 969 1828 necessitates;
1002 1772 1059 1818 ut
1105 1764 1157 1818 in
1202 1762 1501 1827 sideribus,
1551 1777 1776 1832 quorum
1823 1761 2178 1816 conversione
2210 1772 2255 1831 Β
2285 1767 2412 1822 tudo
2442 1775 2565 1836 ,tota
2607 1769 2678 1822 sit
2707 1775 2762 1822 et
2791 1767 3055 1836 perfecm,
3099 1766 3300 1836 colligit
3345 1767 3573 1821 membra
3611 1783 3701 1836 quzn
3721 1767 3784 1819 dig.

584 1856 866 1910 hominum
912 1857 1018 1910 vita
1065 1855 1151 1910 vel
1211 1854 1262 1908 in
1316 1853 1687 1909 necessitatem
1744 1853 2077 1908 duciturzet
2105 1854 2184 1907 sic

582 1949 826 2006 serviunt
864 1948 1147 2003 elementis
1192 1947 1470 2013 homines,
1511 1956 1572 2001 ut
1613 1955 1756 2001 astra
1802 1947 2095 2016 jusserint,
2128 1954 2186 2000 ut

584 2041 773 2097 mundi
821 2056 1012 2096 cursus
1043 2042 1384 2112 imperaverit
1413 2039 1490 2113 (4)
1516 2055 1530 2096 :
1553 2041 1745 2110 quibus
1774 2039 2027 2094 omnibus
2070 2040 2182 2093 sol-

585 2136 751 2202 vitur,
787 2136 1028 2206 quisquis
1059 2136 1110 2190 in
1155 2135 1424 2190 Christum
1455 2133 1617 2189 ﬁdem
1650 2133 1854 2188 habens
1901 2133 2180 2188 dominum

585 2228 714 2282 vita:
762 2241 872 2282 sum
911 2243 942 2282 a
983 2225 1198 2282 Christo
1247 2227 1492 2297 spiritum
1537 2225 1833 2296 acceperit,
1878 2233 1937 2278 ut
1964 2238 2183 2278 omnem

589 2319 777 2376 mundi
809 2321 1182 2376 necessitatem
1204 2362 1220 2388 ,
1246 2317 1608 2390 elementique
1635 2321 1741 2373 vim
1770 2317 1936 2388 fugiat
1956 2325 2013 2373 et
2032 2316 2184 2382 vitet,

660 2438 749 2500 (l)
779 2437 854 2491 Ita
879 2436 1039 2492 codd.

665 2438 749 2505 Η)
779 2438 854 2491 Ita
879 2438 1039 2492 codd.

665 2507 743 2578 (ἓ)
775 2508 848 2562 Ita
878 2508 1035 2561 codd.
1062 2505 1295 2561 Verbum
1322 2513 1501 2561 autem
1544 2515 1620 2578 est
1646 2506 1784 2574 regit
1804 2506 1862 2562 τὸ
1884 2504 2191 2578 puniri._Sic

593 2575 907 2633 Victorinus
935 2580 1096 2632 etiam
1131 2578 1181 2630 in
1227 2577 1486 2644 opusculo
1529 2575 1676 2630 edito
1719 2586 1909 2630 contra
1955 2575 2187 2630 Manich.

597 2663 719 2718 cap.
745 2648 780 2701 2
805 2667 813 2697 :
835 2651 956 2702 inde
982 2649 1116 2702 enim
1141 2657 1214 2702 est
1237 2647 1441 2702 Christo
1469 2647 1652 2700 habere
1682 2663 1905 2701 carnem.

662 2717 744 2792 ('5)
771 2718 862 2775 Sic
883 2719 1191 2774 Victorinus
1218 2718 1286 2774 de
1311 2719 1566 2790 ὁμοουσίῳ
1595 2718 1763 2790 recip.
1792 2734 1910 2789 cap.
1937 2720 1962 2774 1
1990 2736 2002 2773 :
2027 2717 2194 2773 (ἐνωεὶ

592 2807 732 2862 quos
751 2807 982 2862 paganos
1009 2799 1208 2844 vocant.

665 2860 912 2932 (t)‘C’um
943 2861 1074 2916 dicit
1102 2862 1348 2916 ethnicos
1387 2861 1454 2914 ah
1497 2860 1659 2916 astris
1697 2861 1841 2931 regi,
1869 2862 2193 2917 christianos

594 2948 958 3002 nequaquam,
993 2933 1232 2986 uundum
1265 2947 1478 2986 omnem
1510 2933 1948 3000 superstitionem
1981 2935 2195 2987 exuisse

592 3003 806 3059 videtur
834 3003 1140 3059 Victorinus
1165 3020 1178 3055 :
1205 3019 1304 3058 nec
1326 3005 1520 3057 mirum
1543 3020 1557 3069 ;
1588 3019 1710 3057 nam
1757 3012 1945 3058 contra
1973 3005 2197 3063 geneth-

591 3075 1062 3146 liacosiscribebat
1103 3073 1278 3146 adhuc
1321 3074 1534 3129 Nicetas
1562 3075 1923 3144 Aqiiilciensis
1958 3075 2194 3146 (centum

2287 1873 2439 1929 persa
2481 1867 2625 1922 sunt,
2669 1867 2724 1913 et
2751 1857 2980 1912 efficitur
3022 1857 3328 1928 plenitudo;
3361 1858 3434 1912 ita
3483 1857 3648 1912 eodem
3687 1858 3784 1911 modo

2285 1962 2341 2008 et
2380 1963 2679 2024 temporum
2722 1953 3002 2023 plenitudo
3036 1965 3159 2009 tunc
3193 1953 3381 2010 effecta
3405 1995 3420 2020 ,
3447 1969 3561 2011 cum
3590 1956 3784 2007 maturatis

2287 2048 2352 2102 ad
2383 2046 2538 2102 fidem
2571 2048 2841 2110 omnibus,
2871 2059 2926 2103 et
2955 2049 3189 2118 peccatis
3218 2063 3391 2118 usque
3420 2047 3484 2101 ad
3525 2061 3695 2103 summa
3717 2062 3786 2098 sur-

2287 2140 2571 2212 gentibus,
2613 2139 2878 2196 medicina
2929 2143 3238 2196 necessario
3289 2141 3358 2196 ad
3403 2157 3573 2196 rerum
3621 2141 3782 2194 omnium

2290 2244 2517 2288 mortem
2565 2233 2904 2303 quaerebatur
2927 2253 2940 2289 :
2967 2235 3111 2290 unde
3159 2235 3414 2289 subvenit
3440 2232 3674 2299 Christus,
3697 2243 3780 2288 tem-

2290 2339 2480 2394 porum
2534 2325 2867 2395 plenitudine
2911 2325 3167 2396 perfecta.
3218 2327 3527 2398 Diciturque
3567 2326 3680 2397 quod
3702 2326 3788 2379 misit

2291 2421 2563 2478 Christum
2596 2439 2751 2478 suum
2775 2441 2789 2477 :
2814 2440 2992 2488 suum,
3023 2425 3262 2496 inquam,
3288 2433 3416 2480 ante
3439 2439 3586 2496 quam
3611 2424 3786 2485 mitteret,

2293 2516 2679 2587 intelligamus,
2702 2526 2824 2586 post
2851 2527 3028 2572 autem
3053 2520 3243 2573 editum
3270 2535 3335 2573 ea:
3361 2520 3578 2588 faemina.
3603 2517 3685 2572 Sed
3705 2517 3791 2569 misit

2295 2608 2461 2663 filium
2495 2625 2670 2673 suum,
2701 2610 2751 2664 id
2773 2619 2855 2664 est
2883 2611 2969 2680 qui
2999 2611 3097 2665 sibi
3131 2610 3294 2666 fuerit
3323 2611 3493 2666 filius:
3519 2610 3643 2664 misit
3663 2618 3788 2662 autem.

2294 2701 2578 2768 Quomodo
2603 2701 2783 2756 misit?
2805 2703 2994 2755 editum
3027 2719 3089 2758 ea:
3110 2703 3340 2772 fwmina.
3359 2701 3449 2758 Sic
3474 2704 3602 2758 enim
3623 2700 3792 2772 mysterio
3866 2721 3867 2768 1

2298 2806 2396 2847 suo
2443 2790 2688 2847 Christus
2737 2793 2828 2847 Dei
2881 2792 3023 2848 filius
3072 2793 3323 2849 subvenit
3367 2793 3579 2860 mundo,
3622 2791 3794 2859 nobisque

2298 2885 2549 2940 onmihus
2579 2903 2592 2940 :
2625 2900 2721 2939 nos
2746 2885 2889 2940 enim
2923 2885 3153 2940 mundus
3182 2901 3396 2940 sumus.
3431 2884 3556 2940 Cum
3583 2893 3628 2940 et
3651 2885 3731 2952 ipse
3749 2883 3794 2934 in-

2299 2976 2474 3032 duens
2493 2992 2736 3042 carnem,
2755 2977 2804 3030 id
2833 2986 2914 3030 est
2936 2976 3114 3033 editus
3142 2993 3207 3032 ex
3237 2977 3460 3042 femina,
3489 2977 3645 3032 omnia
3666 2989 3746 3043 qua
3765 2974 3793 3024 in

2301 3069 2559 3141 mysterio
2588 3069 2792 3139 agenda
2825 3068 3032 3124 fuerant
3061 3069 3383 3139 compleret,
3405 3069 3454 3124 id
3485 3077 3562 3124 est
3588 3078 3635 3122 ut
3661 3065 3794 3120 videre

635 3145 1076 3231 Qit‘VlCl‘WiH'lﬁ"
1100 3143 1435 3226 allllisllesm
1464 3143 1763 3231 (ὶρῐξηῖιάίοι
1785 3161 1903 3231 EW-
1932 3143 2023 3210 9-2.
2052 3145 2192 3216 (ιυοά
2222 3153 2267 3217 C
2303 3171 2408 3228 tur,
2434 3171 2489 3217 et
2525 3161 2819 3228 audiretur,
2863 3169 2918 3215 et
2945 3171 3238 3231 pateretur,
3280 3173 3338 3217 et
3386 3169 3674 3224 moreretur,
3695 3167 3732 3212 et
3748 3171 3796 3208 re-

647 3217 797 3271 icetre
825 3215 1142 3287 opuanlum
1189 3217 1446 3270 amissum
1487 3216 1750 3287 dolemus.
1795 3218 1904 3286 Ego
1931 3233 2058 3271 vero
2074 3215 2194 3271 me.

596 3289 730 3344 mini
760 3304 845 3342 me
867 3286 924 3341 in
957 3288 1310 3342 Ambrosiana
1357 3286 1675 3343 bibliotheca
1706 3287 1834 3342 olim
1867 3288 2047 3358 legere
2071 3303 2194 3357 per-

597 3368 866 3413 vetustum
911 3357 1150 3413 codicem
1199 3359 1305 3429 (Μ.
1349 3359 1438 3412 77.
1471 3359 1544 3428 pl.
1577 3357 1732 3429 sup.)
1773 3360 1858 3413 cui
1890 3357 1999 3414 tres
2029 3373 2196 3413 mem-

599 3430 805 3495 branze,
837 3430 1186 3499 integumenti
1238 3430 1510 3484 interioris
1555 3444 1739 3495 causa,
1779 3429 1972 3483 additae
2017 3439 2192 3486 erant.

601 3499 662 3554 In
691 3500 773 3554 his
800 3509 978 3556 autem
1009 3500 1336 3556 membranis
1383 3501 1642 3570 scriptura
1687 3500 2056 3568 antiquissima
2086 3517 2198 3555 ma-

595 3571 839 3642 jorisque
881 3573 1079 3628 moduli
1118 3573 1329 3635 inerat;
1362 3573 1454 3627 sed
1505 3571 1702 3640 passim
1756 3571 2085 3640 palimpsesti
2123 3572 2197 3626 fa-

601 3643 782 3698 ciendi
812 3647 980 3713 gratia
1011 3645 1223 3712 scalpro
1269 3659 1442 3706 erasa,
1467 3643 1537 3696 ita
1572 3653 1625 3696 ut
1677 3644 1826 3711 pauci
1873 3658 2060 3698 versus
2099 3659 2198 3698 nec

602 3713 722 3784 sine
769 3714 973 3768 lacunis
1003 3730 1030 3765 a
1061 3730 1147 3769 me
1195 3717 1463 3784 potuerint
1507 3713 1758 3768 exscribi.
1810 3713 1906 3767 Est
1935 3725 2111 3768 autem
2143 3715 2195 3768 in

604 3782 692 3855 his
715 3784 951 3855 invectio
995 3782 1588 3854 contra‘genethliacos
1626 3796 1787 3855 atque
1823 3787 1939 3854 ejus
1985 3785 2199 3855 generis

605 3851 875 3926 hariolos;
900 3871 1018 3923 quae
1047 3851 1276 3908 invectio
1305 3866 1481 3910 utrum
1513 3873 1576 3909 cx
1608 3851 1925 3926 cognitisstn
1957 3851 2020 3910 ei
2050 3857 2200 3910 inco-

604 3925 768 3994 gnitis
811 3924 1025 3980 Patrum
1070 3926 1282 3993 scriptis
1307 3927 1396 3987 sit.
1437 3924 1700 3996 vestigare
1733 3943 1834 3981 non
1867 3937 1950 3982 est
1989 3929 2155 3981 otium
2179 3971 2192 3991 ,

603 3996 904 4064 praesertim
961 3997 1082 4066 quia
1133 3996 1489 4068 fragmentum
1542 3999 1884 4065 perexiguum
1939 3999 2199 4068 hiansque

605 4076 709 4120 est.
743 4067 830 4124 Sic
867 4078 1044 4124 autem
1073 4067 1198 4121 olim
1229 4067 1586 4135 legebam.....
1631 4087 1648 4119 ι
1685 4072 1775 4138 qui
1807 4070 1998 4138 cuique
2025 4085 2054 4124 e
2078 4067 2200 4123 nas-

607 4139 854 4194 ccnlibtts
874 4182 889 4203 ,
931 4140 1013 4194 vel
1043 4140 1312 4209 quomodo
1343 4138 1537 4194 divina:
1571 4139 1916 4207 providentia‘
1944 4139 2202 4195 adminis—

608 4211 790 4262 tratio.
817 4210 961 4265 Multi
987 4211 1150 4264 multa
1176 4209 1421 4265 humanis
1443 4211 1837 4279 suspicionibus
1861 4211 2198 4266 tribuendum

608 4291 930 4334 censuerunt.
960 4282 1100 4344 Ergo
1132 4281 1431 4349 conjectata
1459 4281 1766 4335 Iitteris.....
1792 4283 1949 4336 simul
1979 4281 2200 4338 fulmine

607 4350 808 4419 aliquid
842 4353 1205 4420 percutiatur:
1237 4367 1359 4421 qua:
1401 4354 1705 4407 communia
1757 4361 1957 4407 tantum
1991 4355 2196 4416 valent,

605 4429 867 4492 quantum
929 4424 1343 4494 praesumptione
1387 4423 1919 4494 animorum,qnasi
1973 4424 2199 4494 quadam

607 4495 880 4565 communi
922 4493 1103 4564 lingua
1133 4509 1253 4547 cum
1282 4493 1764 4565 (devinationibus)
1797 4493 2030 4550 federat’a
2055 4505 2198 4550 sunt.

608 4563 739 4631 Qua:
769 4573 947 4621 tamen
982 4563 1136 4634 plena
1177 4563 1303 4619 sunt
1344 4566 1522 4619 omnia
1556 4563 1820 4631 pestilerw
1857 4567 2200 4632 curiositatis,

609 4636 902 4690 crnciantis
946 4636 1323 4692 sollicitudinis
1350 4677 1364 4701 ,
1406 4635 1697 4691 mortiferae
1745 4637 2040 4691 servitutis.
2091 4639 2204 4692 Non

609 4705 754 4779 enim
818 4709 940 4776 quia
997 4712 1183 4779 (certa
1217 4751 1231 4775 ,
1277 4707 1442 4776 ideo)
1485 4707 1890 4771 animadversa;
1946 4709 2040 4762 sed
2089 4711 2205 4762 ani-

611 4776 1203 4850 madvertendo‘atque
1258 4779 1519 4850 signando
1567 4780 1762 4833 factum
1820 4789 1902 4834 est
1944 4790 1999 4833 ut
2061 4782 2208 4834 vale-

611 4855 753 4925 rent.
789 4848 851 4925 Et
893 4849 1014 4904 ideo
1043 4848 1270 4905 diversis
1299 4848 1509 4925 diversa
1539 4851 1885 4925 proveniunt,
1911 4850 2206 4925 secundum

611 4918 960 4991 cogitationes
1001 4928 1056 4974 et
1114 4918 1560 4991 prmsumptiones
1604 4936 1748 4976 suas.
1791 4921 1868 4976 Illi
1917 4923 2058 4976 enim
2110 4923 2208 4989 ipsi

611 4989 702 5056 qui
725 4987 972 5070 decipere
1012 4987 1219 5057 volunt,
1242 4987 1368 5070 talia
1392 5003 1694 5070 przecurant
1719 4994 1930 5070 cuique,
1964 4987 2211 5070 qualibus

613 5073 738 5132 eum
784 5063 1047 5132 irretitum
1079 5077 1170 5129 per
1224 5063 1558 5129 sustiiciones
1590 5074 1642 5116 et
1669 5066 2052 5118 conscusiones
2094 5065 2210 5132 ejus

613 5128 820 5204 vident.
848 5127 1020 5204 _Sicut
1065 5127 1206 5185 enim
1254 5127 1406 5188 verbi
1449 5135 1618 5201 gratia
1649 5152 1749 5188 una
1781 5136 1948 5204 figura
1986 5133 2035 5188 Χ
2068 5127 2209 5204 ,ειῖιω

617 5199 923 5275 decusatim
979 5208 1211 5275 ttOtatur,
1267 5203 1394 5256 aliut
1448 5199 1578 5270 aput
1620 5199 1858 5275 Graecos,
1907 5206 2031 5258 aliut
2070 5199 2210 5275 aput

615 5271 842 5345 Latinos
869 5269 1144 5344 (dettOtet)
1169 5287 1271 5325 non
1314 5269 1524 5338 natura,
1547 5274 1641 5328 sed
1672 5269 1866 5344 placito
1906 5269 2211 5345 significan-

617 5343 789 5398 di.....
824 5343 1082 5415 Linguam
1109 5357 1320 5415 quoque
1366 5347 1565 5415 noverit
1593 5343 1681 5414 qui
1709 5343 1981 5415 augurium
2011 5348 2202 5414 prodit,

617 5415 665 5468 si
698 5414 897 5468 homini
928 5428 1104 5485 graeco
1136 5414 1282 5485 _velit
1309 5414 1508 5484 aliquid
1559 5414 1972 5485 significare.....
2001 5415 2116 5471 Non
2151 5419 2202 5472 in

621 5499 740 5538 eam
787 5482 952 5539 enim'
981 5482 1424 5555 significationem
1483 5482 1630 5553 ponit
1653 5525 1669 5552 ,
1699 5501 1819 5541 cum
1855 5488 2200 5543 hominis.....

621 5569 732 5608 uno
755 5556 942 5610 eodem
965 5554 1100 5611 sono
1125 5563 1254 5623 aput
1278 5554 1493 5610 Gra-cos
1520 5555 1715 5621 littera,
1743 5567 1870 5623 aput
1894 5558 2200 5615 Latinos...

622 5623 790 5698 Iuliis
819 5627 1024 5698 duabus
1061 5627 1282 5698 syllabis
1309 5626 1437 5680 aliut
1465 5625 1684 5698 Graacus
1714 5628 1844 5681 aliut
1870 5629 2092 5682 Latinus
2122 5631 2206 5686 in-

623 5695 830 5769 telligit.
856 5696 1004 5751 Sicut
1028 5695 1156 5766 ergo
1179 5699 1260 5753 ha:
1287 5712 1477 5754 omnes
1505 5697 1939 5768 signiﬁcationes,
1965 5713 2062 5769 pro
2092 5714 2202 5757 sua:

621 5766 883 5841 cujusque
927 5769 1198 5830 societatis
1250 5766 1605 5831 consensione
1655 5770 1866 5832 animos
1915 5766 2197 5844 movente,

2299 3263 2545 3325 surgeret
2587 3271 2598 3307 :
2644 3254 2763 3308 ideo
2817 3254 2961 3308 misit
2994 3253 3184 3307 editum
3232 3270 3298 3307 ea:
3347 3246 3796 3324 fw:nina;eum,qni

2301 3362 2428 3402 suns
2471 3349 2610 3402 filius
2639 3348 2850 3411 fuisset,
2875 3348 3068 3401 editum
3096 3364 3158 3402 ex
3186 3347 3421 3417 foentiua.
3447 3347 3649 3416 Quidam
3673 3345 3724 3398 ita
3751 3341 3796 3394 di-

2300 3450 2451 3505 cunt,
2492 3441 2682 3495 editum
2709 3455 2772 3494 ex
2802 3439 3010 3492 muliere
3034 3455 3052 3492 :
3075 3448 3129 3494 et
3155 3438 3362 3495 habent
3403 3439 3517 3510 ipsi,
3550 3447 3725 3509 propter
3749 3449 3798 3499 pe

2299 3534 2460 3588 situm
2486 3547 2512 3585 a
2545 3546 2605 3586 se
2631 3530 2880 3598 verbum,
2909 3531 3259 3600 quaestionem
3283 3549 3298 3596 ;
3326 3547 3448 3586 cum
3479 3532 3612 3598 virgo
3633 3525 3801 3581 llariasit

2303 3628 2383 3682 vel
2419 3626 2575 3682 fuerit
2605 3626 2706 3696 (2),
2731 3641 2896 3694 quare
2923 3624 3120 3681 dixerit
3145 3625 3340 3678 editum
3365 3643 3428 3680 ex
3449 3623 3672 3678 muliere?
3692 3620 3801 3672 luusu

2300 3717 2554 3788 loquendi
2601 3715 2872 3771 fmminam
2904 3716 3154 3781 dicimus,
3177 3716 3322 3786 quod
3349 3716 3518 3772 Gra‘ci
3543 3720 3651 3788 γυνή
3670 3711 3799 3765 dicunt.

2301 3811 2507 3865 Deinde
2536 3825 2600 3864 ex
2631 3825 2696 3864 eo
2723 3809 2864 3878 quod
2909 3807 3136 3864 ediderit
3182 3806 3482 3874 Christum,
3519 3823 3606 3862 cur
3631 3819 3710 3858 noa
3734 3815 3801 3854 mu-

2301 3902 2486 3957 lierem
2511 3899 2958 3956 diceret?0muis
2983 3901 3127 3955 enim
3151 3899 3370 3956 fcemina
3399 3915 3515 3972 ane
3535 3899 3632 3953 edit
3655 3889 3800 3962 aliquid.

2302 3996 2498 4050 mulier
2524 3995 2719 4050 dicitur
2749 4011 2762 4044 :
2789 3995 2961 4048 virtus
3012 4003 3189 4049 autem
3224 3994 3466 4066 mysterii
3499 4002 3758 4062 quamquam
3776 3992 3803 4034 rt

2303 4087 2512 4142 occulta
2553 4095 2608 4141 et
2649 4095 2834 4141 sancta
2877 4086 2976 4150 sit,
3025 4095 3202 4140 tamen
3242 4095 3302 4139 ut
3352 4086 3558 4140 interim
3586 4083 3630 4136 in
3657 4077 3803 4133 transitu

2302 4182 2516 4251 agnosci
2549 4180 2738 4249 possit,
2770 4179 2847 4233 sic
2876 4176 3200 4232 attendeuda
3245 4187 3365 4242 est,
3409 4176 3546 4248 quod
3571 4173 3715 4228 omnia
3733 4181 3803 4238 quit

2304 4271 2536 4342 perfecta
2568 4279 2728 4336 sunt,
2768 4269 2850 4323 vir
2894 4269 3176 4335 dicuntur;
3203 4269 3384 4324 omnia
3417 4283 3532 4340 qua:
3565 4261 3802 4335 imperlecll.

2305 4363 2544 4420 foeiuina.
2567 4363 2804 4428 Denique
2826 4378 2946 4416 cum
2981 4361 3231 4432 perfectis
3256 4361 3506 4417 omnibus
3528 4352 3804 4415 sanctificata»

2305 4472 2409 4526 que
2433 4465 2488 4510 et
2518 4454 2828 4525 justilicatis
2847 4469 3171 4509 concurrere
3198 4454 3249 4507 in
3277 4455 3448 4507 virum
3477 4451 3730 4522 reperimus
3745 4441 3802 4510 (3)-

2230 4549 2284 4609 D
2309 4549 2397 4604 Sic
2417 4549 2558 4604 enim
2583 4548 2782 4603 dictum
2807 4561 2928 4603 esse
2949 4544 3028 4620 (4)
3053 4544 3275 4616 intelligi
3307 4546 3434 4601 licet
3461 4564 3474 4601 :
3503 4559 3612 4600 cum
3633 4535 3804 4596 mundus.

2311 4706 2524 4762 diverse
2567 4713 2818 4770 movent;
2853 4719 2952 4758 nec
3003 4705 3123 4758 ideo
3163 4710 3550 4758 consenserunt
3577 4700 3622 4755 in
3659 4691 3805 4772 easint-

2315 4781 2508 4841 mincs,
2534 4779 2652 4846 quia
2672 4777 2782 4846 jam
2807 4763 3053 4830 valebant
3072 4774 3138 4830 ad
3164 4774 3621 4845 signifiCationem.
3647 4763 3808 4847 seditlt‘o

2313 4851 2495 4904 valent
2537 4849 2779 4917 quia.....
2822 4848 3182 4915 quzcdam.....
3228 4847 3554 4900 daemonibus
3581 4850 3733 4917 parum
3761 4848 3809 4917 ιιξ-

2317 4901 2776 4976 ventare'ferenda
2805 4901 3012 4988 cnpidis
3053 4919 3437 4972 malorum.....
3461 4901 3716 4988 secundum
3739 4901 3810 4988 pul-

2315 4989 2642 5046 cherrimum
2691 4979 2932 5044 ordinem
2989 4989 3453 5058 providentiar...“
3482 4984 3646 5056 generi
3681 4979 3807 5032 huma-

2314 5079 2499 5118 no.....
2533 5063 2724 5130 quibus
2753 5060 3058 5128 impietatis,
3090 5059 3479 5114 curiositatis...
3519 5075 3538 5109 i

2387 5115 2471 5200 “)7
2492 5115 2599 5188 Pio
2652 5115 2861 5185 Editur}:
2889 5147 2952 5185 ea:
2977 5115 3216 5202 femina,
3245 5130 3438 5202 legitur
3462 5130 3513 5184 in
3545 5125 3694 5194 Vulg,
3716 5115 3806 5172 Fat-

2315 5215 2429 5276 tunt
2448 5221 2518 5276 ea;
2528 5204 2768 5276 _muliere.
3054 5273 3064 5276 Α
3173 5272 3205 5276 __
3391 5271 3417 5276 _
3641 5265 3651 5276 .

2384 5251 2786 5356 (Qj‘v’iijir’b'e't
2814 5288 2918 5356 non
2946 5279 3030 5329 est
3054 5272 3346 5356 insolitum.
3379 5251 3807 5356 Caeteroquinntlllf

2317 5341 2539 5413 Deipara
2604 5361 2709 5399 non
2763 5345 2934 5398 solum
3011 5355 3137 5398 ante
3183 5343 3385 5398 editum
3441 5342 3644 5413 Jesutn,
3682 5341 3805 5413 ῖςΐιξφ

2310 5397 2497 5472 uitia”
2516 5397 2705 5486 postea
2726 5456 2741 5482 ,
2792 5397 3075 5484 perpetua
3096 5397 3259 5486 virgo
3271 5397 3424 5486 fuerit
3451 5397 3666 5486 absoluta

2310 5487 2404 5543 sia:
2457 5478 2735 5541 catholicae
2774 5478 3062 5540 auctoritas
3101 5478 3208 5540 est:
3247 5485 3595 5556 Virginitatem
3625 5478 3806 5556 _Deipgffc

2310 5540 2627 5684 inigioravit
2670 5557 2972 5612 Victorinus
3021 5559 3183 5614 etiam
3213 5558 3267 5614 in
3297 5540 3488 5613 comm.
3515 5551 3575 5608 ad
3599 5540 3804 5605 rhetor.

2310 5645 2347 5684 ι.
2447 5672 2460 5684 .

2307 5645 2347 5700 ι,
2370 5633 2460 5685 to.

2383 5703 2460 5770 (ὅ)
2496 5701 2573 5754 Ad
2603 5700 2740 5769 Eph.
2770 5700 2956 5768 ιν,15.

2377 5772 2456 5844 (4)
2491 5771 2660 5831 Codd.
2693 5779 2786 5828 est.
