4018 6184
210 309 351 367 ΗΠ

1076 304 1142 362 ΙΝ
1181 301 1576 360 EPISTOIAM
1625 300 1833 359 PAULI
1871 301 1964 358 AD
2002 302 2325 361 GALATAS
2364 304 2571 361 LIBER
2607 305 2674 363 Il.

3361 309 3500 367 H78

207 423 291 479 vel
336 435 434 478 nos
480 422 536 477 in
571 422 691 492 ipso
730 421 931 477 mundo
961 420 1154 492 positi,
1198 434 1303 473 non
1333 416 1796 490 perfectissimus,
1826 419 1882 480 Α
1904 417 2073 474 lactus
2101 419 2171 475 sit
2200 421 2300 476 sub
2321 421 2459 493 lege,
2503 434 2557 476 ut
2585 440 2669 478 eos
2698 425 2785 495 qui
2824 425 2916 481 sub
2957 426 3067 498 lege
3096 437 3262 496 erant,
3291 429 3509 484 redime-

204 515 548 574 l'teminarum
577 514 737 569 modo
757 522 812 569 et
838 513 1122 568 mulierum
1150 511 1414 581 exigimus
1432 511 1617 563 vitam.

278 609 349 666 Ut
369 610 531 680 igitur
549 606 796 663 Christus
818 607 1043 661 salutem
1067 605 1222 659 nobis
1245 612 1508 675 prmstans
1550 601 1637 657 vel
1662 616 1800 670 prac-

206 711 446 761 staturus
465 701 620 776 (l)ad
645 718 741 759 nos
768 701 996 767 veniret,
1022 708 1177 754 natus
1198 706 1364 755 estex
1389 696 1625 763 hemina,
1647 694 1699 749 id
1722 702 1803 749 est

207 797 419 867 accepit
444 805 499 853 et
521 796 664 851 illam
690 805 921 867 partem,
962 810 1082 864 qua:
1121 792 1492 864 imperfectum
1528 806 1649 845 eum
1682 787 1803 844 red-

207 888 383 954 deret,
406 896 461 943 et
480 880 757 943 uobiscum
780 901 842 943 se
864 899 1046 957 parem
1070 884 1290 951 laceret,
1306 882 1357 938 id
1375 891 1457 938 est
1478 882 1559 935 vel
1583 894 1799 935 carnem

206 980 297 1036 vel
342 979 595 1034 mundum
619 996 633 1044 ;
658 979 717 1034 in
748 993 855 1048 quo
901 976 1104 1032 mundo
1140 976 1223 1032 vel
1272 976 1325 1030 in
1356 990 1459 1046 qua
1486 988 1649 1029 carne
1678 988 1800 1028 cum

209 1079 354 1129 esset
373 1071 758 1141 editus,utique
786 1084 851 1126 ex
881 1067 1188 1130 loemina,id
1209 1075 1292 1122 est
1317 1082 1383 1121 ex
1415 1082 1521 1120 non
1552 1062 1803 1135 perlectis

172 1156 467 1235 'mysterio
494 1162 786 1232 completo,
826 1158 1190 1217 sanetilicatus
1231 1160 1392 1213 etiam
1435 1167 1555 1229 post
1596 1156 1803 1228 passio-

209 1272 335 1313 nem
363 1264 419 1311 et
446 1264 568 1327 post
595 1256 1042 1311 resurrectionem
1074 1255 1157 1309 vir
1185 1252 1441 1318 ellectus,
1475 1253 1525 1307 id
1565 1261 1648 1307 est
1680 1266 1801 1321 per-

210 1347 409 1404 lectum
451 1348 700 1419 spiritum
733 1347 938 1402 habens
968 1355 1129 1416 atque
1168 1345 1458 1416 recipiens,
1490 1342 1800 1398 similitudi-

208 1457 334 1499 nem
366 1441 523 1496 nobis
560 1439 734 1505 daret,
764 1450 819 1495 ut
846 1449 900 1495 et
937 1453 1036 1495 nos
1081 1439 1135 1493 in
1160 1437 1329 1493 virum
1356 1449 1804 1507 consurgeremus

208 1549 277 1592 ex
307 1534 549 1601 ltemina,
581 1534 630 1588 id
659 1544 741 1588 est
770 1548 835 1590 ex
870 1532 969 1587 hac
991 1532 1119 1598 vita,
1145 1546 1264 1602 qua:
1284 1547 1403 1586 cum
1426 1538 1674 1600 corrupta
1696 1539 1799 1596 est,

210 1628 405 1684 merito
444 1628 523 1681 vel
556 1626 770 1683 lmmina
799 1625 879 1681 vel
914 1624 1106 1680 mulier
1136 1624 1461 1679 nominatur.
1497 1622 1630 1678 Hinc
1659 1621 1801 1677 enim

207 1721 407 1778 malum
430 1737 495 1777 ex
526 1720 742 1778 lamina
760 1739 772 1774 :
791 1735 913 1775 nam
934 1728 987 1775 ct
1013 1720 1064 1774 in
1092 1719 1264 1789 primo
1290 1717 1509 1773 homine
1536 1732 1639 1772 non
1674 1732 1801 1787 pee-

204 1824 383 1872 catum
409 1814 509 1869 nisi
533 1829 599 1869 ex
622 1812 861 1869 lamina.

1902 521 2018 579 ret,
2051 524 2107 567 ut
2139 512 2365 581 ﬁliorum
2391 517 2720 586 adoptionem
2746 518 3103 588 reciperemus.
3137 519 3283 588 Haec,
3310 520 3504 592 inquit,

1903 620 2063 662 causa
2087 617 2171 663 est
2194 622 2290 663 cur
2319 608 2458 664 Deus
2489 610 2630 665 misit
2660 610 2826 666 lilium
2854 628 3045 679 suum,
3072 623 3124 668 et
3152 616 3299 669 misit
3324 616 3506 685 utique

1898 697 2010 769 jam
2044 698 2232 767 lilitun,
2272 699 2365 755 sed
2410 716 2553 758 nunc
2575 702 2763 758 editum
2788 721 2851 760 ea:
2869 704 3194 775 [deminuet
3221 708 3361 762 misit
3398 706 3507 763 lac-

1907 798 2016 846 tum
2043 791 2143 847 sub
2178 791 2315 861 lege.
2344 791 2474 860 Quae
2494 808 2651 849 causa
2680 803 2764 850 est
2792 811 2886 852 cur
2908 798 3008 853 sub
3040 799 3191 870 lege?
3213 810 3268 855 ut
3288 816 3381 856 eos
3419 816 3507 857 re-

1903 884 2130 941 dimeret
2153 886 2241 955 qui
2263 886 2363 941 sub
2391 885 2511 957 lege
2537 898 2709 943 erant.
2738 889 2879 962 Ergo
2910 892 2952 947 si
2984 900 3041 947 ut
3065 893 3356 949 redimeret
3381 895 3508 951 mis-

1903 994 1996 1035 sus
2018 991 2120 1047 est,
2142 980 2309 1051 magis
2335 980 2551 1050 obligati
2577 998 2760 1038 sumus
2780 987 2824 1039 si
2849 1001 2879 1041 a
2904 986 3017 1057 lege
3040 987 3372 1045 redimimur.
3400 988 3505 1046 Sed

1905 1082 1961 1131 et
1992 1074 2106 1144 ipse
2136 1076 2213 1130 sic
2235 1085 2290 1130 et
2316 1074 2419 1130 alio
2443 1075 2497 1131 in
2519 1075 2638 1132 loco
2660 1079 2738 1149 (l)
2759 1093 2878 1134 eum
2902 1079 2969 1136 de
2993 1080 3207 1137 ltemina
3239 1083 3506 1155 loquitur:

1905 1169 2155 1241 quoniam
2177 1182 2298 1222 cum
2322 1168 2403 1222 vir
2422 1166 2541 1237 ejus
2561 1169 2711 1234 vivit,
2729 1171 2956 1242 obligata
2980 1182 3062 1228 est
3084 1176 3226 1240 viro;
3252 1184 3307 1229 at
3323 1176 3365 1231 si
3390 1190 3511 1247 pcr-

1905 1262 2047 1328 ierit,
2074 1262 2296 1317 liberata
2336 1271 2418 1316 cst
2460 1276 2488 1314 a
2513 1261 2647 1316 viro.
2678 1262 2815 1333 Ergo
2838 1264 3086 1337 quoniam
3119 1265 3201 1321 lex
3230 1266 3514 1337 praeceptis

1907 1354 2052 1409 velut
2111 1353 2324 1408 tenebat
2367 1354 2593 1417 vinctos,
2619 1354 2684 1408 ad
2734 1355 2854 1409 vitae
2887 1364 3091 1411 tantum
3133 1358 3513 1429 integritatem,

1905 1461 2012 1501 non
2035 1454 2089 1501 et
2112 1444 2179 1500 ad
2205 1460 2355 1518 spem
2380 1446 2712 1501 liberationis
2738 1456 2791 1501 et
2814 1448 3149 1515 mternitatis,
3177 1450 3319 1505 misit
3344 1451 3510 1508 lilium

1904 1553 2060 1593 suum
2090 1537 2228 1591 Deus
2248 1581 2263 1605 ,
2291 1546 2345 1593 et
2364 1537 2465 1593 sub
2490 1538 2604 1607 lege
2631 1537 2808 1604 misit,
2843 1538 2894 1593 id
2925 1548 3008 1595 est
3034 1541 3087 1596 in
3118 1540 3310 1610 Israel,
3336 1552 3395 1598 ut
3416 1559 3511 1603 eos

1903 1631 1993 1703 qui
2025 1630 2095 1685 ibi
2138 1631 2363 1699 fuerant,
2388 1647 2451 1687 ac
2472 1631 2573 1686 sub
2595 1632 2711 1703 lege
2741 1632 3010 1699 vivebant,
3042 1634 3351 1690 redimeret.
3379 1634 3513 1706 Mag-

1906 1740 2032 1779 num
2057 1733 2237 1778 autem
2275 1723 2399 1788 hoc,
2437 1732 2620 1780 utnon
2648 1725 2753 1781 illis
2798 1725 2938 1781 viam
2979 1725 3191 1781 vivendi
3229 1735 3512 1797 praestaret

1836 1813 1885 1873 Β
1913 1842 2088 1895 neque
2126 1826 2409 1896 praeceptis
2431 1825 2801 1882 tantummodo
2829 1824 2909 1899 (2)
2953 1826 3208 1882 excitaret
3256 1826 3324 1881 ad
3355 1835 3512 1881 teter-

277 1906 522 2000 FW'lmﬁ
558 1906 672 2000 sub
715 1906 817 1962 hoc
862 1907 1027 1962 Verbo
1067 1921 1223 1963 erm"
1261 1906 1535 2000 Plurim“?
1568 1905 1810 2000 ηειεοῖιην
1912 1920 2157 1985 nitatem,
2201 1920 2295 1976 sed
2324 1930 2382 1975 ut
2405 1919 2730 1984 redimeret,
2772 1921 2963 2000 inquit.
3006 1920 3119 1977 lloc
3163 1921 3306 1976 enim
3331 1929 3511 1976 actum

200 2007 264 2054 ut
289 1999 483 2054 exinde
513 1999 816 2070 intelligant
854 2015 959 2054 non
1003 2008 1188 2055 natum
1214 2000 1377 2053 lilium
1400 2041 1415 2065 ,
1446 1999 1539 2053 Sed
1570 1999 1767 2054 factum
1788 2039 1803 2065 ,

203 2090 328 2161 quia
350 2090 486 2146 dixit
508 2092 643 2146 misit
668 2090 803 2147 Deus
815 2093 982 2163 ﬁlium
1004 2110 1151 2147 suum
1172 2092 1363 2146 editum
1383 2109 1445 2147 ea:
1465 2093 1809 2163 [aeminaJac-

207 2191 317 2238 tum
345 2183 440 2238 sub
468 2183 594 2255 lege.
625 2182 732 2240 Sed
764 2186 990 2255 multum
1023 2186 1268 2252 interest,
1302 2196 1476 2240 utrum
1502 2185 1671 2239 lilium
1701 2184 1809 2241 lac-

207 2285 319 2332 tum
366 2276 590 2346 diceret,
638 2293 705 2333 an
748 2282 940 2349 factum
968 2278 1060 2333 sub
1089 2278 1215 2351 lege.
1249 2278 1407 2333 Aliud
1451 2286 1535 2333 est
1571 2278 1716 2333 enim
1748 2276 1808 2330 li-

205 2368 335 2423 lium
365 2370 589 2425 missunt
621 2385 762 2437 esse,
801 2370 889 2440 qui
916 2370 1027 2441 jam
1062 2370 1154 2425 luit
1190 2370 1350 2431 lilius.
1382 2381 1435 2425 et
1472 2370 1655 2439 utique
1684 2384 1805 2425 cum

204 2460 350 2518 ﬁlius
378 2472 532 2517 natus
553 2504 567 2529 ,
607 2478 750 2519 nunc
785 2471 962 2519 autem
1004 2479 1125 2519 cum
1164 2479 1229 2519 ex
1258 2462 1473 2519 fiumina
1500 2463 1675 2517 editus
1701 2471 1805 2531 est,

205 2563 385 2627 potest
422 2555 525 2611 dici
556 2557 725 2612 lactus
751 2557 820 2613 ab
861 2557 962 2612 hoc
992 2567 1049 2612 ut
1088 2557 1189 2612 sub
1215 2558 1331 2627 lege
1361 2565 1525 2611 esset.
1559 2554 1697 2624 Quid
1726 2563 1808 2611 est

204 2658 382 2704 autem
415 2648 547 2704 dixit
575 2649 767 2718 factum
790 2649 881 2704 sub
913 2650 1063 2720 lege?
1092 2660 1146 2703 ut
1171 2664 1274 2703 non
1302 2649 1442 2704 inter
1472 2657 1659 2719 gentes
1685 2663 1807 2701 nas-

200 2747 433 2806 ceretur,
480 2739 574 2795 sed
620 2742 761 2811 apud
799 2740 1038 2808 Judaeos,
1070 2750 1124 2794 et
1164 2741 1218 2795 in
1259 2739 1539 2809 disciplina
1588 2753 1651 2793 ac
1692 2740 1808 2810 lege

201 2828 393 2902 Moysi.
420 2828 606 2885 Omnis
626 2832 765 2886 enim
787 2832 895 2886 illic
915 2841 1259 2901 poteratessc
1282 2830 1546 2887 correctio
1572 2848 1585 2897 ;
1608 2830 1805 2886 etenim

202 2923 258 2979 in
292 2921 454 2978 Israel
490 2924 717 2994 populus
761 2924 855 2978 Dei
881 2923 1057 2979 dictus
1084 2936 1187 2991 est,
1219 2925 1304 2979 cui
1340 2924 1510 2994 legem
1538 2923 1747 2995 Moyses
1776 2939 1805 2978 a

206 3013 321 3071 Deo
340 3016 568 3084 accepit.
609 3024 664 3069 ct
691 3014 841 3070 dedit
872 3017 970 3087 ipai
1000 3016 1187 3087 utique
1214 3017 1353 3071 male
1380 3016 1699 3086 intelligenti
1732 3015 1805 3071 le-

203 3123 357 3179 gem;
390 3119 444 3164 et
472 3108 671 3163 idcirco
700 3110 943 3179 pcccmti
976 3111 1238 3166 debuerat
1262 3112 1573 3174 subvenire,
1599 3122 1652 3166 et
1679 3126 1807 3181 pec-

1910 2024 1993 2071 cst
2034 2014 2289 2086 mysterio
2313 2023 2364 2067 ut
2404 2012 2696 2068 redimeret
2716 2027 2905 2069 omnes
2928 2013 2980 2067 in
3022 2012 3170 2068 illum
3191 2012 3511 2079 credentes,

1912 2118 1969 2164 ut
1997 2107 2126 2163 liant
2154 2121 2344 2162 omnes
2375 2105 2428 2161 in
2455 2106 2605 2161 illum
2631 2106 2938 2174 credentes,
2961 2106 3054 2161 lilii
3083 2106 3408 2178 adoptionis.

1980 2199 2114 2255 Cum
2140 2214 2270 2271 ergo
2296 2208 2499 2254 tantum
2538 2198 2855 2255 beneﬁcium
2885 2208 3165 2270 totumque
3189 2196 3508 2254 beneficium

1910 2309 1977 2350 ex
2009 2292 2227 2348 Christo
2266 2293 2363 2359 sit,
2406 2292 2538 2348 nihil
2581 2291 2978 2362 adjnngeudum
3024 2300 3305 2361 praeterea,
3342 2302 3517 2360 neque

1908 2387 2015 2459 legi
2035 2385 2380 2443 serviendum
2409 2404 2423 2442 :
2450 2385 2711 2455 redempti
2740 2385 2883 2441 enim
2924 2398 3136 2450 sumus,
3167 2393 3224 2440 et
3250 2382 3517 2453 redempti

1908 2494 1939 2535 a
1970 2481 2121 2551 lege,
2154 2487 2209 2533 ct
2248 2478 2509 2548 redempti
2553 2478 2619 2532 ab
2665 2477 2767 2533 hoc
2798 2477 2875 2548 (5)
2909 2476 3145 2545 mundo,
3178 2486 3236 2532 ut
3277 2475 3371 2531 lilii
3419 2476 3514 2532 Dci

1908 2575 2078 2632 simus
2102 2617 2117 2642 ,
2146 2573 2240 2631 sed
2270 2582 2325 2630 et
2361 2573 2457 2628 lilii
2487 2572 2793 2643 adoptione.
2826 2571 2942 2627 Non
2974 2572 3118 2627 enim
3150 2570 3280 2636 lilii,
3311 2579 3370 2626 ut
3396 2571 3512 2642 ipse

1910 2668 2077 2733 illius,
2130 2666 2223 2722 sed
2266 2683 2362 2739 per
2411 2667 2576 2721 lilium
2626 2664 2743 2739 lilii.
2791 2665 2915 2720 Haec
2954 2664 3228 2735 estigitur
3256 2662 3512 2733 adoptio;

1910 2774 2068 2829 quam
2099 2767 2157 2812 ut
2188 2758 2583 2828 reciperemus,
2618 2756 2819 2827 inquit,
2855 2756 2997 2811 Deus
3028 2755 3197 2810 lilium
3226 2769 3383 2809 suum
3411 2754 3516 2809 mi-

1909 2854 1998 2909 sit.
2030 2852 2137 2910 Sed
2160 2854 2401 2924 quoniam
2425 2853 2522 2923 ﬁlii
2544 2856 2663 2906 estis
2689 2850 2798 2917 Dei,
2825 2852 2962 2905 misit
2991 2849 3128 2905 Deus
3154 2851 3389 2919 spiritum
3419 2849 3518 2918 lilii

1909 2946 1991 3001 sui
2036 2946 2090 2999 in
2138 2946 2297 2999 corda
2336 2955 2521 3000 vestra.
2563 2943 2705 2999 Ecce
2754 2951 2896 2998 totus
2940 2942 3074 2998 ordo
3102 2943 3261 2997 trium
3291 2941 3512 2995 istarum

1910 3037 2270 3109 potentiarum
2304 3036 2385 3111 (l)
2433 3053 2528 3108 per
2558 3052 2716 3092 unam
2763 3036 3011 3091 virtutem
3044 3049 3315 3103 unamque
3343 3032 3515 3088 deita-

1910 3137 2039 3185 tem.
2068 3127 2200 3183 Nam
2223 3171 2239 3196 ,
2270 3129 2477 3201 inquit,
2508 3128 2600 3194 qui
2631 3136 2781 3198 pater
2808 3135 2892 3182 cst
2912 3169 2928 3193 ,
2961 3126 3105 3180 misit
3133 3124 3298 3179 lilium
3331 3138 3508 3190 suum,

203 3209 321 3255 cata
350 3200 397 3255 ei
430 3198 698 3266 auferret;
723 3200 768 3256 si
801 3202 962 3255 modo
993 3202 1135 3257 idem
1169 3203 1285 3273 ipse
1316 3203 1542 3271 populus
1572 3218 1802 3274 cognos-

1913 3221 1999 3292 qui
2025 3220 2270 3277 Christus
2291 3197 2393 3276 est.
2421 3197 2735 3291 Rursusque
2761 3219 3008 3274 Christus
3038 3218 3169 3288 ipse,
3198 3216 3287 3288 qui
3310 3224 3394 3271 est
3414 3216 3509 3271 Dei

204 3301 354 3349 ceret
399 3293 492 3348 Dei
534 3293 721 3348 lilium.
771 3293 988 3348 Poterat
1025 3296 1170 3350 enim
1211 3296 1254 3348 si
1294 3295 1422 3349 alibi
1474 3304 1803 3360 nasceretur,

206 3384 260 3441 id
302 3396 384 3441 est
432 3386 573 3440 inter
614 3396 821 3456 gentes,
864 3385 1030 3441 Israel
1061 3388 1260 3442 idcirco
1301 3404 1404 3442 non
1452 3401 1805 3457 cognoscere,

205 3476 350 3549 quod
381 3491 485 3532 non
529 3476 582 3532 in
614 3493 707 3532 sua
742 3488 903 3549 gente
949 3488 1106 3533 natus
1135 3479 1427 3534 videretur.
1464 3478 1597 3534 Hinc
1626 3487 1806 3533 autem

207 3571 412 3641 majora
461 3581 678 3639 peccata
720 3573 823 3627 iste
880 3574 1109 3644 populus
1153 3572 1391 3638 admisit,
1433 3572 1575 3644 quod
1614 3572 1667 3627 in
1709 3586 1807 3627 sua

208 3676 388 3738 gente,
414 3665 462 3719 id
486 3673 568 3719 est
591 3665 640 3719 in
670 3665 787 3735 lege
813 3665 1005 3738 Moysi,
1026 3666 1169 3720 inter
1195 3664 1358 3720 I-rael
1389 3673 1567 3730 natus,
1596 3679 1702 3719 non
1726 3673 1810 3719 est

207 3757 478 3825 Cognitus,
512 3771 631 3809 cum
662 3757 763 3826 ipsi
790 3758 957 3828 genti,
995 3757 1044 3811 id
1069 3768 1147 3812 est
1176 3766 1229 3812 et
1256 3757 1453 3822 David,
1484 3757 1685 3812 dictum
1715 3756 1803 3823 sit,

204 3848 350 3922 quod
374 3848 565 3903 semini
587 3848 704 3917 ejus
723 3848 940 3904 daretur
962 3849 1248 3903 haereditas
1270 3859 1323 3903 et
1346 3850 1638 3904 :uernitas.
1665 3848 1809 3916 Ergo

206 3957 331 3999 cum
362 3941 525 3996 David
569 3940 639 3995 sit
680 3950 829 4011 pater
882 3941 1070 4008 Israel,
1127 3942 1195 3995 ibi
1224 3952 1381 3995 uatus
1412 3949 1515 4007 est,
1569 3950 1625 3994 ut
1657 3940 1808 3995 illum

207 4043 584 4107 agnoscerent.
635 4032 791 4091 Unde
831 4034 1006 4101 majus
1047 4045 1324 4105 peccatum
1355 4041 1461 4101 est,
1516 4033 1658 4105 quod
1700 4047 1808 4088 non

207 4143 436 4199 agnovet
452 4139 549 4182 unt
576 4127 774 4182 factum
805 4126 907 4182 sub
933 4126 1069 4197 lege.
1733 4134 1748 4149 ‘

280 4223 441 4279 Multa
465 4222 567 4277 dici
593 4231 834 4292 possunt,
859 4236 1024 4292 quare
1046 4220 1242 4276 laetum
1263 4220 1363 4277 sub
1386 4220 1533 4291 lege;
1558 4219 1642 4274 vel
1667 4217 1808 4290 quod

207 4318 281 4374 ibi
318 4317 430 4388 jam
477 4317 617 4372 Deus
660 4332 799 4371 unus
833 4316 1134 4379 colebatur,
1166 4315 1249 4370 vel
1280 4315 1420 4385 quod
1448 4313 1559 4385 jam
1586 4328 1810 4382 accepe-

208 4420 333 4465 rant
359 4428 387 4464 a
421 4410 532 4465 Deo
563 4408 777 4464 oracula
805 4416 966 4479 atque
996 4419 1288 4478 priccepta,
1317 4407 1400 4463 vel
1429 4405 1572 4478 quod
1601 4405 1809 4477 Moyses

207 4504 384 4574 imago
429 4512 485 4559 et
510 4512 668 4574 typus
704 4499 806 4555 fuit
847 4500 1079 4566 Christi;
1113 4500 1197 4555 vel
1218 4515 1339 4554 cum
1372 4501 1506 4569 ipse,
1544 4513 1665 4554 cum
1708 4496 1811 4553 hoc

1910 3313 2107 3379 virtus,
2141 3324 2194 3370 et
2238 3315 2355 3384 ipse
2395 3313 2537 3369 Deus
2580 3322 2692 3379 est,
2737 3313 2885 3368 misit
2927 3312 3100 3374 Deus,
3153 3309 3358 3381 inquit;
3401 3308 3512 3379 jam

1908 3406 2053 3461 enim
2087 3407 2298 3463 trinitas
2325 3414 2427 3461 est.
2456 3406 2525 3461 Et
2550 3404 2794 3460 Christus
2823 3413 2879 3459 ct
2905 3404 3135 3457 maxime
3165 3410 3287 3473 post
3315 3411 3513 3472 myste-

1908 3501 2046 3556 rium
2077 3498 2440 3555 sanctilicatus
2470 3499 2637 3562 misit,
2669 3497 2864 3569 inquit,
2886 3496 3130 3566 spiritum
3161 3495 3254 3550 lilii
3283 3494 3390 3561 sui,
3419 3494 3511 3566 qui

1910 3603 1994 3651 est
2031 3595 2255 3665 spiritus
2284 3601 2534 3658 sanctus,
2567 3591 2659 3662 qui
2689 3590 2741 3645 in
2772 3589 2936 3644 corda
2968 3597 3147 3643 nostra
3178 3586 3513 3643 descendens

1911 3687 2067 3743 facile
2092 3686 2368 3757 cognoscit
2398 3693 2627 3755 patrem.
2663 3684 2756 3738 Est
2784 3697 2914 3753 ergo
2942 3698 2972 3736 a
3001 3682 3114 3737 Deo
3143 3682 3337 3737 missus
3370 3680 3511 3737 lilius

1910 3780 2066 3837 Jesus
2094 3780 2341 3834 Christus
2362 3819 2376 3845 ,
2410 3780 2461 3832 in
2492 3792 2653 3848 quem
2683 3776 2925 3841 credunt,
2954 3777 3045 3847 qui
3076 3776 3322 3843 credunt,
3351 3784 3511 3847 atque

1911 3871 2219 3929 efﬁciuntur
2246 3870 2342 3925 lilii
2371 3870 2464 3925 Dei
2489 3886 2502 3923 :
2535 3869 2868 3937 mittiturquc
2895 3869 2947 3923 in
2975 3884 3066 3924 eos
3098 3886 3127 3922 a
3159 3869 3268 3924 Deo
3290 3868 3513 3939 spiritus

1912 3963 2026 4030 lilii,
2052 3963 2102 4017 id
2131 3973 2215 4019 est
2242 3963 2461 4032 Spiritus
2488 3974 2724 4031 sanctus,
2759 3971 2816 4016 ut
2839 3962 2949 4033 jam
2982 3970 3291 4033 prapereut,
3320 3961 3387 4016 ad
3419 3977 3509 4030 pa-

1913 4067 2048 4114 trem
2082 4057 2353 4122 lestineut,
2377 4050 2611 4113 clament
2639 4056 3036 4127 quodammodo
3063 4054 3325 4111 interiore
3353 4069 3510 4109 sanc-

1910 4150 2205 4206 tilicatione
2230 4157 2285 4205 et
2312 4150 2569 4206 interiore
2596 4164 2748 4204 voce.
2780 4147 2917 4215 Quid
2947 4147 3203 4211 clament,
3236 4145 3351 4216 ipse
3377 4144 3509 4202 sub-

1907 4242 2104 4314 jungit,
2124 4243 2347 4296 clamant
2366 4242 2495 4297 abba
2513 4251 2676 4313 pater.
2704 4241 2908 4296 Habent
2921 4240 3143 4310 Spiritus
3158 4239 3319 4296 verba
3337 4247 3393 4295 et
3406 4254 3510 4294 ma.

1909 4336 1991 4409 gis
2013 4335 2210 4392 habent
2231 4352 2350 4392 cum
2367 4336 2803 4408 cognoscentium
2826 4334 2903 4408 (5)
2932 4334 3098 4402 patris
3123 4336 3359 4406 capiunt.
3393 4334 3509 4402 lpsa

1909 4437 2088 4485 autem
2119 4428 2496 4499 cognoscentia
2543 4428 2727 4498 patris,
2776 4426 2827 4482 id
2859 4434 2943 4483 est
2982 4442 3105 4482 cum
3135 4426 3512 4497 cognoscimus

1914 4530 2118 4592 patrem
2142 4564 2156 4585 ,
2203 4522 2313 4591 ipsa
2348 4536 2450 4576 vox
2488 4530 2572 4575 est
2609 4519 2829 4589 spiritus
2858 4519 3026 4574 nostri
3054 4518 3119 4573 ad
3152 4518 3319 4575 Deum
3349 4532 3508 4589 quem

208 4607 356 4655 esset
376 4598 517 4669 quo“
545 4597 580 4653 ίί
608 4597 699 4668 (Ῑυί
728 4595 829 4650 sub
853 4595 969 4666 lege
993 4602 1139 4688 sum!
1162 4602 1217 4649 εί
1237 4594 1342 4688 aii"
1363 4592 1524 4688 "‘0ro
1548 4591 1803 4688 Prmipf"
1833 4584 1889 4645 Β
1912 4584 2158 4688 spiritum
2189 4584 2346 4671 nobis
2372 4613 2518 4669 dedit
2552 4584 2692 4668 Deus
2724 4630 2737 4666 :
2770 4612 3008 4682 cognitio
3038 4625 3341 4666 consonans
3367 4584 3508 4664 tcum

209 4701 294 4748 ret
320 4700 480 4761 atquc
510 4705 537 4743 a
578 4690 696 4761 lege
739 4703 834 4758 pro
876 4688 1053 4743 salute
1092 4686 1395 4742 discederet
1422 4684 1524 4758 (ἓ),
1570 4699 1676 4740 non
1707 4685 1806 4739 ob-

209 4781 478 4839 strvando
504 4781 729 4837 sabbato
754 4789 1094 4851 cazteraque;
1130 4778 1326 4834 exinde
1364 4780 1585 4843 scirent,
1619 4792 1721 4831 llOll
1755 4774 1807 4829 in

211 4876 466 4947 Operibus
496 4874 626 4945 legis
655 4889 829 4944 neque
866 4888 937 4929 ex
972 4875 1086 4941 lege
1114 4871 1354 4927 ‘salutem
1383 4885 1625 4942 sperare.
1656 4868 1809 4925 Unde

211 4970 372 5025 etiam
404 4968 607 5024 Galate:
635 4968 995 5040 intelligerent
1027 4966 1111 5040 (ὃ)
1135 4981 1194 5022 se
1223 4967 1273 5020 in
1303 4980 1541 5021 errorem
1566 4978 1690 5020 esse
1716 4964 1810 5019 dc-

213 5065 413 5135 lapsos,
450 5062 717 5131 siquidem
743 5064 902 5119 etiam
933 5061 1183 5117 Salvator
1212 5060 1349 5130 ipse,
1377 5060 1428 5112 in
1457 5073 1613 5129 quem
1635 5056 1812 5111 credi-

211 5155 437 5222 derunt,
471 5154 571 5209 sub
610 5154 730 5225 lege
756 5154 944 5220 lactus,
977 5169 1085 5207 non
1119 5161 1296 5206 tamen
1325 5149 1545 5205 servivit
1569 5147 1809 5219 legi.Ve-

212 5265 333 5307 rum
365 5248 478 5304 lucc
500 5256 553 5304 et
577 5247 680 5302 alia
711 5248 898 5311 multa,
927 5262 1091 5317 quare
1118 5245 1289 5301 lactus
1312 5245 1382 5299 sit
1408 5244 1508 5299 sub
1534 5244 1673 5314 lege,
1702 5258 1806 5297 non

214 5342 514 5416 colligenda
533 5383 548 5409 ,
583 5341 838 5415 quoniam
865 5339 944 5415 (4)
974 5341 1091 5412 ipse
1118 5354 1334 5396 causam
1358 5337 1614 5411 subjecit,
1642 5351 1809 5410 quare

313 5644 370 5716 2)
401 5644 569 5716 Codd.
606 5644 952 5716 descenderet.

314 5713 359 5775 δ’
396 5715 567 5772 Codd.
600 5713 901 5785 intelligere.

315 5720 373 5862 si
404 5786 575 5846 Codd.
599 5786 837 5859 quoniam
864 5802 895 5841 η

315 5574 368 5646 l)
397 5574 474 5630 Ita
505 5572 663 5628 codd.

313 5648 370 5716 ‘2)
401 5644 569 5700 Codd.
606 5645 663 5698 de

287 5576 368 5793 bi
396 5715 567 5793 quae
600 5716 663 5769 ίηι

291 5789 349 5864 (4

404 5786 575 5846 Codd.
599 5786 837 5859 quoniam
864 5799 987 5841 non.

1911 4725 1976 4766 eo
2004 4725 2163 4782 quem
2192 4708 2504 4779 cognoscit,
2535 4707 2687 4778 quasi
2718 4705 2963 4777 quredam
3014 4720 3117 4760 vox
3162 4712 3249 4760 est
3292 4704 3344 4758 in
3385 4718 3508 4759 eum

1911 4818 2070 4874 quem
2122 4800 2415 4872 cognoscit.
2468 4798 2614 4869 Ergo
2662 4797 2913 4868 quoniam
2972 4805 3027 4853 et
3086 4812 3181 4865 per
3230 4796 3395 4852 Deum
3456 4805 3514 4853 et

1912 4911 2008 4967 per
2036 4894 2311 4950 Christum
2350 4892 2728 4964 cognoscimus
2775 4891 2969 4956 Deum,
3004 4889 3269 4946 ellicimur
3315 4889 3409 4945 lilii
3456 4898 3513 4946 et

1912 4989 2014 5060 ipsi
2046 4988 2181 5055 Dei,
2212 4996 2268 5041 et
2296 4987 2411 5057 ipsa
2447 4984 2754 5056 cognitione
2793 4997 2986 5040 vocem
3033 4982 3295 5039 habemus
3320 4982 3387 5039 ad
3415 4997 3511 5056 pa-

2015 5145 2071 5209 l)
2098 5142 2120 5197 Ι
2147 5142 2272 5197 Cor.
2302 5142 2398 5205 vri,
2430 5140 2520 5197 59.

2015 5145 2071 5209 l)
2098 5143 2120 5197 Ι
2147 5143 2272 5197 Cor.
2302 5143 2398 5205 vu',
2430 5143 2520 5197 59.

1988 5143 2068 5289 ΣΞ)
2113 5213 2491 5297 Tantummodo
2536 5213 2768 5283 pertinet
2803 5210 2966 5269 etiam
3005 5211 3070 5267 ad
3111 5210 3505 5284 prtecedentem

1913 5298 2258 5343 sententiam.

1988 5357 2069 5432 (ὅ)
2098 5355 2268 5432 (Ξηάἀ-
2297 5356 2549 5432 tamine!"
2572 5370 2678 5432 pro
2705 5355 2819 5432 lutc-

1989 5420 2072 5500 (ι)
2104 5427 2391 5500 Potentiam
2417 5428 2546 5483 dicit
2570 5420 2879 5500 Victorinus
2909 5440 3006 5496 pro
3036 5439 3271 5492 persona.
3298 5420 3366 5500 Si
3376 5436 3507 5500 ergo

1922 5493 2008 5557 est
2036 5493 2413 5568 intelligendus
2442 5499 2583 5570 apud
2625 5498 2869 5553 Nicetam
2899 5493 3070 5570 nupe_r
3112 5512 3138 5547 a
3187 5509 3274 5570 me
3304 5493 3507 5549 editum

1922 5573 2106 5628 titulus
2155 5566 2396 5642 opusculi
2426 5566 2494 5626 de
2544 5570 2774 5641 Spiritus
2822 5569 2986 5624 sancti
3015 5566 3276 5636 Potentia,
3308 5580 3504 5636 nempe

1913 5660 2504 5787 religimaoqnoscentia,
2549 5712 2865 5787 vocabulum
2913 5710 2966 5765 in
2984 5707 3249 5766 Victorini
3294 5705 3511 5780 scriptis

1919 5782 2079 5844 etiam
2102 5782 2260 5844 cdiiis
2290 5799 2399 5842 non
2432 5782 2728 5842 insolitum.
