4018 6184
603 252 743 313 1179

1877 247 2069 307 MAR“
2108 246 2458 307 VICTORINI
2500 248 2665 308 AFRI
3716 264 3807 321 llSll

618 374 779 422 trem.
812 365 1092 433 Quomodo
1118 365 1261 420 enim
1294 363 1443 419 solus
1474 371 1578 429 est,
1616 365 1707 434 qni
1736 369 2026 434 cognoscat
2055 362 2220 419 Deum
2249 366 2298 425 Α
2396 360 2561 416 Vsus.
2596 361 2650 416 9.
2696 391 2767 402 —
2792 360 2947 417 Nunc
2973 372 3142 420 autem
3170 373 3225 419 ut
3252 368 3539 439 cognovistis
3562 367 3717 439 Deum,
3742 376 3811 431 ina

615 456 896 523 Christus,
937 467 989 512 et
1029 472 1093 512 ex
1135 471 1201 512 eo
1229 454 1372 528 quod
1401 456 1695 526 cognoscit,
1727 454 2086 524 cognitionem
2135 454 2221 507 ha-

613 550 723 615 bet,
754 549 825 604 ita
846 563 969 605 eum
997 561 1152 604 vocat
1179 548 1263 623 (1)
1293 559 1455 619 atque
1483 549 1632 603 illum
1663 548 1919 618 appellat,
1944 546 2065 618 quia
2095 562 2217 602 eum

611 643 905 713 cognoscit.
957 640 1162 695 Idcirco
1204 639 1450 696 Christus
1500 640 1590 695 Dei
1641 639 1862 694 verbum
1914 647 1998 694 est
2041 655 2054 691 :
2109 638 2217 694 dixi

617 734 761 788 enim
808 733 950 802 quod
981 732 1317 804 cognitiones
1364 746 1591 804 quicque
1621 745 1741 785 cum
1784 745 1883 784 nos
1924 728 2222 799 intelligere

618 823 813 879 iaciant
831 834 886 879 et
906 823 1187 894 designare
1213 836 1268 880 et
1286 840 1478 896 capere
1505 832 1558 879 et
1586 823 1870 892 concipere
1900 821 1951 876 id
1976 821 2113 891 quod
2139 821 2221 876 in-

618 917 907 988 telligimus
932 960 945 981 ,
978 918 1127 988 quasi
1161 917 1290 973 illud
1310 961 1323 983 ,
1355 917 1510 988 quale
1538 917 1607 972 sit
1635 915 1943 986 cognitione
1985 915 2223 985 appella-

616 1023 768 1075 mus;
801 1008 1099 1079 accipimus
1127 1009 1272 1065 enim
1322 1010 1374 1063 in
1426 1009 1574 1063 illum
1615 1023 1774 1077 quem
1823 1008 2219 1077 cognoscimus,

616 1102 686 1158 de
728 1117 793 1157 eo
822 1118 980 1169 quem
1010 1104 1383 1174 cognoscimus
1410 1145 1423 1167 ,
1446 1101 1679 1158 verbum
1726 1098 1808 1172 (2)
1848 1114 1968 1155 cum
2000 1100 2125 1170 quid
2154 1102 2225 1157 sit

615 1196 975 1267 appellamus,
1018 1197 1141 1269 quia
1183 1198 1561 1269 cognoscimus
1607 1210 1667 1251 ea
1702 1211 1714 1248 :
1759 1210 1878 1265 quae
1924 1204 2006 1251 est
2049 1196 2222 1253 omnis

617 1289 853 1360 cognitio
882 1290 1000 1357 ejus
1032 1290 1129 1355 rei,
1160 1306 1320 1361 quam
1346 1293 1720 1362 cognoscimus
1748 1289 1847 1371 (ὅ).

689 1379 831 1452 Ergo
858 1379 1107 1435 Christus
1151 1384 1271 1453 quia
1304 1386 1580 1453 cognoscit
1611 1386 1811 1455 Deum,
1859 1390 1951 1445 Dei
2000 1387 2220 1443 verbum

616 1484 732 1541 est;
774 1485 830 1531 et
873 1476 1091 1547 spiritus
1123 1478 1245 1550 quia
1276 1477 1523 1543 Christus
1555 1483 1711 1538 nobis
1741 1470 2041 1550 daturfdat
2069 1482 2224 1537 nobis

616 1568 975 1638 cognitionem
1012 1570 1101 1625 Dei
1130 1584 1225 1640 per
1255 1571 1427 1641 ipsum
1459 1588 1517 1628 se
1553 1592 1565 1628 :
1595 1574 1720 1630 inde
1746 1576 1804 1629 lit
1833 1583 1958 1630 utet
1984 1591 2081 1630 nos
2104 1591 2226 1629 ver-

617 1658 742 1713 bum
774 1659 972 1728 simus,
1006 1668 1061 1715 et
1101 1661 1156 1717 in
1201 1658 1479 1717 Christum
1517 1673 1571 1719 et
1610 1665 1661 1718 in
1701 1664 1901 1730 Deum;
1936 1675 1992 1722 et
2022 1665 2224 1721 idcirco

2322 455 2507 525 cogniti
2528 455 2645 508 estis
2670 472 2701 508 a
2733 452 2860 521 Deo,
2887 456 3144 526 quomodo
3166 461 3504 514 convertimini
3528 462 3679 516 iterum
3694 468 3742 518 ad
3762 469 3815 520 iu-

2322 545 2474 615 ﬁrma
2501 554 2547 600 et
2572 562 2729 617 egena
2754 546 2911 621 hujus
2939 548 3121 601 mundi
3148 549 3431 605 elementa?
3458 553 3532 625 (l)
3558 551 3699 608 Veluti
3721 557 3812 613 aliud

2321 637 2564 708 adjungit
2599 637 2833 706 Calatis,
2877 639 3021 709 quod
3050 640 3212 717 etiam
3243 640 3293 694 in
3324 644 3562 712 gentilem
3590 647 3816 705 transierint

2321 727 2706 798 disciplinam:
2746 738 2839 788 aut
2871 731 2922 785 in
2968 730 3158 787 eadem
3203 734 3533 789 accusatione
3571 751 3815 807 perseverat,

2322 839 2441 894 qua:
2495 824 2662 894 prima
2706 824 2830 888 fuit,
2874 824 3015 897 quod
3057 824 3412 898 adjungerent
3457 827 3603 884 etiam
3644 829 3817 887 christia-

2322 918 2500 973 nismo
2528 919 2697 989 legem
2720 918 3011 989 judalcam,
3037 918 3105 975 de
3133 920 3553 986 circumcisione,
3574 924 3631 976 de
3647 924 3817 991 sabbato,

2322 1008 2391 1065 de
2416 1010 2558 1064 victu
2588 1028 2601 1063 :
2631 1018 2686 1065 et
2714 1009 2839 1065 hinc
2862 1019 3095 1077 accusat,
3129 1024 3185 1065 ιιι
3210 1012 3384 1079 dicat,
3412 1022 3583 1084 postea
3602 1030 3729 1086 quam
3765 1034 3820 1070 co-

2324 1101 2580 1171 gnovistis
2605 1103 2768 1156 Deum
2793 1117 2886 1172 per
2908 1102 3247 1174 evangelium
3271 1118 3300 1156 a
3327 1118 3410 1157 me
3426 1102 3614 1171 datum,
3634 1108 3821 1175 quomodo

2323 1192 2704 1248 convertimini
2752 1194 2943 1248 iterum
2994 1193 3060 1248 ad
3101 1193 3350 1265 inﬁrma,
3398 1211 3513 1266 quae
3556 1205 3663 1251 sunt
3686 1197 3821 1267 utique.

2329 1285 2423 1341 Vel
2453 1287 2712 1358 intellige,
2747 1288 2789 1342 si
2820 1287 2887 1343 ad
2915 1286 3209 1358 judaicam,
3243 1289 3325 1344 vel
3352 1288 3417 1345 ad
3453 1306 3689 1362 paganos,
3713 1294 3823 1361 quiet

2322 1378 2423 1450 ipsi
2472 1379 2668 1434 inﬁrmi
2711 1389 2853 1436 sunt.
2887 1380 2992 1437 Sed
3030 1397 3152 1437 cum
3194 1381 3436 1451 adiunxit
3477 1400 3620 1454 egena
3653 1385 3820 1438 eleuata

2324 1474 2483 1548 hujus
2528 1474 2707 1527 mundi
2737 1474 2906 1546 magis
2946 1476 3095 1547 quasi
3145 1490 3379 1546 paganos
3410 1478 3587 1547 tangit,
3624 1478 3695 1549 qui
3719 1479 3821 1533 etiam

2324 1565 2393 1622 de
2422 1568 2703 1623 elementis
2735 1567 2894 1638 hujus
2924 1568 3112 1623 mundi
3149 1578 3441 1639 operantur
3481 1571 3576 1625 sibi
3618 1571 3741 1641 Deos,
3777 1573 3824 1625 vel

2326 1660 2439 1729 ipsa
2485 1659 2573 1713 illa
2603 1660 2869 1714 elementa
2916 1668 2974 1715 ut
3003 1662 3179 1732 ignem
3220 1660 3435 1727 colant,
3482 1677 3654 1732 aquam
3694 1662 3822 1728 colant,

616 1750 914 1805 clamemus
943 1753 1269 1824 cognitores.
1301 1751 1563 1826 Cognitor
1590 1764 1767 1812 autem
1794 1771 1915 1812 cum
1942 1766 2026 1813 est
2053 1758 2219 1827 ipsius
2248 1753 2294 1814 Β
2324 1759 2521 1806 terram
2568 1751 2746 1806 0013M
2774 1794 2789 1817 .
2822 1767 3005 1807 aerem
3045 1750 3250 1807 colant.
3301 1752 3454 1807 Nulla
3485 1754 3613 1808 enim
3648 1755 3824 1809 dubitatio

617 1842 849 1914 cogniti,
895 1842 955 1898 iit
1001 1853 1060 1898 ut
1102 1846 1374 1916 cognitum
1419 1855 1573 1918 pater
1612 1848 1712 1914 sit,
1762 1846 2010 1921 cognitor
2055 1849 2215 1905 illius.

620 1935 772 2004 Quod
803 1936 848 1991 si
879 1938 948 1991 ita
975 1946 1081 2005 est,
1115 1938 1308 1995 merito
1350 1955 1471 1995 cum
1512 1945 1888 2013 cognoscimus
1914 1958 2008 2015 per
2035 1942 2221 1999 Jesum

620 2040 828 2101 patrem
850 2073 864 2098 ,
911 2047 975 2086 ex
1004 2032 1314 2103 cognitione
1343 2034 1568 2089 verbum
1600 2036 1767 2105 ipsius
1793 2035 2059 2093 efﬁcimur
2093 2035 2173 2109 (4)
2206 2054 2219 2091 :

621 2138 685 2180 ac
709 2134 993 2195 prepterea
1024 2126 1117 2181 lilii
1137 2125 1261 2183 inde
1284 2128 1580 2185 clamamus
1610 2129 1739 2185 abba
1764 2141 1930 2201 pater.

697 2217 857 2273 Vsus.
883 2218 1196 2290 7.—ltaque
1214 2224 1330 2294 jam
1353 2238 1453 2276 non
1474 2238 1524 2277 es
1546 2223 1624 2296 (5)
1655 2240 1845 2291 servus,
1875 2224 1963 2279 sed
1986 2224 2145 2293 ﬁlius.
2177 2222 2226 2280 Is

619 2309 764 2366 enim
780 2310 869 2382 qui
886 2310 1015 2366 dicit
1029 2311 1155 2365 abba
1174 2322 1337 2382 pater,
1360 2314 1522 2368 Deum
1542 2316 1723 2386 utique
1743 2325 1944 2386 patrem
1963 2318 2223 2372 nominat.

624 2398 680 2456 Si
707 2410 908 2470 patrem
958 2403 1218 2469 nominat,
1262 2402 1400 2459 illius
1430 2415 1512 2460 est
1544 2424 1557 2459 :
1584 2406 1694 2476 jam
1722 2420 1827 2462 non
1855 2422 1984 2479 ergo
2009 2422 2222 2463 servus.

622 2492 776 2559 Quod
806 2495 851 2547 si
885 2498 953 2549 ita
980 2507 1081 2561 est,
1104 2495 1159 2550 in
1184 2496 1399 2553 Christo
1422 2514 1594 2569 neque
1622 2514 1836 2566 servus,
1860 2516 2040 2571 neque
2070 2501 2222 2572 liber,

626 2598 806 2654 neque
845 2586 1137 2651 masculus,
1170 2601 1343 2658 neque
1372 2589 1587 2644 fmmina
1621 2607 1637 2646 :
1670 2606 1860 2647 omnes
1888 2596 2031 2648 enim
2065 2610 2226 2650 unum

626 2690 832 2730 sumus.
859 2675 963 2731 Sed
994 2692 1099 2748 quo
1125 2679 1267 2750 cogit
1307 2679 1408 2735 hoc
1435 2681 1649 2736 totum?
1678 2682 1739 2739 Si
1766 2693 1934 2738 autem
1962 2685 2102 2754 ﬁlius
2127 2686 2223 2758 (6),

624 2775 671 2822 et
699 2767 861 2823 hwres
882 2786 972 2840 per
988 2768 1174 2826 Deum.
1200 2771 1341 2843 Ergo
1361 2773 1405 2828 si
1436 2772 1575 2829 illius
1602 2773 1904 2846 appellatur
1931 2776 2035 2850 (7),
2054 2777 2160 2833 erit
2175 2785 2231 2834 et

626 2857 802 2915 lituras
829 2878 842 2914 :
876 2863 1049 2919 haeres
1079 2874 1258 2920 autem
1304 2882 1409 2920 non
1452 2867 1604 2923 iactis
1624 2909 1638 2933 ,
1673 2884 1779 2924 non
1810 2870 2065 2938 operibus
2094 2874 2226 2940 suis,

627 2955 723 3010 sed
753 2954 848 3010 Dei
878 2956 1227 3015 miseratione
1253 2970 1307 3017 et
1334 2960 1428 3016 Dei
1454 2964 1645 3031 gratia.
1679 2960 1793 3018 Hoc
1821 2973 1902 3018 est
1926 2963 2065 3034 quod
2096 2964 2229 3020 dixit

625 3048 716 3103 sed
747 3064 837 3119 per
866 3047 1052 3104 Deum.
1083 3051 1250 3107 Sicuti
1282 3054 1463 3108 multis
1497 3054 1776 3124 probatum
1805 3064 1887 3110 est
1908 3096 1922 3122 ,
1956 3054 2076 3127 quia
2120 3072 2227 3112 non

2324 1842 2449 1913 quin
2476 1843 2682 1914 singula
2704 1845 2817 1898 hrec
2840 1843 2972 1900 deos
2999 1843 3201 1910 dicant,
3225 1844 3293 1899 de
3321 1845 3513 1917 quibus
3533 1846 3665 1916 longa
3686 1858 3746 1900 est
3762 1846 3825 1901 dis-

2324 1936 2549 2005 putatio,
2573 1936 2861 1991 dummodo
2897 1949 3102 1991 certum
3134 1937 3202 1993 sit
3232 1946 3287 1993 et
3313 1954 3382 1994 ex
3415 1939 3672 1995 elementis
3694 1940 3825 2011 singuli

2324 2045 2549 2101 quinque
2568 2046 2805 2102 paganos
2820 2030 2952 2086 deos
2972 2031 3171 2095 dicere,
3188 2032 3270 2087 vel
3290 2033 3527 2103 ipsorum
3542 2032 3823 2088 elementorum

2326 2135 2634 2196 repertores
2657 2124 2787 2179 deos
2814 2124 3024 2187 dicere.
3062 2124 3141 2179 vel
3172 2140 3237 2179 ex
3263 2125 3545 2181 elementis
3566 2125 3675 2180 deos
3695 2124 3765 2178 sibi
3784 2124 3826 2176 ho

2327 2231 2451 2272 cere
2472 2259 2486 2282 ,
2520 2226 2576 2271 ut
2607 2226 2661 2271 et
2702 2215 2770 2271 de
2802 2226 2944 2272 terra
2983 2215 3117 2271 deos
3152 2214 3371 2283 faciant,
3399 2215 3493 2272 sed
3524 2215 3594 2289 (2)
3623 2232 3693 2286 per
3716 2215 3823 2284 ignem

2329 2309 2459 2364 deos
2483 2308 2681 2363 iaciant
2706 2327 2718 2362 :
2743 2308 2940 2364 deinde
2962 2309 3122 2364 etiam
3148 2308 3412 2379 quosdam
3444 2309 3685 2363 dazniones
3720 2308 3825 2361 acria

2329 2410 2539 2467 vocent,
2578 2416 2763 2455 rursus
2792 2399 2884 2455 alii
2913 2400 3193 2471 empirios,
3218 2400 3308 2455 alii
3337 2401 3585 2474 enydros,
3605 2400 3821 2468 aliigeuias.

2331 2492 2383 2549 id
2413 2501 2497 2548 est
2526 2501 2793 2559 terrenos,
2841 2493 3137 2564 aquaticos,
3180 2491 3382 2557 aerios,
3431 2492 3630 2563 ignitus.
3679 2490 3719 2546 Si
3749 2504 3824 2559 ego

2333 2585 2448 2642 lucc
2479 2586 2668 2657 pagani
2688 2585 2910 2651 faciunt,
2934 2588 3086 2656 quasi
3119 2593 3173 2641 et
3202 2584 3303 2640 hoc
3330 2601 3541 2657 quoque
3564 2582 3823 2654 reprehendit,

2331 2678 2453 2735 illos
2482 2680 2643 2734 etiam
2684 2670 3151 2750 adpaganismum
3192 2693 3315 2733 esse
3360 2692 3652 2742 conversos,
3678 2674 3824 2730 maxime

2331 2785 2452 2825 cum
2483 2769 2677 2824 dixerit
2706 2780 2829 2825 ante
2855 2785 3014 2840 quam
3050 2768 3217 2824 Deum
3255 2769 3642 2842 cognosceretis
3668 2777 3706 2823 et
3737 2767 3824 2834 igno-

2331 2862 2524 2917 raretis
2558 2861 2747 2929 Deum,
2781 2860 3098 2917 serviebatis
3128 2860 3210 2915 his
3237 2862 3332 2932 qui
3367 2877 3473 2917 non
3503 2870 3617 2917 sunt
3637 2859 3709 2915 dii.
3727 2856 3820 2926 Quod

2333 2956 2516 3025 utique
2537 2955 2603 3009 de
2622 2955 2845 3028 paganis
2864 2964 2919 3010 et
2940 2956 2990 3009 in
3010 2954 3384 3025 superioribus
3406 2949 3826 3024 intelligendum.“-

2331 3063 2449 3103 rum
2481 3056 2658 3103 tamen
2689 3063 2808 3103 cum
2841 3056 2895 3103 et
2913 3047 3087 3102 omnis
3116 3047 3249 3103 ordo
3269 3058 3328 3103 et
3354 3050 3529 3103 omnis
3549 3048 3635 3102 iste
3658 3054 3823 3100 irai-talus

623 3142 890 3197 currentis
916 3143 1011 3198 sed
1042 3145 1385 3211 miserantis;
1419 3155 1473 3201 ct
1501 3147 1678 3203 omnia
1712 3163 1807 3221 per
1835 3148 1928 3204 Dei
1966 3150 2212 3220 gratiam.

2325 3153 2606 3214 propterea
2620 3157 2735 3197 sum
2743 3151 2861 3213 plus
2873 3142 3028 3209 sit,ut
3046 3140 3405 3214 reprehendat
3423 3141 3539 3197 illos
3550 3133 3823 3205 Galataeqqu

698 3235 859 3293 Vens.
890 3237 943 3293 8.
969 3268 1042 3280 —-
1064 3238 1171 3294 Sed
1194 3249 1312 3293 ante
1342 3238 1421 3312 (8)
1447 3241 1651 3310 quidem
1694 3242 1989 3314 ignorantes
2027 3240 2217 3312 Deum,

625 3330 705 3386 his
732 3332 818 3403 qui
846 3349 947 3387 non
975 3343 1093 3387 sunt
1121 3332 1195 3387 dii
1224 3335 1449 3389 servistis
1491 3334 1593 3406 (9).
1625 3334 1781 3405 Saepe
1819 3334 1926 3391 dixi
1951 3344 2007 3391 et
2035 3334 2224 3391 admo-

626 3423 740 3488 nui,
767 3422 1015 3494 ignorare
1046 3425 1211 3480 Deum
1242 3436 1324 3480 est
1348 3424 1616 3481 Christum
1644 3427 1855 3483 nescire
1880 3444 1894 3494 ;
1952 3442 2051 3499 per
2078 3429 2225 3483 Chri-

627 3524 767 3571 stum
796 3518 941 3572 enim
970 3519 1329 3587 cognoscitur.
1360 3519 1510 3574 Nunc
1552 3529 1730 3574 autem
1757 3534 1877 3575 cum
1919 3522 2227 3591 apparuerit

625 3608 873 3665 Christus
900 3611 988 3680 qui
1031 3626 1115 3667 me
1140 3609 1357 3675 docuit,
1389 3621 1444 3667 et
1472 3626 1569 3685 per
1595 3627 1654 3668 se
1683 3612 1849 3667 Deum
1877 3612 2105 3667 ostendit
2128 3655 2141 3680 ,
2172 3621 2228 3668 et

528 3776 539 3781 ⁵
626 3716 686 3757 se
718 3702 881 3756 Deum
910 3713 964 3757 et
994 3719 1089 3773 per
1113 3719 1173 3759 se
1206 3714 1435 3775 patrem,
1464 3706 1718 3776 ignorare
1746 3720 1853 3760 non
1884 3705 2009 3761 licet
2034 3705 2224 3762 Deum.

628 3798 770 3857 Ante
799 3812 976 3857 autem
1012 3820 1134 3861 cum
1174 3805 1516 3876 ignoraretis,
1560 3805 1754 3877 inquit,
1804 3806 1989 3872 Deum,
2040 3822 2073 3860 ο
2118 3804 2228 3861 Ga-

629 3892 771 3961 lataz,
807 3896 1031 3952 servistis
1069 3899 1148 3952 his
1184 3902 1270 3967 qui
1317 3916 1420 3954 non
1462 3909 1578 3954 sunt
1607 3900 1701 3955 dii.
1733 3900 1845 3955 Dici
1889 3900 2022 3956 deos
2047 3906 2101 3956 et
2132 3916 2230 3956 nu—

630 4002 781 4044 mero
814 3989 1028 4059 plurali,
1060 4000 1115 4046 et
1144 3992 1196 4046 in
1228 3992 1343 4061 lege
1373 3992 1501 4060 dici,
1530 4007 1672 4065 surpc
1701 3993 1953 4051 admonui
1986 4014 1999 4051 :
2042 4011 2227 4052 verum

629 4096 768 4139 unus
800 4083 938 4140 Deus
970 4100 985 4139 :
1020 4085 1213 4157 reliqui
1259 4085 1361 4142 hoc
1403 4087 1621 4143 nomine
1655 4086 1989 4144 honorantur
2028 4088 2227 4161 angeli,

627 4182 943 4245 exterasque
984 4177 1239 4245 virtutes,
1284 4187 1344 4234 ut
1380 4178 1583 4235 dictum
1613 4178 1751 4236 Deus
1780 4183 2012 4236 deorum.
2054 4180 2231 4253 Atque

630 4266 832 4322 utinam
881 4270 986 4325 illis
1030 4274 1413 4329 servivissent!
1462 4275 1630 4331 Porro
1658 4288 1838 4332 autem
1871 4276 1954 4333 his
1983 4278 2229 4334 servistis

631 4359 724 4430 qui
769 4375 874 4415 non
917 4372 1041 4417 sunt
1086 4364 1180 4430 dii,
1228 4367 1479 4422 omnibus
1514 4367 1722 4424 scilicet
1756 4369 2040 4427 mundanis
2068 4380 2231 4427 ciete-

629 4452 813 4524 risque
840 4454 988 4511 falsis
1018 4457 1304 4517 virtutibus
1347 4461 1678 4534 imaginariis
1703 4470 1759 4520 et
1784 4478 1817 4520 a
1845 4463 2059 4522 diabolo
2085 4465 2226 4523 lictis

628 4557 790 4622 atque
815 4550 1105 4608 simulatis.

703 4686 780 4756 (ί)
808 4687 981 4747 Codd.
1008 4689 1063 4745 in
1088 4705 1203 4745 eum
1226 4706 1418 4747 vocem.

706 4757 785 4829 (Ξ)
817 4758 892 4829 Ita
922 4760 1083 4816 codd.

708 4828 787 4910 (ὃ)
813 4828 1209 4910 Obscurasane
1226 4835 1588 4910 impeditaque
1619 4835 1927 4910 legentibus
1961 4835 2233 4910 videbitur

636 4893 740 4952 hoc
766 4893 884 4954 loco
913 4912 967 4957 et
993 4904 1119 4960 alibi
1153 4893 1407 4963 Victorini
1436 4893 1731 4965 elocutiovi
1750 4924 1933 4963 verum
1966 4908 2070 4963 hoc
2098 4909 2233 4965 vitio

634 4982 757 5052 eum
781 4970 1095 5052 laborarejn
1111 4977 1229 5052 aliis
1255 4994 1468 5050 quoque
1489 4982 1704 5052 scriptis
1727 4980 2227 5052 esploratissimum

636 5049 717 5093 εει
741 5055 755 5103 ;
788 5041 859 5129 ita
882 5053 993 5097 uta
1017 5045 1235 5105 Petavio
1262 5041 1580 5122 appelletur,
1601 5041 1752 5109 'velut
1776 5041 1913 5108 alter
1933 5050 2233 5122 Heraclius,

637 5131 784 5169 σκοτε
790 5135 906 5174 ινος.

710 5183 791 5258 (4)
823 5182 995 5258 Codd.
1021 5188 1316 5258 efﬁciamur.

716 5256 796 5326 (ὅ)
828 5255 903 5310 lta
932 5255 1116 5325 codd.,
1150 5277 1253 5317 non
1284 5273 1376 5319 est.

702 5326 779 5405 (fi)
810 5326 970 5405 thlg.
997 5328 1189 5405 habet.
1214 5332 1365 5400 Quod
1393 5337 1438 5393 si
1467 5335 1631 5405 ﬁlius.

704 5397 794 5476 (7)
824 5397 997 5476 Codd.
1036 5397 1331 5474 appellatur
1373 5397 1496 5462 nunt
1530 5408 1799 5476 superiora
1834 5409 1950 5466 erit.
1990 5408 2099 5467 Sed
2139 5426 2231 5467 ex-

633 5470 888 5556 pungitur
932 5471 1001 5556 in.
1036 5470 1260 5546 antiquo
1303 5477 1489 5535 codice
1519 5470 1644 5536 dunt
1672 5481 1937 5550 superiora
1964 5482 2081 5540 erit.
2115 5483 2231 5556 Ego

632 5554 765 5595 vero
791 5552 882 5595 erit
904 5552 1131 5601 retineo.

2325 3234 2389 3290 ad
2407 3234 2731 3305 judaismum
2754 3236 2995 3290 conversi
3015 3235 3142 3300 sint,
3164 3242 3219 3289 et
3238 3234 3307 3289 de
3325 3234 3527 3291 Judazis
3551 3234 3637 3290 ista
3656 3228 3825 3287 omniin-

2327 3326 2614 3396 telligenda
2646 3326 2748 3381 sint
2770 3368 2783 3390 ,
2816 3326 3087 3397 quomodo
3118 3326 3499 3381 convertimini
3529 3327 3694 3380 iterum
3715 3320 3823 3374 adiu-

2328 3419 2506 3485 ﬁrina,
2539 3418 2909 3489 intelligimus.
2956 3417 3124 3489 Igitur
3159 3433 3281 3473 cum
3313 3417 3459 3473 dixit
3494 3433 3635 3490 egena
3665 3416 3821 3469 elciunt:

2328 3513 2484 3586 hujus
2517 3511 2724 3576 mundi,
2756 3512 3138 3583 intelligamus,
3170 3511 3313 3581 quod
3346 3512 3425 3568 illi
3453 3512 3704 3566 carnaliter
3724 3504 3821 3560 intel-

2328 3605 2554 3676 ligentes
2595 3607 2789 3676 legem,
2821 3606 2886 3659 ad
2921 3607 3188 3662 elementa
3218 3604 3506 3662 videantur
3533 3619 3643 3661 esse
3662 3595 3821 3658 corners

2330 3714 2447 3769 quae
2478 3714 2646 3770 egena
2682 3697 2760 3771 (5)
2792 3707 2951 3765 sunt;
2983 3706 3105 3769 eget
3134 3699 3275 3753 enim
3308 3712 3527 3768 semper
3553 3712 3663 3752 caro
3685 3703 3726 3747 et
3743 3688 3825 3744 desi-

2330 3790 2483 3846 derat
2508 3792 2798 3847 sustentari
2824 3791 2959 3846 cibis
2988 3802 3037 3848 et
3072 3791 3275 3862 poculis
3301 3802 3353 3847 et
3385 3787 3739 3861 cupiditatibus,
3758 3792 3824 3851 qni

2330 3889 2507 3939 tamen
2542 3885 2721 3938 omnia
2747 3883 2959 3940 inﬁrma
2987 3894 3130 3939 sunt.
3167 3883 3311 3956 Ergo
3347 3900 3470 3941 cum
3500 3881 3823 3953 inquithcouttr-

2332 3976 2498 4031 limini
2524 3977 2592 4032 ad
2619 3978 2826 4047 inﬁrma
2854 3987 2901 4032 et
2932 3994 3090 4048 egena
3126 3977 3397 4046 elementa,
3432 3976 3483 4033 id
3521 3984 3598 4032 est
3619 3987 3713 4045 qua:
3744 3981 3821 4021 δεῖθ’
3880 3980 3881 3983 ‘

2337 4087 2433 4141 per
2455 4081 2667 4143 egeant,
2698 4070 2873 4126 anima
2907 4073 3049 4127 enim
3074 4081 3127 4126 et
3149 4071 3374 4142 spiritus
3404 4071 3575 4126 nullus
3591 4072 3822 4138 egehlw'lue

2330 4165 2530 4237 aliquid
2552 4164 2844 4231 desiderat,
2877 4165 2979 4220 nisi
3008 4165 3096 4220 illa
3121 4179 3241 4236 qua:
3272 4179 3368 4219 sua
3399 4172 3539 4218 sunt.
3570 4158 3698 4231 Quod
3718 4164 3820 4209 auita

2331 4257 2796 4328 dixit‘cognovistis
2836 4254 3022 4323 Deum,
3053 4257 3207 4310 immo
3236 4257 3430 4327 cogniti
3449 4256 3562 4310 estis
3588 4271 3615 4307 a
3640 4250 3738 4309 Deo.
3759 4260 3822 4299 θῆτ’
3878 4258 3879 4305 l

2335 4350 2681 4406 vatvirtutem
2703 4328 2959 4422 praecepti
2976 4349 3079 4414 sui.
3097 4359 3155 4406 ut
3172 4350 3207 4404 ii
3228 4350 3310 4425 (4)
3326 4351 3534 4407 veniant
3556 4347 3617 4403 ad
3630 4343 3822 4401 Christum.

2330 4458 2463 4516 quos
2491 4444 2631 4499 Deus
2660 4443 2842 4511 mittit,
2865 4454 2917 4498 et
2939 4456 3073 4515 quos
3100 4441 3240 4498 Deus
3266 4453 3454 4508 vocat,
3478 4450 3530 4498 et
3550 4441 3581 4496 ii
3601 4438 3823 4509 cognoscant
3876 4468 3877 4516 ἲ

2257 4532 2313 4597 D
2339 4536 2656 4604 Dominum,
2688 4550 2824 4608 quos
2852 4535 3111 4608 cognovit
3140 4535 3281 4591 Deus
3308 4552 3321 4587 :
3354 4534 3422 4591 de
3452 4550 3555 4606 quo
3577 4537 3822 4588 tractatuu-

2336 4646 2428 4701 pra
2457 4631 2623 4685 multa
2651 4629 2885 4686 diximus
2914 4626 3013 4703 (5).
3047 4627 3265 4700 Cogniti
3290 4629 3434 4684 enim
3465 4643 3494 4682 a
3527 4627 3626 4683 Deo
3647 4619 3824 4688 accipiunt

2332 4721 2610 4793 spiritum,
2646 4735 2754 4792 quo
2782 4720 2949 4775 Deum
2974 4727 3323 4791 cognoscant.
3370 4715 3479 4774 Sed
3505 4717 3668 4787 utique
3687 4718 3824 4773 uttu‘i‘

2333 4821 2626 4869 noscantur
2659 4827 2689 4867 a
2736 4811 2844 4869 Deo
2873 4812 3186 4882 cognitiqne
3231 4810 3341 4866 Deo
3368 4812 3507 4876 sint,
3556 4812 3744 4877 aguntur
3762 4797 3823 4864 illi

2332 4906 2613 4979 principali
2659 4904 2752 4962 illo
2798 4905 3020 4976 spiritu,
3052 4905 3145 4978 qui
3188 4904 3343 4960 datus
3377 4914 3465 4961 est
3508 4910 3565 4959 ut
3595 4886 3823 4961 subdital‘l

2335 5000 2407 5055 sit
2429 4998 2605 5054 anima
2628 4997 2825 5055 divinis
2851 4997 2957 5054 illis
2987 4996 3154 5068 patris
3181 4997 3263 5053 sui
3292 4996 3600 5068 praeceptis;
3638 5004 3731 5063 qua:
3756 4993 3825 5038 cui!
3872 5012 3873 5067 γ

2407 5198 2486 5273 (l)
2509 5197 2707 5256 Confer
2721 5197 2877 5270 Vulg.
2909 5213 3027 5275 qua:
3055 5196 3199 5275 hunc
3225 5197 3396 5275 locum
3426 5194 3505 5252 sic
3530 5181 3827 5275 liabetzf'l’ﬂ‘

2337 5252 2505 5326 ωιὶέιῆ
2521 5252 3021 5344 statuastatua
3045 5252 3232 5338 Deum,
3263 5252 3366 5323 imo
3402 5265 3583 5338 cogniti
3602 5262 3733 5321 stitia
3748 5252 3824 5309 De:

2336 5344 2619 5414 ηυοηιοςιο,
2649 5351 2756 5414 eme

2410 5413 2492 5486 (2)
2521 5412 2595 5486 lta
2624 5413 2786 5486 codd.

2409 5483 2490 5557 (5)
2516 5484 2688 5540 Codd.
2714 5483 2936 5557 agenda.

2412 5553 2493 5630 (4)
2523 5557 2598 5630 [ta
2625 5553 2783 5630 codd.
2819 5556 2938 5611 lieic
2963 5563 3019 5611 et
3043 5553 3192 5611 alibi.

3875 4478 3877 4609 ι

708 5608 765 5683 (8
815 5613 980 5697 Codd.
1011 5632 1167 5699 nunc.
1192 5619 1336 5691 vulg.
1363 5630 1564 5692 autem,
1587 5633 1727 5680 tunc.
2525 5601 3305 5683 .Vict‘o‘ri—nu'sv'mo'rem-suum
3351 5622 3419 5679 ad
3464 5601 3823 5706 scriptam!“
3868 5666 3869 5671 η

713 5610 791 5757 l9;
811 5682 1036 5757 Lesnur
1061 5704 1113 5743 ιιι
1142 5689 1331 5757 Vulg.:
1361 5693 1471 5753 Sed
1499 5706 1686 5755 tunc...
1717 5698 1781 5756 iis
1805 5697 1892 5757 aui
1916 5705 2101 5757 natura
2125 5714 2229 5757 non
2346 5714 2496 5757 srene
2522 5697 2850 5757 provocandi
2869 5707 3054 5754 servat
3075 5697 3237 5756 etiam
3257 5699 3312 5756 in
3331 5694 3575 5757 oneribus
3595 5687 3738 5749 edItIS-
3868 5680 3869 5757 l

713 5680 1042 5773 (ξὶῌτθείιιιιζ
1061 5690 1113 5773 in
1142 5680 1331 5773 YulgT;
1361 5693 1471 5753 Sed
1499 5680 1686 5755 tunc...
1717 5698 1781 5756 iis
1805 5697 1892 5770 qui
1916 5705 2101 5757 natura
2125 5714 2229 5763 non
2346 5680 2496 5773 ειεξιξᾲ
2522 5680 2850 5773 provoca—udi
2869 5680 3243 5756 seruitum
3255 5680 3312 5756 in
3331 5680 3738 5773 operibus'editiso
3868 5680 3869 5773 ξ

638 5736 1331 5826 εηάέάῧῖςέτῐεέάὶιιὲεΐν·
1361 5736 1469 5753 “”“
1717 5736 1781 5756 ’⁵⁸
1805 5736 1891 5813 τ”’
1916 5736 2101 5757 ”“””“’

2347 5736 2496 5845 “ibi
2516 5736 2949 5840 ὅὸῖιέιῗῗὲἑῖριῗιῗ
3075 5736 3237 5756 “’““’“
3257 5736 3312 5756 ’⁵⁸
3331 5736 3574 5773 “’””’”“’”
3598 5736 3717 5749 ”’“ή
