4018 6184
179 245 300 303 1181

1026 242 1092 297 ΙΝ
1135 240 1521 299 EPISTULA.“
1552 239 1756 297 PAULI
1801 239 1893 299 AD
1930 239 2257 299 GALATAS
2298 241 2501 298 LIBER
2540 244 2603 301 11.

3320 230 3463 321 usa

179 371 232 412 se
276 355 495 424 excitat,
547 354 824 426 cognoscit
875 353 1119 410 eamdem
1167 354 1326 419 Deus,
1368 360 1422 408 et
1454 352 1533 406 sic
1588 351 1765 406 anima
1796 357 1842 417 Α
1873 353 2059 409 ﬁrmus
2084 369 2246 410 carne
2268 370 2387 411 cum
2420 354 2672 425 fuissem,
2714 353 3214 430 evangeliz’tvit’obis
3245 357 3468 433 jampri-

176 449 442 520 coguoscit
478 449 663 502 Deum.
708 446 861 515 Quod
907 458 1084 501 autem
1133 446 1267 500 dixit
1312 445 1561 499 elementa
1610 443 1767 514 hujus

175 540 345 595 mundi
393 557 588 615 egena,
636 557 739 596 uon
769 556 876 610 quo
929 540 1036 595 sint
1081 540 1344 594 elementa
1393 537 1517 602 alia,
1570 537 1770 593 idcirco

173 648 333 706 egena
382 632 542 704 hujus
586 632 805 699 mundi,
852 640 904 687 et
932 633 1198 687 elementa
1237 646 1358 704 quae
1387 645 1553 701 egena
1596 639 1766 687 sunt:

173 741 486 797 quamquam
519 741 801 797 possumus
830 725 989 781 etiam
1023 727 1077 781 in
1106 725 1472 796 superioribus
1503 725 1768 780 elementa

175 819 350 875 dicere
393 834 406 870 :
461 816 554 874 sed
604 819 761 889 longe
799 828 1065 873 semotum
1104 816 1206 872 hoc
1243 817 1310 871 ab
1339 816 1625 871 usitatioue
1661 813 1766 887 (l).

178 911 366 982 Quibus
411 929 617 967 rursum
657 907 734 983 (Ξ)
773 912 960 965 servire
1011 909 1181 989 vultis.
1237 909 1450 976 Silicet,
1499 918 1558 962 ut
1609 920 1770 977 supra

174 1007 337 1075 dixit,
367 1005 652 1077 antequam
703 1005 869 1060 Deum
910 1005 1133 1070 noratis,
1178 1002 1494 1058 serviebatis
1534 1002 1631 1069 iis,
1680 1001 1773 1071 qui

174 1100 244 1157 dii
282 1115 387 1154 non
424 1109 580 1166 sunt,
634 1114 777 1153 nunc
817 1113 946 1168 ergo
982 1098 1061 1151 liis
1101 1114 1305 1151 rursum
1348 1097 1536 1150 servire
1575 1095 1724 1149 vultis
1751 1110 1772 1149 :

174 1194 328 1250 vultis
348 1193 552 1265 inquit;
575 1202 630 1247 ut
651 1208 837 1248 eorum
862 1191 1148 1246 voluntatis
1166 1190 1257 1255 sit,
1281 1206 1384 1245 non
1410 1188 1765 1244 necessitatis.

240 1286 310 1343 Ut
357 1296 539 1341 autem
586 1282 652 1339 ad
700 1283 918 1340 Judaeos
956 1284 1054 1340 ista
1100 1293 1157 1338 et
1196 1282 1264 1337 de
1293 1281 1495 1339 Judaeis
1526 1280 1773 1335 videatur

172 1376 387 1442 dicere,
423 1376 476 1432 id
520 1384 605 1432 est
631 1375 697 1433 ad
736 1375 986 1439 Galatas,
1020 1374 1111 1446 qui
1142 1373 1449 1429 Judteorum
1481 1373 1584 1429 sibi
1613 1371 1774 1428 disci-

171 1471 369 1542 plinam
395 1469 661 1543 jungunt,
695 1470 774 1525 sic
800 1468 1062 1540 adjungit.
1208 1524 1215 1529 _
1435 1524 1439 1532 ,

245 1563 405 1619 Vens.
439 1562 525 1619 10.
544 1591 616 1604 -
639 1560 763 1616 Dies
790 1560 1088 1629 observatis,
1137 1568 1184 1614 et
1210 1574 1426 1625 menses,
1449 1566 1499 1612 et
1544 1567 1773 1628 tempora

172 1666 217 1712 et
243 1672 425 1709 annos.
443 1653 578 1710 Cum
603 1665 851 1724 tempora,
879 1668 1049 1724 genus
1074 1653 1144 1707 sit
1168 1651 1233 1705 ad
1263 1650 1465 1716 omnia,
1490 1665 1587 1705 cur
1612 1648 1692 1722 (5)
1724 1656 1772 1702 et

1874 447 1987 501 dem
2012 464 2032 514 ;
2054 456 2108 503 et
2136 446 2241 501 hoc
2265 449 2449 516 utique
2477 449 2646 505 scitis.

1947 538 2114 593 Vens.
2145 537 2306 592 IL—
2329 537 2397 594 Et
2422 542 2747 595 tentatiouem
2776 550 2993 595 vestram
3014 541 3066 594 in
3083 556 3353 594 carnemea
3372 557 3472 596 non

1872 630 2131 704 sprevistis
2153 647 2311 702 neque
2339 633 2600 705 respuistis
2631 633 2729 704 (l).
2764 631 2899 701 Quid
2928 633 3253 708 accipiamus
3298 642 3472 689 tenta-

1875 721 2075 776 tionem
2098 731 2352 786 vestrani,
2375 723 2682 794 ambiguum
2704 724 2831 778 mihi
2849 734 2926 777 est
2946 742 2957 776 :
2975 723 3115 792 quod
3137 738 3231 778 vos
3246 740 3328 777 me
3352 732 3473 779 teu-

1876 814 2017 879 tatis,
2037 829 2105 867 an
2136 814 2279 884 quod
2308 829 2406 885 ego
2435 816 2562 868 vos?
2591 814 2744 884 Quod
2775 830 2870 869 vos
2898 830 2985 870 me
3010 814 3260 880 teutatis,
3291 815 3471 870 nullus

1875 916 1956 962 est
1978 921 2200 972 sensus;
2225 921 2329 962 nou
2357 908 2501 963 enim
2536 915 2876 963 tentaverunt
2906 908 3058 962 illum
3078 908 3199 978 ipsi.
3222 906 3326 963 Sed
3347 924 3470 963 rur-

1875 1013 1966 1053 sus
1999 998 2252 1070 uumquid
2281 999 2476 1055 Paulus
2519 1000 2634 1070 ipse
2661 1001 2885 1055 tentavit
2908 1001 3046 1064 illus,
3075 1000 3164 1071 qui
3186 1015 3372 1056 verum
3396 1000 3476 1058 di-

1875 1092 2051 1157 cebat,
2084 1102 2137 1148 et
2163 1090 2849 1165 evangelizabatChristum
2872 1094 2898 1146 ?
2922 1093 3292 1164 evangelizare
3328 1094 3471 1147 euim

1876 1202 1983 1241 non
2012 1194 2094 1241 est
2123 1187 2499 1255 tentare.Quid
2532 1187 2844 1259 igitur,cum
2868 1188 3082 1243 tertium
3104 1187 3235 1242 nihil
3262 1187 3367 1241 sit?
3396 1190 3476 1245 Au

1876 1280 2260 1351 intelligimus,
2291 1280 2436 1351 quod
2483 1295 2602 1336 cum
2635 1280 2701 1335 ad
2729 1280 2946 1337 Galatas
2976 1281 3211 1337 venisset
3240 1279 3436 1334 Paulus
3459 1321 3475 1347 ,

1876 1371 2018 1443 quod
2047 1372 2121 1426 illi
2152 1387 2274 1427 eum
2300 1380 2510 1427 tentare
2550 1372 2864 1438 voluerunt,
2898 1372 2949 1428 id
2971 1384 3052 1427 est
3096 1373 3433 1443 interrogare
3458 1414 3473 1439 ,

1877 1471 1932 1518 et
1959 1463 2027 1520 de
2057 1462 2273 1519 Christo
2295 1464 2495 1536 aliquid
2526 1464 2822 1536 inquirere,
2856 1481 2922 1520 an
2948 1466 3113 1520 sciret
3142 1484 3155 1521 :
3186 1465 3328 1536 quod
3356 1465 3478 1537 qui-

1877 1555 2001 1610 dem
2035 1554 2204 1611 videri
2232 1564 2443 1627 poterat
2471 1557 2729 1623 teutatio;
2755 1555 3160 1612 cuminﬁrmum
3184 1557 3481 1629 hominem,

1877 1658 1932 1704 et
1959 1647 2010 1702 iu
2043 1664 2207 1703 carne
2250 1647 2524 1704 inﬁrmum
2559 1648 2807 1704 viderent
2836 1649 3040 1704 Galatas
3070 1649 3296 1704 Paulum
3329 1666 3341 1703 :
3376 1648 3486 1704 sci-

171 1746 296 1812 dies,
321 1756 367 1802 et
392 1762 606 1813 menses,
638 1755 692 1801 et
721 1746 847 1799 auni
904 1744 1318 1815 iuterpositum?
1346 1743 1508 1812 Quasi
1541 1743 1771 1797 alterum
1802 1750 1850 1812 Β
1879 1740 2006 1796 licet
2035 1751 2090 1795 ut
2120 1756 2243 1796 cum
2285 1741 2397 1797 Deo
2422 1742 2660 1808 serviat,
2688 1742 2858 1797 Deum
2913 1741 3171 1812 praedicet
3191 1784 3205 1811 ,
3237 1742 3481 1800 inﬁrmus

170 1837 308 1908 quod
330 1836 543 1909 quidem
566 1836 679 1892 ﬁeri
704 1846 878 1909 potest
897 1854 912 1892 :
930 1851 1050 1891 nam
1071 1834 1215 1891 aliud
1235 1821 1324 1891 est:
1335 1836 1627 1890 observare
1645 1835 1774 1903 dies,

170 1939 229 1985 ut
257 1937 339 1984 est
362 1940 420 1983 ιιι
444 1928 668 1984 sabbato
694 1927 995 1999 requiescat
1019 1927 1193 1981 :aliud
1217 1936 1300 1982 est
1319 1928 1607 1981 observare
1632 1942 1779 1980 men-

170 2038 248 2077 ses
270 2065 284 2086 ,
318 2029 375 2079 ut
419 2031 503 2076 est
527 2026 586 2074 ut
612 2021 893 2074 neomeuia
922 2019 1193 2084 observet,
1225 2033 1346 2072 cum
1380 2018 1495 2070 ﬁuit
1542 2015 1664 2070 luna
1697 2016 1779 2072 vel

173 2112 398 2182 incipit,
432 2111 575 2167 aliud
603 2122 688 2167 est
711 2111 1001 2166 observare
1048 2126 1209 2163 annos
1238 2125 1256 2163 ε
1286 2108 1431 2163 aliud
1473 2123 1603 2163 vero
1648 2118 1781 2162 tctu-

176 2216 301 2277 pora
333 2202 437 2277 (4),
470 2214 528 2258 ιιι
555 2201 842 2274 jejunium,
874 2203 1092 2271 pascha,
1121 2214 1340 2272 azyma,
1370 2209 1425 2256 et
1443 2209 1642 2255 cmtera
1681 2198 1781 2253 hu-

170 2296 402 2369 jusmodi
455 2313 577 2368 qua:
630 2292 771 2367 apud
818 2293 1035 2350 Judaeos
1090 2295 1254 2348 multa
1286 2302 1429 2348 sunt.
1478 2292 1594 2348 Non
1636 2295 1781 2349 enim

173 2401 265 2448 aut
291 2388 369 2464 (ὅ)
402 2391 525 2444 anni
553 2399 678 2445 sunt
707 2398 799 2442 aut
826 2404 1040 2443 menses
1079 2398 1170 2442 aut
1195 2387 1335 2454 dies,
1365 2387 1457 2442 sed
1489 2396 1749 2459 tempora.

249 2484 410 2540 Vens.
430 2484 519 2539 Η.
548 2514 620 2524 -
647 2481 825 2537 Timeo
855 2498 942 2536 vos
971 2498 1031 2535 ne
1055 2481 1185 2550 forte
1212 2481 1320 2535 sine
1339 2498 1491 2535 causa
1520 2481 1779 2535 laborare-

174 2578 269 2632 rim
308 2575 362 2631 in
392 2575 554 2651 vobis.
587 2573 641 2629 id
669 2585 752 2630 est
804 2575 1028 2629 multum
1080 2583 1264 2627 metuo
1308 2588 1375 2628 ne
1405 2573 1557 2628 labor
1604 2574 1782 2628 omnis

180 2685 331 2726 meus
364 2670 416 2723 in
447 2667 727 2737 evangelio
755 2682 863 2738 quo
895 2665 1122 2721 instruxi
1178 2679 1303 2731 vos,
1338 2676 1394 2719 ut
1425 2665 1478 2719 in
1507 2663 1779 2719 Christum

176 2762 334 2819 ﬁdem
368 2762 651 2828 habeatis;
686 2776 751 2816 ne
778 2760 888 2826 hic,
920 2759 1111 2830 inquit,
1140 2758 1292 2815 labor
1334 2759 1384 2813 iu
1436 2758 1647 2813 irritum
1692 2772 1785 2813 ve-

176 2856 307 2912 niat.
342 2855 564 2911 Frustra
600 2855 743 2910 enim
772 2853 875 2909 erit
902 2852 1045 2924 quod
1077 2867 1169 2906 vos
1198 2851 1380 2917 docui,
1412 2865 1532 2905 cum
1564 2849 1782 2905 1υὰωο-

176 2966 292 3006 rum
321 2962 541 3004 servare
568 2946 907 3015 disciplinam
940 2952 996 3001 et
1032 2943 1439 3000 observationes
1486 2944 1781 3012 coeperitis.

248 3038 508 3098 Vensdﬂ.
530 3070 604 3081 —-
621 3037 792 3093 Estote
811 3039 941 3093 sicut
962 3053 1074 3109 ego,
1104 3037 1346 3108 quoniam
1365 3034 1440 3108 (6)
1464 3046 1511 3091 et
1537 3052 1628 3107 ego
1654 3036 1786 3091 sicut

1879 1849 2043 1889 carne
2075 1832 2186 1900 sit,
2219 1834 2489 1903 fueritque
2521 1835 2620 1888 ista
2671 1836 2929 1906 cogitatio
2959 1835 3202 1903 Calatis,
3250 1836 3482 1893 interro-

1880 1943 2067 2007 gemus
2096 1943 2218 1981 eum
2246 1969 2261 1995 ,
2291 1927 2571 1984 videamus
2618 1929 2746 1999 quid
2786 1929 3112 2000 respondeat
3150 1930 3227 1984 de
3270 1929 3487 1986 Christo

1882 2021 1984 2075 iste
2011 2020 2100 2092 qui
2129 2019 2370 2076 iuﬁrmus
2404 2022 2455 2076 in
2508 2037 2671 2077 carne
2714 2032 2818 2078 est.
2872 2022 3017 2090 lloe,
3064 2024 3237 2097 inquit
3260 2065 3275 2089 ,
3306 2038 3402 2077 vos
3432 2024 3484 2077 in

1882 2129 2034 2169 carne
2054 2131 2164 2168 mea
2183 2131 2282 2168 non
2304 2116 2563 2183 sprevistis
2591 2157 2606 2181 ,
2654 2124 2705 2170 et
2736 2131 2822 2171 me
2856 2117 3100 2171 tentastis
3149 2132 3320 2189 neque
3348 2132 3483 2171 con-

1884 2206 2179 2276 tempsistis
2208 2209 2562 2262 tentatiouem
2589 2217 2822 2264 vestram
2857 2209 2909 2264 in
2962 2224 3124 2264 carne
3150 2225 3268 2264 mea
3305 2227 3318 2264 :
3357 2224 3487 2264 cou-

1884 2306 2187 2353 temnerent
2217 2306 2394 2353 autem
2415 2340 2429 2365 ,
2464 2299 2513 2353 id
2537 2309 2620 2355 est
2647 2317 2752 2354 nou
2787 2301 3179 2371 interrogarent
3205 2342 3221 2367 ,
3240 2284 3473 2357 falsum-

1887 2407 1995 2461 que
2026 2402 2277 2462 putarent
2326 2406 2383 2445 se
2434 2391 2626 2447 audire
2673 2407 2869 2463 posse,
2924 2393 3067 2465 quod
3135 2394 3482 2465 quaerebant,

1884 2484 1935 2539 id
1960 2484 2194 2555 estquod
2216 2485 2636 2556 iuterrogabant,
2656 2485 2799 2556 quod
2822 2495 2906 2541 est
2930 2487 3237 2543 tentahaut:
3266 2486 3479 2555 falsum,

1883 2576 2136 2645 inquam,
2186 2575 2503 2646 reSponderi
2544 2577 2644 2631 sibi
2697 2576 2985 2633 crcdeutes
3012 2577 3080 2634 ab
3123 2593 3188 2633 eo
3212 2578 3303 2647 qui
3342 2586 3488 2634 esset

1883 2668 2127 2723 inﬁrmus
2159 2668 2210 2722 iu
2243 2684 2424 2723 earne.
2481 2668 2678 2724 Verum
2728 2672 3150 2739 perseverastis,
3209 2684 3309 2725 nec
3351 2684 3485 2724 con-

1886 2760 2182 2830 tempsistis
2226 2761 2578 2815 teutationem
2631 2772 2864 2816 vestram
2898 2763 2948 2816 in
2990 2777 3153 2817 carne
3195 2761 3481 2827 mea;st

1884 2854 2191 2909 accessistis
2224 2852 2289 2907 ad
2323 2868 2444 2919 me,
2477 2868 2545 2907 an
2600 2854 2652 2908 in
2710 2854 2812 2908 ﬁde
2863 2869 2983 2909 mea
3015 2868 3189 2909 essem
3222 2864 3380 2922 atque
3429 2853 3482 2908 iu

1885 2947 2164 3017 evangelio
2211 2960 2639 3017 perseverarem.
2686 2945 2851 3017 Igitur
2900 2946 2953 3000 in
3006 2960 3169 3001 carne
3211 2944 3478 2999 inﬁrmum

1886 3041 2139 3095 tentastis
2167 3081 2182 3107 ,
2240 3040 2672 3111 interrogantes,
2724 3040 2768 3095 si
2810 3055 2869 3094 ea
2913 3037 3043 3093 mihi
3080 3036 3485 3107 evangelizaudi

175 3153 281 3191 vos.
310 3132 591 3203 Quomodo
610 3133 775 3197 enim,
806 3131 999 3203 inquit,
1029 3131 1248 3184 trausivi
1280 3146 1310 3183 a
1339 3129 1645 3185 .ludzeorum
1674 3128 1786 3183 dis-
1810 3138 1856 3201 ο
1890 3141 2037 3187 esset
2070 3147 2427 3202 perseverans
2452 3131 2722 3186 sententia
2748 3174 2762 3199 ,
2807 3145 2929 3186 cum
2962 3131 3013 3184 in
3041 3144 3205 3184 carne
3236 3128 3483 3182 inﬁrmus

175 3228 397 3301 cipliua,
427 3235 482 3282 et
506 3224 708 3280 credidi
739 3223 793 3278 in
818 3220 1111 3288 Christum,
1146 3231 1200 3277 et
1225 3221 1299 3276 illi
1329 3222 1536 3288 servio,
1561 3234 1615 3275 et
1641 3219 1783 3275 aliud

175 3337 299 3392 ago,
329 3329 384 3376 et
413 3316 517 3376 hoc
548 3334 643 3375 vos
673 3317 850 3383 docui,
879 3315 1153 3387 factusque
1179 3330 1296 3370 sum
1326 3314 1448 3371 talis
1476 3316 1663 3386 quales
1690 3328 1788 3369 vos

177 3412 301 3471 feci.
329 3397 506 3468 Vivite
530 3425 681 3482 ergo,
714 3421 769 3464 ut
789 3424 890 3479 ego
940 3409 1057 3462 vivo
1086 3427 1100 3462 :
1132 3417 1186 3463 et
1213 3408 1258 3463 si
1289 3423 1386 3462 vos
1410 3408 1610 3473 vivitis,
1640 3407 1783 3462 vivo.

254 3503 417 3560 Vsus.
447 3504 535 3559 15.
587 3531 659 3543 -
685 3500 900 3556 Fratres
926 3499 1134 3555 obsecro
1162 3517 1281 3567 vos,
1324 3499 1460 3554 nihil
1497 3515 1583 3554 me
1614 3501 1781 3554 laesis-

181 3598 249 3654 tis
272 3613 287 3663 ς
316 3597 455 3651 scitis
479 3596 599 3667 quia
625 3611 715 3666 per
743 3594 1093 3664 inﬁrmitatem
1135 3592 1304 3647 carnis
1335 3592 1677 3664 euangelizavi
1699 3607 1787 3646 vo-

181 3682 258 3743 bis
271 3688 607 3762 jampridem.
641 3685 788 3742 Istud
811 3728 825 3751 ,
855 3685 997 3757 quod
1024 3685 1402 3765 interpositum
1424 3725 1440 3753 ,
1474 3684 1539 3739 ad
1572 3699 1786 3755 persua-

181 3779 392 3835 sionem
423 3778 690 3847 pertinet,
715 3784 774 3831 ut
802 3775 855 3831 in
887 3776 1138 3831 omnibus
1163 3791 1454 3848 sequamur
1482 3773 1782 3830 Christum.

184 3872 305 3940 Quo
336 3869 545 3925 {acilius
592 3875 770 3923 autem
817 3868 919 3922 hoc
970 3867 1232 3933 suadeat,
1288 3868 1482 3937 repetit
1526 3868 1785 3937 principia

180 3962 451 4035 evangelii
478 3961 579 4018 sui.
608 3960 846 4016 Primqu
901 3960 1246 4017 commendat
1283 3960 1499 4015 labores
1537 3975 1697 4027 suos,
1732 3969 1790 4016 ut

178 4057 297 4128 jam
325 4055 568 4111 inﬁrmus
589 4068 753 4109 carne
803 4068 925 4107 cum
969 4052 1160 4107 fuisset
1180 4059 1236 4107 et
1279 4052 1582 4116 laboraret,
1609 4061 1786 4107 tamen

184 4147 512 4218 imposuerit
535 4145 641 4201 sibi
668 4145 909 4200 laborem
935 4185 951 4211 ,
977 4153 1032 4200 et
1054 4144 1507 4215 evangelizaverit
1531 4143 1736 4200 Calatis
1769 4162 1784 4200 :

182 4242 393 4297 addidit
423 4242 582 4296 etiam
596 4237 908 4312 jampridem
933 4236 985 4293 id
1040 4246 1155 4302 est,
1208 4237 1371 4306 olim;
1411 4237 1553 4292 unde
1583 4237 1788 4294 ﬁrmari

182 4333 328 4405 apud
375 4350 470 4391 vos
522 4332 789 4389 debuerat
833 4332 1070 4388 charitas
1114 4347 1243 4402 erga
1290 4349 1410 4401 uie,
1474 4333 1605 4389 ﬁdes
1659 4350 1788 4406 erga

184 4428 461 4484 Christum
498 4445 510 4480 :
542 4428 586 4482 si
618 4426 833 4498 quidem
866 4424 1083 4497 longum
1130 4434 1343 4497 tempus
1391 4436 1493 4481 est.
1547 4426 1662 4483 Non
1695 4444 1787 4499 pe-

1890 3241 2066 3281 essem
2094 3271 2108 3295 ,
2153 3226 2257 3281 hoc
2306 3236 2389 3281 est
2437 3241 2538 3279 non
2576 3225 2860 3296 respuistis
2905 3225 3058 3295 quasi
3100 3224 3369 3279 inlirmum
3430 3223 3481 3275 in

1890 3334 2092 3388 carne,
2143 3320 2321 3374 minus
2350 3319 2599 3374 idoneum
2657 3318 2722 3373 ad
2764 3316 3230 3388 respondendum,
3275 3314 3357 3368 vel
3390 3314 3481 3384 qui

1890 3419 2074 3481 posset
2103 3424 2313 3467 mutare
2339 3412 2693 3485 sententiam,
2725 3411 2813 3480 qui
2864 3409 2916 3463 iu
2956 3424 3120 3463 carne
3166 3417 3309 3463 esset
3334 3405 3485 3459 inﬁr-

1890 3520 2008 3560 mus
2041 3524 2054 3561 :
2088 3506 2140 3560 in
2163 3521 2269 3577 quo
2290 3515 2345 3561 et
2378 3505 2638 3561 rationem
2669 3501 2937 3569 reddidit,
2969 3517 3063 3557 cur
3090 3501 3203 3555 ﬁeri
3236 3514 3340 3553 uou
3362 3513 3486 3576 pos-

1889 3608 1972 3653 set
1995 3598 2076 3654 vel
2110 3613 2215 3654 non
2248 3599 2445 3655 factum
2505 3599 2573 3653 sit
2604 3639 2619 3666 ,
2652 3606 2711 3652 ut
2761 3596 3027 3652 sententia
3083 3590 3483 3665 evangelizaudi

1888 3691 1990 3745 alia
2024 3701 2169 3746 esset
2201 3706 2397 3746 :carne
2424 3691 2569 3745 enim
2598 3690 2842 3744 inﬁrmus
2867 3686 2937 3742 fui
2958 3729 2973 3753 ,
3005 3702 3108 3742 non
3141 3686 3340 3749 animo,
3375 3700 3479 3741 nou

1890 3785 2084 3855 spiritu
2119 3806 2133 3839 :
2170 3786 2239 3840 ita
2268 3794 2324 3840 et
2352 3786 2475 3840 illos
2503 3786 2655 3855 quasi
2693 3783 3069 3841 considerasse
3097 3780 3233 3837 dixit
3261 3780 3401 3851 quod
3430 3781 3481 3835 iu

1891 3893 2055 3932 carne
2082 3892 2257 3933 essem
2290 3893 2390 3948 ego
2412 3877 2654 3932 inﬁrmus
2678 3921 2692 3945 ,
2738 3892 2844 3932 non
2888 3877 3051 3931 etiam
3089 3874 3140 3929 in
3171 3873 3361 3944 spiritu
3389 3892 3401 3927 :
3431 3881 3487 3928 et

1892 3971 2096 4026 idcirco
2170 3980 2557 4041 perseverent,
2612 3979 2668 4030 ut
2735 3977 3005 4024 tentarent
3073 3966 3260 4032 illum,
3305 3979 3479 4034 neque

1891 4074 2241 4135 reSpuerent,
2273 4080 2448 4136 neque
2472 4079 2578 4119 non
2608 4071 2911 4119 tentarent:
2959 4061 3059 4116 iiOC
3098 4068 3182 4115 est
3211 4074 3316 4115 nou
3346 4072 3482 4114 0011-

1892 4160 2190 4230 tempsistis
2215 4202 2229 4223 ,
2262 4175 2370 4215 non
2394 4158 2674 4231 sprevistis
2700 4157 3053 4220 tentationem
3078 4165 3332 4209 vestram.
3382 4151 3485 4206 De-

1892 4252 2054 4324 nique
2083 4261 2136 4307 et
2166 4251 2312 4323 ipsos
2338 4251 2668 4307 intellexisse
2695 4248 2921 4304 Paulum
2945 4248 2996 4302 in
3020 4262 3180 4302 carne
3209 4246 3484 4301 inﬁrmum

1891 4361 2012 4402 esse
2032 4387 2046 4411 ,
2078 4360 2181 4399 non
2214 4345 2266 4399 in
2294 4343 2515 4415 Spiritu,
2547 4358 2615 4398 ex
2645 4340 2940 4411 suhjunctis
2967 4339 3123 4395 docet
3153 4357 3165 4392 :
3196 4338 3284 4392 sed
3311 4348 3366 4391 ut
3388 4354 3486 4391 au-

1891 4437 2061 4510 gelum
2082 4438 2349 4506 excepistis
2394 4453 2493 4503 me,
2512 4445 2565 4491 ut
2580 4435 2840 4491 Christum
2858 4431 3038 4486 Iesum
3062 4429 3159 4502 (Ξ).
3193 4428 3343 4485 Adeo
3378 4444 3484 4484 uou

183 4520 335 4593 perci
360 4561 375 4587 ,
407 4519 610 4591 inquit,
641 4517 787 4573 carni
812 4532 979 4583 mene;
1013 4517 1106 4571 sed
1136 4534 1224 4587 per
1246 4517 1590 4587 inﬁrmitatem
1611 4520 1785 4574 carnis

1890 4532 2042 4589 vobis
2073 4532 2456 4603 impedimento
2483 4529 2600 4597 fuit,
2622 4528 2765 4600 quod
2790 4528 2842 4582 in
2867 4539 3031 4581 carne
3052 4524 3294 4579 inﬁrmus
3314 4536 3487 4587 erant,

182 4613 529 4684 euangelizavi
550 4611 687 4667 vobis
712 4652 727 4676 .
759 4620 814 4666 et
827 4607 1145 4683 jampridem
1173 4610 1538 4682 evangelizavi
1575 4630 1589 4668 :
1617 4628 1785 4684 quare

182 4722 321 4777 ergo
347 4704 633 4775 adjungitis
673 4702 807 4771 alia,
839 4719 961 4775 qua:
1004 4718 1105 4774 ego
1136 4701 1288 4760 vobis
1313 4718 1419 4759 uou
1446 4705 1784 4777 evangeliza-

184 4799 289 4855 vi?
328 4800 458 4853 Cum
485 4807 664 4854 autem
693 4798 828 4853 dixit
877 4796 1007 4851 nihil
1034 4813 1114 4851 me
1153 4797 1355 4853 liesistis
1378 4798 1507 4853 illud
1549 4795 1786 4871 adjecit,

184 4905 297 4945 non
322 4888 522 4959 aliquid
550 4888 703 4945 vobis
731 4886 973 4944 subtraxi
996 4931 1010 4954 ,
1037 4903 1143 4943 non
1195 4888 1397 4959 aliquid
1430 4891 1608 4947 minus
1637 4891 1746 4947 dixi
1770 4933 1785 4959 ,

185 4982 336 5055 quod
364 4981 487 5037 facit
510 4981 600 5037 ille
627 4982 718 5053 qui
743 4981 956 5037 laeditur
983 4999 996 5035 :
1031 4997 1094 5037 ac
1118 4998 1186 5037 ne
1208 4980 1495 5039 crederent
1536 5000 1596 5040 se
1622 4986 1788 5041 veluti

185 5076 346 5133 oneri
373 5074 568 5143 fuisse,
595 5090 716 5129 cum
754 5072 1002 5129 inﬁrmus
1054 5073 1135 5147 (7)
1178 5089 1342 5130 carne
1371 5075 1788 5145 evangelizavit,

185 5167 399 5224 idcirco
427 5165 522 5232 ait,
556 5165 687 5220 nihil
711 5180 790 5219 me
824 5166 1048 5233 iussistis,
1078 5175 1133 5223 et
1160 5180 1260 5238 ego
1300 5177 1521 5238 propter
1558 5182 1656 5224 vos
1701 5168 1789 5224 iu-

261 5328 345 5400 (1)
372 5328 631 5400 Notcmus
653 5324 994 5382 vocabulum.

288 5398 346 5470 ’2)
380 5400 559 5470 Vulg.,
593 5398 795 5454 Denuo.

287 5470 347 5530 ὅ)
374 5470 545 5528 Codd.
576 5478 651 5524 ut.

288 5403 346 5473 ’2)
380 5403 559 5470 Vulg.,
593 5403 795 5454 Denuo.

287 5476 324 5530 ὅ
374 5470 545 5528 Codd.
576 5478 651 5524 ut.

375 5540 662 5669 Eisdaidbxte
687 5538 915 5595 dicimus
944 5538 998 5595 in
1023 5554 1274 5598 sermone
1304 5536 1696 5601 ecclesiastico.

292 5618 352 5671 5)
380 5618 552 5669 Codd.
585 5621 662 5668 ut.

299 5677 359 5762 β)
387 5685 526 5762 Quis
554 5682 693 5762 apud
723 5678 884 5762 Ῡυιεο
919 5677 1010 5738 ed-

295 5753 351 5830 τ)
380 5755 551 5817 Codd.
568 5753 810 5827 inﬁrmis.

1889 4622 1984 4681 sed
2016 4624 2297 4694 accepistis
2325 4637 2409 4677 me
2437 4632 2494 4676 ut
2539 4619 2787 4687 angelum
2840 4616 2965 4682 Dei,
2996 4613 3048 4669 id
3074 4621 3159 4680 est
3210 4611 3487 4680 nuntium,

1890 4716 2307 4795 praedicatorem
2351 4730 2381 4768 a
2415 4714 2523 4768 Deo
2556 4713 2808 4777 missum;
2843 4709 2928 4764 hic
2976 4718 3057 4763 est
3090 4705 3234 4761 enim
3266 4703 3489 4775 angelus

1893 4808 2022 4875 Dei;
2057 4818 2108 4864 et
2141 4823 2226 4863 me
2257 4804 2570 4875 suscepistis
2611 4814 2669 4858 ut
2719 4802 2994 4858 Christum
3059 4797 3243 4855 Jesum
3266 4838 3282 4864 ,
3330 4811 3491 4866 quem

1896 4900 2053 4956 vobis
2083 4900 2437 4971 przedicabam
2473 4916 2485 4953 :
2520 4897 2591 4953 ita
2624 4912 2752 4952 vere
2791 4894 3067 4951 Chrismm
3094 4891 3275 4947 Jesum
3307 4904 3493 4946 Susce-

1897 4993 2082 5064 pistis,
2115 4993 2159 5048 si
2190 5007 2275 5047 me
2317 4991 2598 5060 recepistis
2649 4988 2896 5060 angelum
2953 4986 3080 5054 Dei,
3110 4981 3380 5056 quomodo
3410 4996 3496 5037 re-

1899 5085 2118 5157 cepistis
2146 5083 2423 5139 Christum
2453 5081 2661 5138 Jesum.

1969 5177 2136 5235 Vens.
2193 5175 2279 5231 15.
2339 5206 2409 5217 —
2438 5176 2566 5242 Quae
2595 5191 2718 5247 ergo
2746 5173 2824 5246 (2)
2856 5180 2962 5227 erat
2994 5168 3249 5227 beatitudo
3281 5174 3447 5222 vestra
3472 5164 3498 5217 7

1898 5269 2017 5326 Jam
2059 5267 2296 5326 ostendit
2334 5268 2457 5324 illos
2506 5281 2647 5324 nunc
2703 5266 2969 5334 miseros,
3025 5261 3289 5334 siquidem
3343 5264 3500 5313 antea
3596 5326 3601 5329 ν

1980 5469 2062 5543 (1)
2088 5467 2347 5526 Notemus
2381 5466 2653 5526 diversam
2699 5480 2728 5519 a
2756 5463 2977 5535 Vulgata
3027 5454 3235 5534 periodi
3277 5451 3499 5510 divisio-

1906 5557 2059 5685 ηθὲ)
2090 5611 2248 5686 Vulg.
2281 5610 2477 5680 habet,
2507 5610 2597 5668 sed
2621 5611 2751 5666 sicut
2795 5604 3148 5678 angelum.....
3176 5598 3306 5655 sicut
3355 5595 3508 5653 Chri-

1908 5695 2065 5829 “atii;
2091 5755 2313 5831 Legitur
2346 5759 2399 5816 in
2430 5753 2592 5828 Vulg.
2614 5751 2701 5811 ubi
2727 5759 2968 5824 estergo,
2993 5754 3100 5804 etc.
