4018 6184
667 285 814 343 1183

1915 274 2106 332 MAR"
2145 273 2484 330 VlCTOlilNl
2525 272 2686 330 AFRI
3728 276 3816 331 δίει

670 399 948 461 beatitudo
978 399 1083 455 illis
1114 397 1288 453 fuerat
1308 438 1322 464 ,
1351 397 1475 468 quia
1525 402 1842 466 receperam
1899 390 2083 448 .lcsum
2115 389 2270 444 Chri-
2295 391 2350 452 Α
2375 388 2572 442 vidiam
2625 385 3022 442 aemulationem
3075 387 3298 456 positam
3320 424 3335 450 ,
3389 383 3598 454 adiungit
3630 402 3704 440 non
3732 389 3819 445 bene.

673 507 814 556 stum
841 539 856 563 ,
886 497 1010 569 quia
1043 495 1262 550 Paulum
1297 503 1355 550 ut
1384 493 1634 564 angelum
1670 492 1784 547 Dei.
1815 489 2024 560 Magna,
2057 488 2269 559 inquit,

672 589 774 646 fuit
800 597 978 644 vestra
1012 587 1288 644 beatitudo
1321 607 1335 641 :
1365 593 1512 653 erat,
1539 583 1712 654 inquit
1741 599 1755 636 :
1809 596 1952 636 nunc
1979 581 2139 650 igitur
2169 579 2272 634 uti-

670 698 777 754 que
806 691 992 737 contra
1014 723 1029 748 ,
1054 681 1178 737 dum
1211 679 1498 750 adjungitis
1546 692 1607 732 ea
1649 692 1767 746 qua:
1797 690 1902 731 non
1933 673 2124 738 docui,
2165 687 2270 726 nou

672 776 987 843 insinuavi,
1019 791 1138 844 qua:
1176 783 1323 829 extra
1355 771 1694 840 evangelium
1721 777 1874 831 sunt,
1935 767 2023 822 illa
2071 766 2275 821 scilicet

669 887 790 942 qum
826 886 982 938 supra
1002 869 1133 924 dixi.
1153 867 1528 923 Testimonium
1547 864 1683 920 vobis
1722 863 1978 934 perlribeo,
2004 860 2270 932 quoniam,

667 963 714 1019 si
745 963 858 1032 ﬁeri
903 972 1095 1032 posset,
1146 962 1322 1015 oculos
1369 970 1558 1012 vestros
1606 957 1863 1011 eruissetis
1921 966 1966 1009 et
2010 953 2275 1008 dedissetis

669 1055 802 1110 mihi
839 1053 942 1125 (l).
974 1053 1063 1109 Sic
1091 1068 1177 1107 me
1208 1050 1555 1120 suscepistis,
1588 1058 1640 1104 et
1669 1048 1828 1103 talem
1861 1061 1987 1117 erga
2019 1061 2104 1099 me
2159 1043 2276 1097 ani-

672 1162 821 1204 mum
852 1147 1115 1201 habuistis
1137 1188 1150 1212 ,
1179 1145 1341 1201 talem
1391 1145 1718 1198 voluntatem
1741 1183 1754 1206 ,
1789 1151 1843 1194 ut
1881 1139 1991 1210 jam
2020 1138 2275 1209 quoniam

674 1240 813 1296 nihil
842 1248 926 1294 est
951 1238 1167 1294 charius
1211 1238 1415 1292 homini
1448 1235 1649 1301 oculis,
1681 1235 1824 1304 ipsos
1855 1246 2065 1300 quoque
2092 1230 2278 1286 oculos

672 1351 866 1393 eruere
886 1335 1044 1390 vobis
1074 1333 1284 1388 velletis
1316 1331 1414 1405 (2),
1451 1341 1503 1385 et
1533 1330 1661 1386 mihi
1692 1328 1840 1383 dare.
1877 1327 2019 1397 Ergo
2045 1341 2166 1380 cum
2199 1323 2278 1378 sic

674 1442 762 1483 me
793 1426 1134 1491 amaveritis,
1169 1433 1225 1479 et
1272 1422 1584 1480 amaverilis
1641 1430 1859 1491 propter
1901 1417 2235 1488 evangelium
2258 1455 2274 1481 ,

675 1519 816 1574 unde
845 1518 996 1573 vobis
1027 1517 1130 1572 ista
1159 1516 1424 1572 sententia
1451 1523 1566 1576 est,
1599 1523 1657 1568 ut
1685 1511 1948 1583 adjiciatis
1978 1525 2042 1565 ea
2072 1510 2136 1564 ad
2168 1509 2278 1563 dis-

672 1611 956 1680 ciplinam,
994 1623 1112 1680 qua:
1141 1624 1169 1663 a
1189 1625 1274 1662 me
1300 1607 1667 1678 evangelizata
1698 1622 1805 1659 nou
1835 1603 2002 1658 sunt?
2030 1602 2084 1657 id
2112 1609 2194 1656 est
2223 1608 2281 1655 ut

673 1715 871 1777 praeter
900 1702 1176 1759 Christum
1204 1702 1404 1773 aliquid
1451 1701 1520 1756 de
1563 1701 1681 1771 lege
1733 1683 1970 1765 faciatis,
2002 1709 2055 1754 et
2083 1713 2188 1753 non
2222 1707 2280 1754 ut

2373 477 2728 534 [Emulamini
2744 487 2912 532 autem
2934 478 3149 532 meliora
3174 476 3309 531 dona
3328 518 3342 544 ,
3392 491 3487 529 non
3514 476 3589 529 illa
3616 493 3702 546 qua:
3719 479 3822 538 Judri

2376 571 2604 637 habent,
2637 585 2758 641 qua:
2790 571 2926 625 bona
2957 586 3062 624 non
3091 578 3250 635 sunt,
3297 583 3358 624 ac
3386 569 3583 622 meliora
3608 584 3687 624 non
3722 586 3819 640 sunt;

2375 678 2472 717 vos
2498 672 2678 717 autem
2704 661 3034 716 temulemiui
3067 677 3128 716 ea
3172 677 3289 732 qua:
3318 661 3449 715 bona
3476 671 3611 727 sunt,
3629 672 3670 715 et
3688 666 3822 719 uteiion

2375 755 2547 821 dona,
2581 755 2632 811 id
2684 765 2767 811 est
2806 757 2880 810 uti
2913 754 3176 826 quidquid
3228 754 3278 808 in
3328 752 3428 808 ﬁde
3467 762 3516 808 et
3537 753 3735 810 cltarilate
3759 770 3823 822 est,

2376 855 2522 908 circa
2545 853 2818 908 Christum
2851 853 3196 920 :cmulcntini,
3217 851 3391 906 ethoc
3415 852 3682 919 sequamini.
3706 853 3825 907 Bonum

2379 957 2463 1002 est
2486 947 2727 1001 aemulari
2755 945 2980 1000 meliora
3016 960 3250 1014 semper.
3281 942 3424 1005 Non,
3465 943 3671 996 :emulari
3707 943 3823 999 bonum

2377 1048 2495 1104 est;
2528 1038 2622 1093 sed
2675 1038 2898 1093 meliora
2955 1037 3195 1091 armulari
3245 1043 3300 1090 et
3351 1049 3566 1104 semper,
3598 1034 3745 1089 bonum
3774 1048 3826 1091 est.

2378 1129 2446 1185 Et
2476 1147 2576 1183 non
2603 1129 2766 1184 solum
2788 1147 2901 1182 cum
2934 1145 3155 1198 preesens
3186 1145 3298 1182 sunt
3341 1127 3475 1198 apud
3515 1143 3607 1182 vos.

2451 1221 2614 1276 Vens.
2648 1221 2733 1277 l9.
2757 1251 2828 1261 —
2845 1219 2972 1275 Filii
2984 1222 3082 1274 mei
3100 1221 3202 1291 (ιι),
3217 1237 3339 1289 quos
3352 1222 3522 1274 iterum
3535 1221 3729 1291 periurio,
3745 1224 3829 1274 done

2379 1314 2610 1369 Christus
2624 1318 2878 1386 formetur
2899 1314 2951 1366 in
2978 1312 3136 1367 vobis.
3164 1312 3278 1366 Non
3307 1312 3496 1376 solum,
3522 1313 3830 1382 iuquit,mepr1~

2379 1415 2532 1461 sente
2559 1405 2798 1460 aemulari
2828 1405 3060 1469 debetis,
3089 1404 3182 1460 sed
3214 1419 3444 1473 semper.
3467 1402 3540 1458 Ad
3566 1405 3608 1458 id
3628 1405 3742 1474 igitur
3755 1405 3828 1473 quasi

2382 1497 2557 1567 posuit
2584 1514 2782 1563 semper
2811 1497 3053 1567 adjunxit
3080 1506 3126 1552 et
3153 1514 3253 1551 non
3275 1498 3441 1550 soluat
3464 1513 3568 1550 eum
3589 1513 3822 1567 prasente:

2379 1586 2521 1658 apud
2545 1603 2652 1642 vos.
2683 1587 2852 1642 Porro
2897 1598 3082 1643 autem
3135 1587 3276 1658 quod
3329 1588 3560 1657 adjunxit
3585 1588 3664 1657 ﬁlii
3679 1592 3745 1643 mei
3761 1606 3829 1659 qm-

2382 1681 2527 1733 niam
2561 1679 2747 1735 multis
2794 1679 2972 1735 modis
3015 1679 3284 1747 dicuntur,
3319 1696 3457 1734 nunc
3497 1678 3828 1744 charitate,num

675 1773 997 1866 simpliciter
1024 1794 1252 1861 tradidi,
1275 1796 1326 1849 in
1347 1793 1564 1849 Christo
1592 1792 1851 1847 habentes
1873 1806 2022 1861 spem
2039 1834 2054 1858 ,
2088 1790 2271 1858 fidem,

2312 1773 2351 1832 B
2382 1783 2601 1840 natura,
2651 1789 2792 1829 nunc
2823 1775 3115 1843 sanguine,
3153 1789 3296 1828 nunc
3352 1775 3507 1828 etiam
3545 1775 3828 1844 religione,qm

674 1887 1082 1954 credulitatem,
1117 1886 1295 1941 omnia
1342 1885 1605 1955 speretis,
1658 1883 1840 1938 omnia
1897 1882 2156 1950 consequi
2183 1895 2276 1936 vos

677 1994 834 2050 posse
861 1978 1097 2034 credatis
1118 2021 1133 2046 ,
1158 1988 1213 2034 et
1238 1977 1610 2033 remissionem
1640 1986 1981 2046 peccatorum
2001 2015 2016 2042 ,
2047 1982 2102 2030 et
2122 1987 2277 2028 sanc-

690 2071 1068 2136 tiﬁcationem,
1101 2080 1154 2126 et
1186 2070 1274 2125 Dei
1303 2069 1565 2140 gloriam?

748 2164 913 2219 Vens.
950 2164 1035 2221 16.
1067 2193 1134 2203 —
1155 2163 1295 2234 Ergo
1345 2163 1581 2217 inimicus
1609 2171 1770 2216 vester
1813 2162 1981 2231 factus
2012 2177 2158 2225 sum,
2189 2177 2273 2215 ve-

673 2275 790 2313 rum
816 2259 1102 2327 prmdicans
1128 2257 1264 2314 vobis
1285 2256 1402 2331 (5)?
1422 2256 1477 2312 Si
1505 2259 1647 2312 enim
1670 2255 1772 2310 alia
1801 2254 1977 2311 facere
2000 2254 2239 2325 cwpistis
2261 2296 2276 2320 ,

676 2353 916 2408 inimicus
946 2354 1084 2407 vobis
1113 2354 1280 2424 {actus
1305 2369 1436 2407 sum.
1465 2350 1572 2408 Sed
1602 2366 1723 2406 cum
1758 2350 2098 2420 prmdixerim
2128 2349 2279 2404 vobis

683 2456 738 2502 et
767 2445 1173 2516 pracdicavcrim
1203 2444 1479 2500 Christum
1504 2452 1560 2499 et
1602 2443 1962 2514 evangelium,
2005 2441 2146 2511 quod
2198 2448 2282 2495 est

680 2552 809 2592 vere
834 2554 994 2591 unum
1030 2538 1125 2592 Dei
1154 2537 1321 2591 ﬁlium
1343 2551 1464 2590 esse
1494 2535 1764 2590 Christum
1784 2576 1798 2601 ,
1831 2549 1928 2605 per
1955 2533 2133 2601 ipsum
2161 2549 2280 2585 tmt-

677 2630 790 2697 nia,
821 2639 875 2685 et
907 2630 958 2684 in
987 2629 1202 2684 Christo
1227 2629 1426 2690 omnia,
1451 2621 1626 2695 ipsum
1655 2637 1780 2682 ante
1804 2625 2013 2691 omnia;
2037 2624 2140 2681 hoc
2157 2639 2280 2679 cum

683 2719 756 2776 sit
809 2735 1028 2787 verum,
1058 2729 1110 2776 et
1140 2720 1251 2791 ipsa
1303 2721 1373 2775 sit
1403 2720 1631 2786 veritas;
1662 2735 1829 2788 quare
1857 2718 2009 2773 vobis
2034 2718 2284 2772 inimicus

686 2814 857 2869 lactus
895 2813 1050 2869 sum?
1076 2814 1128 2869 Is
1183 2814 1325 2869 enim
1360 2813 1608 2868 inimicus
1637 2827 1756 2869 esse
1803 2812 2002 2878 debet,
2030 2812 2118 2883 qui
2160 2827 2280 2866 cum

680 2905 1043 2978 interrogetur
1080 2905 1207 2977 quid
1246 2922 1431 2962 verum
1479 2907 1582 2969 sit,
1615 2906 1773 2960 docet
1811 2903 2004 2958 falsum
2039 2921 2051 2958 :
2085 2916 2138 2958 at
2184 2919 2283 2974 ego

680 3016 803 3057 cum
858 3017 1042 3057 verum
1083 3001 1310 3056 dixerim
1369 2999 1576 3072 (verum
1631 3000 1775 3054 enim
1830 2999 1961 3052 dicit
2009 2997 2098 3069 qui
2149 3014 2285 3068 prm-

681 3095 826 3151 dicat
855 3095 1150 3168 Christum)
1173 3110 1282 3151 non
1309 3103 1394 3152 est
1418 3093 1745 3151 conveniens
1777 3103 1834 3148 ut
1862 3093 2110 3148 inimicus
2134 3091 2285 3148 vobis

677 3189 851 3246 factus
872 3191 992 3246 sim.

753 3283 918 3339 Vens.
973 3283 1038 3338 17
1068 3291 1125 3338 et
1157 3282 1244 3338 18.
1301 3311 1374 3322 —
1404 3279 1746 3336 dimetiantur
1775 3294 1862 3332 vos
1894 3295 1994 3332 non
2025 3277 2187 3344 bene;
2236 3287 2283 3332 et

681 3380 954 3435 excludere
984 3395 1069 3433 vos
1097 3378 1305 3444 volunt,
1339 3388 1393 3431 ut
1423 3378 1540 3431 illos
1567 3375 1875 3430 wmulemini
1908 3391 1927 3429 :
1968 3375 2284 3429 leuiulamini

680 3483 854 3529 autem
883 3473 1100 3527 meliora
1132 3473 1269 3526 dona
1298 3470 1396 3543 (4).
1435 3469 1502 3526 Ut
1550 3485 1696 3538 saape
1726 3468 1794 3522 ab
1821 3467 2031 3522 insidiis
2061 3475 2286 3522 caveant

683 3576 898 3628 monet,
930 3565 1070 3635 quod
1102 3565 1176 3620 illi
1205 3565 1293 3634 qui
1329 3561 1654 3634 persuadent
1674 3560 1878 3617 Calatis
1915 3561 1986 3615 uti
2017 3560 2176 3616 etiam
2197 3559 2284 3629 ju—

686 3662 890 3717 daicam
925 3661 1094 3732 legem
1151 3670 1466 3730 sequantur,
1526 3659 1868 3725 aemulantur,
1926 3657 2124 3727 inquit,
2157 3673 2281 3722 vos;

690 3755 744 3810 id
774 3764 854 3809 est
887 3755 1128 3810 invident
1173 3754 1364 3818 vobis;
1398 3769 1520 3808 nam
1552 3750 1795 3807 aemulari
1846 3749 1971 3805 dum
2020 3749 2152 3804 duas
2197 3762 2285 3802 res

690 3847 991 3918 significet;
1026 3862 1182 3901 unam
1207 3889 1221 3914 ,
1250 3863 1373 3901 cuin
1407 3847 1602 3916 aliquis
1660 3844 1969 3909 aemulatur,
2018 3842 2141 3912 quia
2175 3841 2286 3912 pla-

687 3949 806 4005 cet,
839 3939 960 4010 quia
992 3937 1188 3992 bouum
1216 3945 1301 3991 est
1329 3953 1343 3992 :
1372 3937 1530 3991 aliam
1549 3978 1564 4003 ,
1593 3951 1695 4004 qua
1723 3935 1940 4006 quidem
1967 3932 2089 3988 ideo
2120 3947 2286 3986 aemu-

687 4033 888 4097 lantur,
910 4031 1034 4102 quia
1061 4029 1322 4084 invident.
1373 4027 1411 4082 li
1433 4070 1447 4093 ,
1480 4029 1688 4098 inquit,
1740 4026 2050 4082 inueniamur
2070 4042 2156 4080 vos
2184 4042 2285 4080 non

690 4127 855 4191 bene;
887 4141 994 4196 quo
1030 4123 1339 4178 ostenderet
1377 4121 1443 4176 dc
1471 4120 1668 4176 invidia
1726 4121 1846 4175 illos
1889 4118 2113 4174 aemulos
2143 4132 2282 4173 esse.

689 4219 891 4274 Deinde
912 4217 1154 4287 adjnnxit
1179 4216 1448 4270 excludere
1476 4231 1562 4269 vos
1581 4214 1773 4280 volunt,
1798 4212 1850 4268 id
1872 4221 1956 4268 est
1984 4212 2050 4268 ab
2077 4212 2179 4267 ista
2210 4209 2287 4266 ic-

689 4309 888 4365 licitate
909 4317 965 4364 et
991 4309 1352 4374 beatitudine;
1379 4308 1503 4379 quia
1549 4304 1822 4361 Christum
1873 4303 2282 4376 cognoscendo,

687 4402 879 4458 salutis
908 4401 1117 4456 habetis
1143 4416 1292 4472 spem
1347 4411 1402 4455 et
1430 4400 1658 4470 gloriam
1710 4397 2024 4455 caelestem:
2080 4396 2174 4451 sed
2219 4396 2286 4451 ab

688 4496 790 4553 hac
823 4512 914 4551 vos
940 4494 1224 4551 excludere
1251 4493 1491 4564 cupiunt.
1519 4492 1670 4561 Quod
1716 4502 1895 4547 autem
1944 4489 2186 4560 adjunxit
2232 4498 2286 4542 ut

685 4592 805 4647 illos
843 4591 1158 4648 tentatemini
1189 4599 1246 4644 ut
1271 4599 1326 4644 et
1347 4605 1441 4644 vos
1488 4585 1793 4659 sequamini
1824 4585 1980 4651 illos,
2012 4588 2080 4639 ita
2106 4583 2286 4653 dupli-

690 4701 808 4743 cem
838 4687 997 4743 istam
1025 4683 1316 4742 mtttulaudi
1337 4683 1750 4754 signiﬁcantium
1780 4681 2008 4736 diversis
2031 4679 2163 4735 locis
2193 4693 2288 4750 po-

691 4782 799 4834 Sttil.
823 4823 835 4843 ,
861 4795 984 4834 cum
1034 4779 1305 4834 aunulatio
1341 4778 1410 4833 sit
1453 4775 1714 4841 imitatio,
1746 4773 1978 4830 maxime
2003 4787 2122 4827 cum
2153 4779 2207 4824 et
2236 4770 2288 4824 in

694 4874 891 4928 bonum
922 4883 1025 4930 est.
1061 4874 1172 4928 lloc
1198 4882 1280 4929 est
1306 4870 1450 4944 quod
1482 4870 1568 4925 hic
1597 4869 1700 4934 ait,
1730 4878 1784 4923 ut
1813 4869 1929 4922 illos
1955 4863 2286 4930 wmulemini,

693 4966 747 5022 id
781 4977 863 5021 est
893 4978 948 5021 ut
973 4967 1122 5037 quasi
1154 4967 1350 5021 bonum
1397 4965 1615 5020 illorum
1645 4961 1965 5034 sequamini.
2000 4961 2169 5016 Porro
2190 4976 2288 5015 au-

696 5069 803 5116 tem
831 5059 972 5129 quod
1001 5060 1142 5114 dixit
1167 5059 1487 5114 aemulantur
1511 5073 1606 5114 vos
1635 5097 1652 5124 ,
1683 5067 1741 5113 ut
1770 5055 2080 5113 ostenderet
2113 5054 2181 5110 ad
2208 5055 2290 5110 in-

769 5216 847 5282 (l)
875 5213 1072 5270 Confer
1091 5215 1244 5285 Vulg.
1272 5231 1390 5284 quae
1420 5215 1559 5269 hunc
1581 5215 1758 5270 locum
1784 5215 1861 5271 sic
1877 5213 2093 5270 exhibet
2123 5231 2136 5266 :
2165 5212 2292 5267 Tes-

695 5290 964 5346 timonium
997 5286 1130 5340 enim
1164 5286 1397 5351 perhibeo
1425 5287 1595 5344 vobis.
1628 5289 1778 5356 quia,
1803 5297 1908 5341 etc.

766 5362 844 5434 (ἓ)
870 5357 1272 5434 Codd._vellitis,
1292 5372 1417 5434 niox
1441 5355 1842 5434 iactuurvelitis.
1874 5355 2031 5434 Malui
2061 5355 2287 5434 velletis.

875 5432 1030 5505 _llunc
1059 5429 1234 5483 locum
1263 5428 1339 5481 sic
1371 5429 1529 5505 habet
1556 5427 1822 5505 Vulg._ed_.
1847 5445 1861 5481 :
1888 5425 2028 5498 Ergo
2054 5426 2291 5481 inimicus

695 5498 838 5574 vobis
859 5503 1026 5574 factus
1053 5517 1166 5556 sum
1194 5541 1207 5563 ,
1238 5515 1416 5574 verum
1439 5498 1612 5552 dicens
1627 5498 1816 5574 vobisil

770 5565 1161 5646 (4)'lliversus
1206 5571 1286 5646 sic
1336 5569 1584 5646 leguntur
1627 5569 1680 5623 in
1714 5569 1868 5640 Vulg.
1907 5565 2293 5646 :_2Emulau_t_ur

695 5637 788 5702 vos
813 5637 913 5698 non
945 5645 1066 5699 bene
1094 5661 1111 5699 :
1137 5643 1226 5698 sed
1252 5637 1521 5696 excludere
1566 5655 1652 5693 vos
1707 5637 2062 5703 uon'volunt,
2091 5647 2142 5690 ut
2174 5637 2292 5694 illos

694 5716 1023 5774 tentulemiui.
1053 5715 1252 5770 Bonum
1281 5722 1447 5766 autem
1480 5711 1796 5768 wmulamiui
1836 5711 1888 5764 in
1913 5713 2043 5765 bona
2071 5725 2292 5780 semper,

697 5797 744 5842 et
771 5805 872 5843 non
903 5795 1098 5842 tantum
1129 5803 1243 5841 cum
1274 5800 1499 5856 premens
1528 5799 1640 5838 sum
1659 5781 1798 5853 apud
1827 5797 1937 5838 vos.

2379 1863 2542 1920 hodie
2571 1864 2701 1920 dicit
2729 1864 2929 1919 Paulus
2950 1907 2964 1930 ,
3017 1864 3116 1934 ﬁlii
3160 1865 3260 1918 mei
3284 1881 3303 1918 :
3333 1865 3447 1919 sive
3492 1865 3599 1935 quia
3625 1881 3696 1934 per
3718 1866 3828 1935 baptis-

2378 1973 2526 2012 mum
2547 1998 2561 2024 ,
2591 1972 2714 2012 cum
2750 1959 3086 2028 regeneratio
3113 1957 3170 2011 lit
3195 1999 3208 2020 ,
3241 1957 3335 2013 ille
3362 1958 3451 2028 qui
3492 1957 3746 2027 baptizatum
3765 1972 3827 2026 per.

2380 2052 2491 2107 ﬁcit
2513 2095 2527 2119 ,
2561 2052 2645 2107 vel
2675 2052 2972 2124 perfectum
3006 2053 3271 2122 suscepit,
3311 2062 3458 2122 pater
3489 2049 3730 2122 dicitur-(il
3751 2051 3829 2105 :siie

2379 2146 2502 2216 quia
2527 2160 2650 2201 cum
2683 2156 2909 2201 renovat
2929 2146 3049 2200 illos
3077 2146 3128 2199 in
3152 2145 3425 2200 Christum
3445 2187 3459 2212 ,
3487 2145 3593 2200 facit
3621 2141 3827 2204 liliossuvs;

2381 2238 2586 2293 idcirco
2617 2237 2814 2308 adjecit
2838 2255 2965 2309 quos
2991 2255 3080 2310 ego
3111 2240 3366 2308 parturio,
3398 2239 3446 2292 id
3469 2248 3545 2293 est
3563 2239 3606 2293 in
3627 2237 3749 2292 lucem
3763 2254 3827 2307 pm-

2381 2331 2524 2385 ferre
2555 2332 2714 2400 cupio
2739 2375 2753 2397 ,
2791 2331 3103 2401 magnisque
3130 2331 3410 2385 doloribus
3430 2331 3602 2385 animm
3627 2345 3724 2384 mea
3751 2331 3828 2382 nati

2381 2421 2449 2476 ad
2472 2423 2634 2476 vitam
2657 2424 2819 2492 cupio
2848 2431 2908 2478 et
2933 2423 2999 2476 ad
3029 2423 3257 2477 salutem
3290 2439 3304 2476 ;
3328 2423 3429 2477 hoc
3456 2431 3535 2478 est
3561 2423 3674 2478 enim
3695 2420 3828 2493 quodat

2382 2513 2543 2567 donec
2564 2517 2815 2585 formetur
2832 2511 3066 2568 Christus
3114 2514 3167 2568 in
3207 2515 3368 2568 vobis.
3401 2514 3576 2570 Omnis
3599 2514 3705 2568 enim
3732 2514 3827 2565 animi

2382 2595 2655 2662 Cliristum
2680 2607 2920 2674 recipere
2951 2617 3166 2677 potest:
3199 2608 3414 2676 anima,
3461 2609 3673 2676 inquam,
3697 2605 3828 2659 hominis

2383 2698 2430 2754 si
2461 2699 2667 2754 ratione
2694 2708 2896 2766 utatur,
2925 2700 2968 2753 si
2997 2711 3286 2770 cognoscat
3319 2699 3561 2754 mundum
3583 2709 3628 2752 ut
3647 2711 3828 2755 nonsuum,

2384 2789 2428 2844 si
2456 2790 2631 2844 omnia
2660 2791 2712 2844 in
2741 2791 2941 2845 mundo
2963 2789 3263 2857 discernat,
3301 2791 3350 2844 si
3379 2800 3645 2845 creatorem
3669 2802 3769 2841 suum
3787 2799 3830 2838 rt-

2383 2891 2711 2952 cognoscat,
2746 2884 2988 2953 recipere
3025 2881 3299 2936 Christum
3359 2891 3558 2952 potest;
3603 2879 3684 2933 imo
3717 2879 3750 2930 in
3771 2877 3827 2942 ipsi

2386 2974 2478 3031 illa
2509 2976 2684 3030 anima
2721 2976 2962 3031 Christus
2989 2975 3268 3044 formatur,
3305 2977 3358 3031 id
3381 2988 3461 3032 est
3480 2974 3688 3044 Spiritus;
3711 2985 3776 3041 quo
3791 2971 3829 3021 in-

2387 3068 2492 3121 sito
2521 3077 2574 3121 et
2617 3077 2895 3122 crescente
2947 3084 3041 3137 per
3089 3067 3464 3123 credulitatem
3506 3067 3723 3127 liberatur,
3742 3071 3774 3116 et
3798 3059 3828 3110 al

2311 3156 2355 3220 C
2388 3161 2631 3217 caelestia
2661 3176 2821 3232 regna
2853 3162 3126 3231 pervenit,
3156 3171 3211 3216 et
3238 3162 3465 3216 salutem
3489 3152 3829 3229 consequiturlucis

2387 3263 2627 3310 aeterna}.
2663 3255 2851 3326 Magna
2882 3265 3061 3310 autem
3091 3255 3170 3309 vis
3197 3266 3251 3310 et
3283 3257 3514 3326 potentia
3538 3265 3640 3319 est,
3667 3247 3827 3321 qnudaih

2387 3347 2549 3401 donec
2579 3345 2813 3402 Christus
2840 3351 3089 3418 formetur
3109 3349 3162 3401 in
3203 3349 3366 3404 vobis.
3405 3348 3567 3418 Atque
3599 3345 3678 3400 iste
3708 3351 3828 3397 sermo,

2355 3497 2358 3499 Α
2386 3439 2475 3511 qui
2499 3455 2641 3494 nunc
2665 3450 2848 3494 uoster
2875 3449 2989 3508 est,
3039 3440 3433 3511 expositionem
3459 3438 3697 3495 verborum
3719 3428 3828 3498 sinnli-

2389 3547 2507 3588 cem
2536 3541 2717 3598 tenet;
2751 3533 2893 3588 unde
2917 3544 3176 3604 quantum
3205 3535 3339 3589 Satis
3365 3549 3481 3590 esse
3501 3532 3827 3589 credimus,supn

2387 3625 2642 3680 diximus.
2672 3625 2808 3694 Quid
2847 3627 2919 3680 sit
2966 3635 3144 3681 autem
3191 3624 3470 3693 Christus,
3512 3622 3674 3693 quidve
3713 3615 3827 3671 [amari

2387 3714 2703 3783 Christum,
2737 3727 2790 3772 et
2819 3719 2870 3772 in
2919 3718 3136 3774 homine
3181 3719 3443 3783 formari,
3498 3717 3636 3772 altior
3671 3711 3830 3774 vetiurqte

2387 3810 2655 3880 expositio
2671 3811 2796 3866 alibi
2828 3827 2857 3865 a
2890 3813 3043 3867 nobis
3072 3813 3329 3882 panditur
3357 3829 3418 3867 ac
3441 3812 3710 3883 explicatur.

2464 3904 2626 3961 Vens.
2661 3903 2746 3961 ΞΟ.
2801 3936 2870 3947 -—
2911 3904 3101 3959 Vellem
3131 3916 3301 3959 autem
3351 3922 3481 3960 nunc
3523 3905 3670 3957 adesse
3691 3899 3740 3967 ('5)
3766 3895 3830 3961 αρξέ
3872 3955 3873 3974 η

2388 4013 2508 4064 vos,
2541 4008 2585 4052 et
2633 4008 2826 4052 mutare
2865 4013 3037 4052 vocem
3086 4014 3277 4064 meam,
3333 3998 3561 4067 quoniam
3601 3985 3828 4062 confundat?t
3872 3975 3873 4042 l

2388 4091 2547 4147 vobis.
2579 4091 2680 4146 Per
2723 4091 3005 4160 epistolam
3063 4090 3176 4146 haec
3226 4101 3523 4161 praecepta,
3571 4096 3620 4142 ut
3657 4082 3830 4140 cemimus.
3872 4091 3873 4138 Υ

2389 4185 2604 4240 dantur.
2638 4184 2825 4255 Magna
2858 4193 3038 4239 autem
3094 4184 3463 4255 indignatione
3491 4183 3582 4238 hoc
3614 4175 3830 4246 sumpturum
3872 4217 3873 4236 η

2389 4277 2630 4344 diceret,
2658 4278 2862 4332 utinam
2887 4276 3027 4347 apud
3072 4291 3166 4332 vos
3213 4292 3357 4332 nunc
3402 4291 3566 4332 essent
3607 4281 3652 4328 et
3683 4273 3830 4324 mulirem
3872 4271 3873 4347 ξ

2388 4386 2576 4427 vocem
2612 4386 2786 4425 meam
2819 4371 2832 4425 !
2869 4386 2973 4424 non
3007 4385 3113 4440 quo
3165 4370 3500 4442 evangelium
3541 4366 3671 4421 aliter
3703 4367 3830 4430 pronu-

2392 4465 2578 4520 tiarcm
2604 4506 2618 4532 ,
2639 4464 2732 4520 sed
2780 4464 2832 4518 in
2865 4463 3136 4518 iracundia
3163 4448 3546 4533 exprimerem.
3579 4457 3697 4512 Nunc
3717 4451 3830 4504 monet-

2314 4552 2368 4611 D
2394 4575 2490 4631 per
2519 4558 2802 4631 epistolam
2822 4600 2834 4622 ,
2867 4573 3025 4630 quam
3077 4557 3239 4612 mittit
3269 4575 3282 4610 :
3322 4556 3511 4626 adjecit
3537 4562 3684 4608 autem
3718 4548 3833 4598 causam

2386 4653 2547 4724 iustae
2573 4652 2888 4717 iracundiae,
2917 4652 3038 4722 quia
3087 4651 3221 4706 dixit
3249 4649 3531 4723 confundor
3550 4649 3594 4700 in
3613 4641 3733 4700 vobis,

2392 4747 2598 4818 pudore
2619 4744 2850 4808 crucior,
2883 4743 3024 4814 quod
3055 4743 3164 4796 cito
3202 4721 3446 4797 conversi
3473 4737 3620 4800 estis,
3655 4731 3720 4802 qui
3754 4721 3832 4821 fit“?

2395 4849 2595 4894 tantam
2625 4837 2880 4908 perditis,
2912 4835 3002 4906 qui
3026 4834 3267 4888 laborem
3293 4842 3347 4889 et
3385 4826 3683 4900 evangelium
3718 4827 3753 4872 et
3772 4823 3834 4865 ns-

2393 4942 2611 4985 nuatam
2642 4927 2924 4984 veritatem
2954 4943 3057 4983 non
3089 4927 3301 4982 tenetis.
3334 4926 3466 4982 Hinc
3481 4923 3608 4979 enim
3633 4909 3834 4973 tnihidew-

2394 5025 2476 5079 bis
2520 5023 2753 5078 efficitur
2782 5036 2974 5092 magna
3031 5021 3296 5075 confusio.
3353 5020 3578 5088 Denique
3617 5011 3652 5068 si
3691 4993 3834 5061 immiti"

2393 5119 2609 5190 quidem
2639 5133 2760 5172 cum
2785 5115 3097 5179 tcntatione,
3124 5124 3301 5169 tamen
3331 5111 3608 5181 subiunxit.

2467 5211 2632 5265 Vens.
2650 5209 2712 5264 21
2728 5207 2988 5262 .—Dicite
3010 5207 3134 5262 mihi
3154 5208 3240 5277 qui
3266 5206 3357 5260 sub
3376 5205 3480 5275 lege
3505 5199 3637 5256 vultis
3652 5186 3834 5249 essedis”ﬂ

2393 5306 2699 5377 nonlegistis
2711 5305 2735 5359 ?
2747 5303 2825 5359 Ex
2846 5303 2956 5372 ipsa
2974 5302 3091 5372 lege
3102 5315 3167 5355 cu
3175 5301 3250 5371 pit
3268 5299 3368 5354 illis
3384 5291 3683 5370 persuadere,
3694 5280 3739 5336 ad
3753 5283 3833 5346 ηυλω

2469 5420 2552 5490 (1)
2579 5419 2762 5490 ang.,
2795 5419 2941 5488 ﬁlioli
2967 5418 3086 5471 mei.
3521 5479 3533 5490 υ
3571 5477 3581 5487 _
3628 5469 3681 5490 in
3703 5456 3835 5490 mm

2473 5423 2521 5490 (1
2579 5420 2762 5490 Vulg.,
2795 5420 2941 5488 ﬁlioli
2967 5420 3086 5471 mei.
3571 5477 3581 5487 _
3671 5469 3681 5481 ο
3785 5456 3821 5484 ..³

2473 5420 2558 5567 (2;
2601 5491 2860 5547 Notemns
2909 5503 3113 5544 morem
3135 5494 3371 5567 χειρί-[Ψ
3401 5467 3822 5567 .susc'iptetldnl-m'g;

2401 5533 2491 5621 tos‘
2503 5533 3300 5633 ’ξ’θὸζᾲἶῖἕρξίτὲζὸῖιὶὶὲιὶῐιὶἷὰί
3323 5533 3643 5633 'ti'at'iénitiqiie
3652 5539 3722 5633 ρει]
3735 5533 3831 5633 gift:

2401 5606 3491 5713 'éiiécéiiiéiiiiifipiiesi
3517 5606 3720 5690 spiritalis
3739 5606 3771 5657 in
3787 5606 3816 5649 εί

2402 5706 2707 5765 clesiastico
2731 5704 3144 5775 jnrercognatio-
3462 5765 3473 5775 .
3593 5753 3670 5775 .--ε

2477 5748 3150 5853 (Ei‘tﬁ'hitéfdéééﬁ'mmé
3178 5779 3233 5826 et
3289 5783 3381 5839 pro
3408 5765 3570 5821 adesse
3593 5753 3745 5824 legitur:
3763 5748 3829 5790 απ·
