4018 6184
195 218 332 275 H85

1054 227 1120 282 IN
1149 227 1538 288 EPISTOLAM
1579 230 1782 289 PAULI
1824 232 1916 288 AD
1955 234 2276 293 GALA'I‘AS
2305 236 2510 294 LIBER
2545 238 2590 296 ll

3345 249 3489 308 “86

192 333 472 388 transitum
504 333 780 394 fecerunt:
812 339 856 394 si
889 340 1049 397 modo
1089 345 1232 398 enim
1288 345 1457 414 ipsam
1489 345 1660 417 legem
1709 349 1788 404 le-
1814 353 1864 412 Α
1892 350 2098 419 vitatis,
2131 359 2186 407 et
2216 360 2596 409 testamentum
2623 355 2765 426 quod
2792 356 3049 427 scriptum
3091 367 3171 414 est
3200 359 3267 417 de
3297 363 3487 421 eadem

187 437 426 496 gant,ex
459 429 602 499 ipsa,
637 431 887 502 inquam,
941 435 1055 506 lege
1103 438 1429 507 persuadere
1471 441 1682 507 nititur,
1729 435 1806 498 ut'

188 515 493 589 intelligant
528 523 649 591 quia
696 525 956 594 scriptum
1006 527 1078 583 ita
1122 540 1242 597 est,
1304 541 1362 585 nt
1405 533 1454 584 in
1508 531 1783 591 Christum

185 611 441 666 credatur
465 611 567 684 (i),
599 623 654 670 ει
691 617 984 673 credulitas
1027 631 1240 690 sumpta
1285 622 1339 676 in
1368 622 1680 690 Christum,
1714 627 1786 682 sit

187 711 296 759 tota
331 705 578 762 liberatio
598 751 612 775 ,
634 719 689 765 et
719 719 826 766 tota
859 713 1005 769 salus
1024 754 1036 776 .
1067 725 1121 770 et
1146 717 1322 772 omnis
1347 718 1642 776 beatitudo.
1668 723 1783 790 Qua

185 812 316 869 ergo
355 799 750 871 indignatione,
792 805 900 870 ait,
941 806 1105 861 dicite
1160 809 1332 864 mihi?
1375 809 1493 866 Non
1539 829 1634 868 vos
1682 829 1784 886 ego

188 907 384 950 moneo
409 936 423 960 ,
458 895 554 950 sed
584 912 681 952 vos
706 898 804 968 ipsi
835 900 1163 970 respondete
1195 903 1325 957 mihi
1345 944 1360 970 ,
1405 921 1598 976 nempe
1629 907 1680 962 in
1710 909 1785 963 le-

185 998 308 1054 gem
343 987 608 1042 transistis
631 1030 646 1056 ,
677 1001 730 1044 et
760 991 852 1044 sub
879 992 988 1063 lege
1007 1009 1118 1047 esse
1139 995 1309 1060 vultis,
1342 1006 1397 1051 et
1422 1008 1600 1054 tamen
1622 999 1783 1071 legem

186 1092 289 1131 non
312 1077 525 1149 legistis,
552 1079 603 1134 in
656 1098 759 1151 qua
815 1083 1072 1152 scriptum
1120 1088 1188 1139 ita
1222 1096 1323 1142 est.
1359 1088 1427 1142 Et
1464 1089 1740 1162 subjungit
1766 1132 1781 1157 ,

189 1171 330 1227 unde
357 1173 547 1242 probet
575 1175 702 1245 quid
725 1176 795 1230 sit
819 1176 903 1232 lex
933 1177 1243 1234 Judaeorum
1301 1192 1356 1236 et
1398 1181 1682 1254 diciplina,
1727 1195 1782 1240 et

183 1277 303 1331 qua:
333 1277 461 1333 spes
480 1305 494 1330 ,
515 1275 569 1320 et
595 1281 713 1336 qua:
738 1267 900 1335 lides,
934 1279 990 1325 et
1016 1271 1143 1342 quid
1170 1273 1240 1326 sit
1259 1272 1311 1328 in
1330 1272 1598 1330 Christum
1625 1276 1779 1345 ﬁdes,

183 1362 238 1408 et
266 1369 387 1424 qua:
408 1371 534 1425 spes
562 1367 616 1412 et
645 1358 940 1416 beatitudo.

256 1445 423 1503 Vens.
457 1447 555 1502 22.
604 1480 677 1491 -
706 1451 968 1523 Scriptum
1009 1465 1082 1509 est
1140 1457 1305 1526 enim,
1343 1460 1482 1531 quod
1521 1460 1781 1516 Abraham

181 1537 312 1592 duos
337 1540 473 1608 ﬁlios
492 1541 883 1611 habuit,unum
933 1545 998 1600 de
1037 1549 1261 1615 ancilla,
1309 1566 1467 1606 unum
1514 1555 1771 1610 delibera.

186 1628 298 1684 Hoc
337 1635 640 1702 exemplum
670 1634 738 1690 de
774 1636 972 1692 Genesi
1003 1647 1119 1694 est:
1163 1641 1263 1696 hoc
1313 1645 1595 1713 probatum
1629 1649 1776 1717 cupit

1892 443 2144 510 civitate,
2178 443 2230 497 in
2260 446 2519 501 servitute
2545 456 2628 502 est
2654 463 2774 503 cum
2807 448 2930 504 ﬁliis
2953 450 3086 504 suis.

1965 532 2129 590 Vens.
2161 533 2250 590 26.
2270 566 2343 578 ——
2371 537 2499 603 Qua:
2525 549 2718 614 autem“
2749 557 2954 594 sursum
2996 551 3069 596 est
3121 542 3478 614 Hierusalem,

1889 625 2049 680 libera
2073 638 2178 692 est,
2208 640 2370 684 mater
2391 633 2617 685 omnium
2643 644 2936 688 nostrorum
2961 635 3069 705 (1).
3106 637 3185 692 Ad
3210 639 3356 692 illum
3393 656 3488 710 po-

1888 721 2070 789 pulum
2129 722 2269 778 redit
2291 763 2306 788 ,
2357 724 2406 779 id
2438 734 2522 781 est
2547 726 2612 781 ad
2643 728 2781 783 ﬁlios
2806 729 3074 786 Abraham
3099 773 3113 796 ,
3141 732 3231 803 qui
3261 744 3386 788 sunt
3408 735 3478 791 de

1886 812 2055 868 libera
2080 856 2095 878 ,
2126 815 2362 888 dicitque
2389 828 2441 873 et
2465 820 2618 874 istam
2650 820 2982 878 Hierusalem
3004 865 3018 890 ,
3064 808 3222 895 quam
3252 827 3476 883 liberam

1886 906 2160 972 nominat,
2203 923 2324 964 esse
2356 910 2406 963 in
2439 911 2614 966 cwlis.
2648 913 2763 969 Hoc
2789 925 2868 968 est
2900 916 3040 986 quod
3071 918 3148 972 ait
3177 935 3290 990 qua:
3313 930 3483 974 autent

1885 1016 2087 1055 sursum
2122 1001 2444 1058 Hierusalem
2480 1015 2534 1060 et
2559 1023 2679 1077 qua:
2735 1006 2896 1078 supra
2936 1011 3104 1066 caelos
3125 1021 3208 1066 est
3235 1054 3249 1078 ,
3299 1014 3481 1085 utique

1883 1093 2006 1163 quia
2039 1109 2144 1149 non
2175 1091 2230 1149 in
2279 1096 2480 1151 mundo
2502 1107 2584 1153 est
2611 1141 2625 1165 ,
2668 1114 2774 1154 non
2801 1102 2987 1155 servit.
3017 1101 3142 1158 Hmc
3162 1104 3323 1173 igitur
3349 1121 3472 1160 cum

1885 1187 2094 1255 pOpulis
2143 1187 2254 1242 suis
2293 1189 2461 1245 libera
2500 1199 2584 1244 est
2625 1191 2961 1248 Hierusalem
2987 1234 3002 1258 ,
3058 1209 3112 1249 et
3155 1196 3290 1251 hanc
3345 1196 3477 1254 dicit

1883 1293 2004 1333 esse
2025 1289 2247 1335 matrem
2271 1282 2509 1338 omnium
2535 1293 2800 1352 nostrum,
2830 1287 2878 1341 id
2910 1297 2993 1342 est
3021 1286 3471 1358 Christianorum;

1885 1369 2028 1424 illam
2067 1385 2195 1426 vero
2231 1371 2560 1429 Judazorum.
2610 1376 2747 1444 Quid
2774 1378 2849 1431 sit
2894 1379 3031 1433 istud
3059 1422 3074 1446 ,
3137 1381 3473 1439 Hierusalem

1883 1476 2006 1517 esse
2038 1477 2201 1532 supra
2245 1465 2415 1522 caelos
2438 1507 2452 1531 ,
2511 1477 2564 1522 et
2606 1484 2728 1525 esse
2755 1480 2808 1525 et
2852 1471 2904 1524 in
2937 1482 3074 1526 terra
3102 1473 3480 1531 Hierusalem?

1885 1553 2036 1610 Unde
2058 1555 2282 1627 intelligi
2326 1559 2484 1623 licet,
2527 1569 2582 1615 et
2611 1560 2699 1615 hic
2749 1570 2944 1618 terram
2971 1575 3024 1618 et
3049 1564 3121 1621 ibi
3150 1575 3347 1621 terram
3377 1583 3471 1622 su-

1881 1659 1975 1714 pra
2003 1647 2170 1700 caalos
2198 1647 2276 1718 (2)
2304 1665 2316 1701 :
2363 1664 2537 1720 neque
2565 1651 2708 1706 enim
2744 1652 3076 1710 Hierusalem
3096 1697 3110 1720 ,
3143 1673 3260 1727 qua:
3281 1657 3471 1713 civitas

177 1720 319 1790 quod
347 1722 429 1776 lex
453 1765 468 1788 ,
493 1740 613 1794 quae
646 1725 954 1782 Judaeorum
980 1739 1090 1794 est,
1121 1733 1369 1788 etomnis
1411 1736 1639 1804 pepultts
1664 1739 1776 1793 vel-
1807 1743 1854 1803 Β
1880 1748 1962 1791 εει
1987 1778 2001 1805 ,
2044 1740 2160 1794 sine
2192 1751 2331 1794 terra
2358 1751 2460 1796 est.
2491 1742 2632 1814 Ergo
2661 1744 2787 1815 quid
2819 1745 2888 1799 sit
2917 1745 3060 1801 istud
3093 1751 3306 1818 inquam
3329 1767 3471 1818 esse,

177 1815 253 1872 uti
299 1816 366 1872 de
419 1818 612 1873 ancilla
670 1821 810 1876 ﬁlius
835 1822 905 1876 sit
935 1840 947 1874 :
983 1838 1148 1893 porro
1197 1835 1375 1881 autem
1428 1828 1668 1883 Ecclesia
1723 1840 1778 1886 et

176 1911 497 1976 Christiani,
534 1913 675 1969 ﬁlius
704 1914 770 1970 de
817 1915 983 1971 libera
1015 1927 1116 1972 est.
1164 1919 1276 1973 Hoc
1319 1921 1462 1974 enim
1515 1923 1774 1991 scriptum

176 2012 260 2058 est
284 2045 299 2071 ,
327 2003 470 2070 quod
497 2005 767 2060 Abraham
793 2048 809 2073 ,
839 2009 929 2078 qui
950 2020 1101 2077 pater
1122 2020 1204 2064 est
1227 2010 1356 2066 ﬁdei
1379 2053 1393 2077 ,
1427 2012 1588 2068 habet
1609 2020 1774 2071 unum

179 2093 348 2149 ﬁlium
377 2095 444 2150 de
467 2097 696 2163 ancilla;
729 2098 780 2152 id
800 2110 879 2154 est
907 2101 976 2156 de
1003 2101 1181 2172 Agar;
1206 2113 1259 2157 et
1280 2104 1442 2159 alium
1476 2106 1543 2160 de
1571 2107 1737 2162 libera
1755 2151 1771 2177 ,

178 2183 230 2242 id
255 2197 336 2242 est
367 2188 433 2243 de
461 2188 592 2245 Sara
617 2189 791 2245 lsaac:
821 2192 1126 2263 signiﬁcans
1149 2196 1332 2267 utique
1357 2198 1491 2253 duos
1524 2201 1771 2270 populos,

175 2279 272 2334 scd
302 2282 460 2336 istum
491 2282 804 2351 meliorem,
846 2285 936 2354 qui
993 2285 1060 2341 de
1110 2287 1278 2342 libera
1322 2298 1406 2344 est
1452 2308 1464 2342 :
1522 2290 1574 2346 in
1601 2292 1772 2363 ﬁgura

176 2371 320 2427 enim
375 2372 578 2428 Christi
617 2372 784 2429 lsaac.
836 2375 1075 2446 Denique
1126 2380 1203 2434 sic
1234 2380 1528 2453 subjungit.

247 2460 408 2516 Vens.
424 2463 512 2518 25.
523 2463 698 2520 —Sed
718 2467 760 2520 is
772 2467 976 2535 quidem
998 2470 1073 2542 (2)
1096 2471 1178 2540 qui
1193 2471 1256 2523 de
1270 2473 1476 2541 ancilla,
1495 2479 1771 2533 secundum

175 2570 379 2610 carnem
409 2568 559 2612 natus
579 2569 686 2627 est;
715 2563 804 2631 qui
837 2573 1004 2616 autem
1025 2567 1088 2618 de
1133 2564 1290 2619 libera
1314 2608 1328 2632 ,
1373 2585 1465 2638 per
1491 2572 1769 2639 repromis-

174 2648 387 2702 sionem.
423 2650 635 2706 Etenim
665 2654 752 2722 qui
782 2653 850 2709 de
879 2655 1070 2709 ancilla
1102 2667 1255 2711 natus
1275 2668 1390 2726 est,
1428 2661 1663 2717 carnalis
1686 2671 1769 2718 est

175 2739 352 2809 ﬁlius;
386 2745 473 2813 qui
507 2756 686 2800 autem
705 2746 961 2804 delibera
985 2790 1000 2816 ,
1022 2751 1279 2819 spiritalis
1300 2762 1379 2807 est
1403 2794 1416 2817 ,
1445 2764 1732 2824 prepterea
1750 2797 1766 2824 ,

173 2837 297 2904 quia
328 2851 356 2889 a
392 2837 503 2892 Deo
548 2839 847 2907 promissus
893 2851 993 2896 est.
1039 2843 1178 2898 Dens
1230 2846 1374 2900 enim
1432 2847 1480 2902 ei
1524 2848 1771 2917 promisit

173 2929 453 2997 credenti,
476 2933 564 2999 qui
593 2948 714 2988 cum
733 2934 844 3001 jam
881 2951 1018 3005 pene
1056 2952 1230 2994 annos
1255 2950 1470 2996 centum
1496 2957 1546 2998 et
1581 2947 1695 3014 ipse
1713 2956 1768 3002 et

176 3037 314 3077 uxor
361 3025 472 3079 nati
516 3037 734 3094 essent,
769 3027 937 3083 ﬁlium
977 3029 1208 3086 habituri
1240 3044 1442 3089 essent.
1475 3035 1616 3106 Ergo
1643 3052 1765 3094 cum

1878 1839 1932 1884 et
1962 1829 2048 1884 hic
2082 1841 2135 1885 et
2175 1832 2243 1885 ibi
2293 1841 2491 1889 terram
2525 1851 2646 1892 esse
2671 1877 2685 1902 ,
2735 1846 2790 1891 et
2842 1837 2930 1894 hic
2959 1848 3014 1894 et
3061 1840 3132 1895 ibi
3163 1841 3477 1911 civitatem,

1876 1920 1969 1976 sed
2005 1922 2145 1976 illam
2180 1921 2400 1979 liberam
2423 1967 2438 1992 ,
2480 1925 2616 1983 hanc
2654 1943 2864 1985 servam
2892 1973 2905 1997 ,
2937 1933 3075 1987 alius
3104 1945 3355 1991 tractatus
3393 1943 3477 1992 est

1877 2013 2104 2083 longus:
2140 2014 2299 2070 modo
2323 2057 2338 2082 ,
2387 2017 2514 2072 illud
2541 2025 2838 2087 teneamus,
2895 2023 3038 2078 illam
3063 2041 3183 2081 esse
3212 2038 3474 2095 nostram,

1875 2103 1941 2157 ad
1976 2104 2120 2160 illam
2148 2121 2268 2162 esse
2295 2105 2676 2164 festinandum.
2699 2111 2889 2167 Moneo
2919 2115 3061 2170 enim
3090 2133 3230 2173 nunc
3257 2119 3472 2176 interim

1875 2195 2022 2250 illam
2052 2212 2174 2253 esse
2199 2198 2492 2268 spiritalem
2517 2242 2532 2265 ,
2583 2218 2702 2271 qua:
2730 2206 2976 2274 superior
2995 2218 3077 2263 est
3103 2224 3118 2275 ;
3169 2211 3306 2267 hanc
3335 2228 3458 2270 esse

1873 2290 2177 2353 carnalem,
2226 2308 2344 2360 qua:
2381 2294 2452 2348 sit
2496 2295 2736 2350 inferior.

1945 2380 2108 2437 Vens.
2138 2382 2574 2455 27.—Scriptum
2602 2398 2676 2441 est
2695 2389 2829 2444 enim
2856 2405 2874 2443 :
2903 2388 3101 2447 Lretare
3121 2395 3327 2463 sterilis,
3359 2405 3476 2467 qua:

1874 2487 1976 2525 non
1997 2475 2172 2545 paris;
2194 2491 2400 2548 erumpe
2422 2487 2469 2530 et
2490 2479 2674 2544 clama,
2700 2497 2816 2550 qua:
2839 2499 2938 2537 non
2961 2486 3210 2554 parturis;
3233 2490 3474 2558 quoniam

1872 2566 2020 2618 multi
2044 2566 2142 2632 filii
2165 2567 2374 2623 desertae
2396 2571 2559 2641 magis
2580 2588 2692 2641 qua:
2715 2575 2825 2644 ejus
2847 2592 2960 2645 qua:
2981 2577 3126 2632 habet
3150 2580 3331 2635 uirum.
3361 2582 3474 2639 Hoc

1871 2657 2174 2725 exemplum
2197 2658 2264 2714 de
2286 2660 2418 2714 Isaia
2441 2670 2543 2727 est,
2561 2662 2629 2718 ad
2651 2664 3038 2723 excludendum
3061 2670 3112 2725 id
3134 2671 3275 2741 quod
3299 2675 3471 2731 maxi-

1871 2761 1957 2800 me
1981 2749 2304 2815 persuadere
2333 2752 2656 2820 cupiebant,
2688 2755 2739 2810 id
2771 2768 2852 2812 est
2881 2770 2935 2812 ut
2955 2759 3289 2831 disciplinam
3309 2782 3468 2834 quam

1870 2838 1971 2894 sibi
2018 2839 2219 2896 Galate:
2247 2856 2651 2915 assumpserant
2674 2862 2794 2902 cum
2819 2847 3017 2907 Christi
3045 2857 3388 2913 veneratione.
3416 2869 3473 2916 et

1873 2930 1979 2988 ﬁde
2011 2935 2061 2987 in
2095 2935 2383 3000 Christum,
2412 2938 2766 2996 observarent
2797 2952 2972 3000 tamen
2996 2947 3156 3002 etiam
3195 2949 3467 3018 judaicatn

1870 3025 2224 3096 disciplinam.
2253 3031 2332 3086 Ad
2367 3031 2499 3100 hoc,
2527 3036 2766 3107 inquam,
2796 3041 3209 3108 excludendum.
3234 3057 3293 3103 ut
3323 3049 3468 3108 illam

175 3113 260 3167 vel
285 3126 531 3171 emortuo
552 3118 788 3184 semine,
812 3122 894 3176 vel
925 3133 1167 3176 emortua
1200 3126 1359 3179 etiam
1391 3126 1576 3194 vulva,
1607 3130 1767 3184 ambo

1881 3118 2182 3187 rejieerent,
2205 3132 2259 3176 et
2279 3124 2454 3180 solum
2489 3129 2822 3199 evangelium
2852 3131 3160 3193 de‘Christo
3184 3137 3468 3211 haberent,

169 3209 545 3282 jungerentur,
578 3231 681 3270 non
700 3217 810 3287 jam
837 3219 904 3274 de
931 3235 1092 3277 carne
1111 3263 1127 3289 ,
1155 3224 1248 3279 sed
1279 3225 1345 3280 de
1390 3227 1580 3294 Spiritu
1602 3269 1616 3294 ,
1643 3245 1765 3298 pro-

174 3316 494 3360 creaverunt
520 3307 720 3376 ﬁlium,
771 3327 930 3380 quem
989 3328 1384 3384 procreat-unt:
1440 3329 1494 3374 et
1523 3321 1636 3376 haec
1668 3321 1768 3378 fuit

173 3403 522 3469 repromissio
543 3444 558 3467 ,
593 3404 713 3458 illos
732 3421 852 3460 eum
879 3408 1179 3464 habituros.
1209 3411 1314 3467 Sed
1344 3427 1443 3468 nos
1471 3413 1604 3468 duos
1635 3414 1769 3470 istos

175 3490 315 3547 ﬁlios
340 3495 770 3564 comparabimus
791 3539 806 3563 ,
830 3499 1098 3570 simulque
1125 3511 1178 3557 et
1205 3514 1409 3559 matres
1438 3506 1654 3575 populi,
1678 3522 1768 3563 ec-

173 3586 352 3643 clesiis
379 3588 684 3645 Iudaeorum
711 3602 766 3647 et
807 3593 1258 3650 Christianorum.
1286 3596 1484 3653 Paulus
1516 3615 1642 3656 vero
1666 3601 1766 3656 ali-

176 3687 257 3731 tcr
275 3677 656 3749 interpretatus
687 3683 960 3754 subjungit
1010 3687 1103 3741 ita.

247 3768 409 3825 Vens.
440 3772 512 3827 24
532 3784 586 3829 ει
612 3773 703 3829 25.
735 3805 804 3814 —
825 3777 954 3843 Qua:
980 3789 1096 3834 sunt
1125 3798 1216 3852 per
1236 3783 1535 3855 allegoriam
1557 3787 1764 3842 dicta...

172 3859 264 3918 Sic
283 3862 465 3932 utique
487 3879 584 3918 nos
611 3864 945 3934 interpretati
974 3885 1160 3926 sumus
1184 3912 1200 3939 ,
1253 3875 1407 3943 quasi
1440 3892 1534 3943 per
1571 3878 1770 3948 allego-

171 3954 329 4010 riam.
351 3955 481 4010 Cum
504 3956 644 4012 aliud
669 3958 882 4026 dicitur,
905 3962 1049 4018 aliud
1071 3965 1400 4034 signiﬁcatur
1421 3968 1522 4040 (ὅ),
1547 3969 1661 4024 haec
1687 3972 1768 4025 al-

171 4047 371 4118 legoria
386 4058 488 4115 est,
509 4050 676 4121 ipsam
704 4061 881 4109 tamen
897 4055 1203 4125 allegoriam
1228 4058 1610 4131 interpretatur
1632 4063 1769 4118 Pau-

172 4141 278 4209 lus,
312 4152 368 4198 υι
402 4143 517 4214 ipse
538 4145 812 4216 subjungit
835 4165 846 4199 :
873 4146 1011 4202 Nam
1041 4150 1149 4204 [nec
1173 4161 1292 4205 sunt
1318 4153 1418 4206 duo
1450 4164 1765 4222 testamenta,

174 4250 332 4288 unum
344 4236 548 4306 quidem
559 4253 621 4291 ea:
635 4248 802 4292 monte
814 4237 964 4304 Sina,
981 4241 1032 4294 in
1046 4243 1336 4299 servitutem
1346 4261 1618 4316 generatis,
1630 4250 1769 4318 quod

173 4339 246 4383 est
273 4331 434 4400 Agar.
461 4329 594 4386 Sina
621 4333 753 4386 enim
774 4349 918 4387 mons
948 4346 1020 4390 est
1045 4335 1098 4390 in
1122 4337 1330 4404 Arabia,
1353 4340 1441 4408 qui
1469 4342 1767 4411 conjunctus

174 4430 248 4476 est
291 4425 334 4477 ei
359 4424 447 4494 qui
479 4422 558 4497 (4)
585 4440 721 4479 nunc
748 4434 819 4479 est
840 4427 997 4496 juxta
1025 4426 1372 4485 Hierusalem.
1403 4431 1641 4502 Populus
1666 4434 1762 4489 Ju-

1871 3223 2240 3280 assumpserat
2269 3219 2518 3285 superius
2538 3223 2872 3291 exemplum,
2921 3242 3026 3295 quo
3053 3227 3274 3286 doceret
3300 3233 3473 3288 Abra-

1873 3299 1993 3353 ham
2026 3301 2164 3357 duos
2198 3304 2337 3360 ﬁlios
2364 3305 2617 3365 habuisse
2639 3353 2653 3376 ,
2677 3327 2840 3368 unum
2881 3315 2947 3371 de
2978 3320 3168 3374 ancilla
3188 3362 3202 3388 ,
3233 3323 3463 3380 alterum

1871 3389 2157 3447 delibera.
2201 3395 2294 3451 llla
2347 3407 2528 3454 autem
2570 3401 2740 3457 libera
2766 3445 2781 3470 ,
2826 3422 2948 3475 qua:
2990 3425 3118 3466 vere
3158 3429 3294 3470 uxor
3339 3415 3467 3484 fuit,

1872 3484 2072 3540 sterilis
2098 3498 2212 3541 erat
2240 3529 2254 3554 ,
2295 3505 2471 3561 neque
2502 3492 2646 3548 enim
2700 3494 2960 3554 edidisset
2990 3511 3233 3571 partum,
3285 3506 3330 3561 si
3361 3523 3468 3565 non

1874 3573 2016 3631 Deus
2062 3581 2482 3648 repromissione
2531 3599 2626 3638 sua
2667 3586 2714 3640 ei
2762 3587 2925 3643 ﬁlium
2979 3601 3276 3661 praestaret.
3313 3597 3469 3656 Unde

1869 3668 2185 3741 intelligitur
2209 3715 2224 3740 ,
2283 3692 2390 3730 non
2413 3692 2478 3733 ex
2501 3678 2833 3736 admixtione
2865 3684 2944 3755 (5)
2973 3687 3112 3742 inter
3155 3704 3214 3745 se
3257 3706 3454 3763 corpo-

1870 3779 2012 3831 rum,
2042 3765 2137 3820 sed
2159 3783 2224 3821 ex
2256 3769 2611 3837 promissione
2635 3774 2726 3830 Dei
2761 3777 3031 3833 Abraham
3057 3780 3220 3837 ﬁlium
3251 3783 3468 3841 habuis-

1869 3870 1958 3919 se;
2011 3857 2273 3926 siquidem
2315 3861 2400 3917 hic
2441 3862 2582 3920 ﬁlius
2639 3866 2860 3939 liberm,
2904 3873 2992 3942 qui
3033 3872 3179 3930 lsaac
3229 3876 3363 3946 fuit,
3394 3879 3464 3936 de

1869 3947 2042 4002 sterili
2074 3960 2230 4005 natus
2272 3962 2383 4018 est,
2431 3955 2620 4024 spiritu
2671 3961 2898 4030 quodam
2955 3967 3132 4035 potius
3171 3979 3465 4041 conceptus

1869 4053 2028 4107 quam
2051 4043 2409 4111 cepulatioue.
2443 4046 2568 4104 Haec
2603 4050 2765 4121 igitur
2789 4056 3011 4124 sterilis,
3044 4074 3164 4128 quae
3197 4061 3362 4116 ﬁlium
3386 4061 3466 4118 l‘e-

1869 4132 1945 4184 cit
1975 4131 2121 4188 lsaac
2146 4175 2161 4200 ,
2192 4138 2284 4206 qui
2321 4137 2388 4192 ad
2417 4139 2700 4212 imaginem
2741 4155 2795 4200 et
2829 4155 3011 4217 typum
3053 4150 3248 4207 Christi
3299 4161 3456 4210 natus

1871 4233 1992 4290 est,
2037 4227 2151 4297 ipse
2179 4237 2263 4284 est
2286 4233 2376 4300 qui
2405 4232 2653 4290 liberavit
2679 4239 2955 4308 populum.
2985 4240 3119 4297 Cum
3176 4245 3335 4313 igitur
3381 4246 3464 4301 di-

1870 4315 1944 4370 cit
1985 4317 2159 4374 lauare
2176 4322 2364 4379 sterilis
2387 4341 2500 4394 qua:
2523 4343 2624 4380 non
2650 4329 2823 4396 paris,
2848 4332 2969 4401 quia
2997 4332 3089 4388 tibi
3137 4335 3276 4392 Deus
3322 4337 3462 4394 ﬁlios

1869 4407 2025 4476 facit;
2059 4411 2186 4467 item
2219 4429 2339 4469 cum
2367 4416 2500 4473 dicit
2528 4460 2542 4485 ,
2579 4435 2790 4490 erumpe
2829 4439 2946 4491 qua:
2973 4441 3075 4479 non
3105 4431 3372 4498 parturis;
3395 4429 3469 4484 si-

173 4515 437 4582 datorum,
459 4515 648 4588 inquit,
669 4517 750 4572 vel
768 4526 1144 4575 testamentum
1159 4501 1766 4594 vetussigniﬁcatﬁlium
1792 4516 1846 4576 D
1875 4516 1942 4556 ne
1964 4501 2154 4560 domm
2187 4508 2387 4562 etenim
2420 4511 2512 4565 ubi
2555 4512 2650 4566 nm
2688 4524 2974 4582 creamur;
3009 4520 3272 4588 parturire
3293 4521 3460 4590 enim,

172 4623 240 4662 ex
269 4609 458 4663 ancilla
491 4627 505 4663 :
560 4611 753 4665 ancilla
792 4621 968 4668 autem
1020 4631 1138 4686 qua:
1169 4631 1233 4671 ex
1280 4628 1462 4674 monte
1490 4620 1587 4674 fuit
1615 4619 1764 4679 Sina.

174 4702 328 4769 Quod
355 4715 532 4759 autem
565 4705 614 4759 in
639 4706 897 4762 servitute
921 4718 1039 4763 erat
1065 4710 1256 4764 ancilla
1283 4755 1297 4779 ,
1333 4711 1454 4768 ideo
1479 4722 1534 4769 et
1563 4713 1650 4769 hic
1676 4730 1769 4784 po-

173 4793 330 4864 pulus
362 4795 412 4850 in
443 4798 707 4854 servitute
733 4807 835 4854 est.
867 4798 1022 4868 Quod
1071 4813 1251 4858 autem
1284 4803 1383 4861 fuit
1429 4807 1557 4862 Sina
1607 4823 1764 4864 mons

174 4885 492 4954 conjunctus
523 4890 570 4944 ei
597 4891 826 4956 civitati,
878 4909 999 4964 qua:
1042 4894 1370 4953 Hierusalem
1416 4909 1529 4965 est,
1558 4916 1625 4956 ex
1652 4902 1768 4972 ipso

175 4987 359 5032 monte
386 4978 606 5051 intelligi
633 4984 904 5040 civitatem
932 4986 1136 5054 voluit,
1184 4997 1238 5042 et
1263 5004 1360 5059 per
1385 4992 1653 5048 civitatem
1675 4995 1769 5050 Ju-

175 5068 320 5124 dzeos
354 5088 368 5123 :
401 5086 496 5140 per
527 5084 764 5131 montem
785 5087 962 5132 autem
989 5078 1075 5132 illa
1102 5121 1116 5144 ,
1149 5095 1268 5150 quze
1293 5093 1410 5137 erat
1464 5101 1530 5139 ex
1575 5085 1766 5142 eodem

175 5171 358 5218 monte
383 5163 541 5233 Sina,
567 5168 755 5222 ancilla
786 5168 917 5236 fuit,
972 5179 1026 5226 et
1053 5172 1103 5226 in
1145 5177 1407 5230 servitute
1452 5180 1765 5246 generavit;

173 5253 375 5311 idcirco
391 5257 552 5313 etiam
583 5259 948 5332 Hierusalem,
980 5263 1034 5320 id
1055 5275 1138 5322 est
1163 5268 1393 5337 populus
1421 5269 1660 5340 ejusdem
1689 5274 1768 5328 ci-

274 5494 324 5572 !
353 5495 486 5572 Cod.
517 5503 830 5572 conferatur.

269 5565 329 5646 2)
353 5565 511 5646 Y_ul_g.
539 5565 739 5646 emittit
769 5577 811 5629 is
837 5575 1059 5646 quidem.

267 5637 324 5712 ξ)
365 5637 518 5712 iulg.
552 5642 714 5700 habet
743 5646 810 5700 In
841 5637 1010 5702 monte
1032 5691 1047 5712 ,
1071 5656 1178 5705 etc.

247 5706 328 5780 (4)
373 5706 525 5785 Vulg.
549 5755 565 5786 ,
597 5732 712 5787 qua:
743 5733 878 5774 nunc
908 5729 983 5774 est
1020 5706 1330 5779 Jerusalem.

1873 4593 1925 4647 in
1949 4595 2135 4652 dolore
2162 4613 2284 4656 esse
2313 4608 2397 4656 est
2423 4642 2438 4668 ,
2484 4618 2606 4658 eum
2639 4615 2820 4674 partus
2849 4608 3143 4665 eﬁ‘uuditur
3177 4611 3255 4683 (4)
3284 4632 3297 4668 :
3322 4613 3465 4684 quod

1869 4689 2053 4758 utique
2102 4706 2206 4747 non
2252 4693 2446 4749 eodem
2501 4695 2662 4752 modo
2691 4705 2810 4764 est,
2850 4715 2974 4754 cum
3032 4703 3310 4774 Ecclesia,
3343 4722 3464 4778 qua:

1869 4781 2154 4853 imaginem
2191 4794 2360 4852 tenet,
2390 4789 2472 4844 vel
2501 4790 2658 4859 cujus
2679 4791 2856 4864 imago
2883 4793 2984 4850 fuit
3011 4811 3153 4852 uxor
3171 4799 3260 4854 illa
3283 4798 3461 4856 Abra-

1874 4872 1956 4927 hae
1987 4876 2194 4942 libera;
2243 4877 2486 4935 Ecclesia
2513 4921 2529 4947 ,
2575 4881 2791 4952 inquam
2814 4926 2830 4951 ,
2862 4894 2980 4952 est,
3015 4903 3136 4956 quae
3163 4890 3304 4946 ﬁlios
3327 4892 3466 4948 mul-

1871 4975 1953 5019 tos
1985 4965 2183 5033 habet,
2214 4985 2349 5038 quos
2383 4971 2472 5026 Dei
2505 4971 2642 5028 ﬁlios
2663 5015 2677 5040 ,
2705 4985 2759 5031 et
2783 4978 3004 5044 spiritus
3036 4980 3175 5036 ﬁlios
3213 4998 3334 5038 eum
3360 4985 3459 5041 Ιτε-

1872 5055 1985 5110 titia
2015 5058 2184 5128 magis
2211 5058 2370 5115 habet
2393 5102 2409 5127 ,
2450 5078 2556 5117 non
2588 5079 2710 5120 cum
2743 5065 2948 5124 dolore.
3011 5069 3119 5126 Hos
3149 5072 3308 5144 igitur
3333 5076 3464 5134 dicit

1871 5161 1992 5204 esse
2033 5153 2222 5206 multos
2250 5151 2390 5221 ﬁlios
2440 5154 2671 5212 desertae.
2706 5157 2916 5216 Etenim
2945 5162 3034 5218 illa
3065 5167 3258 5223 ancilla
3283 5210 3299 5237 ,
3333 5178 3388 5225 et
3418 5169 3467 5225 si

1945 5302 2025 5394 (l)
2067 5303 2224 5379 Vulg.
2247 5347 2264 5375 ,
2311 5309 2420 5366 Illa
2445 5323 2647 5385 autent,
2677 5333 2933 5387 quia"...
2967 5302 3082 5394 qua:
3107 5335 3269 5380 mater
3289 5337 3466 5384 nostra

1875 5383 1966 5429 εει.

1946 5446 2025 5519 (2)
2066 5447 2291 5507 Curiosa
2322 5454 2439 5509 sine
2460 5453 2624 5513 dubio
2643 5463 2900 5584 ﬁumstio,
2931 5479 3090 5536 supra
3117 5467 3283 5522 cmlos
3303 5468 3463 5528 aliam

1946 5534 2073 5574 'ram
2119 5535 2452 5584 compertum
2503 5527 2592 5582 iri.
2695 5549 2780 5584 um
2834 5534 3009 5584 innuit
3039 5536 3462 5584 millmmrinrnm

1874 5524 2073 5602 terram
2119 5535 2452 5602 compertum
2472 5527 2592 5602 __i_ri.
2643 5524 2780 5588 Num
2834 5524 3014 5592 innuit'
3038 5524 3463 5602 millcuariorum

1874 5589 2106 5661 aliquam
2133 5589 2440 5661 opinionem
2472 5597 2813 5661 Victorinus?

1945 5661 2029 5738 (ᾇ)
2065 5663 2237 5738 Codd.
2261 5669 2640 5738 adsumptione.

1947 5734 2026 5806 (4)
2067 5734 2237 5794 Codd.
2267 5741 2313 5794 ei
2341 5734 2596 5812 funditur.
