4018 6184
677 252 818 321 iter

1897 258 2093 315 manu
2133 240 2477 315 VlCTORINl
2516 248 2677 317 AFRI
3734 264 3826 325 tus

677 378 862 435 habuit
894 377 1059 434 ﬁlium
1081 419 1095 443 ,
1138 376 1327 434 habuit
1348 391 1415 432 ex
1443 374 1655 441 dolore,
1688 373 1875 430 habuit
1900 389 1963 430 ex
1993 374 2134 429 viro.
2172 373 2266 429 Er-
2299 371 2353 432 Α
2376 393 2467 432 nos
2489 378 2744 432 liberavit:
2770 375 2857 432 illa
2876 373 3085 432 scilicet
3102 371 3485 443 libertate,qua
3500 382 3831 437 materestnostm

674 488 743 544 go
768 487 888 526 cum
921 471 1094 535 dixit,
1142 470 1292 524 multi
1315 469 1414 538 ﬁlii
1436 467 1677 532 desertas,
1707 466 1774 522 ad
1799 466 2096 522 Ecclesiam
2128 474 2275 520 retu-

676 566 756 632 lit,
782 564 933 635 cujus
964 565 1248 635 imaginem
1270 573 1323 620 et
1358 573 1539 636 typum
1573 561 1824 634 praestitit
1855 575 2038 632 supra.
2068 558 2273 615 Deinde

672 674 794 715 Cum
826 657 998 724 dixit,
1036 658 1185 712 multi
1207 657 1306 728 ﬁlii
1327 656 1575 723 deserttc,
1611 656 1773 726 magis
1798 670 1953 726 quant
1995 653 2111 723 ejus
2157 664 2274 723 quae

673 750 823 806 habet
844 744 1009 806 virum
1030 792 1045 817 ,
1072 750 1309 806 ostendit
1328 749 1471 819 quod
1496 764 1679 817 supra,
1731 748 1850 803 sine
1882 746 1995 800 viro
2017 742 2114 801 sed
2132 730 2139 737 ’
2160 744 2275 814 spi-

675 843 905 901 ritaliter
933 844 1098 898 ﬁlium
1149 842 1356 897 habuit.
1400 838 1697 910 Numquam
1737 840 1881 895 enim
1929 837 2059 892 huic
2096 837 2268 891 virntn

673 935 859 1002 daret,
908 935 1007 989 uisi
1046 934 1134 988 illa
1166 935 1339 988 virum
1373 947 1478 989 non
1521 931 1617 985 viri
1651 929 2035 1001 conjunctione
2068 926 2273 983 sensis-

672 1037 787 1093 set,
821 1026 915 1083 sed
943 1024 1172 1097 spiritali
1203 1025 1561 1095 promissione
1609 1020 1954 1093 suscepisset.
2006 1019 2077 1078 Et
2123 1028 2271 1074 certe

672 1102 855 1185 multi,
895 1117 1106 1188 inquit,
1130 1116 1228 1185 ﬁlii
1256 1114 1487 1169 desertw.
1525 1112 1720 1184 Utique
1747 1126 1869 1168 cum
1921 1108 2051 1167 Sara
2099 1106 2268 1164 ﬁlium

678 1212 953 1277 habuerit,
999 1226 1107 1266 non
1131 1208 1471 1265 referendum
1501 1207 1567 1262 ad
1592 1207 1779 1262 Saram
1803 1248 1819 1274 ,
1850 1203 1945 1260 sed
1986 1203 2052 1259 ad
2084 1202 2276 1258 Eccle-

674 1308 810 1363 siam
845 1323 966 1378 qua:
1002 1305 1202 1360 multos
1240 1303 1380 1358 ﬁlios
1410 1301 1612 1357 habet:
1646 1311 1704 1355 ut
1742 1300 1812 1355 sit
1850 1299 1940 1354 illa
1967 1339 1981 1363 ,
2025 1312 2147 1367 qua:
2196 1295 2278 1350 vi-

672 1416 792 1457 rutn
823 1398 1013 1465 habet,
1050 1398 1132 1454 lex
1162 1407 1216 1453 et
1243 1395 1483 1451 Ecclesia
1524 1392 1837 1473 Judmorum
1864 1432 1879 1457 ,
1928 1405 2049 1462 qua:
2081 1403 2279 1459 corpo-

676 1492 862 1549 raliter
891 1489 1195 1554 consentit,
1228 1486 1584 1556 corporaliter
1604 1499 1728 1539 cum
1753 1482 1856 1539 sibi
1895 1479 2171 1553 jungitur,
2213 1479 2279 1533 ﬁ-

675 1585 805 1640 lium
838 1583 1151 1656 Spiritaliter
1179 1580 1379 1637 habere
1411 1595 1519 1635 non
1548 1587 1743 1650 potest.

749 1677 913 1734 Vens.
947 1676 1043 1731 28.
1069 1706 1139 1716 —
1169 1672 1273 1729 Vos
1327 1680 1497 1728 autem
1528 1674 1715 1743 fratres
1760 1667 2041 1724 secundum
2091 1663 2274 1729 Isaac,

2380 452 2571 535 libera,
2618 485 2738 543 qua:
2782 469 2949 526 libera
2994 477 3101 533 est,
3130 467 3236 521 ﬁde
3255 466 3489 522 scilicet:
3517 468 3613 523 hare
3632 472 3735 526 enim
3754 490 3829 528 rm

2378 561 2599 618 libertas
2649 571 2768 629 est,
2818 561 2980 616 ﬁdem
3034 573 3252 615 servare
3303 559 3352 613 itt
3399 558 3832 625 Deum,etDeumct

2380 653 2476 708 Dei
2501 655 2760 723 promissa
2789 652 2969 707 omnia
2998 650 3243 707 credere.
3292 650 3427 722 Ergo
3467 649 3709 707 secundum
3738 656 3830 711 ﬁdem

2379 760 2477 801 nos
2500 744 2748 803 Christus
2792 744 2857 801 ad
2888 744 3191 801 libertatem
3220 743 3448 811 reduxit,
3482 754 3532 799 et
3557 745 3747 804 libertate
3762 748 3832 806 ﬁdei

2379 834 2643 895 liberavit.

2450 928 2603 985 CAP.
2640 929 2700 983 V.
2725 960 2795 969 —
2822 927 2991 985 Vens.
3024 929 3075 984 1.
3100 927 3337 985 —State
3363 944 3478 999 ergo
3498 926 3587 999 (l),
3610 938 3649 983 et
3669 930 3776 984 nolite
3791 933 3836 986 iu-

2377 1041 2494 1079 rum
2532 1026 2660 1096 jugo
2707 1025 2963 1079 servitutis
3010 1022 3283 1078 contineri.
3331 1021 3671 1093 Subiungenda
3692 1022 3836 1079 hortatio

2378 1117 2506 1183 fuit,
2542 1127 2598 1173 ut
2628 1118 2680 1172 in
2708 1117 2899 1173 iisdem
2919 1158 2935 1183 ,
2968 1132 3088 1187 quae
3112 1131 3211 1187 per
3236 1114 3560 1188 evangelium
3580 1130 3606 1169 a
3623 1130 3670 1169 se
3689 1130 3833 1185 accepe-

2379 1220 2501 1267 rant
2528 1254 2543 1280 ,
2589 1219 2981 1283 perseverent,
3036 1225 3103 1265 ne
3132 1217 3468 1265 revertantur
3488 1223 3670 1263 rursum
3701 1208 3749 1262 ad
3766 1209 3836 1279 legis

2386 1303 2470 1376 (‘2)
2503 1305 2807 1361 servitium.
2832 1304 3011 1371 State,
3040 1303 3214 1375 inquit
3234 1320 3249 1369 ;
3268 1301 3419 1372 'quod
3447 1318 3545 1358 non
3569 1302 3836 1373 permittiturei

2380 1398 2470 1465 qui
2500 1397 2599 1453 sub
2623 1397 2753 1469 jugo
2775 1406 2897 1463 est;
2929 1398 3128 1457 etenim
3156 1396 3246 1452 ille
3268 1396 3490 1469 deponit
3529 1396 3747 1451 cervicem
3764 1396 3834 1451 sub-

2382 1489 2599 1543 niissam
2633 1489 2745 1559 (5):
2779 1505 2884 1544 non
2910 1504 3040 1561 ergo
3066 1496 3192 1545 Slal.
3234 1486 3334 1542 Vos
3356 1529 3371 1553 ,
3407 1487 3597 1559 inquit,
3633 1502 3724 1561 ergo
3743 1496 3837 1549 state;

2382 1579 2525 1650 quod
2572 1590 2657 1635 est
2708 1579 2891 1636 liberis
2940 1580 3197 1637 membris
3240 1588 3479 1636 erectum
3505 1578 3833 1649 haberecorpus,

2383 1671 2565 1729 Nolite
2587 1716 2601 1740 ,
2632 1674 2809 1744 inquit
2835 1715 2849 1742 ,
2882 1675 3068 1729 iterum
3097 1676 3221 1745 iugo
3245 1674 3499 1728 servitutis
3526 1673 3835 1741 contineri,qaia

671 1769 1026 1843 promissionis
1051 1767 1148 1837 filii
1176 1767 1302 1821 estis
1337 1765 1437 1838 (ί).
1467 1762 1610 1821 Satis
1651 1769 1836 1829 aperte
1875 1759 2278 1829 comparatione
2307 1757 2355 1819 B
2385 1777 2541 1823 amca
2568 1767 2649 1823 vel
2676 1767 2783 1838 legi
2803 1767 3124 1823 serviebalis
3152 1765 3229 1841 (4)
3276 1764 3363 1821 νει
3392 1765 3669 1836 gentilium
3695 1764 3838 1819 ldeoite.

674 1864 775 1918 ista
804 1868 1020 1930 separat
1041 1902 1055 1926 ,
1089 1869 1145 1913 ut
1171 1856 1339 1914 Judaei
1370 1857 1459 1911 lilii
1496 1853 1779 1910 videantur
1803 1851 2030 1917 ancillaa,
2064 1858 2120 1904 at
2147 1863 2276 1903 vero

673 1938 960 2009 Christiani
996 1950 1087 2004 ﬁlii
1117 1950 1319 2004 liberte.
1353 1944 1417 2001 Ut
1446 1946 1590 2002 enim
1618 1943 1913 2015 promissus
1961 1940 2110 1996 Sara:
2134 1939 2276 1994 filius

673 2049 932 2118 Spit-italis
964 2058 1081 2111 est;
1112 2050 1188 2101 sic
1210 2045 1372 2101 etiam
1416 2059 1511 2098 vos
1542 2042 1630 2112 qui
1661 2040 1785 2096 ﬁdei
1824 2038 1916 2093 lilii
1965 2034 2127 2101 estis,
2181 2033 2276 2088 ﬁlii

673 2144 856 2199 liberm
878 2140 1174 2197 secundum
1197 2139 1383 2195 Isaac:
1415 2135 1517 2193 hoc
1545 2145 1630 2192 est
1669 2133 1965 2190 secundum
2009 2131 2166 2184 ﬁdem
2219 2126 2280 2180 ﬁ-

673 2237 802 2293 lium
838 2236 1085 2292 habuerit
1110 2235 1276 2289 Isaac.
1312 2231 1396 2286 Fit
1417 2246 1546 2300 ergo
1586 2228 1765 2283 ontnis
1815 2226 1954 2280 lilius
1979 2266 1993 2290 ,
2047 2223 2138 2294 qui
2191 2234 2279 2276 se-

674 2329 907 2386 cundum
935 2327 1096 2382 [idem
1125 2336 1207 2381 est
1238 2342 1251 2379 :
1278 2315 1574 2380 secundum
1600 2319 1756 2375 ﬁdem
1789 2318 1933 2374 enim
1962 2313 2279 2387 Spiritaliter

674 2422 866 2492 accipit
893 2421 1057 2475 ﬁlium
1079 2462 1093 2486 ,
1124 2426 1177 2473 et
1201 2416 1501 2488 spiritalem
1525 2413 1692 2467 ﬁlium
1722 2410 1893 2466 Isaac.

749 2513 914 2569 Vens.
937 2510 1215 2566 29.—Sed
1243 2508 1395 2563 sicuti
1428 2517 1569 2571 tunc,
1598 2505 1683 2575 qui
1714 2501 1993 2558 secundum
2037 2501 2275 2574 spiritum

681 2615 810 2673 erat,
847 2605 921 2659 sic
953 2614 999 2658 et
1031 2619 1165 2657 nunc
1184 2602 1282 2676 (Ξ).
1311 2601 1471 2655 Plena
1495 2596 1831 2667 expositione
1855 2592 2112 2659 ostendit,
2135 2590 2277 2663 quod

678 2702 770 2773 qui
788 2697 1081 2757 secundum
1106 2712 1321 2752 carnem
1348 2703 1502 2749 natus
1517 2702 1621 2761 est,
1647 2691 1698 2747 id
1719 2699 1804 2746 est
1831 2706 1898 2745 ex
1920 2688 2134 2752 ancilla,
2155 2702 2278 2758 per-

677 2793 1006 2865 sequebatur
1032 2805 1178 2854 eum,
1210 2787 1416 2843 scilicet
1434 2785 1605 2851 Isaac,
1648 2783 1739 2855 qui
1769 2780 2066 2837 secundum
2114 2778 2275 2850 spiri-

677 2895 790 2942 tunt
840 2893 955 2941 erat
979 2927 993 2952 ,
1047 2880 1205 2938 sicuti
1261 2879 1314 2934 in
1336 2878 1535 2935 Genesi
1566 2876 1764 2932 lectum
1786 2883 1909 2930 est:
1939 2882 1995 2928 et
2016 2886 2156 2926 nunc
2185 2869 2275 2925 isti

674 2988 1071 3053 persequuntur
1091 3020 1106 3043 ,
1139 2976 1226 3047 qtti
1257 2973 1551 3031 secundum
1574 2986 1792 3026 carnem
1817 2967 2148 3024 intellectum
2179 2965 2273 3019 ha-

673 3074 804 3129 bent
828 3114 843 3140 ,
886 3086 980 3128 eos
1006 3071 1095 3141 qui
1119 3067 1413 3125 secundum
1437 3064 1683 3137 spiritum
1713 3064 1917 3127 vivunt,
1944 3059 1998 3115 id
2017 3067 2100 3115 est
2119 3055 2277 3113 Chri-

2380 1876 2497 1915 rnm
2523 1860 2634 1927 ait,
2662 1875 2730 1915 ne
2763 1857 2844 1933 (5)
2873 1859 2938 1915 ad
2966 1859 3208 1914 eamdem
3238 1867 3585 1914 revertamur.

2457 1953 2620 2010 Vens.
2654 1954 2785 2008 2.-
2807 1954 2937 2009 Ecce
2963 1971 3053 2026 ego
3083 1952 3288 2008 Paulus
3317 1954 3432 2007 dico
3456 1952 3617 2021 vobis,
3634 1950 3837 2021 quoniam

2380 2047 2850 2117 circumcidamini,
2902 2048 3136 2103 Christus
3162 2049 3300 2103 vobis
3332 2047 3461 2103 nihil
3487 2044 3832 2118 proderithpette

2381 2142 2638 2211 ostendit,
2665 2159 2770 2198 non
2800 2141 3060 2214 prodesse
3090 2141 3364 2198 Christum
3390 2181 3407 2208 ,
3435 2139 3479 2195 si
3499 2139 3640 2213 aliqui
3664 2137 3720 2209 (6)
3738 2136 3840 2190 incir-

2380 2236 2715 2293 cumcisione
2741 2249 2892 2305 Spem
2923 2244 3105 2306 ponat,
3139 2243 3192 2290 et
3224 2233 3275 2289 in
3309 2232 3687 2290 circumcisione
3704 2228 3835 2285 carnali.

2381 2328 2523 2399 Ergo
2544 2344 2665 2383 cum
2688 2341 2784 2382 vos
2809 2327 3035 2399 iungitis
3059 2325 3371 2382 Judaaornm
3401 2339 3596 2381 morem
3618 2333 3659 2377 et
3678 2329 3838 2393 precept:

2380 2431 2436 2477 et
2461 2420 2822 2492 disciplinam,
2850 2420 2894 2475 si
2919 2420 2970 2473 in
2993 2417 3079 2474 his
3108 2417 3305 2489 ponitis
3322 2410 3837 2472 salvationemetltben-

2382 2513 2605 2578 tionem,
2632 2511 2772 2578 dico,
2803 2511 2995 2583 inquit,
3036 2509 3210 2575 vobis,
3264 2517 3322 2564 et
3352 2507 3475 2563 dico
3505 2507 3671 2560 Paulus
3691 2502 3837 2561 scilicet,

2381 2606 2473 2680 qui
2503 2606 2654 2663 vobis
2678 2612 2803 2660 ante
2833 2604 3079 2675 promisit
3103 2618 3225 2659 cum
3250 2604 3305 2657 in
3339 2599 3652 2670 evangelium
3673 2595 3737 2650 Dei
3753 2607 3839 2645 toti-

2380 2703 2458 2756 vit
2484 2741 2499 2767 ,
2556 2698 2757 2755 Paulus
2775 2738 2791 2766 ,
2822 2697 3035 2768 inquit,
3078 2711 3181 2768 ego
3210 2711 3352 2768 nego
3380 2694 3530 2751 vobis
3557 2690 3751 2763 prodesse
3766 2683 3838 2740 etin

2382 2794 2530 2849 nullo
2559 2791 2820 2847 auxilium
2862 2790 3005 2847 ferre
3047 2790 3324 2844 Christum
3352 2830 3368 2855 ,
3410 2789 3456 2841 si
3501 2778 3838 2840 circumcidanisi.

2383 2884 2428 2940 si
2448 2900 2662 2940 omnem
2690 2899 2843 2956 spem
2873 2883 2927 2939 in
2948 2883 3365 2938 circumcisione
3393 2878 3611 2951 ponatis.
3630 2875 3841 2944 Quaqu

2383 2975 2587 3033 Gaiano
2631 2977 2881 3032 videntur
2909 2986 2963 3031 et
3009 2973 3287 3044 aecepisse
3325 2973 3611 3036 Christum,
3656 2964 3839 3034 etilli!!!"

2377 3068 2646 3138 judaicam
2673 3067 3011 3139 disciplinam
3038 3107 3053 3131 ,
3085 3074 3260 3121 tamen
3291 3062 3578 3120 afﬁrmavit
3599 3068 3643 3115 et
3660 3067 3836 3128 personam

674 3164 902 3220 alianos.
928 3138 1168 3233 Denique
1190 3169 1249 3216 ut
1268 3158 1428 3215 totius
1452 3153 1935 3229 argumentationis
1962 3153 2091 3219 vim,
2115 3166 2273 3223 quam
2305 3138 2352 3205 C
2382 3176 2534 3217 suam
2563 3159 2732 3215 veluti
2756 3159 3043 3230 obligavit,
3072 3155 3125 3213 id
3151 3156 3296 3227 quod
3328 3155 3562 3227 loquitur
3586 3146 3779 3208 dicendo,
3803 3141 3841 3191 ll-

675 3257 963 3328 concepit,
1004 3254 1273 3320 ostendat,
1303 3250 1726 3323 subjungitista.
1763 3265 1773 3303 τ

749 3348 1195 3408 νειιε.50.-εεά
1216 3347 1338 3421 quid
1360 3346 1482 3400 dicit
1500 3343 1814 3417 Scriptura?
1842 3341 1988 3416 Ejice
2007 3339 2273 3406 ancillam,

677 3457 723 3501 et
766 3446 934 3514 ﬁlium
972 3446 1125 3517 ejus;
1154 3459 1255 3497 non
1296 3440 1432 3495 enim
1456 3440 1618 3493 horres
1646 3438 1740 3492 erit
1772 3435 2139 3517 [iliusancillaz
2163 3450 2279 3488 cum

676 3538 787 3607 ﬁlio
814 3554 920 3590 meo
943 3509 1224 3606 Is'aacll’i).
1242 3532 1385 3589 Satis
1404 3540 1591 3602 aperte
1616 3527 1856 3584 declarat
1875 3509 1941 3581 ei
1964 3525 2069 3581 hoc
2095 3540 2278 3580 exem-

680 3629 787 3701 plo,
817 3628 959 3700 quod
988 3638 1073 3683 est
1116 3628 1169 3681 in
1198 3624 1420 3691 Genesi,
1454 3622 1709 3692 quoniam
1733 3617 2060 3689 quicumque
2088 3615 2276 3678 sentit.

681 3735 735 3779 et
752 3724 926 3792 legem
951 3720 1257 3777 Iudaeorum
1287 3719 1366 3774 sic
1392 3716 1610 3786 accipit,
1637 3723 1694 3769 ut
1715 3712 2007 3768 carnaliter
2027 3710 2277 3780 accipiat,

682 3813 978 3870 secundum
1037 3827 1255 3868 carnem
1284 3819 1368 3866 est
1392 3809 1565 3875 illius,
1602 3807 1673 3863 de
1700 3821 1806 3877 quo
1828 3804 1988 3859 etiam
2021 3802 2105 3858 lex
2153 3816 2278 3871 pro-

685 3906 951 3961 nuntiavit
968 3903 1221 3973 deditque
1237 3901 1586 3967 sententiam,
1605 3898 1850 3969 ejiciatur
1862 3895 2053 3952 ancilla
2077 3903 2130 3949 et
2143 3892 2284 3948 ﬁlius

679 3999 829 4069 ejus,
862 4006 1149 4070 prapterea
1171 3992 1299 4066 quia
1327 3992 1503 4048 haeres
1523 4006 1647 4048 esse
1686 4007 1793 4046 non
1835 3991 2028 4061 poterit
2070 3987 2282 4043 ancilla:

683 4094 823 4149 lilius
848 4108 966 4147 cum
997 4091 1107 4146 ﬁlio
1128 4089 1220 4162 qui
1246 4096 1416 4144 estex
1444 4084 1612 4141 libera
1639 4125 1653 4150 ,
1702 4084 1794 4155 qui
1831 4094 1914 4139 est
1936 4081 2102 4138 Isaac.
2137 4080 2284 4152 Ergo

682 4200 778 4241 vos
805 4199 1018 4256 quoque
1040 4183 1162 4254 quia
1193 4177 1513 4251 adjunxistis
1563 4175 1963 4233 obserwntiam
2022 4174 2154 4246 legis
2196 4188 2283 4229 sc-

684 4277 915 4332 cundtnn
940 4290 1194 4341 carnem,
1225 4282 1283 4327 ut
1307 4270 1521 4327 facilius
1567 4268 1811 4323 haeredes
1850 4284 1972 4324 esse
2029 4265 2280 4338 possitis,

684 4376 857 4423 estote
889 4366 984 4420 lilii
1005 4365 1211 4428 liberae,
1250 4363 1305 4418 id
1326 4370 1413 4419 est
1439 4359 1902 4416 christianismum
1926 4400 1940 4426 ,
1991 4359 2163 4413 solum
2206 4357 2283 4413 le-

2382 3255 2456 3309 ltil
2480 3254 2705 3326 proderit
2730 3253 2867 3309 vobis
2888 3251 3123 3308 Christus
3151 3291 3166 3316 ,
3191 3251 3235 3304 si
3274 3241 3705 3304 circumcidatnini.
3740 3231 3837 3292 Viden

2380 3362 2511 3419 ergo
2542 3357 2738 3418 potest,
2770 3347 2953 3402 nescio
2977 3345 3102 3417 quid
3127 3343 3401 3400 occultum
3430 3361 3445 3398 :
3471 3342 3647 3412 quippe
3663 3328 3841 3391 cumCltﬂ-

2382 3452 2525 3495 Stum
2558 3448 2854 3511 sequantur
2883 3436 3112 3503 Galatae,
3138 3443 3194 3492 et
3218 3435 3497 3491 Christum
3519 3437 3751 3502 sequentes
3765 3433 3841 3491 δραι

2384 3534 2699 3588 salvationis
2727 3533 2781 3588 in
2804 3547 2869 3587 eo
2900 3541 3134 3602 ponant,
3162 3528 3440 3600 quomodo
3479 3528 3576 3581 hoc
3615 3518 3841 3580 coalitum?

2384 3626 2455 3682 rit
2486 3626 2687 3680 Paulus
2712 3666 2726 3691 ,
2757 3624 2898 3695 quod
2945 3621 3194 3679 Christus
3232 3621 3367 3677 nihil
3402 3617 3627 3691 proderit
3662 3611 3841 3670 sisit-cm-

2384 3718 2632 3774 cidantur
2661 3716 2908 3773 Galatze?
2940 3717 3169 3773 Servato
3196 3723 3379 3769 autem
3411 3713 3587 3768 animo
3622 3716 3668 3763 et
3702 3702 3769 3757 ﬁde
3790 3698 3841 3750 ci"

2385 3824 2448 3865 ca
2499 3810 2775 3864 Christum
2804 3849 2819 3875 ,
2868 3808 3071 3879 aliquid
3110 3806 3343 3878 amplius
3400 3805 3622 3867 faciunt,
3658 3802 3843 3856 nant:an

2387 3900 2656 3959 Christum
2679 3902 3080 3974 derelinquunt,
3128 3909 3221 3957 aut
3245 3916 3355 3956 non
3396 3901 3451 3956 in
3472 3897 3667 3955 Christo
3685 3892 3845 3951 lide

2388 4005 2544 4053 nunt.
2571 3997 2676 4053 Sed
2707 3994 2994 4051 redeamus
3014 3994 3083 4051 ad
3112 3995 3350 4050 animum
3374 4001 3432 4050 et
3458 3987 3742 4065 propositum
3758 3987 3845 4034 etw-

2385 4089 2670 4147 lttntatem.
2704 4089 2836 4146 Cum
2865 4087 3141 4145 Christum
3169 4104 3197 4143 a
3240 4087 3411 4143 Paulo
3446 4078 3793 4154 acceperint,el
3814 4066 3841 4116 εν

2388 4184 2509 4240 dem
2539 4185 2590 4238 in
2618 4183 2890 4240 Christum
2918 4181 3265 4253 sumpserint,
3296 4191 3351 4236 et
3380 4181 3483 4235 hoc
3505 4179 3571 4234 sit
3606 4173 3843 4230 vernalem

2387 4278 2586 4350 gelium
2610 4319 2624 4345 ,
2653 4280 2836 4348 utique
2864 4292 2894 4331 a
2922 4274 3140 4332 Christo
3167 4276 3345 4330 mintts
3382 4280 3679 4342 accepturos
3708 4277 3750 4318 se
3768 4266 3843 4350 θῆκ’

2388 4346 2612 4435 verunt,
2648 4346 2791 4440 quod
2823 4379 2906 4424 est
2932 4368 3042 4438 jam
3073 4367 3429 4439 blasphemize
3449 4409 3463 4433 ,
3493 4376 3546 4421 et
3574 4361 3707 4417 ﬁdem
3725 4346 3846 4409 noti?

682 4475 914 4532 genique
939 4455 1142 4514 Christi
1168 4465 1328 4528 atque
1354 4451 1691 4526 evangelium
1734 4450 1789 4505 in
1842 4448 2119 4505 Christum
2165 4464 2285 4505 sus-
2320 4522 2359 4532 _
2391 4460 2632 4519 bennam
2655 4439 2679 4529 ,ί
2710 4476 2775 4517 ει
2820 4475 2887 4517 ρο
2934 4460 3076 4532 quod
3120 4470 3239 4530 ροει
3268 4462 3550 4530 acceptum
3576 4451 3782 4509 Christum
3795 4439 3845 4491 ότ·

683 4522 884 4625 apag,
913 4550 1157 4621 nihilque
1197 4522 1350 4620 quasi
1390 4562 1453 4603 ex
1497 4522 1714 4600 ancillae
1740 4541 1849 4598 ﬁlio
1877 4542 2153 4630 babitote,
2201 4541 2270 4597 id-

2265 4576 2278 4583 ·
2312 4522 2367 4585 D
2391 4552 2622 4610 cumcidi
2650 4522 2973 4619 voluerunt;
3003 4563 3059 4609 et
3085 4553 3288 4608 servire
3319 4522 3427 4621 legi
3457 4561 3511 4606 et
3555 4533 3844 4630 operation“.

686 4657 769 4703 est
791 4643 1076 4717 sequitnini
1100 4640 1330 4713 judaica:
1357 4637 1677 4710 disciplinm.

761 4738 922 4794 Vens.
949 4736 1037 4793 51.
1060 4733 1317 4806 -—-Ergo,
1350 4736 1536 4806 fratres
1559 4773 1574 4795 ,
1604 4748 1706 4785 non
1756 4729 1916 4785 simus
1957 4726 2039 4803 (4)
2080 4727 2289 4784 ancilla:

689 4830 807 4899 ﬁlii,
832 4830 919 4883 sed
942 4829 1133 4884 liberte.
1161 4826 1276 4898 Ipse
1296 4825 1471 4897 aptius
1501 4823 1603 4879 hoc
1623 4819 1996 4894 subjungendo
2025 4819 2282 4887 declarat,

690 4923 830 4994 quod
853 4924 966 4993 jam
984 4923 1074 4995 qui
1094 4922 1370 4977 Christum
1397 4916 1682 4991 accepistis
1708 4926 1762 4972 et
1786 4932 1959 4971 meam
1983 4914 2163 4980 ﬁdem,
2190 4931 2289 4969 an-

691 5016 829 5072 cilla:
874 5015 964 5070 ﬁlii
1010 5032 1117 5071 non
1163 5014 1317 5081 estis,
1366 5013 1421 5069 id
1451 5021 1665 5069 estnon
1697 5011 1985 5067 carnaliter
2040 5009 2287 5077 sentitis,

690 5108 942 5181 quoniam
958 5104 1165 5163 aneillm
1179 5104 1317 5176 ﬁlius
1335 5104 1567 5160 carnalis
1579 5111 1691 5170 est;
1711 5101 1808 5159 sed
1822 5102 1952 5160 estis
1969 5101 2061 5157 ﬁlii
2081 5101 2289 5170 liberte,

692 5200 747 5257 id
777 5210 860 5256 est
886 5198 1008 5254 ﬁdei
1040 5197 1157 5252 ﬁlii.
1191 5197 1301 5253 Hoc
1323 5197 1467 5253 enim
1496 5193 1650 5251 Isaac
1677 5194 1777 5249 luit
1805 5192 2102 5250 secundum
2124 5191 2286 5248 ﬁdem

691 5305 745 5351 et
764 5290 1197 5365 promissionem,
1216 5288 1358 5344 ﬁlius
1382 5285 1657 5359 spiritalis.
1684 5285 1796 5353 Qua
1809 5283 2043 5341 libertate
2057 5284 2289 5341 Christus

773 5484 852 5557 (ᾖ)
886 5480 1046 5557 _V_ulg.
1074 5520 1089 5545 ,
1115 5493 1302 5557 ξων..
1328 5489 1536 5557 sumus‘
1664 5542 1678 5555 _
1812 5500 1829 5554 ,ι

768 5538 849 5627 (ἳῇ
886 5538 1040 5625 Vulg.
1068 5538 1087 5604 ε’
1112 5542 1218 5605 Sed
1238 5550 1490 5627 quomodo
1520 5553 1640 5599 tunc
1659 5542 1704 5597 is
1732 5538 1824 5615 qui
1850 5539 2132 5595 secundum
2173 5557 2291 5596 car-

693 5620 812 5682 nem
828 5620 1181 5696 'natus'fuerat
1198 5662 1213 5688 ,
1244 5620 1325 5696 ita
1333 5626 1388 5696 _et
1409 5631 1572 5696 nunc.

794 5698 850 5766 '5)
894 5688 1046 5766 Vulg.
1074 5734 1090 5761 ,
1122 5709 1239 5766 cum
1268 5688 1593 5766 ﬁliojiberaa.

794 5699 850 5766 '5)
894 5699 1046 5764 Vulg.
1074 5734 1090 5761 ,
1122 5709 1239 5747 cum
1268 5699 1377 5761 ﬁlio
1402 5699 1593 5743 liberm.

770 5699 853 5842 ξι)
892 5765 1082 5836 Vulg.,
1113 5764 1295 5835 Itaque
1314 5801 1332 5831 ,
1362 5760 1568 5833 fratres,
1602 5766 1705 5814 non
1733 5768 1933 5812 sumus.

2393 4647 2547 4716 Quod
2575 4649 2621 4703 si
2648 4647 2719 4703 ita
2748 4655 2861 4713 est,
2894 4646 3027 4703 ﬁdes
3050 4647 3194 4701 nulla
3225 4646 3279 4703 in
3305 4620 3579 4701 Christum
3614 4659 3625 4692 :
3650 4620 3845 4697 esset"

2394 4748 2449 4795 et
2503 4734 2645 4795 aliud
2693 4740 2833 4810 quod
2883 4738 3142 4809 prodesse
3185 4738 3353 4810 possit
3412 4733 3717 4808 adjungitnr,
3748 4716 3847 4778 ωεῆἓ

2394 4832 2523 4887 nihil
2545 4833 2681 4887 vobis
2725 4833 2950 4903 proderit
2975 4832 3229 4887 Christus.

2470 4925 2629 4981 Vnus.
2659 4900 2733 4982 5.
2762 4954 2835 4967 —
2853 4923 3123 4995 Testiﬁcor
3162 4933 3329 4979 autem
3351 4922 3435 4996 (7)
3475 4919 3606 4977 omni
3636 4906 3778 4971 hostili
3799 4900 3850 4956 δ’

2394 5020 2702 5076 cumcidenti
2722 5036 2806 5087 se,
2838 5021 3081 5091 quoniam
3123 5018 3317 5074 debitor
3363 5026 3439 5073 est
3465 5017 3690 5070 uniuersa!
3709 5002 3792 5071 lt!“
3813 4997 3849 5061 β’

2393 5113 2607 5169 εἱεηάω.
2630 5110 2707 5168 Ne
2729 5121 2983 5183 putarent
3007 5110 3214 5167 Galatae
3244 5118 3449 5166 tantum
3471 5106 3571 5165 sibi
3594 5118 3653 5161 es
3676 5096 3848 5168 iustiti“
3876 5096 3877 5169 i

2496 5254 2546 5327 l)
2585 5254 2779 5325 ang.,
2803 5254 3001 5309 omittit
3027 5268 3167 5325 ergo.

2491 5328 2547 5401 2)
2590 5325 2756 5401 Codd.
2792 5325 3044 5401 intellegis
3083 5340 3179 5401 pro
3210 5321 3452 5401 adlegis.
3554 5388 3567 5401 ο

2495 5395 2548 5467 5)
2586 5397 2756 5454 Codd.
2788 5396 2898 5451 ulla
2926 5395 3135 5465 deponit
3164 5395 3351 5450 cervice
3380 5395 3658 5449 summissa.

2495 5469 2552 5524 4)
2592 5470 2761 5524 Codd.
2786 5468 3059 5522 servitutis.

2495 5537 2551 5609 5)
2588 5537 2756 5595 Codd.
2788 5541 2833 5594 si
2859 5553 2956 5609 pro
2982 5556 3063 5592 ne.

2788 5578 3145 5683 ἷτῖἔιέᾷἶὶη
3175 5616 3235 5665 ιιι
3282 5615 3363 5666 est
3411 5608 3467 5665 in
3507 5594 3731 5661 ῦεωωοε
3749 5578 3851 5643 Μ’

2526 5701 2537 5736 Ι
2584 5722 2596 5735 .

2396 5698 2596 5737 vatum.

2467 5750 2549 5826 (7)
2590 5753 2747 5826 Vulg.
2777 5751 2926 5809 addit
2948 5766 3150 5810 rursus.
