4018 6184
237 254 371 313 “89

1104 257 1170 313 IN
1210 256 1592 316 EPISTOLAM
1632 254 1838 315 PAULI
1876 254 1968 311 AD
2006 257 2325 318 GALATAS
2362 246 2569 320 LIBER
2610 249 2674 321 ΙΙ.

3395 272 3534 332 1190

227 365 530 422 ,ιιιᾱιηοτιιιη
554 409 568 433 ,
597 374 750 424 certa
792 369 1115 426 assumenda
1164 386 1285 427 esse
1307 414 1321 438 ,
1368 380 1426 427 ut
1471 373 1840 430 circumcisio-
1870 371 1922 433 A
1949 385 2044 441 per
2065 389 2186 429 eum
2221 383 2399 433 tamen
2426 419 2441 446 ,
2474 379 2844 451 resurgimus;
2877 389 3023 439 certa
3056 380 3211 441 nobis
3252 386 3386 446 ﬁdes
3414 400 3495 446 est
3524 431 3538 458 ,

232 474 392 525 netu;
422 471 617 516 caetera
646 476 776 517 vero
806 471 1255 532 contemnerent,
1300 465 1384 519 vel
1445 467 1496 519 in
1530 465 1664 521 cibis
1689 507 1705 531 ,
1752 465 1834 521 vel

233 550 285 606 in
341 551 682 608 observantia
722 552 965 621 dierum,
1018 555 1101 611 vel
1150 556 1203 611 in
1244 556 1667 624 copiunctione,
1714 573 1835 630 quae

240 646 448 714 qualis,
482 655 536 701 et
558 661 782 716 quarum
807 661 988 703 rerum
1011 648 1080 703 sit
1104 690 1118 715 ,
1165 649 1218 704 in
1252 649 1370 721 lege
1426 649 1726 717 retinetur,
1782 652 1834 708 in

234 737 426 806 quibus
456 736 705 794 omnlbus
731 738 976 809 quaedam
1024 755 1380 812 supervacua,
1413 741 1657 813 quaedam
1680 744 1836 815 quasi

236 829 500 897 nefanda,
542 831 618 886 sic
657 831 1036 903 relinquuntur
1076 849 1106 889 a
1161 851 1289 892 vero
1334 837 1628 892 christiano
1674 847 1836 907 atque

235 922 558 977 castissima.
592 922 769 979 Unum
814 933 1020 981 tantum
1043 929 1382 995 memorabo,
1413 945 1532 984 cum
1565 930 1833 987 excitandi

236 1014 455 1070 seminis
502 1029 661 1070 causa
702 1015 856 1072 fratri
892 1017 1135 1089 jungitur
1169 1036 1305 1075 uxor
1353 1019 1535 1076 fratris
1574 1040 1588 1075 :
1626 1032 1680 1078 et
1729 1038 1837 1078 crc-

234 1113 346 1161 tcra
395 1105 698 1175 hujusmodi
744 1117 839 1164 aut
884 1109 1018 1165 liunt
1049 1120 1141 1166 aut
1185 1111 1436 1183 leguntur
1487 1114 1648 1169 acta:
1703 1112 1831 1169 item

232 1206 425 1254 cetera
457 1215 578 1269 qua:
612 1198 723 1254 dixi
747 1199 816 1257 de
841 1198 974 1258 cibis
997 1243 1011 1269 ,
1069 1201 1268 1260 deinde
1317 1204 1384 1260 de
1433 1204 1832 1261 observationi-

229 1288 330 1348 bus
356 1333 371 1359 ,
422 1293 713 1366 multisque
758 1296 919 1351 etiam
949 1297 1072 1353 aliis
1109 1298 1270 1354 rebus
1299 1315 1312 1352 :
1349 1315 1468 1371 qua!
1490 1299 1652 1355 etiam
1680 1315 1832 1355 assu-

231 1385 423 1442 menda
452 1396 616 1455 sunt,
647 1388 851 1459 inquit,
907 1390 956 1446 ei
1018 1391 1108 1462 qui
1160 1407 1219 1448 se
1268 1390 1624 1450 circumcidit.
1673 1396 1832 1463 Quod

231 1480 274 1532 si
307 1496 413 1534 non
438 1481 610 1538 facitis
634 1482 772 1550 alia,
821 1482 1015 1539 frustra
1056 1485 1530 1544 circumcisionem
1574 1488 1828 1546 adhibui-

228 1569 349 1625 stis.
375 1568 646 1642 Testificor
675 1574 821 1629 enim
848 1575 974 1646 quia
1024 1578 1164 1631 omni
1208 1578 1404 1633 homini
1443 1580 1827 1636 circumcidenti

228 1675 320 1727 se,
370 1659 428 1716 fit
473 1664 795 1730 necessitas,
849 1674 905 1720 ut
929 1665 1000 1721 sit
1040 1666 1250 1722 debitor
1285 1668 1352 1723 ad
1384 1670 1668 1736 universa,
1707 1687 1829 1743 qum

1942 478 2040 534 per
2066 481 2224 536 quam
2250 467 2408 524 ﬁdem
2438 473 2681 539 Operatio
2715 474 2772 528 fit
2798 474 2862 529 ad
2892 476 3118 531 salutem
3148 519 3162 544 ,
3192 487 3247 534 et
3290 496 3386 550 per
3410 481 3540 537 cha-

1942 552 2159 611 rilatetu
2209 561 2457 630 accipere
2514 579 2612 619 nos
2660 577 2945 635 oportere,
2998 584 3155 639 quam
3201 571 3459 629 habemus
3486 575 3540 633 in

1941 645 2214 706 Christum
2246 666 2299 708 et
2324 655 2376 709 in
2409 655 2572 710 Deum
2597 699 2611 723 ,
2645 668 2698 713 et
2722 659 2918 715 exinde
2940 659 3085 717 circa
3114 678 3330 719 omnem
3363 665 3545 723 homi-

1942 755 2084 795 nem.
2115 744 2228 798 Duo
2252 745 2393 799 enim
2427 746 2542 803 haec
2569 750 2801 805 maxime
2831 766 3048 810 omnem
3078 756 3239 812 vitam
3262 760 3540 829 corrigunt

1939 841 1993 886 et
2016 847 2231 890 omnem
2253 837 2357 891 vim
2390 838 2522 910 legis
2552 840 2794 911 implent,
2826 853 2881 898 et
2907 846 3085 901 omnia
3119 848 3227 916 illa,
3256 866 3376 921 qua:
3399 868 3540 923 prte-

1937 933 2092 996 cepta
2117 929 2312 983 suntin
2334 930 2611 1004 decalogo,
2636 937 2914 992 continent
2939 937 3038 1013 (l).
3066 939 3120 997 Si
3152 942 3309 998 [idem
3333 947 3422 1016 qui
3456 947 3540 1021 (2)

1943 1026 2145 1087 servet,
2173 1022 2416 1090 sequitur
2428 1033 2674 1081 utservet
2697 1026 3035 1097 charitatem,
3060 1048 3179 1103 qua:
3203 1034 3545 1109 duoimplent

1937 1109 2143 1174 omnia,
2177 1124 2296 1180 quae
2319 1111 2403 1168 lex
2426 1112 2621 1169 Christi
2646 1118 2921 1189 praecepit.
2952 1119 3027 1175 De
3052 1120 3134 1177 his
3166 1124 3325 1181 rebus
3354 1129 3542 1198 saepis-

1936 1200 2073 1257 sime
2103 1204 2351 1271 tractavi,
2387 1206 2526 1276 quod
2558 1207 2688 1264 fides
2717 1209 2929 1276 liberet,
2955 1223 3008 1268 et
3030 1212 3262 1272 charitas
3289 1219 3537 1278 aedificet.

2038 1293 2203 1351 Vsus.
2262 1297 2316 1351 7.
2367 1328 2438 1338 —
2502 1296 2795 1356 Currebatis
2867 1304 3031 1373 bene;
3078 1308 3191 1377 quis
3256 1311 3396 1366 vobis
3458 1312 3538 1388 (5)

1933 1384 2240 1456 impedivit?
2289 1387 2345 1444 Id
2402 1397 2485 1446 est
2530 1392 2724 1448 bonam
2784 1394 2944 1451 lidcm
2998 1400 3139 1455 circa
3202 1384 3538 1476 evangelium

1934 1475 2255 1546 habebatis;
2319 1497 2483 1552 quare
2538 1486 2726 1541 mutati
2784 1489 2953 1544 estis?
2996 1507 3199 1563 quare,
3252 1475 3403 1567 quasi
3459 1497 3540 1553 fa-

1939 1570 2092 1625 scino
2136 1572 2411 1644 quodam,
2459 1577 2528 1632 ab
2579 1578 2791 1651 integro
2844 1598 3003 1639 cursu
3073 1589 3351 1644 revocati?
3402 1589 3538 1648 lllttd

1934 1662 2077 1717 enim
2106 1665 2248 1735 quod
2276 1681 2371 1721 vos
2404 1683 2500 1738 per
2525 1671 2863 1742 evangelium
2893 1675 3048 1731 docui
3076 1718 3091 1745 ,
3125 1678 3391 1751 integrum
3443 1699 3537 1739 ve-

182 1820 185 1821 ν
227 1749 359 1822 legis
385 1763 543 1819 sunt,
574 1752 839 1811 facienda.
877 1755 1029 1812 Facit
1056 1757 1218 1828 igitur
1242 1758 1363 1817 illos
1386 1770 1440 1817 et
1468 1760 1523 1816 in
1564 1762 1683 1835 lege
1713 1764 1825 1831 illa,
1859 1763 1906 1824 B
1931 1770 2050 1848 tum
2082 1756 2218 1824 Γυίις
2247 1757 2349 1816 hoc
2378 1769 2434 1817 ει
2454 1760 2648 1819 falsum
2679 1775 2731 1821 et
2763 1770 3093 1826 contrarium
3114 1814 3128 1840 ,
3161 1782 3215 1828 et
3244 1749 3376 1830 nihil
3408 1793 3531 1848 pro-

225 1859 384 1914 quam
429 1857 874 1917 assumpserunt,
917 1860 1234 1921 peccatores
1277 1869 1434 1922 esse,
1467 1871 1531 1911 ex
1578 1871 1645 1911 00
1679 1858 1822 1928 (ιιιοά

227 1948 333 1990 ιιοη
366 1938 545 1991 omnia
579 1938 778 1995 faciunt
803 1983 817 2008 ,
846 1951 901 1996 et
928 1942 1129 2012 eligunt
1157 1959 1276 2014 quae
1320 1943 1565 2000 facienda
1591 1963 1603 2000 :
1629 1957 1682 2002 et
1709 1964 1826 2003 rur-

226 2042 319 2083 sus
348 2029 488 2085 circa
534 2031 703 2102 legem
728 2074 743 2099 ,
794 2049 915 2104 quae
951 2035 1148 2090 Christi
1192 2046 1305 2103 est,
1338 2045 1393 2093 et
1429 2037 1572 2094 circa
1594 2055 1823 2112 evange—

228 2122 355 2177 lium
387 2125 606 2180 omnino
637 2126 928 2195 aberrant,
961 2136 1016 2184 et
1041 2131 1212 2200 magis
1242 2131 1573 2187 aberrabuut
1598 2175 1612 2201 ,
1643 2134 1685 2188 si
1706 2151 1824 2190 om—

228 2217 314 2271 nia
338 2259 352 2284 ,
379 2234 499 2288 quae
529 2219 662 2303 legis
687 2231 848 2291 sunt,
904 2224 1121 2281 faciant.
1163 2227 1402 2298 Denique
1450 2229 1727 2303 subjungit
1754 2247 1818 2288 ex

226 2309 327 2365 hac
354 2323 506 2382 parte
525 2298 637 2382 jam
661 2355 675 2378 ,
712 2330 815 2383 qua
843 2328 1008 2386 agunt
1036 2318 1281 2387 quaulam
1332 2336 1453 2392 quae
1480 2318 1649 2379 Judaei
1678 2366 1692 2390 ,
1748 2340 1817 2380 ex

232 2401 353 2469 bac,
375 2404 612 2476 inquam,
641 2415 816 2477 parte,
848 2410 989 2479 quod
1020 2424 1051 2465 a
1080 2409 1296 2468 Christo
1322 2413 1607 2469 videantur
1632 2417 1816 2472 alieni.

302 2497 466 2553 Vsus.
502 2500 895 2556 4.—-Evacuati
909 2504 1025 2558 estis
1046 2522 1076 2558 a
1099 2502 1321 2572 Christo,
1348 2508 1436 2578 qui
1456 2508 1510 2564 in
1541 2508 1649 2581 lege
1667 2510 1818 2577 iusti-

222 2588 481 2656 ficamini,
526 2606 559 2644 a
607 2591 774 2662 gratia
815 2593 1098 2650 cecidistis.
1146 2594 1335 2653 Omnis
1377 2597 1520 2654 enim
1567 2600 1738 2655 virtus
1763 2600 1815 2656 in

218 2681 493 2738 Christum
522 2684 793 2741 credentis
819 2728 834 2753 ,
868 2688 920 2742 in
944 2689 1115 2758 gratia
1139 2699 1222 2746 est
1259 2691 1370 2748 Dei.
1407 2691 1589 2748 Gratia
1635 2703 1813 2749 autem

223 2791 331 2831 non
363 2792 426 2832 ex
461 2778 667 2834 meritis
693 2821 709 2848 ,
737 2780 831 2836 sed
855 2797 919 2837 ex
951 2781 1045 2837 Dei
1077 2784 1277 2853 pietate
1317 2793 1400 2840 est
1427 2803 1440 2840 :
1484 2801 1614 2857 ergo
1652 2786 1760 2858 jam
1784 2804 1817 2842 a

221 2873 390 2942 gratia
435 2873 726 2939 excidistis,
772 2875 815 2928 si
870 2875 922 2929 in
953 2874 1070 2949 lege
1107 2876 1548 2948 justiilcationem
1580 2876 1814 2937 vestram

224 2968 456 3036 ponitis;
512 2977 569 3024 ut
611 2970 736 3040 quia
778 2969 1032 3041 operibus
1071 2973 1323 3040 servitis,
1372 2975 1493 3046 quia
1531 2974 1813 3032 sabbatum

220 3059 552 3127 observatis,
610 3062 862 3131 quoniam
912 3065 1212 3122 circumcisi
1281 3068 1442 3133 estis,
1488 3069 1743 3124 excidistis
1782 3088 1815 3124 a

1929 1847 2186 1905 futurum.
2208 1852 2320 1909 Hoc
2348 1865 2431 1911 est
2452 1858 2596 1928 quod
2626 1859 2901 1933 adjttngit:
2943 1862 3152 1921 Veritati
3175 1885 3277 1923 non
3304 1847 3527 1930 obedire.

1932 1940 2058 2006 Quis
2085 1958 2173 2000 vos
2194 1986 2209 2011 ,
2242 1946 2411 2019 inquit
2437 1991 2451 2016 ,
2479 1952 2710 2023 impediit
2730 1998 2743 2018 ,
2777 1957 2980 2012 veritati
3006 1976 3109 2015 non
3157 1962 3407 2019 obedire?
3435 1967 3529 2022 Et-

1927 2029 2069 2086 enim
2099 2034 2153 2088 in
2177 2036 2333 2091 nobis
2356 2038 2563 2095 veritas
2584 2049 2705 2098 est:
2739 2043 2861 2100 huic
2906 2046 3283 2121 obtemperare
3330 2054 3532 2111 debui-

1927 2122 2056 2189 SIis,
2086 2141 2153 2181 ne
2179 2130 2305 2199 quid
2336 2130 2480 2188 aliud
2501 2133 2904 2195 observaveris.
2936 2141 3073 2212 Ergo
3094 2143 3324 2215 primum
3359 2148 3528 2205 veluti

1927 2216 2152 2274 miratur
2176 2235 2298 2277 cum
2324 2222 2491 2291 dixit,
2551 2227 2662 2297 quis
2710 2243 2796 2283 vos
2850 2231 3131 2303 impedivit.
3174 2237 3368 2294 Postea
3412 2240 3523 2311 jam

1927 2319 2107 2367 monet
2129 2352 2146 2379 ,
2177 2313 2303 2383 quid
2338 2314 2645 2373 faciendum
2676 2361 2690 2385 ,
2719 2323 2909 2376 nemini
2930 2329 3309 2385 consenseritis.
3359 2329 3519 2388 Omni

1922 2417 2121 2471 genere
2157 2416 2388 2477 pugnat,
2422 2424 2490 2464 ne
2517 2419 2725 2468 mutent
2757 2419 3111 2485 sententiam,
3170 2430 3221 2476 et
3270 2422 3521 2494 adjiciunt

1921 2488 2124 2563 aliquid
2172 2509 2323 2553 extra
2380 2515 2542 2571 quam
2599 2503 2741 2572 quod
2796 2506 2906 2562 illis
2956 2521 3285 2582 praeceptum
3315 2488 3399 2570 est
3431 2533 3527 2586 per

1920 2589 2260 2659 evangelium
2288 2609 2316 2645 a
2342 2588 2531 2650 Paulo.
2560 2597 2738 2655 Nolite
2761 2640 2777 2668 ,
2806 2599 3020 2672 inquit,
3049 2618 3373 2664 consensum
3405 2610 3525 2668 aliis

1920 2681 2348 2740 accommodare.

1988 2771 2157 2829 Vens.
2190 2777 2244 2829 8.
2272 2805 2339 2817 -—
2359 2777 2549 2834 Suasio
2575 2792 2740 2837 vestra
2770 2800 2834 2840 ea:
2879 2783 2986 2842 Deo
3017 2798 3089 2845 est
3114 2834 3129 2859 ,
3157 2794 3246 2863 qui
3290 2813 3385 2851 nos
3431 2813 3521 2854 vo-

1918 2865 2048 2917 cavit
2072 2863 2237 2934 (4).Ιὰ
2265 2879 2347 2924 est
2374 2871 2516 2941 quod
2551 2873 2704 2930 vobis
2728 2877 2814 2932 vel
2846 2894 3063 2936 suasum
3096 2898 3125 2938 a
3154 2901 3242 2941 me
3278 2897 3382 2956 est,
3437 2891 3522 2948 vel

1917 2957 2061 3028 quod
2090 2960 2213 3030 'ipsi
2238 2961 2351 3032 jam
2395 2979 2612 3022 suasum
2645 2968 2854 3026 habetis
2874 2987 2904 3027 a
2939 2973 3080 3038 Deo,
3113 2978 3203 3048 qui
3235 2996 3331 3037 vos
3359 2997 3521 3039 voca-

1920 3050 2035 3117 vit,
2071 3051 2228 3106 sicuti
2270 3070 2428 3125 supra
2468 3057 2668 3141 dictum
2696 3071 2779 3117 est
2803 3103 2818 3130 ,
2848 3080 2977 3136 quos
3006 3073 3199 3124 vocavit
3228 3083 3275 3126 et
3323 3077 3525 3145 praede-

221 3152 389 3221 gratia
415 3194 428 3219 ,
467 3162 520 3208 et
570 3156 799 3209 evacuati
833 3157 953 3211 estis
994 3174 1027 3212 a
1066 3155 1288 3214 Christo.
1317 3159 1434 3216 Jatn
1464 3164 1606 3218 enim
1639 3180 1747 3218 non
1781 3180 1808 3218 a
1837 3151 1885 3214 C
1916 3141 2120 3195 δίδηπυίί
2151 3157 2170 3197 -'
2197 3154 2391 3201 canem
2439 3164 2666 3222 ιιυωίιθθ
2719 3167 2814 3223 Per
2881 3159 3125 3215 ordinem
3191 3162 3330 3220 diem
3372 3177 3516 3223 sunt.

216 3240 436 3297 Christo
464 3259 614 3315 spetn
638 3243 849 3302 habetis
871 3289 885 3313 ,
918 3264 1091 3320 neque
1120 3252 1413 3307 secundum
1442 3253 1560 3324 ejus
1608 3254 1811 3326 passio-

222 3349 344 3388 nem
377 3345 429 3391 et
455 3338 908 3395 resurrectionem
940 3346 1170 3410 speratis
1198 3342 1427 3414 gratiam
1475 3346 1626 3403 vobis
1648 3389 1662 3414 ,
1715 3348 1810 3404 sia

218 3422 338 3499 lege
375 3428 811 3501 justillcatiouetn
852 3435 1071 3492 creditis
1124 3437 1399 3494 advenire.

295 3522 714 3581 Vens.5.—Nos
727 3529 860 3582 enim
876 3530 927 3583 in
947 3529 1187 3601 spirituet
1210 3530 1288 3605 (l)
1304 3532 1407 3602 ﬁde
1445 3549 1581 3603 spem
1591 3534 1814 3606 justitite

218 3629 565 3688 expectamus.
600 3616 886 3677 Christiani
911 3665 925 3689 ,
958 3623 1126 3695 inquit
1156 3666 1170 3691 ,
1199 3635 1253 3680 et
1282 3625 1371 3693 qui
1423 3625 1696 3683 Christum
1724 3645 1811 3685 se-

218 3720 475 3780 quuntur,
501 3723 554 3766 et
579 3713 631 3767 in
662 3715 850 3783 spiritu
874 3726 927 3771 et
955 3715 1006 3771 in
1040 3715 1145 3772 fide
1173 3731 1326 3788 spem
1350 3717 1631 3787 habemus,
1665 3729 1725 3777 et’
1759 3722 1811 3778 in

220 3800 317 3857 Dei
336 3800 715 3872 justiticatione
738 3821 846 3862 non
871 3823 937 3862 ex
967 3809 1239 3879 cperibus.
1268 3809 1455 3866 Omnis
1472 3813 1615 3868 enim
1644 3813 1811 3870 virtus

218 3898 463 3967 mysterii
492 3895 594 3954 hoc
619 3908 836 3969 operata
864 3910 967 3968 est,
989 3912 1047 3956 ιιι
1069 3904 1222 3959 nobis
1254 3920 1347 3974 per
1374 3906 1596 3976 gratiam
1632 3916 1685 3963 et
1716 3908 1809 3964 Dei

218 3988 474 4059 pietatem
503 3992 764 4048 relaxatio
793 3995 945 4051 fieret
986 4006 1330 4066 peccatorum
1358 4040 1372 4066 ,
1426 4009 1480 4054 et
1509 4000 1618 4054 vita
1649 4010 1809 4057 aeter-

217 4097 285 4137 na
316 4092 661 4152 prmstaretur
681 4128 695 4152 ,
726 4095 782 4142 ut
811 4102 957 4158 saepe
998 4087 1313 4155 docuimus,
1364 4106 1431 4147 ex
1478 4092 1569 4147 Dei
1600 4093 1770 4163 gratia
1793 4135 1808 4159 ,

219 4190 326 4231 non
357 4192 421 4232 ex
452 4176 705 4248 operibus
727 4191 829 4237 aut.
859 4181 1085 4237 meritis.
1133 4182 1245 4237 lloc
1279 4192 1458 4239 autem
1512 4198 1609 4253 per
1650 4184 1809 4255 spiri-

216 4277 332 4324 tum
360 4272 642 4343 contingit.
667 4270 801 4328 Cum
830 4288 958 4328 vero
986 4289 1053 4329 ex
1075 4274 1331 4345 operibus
1353 4275 1668 4347 justificatio
1688 4293 1809 4349 spe-

218 4371 399 4429 ratur,
427 4379 534 4418 non
563 4379 634 4419 ex
665 4365 853 4434 spiritu
882 4380 1006 4436 spes
1033 4375 1134 4423 est.
1167 4366 1279 4423 Hoc
1305 4382 1404 4425 nos
1434 4381 1805 4441 expectamus,

216 4462 273 4509 et
301 4453 402 4510 hoc
431 4464 515 4511 est
542 4454 876 4528 evangelium
904 4456 1103 4514 Christi
1128 4460 1300 4532 sequi.

1993 3231 2154 3289 Vens.
2173 3233 2227 3291 9.
2260 3265 2325 3277 -—-
2340 3237 2565 3295 Nescitis
2578 3244 2699 3311 quia
2721 3246 2980 3303 modicum
3006 3254 3307 3321 fermentum
3324 3259 3526 3315 univer-

1914 3339 2026 3379 sam
2040 3341 2260 3382 massam
2290 3334 2609 3404 corrumpit_?
2622 3334 2701 3409 (5)
2714 3335 2886 3395 Omne
2907 3342 3225 3403 fermentum
3252 3355 3524 3425 corruptio

1914 3427 1994 3471 est
2011 3419 2161 3488 panis
2176 3426 2229 3475 et
2248 3433 2537 3493 corruptus
2552 3426 2706 3496 panis
2725 3432 2889 3487 farina
2901 3475 2916 3499 ,
2933 3445 2987 3490 et
3000 3452 3173 3494 massa
3197 3441 3379 3499 farina:
3391 3419 3518 3504 dum

1914 3508 2199 3568 dimittitur
2212 3518 2497 3583 coacescit,
2518 3528 2573 3574 et
2592 3520 2715 3577 hinc
2733 3521 3051 3583 fermentum
3080 3532 3326 3590 efficitur.
3350 3536 3522 3595 Modi-

1916 3614 2036 3657 cum
2053 3614 2231 3661 autem
2253 3606 2527 3679 fermenti,
2542 3625 2664 3666 cum
2686 3614 2736 3669 in
2755 3632 2985 3673 massam
3004 3622 3250 3692 mittitur,
3270 3643 3521 3687 corrum-

1915 3695 2060 3767 pitur
2087 3713 2283 3755 massa.
2315 3700 2564 3771 Oportet,
2598 3703 2789 3776 inquit,
2824 3725 2920 3766 vos
2958 3729 3179 3784 azymos
3206 3734 3347 3776 esse.
3378 3722 3520 3796 Ergo

1916 3788 2043 3843 illud
2092 3792 2236 3861 quod
2270 3796 2467 3863 putatis
2498 3798 2765 3857 modicum
2808 3818 2903 3860 vos
2932 3806 3216 3878 adjecissc,
3241 3814 3295 3871 id
3322 3828 3425 3887 εει,
3451 3788 3518 3876 ut

1914 3881 2215 3938 observetis
2242 3885 2733 3960 circutncisiOnem,
2767 3896 2913 3953 istud
2938 3901 3207 3960 modicum
3238 3910 3364 3979 quia
3394 3881 3517 3968 cor-

1914 3983 2127 4040 ruptum
2149 3984 2254 4042 est,
2274 3981 2569 4050 corrumpit
2586 3998 2815 4041 massam
2838 3993 3100 4063 evangelii
3119 4001 3310 4068 nostri,
3329 4010 3387 4057 ut
3408 4018 3517 4060 non

1913 4063 2126 4133 plenam
2144 4079 2293 4136 spem
2315 4066 2371 4123 in
2386 4068 2604 4129 Christo
2624 4075 2883 4147 habeatis,
2901 4097 3036 4139 neve
3059 4102 3152 4142 vos
3170 4063 3439 4160 Christus,
3461 4105 3520 4152 ut

1913 4171 2039 4213 suos
2061 4173 2124 4215 ac
2148 4159 2218 4217 de
2242 4176 2300 4218 se
2321 4177 2469 4233 spem
2489 4164 2754 4226 habentes
2770 4176 3021 4246 respiciat
3038 4197 3052 4233 :
3071 4180 3200 4237 fides
3212 4183 3356 4241 enim
3380 4159 3518 4246 libe-

1892 4250 2028 4319 rat:
2057 4259 2128 4319 et,
2148 4262 2206 4307 ut
2230 4254 2485 4324 diximus,
2511 4258 2668 4316 fidem
2692 4278 2797 4319 non
2826 4265 3009 4336 habet,
3037 4271 3126 4343 qui
3145 4285 3339 4344 praeter
3364 4278 3520 4337 Chri-

1914 4352 2053 4397 stum
2075 4344 2253 4416 aliquo
2276 4348 2435 4406 modo
2455 4353 2736 4423 auxilium,
2761 4356 2884 4414 licet
2903 4376 3024 4418 cum
3046 4363 3287 4438 Christo,
3311 4383 3514 4443 sperat.

1990 4434 2152 4494 Vens.
2207 4440 2291 4496 10.
2322 4469 2395 4483 --
2446 4442 2556 4516 Ego
2605 4450 2808 4519 con/ida
2853 4453 2917 4508 de
2965 4454 3042 4528 (6)
3118 4434 3357 4518 vobis'in-
3405 4464 3520 4522 Do-

289 4547 455 4604 Vtzns.
489 4548 543 4604 6.
594 4579 668 4590 -
690 4547 831 4604 Nam
858 4551 913 4604 in
935 4548 1141 4606 Christo
1162 4552 1290 4608 Iesu
1336 4570 1496 4627 neque
1536 4556 1806 4612 circumci-

1928 4529 2069 4613 uino,
2143 4534 2282 4603 quod
2340 4535 2471 4590 nihil
2504 4538 2651 4594 aliud
2707 4544 2931 4612 sapietis.
2982 4545 3125 4605 Bene
3161 4551 3273 4622 jam
3320 4554 3389 4611 de
3432 4556 3518 4614 fu-

216 4640 294 4696 sio
323 4641 517 4711 aliquid
537 4626 702 4709 valet,
733 4659 894 4715 neque
916 4646 1225 4714 prteputium
1248 4664 1266 4711 ;
1294 4648 1383 4702 sed
1410 4649 1537 4717 fides
1580 4666 1695 4719 qua:
1719 4668 1809 4721 per

217 4732 516 4788 charitatem
545 4747 805 4807 operatur.
835 4737 1039 4809 Ubique
1061 4741 1206 4810 ponit
1225 4741 1368 4797 circa
1389 4742 1546 4799 fidem
1566 4743 1619 4799 in
1647 4760 1811 4801 evan-

216 4822 414 4895 gelium
439 4823 639 4883 Christi
668 4872 682 4895 ,
730 4844 904 4899 neque
940 4830 1406 4888 circumcisionem
1458 4834 1534 4908 (2)
1590 4837 1769 4893 valere
1792 4879 1805 4903 ,

218 4932 391 4987 neque
419 4915 552 4974 facta
581 4921 723 4977 circa
752 4936 951 4993 corpus
976 4964 991 4989 ,
1020 4935 1111 4977 aut
1145 4924 1281 4980 facta
1304 4926 1371 4981 de
1396 4942 1626 4998 corpore
1648 4970 1662 4993 ,
1715 4937 1809 4984 aut

216 5020 440 5080 propter
468 5027 663 5082 corpus
685 5055 699 5080 ,
727 5024 786 5068 ut
813 5015 1152 5072 circumcisio
1171 5058 1187 5083 ,
1226 5027 1285 5072 ut
1306 5034 1471 5088 opera
1497 5052 1513 5084 ,
1560 5030 1619 5075 ut
1645 5028 1808 5076 ciete-

215 5114 276 5155 ra
303 5100 606 5170 ltujusmodi
632 5118 647 5160 :
678 5104 810 5161 nihil
839 5105 1029 5161 horum
1049 5149 1064 5173 ,
1087 5107 1280 5178 inquit,
1310 5110 1366 5164 in
1394 5109 1610 5165 Christo
1633 5112 1804 5166 valet:

214 5195 416 5252 frustra
432 5199 769 5255 circumcisio
788 5211 891 5257 est.
922 5200 1106 5274 Neque
1135 5219 1201 5259 ex
1230 5220 1296 5259 eo
1321 5204 1463 5276 quod
1484 5205 1807 5277 praeputium

214 5298 298 5344 est
325 5332 340 5355 ,
369 5291 609 5346 valemus
637 5293 688 5347 in
718 5291 967 5361 Christo;
997 5297 1090 5352 sed
1112 5297 1236 5366 quia
1266 5297 1423 5354 fidem
1457 5299 1511 5355 in
1536 5315 1657 5356 eum
1688 5314 1812 5357 sus-

214 5383 458 5451 cepimus
480 5426 494 5447 ,
541 5392 595 5439 et
638 5386 762 5455 quia
808 5388 1068 5456 promissa
1102 5389 1219 5458 ejus
1245 5389 1520 5446 credimus
1543 5433 1558 5457 ,
1596 5400 1653 5447 et
1681 5395 1807 5463 quia

214 5487 284 5528 ex
337 5475 732 5533 resurrectione
785 5478 905 5547 ejus
954 5494 1053 5535 nos
1081 5495 1296 5552 quoque
1322 5484 1655 5553 resurgimus
1686 5524 1701 5550 ,
1755 5492 1811 5540 et

214 5567 394 5621 omnia
425 5582 545 5620 cum
572 5582 637 5623 eo
670 5569 912 5638 perpessi
936 5584 1121 5627 sumus
1140 5613 1157 5641 ,
1186 5582 1238 5629 et
1264 5588 1387 5630 cum
1410 5589 1478 5631 eo
1500 5570 1572 5630 ad
1596 5574 1759 5631 vitam
1789 5616 1805 5643 ,

315 5690 367 5762 l)
407 5688 558 5762 Vulg.
595 5690 757 5746 habet
786 5708 850 5748 ea:
877 5692 1000 5762 ﬁde.

310 5758 367 5835 '2)
409 5758 577 5819 Codd.
610 5758 969 5821 coitdiiionem.

1913 4629 2036 4678 turo
2075 4626 2313 4693 Conﬁdo,
2353 4628 2548 4699 inquit,
2594 4634 2716 4701 quia
2780 4635 2914 4691 nihil
2964 4639 3108 4696 aliud
3155 4643 3418 4705 habebitis
3461 4650 3515 4707 in

1910 4716 2074 4772 corde
2114 4726 2170 4772 et
2208 4721 2493 4789 sapientia,
2543 4725 2644 4780 nisi
2696 4737 2755 4782 ut
2806 4727 2968 4786 [idem
3015 4742 3217 4792 tantum
3274 4739 3515 4801 habeatis

1912 4809 1965 4863 in
1989 4808 2261 4871 Christum
2285 4814 2580 4871 secundum
2604 4821 2941 4892 evangelium
2979 4841 3177 4883 meum.
3205 4829 3308 4897 Qui
3348 4845 3515 4892 autem

1911 4905 2179 4958 conturbat
2239 4921 2365 4973 vos,
2434 4910 2655 4981 portabit
2696 4915 2995 4986 judicium,
3046 4924 3351 4995 quicumque
3400 4934 3516 5001 fue-

1908 4997 1977 5049 rit
2000 4993 2101 5068 (7).
2131 4996 2199 5051 Et
2239 4996 2361 5053 illos
2400 5003 2609 5069 terruit,
2635 5003 2726 5075 qui
2767 5006 3115 5081 seducebant,
3143 5023 3198 5071 et
3238 4993 3372 5075 istos
3400 4993 3515 5092 'per

1911 5090 2084 5144 minas
2103 5090 2289 5161 judieii
2327 5091 2491 5149 futuri
2512 5112 2525 5148 :
2548 5096 2640 5167 qui
2662 5113 2777 5166 vos,
2797 5101 2992 5174 inquit,
3020 5110 3313 5181 perturbat,
3334 5090 3515 5185 porta-

2014 5202 2066 5266 l)
2105 5202 2274 5262 Codd.
2303 5208 2647 5266 continentur.

2113 5276 2336 5361 ‘prp
2367 5280 2504 5361 quis,
2535 5291 2590 5336 ut
2611 5285 2771 5356 aliqui
2790 5301 2887 5357 pro
2915 5289 3122 5361 aliquis.

1992 5345 2072 5490 ('5;
2115 5345 2267 5418 Vung
2302 5345 2459 5406 habet
2484 5345 2569 5407 vos
2598 5345 2705 5424 pro.
2721 5345 2879 5415 vobis.

1993 5416 2048 5489 (4
2116 5418 2266 5489 Vulg.
2315 5420 2497 5489 habet,
2547 5424 2823 5486 Persuasio
2863 5433 2879 5486 Ι

1914 5416 2070 5544 υοέἐι)
2084 5416 2266 5545 vz'ulg.
2315 5420 2497 5489 habet,
2547 5416 2823 5486 Persuasio
2863 5433 2971 5489 lucc
2996 5448 3103 5490 non
3128 5444 3204 5491 est
3245 5453 3310 5492 ea
3336 5452 3395 5495 eo
3419 5442 3509 5511 qui

1911 5540 2289 5703 εὲέῇῷᾮὲιςη
2320 5563 2584 5623 Modicum
2619 5540 2923 5641 fermentum
2963 5577 3253 5635 animm
3284 5586 3507 5640 massam

1982 5701 2067 5849 £6;
2104 5701 2210 5762 Pro
2235 5709 2299 5762 de
2328 5704 2487 5792 vulg.
2519 5709 2680 5770 habet
2698 5715 2773 5770 in.

2008 5775 2038 5828 7
2104 5776 2283 5849 ναις..
2312 5795 2616 5849 quicumque
2633 5795 2707 5841 est
2729 5787 2773 5842 ili

2008 5775 2063 5848 7)
2104 5776 2283 5850 ναις..
2312 5775 2616 5854 quicumque
2633 5795 2707 5841 est
2729 5787 2833 5842 itte.
