4018 6184
613 189 749 249 1191

1847 180 2045 241 MARII
2086 177 2434 240 VlCTORlNI
2469 179 2635 238 AFRI
2680 224 2683 227 λ

3710 182 3800 242 U92

611 307 683 362 bit
701 304 979 383 judicium.
1025 301 1236 363 Sufﬁcit
1272 307 1453 359 autem
1493 299 1754 373 judicium
1778 299 2109 365 nominasse,
2162 298 2215 353 in
2244 300 2300 359 Α
2324 296 2636 365 implentur,
2664 291 2824 348 sicutl
2853 288 2908 347 in
2939 287 3307 363 superioribus
3341 287 3573 347 diximus.
3607 289 3807 365 Subjnngit

612 414 722 470 quo
738 398 918 468 utique
940 411 1045 452 non
1070 397 1173 452 dici
1200 396 1386 451 debuit
1408 393 1546 466 quod
1566 408 1783 464 ptenam
1801 392 2092 463 patientur,
2122 390 2218 446 sed

611 507 742 547 vero
770 490 1033 561 judicium
1073 488 1178 560 (1).
1228 487 1430 543 Deinde
1469 485 1747 558 prremisit,
1774 485 1919 556 quod
1951 483 2219 555 judicium

608 582 846 638 futurum
888 581 959 638 ab
1004 582 1122 651 ipso
1162 590 1265 637 est.
1314 579 1599 650 Expressit
1638 586 1816 633 autem
1862 575 1970 646 jam
2014 582 2218 630 metum

612 690 771 747 pene,
797 690 919 730 cum
952 673 1088 730 dixit
1125 673 1378 744 portabit.

684 765 851 822 Vens.
884 766 971 822 11.
992 764 1177 837 -—Ego
1190 775 1374 829 autem,
1396 766 1601 837 fratres,
1617 761 1662 816 si
1681 761 2116 817 circumcisionem
2141 757 2219 832 (‘2)

610 857 857 929 praedico,
874 856 998 929 quid
1018 857 1185 911 adhuc
1207 857 1610 926 persecutionem
1631 854 1835 925 patior?
1849 853 2096 908 Alienum
2116 866 2172 906 sc
2190 867 2221 906 a

613 958 905 1021 praecepto,
920 948 1061 1019 quod
1079 947 1153 1001 illi
1168 947 1498 1018 jungendum
1515 943 2006 1017 putaverunt,omni
2023 956 2223 1014 genere

617 1040 828 1111 probat.
838 1040 1042 1096 Patitur
1055 1041 1485 1111 persecutionem
1507 1054 1536 1092 a
1558 1038 1584 1094 J
1593 1037 1899 1106 udzeis.Qua
1913 1050 2071 1092 causa
2084 1036 2106 1089 ?
2119 1033 2221 1091 nisi

613 1132 738 1203 quia
763 1131 1232 1187 circumcisionem
1282 1146 1390 1187 non
1427 1130 1682 1201 prredico.
1704 1129 1843 1200 Ergo
1865 1145 1971 1185 non
1993 1128 2143 1199 vobis
2166 1126 2223 1182 in

616 1225 908 1296 Evangelio
921 1222 1688 1294 circumcisionemprtedicavi
1707 1241 1720 1278 :
1736 1238 1800 1277 ex
1814 1236 1882 1278 eo
1895 1222 2036 1293 quod
2051 1220 2077 1276 .l
2086 1219 2221 1275 udaei

617 1334 705 1376 me
729 1329 1146 1391 persequuntur.
1174 1316 1505 1389 Adjungitet
1541 1317 1687 1372 aliud
1722 1325 2124 1389 argumentum,
2166 1322 2227 1370 ut

620 1412 873 1469 ostendat
889 1412 1032 1484 quod
1049 1413 1516 1469 circumcisionem
1538 1427 1644 1467 non
1662 1411 1937 1491 przedicat.
1956 1409 2097 1482 Ergo
2111 1425 2226 1465 eva-

617 1514 824 1559 cuatum
842 1514 914 1560 est
929 1505 1231 1560 scandalum
1251 1504 1455 1559 crucis?
1478 1502 1697 1559 Frustra
1715 1512 1820 1569 est,
1844 1500 1987 1573 quod
2012 1515 2224 1570 poenam

622 1609 919 1667 merentur,
964 1599 1058 1671 qui
1102 1603 1156 1654 in
1199 1613 1416 1654 crucem
1458 1595 1738 1653 Christum
1784 1595 2140 1658 sustulerunt,
2167 1601 2224 1648 et

2321 400 2501 443 autem
2552 389 2669 457 ipse
2714 385 3022 456 exemplum
3053 383 3124 440 de
3171 383 3378 439 Exodo.
3409 382 3585 455 Diliges
3607 391 3809 454 proximam

2323 493 2467 534 tuum
2492 480 2622 534 sicut
2649 487 2696 532 te
2725 479 2912 549 ipsum.
2946 476 3175 533 Omnem
3204 484 3382 530 autem
3412 476 3667 540 hominem,
3689 482 3809 546 proxi-

2322 586 2469 627 mum
2518 571 2765 640 accipere
2813 568 3113 635 debemus;
3161 577 3217 623 et
3256 574 3385 623 tunc
3412 568 3560 622 etiam
3602 572 3813 635 proximum

2322 661 2596 718 Christum
2622 661 2962 716 habebimus.
2991 660 3130 730 Ergo
3149 666 3204 714 et
3222 673 3322 713 vos
3345 672 3551 729 quoque
3568 656 3728 729 diligite
3740 677 3814 728 vos,

2323 754 2418 810 sed
2444 755 2496 809 in
2540 754 2755 825 spiritu.
2783 752 2919 808 Hinc
2946 752 3057 823 jam
3084 751 3318 815 videtur,
3347 751 3495 821 quasi
3526 753 3693 805 omissa
3715 770 3818 822 supe-

2326 848 2473 901 riore
2499 845 2800 916 quiestione
2829 854 2989 914 atque
3015 852 3589 912 tractatu,pra:ccptum
3613 841 3669 897 ad
3686 842 3817 899 exhor-

2326 939 2584 994 tationem
2614 936 2745 992 dare
2773 945 2831 991 ut
2851 935 3177 991 discordiam
3203 950 3309 988 non
3335 943 3531 1000 ament,
3559 933 3642 989 sed
3670 948 3716 990 se
3736 938 3820 991 invi-

2325 1049 2442 1091 cem
2469 1033 2716 1106 diligant.
2747 1034 2860 1089 Hoc
2900 1041 3083 1089 autem
3109 1032 3225 1089 ticri
3257 1041 3452 1104 potest,
3478 1034 3518 1087 si
3551 1046 3635 1088 vos
3664 1033 3820 1087 invicem

2325 1125 2580 1197 diligatis,
2608 1136 2663 1180 et
2682 1126 2734 1180 in
2756 1126 2947 1196 spiritu
2973 1126 3204 1197 diligatis
3227 1141 3332 1180 non
3357 1124 3411 1180 in
3437 1139 3606 1191 carne,
3633 1142 3763 1195 nequ:
3790 1127 3821 1180 in

2326 1220 2508 1276 carnis
2530 1234 2718 1291 opera,
2745 1236 2917 1291 neque
2935 1221 2986 1275 in
3010 1222 3389 1277 observatione
3407 1223 3592 1277 carnis.
3606 1220 3719 1276 Nihil
3735 1223 3821 1277 enin

2328 1313 2563 1379 fraudat,
2593 1314 2724 1368 nihil
2757 1313 2910 1369 alteri
2943 1315 3131 1383 eripit,
3165 1330 3339 1385 neque
3383 1325 3552 1383 nocet,
3575 1330 3719 1385 neque
3741 1330 3819 1369 cou-

2330 1408 2542 1475 temnit,
2572 1422 2744 1478 neque
2764 1407 3014 1479 obiurgat
3040 1409 3082 1462 is
3104 1409 3193 1478 qui
3224 1408 3453 1463 alterum
3479 1408 3650 1478 diligit.

2401 1499 2574 1556 Vens.
2607 1500 2696 1555 15.
2746 1528 2820 1542 -
2852 1499 3001 1565 Quod
3026 1501 3071 1554 si
3101 1501 3342 1555 mordetis
3363 1511 3408 1554 et
3429 1501 3653 1555 accusatis
3672 1501 3821 1569 inritae,

2330 1592 2490 1648 videte
2538 1610 2600 1649 ne
2639 1595 3010 1648 consumamini
3050 1595 3113 1649 ab
3140 1595 3351 1649 invicem
3378 1592 3478 1668 (1).
3511 1594 3763 1650 Exhortatio
3787 1598 3823 1650 sd

623 1701 942 1749 evacuatum
986 1701 1071 1747 est
1094 1690 1249 1758 illud,
1295 1689 1438 1760 quod
1471 1690 1614 1744 male
1636 1688 1831 1743 factum
1876 1695 1980 1742 est.
2004 1685 2121 1742 Hoc
2140 1695 2222 1742 est
2255 1694 2303 1756 Β
2330 1684 2675 1740 concordiam
2721 1686 2803 1759 (2)
2847 1701 2914 1741 ex
2948 1686 3050 1741 hoc
3100 1686 3181 1753 fit,
3212 1687 3339 1741 dum
3373 1687 3587 1743 docetur
3623 1687 3720 1757 quid
3752 1688 3822 1742 nisi

620 1786 767 1843 enim
800 1785 1116 1842 seandalum
1147 1784 1350 1850 crucis,
1390 1783 1532 1838 unde
1565 1790 1620 1837 et
1659 1778 2122 1837 contnrbabantur
2145 1778 2224 1851 (ὅ)

619 1878 817 1935 Judaei.
847 1876 966 1934 Jam
994 1878 1097 1933 hoc
1137 1892 1244 1932 non
1272 1875 1337 1930 ad
1365 1874 1804 1945 praedicationem
1838 1886 1990 1926 suam
2019 1880 2224 1926 tantum

620 1975 916 2037 revocavit,
943 1970 1039 2028 sed
1062 1979 1118 2027 et
1139 1970 1206 2025 ad
1230 1972 1306 2026 rei
1332 1970 1608 2025 virtutem.
1633 1966 1761 2022 Ideo
1785 1967 1929 2021 enim
1953 1980 2060 2020 non
2086 1980 2224 2037 prae-

623 2065 766 2135 dico,
805 2064 930 2136 quia
964 2062 1269 2118 scandalum
1298 2061 1476 2118 crucis
1509 2069 1713 2127 manet,
1772 2072 1873 2114 nec
1908 2068 2226 2114 evacuatum

620 2168 724 2216 est.
755 2159 963 2215 Debent
983 2173 1113 2230 ergo
1159 2172 1365 2228 poenas.
1401 2155 1556 2225 Quod
1599 2154 1645 2210 si
1686 2152 2106 2219 debentJttdaei,
2131 2154 2225 2225 qni

623 2251 941 2308 scandalum
967 2248 1145 2306 crucis
1175 2248 1491 2314 ell‘ecerunt,
1528 2251 1778 2317 superest
1816 2251 1874 2298 ut
1902 2253 1957 2298 et
1993 2259 2095 2313 ego
2120 2262 2227 2303 non

623 2342 933 2415 praedicem,
959 2352 1014 2399 et
1036 2356 1138 2398 vos
1157 2338 1623 2396 circumcisionem
1649 2357 1759 2396 non
1781 2343 1933 2413 sequi
1957 2342 2226 2398 debeatis.

696 2437 861 2493 Vens.
900 2435 994 2493 12.
1037 2464 1109 2476 ——
1146 2433 1355 2490 Utinam
1387 2435 1737 2502 absciduntur,
1779 2437 1868 2507 qui
1910 2452 1997 2491 vos
2016 2444 2228 2490 cantur.

624 2530 785 2586 bant!
814 2529 1105 2585 Maledicto
1147 2538 1462 2600 persecutus
1503 2538 1586 2584 est
1608 2544 1704 2584 eos
1743 2529 1834 2599 qui
1881 2530 1962 2584 his
1986 2529 2233 2599 injiciunt

623 2637 796 2679 novas
820 2620 1221 2692 persuasiones,
1248 2629 1304 2676 et
1338 2621 1682 2676 conturbant.
1718 2621 1767 2677 A
1797 2620 2028 2693 veritate
2064 2636 2232 2677 evan-

624 2715 751 2789 gelii
771 2716 1142 2781 absciduntur,
1169 2715 1361 2787 inquit,
1389 2717 1528 2771 vela
1554 2730 1615 2772 se
1637 2725 1977 2787 separentur,
2008 2715 2092 2771 vel
2118 2729 2233 2786 pte-

621 2808 707 2865 nis
731 2809 1053 2865 lacerentur.
1073 2806 1259 2879 Magna
1280 2815 1460 2864 autem
1484 2807 1674 2864 fiducia
1693 2809 2037 2865 maledictum
2060 2807 2115 2863 in
2138 2823 2233 2865 eos

625 2900 874 2972 ingessit,
892 2910 950 2955 ut
963 2899 1211 2955 ostendat
1225 2899 1347 2956 illos
1367 2916 1471 2955 non
1487 2901 1662 2955 timeri
1680 2916 1710 2954 a
1724 2916 1805 2968 se,
1820 2916 1849 2954 a
1862 2902 2056 2972 quibus
2071 2916 2232 2972 supra

624 2993 779 3061 dixit,
799 2993 1228 3064 persecutionem
1245 2993 1496 3065 patiatur.
1514 2994 1589 3048 ita
1606 3008 1705 3048 nec
1721 2994 2151 3064 persecutionem
2169 2994 2235 3049 ti-

2328 1776 2595 1833 discordia
2627 1778 2821 1834 faciat:
2855 1778 2901 1834 si
2928 1780 3069 1834 enim
3101 1772 3197 1835 vos
3224 1780 3454 1837 invicem
3478 1782 3706 1836 accusatis
3721 1790 3819 1849 atque

2334 1872 2620 1940 mordetis,
2646 1873 2698 1928 id
2721 1883 2825 1940 est,
2857 1889 3055 1931 nocere
3094 1875 3255 1929 vultis
3303 1875 3387 1929 vel
3428 1876 3638 1944 nucetis,
3675 1876 3819 1929 invicem

2330 1978 2428 2018 vos
2452 1964 2802 2019 consumetis.
2851 1965 2990 2035 Ergo
3013 1975 3193 2020 amate
3239 1981 3335 2021 vos
3364 1976 3418 2021 ct
3444 1966 3633 2037 diligite
3653 1967 3819 2027 invicem,

2335 2067 2390 2110 et
2417 2056 2710 2127 itnplcbitis
2752 2056 2925 2128 legem
2975 2056 3087 2112 sola
3139 2059 3406 2114 cliaritate
3436 2077 3449 2114 :
3483 2074 3600 2125 non,
3639 2060 3741 2114 sicut
3768 2074 3821 2113 us

2331 2152 2554 2221 putatis,
2601 2151 2685 2206 vel
2731 2151 3143 2207 circumcisione
3193 2153 3280 2207 vel
3310 2152 3562 2223 operibus
3599 2152 3819 2220 casteriqu

2330 2244 2495 2300 rebus
2528 2244 2877 2313 pertinenter.
2912 2245 3051 2314 Ergo
3085 2245 3395 2315 appositum
3435 2245 3534 2300 hoc
3557 2244 3615 2299 de
3636 2244 3822 2303 claritate,

2328 2337 2481 2408 juxta
2514 2345 2795 2391 tractatum
2837 2338 3195 2407 superiorem,
3227 2353 3336 2407 quo
3376 2336 3596 2393 docebat
3621 2337 3715 2390 illos
3732 2345 3819 2389 cura

2338 2431 2714 2503 Evangelium,
2739 2432 2882 2503 quod
2913 2433 2981 2487 ab
3009 2432 3126 2501 ipso
3161 2432 3332 2488 Paulo
3362 2431 3468 2487 illis
3507 2431 3658 2487 fuerat
3677 2444 3821 2500 pronun-

2334 2523 2544 2592 tiatnm,
2570 2526 2711 2596 quod
2742 2526 3035 2582 observare
3064 2527 3141 2581 illi
3180 2541 3239 2582 se
3271 2526 3449 2599 legem
3487 2534 3699 2598 putarent
3714 2525 3823 2579 incir-

2332 2619 2663 2675 cumcisione
2691 2628 2748 2674 et
2767 2619 3053 2690 operibus;
3086 2636 3207 2676 cum
3235 2621 3362 2676 solo
3406 2622 3507 2677 hoc
3542 2620 3673 2692 plena
3701 2617 3821 2683 lusit,

2333 2713 2377 2768 si
2402 2727 2461 2768 se
2486 2711 2715 2766 invicem
2742 2712 2992 2782 diligant.

2406 2804 2742 2862 Vens.16.—
2763 2804 2893 2861 Dico
2916 2816 3087 2862 autem
3106 2808 3266 2875 vobis,
3286 2808 3476 2878 spiritu
3497 2803 3822 2870 multummu-

2333 2897 2575 2954 siderium
2610 2898 2689 2972 (5)
2736 2900 2907 2954 contis
2936 2917 3037 2955 non
3064 2902 3363 2972 perﬁcietis.
3390 2902 3522 2957 Tota
3558 2901 3699 2955 virtus
3730 2911 3824 2951 etan-

2333 2993 2457 3061 gelii
2506 2993 2621 3049 luec
2647 3004 2748 3059 εει,
2797 2993 3094 3049 secundum
3124 2994 3376 3064 spiritum
3409 3009 3598 3059 vivere,
3634 2987 3820 3047 secundum

626 3088 899 3157 meo,quia
913 3101 1037 3142 vera
1052 3084 1840 3156 prtedico,etcircumcisionem
1856 3101 1961 3142 non
1979 3086 2234 3158 praedico,
2265 3078 2311 3143 C
2341 3085 2587 3157 spiritum
2626 3085 2872 3153 credere,
2901 3087 3035 3143 nihil
3072 3089 3251 3143 carnis
3278 3088 3333 3143 in
3358 3089 3535 3144 animo
3560 3086 3718 3141 habere
3736 3093 3771 3138 et
3794 3081 3820 3133 ia

626 3195 726 3237 nec
744 3180 850 3251 pati
868 3179 1298 3251 persecutionem
1320 3181 1504 3235 timeo.
1535 3178 1751 3236 Utinam
1776 3180 2128 3236 abscidantur
2144 3181 2235 3250 qui

630 3286 727 3327 vos
748 3272 1091 3328 conturbant!
1118 3284 1224 3326 non
1249 3271 1422 3326 Solum
1446 3272 1922 3339 circumsecentur,
1945 3273 2040 3330 sed
2063 3272 2238 3329 absci-

632 3361 830 3419 dantur
853 3363 1015 3419 etiam
1046 3379 1060 3416 :
1093 3371 1151 3418 ut
1178 3363 1279 3417 hoc
1299 3378 1514 3434 quoque
1536 3364 1760 3419 verbum
1792 3367 1862 3420 ita
1902 3366 1974 3419 sit
2001 3366 2236 3435 positum

628 3457 768 3530 quod
787 3456 853 3512 ad
872 3457 1341 3513 circumcisionem
1367 3459 1623 3527 pertinet,
1648 3469 1703 3512 ut
1718 3459 1788 3515 sit
1810 3468 1863 3514 et
1879 3459 2108 3514 abscisio
2131 3458 2229 3533 (4).

705 3548 1037 3605 Vens.i5.—
1051 3547 1150 3604 Vos
1161 3550 1293 3604 enim
1313 3551 1368 3604 in
1386 3550 1667 3606 libertatem
1686 3552 1845 3606 vocati
1863 3552 1998 3619 estis,
2016 3556 2201 3623 fratres
2215 3568 2235 3607 :

629 3649 828 3697 tantum
854 3657 918 3695 ne
944 3640 1175 3697 libertate
1197 3642 1250 3696 in
1280 3643 1598 3698 occasionem
1624 3643 1794 3697 carnis
1819 3643 2100 3698 abutamini
2130 3642 2232 3716 (5).

628 3731 842 3787 Etenim
868 3731 960 3787 lex
983 3730 1208 3799 Christi,
1234 3749 1354 3804 quae
1381 3734 1639 3804 Spiritalis
1662 3745 1766 3801 est,
1796 3735 2096 3791 libertatem
2118 3735 2231 3803 dat,

554 3826 561 3831 ’
627 3837 733 3893 qua
763 3836 1018 3878 exeamus
1048 3839 1076 3875 a
1108 3823 1334 3891 mundo,
1363 3833 1419 3880 et
1437 3824 1503 3880 ad
1535 3836 1739 3896 patrem
1779 3836 1837 3883 et
1868 3824 1936 3882 ad
1970 3828 2232 3898 originem

626 3925 986 3974 revertamur.
1031 3916 1137 3974 Sed
1186 3918 1440 3988 quoniam
1469 3919 1646 3975 adhuc
1690 3921 1742 3976 in
1790 3922 2245 3991 mundosnmus,

626 4011 681 4068 id
699 4020 783 4067 est
809 4011 861 4066 in
890 4025 1072 4076 carne,
1096 4025 1204 4065 non
1234 4009 1494 4067 debemus
1516 4010 1693 4079 istam,
1713 4028 1872 4084 quam
1899 4015 2229 4085 accepimus,

623 4105 929 4161 libertatem
962 4102 1033 4160 ita
1059 4119 1339 4172 exercere,
1371 4106 1446 4160 uti
1477 4107 1773 4162 secundum
1795 4123 2014 4164 carnem
2042 4109 2233 4165 ambu-

628 4198 825 4266 lemus;
845 4208 900 4255 et
912 4199 1064 4268 quasi
1078 4200 1291 4255 occasio
1307 4200 1462 4255 nobis
1473 4199 1541 4254 sit
1557 4200 1719 4256 etiam
1735 4202 1961 4259 faciendi
1977 4203 2028 4258 in
2042 4218 2225 4270 carne,

628 4291 882 4363 quoniam
902 4290 1102 4346 liberos
1115 4305 1213 4346 nos
1227 4307 1347 4347 esse
1359 4292 1640 4348 conﬁrmat
1654 4292 1759 4350 fide
1770 4296 1911 4350 circa
1931 4296 2224 4353 Christum.

630 4382 738 4440 Per
755 4383 1054 4438 charitatem
1076 4381 1303 4453 Spiritus
1328 4385 1508 4440 servite
1529 4386 1761 4442 invicem.
1787 4388 2229 4463 Libertatemﬁa-

2338 3187 2458 3234 actu
2482 3188 2537 3234 et
2564 3179 2615 3233 in
2644 3180 2779 3247 vita;
2808 3179 2860 3234 id
2883 3188 2967 3234 est
2996 3195 3172 3251 neque
3200 3195 3354 3250 spem
3379 3181 3445 3235 de
3469 3194 3617 3236 carne
3630 3175 3821 3244 suscipere

2337 3269 2610 3325 Ambulute
2637 3286 2786 3341 ergo,
2820 3272 3011 3342 inquit,
3040 3273 3093 3326 in
3120 3272 3327 3340 spiritu,
3354 3272 3406 3327 id
3432 3281 3531 3339 est,
3559 3274 3690 3326 vitam
3717 3265 3820 3335 agile:

2337 3363 2479 3434 quod
2505 3364 2549 3418 si
2573 3362 2769 3431 facitis,
2788 3364 2964 3419 carnis
2981 3363 3310 3422 desiderium
3335 3382 3441 3421 non
3463 3358 3822 3436 perficietisﬁdsl

2338 3456 2542 3511 nullum
2575 3466 2852 3527 peccatum
2883 3456 3201 3525 admittetis,
3224 3459 3369 3529 quod
3398 3460 3619 3514 nascitur
3637 3472 3688 3511 ex
3703 3464 3820 3508 carne:

2335 3546 2440 3602 alia
2463 3546 2609 3603 enim
2632 3548 2894 3616 cupiditas
2916 3549 3061 3603 nulla
3089 3550 3189 3604 nisi
3214 3549 3283 3605 de
3302 3565 3488 3606 carne.
3512 3542 3821 3614 ldeosulljungit

2408 3640 2875 3696 Vens.l7.—~Nam
2898 3657 3026 3698 caro
3046 3643 3382 3712 concupiscit
3401 3642 3643 3698 adversus
3655 3637 3819 3709 spiritum.

2334 3736 2549 3806 spiritus
2569 3745 2738 3789 autem
2760 3736 3000 3791 adversus
3029 3753 3234 3790 carnem
3265 3736 3374 3810 (4).
3413 3736 3478 3793 Ut
3508 3734 3694 3790 omnino
3713 3726 3822 3783 istiir

2337 3826 2601 3898 telligant,
2634 3827 2771 3883 nihil
2785 3843 2843 3883 se
2862 3827 2930 3883 de
2956 3842 3118 3882 carne
3132 3829 3375 3897 cligitare
3396 3828 3602 3891 debere,
3619 3822 3727 3895 quod
3741 3820 3821 3874 esti!

2334 3912 2746 3975 circumcisione
2764 3930 2818 3974 et
2834 3919 3043 3975 caeteris
3059 3920 3365 3990 exjudaica:
3381 3919 3655 3991 disciplina:
3668 3915 3824 3969 observi-

2335 4017 2593 4084 tionibus,
2609 4032 2729 4071 cum
2755 4016 2898 4073 inter
2922 4031 2982 4072 se
3003 4016 3193 4072 doceat
3220 4017 3319 4072 ista
3351 4017 3597 4071 adversa:
3618 4027 3701 4067 non
3722 4007 3819 4062 solas

2333 4110 2668 4180 concupiscit
2701 4123 2852 4173 caro,
2881 4108 2976 4164 sed
3002 4109 3164 4163 etiam
3187 4107 3448 4164 achrsus
3469 4105 3685 4177 spiritum
3703 4110 3819 4155 cona-

2336 4206 2513 4275 piscit.
2548 4203 2717 4259 Habet
2745 4204 2889 4259 enim
2914 4214 3092 4259 matus
3113 4217 3237 4258 suos
3260 4217 3412 4271 caro,
3441 4200 3677 4268 habetque
3695 4202 3818 4249 serue.

2334 4314 2511 4370 neque
2533 4308 2735 4355 tantum
2754 4297 2821 4354 ab
2834 4300 3011 4354 anima
3035 4301 3365 4354 suscitantur
3384 4317 3397 4352 :
3417 4297 3552 4370 quod
3569 4289 3741 4359 intelligi
3754 4286 3820 4339 lict!

2332 4394 2492 4448 etiam
2522 4392 2574 4446 in
2602 4391 2686 4446 his
2708 4407 2830 4463 qua:
2845 4392 3079 4447 animam
3107 4409 3215 4446 non
3246 4391 3475 4458 habent;
3492 4400 3548 4445 ut
3574 4391 3619 4443 in
3640 4390 3819 4455 aqum!

630 4488 738 4536 tam
762 4477 1094 4548 accepimus,
1116 4485 1294 4532 tamen
1321 4478 1526 4534 servire
1541 4478 1696 4534 nobis
1714 4479 1941 4536 invicem
1971 4480 2229 4538 debemus
2254 4465 2306 4525 Ῑ)
2334 4473 2565 4553 impetus
2591 4497 2719 4539 suos
2749 4483 2909 4539 habet
2938 4492 2994 4538 ct
3007 4484 3228 4538 virtutes
3256 4500 3404 4549 suas,
3434 4483 3516 4538 vel
3540 4465 3818 4548 iusaporend

630 4587 727 4644 per
768 4572 1109 4636 charitatem,
1143 4578 1196 4625 et
1241 4569 1464 4641 spiritus
1492 4570 1832 4638 charitatem,
1878 4588 1983 4627 non
2034 4575 2234 4630 carnis.

700 4663 867 4720 Vens.
901 4662 991 4720 14.
1041 4693 1115 4704 —
1148 4661 1397 4719 Universa
1419 4664 1553 4718 enim
1588 4664 1673 4719 lea:
1709 4666 1764 4719 in
1813 4666 1951 4722 vobis
1976 4683 2080 4722 uno
2125 4683 2237 4723 ser-

630 4773 780 4813 mane
803 4758 1064 4827 impletur.
1113 4756 1448 4829 Frequenter
1482 4760 1626 4814 hunc
1676 4774 1893 4815 sensum
1941 4772 1997 4816 et
2037 4761 2238 4833 posuit,

632 4856 691 4906 et
715 4862 813 4904 nos
863 4849 1249 4918 tractavimus;
1282 4850 1407 4921 quia
1454 4860 1565 4905 tota
1594 4850 1702 4917 lex,
1727 4859 1783 4908 et
1829 4852 2007 4909 omnis
2056 4868 2249 4925 opera-

634 4945 715 5001 tio
760 4943 913 5014 legis,
959 4942 1063 5000 hoc
1110 4958 1363 5000 sermone
1402 4945 1677 5016 impletur,
1725 4947 1776 5001 id
1810 4958 1895 5003 est
1949 4947 2245 5004 charitatis:

635 5035 727 5108 qui
775 5034 921 5089 enim
954 5034 1127 5106 diligit
1173 5037 1435 5104 alterum,
1480 5053 1655 5108 neque
1685 5040 2023 5107 moechatur,
2071 5055 2246 5111 neque

634 5127 849 5185 furatur
876 5142 891 5180 :
920 5136 977 5181 et.
1004 5125 1108 5182 hoc
1133 5136 1238 5194 est,
1268 5137 1322 5184 et
1359 5128 1633 5184 Christum
1661 5130 1886 5202 diligere
1914 5150 1929 5187 :
1962 5142 2016 5188 et
2037 5148 2102 5189 ea
2124 5148 2244 5205 quae

634 5218 1191 5289 ostenditdecalogus,
1215 5219 1681 5291 quodammodoin
1701 5223 1802 5280 hoc
1824 5224 1942 5281 solo
1968 5236 2242 5298 praecepto

705 5334 791 5407 (1)
835 5332 1034 5396 ϐοᾶίί..
1057 5334 1283 5407 judicio.

709 5405 790 5476 (2)
829 5406 987 5476 Vulg.
1021 5405 1171 5461 addit
1194 5405 1384 5460 adhuc.

735 5476 794 5534 5)
830 5476 998 5534 Codd.
1033 5476 1492 5533 conturbabuntur.

732 5547 792 5608 4)
830 5548 1004 5606 Codd.
1030 5550 1222 5608 abscio.

635 5618 807 5760 ω
837 5618 1018 5693 Vulg.,
1044 5631 1245 5679 tantum
1288 5637 1354 5677 ne
1379 5620 1661 5681 libertatem
1698 5624 1754 5681 in
1774 5624 2089 5683 occasionem
2114 5626 2241 5687 dctis

2339 4575 2392 4631 in
2413 4588 2583 4642 motu,
2602 4575 2686 4630 vel
2710 4576 2761 4630 in
2783 4575 3041 4646 qualitate
3056 4576 3140 4632 vel
3157 4579 3454 4641 quantitate
3475 4594 3488 4632 :
3506 4575 3620 4630 item
3636 4567 3738 4639 ignis
3748 4558 3819 4634 ptri

2344 4679 2531 4740 terque
2556 4678 2696 4725 terra
2724 4677 2780 4723 et
2803 4680 2997 4725 Caetera
3018 4669 3309 4736 elementa,
3326 4686 3392 4725 ex
3411 4669 3593 4739 quibus
3613 4661 3729 4735 quasi
3740 4669 3820 4726 (1³³·

2340 4760 2464 4817 dam
2482 4761 2796 4832 consparsio
2818 4758 2897 4834 (5)
2913 4771 2994 4817 est
3017 4773 3072 4817 et
3092 4776 3219 4817 caro
3246 4761 3380 4818 facta
3399 4772 3480 4818 cst
3505 4776 3564 4816 ex
3581 4745 3819 4816 humidisllil-

2403 4913 2500 5038 ((1)
2538 4911 2723 4982 Vulg.,
2774 4910 2926 4977 Quod
2959 4913 3005 4966 si
3043 4913 3257 4967 invicem
3293 4911 3528 4967 ntordetis
3561 4917 3604 4964 et
3634 4900 3819 4960 comedint

2440 4994 2514 5038 ete
2541 5000 2606 5038 ne
2633 4984 2695 5037 ab
2722 4983 2937 5037 invicem
2964 4986 3357 5038 consumamini.

2349 4983 2514 5041 videte
2541 5000 2606 5057 ne
2633 4984 2695 5057 ab
2722 4983 2937 5057 invicem
2964 4986 3357 5057 consumamini.

2424 5057 2501 5125 (2)
2540 5054 2711 5110 Codd.
2745 5054 3029 5110 exhortatio
3049 5057 3342 5111 concordia.
3370 5055 3633 5124 Eleganter
3645 5046 3818 5125 Hieron?

2349 5124 2493 5192 mus,
2514 5127 2579 5181 ad
2598 5142 2647 5180 v.
2677 5127 2745 5182 15
2771 5144 2784 5179 :
2809 5124 2911 5181 Per
2931 5126 3230 5182 charitatem
3250 5127 3389 5183 nobis
3411 5128 3603 5181 invicem
3620 5124 3818 5192 ερηέσπταδτ

2346 5209 2402 5325 ult
2431 5187 2690 5323 zzciniosa:
2712 5197 2836 5270 legis
2856 5209 3112 5270 prwcepta
3138 5217 3241 5255 uno
3265 5197 3538 5255 dilectionis
3557 5187 3818 5263 capitulum-

2346 5287 2373 5325 c
2398 5287 2431 5324 u
2471 5278 2644 5325 antur.

2346 5278 2644 5326 cludantur.

2422 5343 2505 5412 (ὅ)
2544 5340 2729 5412 Vplg.,
2758 5339 3033 5396 desideria.

2762 5389 3176 5483 "biﬁdum;
3222 5429 3424 5469 carnem
3467 5411 3643 5467 habent
3675 5398 3724 5455 tul
3750 5389 3817 5449 tli-

2348 5486 2602 5556 iunctum.

2445 5554 2503 5615 5)
2543 5555 2620 5611 Ita
2650 5553 2810 5611 codd.
3766 5602 3796 5615 η

2649 5555 3045 5703 lcigicdversiculo
3086 5627 3151 5689 l7
3176 5644 3342 5703 usque
3377 5627 3442 5703 ad
3484 5623 3677 5703 primum
3698 5602 3812 5703 ςξμξξὶί

2345 5690 2442 5769 Vl;
2482 5690 2622 5755 'nibil
2644 5700 3018 5756 commentarii
3045 5708 3130 5756 est
3158 5703 3213 5759 in
3254 5690 3535 5761 iudicibus,
3564 5693 3736 5750 Prorsus
3758 5690 3810 5731 2°-
