4018 6184
245 313 378 369 1195

203 480 210 484 .
303 433 432 488 Car.
467 447 540 486 vt.
571 462 643 474 —
671 431 840 488 Vens.
866 435 918 488 1.
964 463 1034 475 —-
1061 433 1110 488 li
1151 437 1237 506 qui
1273 436 1530 505 spiritales
1579 443 1698 488 sunt
1730 434 1831 506 (l).
1867 435 1909 492 A

237 525 395 592 Quasi
412 525 475 580 ad
492 542 654 580 unum
673 541 738 580 ex
763 525 913 594 ipsis,
933 528 1020 596 qui
1042 527 1311 593 spiritales
1328 537 1474 593 sunt,
1490 527 1592 582 hoc
1614 527 1684 580 ita
1715 543 1808 594 pro
1821 555 1836 566 -

239 620 346 674 tulit
371 617 1435 689 utcoiisideretunuSquisqueeorum,ne
1472 629 1522 674 ct
1571 621 1685 690 ipse
1721 628 1837 674 ten-

195 743 198 746 ~
237 721 374 766 tetur
389 728 401 764 :
419 719 473 766 et
487 709 683 765 idcirco
695 710 885 767 debeat
901 727 1212 768 succurrere
1223 721 1278 768 et
1291 712 1554 768 instruere
1568 711 1834 780 ejusmodi

237 805 543 870 hominem;
574 805 830 876 etspiritu
855 807 982 862 dato
1013 822 1107 876 per
1135 815 1419 863 tractatum
1439 806 1502 862 ad
1517 806 1833 862 modestiam

239 898 704 970 mqualitatemque
730 912 1010 954 revocare.

306 991 469 1046 Vens.
497 989 553 1044 2.
594 1018 668 1030 -—
689 990 832 1045 Alter
861 991 1073 1045 alterius
1100 1007 1254 1046 onera
1285 1000 1501 1060 portate.
1543 989 1723 1047 Rediit
1766 989 1834 1046 ad

192 1113 198 1120 ι
237 1083 492 1154 pluralem
510 1098 812 1150 numerum,
828 1094 885 1138 ut
899 1083 1078 1138 omnis
1095 1083 1255 1138 homo
1273 1084 1406 1137 mala
1430 1095 1602 1151 portet
1619 1083 1792 1139 aliena
1816 1099 1830 1149 ;

237 1186 287 1232 et
305 1175 444 1248 quod
463 1175 600 1230 alter
620 1175 838 1245 patitur,
856 1178 1308 1241 ferat,sustiueat,
1329 1177 1648 1243 corrigat,in
1666 1193 1836 1244 quan-

190 1299 192 1302 -
238 1281 346 1326 tum
397 1280 573 1340 potest
603 1291 616 1326 :
643 1272 744 1326 hoc
797 1282 878 1326 est
927 1271 1071 1326 enim
1105 1280 1323 1342 portare
1352 1286 1537 1335 oni-ra,
1572 1271 1836 1340 patienter

236 1363 374 1418 ferre
405 1365 627 1419 alterius
656 1364 842 1418 vitium
869 1374 922 1419 et
947 1364 1241 1433 corrigere.
1280 1363 1343 1417 Et
1370 1365 1438 1417 ita
1461 1365 1732 1433 implebitis
1763 1365 1836 1419 le-

236 1473 342 1528 gem
365 1455 576 1510 Christi.
609 1456 699 1512 Sic
745 1458 886 1509 enim
917 1464 971 1510 et
1013 1455 1126 1525 ipse.
1178 1457 1386 1525 patiens
1408 1466 1463 1510 et
1484 1455 1618 1510 mala
1653 1465 1832 1510 nostra

243 1551 490 1620 portavit,
519 1560 572 1603 et
596 1565 692 1619 pro
740 1550 896 1605 malis
942 1550 1142 1604 nostris
1173 1550 1288 1620 ipse
1312 1549 1585 1604 sustinuit.
1614 1548 1834 1619 Legem,

236 1643 424 1712 inquit,
451 1642 653 1697 ChriSIi
686 1642 1000 1710 implebitis,
1029 1657 1134 1696 non
1178 1641 1492 1710 simpliciter
1538 1642 1729 1712 legem.

307 1735 468 1790 Vens.
502 1735 566 1789 5:
599 1763 671 1776 —
694 1733 833 1788 Nam
873 1735 918 1789 si
966 1733 1155 1805 aliquis
1195 1735 1447 1789 existimat
1495 1751 1549 1788 se
1588 1750 1694 1788 esse
1729 1734 1830 1788 ali-

1093 313 1159 370 1N
1192 313 1581 372 EPISTULA.“
1615 313 1821 371 PAULI
1854 312 1948 367 AD
2001 313 2325 372 ΕΛΕΑΤΑὸ
2372 315 2577 372 LIBER
2606 318 2669 374 ll.

3399 324 3537 380 1194

1943 432 2081 501 apud
2105 449 2162 488 se
2195 435 2391 501 ipsum,
2422 444 2475 488 et
2507 449 2611 489 non
2633 435 2699 488 ab
2729 434 2900 489 altero
2929 443 3195 512 expectat.
3233 437 3353 492 Non
3373 440 3532 506 enim,

1940 525 2130 594 inquit,
2163 527 2225 578 ab
2260 529 2465 582 homine
2493 528 2699 582 laudari
2737 531 2871 593 volo,
2901 545 3061 601 neque
3092 532 3380 587 hominibus
3414 551 3538 602 pro-

1936 617 2070 682 bari,
2097 620 2185 674 sed
2210 619 2335 674 Deo.

1992 708 2157 765 Vens.
2177 712 2231 767 5.
2258 710 2471 766 —Nam
2494 716 2842 786 unusquisque
2863 718 3130 787 praprium
3146 734 3276 774 onus
3294 719 3532 791 portabit.

1934 803 2082 857 Onus
2111 803 2164 858 in
2189 805 2368 860 medio
2395 808 2614 877 ponitur
2631 808 2745 864 sive
2767 809 2965 866 bonum
2991 813 3104 868 sive
3127 814 3345 868 malum.
3395 815 3537 886 Ergo

1937 897 2239 966 proprium,
2267 897 2460 970 inquit,
2484 902 2922 972 portabuntonus
2941 919 3151 976 omnes,
3169 909 3540 980 unusquisque

1938 1003 2237 1058 preprmm.

1986 1078 2150 1134 Vens.
2163 1081 2215 1136 6.
2245 1082 2663 1141 --Communicet
2676 1099 2845 1143 autem
2857 1092 2943 1159 qui
2955 1095 3300 1148 catechizatur
3312 1098 3536 1164 verbum,

1935 1173 1982 1226 ei
2005 1176 2092 1242 qui
2119 1176 2397 1230 catechiznt
2440 1177 2493 1231 in
2551 1181 2784 1234 omnibus
2829 1183 2972 1237 bonis
3020 1185 3121 1254 (l).
3165 1186 3370 1242 Sensus
3398 1190 3536 1244 iSIe:

1937 1271 2233 1339 κατηχίζειν
2256 1280 2338 1324 est
2376 1271 2776 1328 circumsonare
2809 1276 3059 1344 veljuxta
3084 1294 3362 1345 assonare,
3397 1282 3538 1352 quod

1937 1364 2201 1429 Contingtt
2229 1378 2348 1416 cum
2382 1363 2546 1434 aliqui
2572 1366 2721 1418 initio
2751 1367 3080 1423 christianos
3102 1371 3454 1440 incipitcsse,
3487 1382 3542 1428 et

1938 1450 2014 1505 illi
2062 1452 2202 1506 Deus
2231 1463 2285 1508 et
2313 1456 2560 1510 Christus
2589 1467 2934 1524 assonantur,
2984 1471 3038 1514 et
3085 1461 3280 1518 dicitur
3311 1465 3541 1520 inaures

1937 1545 2074 1615 ejus,
2093 1556 2252 1618 atque
2277 1550 2580 1604 inanimum
2604 1552 2912 1606 immittitur
2935 1572 2946 1606 :
2969 1555 3070 1610 hoc
3090 1566 3170 1610 est
3191 1557 3280 1624 qui
3299 1558 3540 1614 catecbi-

1939 1649 2090 1694 zatur
2127 1641 2349 1696 verbum
2375 1659 2389 1696 :
2424 1643 2474 1697 id
2496 1654 2579 1698 est
2609 1659 2707 1714 per
2733 1646 2951 1699 verbum
2983 1649 3026 1702 si
3048 1649 3135 1718 qui
3159 1651 3542 1716 cateehizatnr,

1937 1740 1997 1787 ut
2015 1733 2063 1787 ei
2085 1745 2370 1790 assonetur
2390 1751 2488 1807 per
2511 1737 2928 1793 invocationem.
2964 1739 3010 1793 Is
3026 1743 3202 1810 agitur
3217 1744 3303 1812 qui
3319 1745 3541 1798 catec/ti-

232 1829 370 1900 quid,
415 1846 532 1883 cum
570 1828 702 1883 nihil
757 1830 843 1889 sit.
893 1830 1003 1900 ipse
1039 1846 1094 1883 se
1145 1831 1359 1884 seducit.
1409 1829 1635 1884 Ratione
1691 1843 1831 1883 nunc
1861 1823 1909 1881 B
1933 1825 2324 1892 zaturtterbuut,
2359 1828 2411 1879 in
2431 1828 2665 1882 omnibus
2691 1829 2836 1884 bonis
2857 1833 3192 1886 communicet
3218 1835 3262 1887 ei
3289 1836 3374 1904 qui
3393 1848 3536 1890 cute-

233 1925 443 1993 probat,
503 1922 622 1976 ideo
669 1922 842 1986 illum,
895 1924 981 1991 qui
1035 1935 1095 1976 se
1153 1922 1322 1991 jactat
1371 1922 1554 1991 gloria:
1618 1921 1823 1990 cupidi-

235 2023 362 2079 tate,
411 2023 464 2068 et
515 2015 890 2085 corrigendum
933 2029 1056 2068 esse
1095 2022 1149 2068 et
1187 2014 1560 2067 instruendum
1613 2013 1664 2066 in
1719 2011 1829 2082 spi-

235 2105 358 2171 ritu,
390 2105 640 2176 qunniam
673 2104 834 2160 miser
867 2106 956 2160 ille
987 2117 1089 2164 est.
1124 2105 1213 2174 qui
1243 2121 1301 2160 se
1343 2106 1456 2173 ipse
1480 2106 1705 2170 inducit,
1736 2105 1828 2159 fal-

235 2198 315 2265 lit,
343 2199 564 2270 decipit,
593 2199 683 2270 qni
713 2213 773 2253 se
797 2197 1002 2269 aliquid
1049 2213 1169 2253 esse
1204 2199 1497 2263 existimat,
1547 2214 1667 2254 cum
1699 2197 1827 2252 nihil

233 2296 320 2351 sit.
353 2296 563 2350 Etenim
603 2299 645 2350 si
681 2294 796 2350 haec
839 2308 1046 2348 summa
1075 2293 1208 2362 legis
1249 2303 1354 2359 est,
1406 2302 1464 2348 ut
1505 2294 1828 2364 quicumque

233 2387 452 2444 humilis
481 2389 570 2454 sit,
603 2386 862 2456 dejectus,
913 2385 1130 2440 iniimus
1158 2384 1276 2454 (‘2);
1325 2385 1396 2440 ita
1428 2386 1571 2440 enim
1613 2399 1676 2439 ex
1708 2385 1830 2438 inli-

232 2483 332 2536 mis
359 2479 502 2551 eligit
537 2480 677 2535 Deus
705 2495 840 2550 quos
866 2477 1110 2534 sublevet
1135 2486 1294 2548 atque
1324 2478 1461 2533 altos
1485 2477 1678 2542 faciat;
1711 2493 1828 2532 om-

229 2577 312 2630 nis
343 2575 525 2641 homo,
548 2575 637 2644 qui
681 2575 781 2629 sibi
828 2571 1029 2641 aliquid
1073 2573 1330 2635 vindicat,
1357 2580 1412 2627 et
1494 2587 1554 2626 se
1603 2573 1830 2626 extimat

186 2693 194 2699 -
230 2668 430 2740 aliquid
460 2683 600 2732 esse,
645 2667 764 2722 sine
803 2665 967 2721 dubio
996 2665 1128 2720 nihil
1167 2675 1270 2723 est.
1298 2664 1437 2734 Quid
1479 2663 1624 2719 enim
1661 2674 1746 2720 est
1772 2664 1826 2720 in

230 2762 430 2818 mundo
457 2760 677 2832 aliquid,
707 2776 829 2816 cum
861 2758 991 2814 nihil
1020 2762 1092 2814 sit
1115 2759 1168 2813 in
1201 2757 1434 2813 mundo?
1461 2757 1530 2812 Et
1559 2758 1631 2811 ita
1667 2773 1828 2828 agere

228 2871 326 2912 ceu
347 2855 571 2923 (5)nihil
599 2855 670 2910 sit
697 2855 750 2909 in
774 2853 996 2922 mundo,
1025 2853 1126 2908 hoc
1153 2863 1232 2907 est
1259 2851 1398 2921 apud
1429 2851 1597 2906 Deum
1627 2850 1827 2922 aliquid

228 2963 370 3004 esse.
407 2947 578 3003 Porro
599 2947 643 3000 si
669 2947 759 3017 qui
785 2947 867 3016 (4)
899 2947 951 2999 in
979 2944 1181 3000 nmndo
1195 2945 1396 3016 aliquid
1427 2959 1486 2998 se
1507 2959 1628 2998 esse
1654 2951 1824 3014 putat,

229 3043 315 3098 vel
341 3042 636 3112 sapientem
666 3043 751 3097 vel
801 3041 1217 3111 intelligentetn,
1269 3039 1353 3094 vel
1396 3038 1693 3103 dominum,
1742 3038 1828 3094 vel

231 3149 436 3205 regem,
453 3135 536 3189 vel
558 3133 800 3201 divitem,
819 3133 904 3187 vel
925 3133 1125 3202 aliquid
1150 3133 1372 3199 horum;
1401 3140 1492 3186 aut
1516 3131 1568 3185 in
1599 3130 1822 3196 divitiis,

1931 1915 2130 1979 chizat;
2159 1917 2210 1970 id
2232 1928 2314 1973 est
2346 1919 2398 1972 in
2431 1920 2574 1974 nulla
2608 1939 2666 1975 re
2697 1939 2802 1976 non
2827 1925 2873 1975 ei
2895 1927 3195 1981 communis
3215 1926 3314 1990 sit;
3350 1929 3400 1981 in
3422 1944 3538 1982 om-

1933 2010 2088 2063 nibus
2110 2020 2286 2064 tamen
2307 2014 2610 2067 emnmunis
2640 2017 2707 2068 sit
2734 2015 2832 2080 illi,
2856 2017 2944 2084 qui
2977 2020 3272 2072 catecbizat
3295 2024 3537 2089 verbum,

1933 2113 1992 2158 ut
2019 2105 2195 2160 omnia
2227 2106 2281 2160 in
2311 2109 2692 2164 communione
2723 2125 2843 2164 cum
2871 2126 2937 2164 eo
2983 2112 3192 2175 habeat,
3229 2113 3321 2167 sed
3357 2117 3537 2170 oinnia

1931 2214 2052 2261 qum
2089 2200 2225 2254 bona
2257 2210 2401 2255 sunt.
2435 2202 2570 2255 Cum
2594 2206 2737 2257 cutim
2759 2219 2922 2271 supra
2948 2204 3149 2259 dictum
3172 2206 3260 2270 μίι,
3288 2206 3538 2263 Instruite

1933 2292 2232 2355 huiusmodi
2259 2293 2512 2346 hominem
2535 2295 2588 2346 in
2614 2295 2794 2363 spiritu
2815 2296 3096 2360 modestiat,
3129 2299 3311 2367 utique
3341 2300 3541 2354 bonum

1931 2393 2018 2438 est
2044 2385 2185 2454 quod
2209 2385 2537 2448 catechizat;
2569 2396 2623 2442 et
2654 2387 2699 2441 is
2728 2388 2816 2458 qui
2849 2387 3144 2443 eatechizat
3181 2391 3404 2444 verbum
3440 2392 3543 2446 hoc

1933 2484 2041 2530 tam
2063 2475 2283 2543 bonum,
2326 2478 2377 2532 in
2403 2478 2558 2532 bonis
2586 2480 2906 2534 catechizat.
2940 2481 3105 2550 Igitur
3142 2480 3230 2550 qui
3255 2483 3540 2537 catecltiza-

1931 2577 2016 2622 tur
2045 2571 2267 2636 uerbum,
2297 2572 2632 2626 communicet
2656 2573 2698 2624 ei
2725 2573 2811 2643 qui
2837 2574 3140 2628 eatechizat.

2001 2659 2167 2716 Vens.
2212 2663 2264 2716 7.
2322 2691 2394 2702 -—
2418 2662 2595 2718 Nolite
2615 2681 2820 2730 errare;
2853 2663 2994 2719 Deus
3019 2683 3120 2720 non
3143 2667 3402 2722 deridetur
3424 2668 3538 2742 (2).

1930 2751 2220 2824 Snbjnngit
2247 2765 2573 2826 prazceptum
2598 2757 2740 2810 aliud
2771 2758 2915 2827 quod
2945 2760 3164 2828 quidem
3195 2764 3448 2830 generale
3468 2763 3538 2819 ad

1932 2848 2135 2907 omnia,
2167 2847 2402 2916 pertinet
2432 2861 2608 2902 tamen
2637 2849 2702 2902 ad
2744 2849 2794 2902 id
2835 2851 2977 2919 quod
3019 2867 3180 2920 supra
3209 2863 3386 2908 actum
3430 2864 3534 2922 est,

1933 2950 2002 2990 ne
2031 2936 2106 2990 illi
2135 2937 2279 2992 aliud
2314 2947 2510 3006 printer
2540 2939 2880 3008 evangelium
2908 2951 3240 3010 sequantur;
3270 2943 3322 2998 id
3361 2954 3447 3000 est
3471 2961 3538 3002 ne

1934 3029 2230 3100 adiungant
2279 3035 2443 3087 etiam
2483 3033 2795 3089 Judaeorum
2845 3035 3186 3104 disciplinam
3237 3049 3291 3093 et
3347 3056 3536 3110 opera.

1934 3120 2144 3189 Nolite,
2177 3123 2381 3194 inquit.
2415 3142 2624 3192 errare;
2671 3143 2794 3182 nam
2829 3129 2924 3183 ista
2968 3131 3147 3184 omnia
3190 3141 3338 3186 extra
3369 3149 3538 3188 evan-

231 3239 324 3282 θυι
348 3231 399 3280 In
430 3229 630 3291 animo,
661 3239 750 3282 aut
773 3227 825 3280 in
853 3235 989 3291 arte,
1013 3237 1102 3280 aut
1131 3226 1184 3279 in
1213 3226 1438 3289 virtute;
1471 3225 1539 3290 is,
1567 3225 1822 3294 quoniam
1854 3213 1900 3276 C
1932 3216 2132 3284 geliqu
2179 3231 2299 3286 quze
2341 3229 2724 3286 assumuntur,
2777 3231 2954 3274 errata
2998 3230 3144 3278 Sttllt.
3193 3224 3257 3277 Ι·ῖι
3295 3224 3541 3293 adjunxit

231 3314 495 3381 sapientia
522 3311 705 3367 mundi
738 3312 962 3367 stultitia
988 3320 1070 3365 est
1097 3310 1238 3380 apud
1264 3309 1452 3370 Deum.
1478 3309 1554 3373 is,
1591 3311 1828 3380 inquam,

231 3404 364 3459 nihil
395 3415 510 3470 est;
542 3418 597 3461 et
622 3419 743 3460 cum
769 3403 900 3458 nihil
923 3403 1014 3468 sit,
1047 3405 1161 3472 ipse
1187 3416 1248 3458 se
1275 3399 1414 3454 fallit
1443 3416 1504 3455 ac
1530 3399 1752 3472 decipit.

307 3497 466 3553 Vens.
497 3496 552 3552 4.
606 3525 678 3537 -—
709 3493 854 3567 Opus
883 3505 1053 3548 autem
1078 3509 1228 3546 suunt
1255 3493 1431 3562 probet
1461 3493 1827 3562 unusquisque,

230 3601 278 3647 et
307 3600 429 3646 tunc
459 3591 511 3644 in
538 3590 806 3658 semetipso
834 3597 1030 3641 tantum
1060 3585 1260 3640 habebit
1293 3585 1532 3655 gloriam,
1584 3594 1629 3638 et
1652 3601 1753 3637 non
1774 3585 1828 3637 in

229 3687 411 3742 altero.
432 3685 630 3756 Magna!
650 3684 1078 3742 exhortationes.
1095 3696 1288 3752 magna
1313 3681 1472 3736 etiam
1501 3680 1782 3750 disciplina
1810 3681 1822 3735 ε

230 3793 414 3844 nemo,
443 3777 635 3846 inquit,
667 3775 768 3830 sibi
795 3775 999 3841 aliquid
1028 3775 1284 3836 vindicet,
1319 3790 1490 3843 neque
1515 3774 1824 3841 Opinionem

232 3871 427 3927 habeat
455 3868 598 3940 quod
621 3867 820 3939 aliquid
841 3869 912 3922 sit
938 3885 950 3921 :
973 3865 1342 3921 tantummodo
1367 3881 1498 3936 opus
1526 3882 1675 3919 suum
1709 3881 1830 3933 pro-

233 3967 346 4028 bet;
377 3978 562 4019 verum
593 3961 708 4030 ipse
725 3959 929 4030 judicio
963 3973 1062 4014 suo
1093 3958 1284 4028 probet
1311 3957 1672 4028 unusquisque
1692 3970 1830 4026 opus

230 4072 414 4121 suum,
446 4071 513 4110 ne
553 4053 695 4108 malo
731 4051 912 4121 judice
949 4065 1102 4112 usus.
1137 4049 1324 4118 probet
1361 4063 1420 4102 se
1449 4049 1588 4103 bene
1611 4047 1825 4112 iecisse,

229 4166 354 4207 cum
382 4149 614 4204 fortasse
657 4161 759 4201 non
803 4145 943 4201 bene
970 4143 1177 4200 fecerit.
1211 4144 1352 4214 Ergo
1380 4143 1592 4213 probet,
1623 4152 1677 4196 et
1707 4156 1830 4212 pro-

229 4245 413 4300 batum
441 4241 601 4298 faciat
627 4255 762 4306 opus
787 4254 941 4294 suum
967 4255 981 4292 :
1008 4253 1118 4308 quo
1147 4235 1373 4306 probato
1400 4250 1581 4303 opere,
1611 4245 1733 4288 tunc
1771 4236 1826 4288 in

227 4336 496 4407 semetipso
551 4343 750 4388 tantum
777 4331 975 4385 habebit
1003 4329 1240 4400 gloriam.
1271 4345 1374 4382 non
1403 4331 1456 4381 in
1485 4328 1667 4382 altero.
1702 4327 1830 4382 Ete-

229 4431 342 4486 nim
372 4429 462 4500 qui
501 4427 769 4484 existimat.
789 4423 987 4495 aliquid
1015 4437 1074 4477 se
1100 4436 1248 4485 esse,
1279 4423 1442 4491 jaCtat
1473 4435 1532 4476 se
1559 4429 1614 4475 et
1643 4421 1710 4474 ιιι)
1749 4420 1828 4474 al-

229 4524 354 4572 tero
397 4516 620 4586 gloriam
664 4511 835 4580 petit:
865 4510 953 4579 qui
981 4519 1159 4564 autem
1208 4522 1344 4578 Opus
1384 4523 1538 4562 suum
1585 4507 1669 4561 vel
1714 4507 1828 4576 ipse

1932 3307 2039 3361 vim
2071 3308 2412 3362 necessitatis
2438 3311 2504 3364 ad
2552 3319 2914 3379 pra~ceptum;
2962 3311 3125 3377 Deus,
3184 3314 3376 3384 inquit,
3435 3333 3540 3370 non

1937 3401 2217 3456 deridetur.
2252 3401 2372 3457 Non
2418 3404 2575 3468 dixit,
2608 3403 2746 3458 Deus
2776 3407 2912 3458 enim
2942 3408 3114 3460 omnia
3145 3409 3278 3474 scit;
3311 3425 3375 3462 ne
3415 3426 3538 3479 Spe-

1931 3502 2054 3548 rent
2077 3496 2227 3562 quasi
2261 3494 2344 3548 vel
2376 3496 2587 3550 veniam
2632 3496 2836 3550 erroris
2867 3498 2975 3562 sui,
3013 3499 3096 3552 vel
3137 3499 3278 3564 quod
3308 3501 3538 3557 abscon-

1929 3584 2101 3640 ditum
2133 3601 2254 3641 esse
2282 3589 2490 3657 possit:
2522 3605 2642 3649 non,
2679 3588 2872 3657 inquit,
2906 3589 3185 3643 deridetur.
3221 3591 3288 3645 Et
3312 3593 3534 3662 subjun-

1929 3679 2006 3749 git
2047 3681 2172 3748 quid
2218 3680 2451 3735 futurum
2502 3683 2573 3736 sit
2605 3681 2687 3735 his
2717 3683 2805 3752 qui
2857 3685 2907 3736 in
2941 3691 3080 3737 terra
3124 3686 3286 3738 vitm
3326 3694 3532 3741 tenent.

2004 3771 2168 3827 Vsus.
2221 3773 2276 3827 8.
2333 3803 2403 3812 —-—
2436 3774 2566 3841 Quae
2609 3780 2743 3828 enim
2772 3776 3038 3829 seminavei
3055 3777 3092 3829 it
3145 3778 3314 3838 homo.
3351 3781 3460 3832 liceo
3488 3789 3537 3833 et

1931 3874 2100 3920 metet.
2133 3864 2187 3920 Id
2206 3866 2396 3934 estqui
2429 3867 2665 3920 triticum
2693 3869 2941 3927 seminat,
2971 3883 3200 3924 messem
3224 3869 3441 3926 habebit
3467 3871 3534 3928 de

1932 3956 2146 4022 tritico;
2200 3957 2245 4011 si
2288 3966 2467 4012 autem
2512 3959 2744 4014 seminat
2786 3961 3068 4022 zizaniam,
3114 3961 3298 4017 hocet
3326 3972 3531 4018 tnetet:

1931 4047 2130 4101 malum
2162 4049 2394 4104 seminat
2442 4050 2765 4121 quicumque
2805 4066 3012 4106 messor
3038 4061 3120 4107 est
3146 4053 3292 4107 mali.
3323 4053 3532 4109 Bonum

1932 4142 2196 4196 seminat?
2227 4141 2460 4198 fructum
2499 4144 2568 4200 de
2596 4144 2738 4198 bono
2764 4146 2994 4215 accipiet
3021 4162 3035 4201 :
3069 4147 3138 4200 ita
3163 4155 3219 4200 et
3253 4149 3446 4204 messis
3473 4157 3535 4204 ut

1931 4246 2118 4288 semen
2147 4241 2249 4287 est.
2283 4233 2416 4299 Quia
2443 4235 2530 4302 qui
2572 4235 2785 4289 seminat
2818 4236 2870 4288 in
2899 4251 3052 4289 carne
3079 4253 3194 4301 sua,
3227 4239 3290 4292 de
3309 4255 3460 4292 carne
3483 4248 3532 4294 et

1934 4333 2078 4378 metet
2123 4325 2540 4390 corruptionem;
2581 4325 2669 4395 qui
2697 4335 2866 4380 autem
2901 4328 3114 4381 seminat
3145 4329 3199 4382 in
3220 4329 3432 4396 spiritu,
3467 4331 3532 4387 de

1931 4417 2117 4486 spiritu
2148 4429 2193 4471 et
2216 4427 2364 4471 metet
2387 4420 2542 4471 vitam
2568 4433 2832 4471 (sternam.
2866 4418 3070 4475 Galam:
3098 4423 3184 4490 qui
3216 4421 3281 4476 .Iu
3307 4430 3525 4478 tamrttm

1931 4511 2270 4582 disciplinam
2301 4515 2679 4570 a~sumeudatn
2723 4516 2824 4570 sibi
2852 4525 3194 4583 putaverunt,
3243 4527 3300 4571 ut
3341 4519 3529 4573 obser-

228 4609 446 4680 probat,
477 4607 560 4662 vel
587 4605 706 4660 aliis
728 4603 937 4675 probat,
971 4603 1041 4659 de
1076 4616 1136 4658 se
1156 4602 1274 4672 ipso
1304 4601 1465 4657 habet
1490 4601 1742 4672 gloriam,
1773 4609 1830 4656 et
1856 4602 1906 4663 D
1932 4617 2121 4659 Varent
2147 4606 2366 4660 sabbata
2391 4615 2445 4660 et
2473 4606 2934 4663 circmncisionem
2959 4610 3314 4680 suscipi-rent,
3343 4619 3399 4665 et
3425 4609 3528 4666 alia

230 4782 343 4828 tem
373 4770 688 4827 incredithe
716 4778 800 4824 est
833 4767 1165 4824 Victorinum
1206 4768 1394 4822 decem
1434 4766 1822 4837 propemodum

227 4854 499 4899 commata
525 4842 836 4910 inesplicata
869 4841 1178 4908 reliquisse;
1212 4855 1375 4910 quare
1398 4840 1579 4893 folium
1608 4839 1822 4907 aliquod

227 4932 295 4971 ex
325 4919 544 4982 antiquo
571 4913 862 4981 ettemplari
901 4911 1166 4982 excidisse
1207 4911 1460 4974 arbitror,
1507 4912 1644 4965 unde
1687 4911 1822 4982 vati-3

223 4990 350 5044 cani
393 4981 658 5039 chartacei
704 4983 925 5038 derivati
977 4981 1216 5045 luerunt;
1250 4997 1408 5052 quam
1453 4983 1693 5036 lacunam
1738 4981 1820 5036 vel

226 5073 341 5115 non
365 5065 698 5126 agnoverunt
720 5054 802 5109 vel
828 5065 975 5110 certe
993 5071 1096 5126 non
1121 5064 1610 5126 commemorarunt
1635 5067 1822 5108 recen-

225 5123 803 5185 tiores—amanuenses.
835 5127 900 5180 Et
921 5125 1132 5194 quidem
1164 5123 1215 5176 in
1247 5124 1403 5178 aliam
1431 5139 1551 5178 mox
1579 5125 1822 5179 lacunam

226 5200 390 5258 initio
415 5198 656 5269 epistolae
681 5197 746 5250 ad
768 5196 1142 5269 Philippenses
1167 5197 1519 5249 ineurremus.

335 5272 389 5344 1)
427 5267 613 5344 ynlg,
645 5284 732 5323 vos
763 5269 846 5344 qui
874 5267 1171 5344 spirituales
1193 5269 1330 5320 estis.

326 5337 384 5406 2i
427 5337 689 5396 Praei-lora
709 5337 983 5394 ettimvero
1003 5339 1270 5402 doctrina,
1292 5337 1432 5406 quini
1457 5340 1507 5392 in
1530 5337 1824 5394 christiana

226 5411 533 5469 humilitate.
550 5411 714 5466 cardo
736 5411 1009 5480 religionis
1026 5421 1077 5463 et
1098 5423 1307 5480 summa
1330 5411 1607 5464 versetur!
1643 5411 1818 5478 Atque

225 5484 352 5541 haec
377 5482 616 5539 doctrina
636 5479 1001 5536 mirabilioriu
1034 5479 1250 5534 homine
1270 5491 1372 5542 est,
1404 5482 1493 5550 qui
1525 5481 1687 5535 tantis
1716 5481 1817 5536 lto-

225 5559 460 5612 noribus
476 5554 822 5618 inclaruerat,
842 5553 1193 5621 etltnicusque
1210 5551 1277 5606 ad
1297 5562 1629 5606 senectutem
1651 5567 1818 5622 usque

223 5629 461 5683 vixerat.
481 5625 757 5680 Consonat
773 5633 949 5679 autem
997 5622 1352 5694 Hieronymus
1371 5627 1529 5694 epist.
1557 5623 1766 5681 108.15
1800 5639 1816 5678 :

227 5701 403 5770 prima
425 5697 832 5770 Christianorum
859 5696 1018 5750 virtus
1041 5693 1322 5750 humilitas.

301 5771 382 5843 (δ)
419 5768 591 5843 (ξράάτ
621 5783 754 5822 cum-

301 5839 384 5916 μ)
425 5840 592 5911 Siqui
617 5853 717 5910 pro
737 5840 780 5894 si
797 5839 925 5907 quis.

511 5934 788 5999 Ρηιιοι..
836 5931 1003 5999 Vill.

1933 4696 2242 4765 ltujusmodi
2270 4700 2562 4753 carnaliter
2581 4698 2815 4753 scientes
2836 4709 3079 4769 agerent,
3102 4717 3252 4769 spem
3287 4703 3335 4754 in
3363 4717 3527 4757 carne

1931 4790 2193 4847 haberent
2217 4801 2273 4846 et
2297 4791 2363 4846 de
2390 4806 2572 4846 earne.
2599 4791 2933 4862 Quicumque
2962 4809 3090 4863 ergo
3113 4795 3164 4848 in
3187 4810 3348 4849 carne
3375 4811 3526 4866 spem

1933 4882 2112 4948 habet,
2144 4893 2196 4936 et
2224 4881 2459 4936 seminat
2483 4896 2634 4951 spem
2681 4897 2832 4936 suam
2868 4884 3008 4938 circa
3044 4900 3282 4954 caruetn,
3313 4885 3529 4942 habebit

1928 4990 2162 5030 messem
2185 4974 2253 5029 de
2280 4990 2478 5038 carne;
2507 4989 2664 5044 quem
2705 4983 2883 5030 tamen
2927 4976 3158 5032 fructum
3216 4981 3523 5051 corruptio-

1929 5082 2074 5130 nem,
2108 5065 2299 5136 inquit.
2327 5064 2538 5120 Etenim
2559 5081 2687 5119 caro
2711 5069 3095 5137 Corrumpitur,
3112 5078 3168 5124 et
3195 5069 3281 5126 hic
3297 5082 3380 5126 est
3408 5071 3525 5142 ejus

1927 5160 2106 5214 exitus
2151 5165 2207 5210 ut
2236 5166 2630 5227 corrumpatur,
2683 5166 2973 5227 putrescat,
3027 5171 3230 5230 pereat,
3275 5164 3520 5216 intereat.

1926 5249 2119 5305 Omnia
2143 5264 2272 5318 ergo
2297 5247 2440 5303 enim
2470 5265 2588 5317 qua:
2610 5249 2678 5304 de
2704 5264 2864 5305 carne
2891 5260 3017 5306 sunt
3047 5261 3378 5322 putrescunt,
3407 5268 3527 5305 eor-

1930 5344 2236 5413 ruptionetn
2297 5343 2537 5396 habent:
2591 5359 2750 5399 nemo
2805 5345 2946 5399 enim
3000 5347 3067 5400 de
3115 5361 3276 5399 carne
3305 5359 3527 5413 Sperare

1927 5435 2119 5499 debet,
2156 5450 2256 5491 nec
2309 5435 2577 5490 seminare
2611 5435 2662 5490 in
2710 5451 2900 5501 carne,
2936 5437 2986 5490 id
3015 5447 3099 5492 est
3130 5451 3275 5504 spem
3324 5451 3528 5505 ponere

1924 5529 1978 5584 in
2013 5529 2094 5602 (3)
2121 5544 2302 5584 carne.
2338 5527 2468 5582 Nam
2491 5529 2534 5583 si
2567 5527 2637 5582 ibi
2663 5532 2905 5599 posuerit
2931 5545 3106 5598 Spem,
3134 5528 3353 5584 habebit
3380 5528 3528 5584 fruc-

1997 5622 2076 5696 (1)
2120 5623 2274 5696 Vulg.
2315 5639 2329 5675 :
2379 5619 2724 5678 Communicet
2757 5633 2928 5678 autent
2966 5624 3012 5676 is
3049 5622 3138 5692 qui
3179 5624 3524 5679 catechisatur

1925 5695 2074 5751 verba
2095 5695 2142 5749 ei
2165 5696 2252 5764 qui
2278 5710 2351 5762 se,
2375 5704 2476 5748 etc.

1998 5765 2077 5835 (‘2)
2119 5764 2302 5835 Vulg.,
2329 5765 2592 5821 irridetur.

1998 5767 2082 5909 tit
2119 5767 2302 5894 ista:
2320 5767 2404 5892 tt.

2956 5929 3036 5996 38
