4018 6184
281 233 303 288 I
320 232 433 299 I97.

1047 233 1115 292 IN
1153 229 1536 294 EPISTOLAM
1581 228 1784 298 PAULI
1823 224 1918 291 AD
1956 230 2445 305 PHILIPPENSES
2480 243 2705 303 LIBER.

3431 248 3598 311 “98’

275 346 474 417 aliquid
514 357 588 405 est
628 349 710 423 (l)
745 365 907 424 neque
933 354 1244 423 praeputium
1262 394 1279 421 ,
1323 352 1413 407 sed
1439 368 1571 409 nova
1606 363 1865 412 creatura.
1894 342 1947 405 Α
1975 355 2055 413 De
2078 370 2256 415 cratera
2281 378 2427 417 nemo
2452 363 2577 417 nutri
2597 363 2858 418 molestias
2887 372 3089 435 prastet
3112 364 3214 434 (l).
3244 364 3302 423 Id
3319 373 3401 422 est
3430 366 3570 421 ultra

277 437 430 507 Quod
461 457 622 512 supra
652 443 924 513 tetigimus
952 463 966 502 :
992 460 1312 516 quamquam
1342 447 1538 516 ubique
1562 448 1660 504 iste
1680 463 1871 505 sensus
1978 454 3033 525 nemopeccatissuisfaciattiieauxlum,
3054 457 3574 520 tristem.molestias

274 532 367 599 sit,
400 542 584 589 monet
626 534 754 604 quid
784 535 960 606 egerit
988 537 1328 609 mysterium,
1378 538 1519 609 quod
1561 539 1613 594 in
1655 537 1873 595 Christo
1976 544 2264 600 sustinere.
2298 544 2373 600 Ita
2408 546 2553 601 enim
2593 546 2645 601 in
2679 546 2942 617 principio
2981 547 3217 604 diximus
3262 547 3403 616 quod
3441 563 3572 619 pec-

278 621 404 678 Jcsu
430 625 575 681 nulla
607 638 834 695 persona
864 628 952 693 sit,
981 628 1126 685 nulla
1153 629 1410 686 discretio
1436 648 1449 685 :
1482 645 1673 688 omnes
1694 648 1875 704 aequa-

278 714 421 779 liter,
454 717 541 786 qui
573 716 846 777 Christum
878 731 1201 793 sequuntur,
1244 732 1500 778 aeternam
1541 724 1706 779 vitam
1756 740 1872 779 me-

1976 649 2131 691 casse
2161 651 2305 706 :cgre
2336 637 2520 693 tulerit
2547 646 2602 693 et
2628 637 2867 694 doluerit
2908 638 3089 694 Monet
3113 640 3343 710 igituriu
3367 648 3574 709 postre-

1979 742 2064 781 ma
2089 729 2333 798 epistola,
2367 739 2423 784 ut
2451 731 2485 786 ii
2507 746 2613 784 non
2639 730 2704 785 ad
2726 738 2942 801 peccata
2959 732 3140 803 aliqua
3165 740 3572 799 convertantur,

280 818 503 865 rentur:
555 825 659 867 non
700 812 845 868 enim
873 813 996 883 quia
1033 813 1395 877 circumcisio,
1428 815 1632 871 idcirco
1671 816 1873 888 aliquid
1980 837 2047 876 ne
2100 821 2374 877 molestias
2427 831 2701 893 praestent.
2755 823 2867 895 Ego
2906 826 3040 880 enim
3068 827 3314 897 stigmata
3367 827 3579 889 Domini

280 911 362 957 est
392 903 442 961 in
467 901 720 960 Christo:
750 920 922 976 neque
953 907 1078 976 quia
1110 908 1430 977 praeputium
1462 916 1580 975 est,
1618 907 1740 963 ideo
1779 909 1876 964 ali-

279 999 407 1071 quid
436 1001 598 1059 estin
622 1000 879 1060 Christo:
910 1001 1003 1059 sed
1036 1002 1086 1056 in
1125 1003 1367 1072 quolibet
1386 1002 1600 1069 horum,
1626 1004 1874 1075 quicum-

280 1108 384 1161 que
411 1092 504 1160 sit,
553 1093 597 1149 si
645 1094 808 1151 modo
852 1104 1165 1152 renascatur
1191 1106 1249 1152 et
1294 1097 1551 1170 mysterio
1580 1112 1753 1153 novus
1788 1097 1882 1152 liat

280 1185 466 1253 homo,
496 1187 751 1247 valebunt
768 1204 959 1246 ouincs
979 1189 1032 1248 in
1056 1188 1294 1247 Christo.

351 1300 518 1359 Vens.
548 1303 634 1360 16.
685 1333 760 1346 -
783 1303 853 1360 Et
879 1306 1186 1377 quicumque
1215 1306 1348 1361 hanc
1372 1304 1600 1377 regulam
1634 1313 1878 1372 sectatur,

280 1410 386 1465 pax
411 1411 568 1466 super
591 1396 731 1463 illos,
761 1407 807 1453 et
842 1414 998 1470 super
1030 1398 1203 1455 Israel
1244 1398 1452 1455 Domini
1475 1398 1575 1471 (‘2).
1605 1396 1883 1454 Conelusit

284 1493 344 1542 ut
371 1487 487 1544 haec
527 1488 644 1544 sola
687 1487 760 1544 sit
812 1490 1018 1562 regula,
1069 1491 1121 1546 in
1170 1490 1389 1547 Christo
1418 1506 1662 1562 sperare,
1704 1505 1883 1562 neque

287 1578 599 1636 discernere
618 1580 819 1638 Christi
845 1583 1099 1639 virtutem
1124 1584 1430 1655 praeputioa
1446 1584 1880 1649 circumcisione,

1979 915 2142 969 nostri
2165 914 2292 971 Jesu
2311 915 2503 971 Christi
2525 918 2577 971 in
2604 932 2817 987 corpore
2842 934 2951 972 meo
2978 929 3144 991 porto.
3167 918 3222 974 ld
3246 928 3331 976 cst
3358 934 3578 977 omnem

1983 1006 2311 1074 passioiiem,
2368 1018 2424 1065 et
2460 1006 2549 1061 illa
2597 1024 2718 1076 qtae
2770 1009 2824 1064 in
2871 1024 3033 1065 cruce
3081 1010 3346 1076 toleravit,
3409 1010 3580 1069 clavis

1983 1099 2288 1169 ﬁgentibus,
2333 1114 2531 1171 corpus
2561 1100 2642 1156 vel
2684 1101 2910 1156 vulnere
2949 1100 3149 1158 lancea:
3179 1118 3277 1173 per
3316 1102 3480 1167 latus,
3526 1113 3615 1158 et:

1982 1201 2196 1258 cgrlera,
2228 1192 2419 1263 inquit,
2451 1195 2697 1265 stigmata
2722 1192 2846 1249 lesu
2873 1192 3076 1248 Christi
3101 1193 3314 1248 Domini
3338 1193 3507 1249 nostri
3528 1194 3586 1251 in

1983 1299 2214 1356 corpore
2241 1301 2364 1343 meo
2394 1296 2586 1357 parto:
2618 1286 2669 1343 id
2691 1298 2775 1343 est
2805 1296 2859 1343 ct
2887 1300 2987 1358 ego
3029 1302 3216 1357 passus
3254 1302 3398 1356 sum,
3438 1297 3495 1344 et
3528 1289 3584 1345 in

1985 1377 2242 1448 mysterio
2258 1379 2542 1433 conservio
2565 1375 2803 1443 Christo.
2821 1379 3137 1449 myStcrinm
3158 1378 3358 1434 Christi
3380 1380 3552 1448 patior
3568 1396 3587 1435 ε

1988 1467 2130 1522 unde
2155 1479 2208 1523 ct
2238 1482 2334 1523 vos
2363 1468 2589 1525 adversa
2619 1468 2808 1537 multa,
2833 1470 3038 1537 omnia,
3076 1470 3311 1525 tolerare
3334 1468 3584 1526 debetis:

1987 1561 2240 1631 quoniam
2281 1576 2405 1617 cum
2433 1560 2651 1618 Christo
2681 1563 2806 1627 erit,
2838 1560 2931 1632 qui
2961 1576 3083 1617 cum
3115 1559 3328 1617 Christo
3364 1562 3589 1631 patitur,

288 1672 383 1728 sed
410 1687 547 1728 πονε,
574 1682 845 1741 "eam".
878 1651 1456 1747 qumcnmhue‘mem;
1485 1691 1584 1747 per
1606 1676 1879 1734 Christum
1912 1739 1955 1747 _
1988 1661 2042 1707 et
2070 1667 2133 1709 ea
2165 1670 2285 1723 illnc
2313 1651 2565 1711 Christus
2587 1668 2779 1725 passus
2805 1664 2910 1747 est,
2943 1664 2997 1708 et
3025 1653 3141 1747 ipse
3183 1663 3305 1708 actu
3351 1669 3452 1709 suo
3479 1653 3583 1709 ad-

285 1774 343 1821 et
368 1766 422 1821 in
470 1766 688 1824 Christo
731 1739 1042 1841 plena-spes
1070 1778 1128 1827 et
1144 1739 1351 1827 salutis
1376 1739 1784 1829 etiteternitatis
1828 1779 1885 1827 et
1912 1739 1962 1800 Β
1989 1746 2339 1841 Ῠέτδτίηιίιξιξεγ
2358 1747 2685 1841 adversariis
2706 1746 2935 1818 coeperit
2972 1746 3117 1814 pati:
3151 1761 3219 1801 ex
3246 1754 3588 1841 quohosten-

281 1858 487 1929 gloria.
522 1859 690 1929 Hanc,
741 1861 934 1930 inquit,
987 1863 1227 1934 regulam
1274 1861 1495 1937 (nonut
1540 1879 1639 1919 vos
1677 1863 1883 1920 Galatas

284 1960 471 2006 tenere
506 1953 771 2024 voluistis)
804 1953 944 2011 hanc
969 1955 1193 2025 gloriam
1222 1958 1310 2027 qui
1336 1965 1643 2023 sectantur,
1674 1974 1782 2029 pax
1800 1973 1886 2011 su-

287 2044 520 2115 perillos
567 2047 659 2102 sit.
692 2047 759 2101 Et
799 2047 1049 2117 adjunxit
1077 2064 1240 2119 super
1270 2048 1438 2104 Israel
1482 2048 1728 2116 Domini;
1778 2065 1885 2107 non

286 2151 447 2207 supra
467 2138 629 2195 Israel
651 2153 1043 2211 quemcumque
1058 2139 1328 2207 Iudicum,
1353 2141 1446 2198 sed
1470 2139 1639 2196 Israel
1661 2140 1885 2198 Domini.

291 2228 501 2284 Etenim
528 2228 697 2286 Israel
729 2245 854 2288 vere
880 2233 1090 2287 Domini
1119 2233 1167 2288 si
1204 2233 1488 2288 Dominum
1515 2242 1796 2300 sequatur,
1832 2242 1891 2289 ut

287 2321 643 2379 salvationem
671 2338 825 2380 suam
858 2324 1078 2382 aliunde
1107 2341 1216 2383 non
1245 2338 1450 2398 speret.
1480 2326 1644 2385 Vnus.
1682 2328 1746 2384 17
1785 2345 1892 2384 :--

357 2517 442 2665 έί)
479 2517 540 2572 In
573 2516 727 2591 Vulg.
750 2535 848 2590 pro
870 2531 945 2577 est
970 2521 1184 2594 legitur,
1217 2525 1368 2578 ualet.

381 2590 439 2662 2)
468 2590 575 2647 Pro
604 2592 817 2648 Domini
845 2593 1004 2665 Vulg.
1036 2594 1221 2662 habet,
1253 2595 1368 2651 Dei.

381 2590 439 2662 2)
468 2590 575 2647 Pro
604 2592 817 2648 Domini
845 2593 1004 2665 Vulg.
1024 2590 1221 2662 habet,
1253 2595 1371 2651 Dei.

1991 1838 2088 1905 dit,
2110 1849 2166 1894 et
2181 1838 2307 1909 quid
2332 1840 2447 1909 ipse
2460 1839 2714 1910 patiatur,
2731 1846 2989 1909 quantum
3008 1848 3281 1894 mereatur
3298 1854 3329 1893 a
3346 1835 3595 1903 Christo,

1992 1940 2047 1987 ct
2075 1931 2202 2002 quid
2249 1930 2412 1989 etiam
2443 1947 2542 1989 nos
2588 1931 2697 2002 pati
2740 1929 3057 1998 debeamus,
3090 1931 3133 1985 si
3179 1930 3426 1986 volumus
3471 1943 3599 1985 esse

1993 2038 2115 2079 cum
2145 2022 2380 2078 Christo.
2414 2021 2580 2079 Vens.
2615 2023 2683 2079 18
2711 2039 2725 2076 :
2757 2052 2827 2063 —
2848 2020 3028 2077 Gratia
3051 2020 3264 2076 Domini
3290 2022 3450 2075 nostri
3468 2020 3601 2077 Iesu

1997 2114 2188 2172 Christi
2209 2132 2323 2170 cum
2346 2117 2531 2184 spiritu
2557 2125 2739 2183 vestro,
2764 2115 2971 2185 fratres.
3000 2112 3289 2169 Conclusio
3316 2112 3377 2168 ﬁt
3396 2113 3600 2183 episto-

1998 2207 2101 2264 Ias:
2130 2208 2371 2278 precatio
2391 2217 2477 2263 est
2508 2218 2564 2264 et
2599 2206 2906 2263 benedictio
2943 2215 3003 2261 ut
3024 2206 3197 2277 gratia
3225 2206 3325 2271 sit;
3350 2203 3446 2261 sed
3471 2219 3600 2263 cum

1993 2302 2207 2372 spiritu,
2256 2302 2461 2370 inquit,
2518 2309 2700 2357 vestro
2748 2298 2918 2371 gratia
2968 2298 3180 2353 Domini
3240 2298 3410 2352 nostri
3458 2296 3593 2352 Iesu

1993 2392 2193 2451 Christi
2218 2412 2235 2462 ;
2277 2404 2337 2450 ut
2357 2394 2485 2464 quia
2515 2394 2568 2448 in
2590 2392 2811 2449 Christo
2831 2390 3030 2459 vivitis,
3055 2390 3254 2446 Christi
3282 2389 3453 2461 gratia
3475 2403 3604 2445 cum

1995 2486 2186 2557 spiritu
2214 2494 2400 2541 vestro
2434 2484 2528 2540 sit.

2071 2600 2151 2672 (I)
2180 2599 2339 2670 Vulg.
2368 2616 2383 2654 :
2416 2596 2496 2653 De
2520 2606 2705 2653 caetero
2733 2611 2884 2652 nerito
2912 2596 3038 2651 mihi
3063 2596 3305 2651 molestus
3334 2597 3423 2651 sit.

854 2990 861 2997 ~
964 2960 1036 3017 IN
1079 2960 1470 3019 EPISTOLAM
1511 2960 1721 3021 PAULI
1757 2963 1851 3018 AD
1887 2960 2389 3020 PHILIPPENSES
2422 2957 2629 3018 LIBER
2667 2956 2939 3015 UNICUS.

360 3076 496 3133 Car.
530 3091 645 3132 1.-
660 3076 826 3133 Vens.
857 3078 927 3133 15
956 3077 1133 3151 (l).—-
1156 3077 1336 3134 Posuit
1362 3082 1443 3135 vet
1467 3090 1688 3151 quatuor
1716 3096 1900 3136 causas
1922 3084 1968 3148 (ζ
2002 3079 2104 3137 hoc
2132 3080 2349 3145 faciant,
2400 3093 2507 3135 non
2552 3092 2647 3149 per
2684 3075 3090 3148 intelligentiam
3121 3083 3176 3132 et
3197 3076 3471 3147 propriam
3500 3092 3605 3134 vo-

292 3156 377 3225 vel
407 3177 638 3240 quatuor
665 3184 947 3240 personas,
976 3185 1099 3241 qua
1138 3174 1458 3227 annuntiem
1478 3172 1778 3227 Christum.
1809 3172 1891 3228 Ex

291 3259 376 3314 his
401 3261 544 3328 duc,
576 3260 745 3331 prima
788 3268 845 3316 et
881 3261 1206 3326 novissima,
1252 3276 1321 3317 ex
1372 3261 1704 3334 malignitate
1732 3262 1891 3318 :dun

291 3352 505 3420 inedire,
528 3368 594 3409 ex
618 3353 760 3409 bono
788 3354 971 3407 sriimo
989 3360 1043 3408 et
1072 3352 1368 3410 voluntate.
1395 3353 1552 3420 Quod
1567 3352 1648 3425 (τὶ)
1672 3353 1895 3410 interse

288 3446 511 3510 distent,
542 3448 713 3517 prima
737 3456 789 3502 et
821 3455 1094 3517 postrema
1126 3463 1141 3501 :
1174 3446 1316 3517 quod
1360 3446 1503 3502 inter
1530 3461 1611 3513 se,
1651 3444 1891 3502 secunda

287 3551 341 3595 et
365 3540 545 3606 tertia,
566 3539 877 3596 dicendum.
901 3539 1079 3595 Prima
1104 3549 1189 3596 est
1207 3540 1274 3595 de
1294 3539 1644 3611 malignitate,
1671 3549 1894 3610 promer

290 3635 542 3690 invidiam
590 3642 646 3691 et
687 3635 1144 3705 contemptionem
1198 3651 1211 3687 :
1264 3632 1519 3689 invidiam
1568 3633 1715 3689 enim
1751 3632 1891 3687 dixit

286 3730 433 3800 quod
461 3731 699 3786 sentiant
726 3729 813 3803 (5)
850 3745 972 3786 cum
1016 3728 1199 3785 aemuli
1228 3729 1384 3784 nobis
1428 3728 1555 3783 sint.
1608 3727 1891 3784 Postrema

288 3824 451 3882 etiam
477 3835 557 3880 est
587 3833 644 3879 et
673 3825 792 3895 ipsa
813 3823 882 3879 de
909 3823 1073 3889 malo,
1106 3831 1183 3890 ut,
1206 3822 1375 3879 Vens.
1401 3822 1775 3893 17,—qnidam
1802 3836 1894 3892 per

289 3919 665 3974 contumaciam
691 3916 953 3973 Christum
972 3917 1309 3989 pronuntiant
1327 3915 1428 3989 (4).
1458 3916 1515 3971 Id
1536 3923 1620 3971 est
1648 3926 1704 3970 ut
1732 3915 1890 3970 nobis

289 4019 538 4068 noceant.
557 4010 690 4067 Cum
711 4010 854 4065 enim
875 4018 1060 4079 aperte
1078 4007 1357 4063 Christum
1378 4014 1594 4077 negent,
1622 4006 1891 4061 tinxerunt

288 4105 804 4168 seannnutiarewt
834 4115 952 4166 nos,
994 4102 1084 4171 qui
1128 4115 1226 4156 eos
1268 4098 1605 4154 adversarios
1638 4106 1889 4168 pulsatus

286 4205 345 4252 et
380 4194 674 4261 credimus,
723 4193 1003 4249 dolcamus
1056 4192 1128 4247 ab
1178 4191 1262 4247 his
1310 4191 1499 4247 eadem
1556 4188 1889 4260 pronuntiari

288 4302 411 4361 mne
449 4303 547 4344 nos
578 4287 986 4358 pronuntiamus
1016 4299 1032 4339 :
1063 4300 1155 4354 per
1194 4283 1566 4339 contumaciam
1594 4282 1773 4346 enim,
1807 4282 1889 4337 il-

284 4384 424 4454 qnit,
456 4395 569 4436 non
592 4387 782 4436 sancte
810 4393 983 4449 neque
1012 4386 1182 4444 caste,
1216 4377 1549 4447 prmuntiant
1586 4374 1889 4441 Clu-istum,-

1993 3174 2274 3230 luntawm.
2305 3171 2377 3226 At
2397 3185 2525 3226 vero
2552 3169 2637 3223 vel
2680 3168 2878 3239 duplex
2922 3180 3105 3233 causa,
3138 3167 3221 3222 vel
3250 3167 3447 3238 duplex
3472 3181 3597 3238 per-

1991 3282 2146 3334 sona,
2179 3265 2246 3321 de
2268 3265 2410 3320 bono
2436 3262 2515 3318 sic
2544 3277 2605 3318 se
2632 3260 2813 3326 habet,
2848 3259 2993 3330 quod
3025 3259 3238 3330 quidam
3271 3273 3368 3330 per
3395 3260 3597 3316 bonam

1992 3360 2322 3417 voluntatem
2349 3356 2623 3413 Christum
2656 3352 3033 3422 pronuntiant,
3065 3352 3280 3422 quidam
3310 3367 3379 3407 ex
3412 3351 3604 3407 chari-

1992 3463 2120 3511 tate.
2146 3453 2374 3509 Haeduae
2391 3465 2567 3507 causa:
2594 3448 2662 3504 de
2684 3448 2827 3503 bono
2854 3446 3096 3501 adversae
3120 3452 3248 3501 sunt
3265 3444 3492 3516 singulis
3514 3445 3586 3502 de

1992 3548 2133 3602 malo
2166 3564 2181 3601 :
2212 3558 2445 3615 namque
2489 3541 2555 3597 ad
2600 3541 2829 3612 primam
2859 3536 3140 3609 respondit
3186 3537 3302 3592 lure
3349 3551 3469 3606 quae
3509 3551 3601 3593 se-

1990 3638 2161 3694 cunda
2188 3645 2291 3693 est.
2322 3636 2379 3692 Si
2408 3634 2553 3691 enim
2583 3633 2761 3703 primi,
2796 3631 2918 3702 quia
2949 3629 3187 3685 invident
3217 3636 3273 3685 et
3298 3630 3421 3700 quia
3462 3644 3600 3686 con-

1993 3732 2238 3797 tendunt,
2256 3730 2379 3787 ideo
2407 3728 2698 3800 praedicant
2723 3724 3030 3790 Christum;
3055 3732 3242 3779 contra
3273 3723 3490 3795 quidam
3521 3723 3595 3781 de

1992 3825 2147 3880 bonis
2188 3838 2286 3891 per
2324 3822 2518 3877 bonam
2569 3819 2897 3873 voluntatem
2941 3814 3218 3870 Christum
3274 3816 3599 3872 annuatim

1992 3930 2120 3971 vere
2148 3913 2252 3969 hoc
2278 3914 2608 3977 sentientes,
2640 3925 2746 3966 non
2779 3908 3080 3963 invidentes
3126 3907 3285 3963 nobis
3331 3907 3432 3979 (I),
3490 3904 3591 3963 sed

1991 4008 2115 4078 quia
2138 4006 2339 4063 bonum
2362 4011 2445 4060 est
2472 3984 2613 4074 quod
2643 4003 2879 4059 sentiunt
2925 4011 2981 4056 et
3033 3999 3228 4055 habent
3272 3999 3467 4054 bonam
3495 4011 3594 4054 vo-

1993 4101 2250 4155 luntatem
2294 4100 2436 4155 circa
2485 4098 2852 4169 Evangelium.
2901 4094 3079 4149 Tertia
3127 4100 3307 4148 alitem
3356 4108 3476 4164 quae
3518 4093 3590 4151 de

1992 4194 2146 4251 bonis
2175 4209 2335 4251 causa
2361 4200 2465 4261 est,
2497 4176 2765 4249 contraria
2796 4196 2880 4245 est
2906 4187 3018 4255 illi,
3050 4201 3170 4257 quae
3200 4194 3471 4257 postrema
3501 4191 3589 4246 est

1991 4286 2059 4343 de
2107 4287 2280 4343 malis.
2330 4286 2467 4343 Nam
2509 4286 2559 4341 si
2604 4284 2697 4339 illa
2728 4295 2848 4353 qua:
2875 4280 2945 4335 de
2988 4279 3144 4335 malis
3174 4288 3255 4335 est
3289 4289 3585 4351 postrema,

1992 4380 2114 4437 talis
2166 4389 2281 4448 est,
2334 4390 2392 4436 nt
2431 4378 2651 4451 quidam
2693 4375 2745 4430 in
2794 4382 3030 4429 nostram
3077 4386 3291 4443 poenam
3320 4381 3373 4428 et
3402 4372 3581 4428 tribu»

284 4476 384 4532 sed
428 4482 485 4530 ut
533 4474 688 4529 nobis
729 4470 988 4527 incutiant
1036 4470 1434 4527 tribulationem
1465 4476 1521 4524 et
1544 4468 1803 4540 gemitum
1833 4473 2251 4544 etDiationem
2296 4489 2394 4544 per
2437 4467 2827 4525 contumaciam
2868 4464 3143 4521 Christum
3190 4465 3580 4534 pronuntient:

286 4569 563 4634 dolormn;
596 4574 654 4621 ut
685 4565 859 4634 penis
879 4572 935 4620 et
962 4563 1191 4619 vinculis
1222 4562 1425 4619 nostris
1449 4577 1509 4618 se
1535 4561 1767 4632 gaudere
1795 4573 1885 4616 os-

286 4663 513 4719 tendant
542 4679 559 4717 :
587 4659 867 4729 quomodo
890 4658 1089 4714 dictum
1119 4665 1204 4712 est
1232 4656 1333 4727 ipsi
1361 4656 1581 4711 Christo
1620 4656 1677 4710 in
1723 4666 1886 4709 cruce

293 4757 485 4828 posito,
506 4757 551 4811 si
582 4757 724 4826 [ilius
752 4753 848 4809 Dei
875 4769 949 4819 es,
980 4752 1140 4807 libera
1170 4760 1238 4819 te,
1272 4752 1343 4806 ita
1375 4758 1430 4806 et
1456 4750 1622 4806 Paulo
1641 4749 1883 4805 dicatur:

291 4847 431 4904 Deus
470 4857 589 4904 tuus
623 4846 901 4902 crinalis
939 4856 990 4900 te
1032 4843 1248 4911 liberet;
1294 4843 1381 4899 ille
1427 4843 1676 4899 Christus
1716 4843 1879 4908 Deus,

1988 4570 2103 4623 haec
2130 4567 2199 4624 de
2227 4567 2383 4622 bouis
2405 4562 2669 4619 cmitraria
2700 4568 2803 4624 est,
2822 4558 2943 4629 quia
2974 4557 3190 4628 quidam
3220 4573 3287 4613 ex
3315 4557 3581 4615 charitate

1986 4658 2357 4731 pronuntiant:
2380 4657 2481 4709 hoc
2503 4660 2587 4708 est
2614 4665 2703 4707 me
2725 4658 3013 4721 sequentes
3032 4656 3088 4703 et
3110 4648 3259 4703 chari
3292 4648 3444 4717 mihi,
3466 4664 3576 4708 non

1984 4749 2117 4804 mihi
2147 4747 2465 4803 insultantes
2495 4762 2509 4798 :
2541 4743 2765 4807 scilicet,
2797 4742 2972 4810 inquit
2994 4782 3008 4803 ,
3038 4740 3173 4809 quod
3201 4740 3254 4794 in
3283 4740 3577 4811 defensione

1980 4839 2255 4910 Evangelii
2281 4836 2476 4908 positus
2502 4850 2613 4888 sum
2642 4832 2746 4906 (2).
2775 4832 2965 4888 Sciunt
2988 4832 3130 4887 enim
3156 4833 3277 4903 quia
3310 4834 3363 4888 in
3389 4834 3578 4891 defert;

294 4939 437 4995 Deus
461 4947 572 5005 est;
601 4938 697 4995 sed
727 4946 782 4994 tu
812 4946 996 4993 tamen
1017 4937 1072 4992 in
1095 4937 1273 5005 mis
1295 4950 1374 4992 es.
1394 4934 1507 4991 Hoc
1538 4936 1697 5005 igitur
1722 4933 1884 4990 modo
1981 4932 2132 4986 sione
2166 4926 2437 4998 Evangelii
2465 4940 2583 4980 sum
2607 4967 2621 4992 ,
2655 4931 2710 4979 et
2737 4923 2938 4979 idcirco
2965 4937 3150 4992 poenas
3180 4922 3277 4978 has
3306 4939 3455 4981 meas
3479 4937 3578 4995 pro

288 5031 456 5089 distat
482 5033 596 5087 liae
624 5028 934 5101 prmdicatie
963 5029 1320 5100 malignorum
1347 5028 1416 5083 ab
1445 5027 1535 5080 illa
1562 5026 1873 5096 superiore:

1981 5022 2260 5093 evangelio
2305 5035 2390 5075 me
2437 5018 2703 5073 sustinere
2735 5034 2751 5069 :
2785 5016 2927 5071 unde
2958 5023 3015 5071 et
3049 5017 3154 5086 ipsi
3200 5033 3264 5072 ex
3315 5019 3581 5075 charitate

290 5124 380 5179 ilia
412 5136 517 5178 non
548 5132 607 5177 ut
634 5134 818 5192 ponas
839 5122 1042 5178 inserat
1066 5120 1298 5176 vinculis
1312 5115 1677 5188 apostoli,sed
1701 5121 1758 5167 ut
1778 5112 1879 5183 ipsi
1970 5116 2257 5172 Christum
2286 5113 2651 5183 pronuntiant,
2681 5111 2766 5166 vel
2796 5110 3056 5166 charitate
3096 5111 3150 5165 in
3185 5109 3460 5167 Christum
3489 5112 3577 5168 vd

272 5214 541 5295 reﬂectent
580 5214 805 5286 gloriam
836 5211 1234 5286 praedicationis
1258 5252 1273 5278 ,
1321 5225 1445 5265 cum
1492 5224 1586 5278 per
1625 5204 1878 5265 invidiam

363 5380 443 5456 ll)
473 5377 774 5456 Desiderari
806 5385 1009 5456 partem
1037 5370 1406 5456 commentarii
1438 5385 1606 5456 usque
1627 5367 1875 5456 αὐγὴ..

290 5439 587 5531 οηρᾖιιὶῌ,
620 5466 706 5505 res
744 5439 862 5531 ipsa
900 5452 1098 5530 clamat
1135 5465 1148 5501 :
1190 5455 1246 5502 et
1288 5451 1465 5503 tamen
1490 5439 1557 5497 ‘in
1604 5439 1879 5496 codicibus

291 5520 496 5580 nullum
522 5524 724 5577 lacuna:
755 5520 1009 5574 indicium
1035 5529 1135 5573 est.

364 5595 444 5667 (ἓ)
482 5593 655 5667 Malim
683 5590 808 5667 quid
836 5589 922 5643 hic
950 5601 999 5644 et
1032 5590 1190 5643 intra.

361 5662 440 5738 (ὃ)
458 5662 768 5738 Codd._se_d_
785 5677 919 5715 cum.
1158 5728 1170 5738 _
1287 5727 1357 5738 Μ
1390 5727 1403 5738 ⁸
1740 5723 1768 5738 __

364 5665 420 5738 (ὃ
466 5665 635 5719 Codd.
669 5665 758 5716 sed
785 5677 919 5715 cum.
1757 5723 1768 5734 .

364 5665 441 5810 (ί)
457 5735 611 5807 Vulg.
630 5733 851 5801 Quidam
869 5745 931 5787 eo:
947 5728 1265 5785 contentione
1279 5727 1539 5785 Christum
1557 5732 1877 5782 annunttant.

1988 5210 2245 5265 charitate
2276 5208 2328 5262 in
2361 5222 2468 5271 me,
2504 5220 2609 5261 non
2638 5204 2765 5259 mihi
2798 5203 3140 5271 insultantes,
3172 5213 3229 5259 ut
3257 5205 3333 5260 illi
3362 5205 3450 5274 qui
3480 5219 3579 5273 per

1980 5300 2371 5358 contumaciam
2423 5294 2694 5351 Christum
2738 5294 3062 5365 praedicant;
3109 5311 3215 5350 non
3246 5305 3429 5362 caste,
3479 5293 3579 5357 sed

1974 5393 2331 5451 existimantes
2356 5388 2735 5445 tribulationem
2754 5386 2834 5460 (ὃ)
2859 5404 2913 5445 se
2926 5388 3178 5443 suscitare
3200 5386 3413 5440 uinculis
3428 5385 3574 5441 meis.

2084 5504 2134 5575 l)
2174 5501 2343 5560 Codd.
2368 5501 2523 5575 nobis.
2770 5572 2783 5575 _
2831 5572 2841 5575 Α
2941 5570 2953 5575 _
2998 5572 3008 5575 _
3101 5569 3113 5575 _
3321 5568 3363 5575 _
3531 5506 3559 5575 ’ς

2085 5568 2144 5648 2)
2185 5575 2338 5645 Vulg.
2373 5574 2602 5629 Scicntes
2641 5572 2783 5644 quod
2824 5572 2876 5626 in
2917 5569 3263 5642 defensionem
3311 5568 3559 5644 Evangeli

1989 5649 2339 5721 positus_sum.
2663 5671 2667 5675 -
2948 5658 2953 5659 ί

2064 5720 2142 5790 ('5)
2184 5718 2365 5788 ang.,
2398 5731 2708 5788 pressuram.
