4018 6184
262 346 394 405 ΙΞΟΙ
1058 353 1126 410 ΙΝ
1168 354 1551 412 EPISTOLAM
1590 356 1797 414 PAULI
1833 405 1836 413 ι

1965 360 2463 427 PHILIPPENSES
2503 369 2726 428 LIBER.
3432 380 3571 439 1202

261 463 392 529 vita,
420 479 540 535 qua:
570 463 657 520 hic
681 465 732 519 in
759 481 920 523 carne
946 478 1050 535 est,
1073 479 1127 525 et
1154 470 1289 525 dixit
1315 471 1668 528 nihilominus
1695 474 1857 531 etiam
1885 476 1942 538 A
1967 488 2024 534 ιιι
2050 496 2150 552 ego
2183 499 2423 554 priPSCllS
2452 487 2680 543 sentiam
2711 491 3166 559 quemadmodum
3196 494 3363 566 gloria
3386 510 3566 557 vestra

259 554 311 608 in
362 554 458 609 ista
511 556 639 621 vita,
684 573 804 611 cum
847 559 933 612 hic
981 560 1030 612 in
1081 576 1243 616 carne
1270 561 1522 630 vivimus,
1556 564 1757 643 [ructus
1788 575 1859 620 est

258 648 407 711 mihi,
439 648 632 720 inquit,
661 653 844 724 operis.
878 653 977 722 Qui
1023 655 1123 710 iste
1175 658 1355 727 operis
1398 658 1640 714 fructus?
1684 670 1740 714 ut
1777 660 1859 716 la-

258 741 390 797 bore
414 759 532 799 meo
555 753 607 800 et
636 744 921 816 Evangelia
943 751 1254 806 annuntiem
1277 749 1573 820 Christum,
1598 764 1652 809 et
1674 755 1858 811 multis

254 849 404 906 spem
426 838 547 892 vita:
567 846 622 892 et
642 839 953 896 salvationis
974 840 1225 911 cilicium,
1248 860 1369 900 cmn
1393 862 1614 915 sperare
1638 848 1689 901 in
1705 847 1857 904 Chri-

252 938 395 983 stum
414 930 697 999 coeperint,
716 939 770 986 et
784 931 939 987 (idem
958 933 1248 1006 Evangelia
1265 936 1411 992 dare.
1435 938 1475 993 ll
1488 953 1530 993 .c
1545 949 1650 1002 est,
1664 939 1856 1011 inquit,

252 1021 382 1076 mihi
408 1020 608 1076 fructus
629 1026 808 1092 operis
828 1025 991 1081 etiam
1015 1028 1065 1081 iu
1092 1044 1254 1084 carne
1277 1031 1480 1086 vivi-re.
1514 1030 1581 1086 Et
1613 1033 1735 1103 quid
1761 1034 1857 1088 eli-

247 1128 365 1183 gam
394 1114 592 1184 ignoro.
623 1114 748 1171 Sive
777 1121 919 1172 enim
953 1120 1172 1185 moriar,
1202 1121 1323 1191 quia
1355 1139 1493 1177 mors
1524 1122 1723 1178 lucrum
1751 1140 1854 1192 ρει,

246 1218 311 1258 ac
336 1204 459 1258 mihi
499 1206 599 1259 vita
627 1206 863 1263 Christus
883 1219 978 1275 est,
1001 1218 1057 1265 et
1074 1211 1140 1265 ad
1174 1212 1321 1268 illum
1360 1214 1541 1285 utique
1579 1218 1855 1285 pervenio,

246 1312 367 1353 cum
390 1300 592 1354 morior
612 1299 689 1375 (ι)
723 1301 808 1358 hic
837 1304 887 1357 in
912 1319 1110 1361 carne:
1136 1307 1259 1362 ‘sive
1292 1325 1476 1364 rursus
1496 1309 1581 1364 hic
1613 1312 1662 1365 in
1693 1326 1857 1368 carne

243 1389 417 1444 vivam
440 1432 454 1455 ,
489 1391 610 1462 quia
643 1393 772 1448 mihi
804 1394 1007 1453 huctus
1036 1411 1119 1453 est
1158 1402 1334 1466 operis
1363 1404 1683 1459 annuntiare
1701 1402 1856 1460 Chri-

241 1493 384 1537 smm
433 1494 486 1539 et
535 1486 946 1557 evangelium;
985 1489 1108 1560 quid
1158 1493 1364 1563 eligam,
1410 1494 1601 1566 inquit,
1634 1497 1850 1563 nescio;

246 1585 420 1631 utrmn
454 1590 680 1635 mortem
719 1592 992 1653 appetam,
1027 1600 1094 1638 an
1119 1586 1291 1641 adlmc
1334 1586 1387 1642 in
1436 1589 1542 1643 vita
1587 1605 1847 1646 maneam.

318 1666 486 1724 Vens.
537 1671 631 1739 23,
653 1673 742 1728 2i.
796 1706 866 1716 ——
914 1674 1157 1732 Coarctor
1178 1690 1345 1733 autent
1366 1697 1429 1734 ea:
1458 1680 1674 1746 duabus,
1723 1699 1843 1738 con-

241 1761 607 1828 cupiscentiam
675 1766 862 1821 habens
911 1768 1122 1825 dissolvi
1170 1781 1217 1825 et
1281 1789 1387 1828 esse
1435 1790 1551 1828 cum
1606 1774 1844 1841 Christo,

1964 572 2165 627 exultet
2183 584 2237 629 et
2263 576 2499 632 abundet
2530 579 2580 633 in
2599 577 2837 647 Christo,
2864 584 3006 655 quod
3027 582 3300 643 Christum
3320 589 3562 661 diligitis,

1963 668 2103 737 quod
2117 666 2332 724 Christo
2346 674 2729 744 servitis,quod
2745 674 2959 732 Christo
2973 693 3067 733 vos
3082 682 3285 737 servire
3297 682 3485 751 gaudet
3496 685 3561 740 is.

2034 757 2201 816 Vens.
2268 761 2361 817 27.
2410 793 2482 804 —
2533 764 2910 822 Tantummodo
2959 769 3113 841 digne
3163 775 3216 826 in
3284 772 3567 847 Evangelia

1961 847 2154 904 Christi
2174 857 2545 910 convcrsamini
2563 858 2663 928 (l).
2693 859 2826 914 Tota
2860 862 2981 915 vita:
3013 877 3226 919 sununa
3255 864 3567 923 christiana:

1961 940 2058 995 ista
2083 953 2186 1007 est,
2216 945 2266 999 in
2295 947 2582 1019 Evangelia
2616 947 2836 1007 Christo
2876 956 3212 1023 converSari,
3258 958 3431 1029 ipsum
3459 961 3564 1018 sibi

1960 1035 2279 1091 annuntiare
2300 1046 2356 1093 et
2372 1042 2603 1104 rteteris,
2621 1044 2670 1095 in
2693 1044 2808 1113 ipso
2831 1060 2981 1115 spem
3005 1047 3226 1115 habere,
3241 1065 3403 1107 omne
3420 1053 3566 1123 quod

1958 1138 2075 1195 agat
2106 1141 2173 1181 ex
2207 1129 2474 1185 mandatis
2498 1131 2614 1201 ejus
2643 1150 2804 1204 agere
2831 1154 2843 1190 :
2876 1138 2977 1192 hoc
2993 1149 3074 1193 est
3096 1139 3257 1210 digne
3286 1140 3341 1196 in
3375 1143 3556 1199 Evan-

1957 1217 2098 1286 gelio
2119 1215 2320 1274 Christi
2347 1226 2679 1279 converSari.
2711 1225 2817 1282 Sed
2848 1239 2903 1282 et
2931 1228 3033 1285 hoc
3061 1246 3246 1301 parum
3275 1242 3360 1288 est
3389 1253 3401 1287 :
3431 1251 3562 1306 ergo

1954 1308 2284 1379 jungendum
2314 1327 2363 1366 ιιι
2385 1313 2437 1369 in
2469 1315 2759 1387 Evangelio
2787 1319 2984 1376 Christi
3013 1339 3401 1381 couversemur
3433 1341 3561 1386 ante

1958 1404 2158 1464 onmia,
2190 1415 2245 1458 et
2264 1405 2423 1476 digne
2450 1424 2854 1467 Cttttvct‘setltttl‘.
2892 1414 2987 1468 Est
3021 1415 3179 1487 digne
3221 1421 3557 1487 conversari,

1957 1493 2252 1549 secundum
2299 1498 2417 1567 ejus
2455 1511 2719 1571 pracepta
2760 1504 2982 1571 vivere,
3016 1516 3070 1562 ct
3120 1524 3183 1563 ea
3222 1510 3398 1566 facere
3440 1528 3562 1584 qua:

1957 1585 2203 1643 Chrisms
2233 1591 2492 1662 praecipit.
2529 1593 2596 1648 Ut
2623 1596 2729 1651 sive
2751 1615 2867 1652 cum
2896 1617 3074 1655 venero
3097 1643 3113 1669 ,
3146 1614 3193 1657 et
3222 1605 3394 1659 videro
3432 1624 3560 1673 vos;

1954 1678 2059 1733 sive
2082 1698 2173 1752 per
2204 1683 2503 1752 absentiam,
2542 1689 2748 1743 audiam
2774 1691 2838 1745 de
2862 1694 3000 1747 vobis
3043 1697 3286 1765 quoniam
3315 1700 3462 1753 statis
3503 1699 3562 1753 in

1955 1787 2057 1825 uno
2083 1774 2289 1844 spiritu,
2323 1793 2427 1831 una
2450 1780 2625 1833 anima
2658 1793 3003 1838 concertantes
3033 1801 3149 1839 cum
3180 1788 3282 1854 ﬁde
3326 1788 3559 1859 Evange-

241 1861 429 1922 quanlo
469 1853 548 1928 (2)
572 1858 736 1929 magis
765 1861 1014 1928 optimum
1040 1873 1127 1916 est.
1169 1862 1237 1919 Ut
1263 1880 1380 1919 vero
1419 1877 1587 1922 autem
1613 1869 1665 1921 in
1694 1885 1847 1923 carne
1875 1865 1926 1925 B
1952 1863 2008 1916 [Ῐὶ
2155 1865 2273 1935 Ipse
2293 1872 2515 1938 exponit
2536 1872 2661 1940 quid
2687 1874 2757 1928 δὶι
2780 1874 2940 1945 digne
2963 1876 3012 1929 ill
3036 1875 3328 1948 Evangelia
3351 1877 3553 1937 CllrlSli

247 1958 593 2012 permaneant,
654 1951 994 2005 necessarium
1051 1955 1261 2025 propter
1312 1973 1397 2010 vos
1450 1958 1549 2028 (5).
1604 1958 1842 2030 Dup'ex.

243 2034 451 2105 inquit,
507 2053 593 2093 me
641 2043 943 2099 neces~itas
997 2053 1053 2099 et
1104 2047 1374 2118 cupiditas
1432 2050 1482 2103 in
1538 2050 1707 2106 divisa
1765 2052 1846 2123 (4)

246 2126 492 2189 deducit:
519 2147 641 2186 nam
672 2144 726 2188 ct
746 2134 917 2189 habeo
935 2141 1394 2209 concupiscentiam
1427 2144 1657 2211 dissolvi,
1694 2146 1745 2200 id
1765 2157 1848 2203 est

248 2218 528 2277 discedere
557 2239 585 2276 a
617 2239 865 2296 corpore,
899 2238 945 2282 et
982 2246 1091 2284 esse
1132 2247 1247 2284 cum
1294 2229 1533 2301 Christo;
1583 2234 1742 2291 etiam
1784 2237 1848 2292 il-

248 2312 355 2368 lam
377 2314 478 2389 (5),
510 2316 718 2373 lucrum
750 2323 1043 2392 consequi;
1069 2324 1210 2394 quod
1233 2335 1317 2381 est
1336 2326 1552 2398 quidem
1581 2330 1844 2401 optimmn

248 2413 303 2460 et
330 2405 654 2475 eligendum.
677 2408 783 2465 Sed
808 2428 994 2468 rursus
1016 2424 1097 2469 est
1120 2416 1248 2471 mihi
1279 2419 1329 2472 in
1361 2433 1526 2476 carne
1548 2423 1844 2480 necessitas

248 2504 306 2550 ut
331 2512 577 2553 maneam
606 2508 663 2555 et
690 2516 1032 2571 perseverem
1059 2519 1279 2577 prapter
1317 2525 1433 2566 vos.
1468 2511 1544 2568 Ita
1573 2516 1841 2586 superiori

244 2589 384 2660 parti
415 2594 907 2664 concupiSCentiam
931 2597 1079 2654 dedit
1102 2600 1320 2658 dissolvi
1341 2604 1480 2661 velle
1497 2615 1553 2661 et
1569 2622 1691 2663 esse
1717 2624 1840 2665 cum

242 2680 480 2751 Christo,
497 2687 620 2758 quia
649 2702 921 2745 summum
938 2701 1023 2748 est
1041 2701 1096 2749 et
1116 2701 1443 2768 praecipuum
1468 2707 1523 2755 et
1537 2702 1838 2771 Optimum;

242 2775 330 2832 hic
364 2789 544 2833 autem
593 2792 650 2835 ut
693 2781 745 2837 in
785 2799 947 2840 carne
989 2787 1164 2843 adhuc
1202 2803 1421 2847 maneat
1463 2796 1839 2853 necessitatem

242 2868 406 2938 magis
443 2868 610 2937 dixit,
641 2888 800 2944 quam
829 2875 1007 2942 illam;
1041 2889 1098 2933 ut
1129 2894 1350 2952 prapter
1392 2884 1495 2941 hoc
1526 2887 1698 2941 vivam
1721 2929 1738 2954 ,
1784 2898 1841 2943 ut

243 2976 343 3017 vos
371 2963 631 3020 instruam
653 3009 667 3027 ,
701 2977 759 3022 ut
787 2984 884 3025 vos
925 2970 976 3025 in
1016 2972 1305 3045 Evangelia
1336 2980 1674 3037 conﬁrmem.
1704 2980 1836 3037 Cum

239 3055 404 3126 igitur
446 3057 582 3113 duas
611 3059 779 3117 veluti
807 3066 1276 3135 concupiscentias
1312 3069 1526 3135 haheat.
1556 3076 1840 3132 conlirmat

239 3163 399 3202 unam
418 3152 560 3222 quod
590 3153 677 3208 hic
706 3152 760 3208 in
784 3170 948 3213 carne
970 3158 1147 3214 adhuc
1170 3165 1440 3229 manebit;
1462 3175 1518 3222 et
1548 3168 1649 3223 hoc
1666 3172 1837 3225 conli-

1950 1959 2280 2023 coaverSari,
2298 1976 2399 2013 uno
2422 1961 2608 2031 spiritu
2631 1974 2861 2032 stantes,
2888 1984 2993 2021 una
3020 1970 3192 2023 anima
3208 1984 3558 2029 concertantes

1949 2063 2065 2100 cum
2104 2049 2207 2117 ﬁde
2247 2047 2565 2123 Evangelii:
2607 2055 2810 2125 Spiritu
2864 2072 3067 2126 autem,
3113 2062 3298 2132 inquit,
3348 2074 3558 2122 stantes

1950 2155 2051 2193 uno
2082 2157 2097 2195 :
2131 2143 2254 2210 quia
2287 2159 2427 2199 unus
2470 2154 2554 2200 cst
2594 2150 2814 2217 spiritus
2859 2166 2982 2206 cum
3031 2152 3142 2222 jam
3194 2158 3455 2226 Sapimus,
3499 2167 3556 2213 et

1950 2230 2299 2302 Evangelium
2327 2237 2592 2292 sentimus
2621 2279 2636 2304 ,
2660 2249 2715 2294 et
2740 2240 2811 2294 ita
2837 2242 3085 2298 vivimus.
3135 2247 3344 2303 Anima:
3369 2259 3555 2306 autem

1948 2335 2087 2390 Opus
2115 2323 2219 2379 hoc
2258 2335 2342 2382 est
2362 2368 2376 2390 ,
2409 2337 2466 2382 ut
2494 2328 2717 2385 adversa
2746 2335 2994 2403 corporis
3023 2338 3394 2406 expellamus:
3427 2342 3551 2397 ideo

1949 2431 2077 2483 una,
2109 2418 2299 2488 inquit,
2331 2433 2706 2479 concertantes
2732 2441 2855 2481 cum
2904 2428 3045 2494 lide;
3078 2446 3238 2502 quam
3273 2432 3431 2489 [idem
3462 2450 3560 2491 vo-

1948 2509 2031 2565 bis
2057 2509 2411 2584 Evangelium
2444 2516 2610 2572 dedit.
2642 2519 2782 2590 Ergo
2805 2530 2945 2576 state
2964 2564 2980 2588 ,
3015 2524 3207 2594 inquit,
3232 2526 3284 2581 in
3312 2543 3420 2583 uno
3446 2529 3558 2600 Spi-

1946 2601 2073 2670 ritu,
2098 2612 2153 2659 et
2190 2605 2552 2664 colluctamini
2598 2625 2700 2665 una
2747 2613 2924 2668 anima
2953 2630 3078 2671 cum
3114 2616 3219 2674 lide
3248 2618 3549 2692 Evangelii.

2020 2694 2217 2751 Verum
2262 2696 2380 2754 haec
2424 2702 2691 2771 expositio
2730 2703 2859 2759 illud
2906 2707 3150 2764 continet
3188 2709 3332 2780 quod
3383 2726 3550 2784 supra

1942 2787 2097 2855 dixit,
2128 2789 2288 2862 digne
2316 2794 2367 2847 in
2395 2793 2688 2866 Evangelia
2716 2795 2915 2853 Christi
2947 2805 3367 2861 conversamini.
3400 2806 3548 2876 Quo-

1943 2881 2106 2936 modo
2127 2892 2304 2938 autem
2329 2899 2388 2939 se
2411 2885 2643 2943 habeant
2661 2890 2823 2945 verba
2843 2902 2900 2946 ut
2924 2894 3130 2963 integra
3160 2897 3263 2952 sibi
3284 2906 3337 2953 et
3361 2897 3548 2968 juncta

1942 2977 2080 3041 sint,
2112 2977 2191 3031 sic
2218 2979 2560 3035 attendemus
2585 2999 2599 3036 :
2625 2987 3047 3051 conversamini,
3083 2988 3274 3057 inquit,
3308 2989 3468 3062 digne
3489 2991 3548 3047 in

1942 3068 2268 3139 Evangelia,
2301 3082 2359 3127 ut
2393 3073 2552 3144 digne
2596 3076 2746 3130 vobis
2785 3080 2994 3133 audiunt
3023 3082 3264 3152 quoniam
3299 3085 3446 3139 statis
3489 3086 3547 3140 in

1940 3177 2045 3215 una
2078 3163 2264 3230 spiritu
2296 3175 2343 3218 et
2368 3183 2469 3220 una
2505 3168 2681 3223 anima
2716 3183 3066 3228 concertantes
3099 3192 3212 3230 cum
3244 3177 3347 3246 ﬁde
3372 3178 3545 3234 Evan-

237 3240 427 3310 denter
458 3245 592 3309 scio,
629 3249 880 3316 quoniam
922 3256 1171 3320 manebo,
1214 3267 1269 3312 et
1304 3262 1633 3329 permanebo
1663 3264 1833 3330 vobis,
1864 3253 1910 3315 C
1941 3253 2084 3324 θείίί·
2124 3253 2353 3311 Audiam
2385 3271 2566 3313 “u'em
2599 3263 2682 3316 νει
2725 3279 2816 3331 Per
2841 3264 3152 3329 αδδεηιίαηις
3185 3268 3318 3324 lidei
3358 3281 3541 3326 autem

235 3333 302 3387 ad
334 3345 567 3391 vestrum
602 3339 900 3409 profectum
924 3354 979 3400 et
998 3349 1224 3415 gratiam
1256 3350 1401 3405 lidei.
1431 3352 1565 3407 Vere
1587 3363 1644 3409 ιιι
1662 3364 1832 3426 pater,

236 3442 362 3483 vere
390 3438 450 3486 ut
480 3432 709 3489 famulus
743 3436 856 3502 Dei,
882 3437 951 3494 de
977 3439 1186 3498 duabus
1219 3445 1607 3515 cupiditatibus
1636 3451 1748 3505 suis
1767 3451 1835 3505 il-

234 3518 340 3574 lam
373 3525 523 3592 quasi
558 3527 734 3598 reliqu
759 3539 794 3595 t,
819 3548 936 3598 qua:
969 3533 1069 3605 ipsi
1103 3544 1304 3591 tantum
1337 3537 1826 3612 l'ucratprolutnra,

239 3621 292 3665 ut
309 3612 418 3682 jam
438 3615 636 3685 abiret,
653 3620 762 3689 jam
778 3620 1166 3680 dissolveretur
1186 3637 1442 3701 essetque
1458 3648 1578 3687 cum
1591 3632 1828 3690 Christo.

306 3704 469 3763 Vsus.
512 3708 604 3768 25.
652 3741 723 3754 —
768 3710 1005 3785 Conﬁdo,
1040 3719 1250 3791 inquit,
1280 3732 1327 3775 et
1356 3724 1669 3791 conﬁdenter
1696 3729 1825 3795 scio,

228 3801 471 3871 quoniam
495 3803 631 3861 Deus
658 3822 738 3863 me
762 3810 845 3863 hic
865 3812 1033 3865 adhuc
1058 3830 1168 3868 esse
1187 3817 1364 3887 faciet,
1384 3830 1437 3871 ut
1460 3835 1786 3888 permaneant
1805 3840 1827 3888 ;

227 3902 276 3946 et
312 3896 636 3963 permanebo,
668 3909 723 3953 ut
752 3902 889 3956 vobis
915 3904 1155 3959 munibus
1194 3909 1409 3977 prosint,
1451 3920 1495 3964 et
1538 3914 1826 3984 profectum

227 3983 457 4039 habeatis
482 3988 551 4041 ad
577 3990 796 4060 gloriam
815 3994 939 4058 ﬁdei
962 3993 1059 4065 (ϐ).
1085 3995 1330 4065 Manebo,
1362 3998 1568 4071 inquit,
1594 4011 1649 4056 et
1677 4003 1825 4073 adje—

224 4077 296 4132 cit
324 4080 577 4150 amplius,
608 4094 656 4137 et
683 4087 1004 4153 permanebo,
1039 4088 1090 4143 id
1112 4099 1213 4155 est,
1238 4107 1407 4162 usque
1436 4093 1503 4147 ad
1533 4094 1821 4163 perfectio-

225 4187 349 4227 nem
382 4175 642 4243 maneho;
682 4179 1063 4247 perfectionem
1085 4172 1290 4238 'autein
1339 4186 1608 4255 prolectus
1632 4190 1818 4258 vestri,

224 4276 283 4320 ut
312 4267 606 4337 prolicialis
645 4278 701 4324 et
725 4272 950 4340 gratiam
981 4278 1408 4346 consequatnini,
1431 4279 1552 4334 lidei
1575 4283 1818 4353 scilicet;

223 4359 276 4416 id
292 4372 376 4416 est
402 4378 522 4419 cum
554 4363 713 4419 iidem
743 4369 1011 4436 praestatis
1039 4387 1067 4423 ιι
1100 4372 1209 4426 Deo
1230 4375 1454 4442 gratiam
1480 4392 1586 4433 met
1600 4380 1817 4436 camini.
1862 4421 1865 4425 «

296 4454 458 4513 Vsus.
483 4457 574 4515 26.
606 4490 678 4499 -
703 4460 769 4516 Ut
786 4462 953 4531 gloria
983 4473 1030 4518 et
1050 4466 1296 4521 exultatio
1324 4478 1486 4524 vestra
1515 4472 1737 4527 abundet
1764 4475 1819 4529 in

221 4550 424 4608 Christo
453 4552 576 4609 Iesu
606 4572 760 4628 penes
794 4574 904 4621 me,
951 4576 1043 4628 per
1073 4563 1401 4627 prtesentiam
1445 4580 1609 4619 meant
1650 4566 1818 4622 denuo

1939 3347 2037 3400 erit
2056 3389 2072 3412 ,
2097 3357 2154 3400 ut
2180 3362 2301 3402 cum
2329 3350 2542 3405 audiam
2560 3391 2576 3415 ,
2602 3353 2854 3421 credam,
2879 3371 3001 3411 cum
3028 3374 3227 3414 venero
3251 3361 3316 3415 ad
3344 3377 3458 3425 vos,
3485 3374 3542 3420 et

1936 3438 2125 3494 videro
2157 3454 2274 3496 vos.
2308 3441 2427 3497 Eine
2453 3460 2543 3516 per
2572 3447 2852 3501 absentiam
2887 3451 3100 3504 audiam
3138 3452 3201 3506 de
3231 3454 3367 3509 vobis
3390 3498 3404 3522 ,
3428 3455 3543 3524 jam

1933 3529 2000 3584 ad
2033 3542 2317 3602 utrumque
2339 3534 2532 3590 videro
2559 3543 2936 3610 vos,qnoniam
2954 3542 3109 3597 statis
3125 3544 3174 3596 in
3196 3559 3302 3599 uno
3324 3547 3538 3615 spiritu.

2004 3621 2167 3678 Vens.
2200 3623 2271 3679 28
2336 3621 2495 3681 -Ὲι
2552 3645 2643 3684 nec
2688 3631 2743 3685 in
2794 3648 3114 3705 quocumque
3144 3636 3307 3689 territi
3332 3637 3446 3691 sitis
3468 3639 3533 3693 ab

1929 3714 2241 3770 adversariis
2271 3716 2350 3787 (5)
2376 3735 2391 3772 :
2415 3728 2469 3774 et
2500 3719 2601 3775 hoc
2627 3737 2762 3790 apus
2790 3726 3023 3792 pertinet
3052 3725 3117 3781 ad
3146 3730 3537 3798 expositionem

1928 3806 2072 3878 quod
2096 3819 2177 3863 est
2207 3809 2366 3878 digne
2394 3810 2446 3864 in
2481 3812 2772 3884 Evangelia
2793 3814 2994 3873 Christi
3017 3822 3347 3888 canversari,
3376 3838 3533 3878 num-

1928 3915 2088 3970 quam
2123 3904 2314 3957 terreri
2344 3904 2412 3956 ab
2441 3905 2793 3975 adversariis,
2833 3924 2931 3965 nec
2971 3911 3025 3966 in
3067 3912 3247 3984 aliquo
3289 3915 3482 3972 terreri
3515 3934 3532 3970 :

1927 3994 2358 4065 quandoquidem
2388 4006 2470 4053 est
2498 3998 2604 4054 illis
2629 4001 2923 4058 declaratio
2952 4004 3223 4071 interitus,
3253 4009 3411 4065 nobis
3435 4025 3535 4065 au-

1929 4096 2034 4142 tem
2079 4089 2288 4143 salutis.
2326 4088 2472 4157 lloc,
2503 4092 2709 4164 inquit,
2744 4112 2850 4151 non
2898 4100 3084 4153 terreri
3117 4097 3196 4171 (4)
3233 4099 3530 4170 Evangelia

1925 4181 2242 4236 servientes.
2275 4182 2331 4238 Id
2375 4195 2458 4240 est
2490 4188 2666 4240 omnis
2711 4200 2863 4242 actus
2892 4188 3169 4244 christiani
3198 4190 3265 4245 ad
3297 4191 3527 4248 salutem

1924 4282 2027 4336 est,
2059 4291 2165 4329 non
2197 4277 2506 4333 conturbari
2533 4279 2601 4332 ab
2625 4279 2889 4347 adversis,
2920 4281 3078 4336 iidem
3100 4281 3376 4355 Evangelii
3406 4300 3526 4340 cre-

1923 4366 2051 4423 dere
2077 4368 2130 4423 in
2154 4369 2397 4436 Christo,
2428 4373 2535 4443 pati
2566 4388 2664 4444 pro
2694 4373 2908 4430 Chrile
2929 4418 2944 4442 ,
2980 4376 3249 4447 simulque
3275 4379 3437 4434 etiam
3468 4389 3532 4435 ut

1921 4462 2156 4518 sciamus
2185 4479 2254 4519 ex
2288 4465 2379 4519 Dei
2409 4468 2579 4536 gratia
2614 4468 2917 4537 provenire.
2952 4468 3093 4538 Ergo
3124 4469 3241 4525 hate
3260 4511 3277 4534 ,
3307 4471 3525 4540 inquit,

1922 4570 2008 4611 res
2031 4572 2141 4613 non
2166 4559 2357 4614 terreri
2375 4558 2427 4614 in
2441 4560 2621 4632 aliquo
2648 4560 2718 4615 ab
2749 4560 3093 4626 adversariis.
3110 4571 3166 4618 et
3178 4562 3333 4617 nobis
3354 4562 3421 4617 ad
3443 4578 3531 4618 sa-

219 4646 361 4717 apud
388 4662 472 4701 vos
496 4647 597 4721 (7).
632 4649 699 4707 Ut
721 4666 842 4705 cum
872 4651 1013 4721 apud
1054 4667 1151 4707 vos
1191 4669 1314 4710 esse
1343 4658 1535 4713 iterum
1575 4673 1813 4729 coepero,
1843 4644 1900 4706 D
1923 4649 2088 4706 lutem
2103 4653 2491 4716 e~t,etnostris
2504 4652 2829 4709 adversariis
2846 4668 3007 4709 causa
3023 4654 3188 4709 estad
3216 4656 3529 4713 interitum:

220 4738 325 4795 hoc
357 4750 442 4797 est
481 4759 571 4813 per
595 4745 919 4814 prtesentiam
948 4763 1111 4801 nteant
1142 4748 1311 4805 denuo
1338 4751 1406 4806 ad
1455 4767 1573 4818 vos,
1613 4755 1814 4811 exultet

219 4836 392 4907 gloria
429 4849 626 4904 vestra,
651 4849 707 4896 et
728 4841 949 4896 abundet
971 4842 1084 4911 ipsa
1107 4845 1350 4900 exultatio
1369 4846 1424 4901 in
1454 4845 1661 4903 Christo
1686 4848 1816 4905 Jesu

219 4943 375 4998 penes
396 4945 497 4997 me,
510 4948 600 5001 per
616 4934 942 5003 prasentiam
966 4949 1131 4990 meam
1150 4936 1317 4993 denuo
1337 4940 1479 5010 apud
1502 4957 1590 4999 vas
1611 4958 1631 4997 :
1655 4942 1709 4999 id
1730 4952 1817 5001 est

288 5074 308 5147 (
320 5075 370 5147 l)
408 5076 577 5132 Codd.
605 5080 804 5136 metior.

293 5148 374 5217 (ε)
411 5148 485 5204 ιι..
511 5150 670 5206 codd.

291 5218 370 5290 (5)
396 5220 553 5293 Vulg
600 5239 614 5276 :
647 5220 891 5279 Coarctor
916 5226 1360 5293 antemeduobus,
1387 5227 1697 5284 desiderium
1717 5233 1813 5287 ha-

217 5288 339 5346 bens
369 5288 582 5346 dissolvi
610 5303 655 5345 et
681 5311 790 5371 esse
809 5312 927 5350 cum
950 5295 1173 5355 Christo.
1210 5288 1370 5371 multa
1394 5302 1556 5371 magis
1583 5304 1764 5359 melius
1791 5320 1812 5359 :

217 5378 515 5444 permanere
539 5374 711 5444 autent
738 5368 789 5420 in
813 5384 965 5444 carne
994 5370 1335 5425 necessarium
1363 5368 1570 5444 propter
1590 5388 1696 5433 vos.

312 5432 369 5501 4)
412 5434 484 5490 Ita
514 5435 672 5490 codd.
703 5451 800 5503 pro
828 5439 1047 5494 diversa.

310 5506 367 5583 ᾇ)
413 5505 951 5583 ita_codd._ln_telligo
978 5520 1157 5583 autem
1183 5514 1666 5583 concupiscentiam.

288 5506 344 5577 (5
416 5506 493 5561 Ita
518 5506 674 5561 codd.
708 5508 951 5579 Intelligo
978 5520 1157 5565 autem
1183 5514 1666 5583 concupiscentiam.

288 5506 373 5648 (6)
413 5577 568 5656 Vulg.
599 5596 613 5633 :
759 5580 1160 5656 hoccouﬁdens
1200 5587 1338 5649 scio,
1370 5587 1491 5656 quia
1521 5588 1733 5643 manebo
1761 5598 1809 5644 et

214 5648 518 5732 permanebo
543 5649 774 5706 omnibus
801 5651 939 5705 vobis
963 5651 1033 5705 ad
1060 5659 1345 5727 profectum
1374 5648 1595 5713 vestrum
1615 5671 1660 5715 et
1680 5676 1810 5732 gau-

213 5721 357 5775 dium
386 5721 526 5785 ﬁdei.

236 5842 271 5865 ._‘
294 5791 378 5865 (7)
420 5791 570 5865 Vulg.
615 5790 682 5848 Ut
721 5792 1002 5865 gratulatio
1048 5805 1213 5851 vestra
1242 5799 1464 5855 abundet
1491 5800 1548 5856 in
1604 5797 1806 5860 Christo

214 5858 415 5921 Jcs'u'itt
439 5858 625 5935 mevper
643 5858 811 5920 meum
831 5860 1102 5921 adventum
1123 5868 1304 5926 iterum
1325 5869 1394 5925 ad
1412 5885 1519 5927 vos.

1923 4751 1979 4798 et
2006 4743 2106 4798 hoc
2126 4755 2302 4800 tamen
2329 4744 2529 4799 donttm
2551 4757 2630 4801 εει
2662 4746 2773 4800 Dei.
2800 4728 2994 4800 Etihoc
3022 4764 3055 4800 a
3076 4745 3185 4801 Deo
3213 4763 3232 4802 :
3250 4761 3319 4802 ne
3344 4762 3526 4816 Opera:

1923 4846 2124 4891 nostra:
2141 4846 2390 4908 putemus
2415 4852 2556 4899 esse.
2577 4838 2719 4908 quod
2746 4853 2851 4919 non
2875 4839 3063 4893 terreri
3081 4853 3244 4894 causa
3273 4838 3427 4896 nobis
3444 4848 3530 4898 est

1920 4927 1987 4983 ad
2005 4928 2231 4983 salutem
2254 4945 2268 4982 :
2296 4944 2417 4983 nam
2434 4937 2491 4985 et
2508 4929 2606 4984 hoc
2618 4944 2647 4982 a
2664 4929 2773 4984 Deo
2789 4939 2893 4994 cst,
2912 4931 3067 4986 sicuti
3083 4929 3394 5000 frequenter
3406 4946 3527 4988 mo-

1920 5020 2108 5086 nui,ut
2134 5020 2225 5076 Dei
2259 5029 2391 5077 nutu
2413 5033 2467 5078 et
2496 5020 2868 5078 misericordia
2895 5032 2951 5077 et
2975 5023 3145 5094 gratia
3172 5022 3520 5081 liantoumia.

1993 5110 2164 5169 Vsus.
2209 5112 2302 5176 29.
2333 5114 2423 5170 30.
2456 5145 2529 5156 —
2565 5115 2822 5184 Quoniam
2875 5115 3012 5171 vobis
3067 5116 3309 5172 donatum
3365 5127 3440 5174 est
3487 5133 3524 5171 a

1917 5205 2127 5262 Christo
2157 5206 2260 5281 (5).
2285 5205 2446 5263 Omni
2483 5207 2861 5265 exhortatione
2906 5219 3171 5281 prmepta
3230 5207 3346 5266 inec
3396 5209 3523 5280 jun-

1914 5306 2029 5376 git:
2059 5306 2291 5377 pertinet
2326 5308 2470 5364 enim
2519 5310 2678 5379 digne
2728 5309 2782 5366 in
2812 5300 3103 5383 Evangelia
3158 5310 3355 5369 Christi
3385 5324 3519 5367 con-

1914 5401 2122 5456 versari
2175 5401 2304 5474 quid
2367 5402 2474 5472 sit,
2527 5403 2607 5461 sic
2660 5405 2950 5463 ostendere
3001 5407 3301 5464 secundum
3352 5419 3520 5478 supe-

2100 5518 2260 5606 Xtrlg.
2294 5518 2511 5606 Tantum
2540 5519 2694 5593 digne
2718 5520 3094 5606 Euangetc.“
3220 5590 3232 5603 ο
3323 5598 3334 5606 ⁸
3378 5592 3411 5606 Α,
3460 5592 3473 5605 _

1987 5589 2069 5663 (2)
2100 5590 2274 5674 Vulg,
2299 5589 2627 5676 siveabsens'.
2645 5589 2960 5676 audiamide
2979 5590 3264 5676 rabis'gnia
3289 5592 3435 5676 statis
3451 5592 3509 5648 in

1913 5659 2232 5747 ιιιιο-ξρξνὶιῇ
2260 5663 2543 5747 unguimes.
2569 5663 2949 5747 solliiborautes.
2967 5662 3088 5747 ﬁdei
3116 5659 3405 5747 Evangelii.

2111 5734 2288 5816 Vulg”
2313 5732 2379 5788 Et
2407 5735 2460 5789 in
2488 5735 2634 5789 nullo
2661 5734 2949 5816 ιειςνραυιὶιιί
2977 5733 3040 5786 ab
3066 5732 3392 5790 adversariis.
3470 5804 3475 5808 δ
3502 5776 3508 5805 λ

1985 5802 2068 5874 (4)
2106 5802 2302 5874 Codd,
2325 5816 2532 5872 terrere,
2562 5818 2617 5861 et
2644 5805 2862 5874 quidem
2889 5804 3007 5860 sine
3027 5821 3150 5860 non.

1988 5870 2070 5945 (5)
2111 5870 2298 5947 Vulg.,'
2327 5876 2461 5942 Quia
2484 5870 2625 5931 vobis
2653 5870 2897 5931 donatum
2925 5878 2999 5931 ul
3024 5890 3117 5945 pro
3138 5873 3360 5933 Chrisloi
