  <div class='ocr_page' id='page_1' title='image "/cluster/home/n/w/nwhite01/storage/ocr_20150623/8/hvd.32044096580360/615.png"; bbox 0 0 4018 6184; ppageno 0'>
   <div class='ocr_carea' id='block_1_1' title="bbox 659 292 801 350">
    <p class='ocr_par' dir='ltr' id='par_1_1' title="bbox 659 292 801 350">
     <span class='ocr_line' id='line_1_1' title="bbox 659 292 801 350; baseline 0 0"><span class='ocrx_word' id='word_1_1' title='bbox 659 292 801 350; x_wconf 69' lang='grc'><strong>1205</strong></span> 
     </span>
    </p>
   </div>
   <div class='ocr_carea' id='block_1_2' title="bbox 1906 279 2695 337">
    <p class='ocr_par' dir='ltr' id='par_1_2' title="bbox 1906 279 2695 337">
     <span class='ocr_line' id='line_1_2' title="bbox 1906 279 2695 337; baseline 0.001 -1"><span class='ocrx_word' id='word_1_2' title='bbox 1906 281 2096 336; x_wconf 65' lang='lat' dir='ltr'><strong>MAR&quot;</strong></span> <span class='ocrx_word' id='word_1_3' title='bbox 2143 279 2479 336; x_wconf 76' lang='grc' dir='ltr'>νιοτυιιιΝι</span> <span class='ocrx_word' id='word_1_4' title='bbox 2534 282 2695 337; x_wconf 79' lang='lat' dir='ltr'><strong>AFRI</strong></span> 
     </span>
    </p>
   </div>
   <div class='ocr_carea' id='block_1_3' title="bbox 3698 301 3776 360">
    <p class='ocr_par' dir='ltr' id='par_1_3' title="bbox 3698 301 3776 360">
     <span class='ocr_line' id='line_1_3' title="bbox 3698 301 3776 360; baseline 0.077 -6"><span class='ocrx_word' id='word_1_5' title='bbox 3698 301 3776 360; x_wconf 60' lang='lat' dir='ltr'><strong>lilii</strong></span> 
     </span>
    </p>
   </div>
   <div class='ocr_carea' id='block_1_4' title="bbox 658 396 3782 489">
    <p class='ocr_par' dir='ltr' id='par_1_4' title="bbox 658 396 3782 489">
     <span class='ocr_line' id='line_1_4' title="bbox 658 396 3782 489; baseline 0.002 -23"><span class='ocrx_word' id='word_1_6' title='bbox 658 410 804 466; x_wconf 87' lang='lat' dir='ltr'><strong>riora</strong></span> <span class='ocrx_word' id='word_1_7' title='bbox 829 410 1124 475; x_wconf 72' lang='lat' dir='ltr'><strong>pratcepta:</strong></span> <span class='ocrx_word' id='word_1_8' title='bbox 1149 412 1201 457; x_wconf 88' lang='lat' dir='ltr'><strong>et</strong></span> <span class='ocrx_word' id='word_1_9' title='bbox 1232 416 1372 456; x_wconf 92' lang='lat' dir='ltr'><strong>nunc</strong></span> <span class='ocrx_word' id='word_1_10' title='bbox 1397 417 1519 457; x_wconf 81' lang='lat' dir='ltr'><strong>Clllll</strong></span> <span class='ocrx_word' id='word_1_11' title='bbox 1546 399 1851 456; x_wconf 74' lang='lat' dir='ltr'><strong>exhortatio</strong></span> <span class='ocrx_word' id='word_1_12' title='bbox 1872 396 2176 469; x_wconf 74' lang='lat' dir='ltr'><strong>adiungitur</strong></span> <span class='ocrx_word' id='word_1_13' title='bbox 2197 408 2255 453; x_wconf 90' lang='lat' dir='ltr'><strong>ut</strong></span> <span class='ocrx_word' id='word_1_14' title='bbox 2284 401 2333 460; x_wconf 84' lang='lat' dir='ltr'><strong>A</strong></span> <span class='ocrx_word' id='word_1_15' title='bbox 2363 399 2523 469; x_wconf 86' lang='lat' dir='ltr'><strong>igitur</strong></span> <span class='ocrx_word' id='word_1_16' title='bbox 2546 399 2589 454; x_wconf 90' lang='lat' dir='ltr'><strong>si</strong></span> <span class='ocrx_word' id='word_1_17' title='bbox 2612 408 2695 455; x_wconf 73' lang='lat' dir='ltr'><strong>est</strong></span> <span class='ocrx_word' id='word_1_18' title='bbox 2712 400 3017 487; x_wconf 80' lang='lat' dir='ltr'><strong>consolatio</strong></span> <span class='ocrx_word' id='word_1_19' title='bbox 3046 400 3377 471; x_wconf 89' lang='lat' dir='ltr'><strong>dilectionis,</strong></span> <span class='ocrx_word' id='word_1_20' title='bbox 3400 418 3449 460; x_wconf 93' lang='lat' dir='ltr'><strong>ut</strong></span> <span class='ocrx_word' id='word_1_21' title='bbox 3468 408 3562 479; x_wconf 77' lang='lat' dir='ltr'><strong>quia</strong></span> <span class='ocrx_word' id='word_1_22' title='bbox 3584 427 3652 468; x_wconf 88' lang='lat' dir='ltr'><strong>vos</strong></span> <span class='ocrx_word' id='word_1_23' title='bbox 3666 416 3782 489; x_wconf 77' lang='lat' dir='ltr'><strong>diligo,</strong></span> 
     </span>
    </p>
   </div>
   <div class='ocr_carea' id='block_1_5' title="bbox 662 488 2266 564">
    <p class='ocr_par' dir='ltr' id='par_1_5' title="bbox 662 488 2266 564">
     <span class='ocr_line' id='line_1_5' title="bbox 662 488 2266 564; baseline -0.008 -7"><span class='ocrx_word' id='word_1_24' title='bbox 662 497 881 556; x_wconf 88' lang='lat' dir='ltr'><strong>credant</strong></span> <span class='ocrx_word' id='word_1_25' title='bbox 921 496 974 549; x_wconf 88' lang='lat' dir='ltr'><strong>in</strong></span> <span class='ocrx_word' id='word_1_26' title='bbox 1013 491 1265 559; x_wconf 89' lang='lat' dir='ltr'><strong>Christo;</strong></span> <span class='ocrx_word' id='word_1_27' title='bbox 1303 508 1477 564; x_wconf 87' lang='lat' dir='ltr'><strong>neque</strong></span> <span class='ocrx_word' id='word_1_28' title='bbox 1523 498 1726 547; x_wconf 89' lang='lat' dir='ltr'><strong>tantum</strong></span> <span class='ocrx_word' id='word_1_29' title='bbox 1773 488 2026 558; x_wconf 82' lang='lat' dir='ltr'><strong>eredanl,</strong></span> <span class='ocrx_word' id='word_1_30' title='bbox 2068 490 2163 546; x_wconf 88' lang='lat' dir='ltr'><strong>sed</strong></span> <span class='ocrx_word' id='word_1_31' title='bbox 2206 498 2266 545; x_wconf 88' lang='lat' dir='ltr'><strong>ut</strong></span> 
     </span>
    </p>
   </div>
   <div class='ocr_carea' id='block_1_6' title="bbox 665 582 2262 661">
    <p class='ocr_par' dir='ltr' id='par_1_6' title="bbox 665 582 2262 661">
     <span class='ocr_line' id='line_1_6' title="bbox 665 582 2262 661; baseline -0.004 -14"><span class='ocrx_word' id='word_1_32' title='bbox 665 593 827 648; x_wconf 89' lang='lat' dir='ltr'><strong>etiam</strong></span> <span class='ocrx_word' id='word_1_33' title='bbox 860 582 1131 661; x_wconf 86' lang='lat' dir='ltr'><strong>patiantur</strong></span> <span class='ocrx_word' id='word_1_34' title='bbox 1159 602 1255 658; x_wconf 89' lang='lat' dir='ltr'><strong>pro</strong></span> <span class='ocrx_word' id='word_1_35' title='bbox 1285 586 1397 642; x_wconf 89' lang='lat' dir='ltr'><strong>illo.</strong></span> <span class='ocrx_word' id='word_1_36' title='bbox 1436 587 1566 652; x_wconf 74' lang='lat' dir='ltr'><strong>Qun</strong></span> <span class='ocrx_word' id='word_1_37' title='bbox 1604 594 1782 641; x_wconf 86' lang='lat' dir='ltr'><strong>autem</strong></span> <span class='ocrx_word' id='word_1_38' title='bbox 1810 582 2098 655; x_wconf 87' lang='lat' dir='ltr'><strong>patiantur,</strong></span> <span class='ocrx_word' id='word_1_39' title='bbox 2129 582 2262 640; x_wconf 90' lang='lat' dir='ltr'><strong>sub-</strong></span> 
     </span>
    </p>
   </div>
   <div class='ocr_carea' id='block_1_7' title="bbox 654 675 2264 756">
    <p class='ocr_par' dir='ltr' id='par_1_7' title="bbox 654 675 2264 756">
     <span class='ocr_line' id='line_1_7' title="bbox 654 675 2264 756; baseline -0.006 -16"><span class='ocrx_word' id='word_1_40' title='bbox 654 683 868 756; x_wconf 87' lang='lat' dir='ltr'><strong>jungit:</strong></span> <span class='ocrx_word' id='word_1_41' title='bbox 904 680 989 735; x_wconf 89' lang='lat' dir='ltr'><strong>vei</strong></span> <span class='ocrx_word' id='word_1_42' title='bbox 1009 696 1127 752; x_wconf 74' lang='lat' dir='ltr'><strong>quze</strong></span> <span class='ocrx_word' id='word_1_43' title='bbox 1158 678 1210 734; x_wconf 91' lang='lat' dir='ltr'><strong>in</strong></span> <span class='ocrx_word' id='word_1_44' title='bbox 1242 694 1326 735; x_wconf 90' lang='lat' dir='ltr'><strong>me</strong></span> <span class='ocrx_word' id='word_1_45' title='bbox 1356 678 1572 747; x_wconf 77' lang='lat' dir='ltr'><strong>vidistis,</strong></span> <span class='ocrx_word' id='word_1_46' title='bbox 1591 679 1676 733; x_wconf 90' lang='lat' dir='ltr'><strong>vel</strong></span> <span class='ocrx_word' id='word_1_47' title='bbox 1703 694 1822 749; x_wconf 67' lang='lat' dir='ltr'><strong>qua:</strong></span> <span class='ocrx_word' id='word_1_48' title='bbox 1851 678 1918 733; x_wconf 92' lang='lat' dir='ltr'><strong>de</strong></span> <span class='ocrx_word' id='word_1_49' title='bbox 1945 692 2029 732; x_wconf 91' lang='lat' dir='ltr'><strong>me</strong></span> <span class='ocrx_word' id='word_1_50' title='bbox 2059 675 2139 750; x_wconf 83' lang='lat' dir='ltr'><strong>(l)</strong></span> <span class='ocrx_word' id='word_1_51' title='bbox 2168 694 2264 732; x_wconf 84' lang='lat' dir='ltr'><strong>au-</strong></span> 
     </span>
    </p>
   </div>
   <div class='ocr_carea' id='block_1_8' title="bbox 662 769 2261 843">
    <p class='ocr_par' dir='ltr' id='par_1_8' title="bbox 662 769 2261 843">
     <span class='ocr_line' id='line_1_8' title="bbox 662 769 2261 843; baseline -0.004 -12"><span class='ocrx_word' id='word_1_52' title='bbox 662 776 812 831; x_wconf 87' lang='lat' dir='ltr'><strong>distis</strong></span> <span class='ocrx_word' id='word_1_53' title='bbox 842 791 860 829; x_wconf 90' lang='lat'><em>:</em></span> <span class='ocrx_word' id='word_1_54' title='bbox 888 773 989 828; x_wconf 90' lang='lat' dir='ltr'><strong>hoc</strong></span> <span class='ocrx_word' id='word_1_55' title='bbox 1016 778 1099 827; x_wconf 90' lang='lat' dir='ltr'><strong>est</strong></span> <span class='ocrx_word' id='word_1_56' title='bbox 1135 773 1276 827; x_wconf 90' lang='lat' dir='ltr'><strong>enim</strong></span> <span class='ocrx_word' id='word_1_57' title='bbox 1305 771 1465 843; x_wconf 88' lang='lat' dir='ltr'><strong>digne</strong></span> <span class='ocrx_word' id='word_1_58' title='bbox 1496 772 1548 828; x_wconf 92' lang='lat' dir='ltr'><strong>in</strong></span> <span class='ocrx_word' id='word_1_59' title='bbox 1581 770 1873 841; x_wconf 86' lang='lat' dir='ltr'><strong>Evangelio</strong></span> <span class='ocrx_word' id='word_1_60' title='bbox 1904 769 2101 826; x_wconf 89' lang='lat' dir='ltr'><strong>Christi</strong></span> <span class='ocrx_word' id='word_1_61' title='bbox 2128 785 2261 825; x_wconf 87' lang='lat' dir='ltr'><strong>con-</strong></span> 
     </span>
    </p>
   </div>
   <div class='ocr_carea' id='block_1_9' title="bbox 659 860 2260 932">
    <p class='ocr_par' dir='ltr' id='par_1_9' title="bbox 659 860 2260 932">
     <span class='ocr_line' id='line_1_9' title="bbox 659 860 2260 932; baseline -0.004 -9"><span class='ocrx_word' id='word_1_62' title='bbox 659 864 899 925; x_wconf 81' lang='lat' dir='ltr'><strong>versari.</strong></span> <span class='ocrx_word' id='word_1_63' title='bbox 933 873 989 920; x_wconf 87' lang='grc' dir='ltr'><strong>ει</strong></span> <span class='ocrx_word' id='word_1_64' title='bbox 1027 864 1128 919; x_wconf 90' lang='lat' dir='ltr'><strong>hoc</strong></span> <span class='ocrx_word' id='word_1_65' title='bbox 1167 861 1309 919; x_wconf 91' lang='lat' dir='ltr'><strong>dono</strong></span> <span class='ocrx_word' id='word_1_66' title='bbox 1339 862 1522 918; x_wconf 85' lang='lat' dir='ltr'><strong>datum</strong></span> <span class='ocrx_word' id='word_1_67' title='bbox 1563 872 1643 917; x_wconf 91' lang='lat' dir='ltr'><strong>est</strong></span> <span class='ocrx_word' id='word_1_68' title='bbox 1685 862 1839 918; x_wconf 89' lang='lat' dir='ltr'><strong>nobis</strong></span> <span class='ocrx_word' id='word_1_69' title='bbox 1883 878 1979 932; x_wconf 90' lang='lat' dir='ltr'><strong>pro</strong></span> <span class='ocrx_word' id='word_1_70' title='bbox 2004 860 2260 928; x_wconf 85' lang='lat' dir='ltr'><strong>Christo,</strong></span> 
     </span>
    </p>
   </div>
   <div class='ocr_carea' id='block_1_10' title="bbox 659 954 2261 1034">
    <p class='ocr_par' dir='ltr' id='par_1_10' title="bbox 659 954 2261 1034">
     <span class='ocr_line' id='line_1_10' title="bbox 659 954 2261 1034; baseline -0.004 -17"><span class='ocrx_word' id='word_1_71' title='bbox 659 961 911 1034; x_wconf 89' lang='lat' dir='ltr'><strong>quoniam</strong></span> <span class='ocrx_word' id='word_1_72' title='bbox 932 960 1021 1014; x_wconf 88' lang='lat' dir='ltr'><strong>ille</strong></span> <span class='ocrx_word' id='word_1_73' title='bbox 1048 958 1361 1029; x_wconf 85' lang='lat' dir='ltr'><strong>mysterium</strong></span> <span class='ocrx_word' id='word_1_74' title='bbox 1379 957 1692 1027; x_wconf 85' lang='lat' dir='ltr'><strong>complevit,</strong></span> <span class='ocrx_word' id='word_1_75' title='bbox 1717 964 1771 1011; x_wconf 90' lang='lat' dir='ltr'><strong>et</strong></span> <span class='ocrx_word' id='word_1_76' title='bbox 1796 955 1864 1010; x_wconf 90' lang='lat' dir='ltr'><strong>ad</strong></span> <span class='ocrx_word' id='word_1_77' title='bbox 1888 954 2261 1011; x_wconf 86' lang='lat' dir='ltr'><strong>liberationem</strong></span> 
     </span>
    </p>
   </div>
   <div class='ocr_carea' id='block_1_11' title="bbox 659 1047 2262 1122">
    <p class='ocr_par' dir='ltr' id='par_1_11' title="bbox 659 1047 2262 1122">
     <span class='ocr_line' id='line_1_11' title="bbox 659 1047 2262 1122; baseline -0.004 -12"><span class='ocrx_word' id='word_1_78' title='bbox 659 1065 901 1110; x_wconf 89' lang='lat' dir='ltr'><strong>nostram</strong></span> <span class='ocrx_word' id='word_1_79' title='bbox 954 1066 1143 1122; x_wconf 83' lang='lat' dir='ltr'><strong>passus</strong></span> <span class='ocrx_word' id='word_1_80' title='bbox 1170 1058 1253 1105; x_wconf 87' lang='lat' dir='ltr'><strong>est</strong></span> <span class='ocrx_word' id='word_1_81' title='bbox 1297 1049 1499 1105; x_wconf 91' lang='lat' dir='ltr'><strong>omnia.</strong></span> <span class='ocrx_word' id='word_1_82' title='bbox 1542 1049 1646 1104; x_wconf 86' lang='lat' dir='ltr'><strong>Pro</strong></span> <span class='ocrx_word' id='word_1_83' title='bbox 1691 1049 1807 1120; x_wconf 89' lang='lat' dir='ltr'><strong>ipso</strong></span> <span class='ocrx_word' id='word_1_84' title='bbox 1856 1048 2015 1119; x_wconf 78' lang='lat' dir='ltr'><strong>igitur</strong></span> <span class='ocrx_word' id='word_1_85' title='bbox 2062 1047 2262 1104; x_wconf 89' lang='lat' dir='ltr'><strong>donum</strong></span> 
     </span>
    </p>
   </div>
   <div class='ocr_carea' id='block_1_12' title="bbox 663 1138 2265 1212">
    <p class='ocr_par' dir='ltr' id='par_1_12' title="bbox 663 1138 2265 1212">
     <span class='ocr_line' id='line_1_12' title="bbox 663 1138 2265 1212; baseline -0.004 -13"><span class='ocrx_word' id='word_1_86' title='bbox 663 1142 821 1199; x_wconf 90' lang='lat' dir='ltr'><strong>nobis</strong></span> <span class='ocrx_word' id='word_1_87' title='bbox 851 1138 1020 1207; x_wconf 85' lang='lat' dir='ltr'><strong>dedit,</strong></span> <span class='ocrx_word' id='word_1_88' title='bbox 1052 1152 1109 1196; x_wconf 92' lang='lat' dir='ltr'><strong>ut</strong></span> <span class='ocrx_word' id='word_1_89' title='bbox 1137 1139 1423 1196; x_wconf 74' lang='lat' dir='ltr'><strong>credamus</strong></span> <span class='ocrx_word' id='word_1_90' title='bbox 1442 1141 1492 1195; x_wconf 90' lang='lat' dir='ltr'><strong>in</strong></span> <span class='ocrx_word' id='word_1_91' title='bbox 1520 1157 1663 1195; x_wconf 90' lang='lat' dir='ltr'><strong>eum.</strong></span> <span class='ocrx_word' id='word_1_92' title='bbox 1693 1139 1938 1212; x_wconf 82' lang='lat' dir='ltr'><strong>Magnum</strong></span> <span class='ocrx_word' id='word_1_93' title='bbox 1964 1146 2140 1194; x_wconf 84' lang='lat' dir='ltr'><strong>autem</strong></span> <span class='ocrx_word' id='word_1_94' title='bbox 2166 1139 2265 1194; x_wconf 86' lang='lat' dir='ltr'><strong>do-</strong></span> 
     </span>
    </p>
   </div>
   <div class='ocr_carea' id='block_1_13' title="bbox 660 1231 2259 1304">
    <p class='ocr_par' dir='ltr' id='par_1_13' title="bbox 660 1231 2259 1304">
     <span class='ocr_line' id='line_1_13' title="bbox 660 1231 2259 1304; baseline -0.002 -13"><span class='ocrx_word' id='word_1_95' title='bbox 660 1252 789 1291; x_wconf 87' lang='lat' dir='ltr'><strong>num</strong></span> <span class='ocrx_word' id='word_1_96' title='bbox 817 1278 830 1300; x_wconf 94' lang='lat'><strong>,</strong></span> <span class='ocrx_word' id='word_1_97' title='bbox 863 1235 906 1290; x_wconf 92' lang='lat' dir='ltr'><strong>si</strong></span> <span class='ocrx_word' id='word_1_98' title='bbox 943 1234 1060 1288; x_wconf 88' lang='lat' dir='ltr'><strong>sola</strong></span> <span class='ocrx_word' id='word_1_99' title='bbox 1101 1233 1154 1288; x_wconf 90' lang='lat' dir='ltr'><strong>in</strong></span> <span class='ocrx_word' id='word_1_100' title='bbox 1180 1249 1301 1287; x_wconf 86' lang='lat' dir='ltr'><strong>eum</strong></span> <span class='ocrx_word' id='word_1_101' title='bbox 1338 1231 1441 1288; x_wconf 79' lang='lat' dir='ltr'><strong>[ide</strong></span> <span class='ocrx_word' id='word_1_102' title='bbox 1471 1243 1671 1287; x_wconf 85' lang='lat' dir='ltr'><strong>tantam</strong></span> <span class='ocrx_word' id='word_1_103' title='bbox 1709 1234 1934 1304; x_wconf 83' lang='lat' dir='ltr'><strong>gratiam</strong></span> <span class='ocrx_word' id='word_1_104' title='bbox 1967 1247 2259 1288; x_wconf 87' lang='lat' dir='ltr'><strong>meremur.</strong></span> 
     </span>
    </p>
   </div>
   <div class='ocr_carea' id='block_1_14' title="bbox 661 1322 2265 1396">
    <p class='ocr_par' dir='ltr' id='par_1_14' title="bbox 661 1322 2265 1396">
     <span class='ocr_line' id='line_1_14' title="bbox 661 1322 2265 1396; baseline -0.003 -12"><span class='ocrx_word' id='word_1_105' title='bbox 661 1328 770 1385; x_wconf 85' lang='lat' dir='ltr'><strong>Sed</strong></span> <span class='ocrx_word' id='word_1_106' title='bbox 817 1328 887 1383; x_wconf 90' lang='lat' dir='ltr'><strong>ita</strong></span> <span class='ocrx_word' id='word_1_107' title='bbox 916 1324 1200 1382; x_wconf 77' lang='lat' dir='ltr'><strong>credamus</strong></span> <span class='ocrx_word' id='word_1_108' title='bbox 1224 1367 1240 1393; x_wconf 89' lang='lat'><strong>,</strong></span> <span class='ocrx_word' id='word_1_109' title='bbox 1268 1336 1322 1380; x_wconf 93' lang='lat' dir='ltr'><strong>ut</strong></span> <span class='ocrx_word' id='word_1_110' title='bbox 1356 1325 1515 1381; x_wconf 82' lang='lat' dir='ltr'><strong>etiam</strong></span> <span class='ocrx_word' id='word_1_111' title='bbox 1564 1326 1828 1396; x_wconf 80' lang='lat' dir='ltr'><strong>patiamur</strong></span> <span class='ocrx_word' id='word_1_112' title='bbox 1859 1341 1954 1395; x_wconf 90' lang='lat' dir='ltr'><strong>pro</strong></span> <span class='ocrx_word' id='word_1_113' title='bbox 1996 1324 2125 1391; x_wconf 87' lang='lat' dir='ltr'><strong>illo;</strong></span> <span class='ocrx_word' id='word_1_114' title='bbox 2161 1322 2265 1380; x_wconf 87' lang='lat' dir='ltr'><strong>hoc</strong></span> 
     </span>
    </p>
   </div>
   <div class='ocr_carea' id='block_1_15' title="bbox 660 1414 2264 1491">
    <p class='ocr_par' dir='ltr' id='par_1_15' title="bbox 660 1414 2264 1491">
     <span class='ocr_line' id='line_1_15' title="bbox 660 1414 2264 1491; baseline -0.002 -15"><span class='ocrx_word' id='word_1_115' title='bbox 660 1422 805 1477; x_wconf 90' lang='lat' dir='ltr'><strong>enim</strong></span> <span class='ocrx_word' id='word_1_116' title='bbox 875 1418 1150 1491; x_wconf 85' lang='lat' dir='ltr'><strong>subjungit</strong></span> <span class='ocrx_word' id='word_1_117' title='bbox 1197 1437 1210 1471; x_wconf 74' lang='grc' dir='ltr'>ε</span> <span class='ocrx_word' id='word_1_118' title='bbox 1271 1414 1340 1472; x_wconf 86' lang='lat' dir='ltr'><strong>Id</strong></span> <span class='ocrx_word' id='word_1_119' title='bbox 1404 1419 1571 1488; x_wconf 88' lang='lat' dir='ltr'><strong>ipsum</strong></span> <span class='ocrx_word' id='word_1_120' title='bbox 1619 1428 1873 1474; x_wconf 82' lang='lat' dir='ltr'><strong>certamen</strong></span> <span class='ocrx_word' id='word_1_121' title='bbox 1936 1426 1983 1472; x_wconf 87' lang='lat' dir='ltr'><strong>et</strong></span> <span class='ocrx_word' id='word_1_122' title='bbox 2047 1434 2264 1490; x_wconf 88' lang='lat' dir='ltr'><strong>agonem</strong></span> 
     </span>
    </p>
   </div>
   <div class='ocr_carea' id='block_1_16' title="bbox 658 1506 2260 1586">
    <p class='ocr_par' dir='ltr' id='par_1_16' title="bbox 658 1506 2260 1586">
     <span class='ocr_line' id='line_1_16' title="bbox 658 1506 2260 1586; baseline -0.001 -18"><span class='ocrx_word' id='word_1_123' title='bbox 658 1513 931 1580; x_wconf 74' lang='lat' dir='ltr'><strong>habentes,</strong></span> <span class='ocrx_word' id='word_1_124' title='bbox 956 1522 1103 1581; x_wconf 83' lang='lat' dir='ltr'><strong>quem</strong></span> <span class='ocrx_word' id='word_1_125' title='bbox 1128 1521 1174 1566; x_wconf 90' lang='lat' dir='ltr'><strong>et</strong></span> <span class='ocrx_word' id='word_1_126' title='bbox 1197 1510 1393 1567; x_wconf 83' lang='lat' dir='ltr'><strong>uidistis</strong></span> <span class='ocrx_word' id='word_1_127' title='bbox 1421 1512 1474 1567; x_wconf 90' lang='lat' dir='ltr'><strong>in</strong></span> <span class='ocrx_word' id='word_1_128' title='bbox 1523 1529 1618 1580; x_wconf 87' lang='lat' dir='ltr'><strong>me,</strong></span> <span class='ocrx_word' id='word_1_129' title='bbox 1651 1521 1697 1567; x_wconf 90' lang='lat' dir='ltr'><strong>et</strong></span> <span class='ocrx_word' id='word_1_130' title='bbox 1721 1512 1937 1567; x_wconf 85' lang='lat' dir='ltr'><strong>audistis</strong></span> <span class='ocrx_word' id='word_1_131' title='bbox 1962 1506 2131 1566; x_wconf 57' lang='lat' dir='ltr'><strong>de‘me</strong></span> <span class='ocrx_word' id='word_1_132' title='bbox 2155 1512 2260 1586; x_wconf 75' lang='grc'><strong>(2).</strong></span> 
     </span>
    </p>
   </div>
   <div class='ocr_carea' id='block_1_17' title="bbox 659 1604 2263 1678">
    <p class='ocr_par' dir='ltr' id='par_1_17' title="bbox 659 1604 2263 1678">
     <span class='ocr_line' id='line_1_17' title="bbox 659 1604 2263 1678; baseline 0 -15"><span class='ocrx_word' id='word_1_133' title='bbox 659 1607 730 1664; x_wconf 87' lang='lat' dir='ltr'><strong>Ut</strong></span> <span class='ocrx_word' id='word_1_134' title='bbox 751 1622 846 1662; x_wconf 88' lang='lat' dir='ltr'><strong>vos</strong></span> <span class='ocrx_word' id='word_1_135' title='bbox 867 1621 1081 1678; x_wconf 89' lang='lat' dir='ltr'><strong>quoque</strong></span> <span class='ocrx_word' id='word_1_136' title='bbox 1112 1605 1394 1661; x_wconf 89' lang='lat' dir='ltr'><strong>credentes</strong></span> <span class='ocrx_word' id='word_1_137' title='bbox 1419 1608 1472 1661; x_wconf 93' lang='lat' dir='ltr'><strong>in</strong></span> <span class='ocrx_word' id='word_1_138' title='bbox 1495 1605 1731 1672; x_wconf 85' lang='lat' dir='ltr'><strong>Christo,</strong></span> <span class='ocrx_word' id='word_1_139' title='bbox 1761 1606 2037 1676; x_wconf 87' lang='lat' dir='ltr'><strong>patiamini</strong></span> <span class='ocrx_word' id='word_1_140' title='bbox 2081 1604 2263 1663; x_wconf 88' lang='lat' dir='ltr'><strong>omnia</strong></span> 
     </span>
    </p>
   </div>
   <div class='ocr_carea' id='block_1_18' title="bbox 658 1696 2264 1771">
    <p class='ocr_par' dir='ltr' id='par_1_18' title="bbox 658 1696 2264 1771">
     <span class='ocr_line' id='line_1_18' title="bbox 658 1696 2264 1771; baseline 0.002 -18"><span class='ocrx_word' id='word_1_141' title='bbox 658 1714 763 1771; x_wconf 89' lang='lat' dir='ltr'><strong>pro</strong></span> <span class='ocrx_word' id='word_1_142' title='bbox 792 1699 914 1765; x_wconf 93' lang='lat' dir='ltr'><strong>illo,</strong></span> <span class='ocrx_word' id='word_1_143' title='bbox 969 1698 1023 1753; x_wconf 91' lang='lat' dir='ltr'><strong>id</strong></span> <span class='ocrx_word' id='word_1_144' title='bbox 1068 1708 1152 1753; x_wconf 91' lang='lat' dir='ltr'><strong>est</strong></span> <span class='ocrx_word' id='word_1_145' title='bbox 1198 1705 1418 1769; x_wconf 87' lang='lat' dir='ltr'><strong>propter</strong></span> <span class='ocrx_word' id='word_1_146' title='bbox 1466 1698 1659 1767; x_wconf 82' lang='lat' dir='ltr'><strong>ipsum.</strong></span> <span class='ocrx_word' id='word_1_147' title='bbox 1714 1696 1917 1753; x_wconf 85' lang='lat' dir='ltr'><strong>Facere</strong></span> <span class='ocrx_word' id='word_1_148' title='bbox 1969 1699 2113 1754; x_wconf 91' lang='lat' dir='ltr'><strong>enim</strong></span> <span class='ocrx_word' id='word_1_149' title='bbox 2146 1714 2264 1757; x_wconf 91' lang='lat' dir='ltr'><strong>om-</strong></span> 
     </span>
    </p>
   </div>
   <div class='ocr_carea' id='block_1_19' title="bbox 2371 482 3788 580">
    <p class='ocr_par' dir='ltr' id='par_1_19' title="bbox 2371 482 3788 580">
     <span class='ocr_line' id='line_1_19' title="bbox 2371 482 3788 580; baseline 0.016 -34"><span class='ocrx_word' id='word_1_150' title='bbox 2371 507 2466 547; x_wconf 92' lang='lat' dir='ltr'><strong>vos</strong></span> <span class='ocrx_word' id='word_1_151' title='bbox 2495 508 2582 548; x_wconf 90' lang='lat' dir='ltr'><strong>me</strong></span> <span class='ocrx_word' id='word_1_152' title='bbox 2610 482 2964 549; x_wconf 39' lang='lat' dir='ltr'><strong>con&#39;solernini</strong></span> <span class='ocrx_word' id='word_1_153' title='bbox 2996 494 3049 549; x_wconf 92' lang='lat' dir='ltr'><strong>in</strong></span> <span class='ocrx_word' id='word_1_154' title='bbox 3077 494 3231 551; x_wconf 88' lang='lat' dir='ltr'><strong>malis</strong></span> <span class='ocrx_word' id='word_1_155' title='bbox 3262 497 3313 552; x_wconf 91' lang='lat' dir='ltr'><strong>in</strong></span> <span class='ocrx_word' id='word_1_156' title='bbox 3340 500 3507 568; x_wconf 86' lang='lat' dir='ltr'><strong>quibus</strong></span> <span class='ocrx_word' id='word_1_157' title='bbox 3524 518 3637 560; x_wconf 81' lang='lat' dir='ltr'><strong>sum:</strong></span> <span class='ocrx_word' id='word_1_158' title='bbox 3658 482 3788 580; x_wconf 68' lang='lat' dir='ltr'><strong>impleti</strong></span> 
     </span>
    </p>
   </div>
   <div class='ocr_carea' id='block_1_20' title="bbox 2370 583 3786 668">
    <p class='ocr_par' dir='ltr' id='par_1_20' title="bbox 2370 583 3786 668">
     <span class='ocr_line' id='line_1_20' title="bbox 2370 583 3786 668; baseline 0.015 -32"><span class='ocrx_word' id='word_1_159' title='bbox 2370 598 2498 655; x_wconf 85' lang='lat' dir='ltr'><strong>ergo</strong></span> <span class='ocrx_word' id='word_1_160' title='bbox 2518 583 2769 656; x_wconf 79' lang='lat' dir='ltr'><strong>gaudium</strong></span> <span class='ocrx_word' id='word_1_161' title='bbox 2792 599 2992 641; x_wconf 86' lang='lat' dir='ltr'><strong>meum.</strong></span> <span class='ocrx_word' id='word_1_162' title='bbox 3008 585 3247 658; x_wconf 83' lang='lat' dir='ltr'><strong>Singulis</strong></span> <span class='ocrx_word' id='word_1_163' title='bbox 3269 603 3391 662; x_wconf 91' lang='lat' dir='ltr'><strong>ergo</strong></span> <span class='ocrx_word' id='word_1_164' title='bbox 3406 590 3491 647; x_wconf 90' lang='lat' dir='ltr'><strong>hoc</strong></span> <span class='ocrx_word' id='word_1_165' title='bbox 3508 592 3786 668; x_wconf 77' lang='lat' dir='ltr'><strong>adiungendum.</strong></span> 
     </span>
    </p>
   </div>
   <div class='ocr_carea' id='block_1_21' title="bbox 2371 675 3796 752">
    <p class='ocr_par' dir='ltr' id='par_1_21' title="bbox 2371 675 3796 752">
     <span class='ocr_line' id='line_1_21' title="bbox 2371 675 3796 752; baseline 0.013 -23"><span class='ocrx_word' id='word_1_166' title='bbox 2371 675 2579 730; x_wconf 87' lang='lat' dir='ltr'><strong>Deinde</strong></span> <span class='ocrx_word' id='word_1_167' title='bbox 2622 675 2819 745; x_wconf 77' lang='lat' dir='ltr'><strong>adjecit</strong></span> <span class='ocrx_word' id='word_1_168' title='bbox 2842 719 2858 745; x_wconf 93' lang='lat'><strong>,</strong></span> <span class='ocrx_word' id='word_1_169' title='bbox 2885 681 2931 733; x_wconf 96' lang='lat' dir='ltr'><strong>si</strong></span> <span class='ocrx_word' id='word_1_170' title='bbox 2958 696 3058 751; x_wconf 87' lang='lat' dir='ltr'><strong>qua</strong></span> <span class='ocrx_word' id='word_1_171' title='bbox 3077 683 3291 736; x_wconf 77' lang='lat' dir='ltr'><strong>societas</strong></span> <span class='ocrx_word' id='word_1_172' title='bbox 3325 683 3522 752; x_wconf 84' lang='lat' dir='ltr'><strong>spiritus.</strong></span> <span class='ocrx_word' id='word_1_173' title='bbox 3550 684 3662 742; x_wconf 89' lang='lat' dir='ltr'><strong>Bono</strong></span> <span class='ocrx_word' id='word_1_174' title='bbox 3686 690 3796 750; x_wconf 78' lang='lat' dir='ltr'><strong>ordine</strong></span> 
     </span>
    </p>
   </div>
   <div class='ocr_carea' id='block_1_22' title="bbox 2369 767 3796 851">
    <p class='ocr_par' dir='ltr' id='par_1_22' title="bbox 2369 767 3796 851">
     <span class='ocr_line' id='line_1_22' title="bbox 2369 767 3796 851; baseline 0.011 -27"><span class='ocrx_word' id='word_1_175' title='bbox 2369 777 2423 824; x_wconf 90' lang='lat' dir='ltr'><strong>et</strong></span> <span class='ocrx_word' id='word_1_176' title='bbox 2447 767 2552 824; x_wconf 87' lang='lat' dir='ltr'><strong>hoc</strong></span> <span class='ocrx_word' id='word_1_177' title='bbox 2582 769 2794 824; x_wconf 88' lang='lat' dir='ltr'><strong>tertium</strong></span> <span class='ocrx_word' id='word_1_178' title='bbox 2822 786 2834 823; x_wconf 89' lang='lat'><strong>:</strong></span> <span class='ocrx_word' id='word_1_179' title='bbox 2862 784 2983 827; x_wconf 82' lang='lat' dir='ltr'><strong>nam</strong></span> <span class='ocrx_word' id='word_1_180' title='bbox 3011 776 3243 845; x_wconf 85' lang='lat' dir='ltr'><strong>primunt</strong></span> <span class='ocrx_word' id='word_1_181' title='bbox 3269 782 3351 830; x_wconf 89' lang='lat' dir='ltr'><strong>est</strong></span> <span class='ocrx_word' id='word_1_182' title='bbox 3372 775 3581 833; x_wconf 86' lang='lat' dir='ltr'><strong>advocari</strong></span> <span class='ocrx_word' id='word_1_183' title='bbox 3602 781 3639 833; x_wconf 92' lang='lat' dir='ltr'><strong>in</strong></span> <span class='ocrx_word' id='word_1_184' title='bbox 3655 781 3796 851; x_wconf 63' lang='lat' dir='ltr'><strong>Ciliiriﬂ,</strong></span> 
     </span>
    </p>
   </div>
   <div class='ocr_carea' id='block_1_23' title="bbox 2368 856 3800 948">
    <p class='ocr_par' dir='ltr' id='par_1_23' title="bbox 2368 856 3800 948">
     <span class='ocr_line' id='line_1_23' title="bbox 2368 856 3800 948; baseline 0.013 -35"><span class='ocrx_word' id='word_1_185' title='bbox 2368 856 2565 915; x_wconf 89' lang='lat' dir='ltr'><strong>deinde</strong></span> <span class='ocrx_word' id='word_1_186' title='bbox 2612 859 2957 917; x_wconf 89' lang='lat' dir='ltr'><strong>dilectionem</strong></span> <span class='ocrx_word' id='word_1_187' title='bbox 3006 863 3205 922; x_wconf 88' lang='lat' dir='ltr'><strong>habere</strong></span> <span class='ocrx_word' id='word_1_188' title='bbox 3239 884 3252 920; x_wconf 92' lang='lat'><strong>:</strong></span> <span class='ocrx_word' id='word_1_189' title='bbox 3290 882 3403 921; x_wconf 91' lang='lat' dir='ltr'><strong>cum</strong></span> <span class='ocrx_word' id='word_1_190' title='bbox 3444 877 3588 924; x_wconf 89' lang='lat' dir='ltr'><strong>autem</strong></span> <span class='ocrx_word' id='word_1_191' title='bbox 3624 880 3800 948; x_wconf 71' lang='lat' dir='ltr'><strong>utrumque</strong></span> 
     </span>
    </p>
   </div>
   <div class='ocr_carea' id='block_1_24' title="bbox 2370 951 3803 1026">
    <p class='ocr_par' dir='ltr' id='par_1_24' title="bbox 2370 951 3803 1026">
     <span class='ocr_line' id='line_1_24' title="bbox 2370 951 3803 1026; baseline 0.012 -21"><span class='ocrx_word' id='word_1_192' title='bbox 2370 951 2550 1019; x_wconf 82' lang='lat' dir='ltr'><strong>fuerit,</strong></span> <span class='ocrx_word' id='word_1_193' title='bbox 2577 959 2636 1005; x_wconf 91' lang='lat' dir='ltr'><strong>ut</strong></span> <span class='ocrx_word' id='word_1_194' title='bbox 2664 951 2773 1022; x_wconf 79' lang='lat' dir='ltr'><strong>jam</strong></span> <span class='ocrx_word' id='word_1_195' title='bbox 2799 963 2854 1008; x_wconf 92' lang='lat' dir='ltr'><strong>et</strong></span> <span class='ocrx_word' id='word_1_196' title='bbox 2881 954 3127 1011; x_wconf 81' lang='lat' dir='ltr'><strong>advocati</strong></span> <span class='ocrx_word' id='word_1_197' title='bbox 3160 956 3211 1011; x_wconf 91' lang='lat' dir='ltr'><strong>in</strong></span> <span class='ocrx_word' id='word_1_198' title='bbox 3240 954 3444 1013; x_wconf 88' lang='lat' dir='ltr'><strong>Christo</strong></span> <span class='ocrx_word' id='word_1_199' title='bbox 3469 961 3574 1026; x_wconf 88' lang='lat' dir='ltr'><strong>sint,</strong></span> <span class='ocrx_word' id='word_1_200' title='bbox 3597 970 3635 1017; x_wconf 86' lang='lat' dir='ltr'><strong>et</strong></span> <span class='ocrx_word' id='word_1_201' title='bbox 3655 969 3803 1022; x_wconf 59' lang='lat' dir='ltr'><strong>clausuli-</strong></span> 
     </span>
    </p>
   </div>
   <div class='ocr_carea' id='block_1_25' title="bbox 2371 1040 3802 1125">
    <p class='ocr_par' dir='ltr' id='par_1_25' title="bbox 2371 1040 3802 1125">
     <span class='ocr_line' id='line_1_25' title="bbox 2371 1040 3802 1125; baseline 0.012 -29"><span class='ocrx_word' id='word_1_202' title='bbox 2371 1041 2571 1097; x_wconf 89' lang='lat' dir='ltr'><strong>tionem</strong></span> <span class='ocrx_word' id='word_1_203' title='bbox 2612 1040 2851 1099; x_wconf 89' lang='lat' dir='ltr'><strong>habeant</strong></span> <span class='ocrx_word' id='word_1_204' title='bbox 2892 1045 3031 1102; x_wconf 88' lang='lat' dir='ltr'><strong>inter</strong></span> <span class='ocrx_word' id='word_1_205' title='bbox 3074 1060 3132 1103; x_wconf 91' lang='lat' dir='ltr'><strong>se</strong></span> <span class='ocrx_word' id='word_1_206' title='bbox 3171 1046 3395 1105; x_wconf 84' lang='lat' dir='ltr'><strong>diiecms</strong></span> <span class='ocrx_word' id='word_1_207' title='bbox 3427 1048 3496 1123; x_wconf 86' lang='lat' dir='ltr'><strong>(l)</strong></span> <span class='ocrx_word' id='word_1_208' title='bbox 3518 1060 3563 1106; x_wconf 90' lang='lat' dir='ltr'><strong>et</strong></span> <span class='ocrx_word' id='word_1_209' title='bbox 3584 1050 3802 1125; x_wconf 78' lang='lat' dir='ltr'><strong>dilectionis,</strong></span> 
     </span>
    </p>
   </div>
   <div class='ocr_carea' id='block_1_26' title="bbox 2369 1133 3807 1215">
    <p class='ocr_par' dir='ltr' id='par_1_26' title="bbox 2369 1133 3807 1215">
     <span class='ocr_line' id='line_1_26' title="bbox 2369 1133 3807 1215; baseline 0.013 -28"><span class='ocrx_word' id='word_1_210' title='bbox 2369 1136 2487 1189; x_wconf 86' lang='lat' dir='ltr'><strong>sine</strong></span> <span class='ocrx_word' id='word_1_211' title='bbox 2515 1133 2679 1190; x_wconf 89' lang='lat' dir='ltr'><strong>dubio</strong></span> <span class='ocrx_word' id='word_1_212' title='bbox 2705 1143 2789 1190; x_wconf 89' lang='lat' dir='ltr'><strong>est</strong></span> <span class='ocrx_word' id='word_1_213' title='bbox 2818 1139 3050 1194; x_wconf 84' lang='lat' dir='ltr'><strong>societas</strong></span> <span class='ocrx_word' id='word_1_214' title='bbox 3079 1141 3321 1210; x_wconf 83' lang='lat' dir='ltr'><strong>spiritus.</strong></span> <span class='ocrx_word' id='word_1_215' title='bbox 3347 1141 3405 1198; x_wconf 90' lang='lat' dir='ltr'><strong>Si</strong></span> <span class='ocrx_word' id='word_1_216' title='bbox 3423 1145 3748 1215; x_wconf 85' lang='lat' dir='ltr'><strong>qtta,inquit,cst</strong></span> <span class='ocrx_word' id='word_1_217' title='bbox 3765 1168 3807 1204; x_wconf 78' lang='lat' dir='ltr'><strong>n-</strong></span> 
     </span>
    </p>
   </div>
   <div class='ocr_carea' id='block_1_27' title="bbox 2368 1225 3805 1307">
    <p class='ocr_par' dir='ltr' id='par_1_27' title="bbox 2368 1225 3805 1307">
     <span class='ocr_line' id='line_1_27' title="bbox 2368 1225 3805 1307; baseline 0.012 -29"><span class='ocrx_word' id='word_1_218' title='bbox 2368 1226 2521 1280; x_wconf 85' lang='lat' dir='ltr'><strong>cietas</strong></span> <span class='ocrx_word' id='word_1_219' title='bbox 2540 1226 2770 1295; x_wconf 74' lang='lat' dir='ltr'><strong>spiritus.</strong></span> <span class='ocrx_word' id='word_1_220' title='bbox 2795 1225 3091 1286; x_wconf 86' lang='lat' dir='ltr'><strong>Audiamus</strong></span> <span class='ocrx_word' id='word_1_221' title='bbox 3115 1231 3266 1300; x_wconf 88' lang='lat' dir='ltr'><strong>illud,</strong></span> <span class='ocrx_word' id='word_1_222' title='bbox 3287 1233 3478 1307; x_wconf 82' lang='lat' dir='ltr'><strong>implete</strong></span> <span class='ocrx_word' id='word_1_223' title='bbox 3494 1236 3686 1306; x_wconf 73' lang='lat' dir='ltr'><strong>gaudium</strong></span> <span class='ocrx_word' id='word_1_224' title='bbox 3701 1257 3805 1296; x_wconf 74' lang='lat' dir='ltr'><strong>atem.</strong></span> 
     </span>
    </p>
   </div>
   <div class='ocr_carea' id='block_1_28' title="bbox 2369 1315 3806 1394">
    <p class='ocr_par' dir='ltr' id='par_1_28' title="bbox 2369 1315 3806 1394">
     <span class='ocr_line' id='line_1_28' title="bbox 2369 1315 3806 1394; baseline 0.015 -24"><span class='ocrx_word' id='word_1_225' title='bbox 2369 1315 2623 1388; x_wconf 84' lang='lat' dir='ltr'><strong>Adjungit</strong></span> <span class='ocrx_word' id='word_1_226' title='bbox 2651 1316 2866 1387; x_wconf 89' lang='lat' dir='ltr'><strong>deinde,</strong></span> <span class='ocrx_word' id='word_1_227' title='bbox 2895 1321 2941 1374; x_wconf 90' lang='lat' dir='ltr'><strong>si</strong></span> <span class='ocrx_word' id='word_1_228' title='bbox 2959 1338 3059 1394; x_wconf 88' lang='lat' dir='ltr'><strong>qua</strong></span> <span class='ocrx_word' id='word_1_229' title='bbox 3085 1322 3280 1378; x_wconf 77' lang='lat' dir='ltr'><strong>viscera</strong></span> <span class='ocrx_word' id='word_1_230' title='bbox 3308 1333 3355 1379; x_wconf 88' lang='lat' dir='ltr'><strong>et</strong></span> <span class='ocrx_word' id='word_1_231' title='bbox 3380 1327 3685 1385; x_wconf 79' lang='lat' dir='ltr'><strong>miserationes.</strong></span> <span class='ocrx_word' id='word_1_232' title='bbox 3712 1332 3806 1391; x_wconf 77' lang='lat' dir='ltr'><strong>linum</strong></span> 
     </span>
    </p>
   </div>
   <div class='ocr_carea' id='block_1_29' title="bbox 2368 1409 3806 1484">
    <p class='ocr_par' dir='ltr' id='par_1_29' title="bbox 2368 1409 3806 1484">
     <span class='ocr_line' id='line_1_29' title="bbox 2368 1409 3806 1484; baseline 0.011 -21"><span class='ocrx_word' id='word_1_233' title='bbox 2368 1409 2511 1463; x_wconf 88' lang='lat' dir='ltr'><strong>enim</strong></span> <span class='ocrx_word' id='word_1_234' title='bbox 2559 1422 2756 1478; x_wconf 84' lang='lat' dir='ltr'><strong>corpus</strong></span> <span class='ocrx_word' id='word_1_235' title='bbox 2797 1409 3032 1468; x_wconf 79' lang='lat' dir='ltr'><strong>efﬁcitur</strong></span> <span class='ocrx_word' id='word_1_236' title='bbox 3070 1414 3357 1484; x_wconf 59' lang='lat' dir='ltr'><strong>Ecclesia),</strong></span> <span class='ocrx_word' id='word_1_237' title='bbox 3390 1430 3498 1472; x_wconf 87' lang='lat' dir='ltr'><strong>cum</strong></span> <span class='ocrx_word' id='word_1_238' title='bbox 3525 1416 3608 1475; x_wconf 84' lang='lat' dir='ltr'><strong>sibi</strong></span> <span class='ocrx_word' id='word_1_239' title='bbox 3641 1424 3806 1480; x_wconf 76' lang='lat' dir='ltr'><strong>vocath</strong></span> 
     </span>
    </p>
   </div>
   <div class='ocr_carea' id='block_1_30' title="bbox 2366 1497 3807 1585">
    <p class='ocr_par' dir='ltr' id='par_1_30' title="bbox 2366 1497 3807 1585">
     <span class='ocr_line' id='line_1_30' title="bbox 2366 1497 3807 1585; baseline 0.012 -32"><span class='ocrx_word' id='word_1_240' title='bbox 2366 1497 2583 1555; x_wconf 87' lang='lat' dir='ltr'><strong>Christo</strong></span> <span class='ocrx_word' id='word_1_241' title='bbox 2611 1501 2877 1560; x_wconf 87' lang='lat' dir='ltr'><strong>charitate</strong></span> <span class='ocrx_word' id='word_1_242' title='bbox 2895 1503 3216 1576; x_wconf 81' lang='lat' dir='ltr'><strong>junguntur,</strong></span> <span class='ocrx_word' id='word_1_243' title='bbox 3242 1506 3523 1581; x_wconf 75' lang='lat' dir='ltr'><strong>junguntur</strong></span> <span class='ocrx_word' id='word_1_244' title='bbox 3539 1515 3666 1567; x_wconf 86' lang='lat' dir='ltr'><strong>etiam</strong></span> <span class='ocrx_word' id='word_1_245' title='bbox 3688 1518 3807 1585; x_wconf 84' lang='lat' dir='ltr'><strong>spiritu,</strong></span> 
     </span>
    </p>
   </div>
   <div class='ocr_carea' id='block_1_31' title="bbox 2367 1591 3808 1676">
    <p class='ocr_par' dir='ltr' id='par_1_31' title="bbox 2367 1591 3808 1676">
     <span class='ocr_line' id='line_1_31' title="bbox 2367 1591 3808 1676; baseline 0.012 -30"><span class='ocrx_word' id='word_1_246' title='bbox 2367 1601 2423 1647; x_wconf 90' lang='grc' dir='ltr'><strong>ει</strong></span> <span class='ocrx_word' id='word_1_247' title='bbox 2448 1591 2581 1648; x_wconf 85' lang='lat' dir='ltr'><strong>ﬁunt</strong></span> <span class='ocrx_word' id='word_1_248' title='bbox 2606 1591 2795 1650; x_wconf 91' lang='lat' dir='ltr'><strong>eadem</strong></span> <span class='ocrx_word' id='word_1_249' title='bbox 2828 1596 3032 1652; x_wconf 84' lang='lat' dir='ltr'><strong>viscera</strong></span> <span class='ocrx_word' id='word_1_250' title='bbox 3056 1607 3112 1654; x_wconf 90' lang='lat' dir='ltr'><strong>et</strong></span> <span class='ocrx_word' id='word_1_251' title='bbox 3136 1600 3340 1656; x_wconf 72' lang='lat' dir='ltr'><strong>etedem</strong></span> <span class='ocrx_word' id='word_1_252' title='bbox 3369 1603 3808 1676; x_wconf 56' lang='lat' dir='ltr'><strong>miserstlonesﬁlqn</strong></span> 
     </span>
    </p>
   </div>
   <div class='ocr_carea' id='block_1_32' title="bbox 2366 1681 3811 1763">
    <p class='ocr_par' dir='ltr' id='par_1_32' title="bbox 2366 1681 3811 1763">
     <span class='ocr_line' id='line_1_32' title="bbox 2366 1681 3811 1763; baseline 0.012 -26"><span class='ocrx_word' id='word_1_253' title='bbox 2366 1681 2529 1754; x_wconf 80' lang='lat' dir='ltr'><strong>igitur</strong></span> <span class='ocrx_word' id='word_1_254' title='bbox 2550 1684 2783 1751; x_wconf 83' lang='lat' dir='ltr'><strong>viscera,</strong></span> <span class='ocrx_word' id='word_1_255' title='bbox 2801 1686 2847 1741; x_wconf 90' lang='lat' dir='ltr'><strong>si</strong></span> <span class='ocrx_word' id='word_1_256' title='bbox 2867 1702 2988 1757; x_wconf 78' lang='lat' dir='ltr'><strong>quae</strong></span> <span class='ocrx_word' id='word_1_257' title='bbox 3013 1690 3370 1747; x_wconf 85' lang='lat' dir='ltr'><strong>miserationis</strong></span> <span class='ocrx_word' id='word_1_258' title='bbox 3391 1692 3486 1748; x_wconf 91' lang='lat' dir='ltr'><strong>sint</strong></span> <span class='ocrx_word' id='word_1_259' title='bbox 3507 1694 3686 1763; x_wconf 80' lang='lat' dir='ltr'><strong>viscera,</strong></span> <span class='ocrx_word' id='word_1_260' title='bbox 3705 1698 3811 1755; x_wconf 79' lang='lat' dir='ltr'><strong>adhoc</strong></span> 
     </span>
    </p>
   </div>
   <div class='ocr_carea' id='block_1_33' title="bbox 662 1776 3807 1864">
    <p class='ocr_par' dir='ltr' id='par_1_33' title="bbox 662 1776 3807 1864">
     <span class='ocr_line' id='line_1_33' title="bbox 662 1776 3807 1864; baseline 0.005 -35"><span class='ocrx_word' id='word_1_261' title='bbox 662 1791 751 1846; x_wconf 69' lang='lat' dir='ltr'><strong>nia</strong></span> <span class='ocrx_word' id='word_1_262' title='bbox 780 1833 796 1858; x_wconf 58' lang='lat'><strong>,</strong></span> <span class='ocrx_word' id='word_1_263' title='bbox 853 1804 1027 1862; x_wconf 67' lang='lat' dir='ltr'><strong>neque</strong></span> <span class='ocrx_word' id='word_1_264' title='bbox 1058 1791 1109 1844; x_wconf 77' lang='grc' dir='ltr'><strong>ίι,</strong></span> <span class='ocrx_word' id='word_1_265' title='bbox 1150 1790 1313 1844; x_wconf 68' lang='lat' dir='ltr'><strong>alium</strong></span> <span class='ocrx_word' id='word_1_266' title='bbox 1346 1787 1610 1852; x_wconf 45' lang='lat' dir='ltr'><strong>conveni.</strong></span> <span class='ocrx_word' id='word_1_267' title='bbox 1645 1798 1695 1844; x_wconf 70' lang='grc' dir='ltr'><strong>ει</strong></span> <span class='ocrx_word' id='word_1_268' title='bbox 1741 1804 1840 1860; x_wconf 68' lang='lat' dir='ltr'><strong>pro</strong></span> <span class='ocrx_word' id='word_1_269' title='bbox 1877 1787 1971 1844; x_wconf 77' lang='grc' dir='ltr'><strong>ηιο</strong></span> <span class='ocrx_word' id='word_1_270' title='bbox 2001 1788 2109 1860; x_wconf 57' lang='lat' dir='ltr'><strong>pati</strong></span> <span class='ocrx_word' id='word_1_271' title='bbox 2144 1804 2260 1846; x_wconf 78' lang='lat' dir='ltr'><strong>om.</strong></span> <span class='ocrx_word' id='word_1_272' title='bbox 2289 1803 2337 1864; x_wconf 76' lang='grc' dir='ltr'><strong>Β</strong></span> <span class='ocrx_word' id='word_1_273' title='bbox 2365 1783 2427 1829; x_wconf 91' lang='grc' dir='ltr'><strong>ιιι</strong></span> <span class='ocrx_word' id='word_1_274' title='bbox 2455 1776 2669 1831; x_wconf 80' lang='lat' dir='ltr'><strong>vacatio</strong></span> <span class='ocrx_word' id='word_1_275' title='bbox 2695 1777 2767 1832; x_wconf 89' lang='lat' dir='ltr'><strong>sit</strong></span> <span class='ocrx_word' id='word_1_276' title='bbox 2794 1777 2851 1832; x_wconf 90' lang='lat' dir='ltr'><strong>in</strong></span> <span class='ocrx_word' id='word_1_277' title='bbox 2875 1778 3114 1847; x_wconf 86' lang='lat' dir='ltr'><strong>Christo,</strong></span> <span class='ocrx_word' id='word_1_278' title='bbox 3138 1790 3192 1837; x_wconf 90' lang='lat' dir='ltr'><strong>et</strong></span> <span class='ocrx_word' id='word_1_279' title='bbox 3219 1782 3443 1840; x_wconf 81' lang='lat' dir='ltr'><strong>societas</strong></span> <span class='ocrx_word' id='word_1_280' title='bbox 3470 1785 3516 1840; x_wconf 91' lang='lat' dir='ltr'><strong>in</strong></span> <span class='ocrx_word' id='word_1_281' title='bbox 3543 1789 3807 1857; x_wconf 58' lang='lat' dir='ltr'><strong>spiritalia.</strong></span> 
     </span>
    </p>
   </div>
   <div class='ocr_carea' id='block_1_34' title="bbox 660 1876 2260 1954">
    <p class='ocr_par' dir='ltr' id='par_1_34' title="bbox 660 1876 2260 1954">
     <span class='ocr_line' id='line_1_34' title="bbox 660 1876 2260 1954; baseline -0.003 -13"><span class='ocrx_word' id='word_1_282' title='bbox 660 1882 788 1953; x_wconf 86' lang='lat' dir='ltr'><strong>nia,</strong></span> <span class='ocrx_word' id='word_1_283' title='bbox 832 1883 933 1939; x_wconf 92' lang='lat' dir='ltr'><strong>hoc</strong></span> <span class='ocrx_word' id='word_1_284' title='bbox 971 1892 1057 1939; x_wconf 89' lang='lat' dir='ltr'><strong>est</strong></span> <span class='ocrx_word' id='word_1_285' title='bbox 1085 1891 1479 1939; x_wconf 82' lang='lat' dir='ltr'><strong>certamenzet</strong></span> <span class='ocrx_word' id='word_1_286' title='bbox 1527 1881 1669 1937; x_wconf 90' lang='lat' dir='ltr'><strong>hunc</strong></span> <span class='ocrx_word' id='word_1_287' title='bbox 1712 1896 1942 1954; x_wconf 84' lang='lat' dir='ltr'><strong>agonem</strong></span> <span class='ocrx_word' id='word_1_288' title='bbox 1996 1876 2260 1937; x_wconf 89' lang='lat' dir='ltr'><strong>habemus</strong></span> 
     </span>
    </p>
   </div>
   <div class='ocr_carea' id='block_1_35' title="bbox 656 1970 2259 2045">
    <p class='ocr_par' dir='ltr' id='par_1_35' title="bbox 656 1970 2259 2045">
     <span class='ocr_line' id='line_1_35' title="bbox 656 1970 2259 2045; baseline -0.002 -12"><span class='ocrx_word' id='word_1_289' title='bbox 656 1977 862 2033; x_wconf 90' lang='lat' dir='ltr'><strong>scilicet</strong></span> <span class='ocrx_word' id='word_1_290' title='bbox 887 1988 939 2031; x_wconf 91' lang='lat' dir='ltr'><strong>et</strong></span> <span class='ocrx_word' id='word_1_291' title='bbox 970 1974 1374 2030; x_wconf 83' lang='lat' dir='ltr'><strong>contentionem</strong></span> <span class='ocrx_word' id='word_1_292' title='bbox 1404 1982 1459 2029; x_wconf 91' lang='lat' dir='ltr'><strong>et</strong></span> <span class='ocrx_word' id='word_1_293' title='bbox 1503 1971 1891 2042; x_wconf 85' lang='lat' dir='ltr'><strong>intentionem,</strong></span> <span class='ocrx_word' id='word_1_294' title='bbox 1922 1988 2044 2045; x_wconf 63' lang='lat' dir='ltr'><strong>quae</strong></span> <span class='ocrx_word' id='word_1_295' title='bbox 2078 1970 2259 2030; x_wconf 81' lang='lat' dir='ltr'><strong>educit</strong></span> 
     </span>
    </p>
   </div>
   <div class='ocr_carea' id='block_1_36' title="bbox 655 2064 2257 2140">
    <p class='ocr_par' dir='ltr' id='par_1_36' title="bbox 655 2064 2257 2140">
     <span class='ocr_line' id='line_1_36' title="bbox 655 2064 2257 2140; baseline -0.001 -18"><span class='ocrx_word' id='word_1_296' title='bbox 655 2068 725 2125; x_wconf 91' lang='lat' dir='ltr'><strong>ad</strong></span> <span class='ocrx_word' id='word_1_297' title='bbox 753 2068 983 2140; x_wconf 89' lang='lat' dir='ltr'><strong>palmam</strong></span> <span class='ocrx_word' id='word_1_298' title='bbox 1015 2075 1071 2122; x_wconf 90' lang='lat' dir='ltr'><strong>et</strong></span> <span class='ocrx_word' id='word_1_299' title='bbox 1110 2065 1178 2121; x_wconf 90' lang='lat' dir='ltr'><strong>ad</strong></span> <span class='ocrx_word' id='word_1_300' title='bbox 1206 2082 1481 2121; x_wconf 86' lang='lat' dir='ltr'><strong>coronam.</strong></span> <span class='ocrx_word' id='word_1_301' title='bbox 1516 2064 1670 2120; x_wconf 87' lang='lat' dir='ltr'><strong>ilunc</strong></span> <span class='ocrx_word' id='word_1_302' title='bbox 1710 2064 1872 2136; x_wconf 89' lang='lat' dir='ltr'><strong>igitur</strong></span> <span class='ocrx_word' id='word_1_303' title='bbox 1915 2080 2140 2136; x_wconf 87' lang='lat' dir='ltr'><strong>agonem</strong></span> <span class='ocrx_word' id='word_1_304' title='bbox 2188 2080 2257 2121; x_wconf 91' lang='lat' dir='ltr'><strong>ne</strong></span> 
     </span>
    </p>
   </div>
   <div class='ocr_carea' id='block_1_37' title="bbox 657 2157 2257 2233">
    <p class='ocr_par' dir='ltr' id='par_1_37' title="bbox 657 2157 2257 2233">
     <span class='ocr_line' id='line_1_37' title="bbox 657 2157 2257 2233; baseline -0.001 -16"><span class='ocrx_word' id='word_1_305' title='bbox 657 2161 945 2233; x_wconf 82' lang='lat' dir='ltr'><strong>ignoretis,</strong></span> <span class='ocrx_word' id='word_1_306' title='bbox 980 2159 1093 2230; x_wconf 79' lang='lat' dir='ltr'><strong>ipse</strong></span> <span class='ocrx_word' id='word_1_307' title='bbox 1122 2169 1205 2215; x_wconf 89' lang='lat' dir='ltr'><strong>est</strong></span> <span class='ocrx_word' id='word_1_308' title='bbox 1239 2175 1397 2231; x_wconf 87' lang='lat' dir='ltr'><strong>quem</strong></span> <span class='ocrx_word' id='word_1_309' title='bbox 1447 2160 1501 2214; x_wconf 92' lang='lat' dir='ltr'><strong>in</strong></span> <span class='ocrx_word' id='word_1_310' title='bbox 1544 2173 1631 2216; x_wconf 91' lang='lat' dir='ltr'><strong>me</strong></span> <span class='ocrx_word' id='word_1_311' title='bbox 1662 2157 1903 2224; x_wconf 88' lang='lat' dir='ltr'><strong>vidistis,</strong></span> <span class='ocrx_word' id='word_1_312' title='bbox 1936 2158 2144 2215; x_wconf 88' lang='lat' dir='ltr'><strong>scilicet</strong></span> <span class='ocrx_word' id='word_1_313' title='bbox 2187 2157 2257 2215; x_wconf 95' lang='lat' dir='ltr'><strong>de</strong></span> 
     </span>
    </p>
   </div>
   <div class='ocr_carea' id='block_1_38' title="bbox 653 2248 2254 2322">
    <p class='ocr_par' dir='ltr' id='par_1_38' title="bbox 653 2248 2254 2322">
     <span class='ocr_line' id='line_1_38' title="bbox 653 2248 2254 2322; baseline -0.002 -12"><span class='ocrx_word' id='word_1_314' title='bbox 653 2254 879 2318; x_wconf 87' lang='lat' dir='ltr'><strong>catenis,</strong></span> <span class='ocrx_word' id='word_1_315' title='bbox 908 2251 977 2308; x_wconf 92' lang='lat' dir='ltr'><strong>de</strong></span> <span class='ocrx_word' id='word_1_316' title='bbox 1002 2267 1240 2317; x_wconf 87' lang='lat' dir='ltr'><strong>carcere,</strong></span> <span class='ocrx_word' id='word_1_317' title='bbox 1269 2248 1337 2307; x_wconf 89' lang='lat' dir='ltr'><strong>de</strong></span> <span class='ocrx_word' id='word_1_318' title='bbox 1367 2250 1575 2307; x_wconf 90' lang='lat' dir='ltr'><strong>cunctis</strong></span> <span class='ocrx_word' id='word_1_319' title='bbox 1606 2250 1781 2319; x_wconf 90' lang='lat' dir='ltr'><strong>malis,</strong></span> <span class='ocrx_word' id='word_1_320' title='bbox 1813 2266 1932 2321; x_wconf 63' lang='lat' dir='ltr'><strong>quae</strong></span> <span class='ocrx_word' id='word_1_321' title='bbox 1968 2266 2254 2322; x_wconf 74' lang='lat' dir='ltr'><strong>perpeSsus</strong></span> 
     </span>
    </p>
   </div>
   <div class='ocr_carea' id='block_1_39' title="bbox 652 2339 2255 2416">
    <p class='ocr_par' dir='ltr' id='par_1_39' title="bbox 652 2339 2255 2416">
     <span class='ocr_line' id='line_1_39' title="bbox 652 2339 2255 2416; baseline -0.002 -15"><span class='ocrx_word' id='word_1_322' title='bbox 652 2356 735 2401; x_wconf 90' lang='lat' dir='ltr'><strong>est</strong></span> <span class='ocrx_word' id='word_1_323' title='bbox 764 2342 998 2400; x_wconf 83' lang='lat' dir='ltr'><strong>Paulus:</strong></span> <span class='ocrx_word' id='word_1_324' title='bbox 1024 2355 1145 2416; x_wconf 69' lang='lat' dir='ltr'><strong>quae</strong></span> <span class='ocrx_word' id='word_1_325' title='bbox 1171 2355 1399 2415; x_wconf 90' lang='lat' dir='ltr'><strong>utraque</strong></span> <span class='ocrx_word' id='word_1_326' title='bbox 1427 2340 1569 2412; x_wconf 81' lang='lat' dir='ltr'><strong>apud</strong></span> <span class='ocrx_word' id='word_1_327' title='bbox 1597 2357 1692 2397; x_wconf 90' lang='lat' dir='ltr'><strong>vos</strong></span> <span class='ocrx_word' id='word_1_328' title='bbox 1726 2340 1925 2396; x_wconf 88' lang='lat' dir='ltr'><strong>habent</strong></span> <span class='ocrx_word' id='word_1_329' title='bbox 1967 2339 2124 2397; x_wconf 87' lang='lat' dir='ltr'><strong>(idem</strong></span> <span class='ocrx_word' id='word_1_330' title='bbox 2168 2356 2255 2397; x_wconf 91' lang='lat' dir='ltr'><strong>me</strong></span> 
     </span>
    </p>
   </div>
   <div class='ocr_carea' id='block_1_40' title="bbox 654 2433 1934 2506">
    <p class='ocr_par' dir='ltr' id='par_1_40' title="bbox 654 2433 1934 2506">
     <span class='ocr_line' id='line_1_40' title="bbox 654 2433 1934 2506; baseline 0.001 -19"><span class='ocrx_word' id='word_1_331' title='bbox 654 2450 868 2506; x_wconf 84' lang='lat' dir='ltr'><strong>passum</strong></span> <span class='ocrx_word' id='word_1_332' title='bbox 896 2449 1040 2500; x_wconf 90' lang='lat' dir='ltr'><strong>esse,</strong></span> <span class='ocrx_word' id='word_1_333' title='bbox 1069 2451 1189 2489; x_wconf 88' lang='lat' dir='ltr'><strong>cum</strong></span> <span class='ocrx_word' id='word_1_334' title='bbox 1221 2442 1313 2489; x_wconf 87' lang='lat' dir='ltr'><strong>aut</strong></span> <span class='ocrx_word' id='word_1_335' title='bbox 1338 2433 1561 2488; x_wconf 81' lang='lat' dir='ltr'><strong>audistis</strong></span> <span class='ocrx_word' id='word_1_336' title='bbox 1590 2441 1681 2487; x_wconf 88' lang='lat' dir='ltr'><strong>aut</strong></span> <span class='ocrx_word' id='word_1_337' title='bbox 1707 2433 1934 2488; x_wconf 86' lang='lat' dir='ltr'><strong>vidistis.</strong></span> 
     </span>
    </p>
   </div>
   <div class='ocr_carea' id='block_1_41' title="bbox 725 2522 2253 2595">
    <p class='ocr_par' dir='ltr' id='par_1_41' title="bbox 725 2522 2253 2595">
     <span class='ocr_line' id='line_1_41' title="bbox 725 2522 2253 2595; baseline -0.002 -14"><span class='ocrx_word' id='word_1_338' title='bbox 725 2528 853 2581; x_wconf 77' lang='lat' dir='ltr'><strong>CAP.</strong></span> <span class='ocrx_word' id='word_1_339' title='bbox 879 2526 1180 2581; x_wconf 79' lang='lat' dir='ltr'><strong>tt.—Vt-:ns.</strong></span> <span class='ocrx_word' id='word_1_340' title='bbox 1210 2522 1332 2592; x_wconf 58' lang='lat' dir='ltr'><strong>LE,</strong></span> <span class='ocrx_word' id='word_1_341' title='bbox 1355 2525 1414 2591; x_wconf 78' lang='lat'><strong>5,</strong></span> <span class='ocrx_word' id='word_1_342' title='bbox 1437 2522 1493 2578; x_wconf 74' lang='grc'><strong>4.</strong></span> <span class='ocrx_word' id='word_1_343' title='bbox 1525 2553 1597 2565; x_wconf 93' lang='lat'><strong>—</strong></span> <span class='ocrx_word' id='word_1_344' title='bbox 1618 2523 1680 2579; x_wconf 86' lang='lat' dir='ltr'><strong>Si</strong></span> <span class='ocrx_word' id='word_1_345' title='bbox 1708 2540 1810 2594; x_wconf 89' lang='lat' dir='ltr'><strong>qua</strong></span> <span class='ocrx_word' id='word_1_346' title='bbox 1834 2524 1989 2595; x_wconf 83' lang='lat' dir='ltr'><strong>igitur</strong></span> <span class='ocrx_word' id='word_1_347' title='bbox 2036 2523 2253 2578; x_wconf 80' lang='lat' dir='ltr'><strong>advoca-</strong></span> 
     </span>
    </p>
   </div>
   <div class='ocr_carea' id='block_1_42' title="bbox 656 2611 2251 2690">
    <p class='ocr_par' dir='ltr' id='par_1_42' title="bbox 656 2611 2251 2690">
     <span class='ocr_line' id='line_1_42' title="bbox 656 2611 2251 2690; baseline -0.001 -20"><span class='ocrx_word' id='word_1_348' title='bbox 656 2614 727 2670; x_wconf 88' lang='lat' dir='ltr'><strong>tio</strong></span> <span class='ocrx_word' id='word_1_349' title='bbox 746 2614 826 2690; x_wconf 76' lang='grc'><strong>(5)</strong></span> <span class='ocrx_word' id='word_1_350' title='bbox 839 2616 890 2671; x_wconf 86' lang='lat' dir='ltr'><strong>in</strong></span> <span class='ocrx_word' id='word_1_351' title='bbox 917 2612 1120 2670; x_wconf 82' lang='lat' dir='ltr'><strong>Christo</strong></span> <span class='ocrx_word' id='word_1_352' title='bbox 1142 2656 1158 2680; x_wconf 93' lang='lat'><strong>,</strong></span> <span class='ocrx_word' id='word_1_353' title='bbox 1199 2614 1245 2667; x_wconf 88' lang='lat' dir='ltr'><strong>si</strong></span> <span class='ocrx_word' id='word_1_354' title='bbox 1267 2630 1367 2683; x_wconf 89' lang='lat' dir='ltr'><strong>qua</strong></span> <span class='ocrx_word' id='word_1_355' title='bbox 1405 2611 1687 2668; x_wconf 79' lang='lat' dir='ltr'><strong>consolatio</strong></span> <span class='ocrx_word' id='word_1_356' title='bbox 1715 2611 2001 2668; x_wconf 82' lang='lat' dir='ltr'><strong>dilectionis</strong></span> <span class='ocrx_word' id='word_1_357' title='bbox 2019 2655 2032 2680; x_wconf 90' lang='lat'><strong>,</strong></span> <span class='ocrx_word' id='word_1_358' title='bbox 2063 2613 2106 2667; x_wconf 90' lang='lat' dir='ltr'><strong>si</strong></span> <span class='ocrx_word' id='word_1_359' title='bbox 2150 2629 2251 2684; x_wconf 89' lang='lat' dir='ltr'><strong>qua</strong></span> 
     </span>
    </p>
   </div>
   <div class='ocr_carea' id='block_1_43' title="bbox 653 2704 2252 2779">
    <p class='ocr_par' dir='ltr' id='par_1_43' title="bbox 653 2704 2252 2779">
     <span class='ocr_line' id='line_1_43' title="bbox 653 2704 2252 2779; baseline -0.003 -14"><span class='ocrx_word' id='word_1_360' title='bbox 653 2709 866 2765; x_wconf 86' lang='lat' dir='ltr'><strong>societas</strong></span> <span class='ocrx_word' id='word_1_361' title='bbox 894 2708 1127 2775; x_wconf 84' lang='lat' dir='ltr'><strong>spiritus,</strong></span> <span class='ocrx_word' id='word_1_362' title='bbox 1151 2707 1195 2762; x_wconf 86' lang='lat' dir='ltr'><strong>si</strong></span> <span class='ocrx_word' id='word_1_363' title='bbox 1220 2723 1321 2779; x_wconf 89' lang='lat' dir='ltr'><strong>qua</strong></span> <span class='ocrx_word' id='word_1_364' title='bbox 1343 2707 1534 2761; x_wconf 86' lang='lat' dir='ltr'><strong>viscera</strong></span> <span class='ocrx_word' id='word_1_365' title='bbox 1556 2713 1603 2759; x_wconf 89' lang='lat' dir='ltr'><strong>et</strong></span> <span class='ocrx_word' id='word_1_366' title='bbox 1624 2706 2011 2773; x_wconf 85' lang='lat' dir='ltr'><strong>miserationes;</strong></span> <span class='ocrx_word' id='word_1_367' title='bbox 2047 2704 2252 2776; x_wconf 84' lang='lat' dir='ltr'><strong>implete</strong></span> 
     </span>
    </p>
   </div>
   <div class='ocr_carea' id='block_1_44' title="bbox 652 2794 2249 2878">
    <p class='ocr_par' dir='ltr' id='par_1_44' title="bbox 652 2794 2249 2878">
     <span class='ocr_line' id='line_1_44' title="bbox 652 2794 2249 2878; baseline -0.003 -20"><span class='ocrx_word' id='word_1_368' title='bbox 652 2801 899 2878; x_wconf 87' lang='lat' dir='ltr'><strong>gaudium</strong></span> <span class='ocrx_word' id='word_1_369' title='bbox 928 2816 1116 2865; x_wconf 86' lang='lat' dir='ltr'><strong>meum,</strong></span> <span class='ocrx_word' id='word_1_370' title='bbox 1142 2809 1195 2853; x_wconf 90' lang='lat' dir='ltr'><strong>ut</strong></span> <span class='ocrx_word' id='word_1_371' title='bbox 1222 2799 1355 2853; x_wconf 87' lang='lat' dir='ltr'><strong>idem</strong></span> <span class='ocrx_word' id='word_1_372' title='bbox 1379 2799 1610 2852; x_wconf 83' lang='lat' dir='ltr'><strong>sentiatis</strong></span> <span class='ocrx_word' id='word_1_373' title='bbox 1639 2813 1829 2852; x_wconf 88' lang='lat' dir='ltr'><strong>omnes.</strong></span> <span class='ocrx_word' id='word_1_374' title='bbox 1858 2794 2130 2853; x_wconf 85' lang='lat' dir='ltr'><strong>Petiturus</strong></span> <span class='ocrx_word' id='word_1_375' title='bbox 2152 2795 2249 2854; x_wconf 86' lang='lat' dir='ltr'><strong>be-</strong></span> 
     </span>
    </p>
   </div>
   <div class='ocr_carea' id='block_1_45' title="bbox 648 2890 2245 2965">
    <p class='ocr_par' dir='ltr' id='par_1_45' title="bbox 648 2890 2245 2965">
     <span class='ocr_line' id='line_1_45' title="bbox 648 2890 2245 2965; baseline -0.005 -12"><span class='ocrx_word' id='word_1_376' title='bbox 648 2896 921 2962; x_wconf 76' lang='lat' dir='ltr'><strong>neficium,</strong></span> <span class='ocrx_word' id='word_1_377' title='bbox 959 2904 1017 2949; x_wconf 92' lang='lat' dir='ltr'><strong>ut</strong></span> <span class='ocrx_word' id='word_1_378' title='bbox 1044 2891 1295 2965; x_wconf 85' lang='lat' dir='ltr'><strong>gaudium</strong></span> <span class='ocrx_word' id='word_1_379' title='bbox 1324 2907 1477 2949; x_wconf 86' lang='lat' dir='ltr'><strong>suum</strong></span> <span class='ocrx_word' id='word_1_380' title='bbox 1516 2890 1798 2961; x_wconf 88' lang='lat' dir='ltr'><strong>impleatur</strong></span> <span class='ocrx_word' id='word_1_381' title='bbox 1829 2892 1971 2962; x_wconf 89' lang='lat' dir='ltr'><strong>quod</strong></span> <span class='ocrx_word' id='word_1_382' title='bbox 1996 2890 2245 2963; x_wconf 87' lang='lat' dir='ltr'><strong>gaudium</strong></span> 
     </span>
    </p>
   </div>
   <div class='ocr_carea' id='block_1_46' title="bbox 647 2982 2247 3050">
    <p class='ocr_par' dir='ltr' id='par_1_46' title="bbox 647 2982 2247 3050">
     <span class='ocr_line' id='line_1_46' title="bbox 647 2982 2247 3050; baseline -0.003 -5"><span class='ocrx_word' id='word_1_383' title='bbox 647 2990 791 3046; x_wconf 82' lang='lat' dir='ltr'><strong>circa</strong></span> <span class='ocrx_word' id='word_1_384' title='bbox 822 2987 923 3043; x_wconf 91' lang='lat' dir='ltr'><strong>hoc</strong></span> <span class='ocrx_word' id='word_1_385' title='bbox 967 2986 1275 3042; x_wconf 90' lang='lat' dir='ltr'><strong>mandatum</strong></span> <span class='ocrx_word' id='word_1_386' title='bbox 1307 2996 1411 3050; x_wconf 83' lang='lat' dir='ltr'><strong>est,</strong></span> <span class='ocrx_word' id='word_1_387' title='bbox 1440 2992 1495 3039; x_wconf 89' lang='lat' dir='ltr'><strong>ut</strong></span> <span class='ocrx_word' id='word_1_388' title='bbox 1540 2982 1674 3038; x_wconf 85' lang='lat' dir='ltr'><strong>idem</strong></span> <span class='ocrx_word' id='word_1_389' title='bbox 1702 2985 1929 3039; x_wconf 83' lang='lat' dir='ltr'><strong>sentiatis</strong></span> <span class='ocrx_word' id='word_1_390' title='bbox 1952 3000 2153 3050; x_wconf 83' lang='lat' dir='ltr'><strong>omnes,</strong></span> <span class='ocrx_word' id='word_1_391' title='bbox 2186 2992 2247 3040; x_wconf 88' lang='lat' dir='ltr'><strong>ut</strong></span> 
     </span>
    </p>
   </div>
   <div class='ocr_carea' id='block_1_47' title="bbox 648 3072 2241 3153">
    <p class='ocr_par' dir='ltr' id='par_1_47' title="bbox 648 3072 2241 3153">
     <span class='ocr_line' id='line_1_47' title="bbox 648 3072 2241 3153; baseline -0.003 -16"><span class='ocrx_word' id='word_1_392' title='bbox 648 3082 829 3138; x_wconf 89' lang='lat' dir='ltr'><strong>nullus</strong></span> <span class='ocrx_word' id='word_1_393' title='bbox 870 3080 1141 3148; x_wconf 88' lang='lat' dir='ltr'><strong>discrepet</strong></span> <span class='ocrx_word' id='word_1_394' title='bbox 1168 3072 1329 3153; x_wconf 90' lang='lat' dir='ltr'><strong>(tunc</strong></span> <span class='ocrx_word' id='word_1_395' title='bbox 1356 3078 1499 3133; x_wconf 90' lang='lat' dir='ltr'><strong>enim</strong></span> <span class='ocrx_word' id='word_1_396' title='bbox 1530 3088 1581 3134; x_wconf 90' lang='lat' dir='ltr'><strong>et</strong></span> <span class='ocrx_word' id='word_1_397' title='bbox 1606 3075 1843 3134; x_wconf 78' lang='lat' dir='ltr'><strong>Charitas</strong></span> <span class='ocrx_word' id='word_1_398' title='bbox 1874 3087 1929 3133; x_wconf 90' lang='lat' dir='ltr'><strong>et</strong></span> <span class='ocrx_word' id='word_1_399' title='bbox 1954 3077 2241 3134; x_wconf 86' lang='lat' dir='ltr'><strong>concordia</strong></span> 
     </span>
    </p>
   </div>
   <div class='ocr_carea' id='block_1_48' title="bbox 2365 1870 3810 1949">
    <p class='ocr_par' dir='ltr' id='par_1_48' title="bbox 2365 1870 3810 1949">
     <span class='ocr_line' id='line_1_48' title="bbox 2365 1870 3810 1949; baseline 0.01 -25"><span class='ocrx_word' id='word_1_400' title='bbox 2365 1870 2602 1925; x_wconf 86' lang='lat' dir='ltr'><strong>rationes</strong></span> <span class='ocrx_word' id='word_1_401' title='bbox 2630 1879 2809 1926; x_wconf 90' lang='lat' dir='ltr'><strong>autem</strong></span> <span class='ocrx_word' id='word_1_402' title='bbox 2836 1880 2962 1929; x_wconf 89' lang='lat' dir='ltr'><strong>sunt</strong></span> <span class='ocrx_word' id='word_1_403' title='bbox 2988 1873 3058 1929; x_wconf 85' lang='lat' dir='ltr'><strong>ad</strong></span> <span class='ocrx_word' id='word_1_404' title='bbox 3090 1873 3223 1942; x_wconf 87' lang='lat' dir='ltr'><strong>hoc,</strong></span> <span class='ocrx_word' id='word_1_405' title='bbox 3256 1875 3299 1931; x_wconf 88' lang='lat' dir='ltr'><strong>si</strong></span> <span class='ocrx_word' id='word_1_406' title='bbox 3324 1892 3421 1949; x_wconf 90' lang='lat' dir='ltr'><strong>qua</strong></span> <span class='ocrx_word' id='word_1_407' title='bbox 3443 1879 3688 1935; x_wconf 79' lang='lat' dir='ltr'><strong>consolatio</strong></span> <span class='ocrx_word' id='word_1_408' title='bbox 3706 1885 3810 1938; x_wconf 80' lang='lat' dir='ltr'><strong>estdi-</strong></span> 
     </span>
    </p>
   </div>
   <div class='ocr_carea' id='block_1_49' title="bbox 2365 1958 3806 2044">
    <p class='ocr_par' dir='ltr' id='par_1_49' title="bbox 2365 1958 3806 2044">
     <span class='ocr_line' id='line_1_49' title="bbox 2365 1958 3806 2044; baseline 0.009 -27"><span class='ocrx_word' id='word_1_409' title='bbox 2365 1958 2633 2032; x_wconf 90' lang='lat' dir='ltr'><strong>lectionis,</strong></span> <span class='ocrx_word' id='word_1_410' title='bbox 2664 1973 2725 2020; x_wconf 91' lang='lat' dir='ltr'><strong>ut</strong></span> <span class='ocrx_word' id='word_1_411' title='bbox 2745 1968 2925 2023; x_wconf 89' lang='lat' dir='ltr'><strong>omnis</strong></span> <span class='ocrx_word' id='word_1_412' title='bbox 2950 1965 3180 2024; x_wconf 89' lang='lat' dir='ltr'><strong>alterum</strong></span> <span class='ocrx_word' id='word_1_413' title='bbox 3204 1970 3516 2040; x_wconf 77' lang='lat' dir='ltr'><strong>consoletur,</strong></span> <span class='ocrx_word' id='word_1_414' title='bbox 3542 1974 3656 2044; x_wconf 90' lang='lat' dir='ltr'><strong>quod</strong></span> <span class='ocrx_word' id='word_1_415' title='bbox 3675 1976 3711 2030; x_wconf 86' lang='lat' dir='ltr'><strong>in</strong></span> <span class='ocrx_word' id='word_1_416' title='bbox 3727 1977 3806 2030; x_wconf 74' lang='lat' dir='ltr'><strong>nnis</strong></span> 
     </span>
    </p>
   </div>
   <div class='ocr_carea' id='block_1_50' title="bbox 2363 2057 3809 2134">
    <p class='ocr_par' dir='ltr' id='par_1_50' title="bbox 2363 2057 3809 2134">
     <span class='ocr_line' id='line_1_50' title="bbox 2363 2057 3809 2134; baseline 0.006 -24"><span class='ocrx_word' id='word_1_417' title='bbox 2363 2066 2580 2127; x_wconf 83' lang='lat' dir='ltr'><strong>semper</strong></span> <span class='ocrx_word' id='word_1_418' title='bbox 2609 2057 2661 2112; x_wconf 90' lang='lat' dir='ltr'><strong>in</strong></span> <span class='ocrx_word' id='word_1_419' title='bbox 2684 2058 2887 2115; x_wconf 90' lang='lat' dir='ltr'><strong>mundo</strong></span> <span class='ocrx_word' id='word_1_420' title='bbox 2909 2070 3097 2116; x_wconf 85' lang='lat' dir='ltr'><strong>sumus</strong></span> <span class='ocrx_word' id='word_1_421' title='bbox 3125 2079 3138 2115; x_wconf 88' lang='lat'><strong>:</strong></span> <span class='ocrx_word' id='word_1_422' title='bbox 3160 2063 3410 2134; x_wconf 88' lang='lat' dir='ltr'><strong>quoniam</strong></span> <span class='ocrx_word' id='word_1_423' title='bbox 3428 2065 3607 2122; x_wconf 79' lang='lat' dir='ltr'><strong>viscera</strong></span> <span class='ocrx_word' id='word_1_424' title='bbox 3625 2066 3752 2122; x_wconf 83' lang='lat' dir='ltr'><strong>eadem</strong></span> <span class='ocrx_word' id='word_1_425' title='bbox 3766 2082 3809 2120; x_wconf 67' lang='lat' dir='ltr'><strong>stt-</strong></span> 
     </span>
    </p>
   </div>
   <div class='ocr_carea' id='block_1_51' title="bbox 2360 2150 3804 2228">
    <p class='ocr_par' dir='ltr' id='par_1_51' title="bbox 2360 2150 3804 2228">
     <span class='ocr_line' id='line_1_51' title="bbox 2360 2150 3804 2228; baseline 0.006 -26"><span class='ocrx_word' id='word_1_426' title='bbox 2360 2162 2480 2203; x_wconf 89' lang='lat' dir='ltr'><strong>mus</strong></span> <span class='ocrx_word' id='word_1_427' title='bbox 2500 2190 2516 2215; x_wconf 94' lang='lat'><strong>,</strong></span> <span class='ocrx_word' id='word_1_428' title='bbox 2543 2150 2922 2208; x_wconf 87' lang='lat' dir='ltr'><strong>miserationes</strong></span> <span class='ocrx_word' id='word_1_429' title='bbox 2949 2152 3181 2211; x_wconf 81' lang='lat' dir='ltr'><strong>invicem</strong></span> <span class='ocrx_word' id='word_1_430' title='bbox 3211 2155 3367 2211; x_wconf 87' lang='lat' dir='ltr'><strong>nobis</strong></span> <span class='ocrx_word' id='word_1_431' title='bbox 3391 2167 3619 2228; x_wconf 75' lang='lat' dir='ltr'><strong>prtestare</strong></span> <span class='ocrx_word' id='word_1_432' title='bbox 3641 2157 3804 2214; x_wconf 76' lang='lat' dir='ltr'><strong>debemus.</strong></span> 
     </span>
    </p>
   </div>
   <div class='ocr_carea' id='block_1_52' title="bbox 2358 2239 3807 2321">
    <p class='ocr_par' dir='ltr' id='par_1_52' title="bbox 2358 2239 3807 2321">
     <span class='ocr_line' id='line_1_52' title="bbox 2358 2239 3807 2321; baseline 0.004 -24"><span class='ocrx_word' id='word_1_433' title='bbox 2358 2239 2449 2297; x_wconf 85' lang='lat' dir='ltr'><strong>Sic</strong></span> <span class='ocrx_word' id='word_1_434' title='bbox 2477 2250 2607 2313; x_wconf 85' lang='lat' dir='ltr'><strong>ergo</strong></span> <span class='ocrx_word' id='word_1_435' title='bbox 2633 2242 2806 2314; x_wconf 87' lang='lat' dir='ltr'><strong>siqua</strong></span> <span class='ocrx_word' id='word_1_436' title='bbox 2835 2245 3041 2302; x_wconf 82' lang='lat' dir='ltr'><strong>viscera</strong></span> <span class='ocrx_word' id='word_1_437' title='bbox 3070 2248 3448 2316; x_wconf 83' lang='lat' dir='ltr'><strong>miserationis,</strong></span> <span class='ocrx_word' id='word_1_438' title='bbox 3476 2248 3649 2321; x_wconf 76' lang='lat' dir='ltr'><strong>irnplete</strong></span> <span class='ocrx_word' id='word_1_439' title='bbox 3664 2250 3807 2321; x_wconf 70' lang='lat' dir='ltr'><strong>gestia</strong></span> 
     </span>
    </p>
   </div>
   <div class='ocr_carea' id='block_1_53' title="bbox 2357 2334 3804 2412">
    <p class='ocr_par' dir='ltr' id='par_1_53' title="bbox 2357 2334 3804 2412">
     <span class='ocr_line' id='line_1_53' title="bbox 2357 2334 3804 2412; baseline 0.005 -25"><span class='ocrx_word' id='word_1_440' title='bbox 2357 2346 2542 2389; x_wconf 74' lang='lat' dir='ltr'><strong>ineunt.</strong></span> <span class='ocrx_word' id='word_1_441' title='bbox 2579 2334 2736 2402; x_wconf 85' lang='lat' dir='ltr'><strong>Quod</strong></span> <span class='ocrx_word' id='word_1_442' title='bbox 2761 2346 2941 2393; x_wconf 90' lang='lat' dir='ltr'><strong>autem</strong></span> <span class='ocrx_word' id='word_1_443' title='bbox 2969 2339 3243 2409; x_wconf 85' lang='lat' dir='ltr'><strong>gaudium,</strong></span> <span class='ocrx_word' id='word_1_444' title='bbox 3271 2340 3564 2412; x_wconf 82' lang='lat' dir='ltr'><strong>subjunxit,</strong></span> <span class='ocrx_word' id='word_1_445' title='bbox 3591 2342 3804 2396; x_wconf 70' lang='lat' dir='ltr'><strong>ntidama-</strong></span> 
     </span>
    </p>
   </div>
   <div class='ocr_carea' id='block_1_54' title="bbox 2356 2427 3805 2503">
    <p class='ocr_par' dir='ltr' id='par_1_54' title="bbox 2356 2427 3805 2503">
     <span class='ocr_line' id='line_1_54' title="bbox 2356 2427 3805 2503; baseline 0.006 -23"><span class='ocrx_word' id='word_1_446' title='bbox 2356 2427 2527 2495; x_wconf 85' lang='lat' dir='ltr'><strong>tiatis,</strong></span> <span class='ocrx_word' id='word_1_447' title='bbox 2555 2441 2747 2484; x_wconf 87' lang='lat' dir='ltr'><strong>omnes</strong></span> <span class='ocrx_word' id='word_1_448' title='bbox 2778 2429 2830 2484; x_wconf 92' lang='lat' dir='ltr'><strong>id</strong></span> <span class='ocrx_word' id='word_1_449' title='bbox 2859 2432 3053 2501; x_wconf 88' lang='lat' dir='ltr'><strong>ipsum.</strong></span> <span class='ocrx_word' id='word_1_450' title='bbox 3087 2431 3227 2499; x_wconf 80' lang='lat' dir='ltr'><strong>Quid</strong></span> <span class='ocrx_word' id='word_1_451' title='bbox 3253 2444 3337 2489; x_wconf 91' lang='lat' dir='ltr'><strong>est</strong></span> <span class='ocrx_word' id='word_1_452' title='bbox 3368 2433 3499 2489; x_wconf 80' lang='lat' dir='ltr'><strong>idem</strong></span> <span class='ocrx_word' id='word_1_453' title='bbox 3523 2432 3805 2503; x_wconf 60' lang='lat' dir='ltr'><strong>sentiotitlsnp</strong></span> 
     </span>
    </p>
   </div>
   <div class='ocr_carea' id='block_1_55' title="bbox 2355 2519 3804 2596">
    <p class='ocr_par' dir='ltr' id='par_1_55' title="bbox 2355 2519 3804 2596">
     <span class='ocr_line' id='line_1_55' title="bbox 2355 2519 3804 2596; baseline 0.003 -24"><span class='ocrx_word' id='word_1_454' title='bbox 2355 2519 2506 2588; x_wconf 88' lang='lat' dir='ltr'><strong>ponit</strong></span> <span class='ocrx_word' id='word_1_455' title='bbox 2530 2534 2626 2590; x_wconf 89' lang='lat' dir='ltr'><strong>per</strong></span> <span class='ocrx_word' id='word_1_456' title='bbox 2649 2521 2891 2590; x_wconf 74' lang='lat' dir='ltr'><strong>subiecta</strong></span> <span class='ocrx_word' id='word_1_457' title='bbox 2911 2564 2925 2589; x_wconf 90' lang='lat'><strong>,</strong></span> <span class='ocrx_word' id='word_1_458' title='bbox 2962 2532 3055 2578; x_wconf 91' lang='lat' dir='ltr'><strong>aut</strong></span> <span class='ocrx_word' id='word_1_459' title='bbox 3086 2524 3138 2579; x_wconf 91' lang='lat' dir='ltr'><strong>in</strong></span> <span class='ocrx_word' id='word_1_460' title='bbox 3168 2525 3367 2596; x_wconf 87' lang='lat' dir='ltr'><strong>quibus</strong></span> <span class='ocrx_word' id='word_1_461' title='bbox 3394 2523 3526 2580; x_wconf 87' lang='lat' dir='ltr'><strong>idem</strong></span> <span class='ocrx_word' id='word_1_462' title='bbox 3553 2526 3804 2589; x_wconf 79' lang='lat' dir='ltr'><strong>sentiant,in</strong></span> 
     </span>
    </p>
   </div>
   <div class='ocr_carea' id='block_1_56' title="bbox 2353 2613 3803 2682">
    <p class='ocr_par' dir='ltr' id='par_1_56' title="bbox 2353 2613 3803 2682">
     <span class='ocr_line' id='line_1_56' title="bbox 2353 2613 3803 2682; baseline 0.003 -15"><span class='ocrx_word' id='word_1_463' title='bbox 2353 2613 2810 2682; x_wconf 87' lang='lat' dir='ltr'><strong>quemadmodum</strong></span> <span class='ocrx_word' id='word_1_464' title='bbox 2837 2614 2979 2671; x_wconf 88' lang='lat' dir='ltr'><strong>idem</strong></span> <span class='ocrx_word' id='word_1_465' title='bbox 3021 2623 3258 2673; x_wconf 83' lang='lat' dir='ltr'><strong>sentiant</strong></span> <span class='ocrx_word' id='word_1_466' title='bbox 3296 2635 3313 2674; x_wconf 90' lang='lat'><strong>:</strong></span> <span class='ocrx_word' id='word_1_467' title='bbox 3343 2644 3415 2661; x_wconf 80' lang='grc'><strong>--</strong></span> <span class='ocrx_word' id='word_1_468' title='bbox 3442 2617 3654 2674; x_wconf 69' lang='lat' dir='ltr'><strong>Eandem</strong></span> <span class='ocrx_word' id='word_1_469' title='bbox 3670 2617 3803 2671; x_wconf 72' lang='lat' dir='ltr'><strong>dilectio—</strong></span> 
     </span>
    </p>
   </div>
   <div class='ocr_carea' id='block_1_57' title="bbox 2351 2710 3804 2779">
    <p class='ocr_par' dir='ltr' id='par_1_57' title="bbox 2351 2710 3804 2779">
     <span class='ocr_line' id='line_1_57' title="bbox 2351 2710 3804 2779; baseline 0.001 -20"><span class='ocrx_word' id='word_1_470' title='bbox 2351 2720 2469 2760; x_wconf 85' lang='lat' dir='ltr'><strong>nem</strong></span> <span class='ocrx_word' id='word_1_471' title='bbox 2497 2721 2643 2762; x_wconf 61' lang='lat' dir='ltr'><strong>eccere</strong></span> <span class='ocrx_word' id='word_1_472' title='bbox 2667 2710 2795 2762; x_wconf 88' lang='lat' dir='ltr'><strong>eatis</strong></span> <span class='ocrx_word' id='word_1_473' title='bbox 2841 2712 3128 2779; x_wconf 80' lang='lat' dir='ltr'><strong>unanimes,</strong></span> <span class='ocrx_word' id='word_1_474' title='bbox 3175 2726 3337 2766; x_wconf 86' lang='lat' dir='ltr'><strong>unum</strong></span> <span class='ocrx_word' id='word_1_475' title='bbox 3385 2716 3642 2776; x_wconf 85' lang='lat' dir='ltr'><strong>sentientes,</strong></span> <span class='ocrx_word' id='word_1_476' title='bbox 3660 2710 3804 2777; x_wconf 74' lang='lat' dir='ltr'><strong>niiilpa</strong></span> 
     </span>
    </p>
   </div>
   <div class='ocr_carea' id='block_1_58' title="bbox 2349 2800 3803 2877">
    <p class='ocr_par' dir='ltr' id='par_1_58' title="bbox 2349 2800 3803 2877">
     <span class='ocr_line' id='line_1_58' title="bbox 2349 2800 3803 2877; baseline 0.003 -24"><span class='ocrx_word' id='word_1_477' title='bbox 2349 2801 2757 2869; x_wconf 82' lang='lat' dir='ltr'><strong>contentionem,</strong></span> <span class='ocrx_word' id='word_1_478' title='bbox 2800 2816 2958 2873; x_wconf 88' lang='lat' dir='ltr'><strong>neque</strong></span> <span class='ocrx_word' id='word_1_479' title='bbox 2995 2816 3087 2874; x_wconf 83' lang='lat' dir='ltr'><strong>per</strong></span> <span class='ocrx_word' id='word_1_480' title='bbox 3121 2805 3330 2859; x_wconf 88' lang='lat' dir='ltr'><strong>inanem</strong></span> <span class='ocrx_word' id='word_1_481' title='bbox 3362 2802 3596 2877; x_wconf 83' lang='lat' dir='ltr'><strong>gloriam,</strong></span> <span class='ocrx_word' id='word_1_482' title='bbox 3620 2805 3683 2858; x_wconf 79' lang='lat' dir='ltr'><strong>uti</strong></span> <span class='ocrx_word' id='word_1_483' title='bbox 3708 2800 3803 2857; x_wconf 75' lang='lat' dir='ltr'><strong>inil-</strong></span> 
     </span>
    </p>
   </div>
   <div class='ocr_carea' id='block_1_59' title="bbox 2350 2892 3802 2969">
    <p class='ocr_par' dir='ltr' id='par_1_59' title="bbox 2350 2892 3802 2969">
     <span class='ocr_line' id='line_1_59' title="bbox 2350 2892 3802 2969; baseline 0.004 -23"><span class='ocrx_word' id='word_1_484' title='bbox 2350 2892 2568 2948; x_wconf 88' lang='lat' dir='ltr'><strong>militate</strong></span> <span class='ocrx_word' id='word_1_485' title='bbox 2600 2910 2780 2950; x_wconf 82' lang='lat' dir='ltr'><strong>sensus</strong></span> <span class='ocrx_word' id='word_1_486' title='bbox 2820 2896 3035 2951; x_wconf 81' lang='lat' dir='ltr'><strong>invicem</strong></span> <span class='ocrx_word' id='word_1_487' title='bbox 3089 2912 3174 2952; x_wconf 79' lang='lat' dir='ltr'><strong>vos</strong></span> <span class='ocrx_word' id='word_1_488' title='bbox 3222 2899 3289 2953; x_wconf 87' lang='lat' dir='ltr'><strong>ab</strong></span> <span class='ocrx_word' id='word_1_489' title='bbox 3343 2899 3513 2954; x_wconf 83' lang='lat' dir='ltr'><strong>alteris</strong></span> <span class='ocrx_word' id='word_1_490' title='bbox 3552 2897 3716 2969; x_wconf 63' lang='lat' dir='ltr'><strong>prasidi</strong></span> <span class='ocrx_word' id='word_1_491' title='bbox 3732 2894 3802 2947; x_wconf 63' lang='lat' dir='ltr'><strong>uli-</strong></span> 
     </span>
    </p>
   </div>
   <div class='ocr_carea' id='block_1_60' title="bbox 2347 2984 3801 3064">
    <p class='ocr_par' dir='ltr' id='par_1_60' title="bbox 2347 2984 3801 3064">
     <span class='ocr_line' id='line_1_60' title="bbox 2347 2984 3801 3064; baseline 0.003 -27"><span class='ocrx_word' id='word_1_492' title='bbox 2347 2992 2559 3039; x_wconf 84' lang='lat' dir='ltr'><strong>trantes.</strong></span> <span class='ocrx_word' id='word_1_493' title='bbox 2592 2984 2715 3039; x_wconf 79' lang='lat' dir='ltr'><strong>Non</strong></span> <span class='ocrx_word' id='word_1_494' title='bbox 2744 3002 2838 3040; x_wconf 82' lang='lat' dir='ltr'><strong>sua</strong></span> <span class='ocrx_word' id='word_1_495' title='bbox 2875 2988 3089 3057; x_wconf 83' lang='lat' dir='ltr'><strong>propria</strong></span> <span class='ocrx_word' id='word_1_496' title='bbox 3127 2996 3329 3044; x_wconf 82' lang='lat' dir='ltr'><strong>tantum</strong></span> <span class='ocrx_word' id='word_1_497' title='bbox 3355 2992 3801 3064; x_wconf 75' lang='lat' dir='ltr'><strong>unusquisqnuutm</strong></span> 
     </span>
    </p>
   </div>
   <div class='ocr_carea' id='block_1_61' title="bbox 2347 3076 3353 3154">
    <p class='ocr_par' dir='ltr' id='par_1_61' title="bbox 2347 3076 3353 3154">
     <span class='ocr_line' id='line_1_61' title="bbox 2347 3076 3353 3154; baseline 0.007 -25"><span class='ocrx_word' id='word_1_498' title='bbox 2347 3076 2644 3146; x_wconf 77' lang='lat' dir='ltr'><strong>perspiciat,</strong></span> <span class='ocrx_word' id='word_1_499' title='bbox 2672 3076 2763 3132; x_wconf 85' lang='lat' dir='ltr'><strong>sed</strong></span> <span class='ocrx_word' id='word_1_500' title='bbox 2784 3079 3006 3133; x_wconf 87' lang='lat' dir='ltr'><strong>aliorum</strong></span> <span class='ocrx_word' id='word_1_501' title='bbox 3026 3080 3216 3152; x_wconf 81' lang='lat' dir='ltr'><strong>singuli</strong></span> <span class='ocrx_word' id='word_1_502' title='bbox 3245 3082 3353 3154; x_wconf 72' lang='lat'><strong>(2).</strong></span> 
     </span>
    </p>
   </div>
   <div class='ocr_carea' id='block_1_62' title="bbox 642 3166 3803 3249">
    <p class='ocr_par' dir='ltr' id='par_1_62' title="bbox 642 3166 3803 3249">
     <span class='ocr_line' id='line_1_62' title="bbox 642 3166 3803 3249; baseline -0.003 -19"><span class='ocrx_word' id='word_1_503' title='bbox 642 3183 747 3241; x_wconf 90' lang='lat' dir='ltr'><strong>est,</strong></span> <span class='ocrx_word' id='word_1_504' title='bbox 765 3174 905 3229; x_wconf 89' lang='lat' dir='ltr'><strong>idem</strong></span> <span class='ocrx_word' id='word_1_505' title='bbox 935 3172 1287 3227; x_wconf 87' lang='lat' dir='ltr'><strong>sentientibus</strong></span> <span class='ocrx_word' id='word_1_506' title='bbox 1317 3170 1524 3226; x_wconf 85' lang='lat' dir='ltr'><strong>cunctis</strong></span> <span class='ocrx_word' id='word_1_507' title='bbox 1543 3187 1558 3238; x_wconf 89' lang='lat'><strong>;</strong></span> <span class='ocrx_word' id='word_1_508' title='bbox 1578 3180 1631 3226; x_wconf 85' lang='lat' dir='ltr'><strong>et</strong></span> <span class='ocrx_word' id='word_1_509' title='bbox 1646 3171 1690 3225; x_wconf 90' lang='lat' dir='ltr'><strong>si</strong></span> <span class='ocrx_word' id='word_1_510' title='bbox 1703 3171 1989 3227; x_wconf 90' lang='lat' dir='ltr'><strong>concordia</strong></span> <span class='ocrx_word' id='word_1_511' title='bbox 2005 3180 2108 3238; x_wconf 87' lang='lat' dir='ltr'><strong>est,</strong></span> <span class='ocrx_word' id='word_1_512' title='bbox 2137 3170 2240 3228; x_wconf 90' lang='lat' dir='ltr'><strong>hoc</strong></span> <span class='ocrx_word' id='word_1_513' title='bbox 2266 3185 2310 3249; x_wconf 70' lang='grc' dir='ltr'>α</span> <span class='ocrx_word' id='word_1_514' title='bbox 2417 3166 2583 3223; x_wconf 76' lang='lat' dir='ltr'><strong>Vens.</strong></span> <span class='ocrx_word' id='word_1_515' title='bbox 2604 3169 2660 3225; x_wconf 78' lang='lat' dir='ltr'><strong>li.</strong></span> <span class='ocrx_word' id='word_1_516' title='bbox 2687 3196 2761 3210; x_wconf 88' lang='lat'><strong>--</strong></span> <span class='ocrx_word' id='word_1_517' title='bbox 2784 3168 2901 3225; x_wconf 82' lang='lat' dir='ltr'><strong>Hoc</strong></span> <span class='ocrx_word' id='word_1_518' title='bbox 2918 3172 3053 3225; x_wconf 88' lang='lat' dir='ltr'><strong>enim</strong></span> <span class='ocrx_word' id='word_1_519' title='bbox 3073 3174 3252 3228; x_wconf 84' lang='lat' dir='ltr'><strong>sentite</strong></span> <span class='ocrx_word' id='word_1_520' title='bbox 3274 3176 3328 3229; x_wconf 83' lang='lat' dir='ltr'><strong>in</strong></span> <span class='ocrx_word' id='word_1_521' title='bbox 3347 3175 3485 3230; x_wconf 73' lang='lat' dir='ltr'><strong>vobis</strong></span> <span class='ocrx_word' id='word_1_522' title='bbox 3501 3173 3618 3243; x_wconf 84' lang='lat' dir='ltr'><strong>quod</strong></span> <span class='ocrx_word' id='word_1_523' title='bbox 3638 3167 3803 3228; x_wconf 74' lang='lat' dir='ltr'><strong>etist</strong></span> 
     </span>
    </p>
   </div>
   <div class='ocr_carea' id='block_1_63' title="bbox 641 3264 2237 3338">
    <p class='ocr_par' dir='ltr' id='par_1_63' title="bbox 641 3264 2237 3338">
     <span class='ocr_line' id='line_1_63' title="bbox 641 3264 2237 3338; baseline -0.001 -15"><span class='ocrx_word' id='word_1_524' title='bbox 641 3266 1149 3338; x_wconf 86' lang='lat' dir='ltr'><strong>habebitapostoius</strong></span> <span class='ocrx_word' id='word_1_525' title='bbox 1166 3264 1439 3336; x_wconf 80' lang='lat' dir='ltr'><strong>gaudium)</strong></span> <span class='ocrx_word' id='word_1_526' title='bbox 1462 3283 1473 3318; x_wconf 92' lang='lat'>:</span> <span class='ocrx_word' id='word_1_527' title='bbox 1493 3272 1552 3320; x_wconf 91' lang='lat' dir='ltr'><strong>ut</strong></span> <span class='ocrx_word' id='word_1_528' title='bbox 1567 3278 1696 3334; x_wconf 84' lang='lat' dir='ltr'><strong>ergo</strong></span> <span class='ocrx_word' id='word_1_529' title='bbox 1714 3264 1814 3320; x_wconf 87' lang='lat' dir='ltr'><strong>hoc</strong></span> <span class='ocrx_word' id='word_1_530' title='bbox 1828 3266 2077 3335; x_wconf 84' lang='lat' dir='ltr'><strong>impetret</strong></span> <span class='ocrx_word' id='word_1_531' title='bbox 2095 3267 2237 3336; x_wconf 89' lang='lat' dir='ltr'><strong>quod</strong></span> 
     </span>
    </p>
   </div>
   <div class='ocr_carea' id='block_1_64' title="bbox 638 3355 2233 3430">
    <p class='ocr_par' dir='ltr' id='par_1_64' title="bbox 638 3355 2233 3430">
     <span class='ocr_line' id='line_1_64' title="bbox 638 3355 2233 3430; baseline -0.003 -14"><span class='ocrx_word' id='word_1_532' title='bbox 638 3376 793 3416; x_wconf 89' lang='lat' dir='ltr'><strong>suum</strong></span> <span class='ocrx_word' id='word_1_533' title='bbox 817 3360 1070 3430; x_wconf 85' lang='lat' dir='ltr'><strong>gaudium</strong></span> <span class='ocrx_word' id='word_1_534' title='bbox 1096 3356 1207 3411; x_wconf 83' lang='lat' dir='ltr'><strong>vult</strong></span> <span class='ocrx_word' id='word_1_535' title='bbox 1235 3371 1388 3424; x_wconf 84' lang='lat' dir='ltr'><strong>esse,</strong></span> <span class='ocrx_word' id='word_1_536' title='bbox 1417 3372 1510 3427; x_wconf 89' lang='lat' dir='ltr'><strong>per</strong></span> <span class='ocrx_word' id='word_1_537' title='bbox 1556 3358 1770 3411; x_wconf 84' lang='lat' dir='ltr'><strong>illorum</strong></span> <span class='ocrx_word' id='word_1_538' title='bbox 1806 3355 2233 3424; x_wconf 88' lang='lat' dir='ltr'><strong>unanimitatem,</strong></span> 
     </span>
    </p>
   </div>
   <div class='ocr_carea' id='block_1_65' title="bbox 632 3448 2238 3520">
    <p class='ocr_par' dir='ltr' id='par_1_65' title="bbox 632 3448 2238 3520">
     <span class='ocr_line' id='line_1_65' title="bbox 632 3448 2238 3520; baseline -0.003 -11"><span class='ocrx_word' id='word_1_539' title='bbox 632 3451 1000 3518; x_wconf 83' lang='lat' dir='ltr'><strong>concordiam,</strong></span> <span class='ocrx_word' id='word_1_540' title='bbox 1030 3448 1383 3520; x_wconf 87' lang='lat' dir='ltr'><strong>eamdemque</strong></span> <span class='ocrx_word' id='word_1_541' title='bbox 1411 3449 1756 3515; x_wconf 89' lang='lat' dir='ltr'><strong>sententiam,</strong></span> <span class='ocrx_word' id='word_1_542' title='bbox 1787 3460 1838 3504; x_wconf 90' lang='lat' dir='ltr'><strong>et</strong></span> <span class='ocrx_word' id='word_1_543' title='bbox 1867 3458 2062 3504; x_wconf 58' lang='lat' dir='ltr'><strong>caetera</strong></span> <span class='ocrx_word' id='word_1_544' title='bbox 2089 3450 2238 3504; x_wconf 91' lang='lat' dir='ltr'><strong>simi-</strong></span> 
     </span>
    </p>
   </div>
   <div class='ocr_carea' id='block_1_66' title="bbox 633 3538 2234 3615">
    <p class='ocr_par' dir='ltr' id='par_1_66' title="bbox 633 3538 2234 3615">
     <span class='ocr_line' id='line_1_66' title="bbox 633 3538 2234 3615; baseline -0.001 -15"><span class='ocrx_word' id='word_1_545' title='bbox 633 3544 727 3612; x_wconf 90' lang='lat' dir='ltr'><strong>lia,</strong></span> <span class='ocrx_word' id='word_1_546' title='bbox 770 3544 922 3615; x_wconf 87' lang='lat' dir='ltr'><strong>quasi</strong></span> <span class='ocrx_word' id='word_1_547' title='bbox 964 3538 1228 3598; x_wconf 86' lang='lat' dir='ltr'><strong>rationem</strong></span> <span class='ocrx_word' id='word_1_548' title='bbox 1268 3541 1581 3596; x_wconf 88' lang='lat' dir='ltr'><strong>tneritorum</strong></span> <span class='ocrx_word' id='word_1_549' title='bbox 1629 3540 1941 3613; x_wconf 69' lang='lat' dir='ltr'><strong>praemittit,</strong></span> <span class='ocrx_word' id='word_1_550' title='bbox 1988 3541 2131 3613; x_wconf 91' lang='lat' dir='ltr'><strong>quod</strong></span> <span class='ocrx_word' id='word_1_551' title='bbox 2165 3546 2234 3600; x_wconf 88' lang='lat' dir='ltr'><strong>ab</strong></span> 
     </span>
    </p>
   </div>
   <div class='ocr_carea' id='block_1_67' title="bbox 575 3630 2229 3707">
    <p class='ocr_par' dir='ltr' id='par_1_67' title="bbox 575 3630 2229 3707">
     <span class='ocr_line' id='line_1_67' title="bbox 575 3630 2229 3707; baseline 0 -17"><span class='ocrx_word' id='word_1_552' title='bbox 575 3697 583 3703; x_wconf 90' lang='lat'>_</span> <span class='ocrx_word' id='word_1_553' title='bbox 635 3635 767 3707; x_wconf 90' lang='lat' dir='ltr'><strong>ipsis</strong></span> <span class='ocrx_word' id='word_1_554' title='bbox 799 3643 1065 3701; x_wconf 83' lang='lat' dir='ltr'><strong>meretur,</strong></span> <span class='ocrx_word' id='word_1_555' title='bbox 1103 3642 1162 3688; x_wconf 91' lang='lat' dir='ltr'><strong>ut</strong></span> <span class='ocrx_word' id='word_1_556' title='bbox 1187 3630 1471 3705; x_wconf 86' lang='lat' dir='ltr'><strong>impleatur</strong></span> <span class='ocrx_word' id='word_1_557' title='bbox 1498 3632 1753 3705; x_wconf 88' lang='lat' dir='ltr'><strong>gaudium</strong></span> <span class='ocrx_word' id='word_1_558' title='bbox 1768 3647 1923 3689; x_wconf 90' lang='lat' dir='ltr'><strong>suum</strong></span> <span class='ocrx_word' id='word_1_559' title='bbox 1942 3637 2084 3690; x_wconf 87' lang='lat' dir='ltr'><strong>circa</strong></span> <span class='ocrx_word' id='word_1_560' title='bbox 2107 3630 2229 3703; x_wconf 86' lang='lat' dir='ltr'><strong>hoc,</strong></span> 
     </span>
    </p>
   </div>
   <div class='ocr_carea' id='block_1_68' title="bbox 630 3723 2228 3791">
    <p class='ocr_par' dir='ltr' id='par_1_68' title="bbox 630 3723 2228 3791">
     <span class='ocr_line' id='line_1_68' title="bbox 630 3723 2228 3791; baseline 0.001 -10"><span class='ocrx_word' id='word_1_561' title='bbox 630 3738 691 3781; x_wconf 90' lang='lat' dir='ltr'><strong>ut</strong></span> <span class='ocrx_word' id='word_1_562' title='bbox 722 3724 861 3781; x_wconf 90' lang='lat' dir='ltr'><strong>idem</strong></span> <span class='ocrx_word' id='word_1_563' title='bbox 879 3738 1065 3781; x_wconf 86' lang='lat' dir='ltr'><strong>omnes</strong></span> <span class='ocrx_word' id='word_1_564' title='bbox 1087 3725 1340 3791; x_wconf 90' lang='lat' dir='ltr'><strong>sentiant,</strong></span> <span class='ocrx_word' id='word_1_565' title='bbox 1384 3735 1671 3781; x_wconf 68' lang='lat' dir='ltr'><strong>etcmtera.</strong></span> <span class='ocrx_word' id='word_1_566' title='bbox 1695 3723 2006 3781; x_wconf 83' lang='lat' dir='ltr'><strong>Meritorum</strong></span> <span class='ocrx_word' id='word_1_567' title='bbox 2049 3736 2228 3783; x_wconf 88' lang='lat' dir='ltr'><strong>autem</strong></span> 
     </span>
    </p>
   </div>
   <div class='ocr_carea' id='block_1_69' title="bbox 626 3816 2229 3888">
    <p class='ocr_par' dir='ltr' id='par_1_69' title="bbox 626 3816 2229 3888">
     <span class='ocr_line' id='line_1_69' title="bbox 626 3816 2229 3888; baseline 0.004 -17"><span class='ocrx_word' id='word_1_568' title='bbox 626 3819 870 3872; x_wconf 85' lang='lat' dir='ltr'><strong>rationes</strong></span> <span class='ocrx_word' id='word_1_569' title='bbox 919 3816 1033 3872; x_wconf 65' lang='lat' dir='ltr'><strong>ista:</strong></span> <span class='ocrx_word' id='word_1_570' title='bbox 1074 3828 1239 3883; x_wconf 87' lang='lat' dir='ltr'><strong>sunt,</strong></span> <span class='ocrx_word' id='word_1_571' title='bbox 1271 3819 1395 3888; x_wconf 85' lang='lat' dir='ltr'><strong>quia</strong></span> <span class='ocrx_word' id='word_1_572' title='bbox 1433 3818 1679 3874; x_wconf 87' lang='lat' dir='ltr'><strong>advocati</strong></span> <span class='ocrx_word' id='word_1_573' title='bbox 1721 3818 1882 3875; x_wconf 87' lang='lat' dir='ltr'><strong>simul</strong></span> <span class='ocrx_word' id='word_1_574' title='bbox 1929 3818 1983 3874; x_wconf 90' lang='lat' dir='ltr'><strong>in</strong></span> <span class='ocrx_word' id='word_1_575' title='bbox 2009 3818 2229 3878; x_wconf 79' lang='lat' dir='ltr'><strong>Chrism</strong></span> 
     </span>
    </p>
   </div>
   <div class='ocr_carea' id='block_1_70' title="bbox 610 3902 2224 3979">
    <p class='ocr_par' dir='ltr' id='par_1_70' title="bbox 610 3902 2224 3979">
     <span class='ocr_line' id='line_1_70' title="bbox 610 3902 2224 3979; baseline 0.004 -15"><span class='ocrx_word' id='word_1_576' title='bbox 610 3903 788 3965; x_wconf 40' lang='lat' dir='ltr'><strong>‘sunt:</strong></span> <span class='ocrx_word' id='word_1_577' title='bbox 832 3908 1059 3967; x_wconf 87' lang='lat' dir='ltr'><strong>advocat</strong></span> <span class='ocrx_word' id='word_1_578' title='bbox 1098 3909 1242 3964; x_wconf 91' lang='lat' dir='ltr'><strong>enim</strong></span> <span class='ocrx_word' id='word_1_579' title='bbox 1282 3909 1424 3965; x_wconf 84' lang='lat' dir='ltr'><strong>Deus</strong></span> <span class='ocrx_word' id='word_1_580' title='bbox 1462 3910 1514 3964; x_wconf 92' lang='lat' dir='ltr'><strong>in</strong></span> <span class='ocrx_word' id='word_1_581' title='bbox 1551 3910 1766 3967; x_wconf 87' lang='lat' dir='ltr'><strong>Christo</strong></span> <span class='ocrx_word' id='word_1_582' title='bbox 1796 3924 1929 3979; x_wconf 90' lang='lat' dir='ltr'><strong>nos;</strong></span> <span class='ocrx_word' id='word_1_583' title='bbox 1959 3924 2051 3968; x_wconf 91' lang='lat' dir='ltr'><strong>eos</strong></span> <span class='ocrx_word' id='word_1_584' title='bbox 2080 3902 2224 3970; x_wconf 73' lang='lat' dir='ltr'><strong>enim</strong></span> 
     </span>
    </p>
   </div>
   <div class='ocr_carea' id='block_1_71' title="bbox 623 4002 2220 4075">
    <p class='ocr_par' dir='ltr' id='par_1_71' title="bbox 623 4002 2220 4075">
     <span class='ocr_line' id='line_1_71' title="bbox 623 4002 2220 4075; baseline 0.002 -16"><span class='ocrx_word' id='word_1_585' title='bbox 623 4002 960 4070; x_wconf 86' lang='lat' dir='ltr'><strong>sanctiﬁcat,</strong></span> <span class='ocrx_word' id='word_1_586' title='bbox 989 4016 1126 4075; x_wconf 91' lang='lat' dir='ltr'><strong>quos</strong></span> <span class='ocrx_word' id='word_1_587' title='bbox 1151 4004 1364 4058; x_wconf 91' lang='lat' dir='ltr'><strong>vocavit</strong></span> <span class='ocrx_word' id='word_1_588' title='bbox 1390 4011 1444 4058; x_wconf 88' lang='lat' dir='ltr'><strong>et</strong></span> <span class='ocrx_word' id='word_1_589' title='bbox 1483 4002 1646 4074; x_wconf 85' lang='lat' dir='ltr'><strong>elegit</strong></span> <span class='ocrx_word' id='word_1_590' title='bbox 1678 4013 1733 4059; x_wconf 89' lang='lat' dir='ltr'><strong>et</strong></span> <span class='ocrx_word' id='word_1_591' title='bbox 1771 4015 1907 4075; x_wconf 91' lang='lat' dir='ltr'><strong>quos</strong></span> <span class='ocrx_word' id='word_1_592' title='bbox 1933 4004 2220 4062; x_wconf 85' lang='lat' dir='ltr'><strong>ordinavit.</strong></span> 
     </span>
    </p>
   </div>
   <div class='ocr_carea' id='block_1_72' title="bbox 2343 3260 3802 3342">
    <p class='ocr_par' dir='ltr' id='par_1_72' title="bbox 2343 3260 3802 3342">
     <span class='ocr_line' id='line_1_72' title="bbox 2343 3260 3802 3342; baseline -0.001 -25"><span class='ocrx_word' id='word_1_593' title='bbox 2343 3260 2568 3317; x_wconf 83' lang='lat' dir='ltr'><strong>Christo.</strong></span> <span class='ocrx_word' id='word_1_594' title='bbox 2600 3262 2670 3319; x_wconf 90' lang='lat' dir='ltr'><strong>Ut</strong></span> <span class='ocrx_word' id='word_1_595' title='bbox 2693 3262 2825 3330; x_wconf 76' lang='lat' dir='ltr'><strong>dixi,</strong></span> <span class='ocrx_word' id='word_1_596' title='bbox 2850 3267 3157 3321; x_wconf 78' lang='lat' dir='ltr'><strong>exhortatio</strong></span> <span class='ocrx_word' id='word_1_597' title='bbox 3187 3268 3290 3323; x_wconf 86' lang='lat' dir='ltr'><strong>ista</strong></span> <span class='ocrx_word' id='word_1_598' title='bbox 3319 3279 3403 3326; x_wconf 87' lang='lat' dir='ltr'><strong>est</strong></span> <span class='ocrx_word' id='word_1_599' title='bbox 3428 3282 3574 3342; x_wconf 84' lang='lat' dir='ltr'><strong>quam</strong></span> <span class='ocrx_word' id='word_1_600' title='bbox 3603 3281 3706 3323; x_wconf 84' lang='lat' dir='ltr'><strong>nunc</strong></span> <span class='ocrx_word' id='word_1_601' title='bbox 3722 3276 3802 3318; x_wconf 77' lang='lat' dir='ltr'><strong>exsr-</strong></span> 
     </span>
    </p>
   </div>
   <div class='ocr_carea' id='block_1_73' title="bbox 2342 3358 3801 3436">
    <p class='ocr_par' dir='ltr' id='par_1_73' title="bbox 2342 3358 3801 3436">
     <span class='ocr_line' id='line_1_73' title="bbox 2342 3358 3801 3436; baseline 0.002 -24"><span class='ocrx_word' id='word_1_602' title='bbox 2342 3358 2546 3428; x_wconf 88' lang='lat' dir='ltr'><strong>quitur,</strong></span> <span class='ocrx_word' id='word_1_603' title='bbox 2584 3364 2871 3431; x_wconf 73' lang='lat' dir='ltr'><strong>praeceptis</strong></span> <span class='ocrx_word' id='word_1_604' title='bbox 2913 3361 3243 3431; x_wconf 86' lang='lat' dir='ltr'><strong>plenioribus</strong></span> <span class='ocrx_word' id='word_1_605' title='bbox 3269 3380 3283 3419; x_wconf 90' lang='lat'><strong>:</strong></span> <span class='ocrx_word' id='word_1_606' title='bbox 3309 3365 3544 3436; x_wconf 84' lang='lat' dir='ltr'><strong>implete,</strong></span> <span class='ocrx_word' id='word_1_607' title='bbox 3570 3363 3721 3434; x_wconf 83' lang='lat' dir='ltr'><strong>inquit,</strong></span> <span class='ocrx_word' id='word_1_608' title='bbox 3738 3372 3801 3428; x_wconf 62' lang='lat' dir='ltr'><strong>go</strong></span> 
     </span>
    </p>
   </div>
   <div class='ocr_carea' id='block_1_74' title="bbox 2340 3453 3801 3531">
    <p class='ocr_par' dir='ltr' id='par_1_74' title="bbox 2340 3453 3801 3531">
     <span class='ocr_line' id='line_1_74' title="bbox 2340 3453 3801 3531; baseline 0.005 -26"><span class='ocrx_word' id='word_1_609' title='bbox 2340 3453 2483 3506; x_wconf 85' lang='lat' dir='ltr'><strong>dium</strong></span> <span class='ocrx_word' id='word_1_610' title='bbox 2510 3466 2701 3522; x_wconf 83' lang='lat' dir='ltr'><strong>meum,</strong></span> <span class='ocrx_word' id='word_1_611' title='bbox 2726 3453 2920 3524; x_wconf 86' lang='lat' dir='ltr'><strong>quibus</strong></span> <span class='ocrx_word' id='word_1_612' title='bbox 2954 3456 3007 3510; x_wconf 92' lang='lat' dir='ltr'><strong>in</strong></span> <span class='ocrx_word' id='word_1_613' title='bbox 3043 3457 3204 3512; x_wconf 84' lang='lat' dir='ltr'><strong>rebus</strong></span> <span class='ocrx_word' id='word_1_614' title='bbox 3226 3457 3371 3513; x_wconf 79' lang='lat' dir='ltr'><strong>eiiici</strong></span> <span class='ocrx_word' id='word_1_615' title='bbox 3410 3466 3711 3531; x_wconf 76' lang='lat' dir='ltr'><strong>potest:an</strong></span> <span class='ocrx_word' id='word_1_616' title='bbox 3728 3466 3801 3521; x_wconf 65' lang='grc' dir='ltr'><strong>ρη-</strong></span> 
     </span>
    </p>
   </div>
   <div class='ocr_carea' id='block_1_75' title="bbox 2338 3548 3802 3623">
    <p class='ocr_par' dir='ltr' id='par_1_75' title="bbox 2338 3548 3802 3623">
     <span class='ocr_line' id='line_1_75' title="bbox 2338 3548 3802 3623; baseline -0.006 -20"><span class='ocrx_word' id='word_1_617' title='bbox 2338 3558 2515 3618; x_wconf 89' lang='lat' dir='ltr'><strong>cepta,</strong></span> <span class='ocrx_word' id='word_1_618' title='bbox 2540 3558 2599 3603; x_wconf 89' lang='lat' dir='ltr'><strong>ut</strong></span> <span class='ocrx_word' id='word_1_619' title='bbox 2627 3561 2841 3619; x_wconf 88' lang='lat' dir='ltr'><strong>semper</strong></span> <span class='ocrx_word' id='word_1_620' title='bbox 2860 3548 3064 3615; x_wconf 89' lang='lat' dir='ltr'><strong>docuit,</strong></span> <span class='ocrx_word' id='word_1_621' title='bbox 3093 3556 3279 3606; x_wconf 89' lang='lat' dir='ltr'><strong>tenent</strong></span> <span class='ocrx_word' id='word_1_622' title='bbox 3294 3566 3414 3623; x_wconf 68' lang='lat' dir='ltr'><strong>quae</strong></span> <span class='ocrx_word' id='word_1_623' title='bbox 3444 3549 3802 3608; x_wconf 63' lang='lat' dir='ltr'><strong>faciendumne</strong></span> 
     </span>
    </p>
   </div>
   <div class='ocr_carea' id='block_1_76' title="bbox 2338 3636 3801 3712">
    <p class='ocr_par' dir='ltr' id='par_1_76' title="bbox 2338 3636 3801 3712">
     <span class='ocr_line' id='line_1_76' title="bbox 2338 3636 3801 3712; baseline -0.003 -18"><span class='ocrx_word' id='word_1_624' title='bbox 2338 3640 2465 3695; x_wconf 88' lang='lat' dir='ltr'><strong>item</strong></span> <span class='ocrx_word' id='word_1_625' title='bbox 2497 3652 2615 3712; x_wconf 70' lang='lat' dir='ltr'><strong>qua:</strong></span> <span class='ocrx_word' id='word_1_626' title='bbox 2641 3652 2748 3695; x_wconf 88' lang='lat' dir='ltr'><strong>non</strong></span> <span class='ocrx_word' id='word_1_627' title='bbox 2777 3639 3038 3696; x_wconf 80' lang='lat' dir='ltr'><strong>facienda.</strong></span> <span class='ocrx_word' id='word_1_628' title='bbox 3065 3641 3199 3710; x_wconf 70' lang='lat' dir='ltr'><strong>Quae</strong></span> <span class='ocrx_word' id='word_1_629' title='bbox 3229 3641 3474 3699; x_wconf 77' lang='lat' dir='ltr'><strong>facienda</strong></span> <span class='ocrx_word' id='word_1_630' title='bbox 3503 3652 3642 3706; x_wconf 86' lang='lat' dir='ltr'><strong>sunt,</strong></span> <span class='ocrx_word' id='word_1_631' title='bbox 3665 3639 3718 3694; x_wconf 86' lang='lat' dir='ltr'><strong>sic</strong></span> <span class='ocrx_word' id='word_1_632' title='bbox 3734 3636 3801 3689; x_wconf 63' lang='lat' dir='ltr'><strong>soi</strong></span> 
     </span>
    </p>
   </div>
   <div class='ocr_carea' id='block_1_77' title="bbox 2330 3731 3800 3805">
    <p class='ocr_par' dir='ltr' id='par_1_77' title="bbox 2330 3731 3800 3805">
     <span class='ocr_line' id='line_1_77' title="bbox 2330 3731 3800 3805; baseline -0.001 -18"><span class='ocrx_word' id='word_1_633' title='bbox 2330 3731 2508 3804; x_wconf 88' lang='lat' dir='ltr'><strong>jungit</strong></span> <span class='ocrx_word' id='word_1_634' title='bbox 2532 3775 2547 3802; x_wconf 92' lang='lat'><strong>,</strong></span> <span class='ocrx_word' id='word_1_635' title='bbox 2577 3741 2631 3787; x_wconf 87' lang='lat' dir='ltr'><strong>ut</strong></span> <span class='ocrx_word' id='word_1_636' title='bbox 2658 3733 2794 3788; x_wconf 88' lang='lat' dir='ltr'><strong>idem</strong></span> <span class='ocrx_word' id='word_1_637' title='bbox 2818 3735 3053 3789; x_wconf 86' lang='lat' dir='ltr'><strong>sentiatis</strong></span> <span class='ocrx_word' id='word_1_638' title='bbox 3083 3752 3280 3805; x_wconf 86' lang='lat' dir='ltr'><strong>omnes,</strong></span> <span class='ocrx_word' id='word_1_639' title='bbox 3310 3737 3554 3794; x_wconf 84' lang='lat' dir='ltr'><strong>eamdem</strong></span> <span class='ocrx_word' id='word_1_640' title='bbox 3577 3731 3800 3791; x_wconf 69' lang='lat' dir='ltr'><strong>dilectione!</strong></span> 
     </span>
    </p>
   </div>
   <div class='ocr_carea' id='block_1_78' title="bbox 2332 3820 3801 3895">
    <p class='ocr_par' dir='ltr' id='par_1_78' title="bbox 2332 3820 3801 3895">
     <span class='ocr_line' id='line_1_78' title="bbox 2332 3820 3801 3895; baseline -0.002 -15"><span class='ocrx_word' id='word_1_641' title='bbox 2332 3825 2630 3881; x_wconf 84' lang='lat' dir='ltr'><strong>exerceatis</strong></span> <span class='ocrx_word' id='word_1_642' title='bbox 2652 3840 2861 3893; x_wconf 87' lang='lat' dir='ltr'><strong>omnes,</strong></span> <span class='ocrx_word' id='word_1_643' title='bbox 2891 3828 3196 3895; x_wconf 88' lang='lat' dir='ltr'><strong>unanimes,</strong></span> <span class='ocrx_word' id='word_1_644' title='bbox 3221 3844 3389 3885; x_wconf 90' lang='lat' dir='ltr'><strong>unum</strong></span> <span class='ocrx_word' id='word_1_645' title='bbox 3417 3828 3692 3885; x_wconf 87' lang='lat' dir='ltr'><strong>sentientes.</strong></span> <span class='ocrx_word' id='word_1_646' title='bbox 3707 3820 3801 3877; x_wconf 74' lang='lat' dir='ltr'><strong>lutet-</strong></span> 
     </span>
    </p>
   </div>
   <div class='ocr_carea' id='block_1_79' title="bbox 2330 3917 3801 3991">
    <p class='ocr_par' dir='ltr' id='par_1_79' title="bbox 2330 3917 3801 3991">
     <span class='ocr_line' id='line_1_79' title="bbox 2330 3917 3801 3991; baseline 0.002 -19"><span class='ocrx_word' id='word_1_647' title='bbox 2330 3920 2484 3989; x_wconf 85' lang='lat' dir='ltr'><strong>ponit</strong></span> <span class='ocrx_word' id='word_1_648' title='bbox 2508 3932 2627 3988; x_wconf 64' lang='lat' dir='ltr'><strong>(“lie</strong></span> <span class='ocrx_word' id='word_1_649' title='bbox 2655 3933 2763 3973; x_wconf 89' lang='lat' dir='ltr'><strong>non</strong></span> <span class='ocrx_word' id='word_1_650' title='bbox 2790 3917 3055 3987; x_wconf 82' lang='lat' dir='ltr'><strong>facienda,</strong></span> <span class='ocrx_word' id='word_1_651' title='bbox 3085 3921 3217 3975; x_wconf 80' lang='lat' dir='ltr'><strong>nihil</strong></span> <span class='ocrx_word' id='word_1_652' title='bbox 3243 3936 3337 3991; x_wconf 81' lang='lat' dir='ltr'><strong>per</strong></span> <span class='ocrx_word' id='word_1_653' title='bbox 3367 3923 3696 3979; x_wconf 65' lang='lat' dir='ltr'><strong>matellionem</strong></span> <span class='ocrx_word' id='word_1_654' title='bbox 3715 3926 3801 3984; x_wconf 64' lang='lat' dir='ltr'><strong>Ictu</strong></span> 
     </span>
    </p>
   </div>
   <div class='ocr_carea' id='block_1_80' title="bbox 2329 4011 3799 4089">
    <p class='ocr_par' dir='ltr' id='par_1_80' title="bbox 2329 4011 3799 4089">
     <span class='ocr_line' id='line_1_80' title="bbox 2329 4011 3799 4089; baseline 0.003 -23"><span class='ocrx_word' id='word_1_655' title='bbox 2329 4027 2423 4082; x_wconf 86' lang='lat' dir='ltr'><strong>per</strong></span> <span class='ocrx_word' id='word_1_656' title='bbox 2439 4011 2645 4066; x_wconf 85' lang='lat' dir='ltr'><strong>inanem</strong></span> <span class='ocrx_word' id='word_1_657' title='bbox 2667 4011 2907 4083; x_wconf 78' lang='lat' dir='ltr'><strong>gloriam.</strong></span> <span class='ocrx_word' id='word_1_658' title='bbox 2932 4013 3000 4067; x_wconf 84' lang='lat' dir='ltr'><strong>Et</strong></span> <span class='ocrx_word' id='word_1_659' title='bbox 3015 4013 3291 4087; x_wconf 85' lang='lat' dir='ltr'><strong>subjungit</strong></span> <span class='ocrx_word' id='word_1_660' title='bbox 3310 4028 3435 4089; x_wconf 70' lang='lat' dir='ltr'><strong>qum</strong></span> <span class='ocrx_word' id='word_1_661' title='bbox 3458 4015 3667 4072; x_wconf 79' lang='lat' dir='ltr'><strong>facienda</strong></span> <span class='ocrx_word' id='word_1_662' title='bbox 3680 4023 3799 4070; x_wconf 43' lang='lat' dir='ltr'><strong>rursus</strong></span> 
     </span>
    </p>
   </div>
   <div class='ocr_carea' id='block_1_81' title="bbox 620 4092 3799 4174">
    <p class='ocr_par' dir='ltr' id='par_1_81' title="bbox 620 4092 3799 4174">
     <span class='ocr_line' id='line_1_81' title="bbox 620 4092 3799 4174; baseline 0.003 -24"><span class='ocrx_word' id='word_1_663' title='bbox 620 4092 917 4150; x_wconf 82' lang='lat' dir='ltr'><strong>Advocatio</strong></span> <span class='ocrx_word' id='word_1_664' title='bbox 960 4109 1089 4165; x_wconf 87' lang='lat' dir='ltr'><strong>ergo</strong></span> <span class='ocrx_word' id='word_1_665' title='bbox 1127 4093 1297 4165; x_wconf 90' lang='lat' dir='ltr'><strong>prima</strong></span> <span class='ocrx_word' id='word_1_666' title='bbox 1327 4101 1447 4161; x_wconf 86' lang='lat' dir='ltr'><strong>est;</strong></span> <span class='ocrx_word' id='word_1_667' title='bbox 1482 4095 1527 4148; x_wconf 91' lang='lat' dir='ltr'><strong>si</strong></span> <span class='ocrx_word' id='word_1_668' title='bbox 1562 4102 1679 4161; x_wconf 89' lang='lat' dir='ltr'><strong>est,</strong></span> <span class='ocrx_word' id='word_1_669' title='bbox 1709 4095 1913 4166; x_wconf 90' lang='lat' dir='ltr'><strong>inquit,</strong></span> <span class='ocrx_word' id='word_1_670' title='bbox 1942 4097 2223 4155; x_wconf 88' lang='lat' dir='ltr'><strong>advocatio</strong></span> <span class='ocrx_word' id='word_1_671' title='bbox 2326 4105 2416 4158; x_wconf 87' lang='lat' dir='ltr'><strong>sed</strong></span> <span class='ocrx_word' id='word_1_672' title='bbox 2438 4118 2530 4174; x_wconf 79' lang='lat' dir='ltr'><strong>per</strong></span> <span class='ocrx_word' id='word_1_673' title='bbox 2558 4102 2899 4158; x_wconf 84' lang='lat' dir='ltr'><strong>humilitatem</strong></span> <span class='ocrx_word' id='word_1_674' title='bbox 2923 4119 3102 4159; x_wconf 84' lang='lat' dir='ltr'><strong>sensus</strong></span> <span class='ocrx_word' id='word_1_675' title='bbox 3125 4106 3345 4162; x_wconf 76' lang='lat' dir='ltr'><strong>inuicem</strong></span> <span class='ocrx_word' id='word_1_676' title='bbox 3374 4123 3463 4163; x_wconf 78' lang='lat' dir='ltr'><strong>eos</strong></span> <span class='ocrx_word' id='word_1_677' title='bbox 3486 4108 3546 4163; x_wconf 80' lang='lat' dir='ltr'><strong>ab</strong></span> <span class='ocrx_word' id='word_1_678' title='bbox 3576 4104 3713 4161; x_wconf 86' lang='lat' dir='ltr'><strong>alteris</strong></span> <span class='ocrx_word' id='word_1_679' title='bbox 3730 4112 3799 4172; x_wconf 73' lang='lat' dir='ltr'><strong>pt-</strong></span> 
     </span>
    </p>
   </div>
   <div class='ocr_carea' id='block_1_82' title="bbox 621 4184 2218 4259">
    <p class='ocr_par' dir='ltr' id='par_1_82' title="bbox 621 4184 2218 4259">
     <span class='ocr_line' id='line_1_82' title="bbox 621 4184 2218 4259; baseline 0.004 -19"><span class='ocrx_word' id='word_1_680' title='bbox 621 4187 677 4241; x_wconf 87' lang='lat' dir='ltr'><strong>itt</strong></span> <span class='ocrx_word' id='word_1_681' title='bbox 701 4184 917 4241; x_wconf 85' lang='lat' dir='ltr'><strong>Christo</strong></span> <span class='ocrx_word' id='word_1_682' title='bbox 943 4185 1121 4256; x_wconf 87' lang='lat' dir='ltr'><strong>aliqua</strong></span> <span class='ocrx_word' id='word_1_683' title='bbox 1146 4186 1199 4240; x_wconf 87' lang='lat' dir='ltr'><strong>iti</strong></span> <span class='ocrx_word' id='word_1_684' title='bbox 1224 4185 1401 4255; x_wconf 86' lang='lat' dir='ltr'><strong>nobis,</strong></span> <span class='ocrx_word' id='word_1_685' title='bbox 1426 4185 1570 4256; x_wconf 89' lang='lat' dir='ltr'><strong>quod</strong></span> <span class='ocrx_word' id='word_1_686' title='bbox 1596 4186 1755 4242; x_wconf 81' lang='lat' dir='ltr'><strong>simul</strong></span> <span class='ocrx_word' id='word_1_687' title='bbox 1784 4191 1957 4244; x_wconf 84' lang='lat' dir='ltr'><strong>vocati</strong></span> <span class='ocrx_word' id='word_1_688' title='bbox 1993 4204 2181 4247; x_wconf 89' lang='lat' dir='ltr'><strong>sumus</strong></span> <span class='ocrx_word' id='word_1_689' title='bbox 2200 4232 2218 4259; x_wconf 89' lang='lat'><strong>,</strong></span> 
     </span>
    </p>
   </div>
   <div class='ocr_carea' id='block_1_83' title="bbox 2323 4194 3799 4271">
    <p class='ocr_par' dir='ltr' id='par_1_83' title="bbox 2323 4194 3799 4271">
     <span class='ocr_line' id='line_1_83' title="bbox 2323 4194 3799 4271; baseline -0.002 -19"><span class='ocrx_word' id='word_1_690' title='bbox 2323 4196 2436 4252; x_wconf 86' lang='lat' dir='ltr'><strong>cedi</strong></span> <span class='ocrx_word' id='word_1_691' title='bbox 2480 4195 2810 4251; x_wconf 83' lang='lat' dir='ltr'><strong>arbitrantes.</strong></span> <span class='ocrx_word' id='word_1_692' title='bbox 2851 4194 2984 4251; x_wconf 84' lang='lat' dir='ltr'><strong>Item</strong></span> <span class='ocrx_word' id='word_1_693' title='bbox 3030 4198 3306 4270; x_wconf 83' lang='lat' dir='ltr'><strong>subjungit</strong></span> <span class='ocrx_word' id='word_1_694' title='bbox 3343 4216 3466 4271; x_wconf 65' lang='lat' dir='ltr'><strong>quae</strong></span> <span class='ocrx_word' id='word_1_695' title='bbox 3495 4214 3591 4255; x_wconf 89' lang='lat' dir='ltr'><strong>non</strong></span> <span class='ocrx_word' id='word_1_696' title='bbox 3621 4195 3799 4253; x_wconf 69' lang='lat' dir='ltr'><strong>facith</strong></span> 
     </span>
    </p>
   </div>
   <div class='ocr_carea' id='block_1_84' title="bbox 608 4274 3798 4363">
    <p class='ocr_par' dir='ltr' id='par_1_84' title="bbox 608 4274 3798 4363">
     <span class='ocr_line' id='line_1_84' title="bbox 608 4274 3798 4363; baseline 0.003 -31"><span class='ocrx_word' id='word_1_697' title='bbox 608 4282 672 4332; x_wconf 76' lang='lat' dir='ltr'><strong>‘et</strong></span> <span class='ocrx_word' id='word_1_698' title='bbox 698 4278 873 4332; x_wconf 86' lang='lat' dir='ltr'><strong>vocati</strong></span> <span class='ocrx_word' id='word_1_699' title='bbox 901 4279 951 4330; x_wconf 90' lang='lat' dir='ltr'><strong>in</strong></span> <span class='ocrx_word' id='word_1_700' title='bbox 972 4274 1212 4345; x_wconf 86' lang='lat' dir='ltr'><strong>Christo,</strong></span> <span class='ocrx_word' id='word_1_701' title='bbox 1239 4284 1296 4332; x_wconf 91' lang='grc' dir='ltr'><strong>ει</strong></span> <span class='ocrx_word' id='word_1_702' title='bbox 1319 4278 1571 4332; x_wconf 89' lang='lat' dir='ltr'><strong>meritum</strong></span> <span class='ocrx_word' id='word_1_703' title='bbox 1603 4292 1780 4333; x_wconf 86' lang='lat' dir='ltr'><strong>meum</strong></span> <span class='ocrx_word' id='word_1_704' title='bbox 1804 4294 1929 4352; x_wconf 88' lang='lat' dir='ltr'><strong>erga</strong></span> <span class='ocrx_word' id='word_1_705' title='bbox 1948 4297 2065 4350; x_wconf 87' lang='lat' dir='ltr'><strong>vos;</strong></span> <span class='ocrx_word' id='word_1_706' title='bbox 2090 4298 2219 4355; x_wconf 87' lang='lat' dir='ltr'><strong>ergo</strong></span> <span class='ocrx_word' id='word_1_707' title='bbox 2322 4307 2426 4345; x_wconf 83' lang='lat' dir='ltr'><strong>non</strong></span> <span class='ocrx_word' id='word_1_708' title='bbox 2440 4306 2535 4345; x_wconf 86' lang='lat' dir='ltr'><strong>sua</strong></span> <span class='ocrx_word' id='word_1_709' title='bbox 2554 4290 2766 4361; x_wconf 82' lang='lat' dir='ltr'><strong>propria</strong></span> <span class='ocrx_word' id='word_1_710' title='bbox 2781 4292 3124 4361; x_wconf 81' lang='lat' dir='ltr'><strong>unusquisque</strong></span> <span class='ocrx_word' id='word_1_711' title='bbox 3144 4293 3445 4363; x_wconf 81' lang='lat' dir='ltr'><strong>perspiciat.</strong></span> <span class='ocrx_word' id='word_1_712' title='bbox 3472 4290 3653 4348; x_wconf 86' lang='lat' dir='ltr'><strong>Deinde</strong></span> <span class='ocrx_word' id='word_1_713' title='bbox 3673 4279 3798 4357; x_wconf 60' lang='lat' dir='ltr'><strong>idqnd</strong></span> 
     </span>
    </p>
   </div>
   <div class='ocr_carea' id='block_1_85' title="bbox 611 4367 3797 4454">
    <p class='ocr_par' dir='ltr' id='par_1_85' title="bbox 611 4367 3797 4454">
     <span class='ocr_line' id='line_1_85' title="bbox 611 4367 3797 4454; baseline 0.003 -29"><span class='ocrx_word' id='word_1_714' title='bbox 611 4368 836 4439; x_wconf 85' lang='lat' dir='ltr'><strong>implete</strong></span> <span class='ocrx_word' id='word_1_715' title='bbox 863 4368 1114 4440; x_wconf 83' lang='lat' dir='ltr'><strong>gaudium</strong></span> <span class='ocrx_word' id='word_1_716' title='bbox 1154 4384 1356 4423; x_wconf 91' lang='lat' dir='ltr'><strong>meum.</strong></span> <span class='ocrx_word' id='word_1_717' title='bbox 1392 4367 1569 4423; x_wconf 89' lang='lat' dir='ltr'><strong>Prima</strong></span> <span class='ocrx_word' id='word_1_718' title='bbox 1602 4369 1762 4441; x_wconf 90' lang='lat' dir='ltr'><strong>igitur</strong></span> <span class='ocrx_word' id='word_1_719' title='bbox 1795 4370 1911 4428; x_wconf 70' lang='lat' dir='ltr'><strong>haec</strong></span> <span class='ocrx_word' id='word_1_720' title='bbox 1936 4375 2074 4429; x_wconf 84' lang='lat' dir='ltr'><strong>ratio</strong></span> <span class='ocrx_word' id='word_1_721' title='bbox 2099 4390 2215 4433; x_wconf 88' lang='lat' dir='ltr'><strong>me-</strong></span> <span class='ocrx_word' id='word_1_722' title='bbox 2318 4381 2648 4449; x_wconf 72' lang='lat' dir='ltr'><strong>faciendum,</strong></span> <span class='ocrx_word' id='word_1_723' title='bbox 2677 4382 2768 4436; x_wconf 78' lang='lat' dir='ltr'><strong>sed</strong></span> <span class='ocrx_word' id='word_1_724' title='bbox 2794 4382 3020 4436; x_wconf 80' lang='lat' dir='ltr'><strong>aliorum</strong></span> <span class='ocrx_word' id='word_1_725' title='bbox 3045 4383 3257 4454; x_wconf 78' lang='lat' dir='ltr'><strong>singuli.</strong></span> <span class='ocrx_word' id='word_1_726' title='bbox 3282 4386 3375 4441; x_wconf 82' lang='lat' dir='ltr'><strong>Sic</strong></span> <span class='ocrx_word' id='word_1_727' title='bbox 3402 4380 3591 4441; x_wconf 83' lang='lat' dir='ltr'><strong>deinde</strong></span> <span class='ocrx_word' id='word_1_728' title='bbox 3609 4378 3797 4451; x_wconf 62' lang='lat' dir='ltr'><strong>subjmeii.</strong></span> 
     </span>
    </p>
   </div>
   <div class='ocr_carea' id='block_1_86' title="bbox 604 4456 3798 4547">
    <p class='ocr_par' dir='ltr' id='par_1_86' title="bbox 604 4456 3798 4547">
     <span class='ocr_line' id='line_1_86' title="bbox 604 4456 3798 4547; baseline 0.004 -29"><span class='ocrx_word' id='word_1_729' title='bbox 604 4456 841 4518; x_wconf 58' lang='lat' dir='ltr'><strong>sitorum</strong></span> <span class='ocrx_word' id='word_1_730' title='bbox 873 4464 1014 4517; x_wconf 86' lang='lat' dir='ltr'><strong>inter</strong></span> <span class='ocrx_word' id='word_1_731' title='bbox 1039 4474 1119 4530; x_wconf 91' lang='lat' dir='ltr'><strong>se,</strong></span> <span class='ocrx_word' id='word_1_732' title='bbox 1146 4467 1208 4517; x_wconf 89' lang='lat' dir='ltr'><strong>ut</strong></span> <span class='ocrx_word' id='word_1_733' title='bbox 1236 4474 1295 4517; x_wconf 85' lang='lat' dir='ltr'><strong>se</strong></span> <span class='ocrx_word' id='word_1_734' title='bbox 1322 4459 1552 4518; x_wconf 86' lang='lat' dir='ltr'><strong>invicem</strong></span> <span class='ocrx_word' id='word_1_735' title='bbox 1588 4461 1806 4518; x_wconf 86' lang='lat' dir='ltr'><strong>audiant</strong></span> <span class='ocrx_word' id='word_1_736' title='bbox 1833 4481 1847 4517; x_wconf 90' lang='lat'>:</span> <span class='ocrx_word' id='word_1_737' title='bbox 1872 4462 2017 4536; x_wconf 86' lang='lat' dir='ltr'><strong>quod</strong></span> <span class='ocrx_word' id='word_1_738' title='bbox 2041 4466 2211 4526; x_wconf 84' lang='lat' dir='ltr'><strong>advo-</strong></span> <span class='ocrx_word' id='word_1_739' title='bbox 2317 4470 2462 4547; x_wconf 81' lang='lat' dir='ltr'><strong>quod</strong></span> <span class='ocrx_word' id='word_1_740' title='bbox 2507 4474 2575 4529; x_wconf 87' lang='lat' dir='ltr'><strong>ad</strong></span> <span class='ocrx_word' id='word_1_741' title='bbox 2616 4473 3048 4531; x_wconf 80' lang='lat' dir='ltr'><strong>exhortationem</strong></span> <span class='ocrx_word' id='word_1_742' title='bbox 3094 4476 3384 4546; x_wconf 87' lang='lat' dir='ltr'><strong>plurimum</strong></span> <span class='ocrx_word' id='word_1_743' title='bbox 3422 4480 3576 4544; x_wconf 82' lang='lat' dir='ltr'><strong>valet,</strong></span> <span class='ocrx_word' id='word_1_744' title='bbox 3604 4484 3651 4531; x_wconf 87' lang='lat' dir='ltr'><strong>et</strong></span> <span class='ocrx_word' id='word_1_745' title='bbox 3682 4478 3798 4528; x_wconf 64' lang='lat' dir='ltr'><strong>cum</strong></span> 
     </span>
    </p>
   </div>
   <div class='ocr_carea' id='block_1_87' title="bbox 606 4550 3799 4644">
    <p class='ocr_par' dir='ltr' id='par_1_87' title="bbox 606 4550 3799 4644">
     <span class='ocr_line' id='line_1_87' title="bbox 606 4550 3799 4644; baseline 0.005 -34"><span class='ocrx_word' id='word_1_746' title='bbox 606 4556 714 4611; x_wconf 81' lang='lat' dir='ltr'><strong>‘cati</strong></span> <span class='ocrx_word' id='word_1_747' title='bbox 751 4563 878 4611; x_wconf 91' lang='lat' dir='ltr'><strong>sunt</strong></span> <span class='ocrx_word' id='word_1_748' title='bbox 917 4556 971 4610; x_wconf 92' lang='lat' dir='ltr'><strong>in</strong></span> <span class='ocrx_word' id='word_1_749' title='bbox 1019 4550 1257 4612; x_wconf 85' lang='lat' dir='ltr'><strong>Christo.</strong></span> <span class='ocrx_word' id='word_1_750' title='bbox 1291 4554 1367 4610; x_wconf 81' lang='lat' dir='ltr'><strong>Ex</strong></span> <span class='ocrx_word' id='word_1_751' title='bbox 1417 4554 1521 4611; x_wconf 91' lang='lat' dir='ltr'><strong>hoc</strong></span> <span class='ocrx_word' id='word_1_752' title='bbox 1565 4564 1745 4613; x_wconf 86' lang='lat' dir='ltr'><strong>autem</strong></span> <span class='ocrx_word' id='word_1_753' title='bbox 1774 4559 1918 4629; x_wconf 88' lang='lat' dir='ltr'><strong>quod</strong></span> <span class='ocrx_word' id='word_1_754' title='bbox 1966 4559 2210 4619; x_wconf 85' lang='lat' dir='ltr'><strong>advocati</strong></span> <span class='ocrx_word' id='word_1_755' title='bbox 2236 4574 2294 4640; x_wconf 79' lang='grc' dir='ltr'><strong>Ῑ)</strong></span> <span class='ocrx_word' id='word_1_756' title='bbox 2318 4568 2752 4625; x_wconf 79' lang='lat' dir='ltr'><strong>exhortationem</strong></span> <span class='ocrx_word' id='word_1_757' title='bbox 2790 4568 2860 4624; x_wconf 90' lang='lat' dir='ltr'><strong>de</strong></span> <span class='ocrx_word' id='word_1_758' title='bbox 2895 4571 3202 4641; x_wconf 83' lang='lat' dir='ltr'><strong>praeceptis,</strong></span> <span class='ocrx_word' id='word_1_759' title='bbox 3231 4572 3285 4626; x_wconf 91' lang='lat' dir='ltr'><strong>in</strong></span> <span class='ocrx_word' id='word_1_760' title='bbox 3324 4582 3431 4644; x_wconf 88' lang='lat' dir='ltr'><strong>qua</strong></span> <span class='ocrx_word' id='word_1_761' title='bbox 3467 4570 3705 4628; x_wconf 82' lang='lat' dir='ltr'><strong>conclusio</strong></span> <span class='ocrx_word' id='word_1_762' title='bbox 3722 4576 3799 4635; x_wconf 71' lang='grc' dir='ltr'><strong>νη·</strong></span> 
     </span>
    </p>
   </div>
   <div class='ocr_carea' id='block_1_88' title="bbox 604 4648 3798 4736">
    <p class='ocr_par' dir='ltr' id='par_1_88' title="bbox 604 4648 3798 4736">
     <span class='ocr_line' id='line_1_88' title="bbox 604 4648 3798 4736; baseline 0.005 -34"><span class='ocrx_word' id='word_1_763' title='bbox 604 4659 733 4703; x_wconf 84' lang='grc' dir='ltr'>ειιιιι</span> <span class='ocrx_word' id='word_1_764' title='bbox 769 4650 820 4704; x_wconf 91' lang='lat' dir='ltr'><strong>in</strong></span> <span class='ocrx_word' id='word_1_765' title='bbox 847 4649 1093 4717; x_wconf 85' lang='lat' dir='ltr'><strong>Christo,</strong></span> <span class='ocrx_word' id='word_1_766' title='bbox 1120 4655 1204 4705; x_wconf 91' lang='grc' dir='ltr'><strong>εει</strong></span> <span class='ocrx_word' id='word_1_767' title='bbox 1246 4650 1408 4705; x_wconf 88' lang='lat' dir='ltr'><strong>ctiam</strong></span> <span class='ocrx_word' id='word_1_768' title='bbox 1439 4648 1679 4705; x_wconf 90' lang='lat' dir='ltr'><strong>dilectio.</strong></span> <span class='ocrx_word' id='word_1_769' title='bbox 1714 4650 1845 4707; x_wconf 89' lang='lat' dir='ltr'><strong>item</strong></span> <span class='ocrx_word' id='word_1_770' title='bbox 1887 4650 2129 4725; x_wconf 72' lang='lat' dir='ltr'><strong>adiungit</strong></span> <span class='ocrx_word' id='word_1_771' title='bbox 2163 4657 2210 4711; x_wconf 86' lang='lat' dir='ltr'><strong>si</strong></span> <span class='ocrx_word' id='word_1_772' title='bbox 2316 4664 2458 4736; x_wconf 77' lang='grc' dir='ltr'>εει)ιί</span> <span class='ocrx_word' id='word_1_773' title='bbox 2503 4663 2620 4719; x_wconf 85' lang='lat' dir='ltr'><strong>haec</strong></span> <span class='ocrx_word' id='word_1_774' title='bbox 2647 4672 2749 4731; x_wconf 89' lang='lat' dir='ltr'><strong>est,</strong></span> <span class='ocrx_word' id='word_1_775' title='bbox 2776 4670 2839 4718; x_wconf 91' lang='lat' dir='ltr'><strong>ut</strong></span> <span class='ocrx_word' id='word_1_776' title='bbox 2878 4662 2950 4719; x_wconf 86' lang='lat' dir='ltr'><strong>de</strong></span> <span class='ocrx_word' id='word_1_777' title='bbox 2986 4663 3212 4720; x_wconf 85' lang='lat' dir='ltr'><strong>aliorum</strong></span> <span class='ocrx_word' id='word_1_778' title='bbox 3248 4667 3578 4722; x_wconf 79' lang='lat' dir='ltr'><strong>recreatione</strong></span> <span class='ocrx_word' id='word_1_779' title='bbox 3600 4651 3798 4736; x_wconf 48' lang='grc' dir='ltr'><strong>(θείοςά</strong></span> 
     </span>
    </p>
   </div>
   <div class='ocr_carea' id='block_1_89' title="bbox 602 4740 2201 4817">
    <p class='ocr_par' dir='ltr' id='par_1_89' title="bbox 602 4740 2201 4817">
     <span class='ocr_line' id='line_1_89' title="bbox 602 4740 2201 4817; baseline 0.006 -24"><span class='ocrx_word' id='word_1_780' title='bbox 602 4757 705 4811; x_wconf 87' lang='lat' dir='ltr'><strong>qua</strong></span> <span class='ocrx_word' id='word_1_781' title='bbox 733 4743 1010 4797; x_wconf 87' lang='lat' dir='ltr'><strong>consolatio</strong></span> <span class='ocrx_word' id='word_1_782' title='bbox 1044 4740 1353 4798; x_wconf 65' lang='lat' dir='ltr'><strong>dilationis.</strong></span> <span class='ocrx_word' id='word_1_783' title='bbox 1378 4742 1515 4798; x_wconf 85' lang='lat' dir='ltr'><strong>Cum</strong></span> <span class='ocrx_word' id='word_1_784' title='bbox 1543 4742 1688 4799; x_wconf 85' lang='lat' dir='ltr'><strong>enim</strong></span> <span class='ocrx_word' id='word_1_785' title='bbox 1720 4744 1771 4799; x_wconf 87' lang='lat' dir='ltr'><strong>in</strong></span> <span class='ocrx_word' id='word_1_786' title='bbox 1803 4744 1960 4801; x_wconf 84' lang='lat' dir='ltr'><strong>malis</strong></span> <span class='ocrx_word' id='word_1_787' title='bbox 1990 4749 2161 4804; x_wconf 80' lang='lat' dir='ltr'><strong>simus</strong></span> <span class='ocrx_word' id='word_1_788' title='bbox 2184 4791 2201 4817; x_wconf 89' lang='lat'><strong>,</strong></span> 
     </span>
    </p>
   </div>
   <div class='ocr_carea' id='block_1_90' title="bbox 604 4832 2199 4911">
    <p class='ocr_par' dir='ltr' id='par_1_90' title="bbox 604 4832 2199 4911">
     <span class='ocr_line' id='line_1_90' title="bbox 604 4832 2199 4911; baseline 0.008 -26"><span class='ocrx_word' id='word_1_789' title='bbox 604 4837 661 4885; x_wconf 92' lang='lat' dir='ltr'><strong>ct</strong></span> <span class='ocrx_word' id='word_1_790' title='bbox 686 4835 868 4887; x_wconf 88' lang='lat' dir='ltr'><strong>mundi</strong></span> <span class='ocrx_word' id='word_1_791' title='bbox 894 4832 1050 4888; x_wconf 88' lang='lat' dir='ltr'><strong>malis</strong></span> <span class='ocrx_word' id='word_1_792' title='bbox 1074 4833 1401 4901; x_wconf 88' lang='lat' dir='ltr'><strong>laboremus,</strong></span> <span class='ocrx_word' id='word_1_793' title='bbox 1431 4836 1479 4891; x_wconf 91' lang='lat' dir='ltr'><strong>si</strong></span> <span class='ocrx_word' id='word_1_794' title='bbox 1510 4850 1609 4892; x_wconf 92' lang='lat' dir='ltr'><strong>nos</strong></span> <span class='ocrx_word' id='word_1_795' title='bbox 1631 4835 1862 4893; x_wconf 90' lang='lat' dir='ltr'><strong>invicem</strong></span> <span class='ocrx_word' id='word_1_796' title='bbox 1889 4836 2199 4911; x_wconf 87' lang='lat' dir='ltr'><strong>diligamus,</strong></span> 
     </span>
    </p>
   </div>
   <div class='ocr_carea' id='block_1_91' title="bbox 601 4918 2197 5004">
    <p class='ocr_par' dir='ltr' id='par_1_91' title="bbox 601 4918 2197 5004">
     <span class='ocr_line' id='line_1_91' title="bbox 601 4918 2197 5004; baseline 0.008 -28"><span class='ocrx_word' id='word_1_797' title='bbox 601 4918 748 4977; x_wconf 86' lang='lat' dir='ltr'><strong>Deus</strong></span> <span class='ocrx_word' id='word_1_798' title='bbox 777 4922 881 4978; x_wconf 86' lang='lat' dir='ltr'><strong>erit</strong></span> <span class='ocrx_word' id='word_1_799' title='bbox 923 4925 1079 4980; x_wconf 86' lang='lat' dir='ltr'><strong>nobis</strong></span> <span class='ocrx_word' id='word_1_800' title='bbox 1107 4926 1409 4982; x_wconf 87' lang='lat' dir='ltr'><strong>consolatio</strong></span> <span class='ocrx_word' id='word_1_801' title='bbox 1437 4926 1763 4986; x_wconf 87' lang='lat' dir='ltr'><strong>dilectionis.</strong></span> <span class='ocrx_word' id='word_1_802' title='bbox 1791 4928 1920 4987; x_wconf 79' lang='lat' dir='ltr'><strong>Haec</strong></span> <span class='ocrx_word' id='word_1_803' title='bbox 1938 4971 1954 4998; x_wconf 93' lang='lat'><strong>,</strong></span> <span class='ocrx_word' id='word_1_804' title='bbox 1989 4931 2197 5004; x_wconf 90' lang='lat' dir='ltr'><strong>inquit,</strong></span> 
     </span>
    </p>
   </div>
   <div class='ocr_carea' id='block_1_92' title="bbox 2312 4753 3801 4828">
    <p class='ocr_par' dir='ltr' id='par_1_92' title="bbox 2312 4753 3801 4828">
     <span class='ocr_line' id='line_1_92' title="bbox 2312 4753 3801 4828; baseline -0.003 -17"><span class='ocrx_word' id='word_1_805' title='bbox 2312 4756 2568 4828; x_wconf 81' lang='lat' dir='ltr'><strong>cogitent.</strong></span> <span class='ocrx_word' id='word_1_806' title='bbox 2598 4754 2733 4822; x_wconf 80' lang='lat' dir='ltr'><strong>Hoc,</strong></span> <span class='ocrx_word' id='word_1_807' title='bbox 2761 4755 2954 4826; x_wconf 85' lang='lat' dir='ltr'><strong>inquit,</strong></span> <span class='ocrx_word' id='word_1_808' title='bbox 2983 4754 3160 4812; x_wconf 78' lang='lat' dir='ltr'><strong>facere</strong></span> <span class='ocrx_word' id='word_1_809' title='bbox 3180 4757 3390 4814; x_wconf 81' lang='lat' dir='ltr'><strong>debetis</strong></span> <span class='ocrx_word' id='word_1_810' title='bbox 3418 4769 3473 4814; x_wconf 81' lang='lat' dir='ltr'><strong>et</strong></span> <span class='ocrx_word' id='word_1_811' title='bbox 3499 4753 3801 4813; x_wconf 70' lang='lat' dir='ltr'><strong>constitueret</strong></span> 
     </span>
    </p>
   </div>
   <div class='ocr_carea' id='block_1_93' title="bbox 2309 4836 3798 4921">
    <p class='ocr_par' dir='ltr' id='par_1_93' title="bbox 2309 4836 3798 4921">
     <span class='ocr_line' id='line_1_93' title="bbox 2309 4836 3798 4921; baseline -0.001 -20"><span class='ocrx_word' id='word_1_812' title='bbox 2309 4845 2512 4902; x_wconf 79' lang='lat' dir='ltr'><strong>sentire</strong></span> <span class='ocrx_word' id='word_1_813' title='bbox 2539 4845 2594 4900; x_wconf 84' lang='lat' dir='ltr'><strong>in</strong></span> <span class='ocrx_word' id='word_1_814' title='bbox 2620 4846 2808 4914; x_wconf 82' lang='lat' dir='ltr'><strong>vobis,</strong></span> <span class='ocrx_word' id='word_1_815' title='bbox 2842 4846 2987 4917; x_wconf 76' lang='lat' dir='ltr'><strong>quod</strong></span> <span class='ocrx_word' id='word_1_816' title='bbox 3017 4847 3263 4904; x_wconf 83' lang='lat' dir='ltr'><strong>Christus</strong></span> <span class='ocrx_word' id='word_1_817' title='bbox 3306 4848 3437 4905; x_wconf 78' lang='lat' dir='ltr'><strong>fecit</strong></span> <span class='ocrx_word' id='word_1_818' title='bbox 3460 4867 3475 4905; x_wconf 90' lang='lat'><strong>:</strong></span> <span class='ocrx_word' id='word_1_819' title='bbox 3496 4847 3625 4921; x_wconf 81' lang='lat' dir='ltr'><strong>quod</strong></span> <span class='ocrx_word' id='word_1_820' title='bbox 3658 4844 3710 4900; x_wconf 80' lang='lat' dir='ltr'><strong>de</strong></span> <span class='ocrx_word' id='word_1_821' title='bbox 3732 4836 3798 4894; x_wconf 55' lang='lat' dir='ltr'><strong>Ilii</strong></span> 
     </span>
    </p>
   </div>
   <div class='ocr_carea' id='block_1_94' title="bbox 2305 4929 3799 5016">
    <p class='ocr_par' dir='ltr' id='par_1_94' title="bbox 2305 4929 3799 5016">
     <span class='ocr_line' id='line_1_94' title="bbox 2305 4929 3799 5016; baseline -0.001 -23"><span class='ocrx_word' id='word_1_822' title='bbox 2305 4938 2551 5009; x_wconf 88' lang='lat' dir='ltr'><strong>cogitans</strong></span> <span class='ocrx_word' id='word_1_823' title='bbox 2572 4979 2587 5005; x_wconf 93' lang='lat'><strong>,</strong></span> <span class='ocrx_word' id='word_1_824' title='bbox 2619 4937 2689 4994; x_wconf 90' lang='lat' dir='ltr'><strong>de</strong></span> <span class='ocrx_word' id='word_1_825' title='bbox 2714 4951 2774 4994; x_wconf 86' lang='lat' dir='ltr'><strong>se</strong></span> <span class='ocrx_word' id='word_1_826' title='bbox 2807 4947 2864 4994; x_wconf 89' lang='lat' dir='ltr'><strong>et</strong></span> <span class='ocrx_word' id='word_1_827' title='bbox 2892 4939 2961 4995; x_wconf 88' lang='lat' dir='ltr'><strong>de</strong></span> <span class='ocrx_word' id='word_1_828' title='bbox 2992 4954 3089 4994; x_wconf 89' lang='lat' dir='ltr'><strong>sua</strong></span> <span class='ocrx_word' id='word_1_829' title='bbox 3124 4940 3293 5012; x_wconf 89' lang='lat' dir='ltr'><strong>gloria</strong></span> <span class='ocrx_word' id='word_1_830' title='bbox 3326 4941 3464 4997; x_wconf 88' lang='lat' dir='ltr'><strong>nihil</strong></span> <span class='ocrx_word' id='word_1_831' title='bbox 3496 4938 3734 5016; x_wconf 77' lang='lat' dir='ltr'><strong>cogitavit:</strong></span> <span class='ocrx_word' id='word_1_832' title='bbox 3754 4929 3799 4983; x_wconf 63' lang='lat' dir='ltr'><strong>id</strong></span> 
     </span>
    </p>
   </div>
   <div class='ocr_carea' id='block_1_95' title="bbox 604 5028 3797 5138">
    <p class='ocr_par' dir='ltr' id='par_1_95' title="bbox 604 5028 3797 5138">
     <span class='ocr_line' id='line_1_95' title="bbox 604 5028 3797 5138; baseline -0.006 -32"><span class='ocrx_word' id='word_1_833' title='bbox 604 5096 617 5106; x_wconf 41' lang='grc' dir='ltr'><em>,ν</em></span> <span class='ocrx_word' id='word_1_834' title='bbox 667 5059 753 5138; x_wconf 58' lang='grc' dir='ltr'><strong>(ι)</strong></span> <span class='ocrx_word' id='word_1_835' title='bbox 779 5058 950 5138; x_wconf 69' lang='lat' dir='ltr'><strong>Codd.</strong></span> <span class='ocrx_word' id='word_1_836' title='bbox 979 5062 1195 5138; x_wconf 67' lang='lat' dir='ltr'><strong>velqu</strong></span> <span class='ocrx_word' id='word_1_837' title='bbox 1219 5064 1284 5119; x_wconf 86' lang='lat' dir='ltr'><strong>de</strong></span> <span class='ocrx_word' id='word_1_838' title='bbox 1309 5080 1409 5132; x_wconf 85' lang='lat' dir='ltr'><strong>me,</strong></span> <span class='ocrx_word' id='word_1_839' title='bbox 1432 5065 1510 5138; x_wconf 79' lang='lat' dir='ltr'><strong>uel</strong></span> <span class='ocrx_word' id='word_1_840' title='bbox 1531 5082 1646 5138; x_wconf 64' lang='lat' dir='ltr'><strong>qua;</strong></span> <span class='ocrx_word' id='word_1_841' title='bbox 1672 5068 1910 5125; x_wconf 51' lang='lat' dir='ltr'><strong>“diuis.</strong></span> <span class='ocrx_word' id='word_1_842' title='bbox 2038 5079 2042 5083; x_wconf 94' lang='lat'><em>-</em></span> <span class='ocrx_word' id='word_1_843' title='bbox 2304 5028 2373 5085; x_wconf 85' lang='lat' dir='ltr'><strong>de</strong></span> <span class='ocrx_word' id='word_1_844' title='bbox 2400 5043 2467 5086; x_wconf 88' lang='lat' dir='ltr'><strong>eo</strong></span> <span class='ocrx_word' id='word_1_845' title='bbox 2497 5029 2640 5101; x_wconf 89' lang='lat' dir='ltr'><strong>quod</strong></span> <span class='ocrx_word' id='word_1_846' title='bbox 2677 5031 2971 5100; x_wconf 86' lang='lat' dir='ltr'><strong>potentiam</strong></span> <span class='ocrx_word' id='word_1_847' title='bbox 3006 5045 3159 5088; x_wconf 87' lang='lat' dir='ltr'><strong>suam</strong></span> <span class='ocrx_word' id='word_1_848' title='bbox 3177 5074 3194 5102; x_wconf 89' lang='lat'><strong>,</strong></span> <span class='ocrx_word' id='word_1_849' title='bbox 3221 5040 3281 5088; x_wconf 87' lang='lat' dir='ltr'><strong>ut</strong></span> <span class='ocrx_word' id='word_1_850' title='bbox 3301 5028 3552 5105; x_wconf 83' lang='lat' dir='ltr'><strong>docebit,</strong></span> <span class='ocrx_word' id='word_1_851' title='bbox 3576 5034 3675 5106; x_wconf 82' lang='lat' dir='ltr'><strong>ipse</strong></span> <span class='ocrx_word' id='word_1_852' title='bbox 3692 5029 3797 5099; x_wconf 66' lang='grc' dir='ltr'><strong>ὀφθ-</strong></span> 
     </span>
    </p>
   </div>
   <div class='ocr_carea' id='block_1_96' title="bbox 590 5130 2194 5212">
    <p class='ocr_par' dir='ltr' id='par_1_96' title="bbox 590 5130 2194 5212">
     <span class='ocr_line' id='line_1_96' title="bbox 590 5130 2194 5212; baseline 0.011 -28"><span class='ocrx_word' id='word_1_853' title='bbox 590 5136 611 5212; x_wconf 58' lang='lat' dir='ltr'><strong>i</strong></span> <span class='ocrx_word' id='word_1_854' title='bbox 671 5130 752 5204; x_wconf 69' lang='lat'><strong>(2)</strong></span> <span class='ocrx_word' id='word_1_855' title='bbox 788 5132 969 5212; x_wconf 75' lang='lat' dir='ltr'><strong>Vulg.,</strong></span> <span class='ocrx_word' id='word_1_856' title='bbox 1001 5130 1434 5212; x_wconf 58' lang='lat' dir='ltr'><strong>“enicet-tamen</strong></span> <span class='ocrx_word' id='word_1_857' title='bbox 1465 5130 1720 5206; x_wconf 81' lang='lat' dir='ltr'><strong>habentes,</strong></span> <span class='ocrx_word' id='word_1_858' title='bbox 1744 5140 1895 5212; x_wconf 84' lang='lat' dir='ltr'><strong>quale</strong></span> <span class='ocrx_word' id='word_1_859' title='bbox 1919 5146 1966 5200; x_wconf 77' lang='lat' dir='ltr'><strong>ei</strong></span> <span class='ocrx_word' id='word_1_860' title='bbox 1993 5138 2194 5201; x_wconf 81' lang='lat' dir='ltr'><strong>uidistis</strong></span> 
     </span>
    </p>
   </div>
   <div class='ocr_carea' id='block_1_97' title="bbox 592 5204 3798 5291">
    <p class='ocr_par' dir='ltr' id='par_1_97' title="bbox 592 5204 3798 5291">
     <span class='ocr_line' id='line_1_97' title="bbox 592 5204 3798 5291; baseline 0.005 -34"><span class='ocrx_word' id='word_1_861' title='bbox 592 5204 646 5257; x_wconf 87' lang='lat' dir='ltr'><strong>in</strong></span> <span class='ocrx_word' id='word_1_862' title='bbox 668 5219 772 5291; x_wconf 50' lang='lat' dir='ltr'><strong>line,</strong></span> <span class='ocrx_word' id='word_1_863' title='bbox 780 5214 850 5291; x_wconf 62' lang='lat' dir='ltr'><strong>net</strong></span> <span class='ocrx_word' id='word_1_864' title='bbox 866 5208 1019 5291; x_wconf 59' lang='lat' dir='ltr'><strong>nunc</strong></span> <span class='ocrx_word' id='word_1_865' title='bbox 1039 5204 1265 5291; x_wconf 68' lang='lat' dir='ltr'><strong>audistis</strong></span> <span class='ocrx_word' id='word_1_866' title='bbox 1274 5208 1345 5291; x_wconf 46' lang='lat' dir='ltr'><strong>‘de</strong></span> <span class='ocrx_word' id='word_1_867' title='bbox 1371 5218 1469 5261; x_wconf 88' lang='lat' dir='ltr'><strong>me.</strong></span> <span class='ocrx_word' id='word_1_868' title='bbox 1560 5279 1571 5291; x_wconf 42' lang='lat'><strong><em>&#39;</em></strong></span> <span class='ocrx_word' id='word_1_869' title='bbox 1614 5279 1631 5291; x_wconf 27' lang='grc' dir='ltr'><strong>λ</strong></span> <span class='ocrx_word' id='word_1_870' title='bbox 1708 5204 1714 5206; x_wconf 41' lang='grc'><em>“</em></span> <span class='ocrx_word' id='word_1_871' title='bbox 1752 5204 1766 5212; x_wconf 90' lang='grc'><em>’</em></span> <span class='ocrx_word' id='word_1_872' title='bbox 1820 5288 1825 5291; x_wconf 71' lang='lat'><strong><em>_</em></strong></span> <span class='ocrx_word' id='word_1_873' title='bbox 1877 5281 1889 5291; x_wconf 41' lang='lat'>.</span> <span class='ocrx_word' id='word_1_874' title='bbox 1915 5283 1925 5291; x_wconf 83' lang='lat'>_</span> <span class='ocrx_word' id='word_1_875' title='bbox 2004 5285 2016 5291; x_wconf 79' lang='lat'><strong>_</strong></span> <span class='ocrx_word' id='word_1_876' title='bbox 2294 5286 2330 5291; x_wconf 87' lang='lat'>_</span> <span class='ocrx_word' id='word_1_877' title='bbox 2370 5211 2710 5291; x_wconf 51' lang='lat' dir='ltr'><strong>(“ﬁgatur</strong></span> <span class='ocrx_word' id='word_1_878' title='bbox 2739 5213 2972 5286; x_wconf 74' lang='lat' dir='ltr'><strong>positum</strong></span> <span class='ocrx_word' id='word_1_879' title='bbox 3003 5226 3101 5289; x_wconf 86' lang='lat' dir='ltr'><strong>pro</strong></span> <span class='ocrx_word' id='word_1_880' title='bbox 3127 5210 3392 5286; x_wconf 76' lang='lat' dir='ltr'><strong>delectus,</strong></span> <span class='ocrx_word' id='word_1_881' title='bbox 3418 5227 3478 5274; x_wconf 87' lang='lat' dir='ltr'><strong>ut</strong></span> <span class='ocrx_word' id='word_1_882' title='bbox 3499 5216 3625 5291; x_wconf 74' lang='lat' dir='ltr'><strong>apud</strong></span> <span class='ocrx_word' id='word_1_883' title='bbox 3647 5208 3733 5271; x_wconf 64' lang='grc' dir='ltr'>οιε</span> <span class='ocrx_word' id='word_1_884' title='bbox 3758 5207 3798 5261; x_wconf 64' lang='grc' dir='ltr'><strong>σε</strong></span> 
     </span>
    </p>
   </div>
   <div class='ocr_carea' id='block_1_98' title="bbox 601 5273 2236 5357">
    <p class='ocr_par' dir='ltr' id='par_1_98' title="bbox 601 5273 2191 5357">
     <span class='ocr_line' id='line_1_98' title="bbox 601 5273 2191 5357; baseline 0.018 -32"><span class='ocrx_word' id='word_1_885' title='bbox 601 5298 609 5306; x_wconf 75' lang='grc' dir='ltr'><strong><em>ο</em></strong></span> <span class='ocrx_word' id='word_1_886' title='bbox 663 5274 743 5357; x_wconf 68' lang='grc' dir='ltr'><strong>(ὅ)</strong></span> <span class='ocrx_word' id='word_1_887' title='bbox 779 5273 1028 5330; x_wconf 61' lang='lat' dir='ltr'><strong>Graecum</strong></span> <span class='ocrx_word' id='word_1_888' title='bbox 1056 5276 1390 5357; x_wconf 56' lang='lat' dir='ltr'><strong>vocabulum</strong></span> <span class='ocrx_word' id='word_1_889' title='bbox 1433 5279 1759 5357; x_wconf 63' lang='grc' dir='ltr'><strong>παράυιληριτ</strong></span> <span class='ocrx_word' id='word_1_890' title='bbox 1785 5281 2191 5357; x_wconf 57' lang='grc' dir='ltr'><strong>ξωδὲευίιιωω</strong></span> 
     </span>
    </p>
   </div>
   <div class='ocr_carea' id='block_1_99' title="bbox 2283 5273 2638 5357">
    <p class='ocr_par' dir='ltr' id='par_1_99' title="bbox 2294 5273 2638 5356">
     <span class='ocr_line' id='line_1_99' title="bbox 2294 5273 2638 5356; baseline -0.017 -12"><span class='ocrx_word' id='word_1_891' title='bbox 2294 5273 2513 5356; x_wconf 65' lang='grc' dir='ltr'>Βείιίι,</span> <span class='ocrx_word' id='word_1_892' title='bbox 2545 5283 2638 5340; x_wconf 73' lang='grc'><strong>54.</strong></span> 
     </span>
    </p>
   </div>
   <div class='ocr_carea' id='block_1_100' title="bbox 2297 5356 3793 5446">
    <p class='ocr_par' dir='ltr' id='par_1_100' title="bbox 2297 5356 3793 5446">
     <span class='ocr_line' id='line_1_100' title="bbox 2297 5356 3793 5446; baseline 0.003 -4"><span class='ocrx_word' id='word_1_893' title='bbox 2297 5358 2445 5446; x_wconf 37' lang='lat' dir='ltr'><strong>ut?)</strong></span> <span class='ocrx_word' id='word_1_894' title='bbox 2481 5358 2669 5446; x_wconf 66' lang='grc' dir='ltr'><strong>ὶυιε-τ,</strong></span> <span class='ocrx_word' id='word_1_895' title='bbox 2686 5356 3278 5446; x_wconf 15' lang='grc' dir='ltr'><strong>ξιίῗςιφάευξέίισνσιαιωη</strong></span> <span class='ocrx_word' id='word_1_896' title='bbox 3296 5360 3553 5446; x_wconf 60' lang='lat' dir='ltr'><strong>Mm</strong></span> 
     </span>
    </p>
   </div>
   <div class='ocr_carea' id='block_1_101' title="bbox 2288 5429 3795 5589">
    <p class='ocr_par' dir='ltr' id='par_1_101' title="bbox 2288 5429 3795 5589">
     <span class='ocr_line' id='line_1_101' title="bbox 2289 5429 3795 5505; baseline 0.003 -21"><span class='ocrx_word' id='word_1_897' title='bbox 2289 5430 2516 5501; x_wconf 87' lang='lat' dir='ltr'><strong>idipsum</strong></span> <span class='ocrx_word' id='word_1_898' title='bbox 2542 5429 2848 5495; x_wconf 83' lang='lat' dir='ltr'><strong>sentientes;</strong></span> <span class='ocrx_word' id='word_1_899' title='bbox 2885 5431 3020 5485; x_wconf 81' lang='lat' dir='ltr'><strong>nihil</strong></span> <span class='ocrx_word' id='word_1_900' title='bbox 3061 5446 3153 5505; x_wconf 81' lang='lat' dir='ltr'><strong>per</strong></span> <span class='ocrx_word' id='word_1_901' title='bbox 3193 5433 3562 5488; x_wconf 79' lang='lat' dir='ltr'><strong>contentionem</strong></span> <span class='ocrx_word' id='word_1_902' title='bbox 3593 5442 3719 5501; x_wconf 71' lang='lat' dir='ltr'><strong>aqu</strong></span> <span class='ocrx_word' id='word_1_903' title='bbox 3744 5436 3795 5501; x_wconf 61' lang='grc' dir='ltr'><em>η</em></span> 
     </span>
     <span class='ocr_line' id='line_1_102' title="bbox 2288 5499 3795 5589; baseline 0.003 -35"><span class='ocrx_word' id='word_1_904' title='bbox 2288 5503 2493 5557; x_wconf 82' lang='lat' dir='ltr'><strong>inanem</strong></span> <span class='ocrx_word' id='word_1_905' title='bbox 2503 5501 2737 5589; x_wconf 57' lang='lat' dir='ltr'><strong>gloriam</strong></span> <span class='ocrx_word' id='word_1_906' title='bbox 2760 5542 2776 5568; x_wconf 88' lang='lat'><strong>,</strong></span> <span class='ocrx_word' id='word_1_907' title='bbox 2809 5502 2898 5589; x_wconf 83' lang='lat' dir='ltr'><strong>sed</strong></span> <span class='ocrx_word' id='word_1_908' title='bbox 2926 5503 2980 5555; x_wconf 87' lang='lat' dir='ltr'><strong>in</strong></span> <span class='ocrx_word' id='word_1_909' title='bbox 3004 5504 3289 5558; x_wconf 81' lang='lat' dir='ltr'><strong>humilitate</strong></span> <span class='ocrx_word' id='word_1_910' title='bbox 3313 5508 3600 5589; x_wconf 60' lang='lat' dir='ltr'><strong>superiores</strong></span> 
     </span>
    </p>
   </div>
   <div class='ocr_carea' id='block_1_102' title="bbox 2283 5570 3794 5733">
    <p class='ocr_par' dir='ltr' id='par_1_102' title="bbox 2283 5570 3794 5733">
     <span class='ocr_line' id='line_1_103' title="bbox 2286 5570 3794 5647; baseline 0.001 -20"><span class='ocrx_word' id='word_1_911' title='bbox 2286 5586 2395 5627; x_wconf 88' lang='lat' dir='ltr'><strong>cem</strong></span> <span class='ocrx_word' id='word_1_912' title='bbox 2437 5574 2780 5639; x_wconf 77' lang='lat' dir='ltr'><strong>arbitrantes,</strong></span> <span class='ocrx_word' id='word_1_913' title='bbox 2824 5587 2928 5626; x_wconf 87' lang='lat' dir='ltr'><strong>non</strong></span> <span class='ocrx_word' id='word_1_914' title='bbox 2968 5589 3085 5644; x_wconf 77' lang='lat' dir='ltr'><strong>quae</strong></span> <span class='ocrx_word' id='word_1_915' title='bbox 3126 5588 3221 5629; x_wconf 81' lang='lat' dir='ltr'><strong>sua</strong></span> <span class='ocrx_word' id='word_1_916' title='bbox 3255 5570 3395 5630; x_wconf 64' lang='lat' dir='ltr'><strong>sani</strong></span> <span class='ocrx_word' id='word_1_917' title='bbox 3422 5577 3600 5647; x_wconf 76' lang='lat' dir='ltr'><strong>singuli</strong></span> <span class='ocrx_word' id='word_1_918' title='bbox 3633 5570 3794 5628; x_wconf 63' lang='lat' dir='ltr'>M</span> 
     </span>
     <span class='ocr_line' id='line_1_104' title="bbox 2283 5645 3790 5733; baseline 0 0"><span class='ocrx_word' id='word_1_919' title='bbox 2283 5645 2612 5733; x_wconf 51' lang='lat' dir='ltr'><strong>&#39;“C&#39;l‘i‘a‘i‘i</strong></span> <span class='ocrx_word' id='word_1_920' title='bbox 2631 5645 3093 5733; x_wconf 26' lang='lat' dir='ltr'><strong>e?.9.¥£¢‘.‘.9&#39;v&quot;-</strong></span> <span class='ocrx_word' id='word_1_921' title='bbox 3199 5718 3232 5733; x_wconf 86' lang='lat'><strong>..</strong></span> <span class='ocrx_word' id='word_1_922' title='bbox 3318 5732 3323 5733; x_wconf 63' lang='lat'><strong><em>,</em></strong></span> <span class='ocrx_word' id='word_1_923' title='bbox 3574 5726 3587 5733; x_wconf 82' lang='lat'><strong>-</strong></span> <span class='ocrx_word' id='word_1_924' title='bbox 3670 5722 3790 5733; x_wconf 39' lang='grc' dir='ltr'><strong>μμ</strong></span> 
     </span>
    </p>
   </div>
   <div class='ocr_carea' id='block_1_103' title="bbox 2280 5715 3790 5844">
    <p class='ocr_par' dir='ltr' id='par_1_103' title="bbox 2280 5715 3790 5844">
     <span class='ocr_line' id='line_1_105' title="bbox 2280 5715 3790 5844; baseline 0.004 -73"><span class='ocrx_word' id='word_1_925' title='bbox 2280 5715 2438 5844; x_wconf 48' lang='grc' dir='ltr'><strong>ιὲοξιῗι</strong></span> <span class='ocrx_word' id='word_1_926' title='bbox 2463 5715 2635 5772; x_wconf 77' lang='lat' dir='ltr'><strong>Codd.</strong></span> <span class='ocrx_word' id='word_1_927' title='bbox 2670 5729 2806 5773; x_wconf 83' lang='lat' dir='ltr'><strong>unus</strong></span> <span class='ocrx_word' id='word_1_928' title='bbox 2824 5724 2973 5785; x_wconf 76' lang='lat' dir='ltr'><strong>reatu</strong></span> <span class='ocrx_word' id='word_1_929' title='bbox 2996 5728 3115 5791; x_wconf 69' lang='lat' dir='ltr'><strong>qm</strong></span> <span class='ocrx_word' id='word_1_930' title='bbox 3132 5718 3353 5801; x_wconf 71' lang='lat' dir='ltr'><strong>ration,</strong></span> <span class='ocrx_word' id='word_1_931' title='bbox 3378 5720 3471 5779; x_wconf 76' lang='lat' dir='ltr'><strong>alii</strong></span> <span class='ocrx_word' id='word_1_932' title='bbox 3510 5722 3790 5795; x_wconf 51' lang='lat' dir='ltr'><strong>rat-atqvi?</strong></span> 
     </span>
    </p>
   </div>
   <div class='ocr_carea' id='block_1_104' title="bbox 589 5345 2182 5415">
    <p class='ocr_par' dir='ltr' id='par_1_104' title="bbox 589 5345 2182 5415">
     <span class='ocr_line' id='line_1_106' title="bbox 589 5345 2182 5415; baseline 0.01 -16"><span class='ocrx_word' id='word_1_933' title='bbox 589 5345 777 5415; x_wconf 62' lang='grc' dir='ltr'>ιιι-εει,</span> <span class='ocrx_word' id='word_1_934' title='bbox 809 5358 953 5401; x_wconf 83' lang='grc' dir='ltr'>ειιιιε</span> <span class='ocrx_word' id='word_1_935' title='bbox 997 5345 1265 5400; x_wconf 77' lang='lat' dir='ltr'><strong>aduocatio</strong></span> <span class='ocrx_word' id='word_1_936' title='bbox 1309 5365 1377 5403; x_wconf 86' lang='lat' dir='ltr'><strong>an</strong></span> <span class='ocrx_word' id='word_1_937' title='bbox 1438 5345 1740 5405; x_wconf 74' lang='lat' dir='ltr'><strong>coiisolatio.</strong></span> <span class='ocrx_word' id='word_1_938' title='bbox 1790 5345 1960 5410; x_wconf 71' lang='lat' dir='ltr'><strong>Becsé</strong></span> <span class='ocrx_word' id='word_1_939' title='bbox 2002 5369 2182 5415; x_wconf 88' lang='lat' dir='ltr'><strong>autem</strong></span> 
     </span>
    </p>
   </div>
   <div class='ocr_carea' id='block_1_105' title="bbox 586 5414 2179 5493">
    <p class='ocr_par' dir='ltr' id='par_1_105' title="bbox 586 5414 2179 5493">
     <span class='ocr_line' id='line_1_107' title="bbox 586 5414 2179 5493; baseline 0.008 -22"><span class='ocrx_word' id='word_1_940' title='bbox 586 5414 895 5472; x_wconf 78' lang='lat' dir='ltr'><strong>Victorinus</strong></span> <span class='ocrx_word' id='word_1_941' title='bbox 939 5417 1168 5488; x_wconf 85' lang='lat' dir='ltr'><strong>primum</strong></span> <span class='ocrx_word' id='word_1_942' title='bbox 1210 5416 1406 5493; x_wconf 75' lang='lat' dir='ltr'><strong>retinet</strong></span> <span class='ocrx_word' id='word_1_943' title='bbox 1431 5426 1674 5484; x_wconf 78' lang='lat' dir='ltr'><strong>sensum,</strong></span> <span class='ocrx_word' id='word_1_944' title='bbox 1717 5426 1836 5493; x_wconf 87' lang='lat' dir='ltr'><strong>quia</strong></span> <span class='ocrx_word' id='word_1_945' title='bbox 1883 5414 2179 5485; x_wconf 77' lang='lat' dir='ltr'><strong>secundum</strong></span> 
     </span>
    </p>
   </div>
   <div class='ocr_carea' id='block_1_106' title="bbox 583 5486 2181 5566">
    <p class='ocr_par' dir='ltr' id='par_1_106' title="bbox 583 5486 2181 5566">
     <span class='ocr_line' id='line_1_108' title="bbox 583 5486 2181 5566; baseline 0.011 -28"><span class='ocrx_word' id='word_1_946' title='bbox 583 5492 711 5566; x_wconf 69' lang='lat' dir='ltr'><strong>mox</strong></span> <span class='ocrx_word' id='word_1_947' title='bbox 742 5501 773 5566; x_wconf 84' lang='lat' dir='ltr'><strong>e</strong></span> <span class='ocrx_word' id='word_1_948' title='bbox 816 5486 994 5556; x_wconf 66' lang='lat' dir='ltr'><strong>graeco</strong></span> <span class='ocrx_word' id='word_1_949' title='bbox 1022 5488 1365 5566; x_wconf 40' lang='lat' dir='ltr'><strong>“trapezitae-ton</strong></span> <span class='ocrx_word' id='word_1_950' title='bbox 1394 5486 1675 5545; x_wconf 86' lang='lat' dir='ltr'><strong>habemus.</strong></span> <span class='ocrx_word' id='word_1_951' title='bbox 1700 5486 1770 5532; x_wconf 66' lang='lat'><strong>-—&#39;-</strong></span> <span class='ocrx_word' id='word_1_952' title='bbox 1817 5493 1970 5566; x_wconf 82' lang='lat' dir='ltr'><strong>Vulg.</strong></span> <span class='ocrx_word' id='word_1_953' title='bbox 2012 5511 2181 5556; x_wconf 78' lang='lat' dir='ltr'><strong>autem</strong></span> 
     </span>
    </p>
   </div>
   <div class='ocr_carea' id='block_1_107' title="bbox 587 5556 2176 5634">
    <p class='ocr_par' dir='ltr' id='par_1_107' title="bbox 587 5556 2176 5634">
     <span class='ocr_line' id='line_1_109' title="bbox 587 5556 2176 5634; baseline 0.011 -25"><span class='ocrx_word' id='word_1_954' title='bbox 587 5556 726 5609; x_wconf 85' lang='lat' dir='ltr'><strong>hunc</strong></span> <span class='ocrx_word' id='word_1_955' title='bbox 747 5561 923 5634; x_wconf 75' lang='lat' dir='ltr'><strong>locum</strong></span> <span class='ocrx_word' id='word_1_956' title='bbox 944 5574 1016 5634; x_wconf 74' lang='lat' dir='ltr'><strong>sic</strong></span> <span class='ocrx_word' id='word_1_957' title='bbox 1038 5556 1235 5614; x_wconf 72' lang='grc' dir='ltr'>εεύιιόει</span> <span class='ocrx_word' id='word_1_958' title='bbox 1250 5574 1283 5634; x_wconf 11' lang='grc' dir='ltr'><strong>γε</strong></span> <span class='ocrx_word' id='word_1_959' title='bbox 1305 5558 1366 5616; x_wconf 80' lang='lat' dir='ltr'><strong>Si</strong></span> <span class='ocrx_word' id='word_1_960' title='bbox 1386 5576 1489 5631; x_wconf 87' lang='lat' dir='ltr'><strong>qua</strong></span> <span class='ocrx_word' id='word_1_961' title='bbox 1509 5578 1629 5634; x_wconf 87' lang='lat' dir='ltr'><strong>ergo</strong></span> <span class='ocrx_word' id='word_1_962' title='bbox 1646 5556 1998 5622; x_wconf 59' lang='lat' dir='ltr'><strong>consolatio&#39;in</strong></span> <span class='ocrx_word' id='word_1_963' title='bbox 2022 5566 2176 5625; x_wconf 82' lang='lat' dir='ltr'><strong>Chri-</strong></span> 
     </span>
    </p>
   </div>
   <div class='ocr_carea' id='block_1_108' title="bbox 583 5626 2171 5711">
    <p class='ocr_par' dir='ltr' id='par_1_108' title="bbox 583 5626 2171 5711">
     <span class='ocr_line' id='line_1_110' title="bbox 583 5626 2171 5711; baseline 0.011 -31"><span class='ocrx_word' id='word_1_964' title='bbox 583 5639 685 5710; x_wconf 75' lang='lat' dir='ltr'><strong>sto,</strong></span> <span class='ocrx_word' id='word_1_965' title='bbox 713 5626 758 5681; x_wconf 84' lang='lat' dir='ltr'><strong>si</strong></span> <span class='ocrx_word' id='word_1_966' title='bbox 787 5631 923 5707; x_wconf 81' lang='lat' dir='ltr'><strong>quod</strong></span> <span class='ocrx_word' id='word_1_967' title='bbox 941 5630 1183 5711; x_wconf 75' lang='lat' dir='ltr'><strong>solatium</strong></span> <span class='ocrx_word' id='word_1_968' title='bbox 1206 5626 1683 5711; x_wconf 58' lang='lat' dir='ltr'><strong>choritatis,_st&#39;qua</strong></span> <span class='ocrx_word' id='word_1_969' title='bbox 1703 5648 1918 5692; x_wconf 76' lang='lat' dir='ltr'><strong>societas</strong></span> <span class='ocrx_word' id='word_1_970' title='bbox 1944 5642 2171 5711; x_wconf 84' lang='lat' dir='ltr'><strong>spiritus,</strong></span> 
     </span>
    </p>
   </div>
   <div class='ocr_carea' id='block_1_109' title="bbox 583 5700 2174 5783">
    <p class='ocr_par' dir='ltr' id='par_1_109' title="bbox 583 5700 2174 5783">
     <span class='ocr_line' id='line_1_111' title="bbox 583 5700 2174 5783; baseline 0.014 -35"><span class='ocrx_word' id='word_1_971' title='bbox 583 5700 638 5783; x_wconf 41' lang='lat' dir='ltr'><strong>si.</strong></span> <span class='ocrx_word' id='word_1_972' title='bbox 655 5714 757 5766; x_wconf 86' lang='lat' dir='ltr'><strong>qua</strong></span> <span class='ocrx_word' id='word_1_973' title='bbox 781 5703 974 5783; x_wconf 72' lang='lat' dir='ltr'><strong>viscera</strong></span> <span class='ocrx_word' id='word_1_974' title='bbox 998 5703 1360 5774; x_wconf 87' lang='lat' dir='ltr'><strong>miserationis,</strong></span> <span class='ocrx_word' id='word_1_975' title='bbox 1386 5700 1607 5778; x_wconf 66' lang='lat' dir='ltr'><strong>implete</strong></span> <span class='ocrx_word' id='word_1_976' title='bbox 1616 5711 1868 5783; x_wconf 82' lang='lat' dir='ltr'><strong>gaudium</strong></span> <span class='ocrx_word' id='word_1_977' title='bbox 1895 5700 2089 5783; x_wconf 72' lang='lat' dir='ltr'><strong>meum,</strong></span> <span class='ocrx_word' id='word_1_978' title='bbox 2116 5700 2174 5771; x_wconf 61' lang='lat' dir='ltr'><strong>ul</strong></span> 
     </span>
    </p>
   </div>
   <div class='ocr_carea' id='block_1_110' title="bbox 582 5769 972 5845">
    <p class='ocr_par' dir='ltr' id='par_1_110' title="bbox 582 5769 972 5845">
     <span class='ocr_line' id='line_1_112' title="bbox 582 5769 972 5845; baseline 0.008 -23"><span class='ocrx_word' id='word_1_979' title='bbox 582 5769 719 5822; x_wconf 79' lang='lat' dir='ltr'><strong>idem</strong></span> <span class='ocrx_word' id='word_1_980' title='bbox 740 5769 972 5845; x_wconf 79' lang='lat' dir='ltr'><strong>sapiatis.</strong></span> 
     </span>
    </p>
   </div>
  </div>
