  <div class='ocr_page' id='page_1' title='image "/cluster/home/n/w/nwhite01/storage/ocr_20150623/8/hvd.32044096580360/616.png"; bbox 0 0 4018 6184; ppageno 0'>
   <div class='ocr_carea' id='block_1_1' title="bbox 238 316 359 376">
    <p class='ocr_par' dir='ltr' id='par_1_1' title="bbox 238 316 359 376">
     <span class='ocr_line' id='line_1_1' title="bbox 238 316 359 376; baseline -0.017 0"><span class='ocrx_word' id='word_1_1' title='bbox 238 316 359 376; x_wconf 72' lang='grc' dir='ltr'><strong>1ὶο3</strong></span> 
     </span>
    </p>
   </div>
   <div class='ocr_carea' id='block_1_2' title="bbox 1022 313 2693 375">
    <p class='ocr_par' dir='ltr' id='par_1_2' title="bbox 1022 313 2693 375">
     <span class='ocr_line' id='line_1_2' title="bbox 1022 313 2693 375; baseline 0.001 -2"><span class='ocrx_word' id='word_1_2' title='bbox 1022 318 1089 373; x_wconf 83' lang='lat' dir='ltr'><strong>1N</strong></span> <span class='ocrx_word' id='word_1_3' title='bbox 1128 315 1517 374; x_wconf 76' lang='lat' dir='ltr'><strong>EPISTOLAM</strong></span> <span class='ocrx_word' id='word_1_4' title='bbox 1557 313 1765 371; x_wconf 81' lang='lat' dir='ltr'><strong>PAULI</strong></span> <span class='ocrx_word' id='word_1_5' title='bbox 1803 313 1896 370; x_wconf 79' lang='lat' dir='ltr'><strong>AD</strong></span> <span class='ocrx_word' id='word_1_6' title='bbox 1938 316 2428 375; x_wconf 83' lang='lat' dir='ltr'><strong>PHILIPPENSES</strong></span> <span class='ocrx_word' id='word_1_7' title='bbox 2468 318 2693 375; x_wconf 79' lang='lat' dir='ltr'><strong>LIBER.</strong></span> 
     </span>
    </p>
   </div>
   <div class='ocr_carea' id='block_1_3' title="bbox 3382 325 3520 381">
    <p class='ocr_par' dir='ltr' id='par_1_3' title="bbox 3382 325 3520 381">
     <span class='ocr_line' id='line_1_3' title="bbox 3382 325 3520 381; baseline 0.014 -2"><span class='ocrx_word' id='word_1_8' title='bbox 3382 325 3520 381; x_wconf 65' lang='lat'><strong>1206</strong></span> 
     </span>
    </p>
   </div>
   <div class='ocr_carea' id='block_1_4' title="bbox 235 429 3519 515">
    <p class='ocr_par' dir='ltr' id='par_1_4' title="bbox 235 429 3519 515">
     <span class='ocr_line' id='line_1_4' title="bbox 235 429 3519 515; baseline 0 -24"><span class='ocrx_word' id='word_1_9' title='bbox 235 437 344 505; x_wconf 88' lang='lat' dir='ltr'><strong>suit,</strong></span> <span class='ocrx_word' id='word_1_10' title='bbox 374 441 434 489; x_wconf 85' lang='grc' dir='ltr'><strong>ιιι</strong></span> <span class='ocrx_word' id='word_1_11' title='bbox 482 432 603 490; x_wconf 87' lang='lat' dir='ltr'><strong>aliis</strong></span> <span class='ocrx_word' id='word_1_12' title='bbox 642 433 851 490; x_wconf 71' lang='lat' dir='ltr'><strong>cmteris</strong></span> <span class='ocrx_word' id='word_1_13' title='bbox 900 433 1233 491; x_wconf 78' lang='lat' dir='ltr'><strong>subveniret.</strong></span> <span class='ocrx_word' id='word_1_14' title='bbox 1282 432 1424 505; x_wconf 85' lang='lat' dir='ltr'><strong>Ergo</strong></span> <span class='ocrx_word' id='word_1_15' title='bbox 1460 429 1565 487; x_wconf 88' lang='lat' dir='ltr'><strong>hoc</strong></span> <span class='ocrx_word' id='word_1_16' title='bbox 1610 438 1822 486; x_wconf 88' lang='lat' dir='ltr'><strong>tenetur</strong></span> <span class='ocrx_word' id='word_1_17' title='bbox 1847 430 1901 491; x_wconf 82' lang='lat' dir='ltr'><strong>A</strong></span> <span class='ocrx_word' id='word_1_18' title='bbox 1927 432 2172 500; x_wconf 89' lang='lat' dir='ltr'><strong>deantur,</strong></span> <span class='ocrx_word' id='word_1_19' title='bbox 2206 445 2296 491; x_wconf 88' lang='lat' dir='ltr'><strong>aut</strong></span> <span class='ocrx_word' id='word_1_20' title='bbox 2344 435 2579 506; x_wconf 77' lang='lat' dir='ltr'><strong>potiores</strong></span> <span class='ocrx_word' id='word_1_21' title='bbox 2619 436 2901 493; x_wconf 78' lang='lat' dir='ltr'><strong>resistendi</strong></span> <span class='ocrx_word' id='word_1_22' title='bbox 2945 438 3234 510; x_wconf 85' lang='lat' dir='ltr'><strong>pertinacia</strong></span> <span class='ocrx_word' id='word_1_23' title='bbox 3266 448 3318 495; x_wconf 87' lang='lat' dir='ltr'><strong>et</strong></span> <span class='ocrx_word' id='word_1_24' title='bbox 3355 457 3519 515; x_wconf 62' lang='lat' dir='ltr'><strong>supp—</strong></span> 
     </span>
    </p>
   </div>
   <div class='ocr_carea' id='block_1_5' title="bbox 235 522 1817 599">
    <p class='ocr_par' dir='ltr' id='par_1_5' title="bbox 235 522 1817 599">
     <span class='ocr_line' id='line_1_5' title="bbox 235 522 1817 599; baseline 0 -18"><span class='ocrx_word' id='word_1_25' title='bbox 235 526 283 582; x_wconf 91' lang='lat' dir='ltr'><strong>in</strong></span> <span class='ocrx_word' id='word_1_26' title='bbox 315 525 721 596; x_wconf 83' lang='lat' dir='ltr'><strong>exhortatione,</strong></span> <span class='ocrx_word' id='word_1_27' title='bbox 769 537 825 582; x_wconf 91' lang='lat' dir='ltr'><strong>ut</strong></span> <span class='ocrx_word' id='word_1_28' title='bbox 872 524 1128 599; x_wconf 78' lang='lat' dir='ltr'><strong>gaudium</strong></span> <span class='ocrx_word' id='word_1_29' title='bbox 1173 524 1346 598; x_wconf 84' lang='lat' dir='ltr'><strong>possit</strong></span> <span class='ocrx_word' id='word_1_30' title='bbox 1393 524 1604 597; x_wconf 90' lang='lat' dir='ltr'><strong>impleri</strong></span> <span class='ocrx_word' id='word_1_31' title='bbox 1649 522 1817 597; x_wconf 88' lang='lat' dir='ltr'><strong>ipsius</strong></span> 
     </span>
    </p>
   </div>
   <div class='ocr_carea' id='block_1_6' title="bbox 234 619 388 677">
    <p class='ocr_par' dir='ltr' id='par_1_6' title="bbox 234 619 388 677">
     <span class='ocr_line' id='line_1_6' title="bbox 234 619 388 677; baseline -0.013 -2"><span class='ocrx_word' id='word_1_32' title='bbox 234 619 388 677; x_wconf 87' lang='lat' dir='ltr'><strong>Pauli.</strong></span> 
     </span>
    </p>
   </div>
   <div class='ocr_carea' id='block_1_7' title="bbox 296 711 1816 786">
    <p class='ocr_par' dir='ltr' id='par_1_7' title="bbox 296 711 1816 786">
     <span class='ocr_line' id='line_1_7' title="bbox 296 711 1816 786; baseline -0.001 -17"><span class='ocrx_word' id='word_1_33' title='bbox 296 712 581 770; x_wconf 82' lang='lat' dir='ltr'><strong>Videamus</strong></span> <span class='ocrx_word' id='word_1_34' title='bbox 613 712 774 786; x_wconf 90' lang='lat' dir='ltr'><strong>igitur</strong></span> <span class='ocrx_word' id='word_1_35' title='bbox 804 712 1012 786; x_wconf 91' lang='lat' dir='ltr'><strong>singula</strong></span> <span class='ocrx_word' id='word_1_36' title='bbox 1042 729 1163 786; x_wconf 73' lang='lat' dir='ltr'><strong>qua:</strong></span> <span class='ocrx_word' id='word_1_37' title='bbox 1194 720 1459 785; x_wconf 59' lang='lat' dir='ltr'><strong>praecepta</strong></span> <span class='ocrx_word' id='word_1_38' title='bbox 1491 712 1618 771; x_wconf 90' lang='lat' dir='ltr'><strong>sint.</strong></span> <span class='ocrx_word' id='word_1_39' title='bbox 1635 711 1816 767; x_wconf 89' lang='lat' dir='ltr'><strong>Primo</strong></span> 
     </span>
    </p>
   </div>
   <div class='ocr_carea' id='block_1_8' title="bbox 234 804 1817 880">
    <p class='ocr_par' dir='ltr' id='par_1_8' title="bbox 234 804 1817 880">
     <span class='ocr_line' id='line_1_8' title="bbox 234 804 1817 880; baseline 0 -19"><span class='ocrx_word' id='word_1_40' title='bbox 234 806 299 862; x_wconf 86' lang='lat' dir='ltr'><strong>ait</strong></span> <span class='ocrx_word' id='word_1_41' title='bbox 321 815 379 861; x_wconf 91' lang='lat' dir='ltr'><strong>ut</strong></span> <span class='ocrx_word' id='word_1_42' title='bbox 406 805 572 875; x_wconf 90' lang='lat' dir='ltr'><strong>idem,</strong></span> <span class='ocrx_word' id='word_1_43' title='bbox 599 806 776 862; x_wconf 91' lang='lat' dir='ltr'><strong>omnis</strong></span> <span class='ocrx_word' id='word_1_44' title='bbox 802 805 1214 863; x_wconf 79' lang='lat' dir='ltr'><strong>Christianitatis</strong></span> <span class='ocrx_word' id='word_1_45' title='bbox 1244 807 1547 880; x_wconf 85' lang='lat' dir='ltr'><strong>potestatis,</strong></span> <span class='ocrx_word' id='word_1_46' title='bbox 1576 814 1630 862; x_wconf 90' lang='lat' dir='ltr'><strong>et</strong></span> <span class='ocrx_word' id='word_1_47' title='bbox 1648 804 1738 878; x_wconf 85' lang='lat' dir='ltr'><strong>jus</strong></span> <span class='ocrx_word' id='word_1_48' title='bbox 1761 812 1817 863; x_wconf 91' lang='lat' dir='ltr'><strong>et</strong></span> 
     </span>
    </p>
   </div>
   <div class='ocr_carea' id='block_1_9' title="bbox 234 899 1812 971">
    <p class='ocr_par' dir='ltr' id='par_1_9' title="bbox 234 899 1812 971">
     <span class='ocr_line' id='line_1_9' title="bbox 234 899 1812 971; baseline -0.001 -16"><span class='ocrx_word' id='word_1_49' title='bbox 234 900 460 970; x_wconf 82' lang='lat' dir='ltr'><strong>Operatio</strong></span> <span class='ocrx_word' id='word_1_50' title='bbox 486 899 575 953; x_wconf 90' lang='lat' dir='ltr'><strong>illa</strong></span> <span class='ocrx_word' id='word_1_51' title='bbox 596 909 676 955; x_wconf 90' lang='lat' dir='ltr'><strong>est</strong></span> <span class='ocrx_word' id='word_1_52' title='bbox 696 914 803 956; x_wconf 91' lang='lat' dir='ltr'><strong>non</strong></span> <span class='ocrx_word' id='word_1_53' title='bbox 830 899 1141 967; x_wconf 88' lang='lat' dir='ltr'><strong>dissentire,</strong></span> <span class='ocrx_word' id='word_1_54' title='bbox 1170 899 1264 955; x_wconf 91' lang='lat' dir='ltr'><strong>sed</strong></span> <span class='ocrx_word' id='word_1_55' title='bbox 1295 915 1460 957; x_wconf 89' lang='lat' dir='ltr'><strong>unum</strong></span> <span class='ocrx_word' id='word_1_56' title='bbox 1489 908 1649 971; x_wconf 91' lang='lat' dir='ltr'><strong>atque</strong></span> <span class='ocrx_word' id='word_1_57' title='bbox 1670 899 1812 954; x_wconf 89' lang='lat' dir='ltr'><strong>idem</strong></span> 
     </span>
    </p>
   </div>
   <div class='ocr_carea' id='block_1_10' title="bbox 230 991 1815 1061">
    <p class='ocr_par' dir='ltr' id='par_1_10' title="bbox 230 991 1815 1061">
     <span class='ocr_line' id='line_1_10' title="bbox 230 991 1815 1061; baseline -0.001 -14"><span class='ocrx_word' id='word_1_58' title='bbox 230 992 278 1047; x_wconf 90' lang='lat' dir='ltr'><strong>in</strong></span> <span class='ocrx_word' id='word_1_59' title='bbox 305 992 479 1047; x_wconf 84' lang='lat' dir='ltr'><strong>animo</strong></span> <span class='ocrx_word' id='word_1_60' title='bbox 508 991 731 1048; x_wconf 88' lang='lat' dir='ltr'><strong>habere.</strong></span> <span class='ocrx_word' id='word_1_61' title='bbox 765 991 980 1047; x_wconf 87' lang='lat' dir='ltr'><strong>Etenim</strong></span> <span class='ocrx_word' id='word_1_62' title='bbox 1011 994 1054 1047; x_wconf 92' lang='lat' dir='ltr'><strong>si</strong></span> <span class='ocrx_word' id='word_1_63' title='bbox 1083 1007 1223 1047; x_wconf 89' lang='lat' dir='ltr'><strong>unus</strong></span> <span class='ocrx_word' id='word_1_64' title='bbox 1257 992 1396 1047; x_wconf 88' lang='lat' dir='ltr'><strong>Deus</strong></span> <span class='ocrx_word' id='word_1_65' title='bbox 1417 1033 1434 1060; x_wconf 92' lang='lat'><strong>,</strong></span> <span class='ocrx_word' id='word_1_66' title='bbox 1465 992 1509 1046; x_wconf 89' lang='lat' dir='ltr'><strong>si</strong></span> <span class='ocrx_word' id='word_1_67' title='bbox 1532 1006 1671 1047; x_wconf 88' lang='lat' dir='ltr'><strong>unus</strong></span> <span class='ocrx_word' id='word_1_68' title='bbox 1698 992 1815 1061; x_wconf 84' lang='lat' dir='ltr'><strong>ejus</strong></span> 
     </span>
    </p>
   </div>
   <div class='ocr_carea' id='block_1_11' title="bbox 231 1084 1814 1158">
    <p class='ocr_par' dir='ltr' id='par_1_11' title="bbox 231 1084 1814 1158">
     <span class='ocr_line' id='line_1_11' title="bbox 231 1084 1814 1158; baseline -0.003 -16"><span class='ocrx_word' id='word_1_69' title='bbox 231 1086 380 1155; x_wconf 81' lang='lat' dir='ltr'><strong>filius,</strong></span> <span class='ocrx_word' id='word_1_70' title='bbox 406 1087 451 1142; x_wconf 87' lang='lat' dir='ltr'><strong>si</strong></span> <span class='ocrx_word' id='word_1_71' title='bbox 477 1102 620 1142; x_wconf 90' lang='lat' dir='ltr'><strong>unus</strong></span> <span class='ocrx_word' id='word_1_72' title='bbox 645 1086 881 1158; x_wconf 83' lang='lat' dir='ltr'><strong>Spiritus</strong></span> <span class='ocrx_word' id='word_1_73' title='bbox 910 1094 1132 1142; x_wconf 88' lang='lat' dir='ltr'><strong>sanctus</strong></span> <span class='ocrx_word' id='word_1_74' title='bbox 1161 1093 1265 1152; x_wconf 91' lang='lat' dir='ltr'><strong>est,</strong></span> <span class='ocrx_word' id='word_1_75' title='bbox 1297 1086 1342 1141; x_wconf 92' lang='lat' dir='ltr'><strong>si</strong></span> <span class='ocrx_word' id='word_1_76' title='bbox 1372 1084 1550 1141; x_wconf 84' lang='lat' dir='ltr'><strong>omnia</strong></span> <span class='ocrx_word' id='word_1_77' title='bbox 1581 1086 1681 1139; x_wconf 88' lang='lat' dir='ltr'><strong>ista</strong></span> <span class='ocrx_word' id='word_1_78' title='bbox 1713 1084 1814 1138; x_wconf 88' lang='lat' dir='ltr'><strong>tria</strong></span> 
     </span>
    </p>
   </div>
   <div class='ocr_carea' id='block_1_12' title="bbox 230 1179 1814 1251">
    <p class='ocr_par' dir='ltr' id='par_1_12' title="bbox 230 1179 1814 1251">
     <span class='ocr_line' id='line_1_12' title="bbox 230 1179 1814 1251; baseline -0.001 -18"><span class='ocrx_word' id='word_1_79' title='bbox 230 1195 380 1235; x_wconf 90' lang='lat' dir='ltr'><strong>unum</strong></span> <span class='ocrx_word' id='word_1_80' title='bbox 405 1219 421 1247; x_wconf 90' lang='lat'><strong>,</strong></span> <span class='ocrx_word' id='word_1_81' title='bbox 454 1179 526 1234; x_wconf 89' lang='lat' dir='ltr'><strong>ita</strong></span> <span class='ocrx_word' id='word_1_82' title='bbox 565 1179 826 1235; x_wconf 88' lang='lat' dir='ltr'><strong>debemus</strong></span> <span class='ocrx_word' id='word_1_83' title='bbox 855 1186 910 1235; x_wconf 91' lang='lat' dir='ltr'><strong>et</strong></span> <span class='ocrx_word' id='word_1_84' title='bbox 953 1194 1052 1235; x_wconf 92' lang='lat' dir='ltr'><strong>nos</strong></span> <span class='ocrx_word' id='word_1_85' title='bbox 1082 1196 1245 1237; x_wconf 90' lang='lat' dir='ltr'><strong>unum</strong></span> <span class='ocrx_word' id='word_1_86' title='bbox 1279 1179 1480 1235; x_wconf 86' lang='lat' dir='ltr'><strong>habere</strong></span> <span class='ocrx_word' id='word_1_87' title='bbox 1517 1179 1660 1251; x_wconf 88' lang='lat' dir='ltr'><strong>quod</strong></span> <span class='ocrx_word' id='word_1_88' title='bbox 1691 1192 1814 1233; x_wconf 91' lang='lat' dir='ltr'><strong>sen-</strong></span> 
     </span>
    </p>
   </div>
   <div class='ocr_carea' id='block_1_13' title="bbox 224 1270 1816 1344">
    <p class='ocr_par' dir='ltr' id='par_1_13' title="bbox 224 1270 1816 1344">
     <span class='ocr_line' id='line_1_13' title="bbox 224 1270 1816 1344; baseline -0.001 -19"><span class='ocrx_word' id='word_1_89' title='bbox 224 1270 401 1339; x_wconf 87' lang='lat' dir='ltr'><strong>timus,</strong></span> <span class='ocrx_word' id='word_1_90' title='bbox 426 1280 484 1327; x_wconf 92' lang='lat' dir='ltr'><strong>ut</strong></span> <span class='ocrx_word' id='word_1_91' title='bbox 510 1271 649 1327; x_wconf 89' lang='lat' dir='ltr'><strong>idem</strong></span> <span class='ocrx_word' id='word_1_92' title='bbox 677 1273 977 1328; x_wconf 85' lang='lat' dir='ltr'><strong>sentiamus</strong></span> <span class='ocrx_word' id='word_1_93' title='bbox 998 1286 1208 1327; x_wconf 91' lang='lat' dir='ltr'><strong>omnes.</strong></span> <span class='ocrx_word' id='word_1_94' title='bbox 1244 1270 1445 1327; x_wconf 81' lang='lat' dir='ltr'><strong>Deinde</strong></span> <span class='ocrx_word' id='word_1_95' title='bbox 1470 1272 1713 1344; x_wconf 85' lang='lat' dir='ltr'><strong>sequitur</strong></span> <span class='ocrx_word' id='word_1_96' title='bbox 1757 1278 1816 1325; x_wconf 92' lang='lat' dir='ltr'><strong>ut</strong></span> 
     </span>
    </p>
   </div>
   <div class='ocr_carea' id='block_1_14' title="bbox 225 1361 1815 1436">
    <p class='ocr_par' dir='ltr' id='par_1_14' title="bbox 225 1361 1815 1436">
     <span class='ocr_line' id='line_1_14' title="bbox 225 1361 1815 1436; baseline -0.001 -18"><span class='ocrx_word' id='word_1_97' title='bbox 225 1361 460 1418; x_wconf 86' lang='lat' dir='ltr'><strong>eamdem</strong></span> <span class='ocrx_word' id='word_1_98' title='bbox 491 1361 838 1420; x_wconf 87' lang='lat' dir='ltr'><strong>dilectionem</strong></span> <span class='ocrx_word' id='word_1_99' title='bbox 862 1378 1235 1419; x_wconf 76' lang='lat' dir='ltr'><strong>exerceamus.</strong></span> <span class='ocrx_word' id='word_1_100' title='bbox 1267 1362 1382 1418; x_wconf 84' lang='lat' dir='ltr'><strong>Hoc</strong></span> <span class='ocrx_word' id='word_1_101' title='bbox 1405 1362 1516 1436; x_wconf 88' lang='lat' dir='ltr'><strong>jam</strong></span> <span class='ocrx_word' id='word_1_102' title='bbox 1540 1362 1607 1417; x_wconf 90' lang='lat' dir='ltr'><strong>ad</strong></span> <span class='ocrx_word' id='word_1_103' title='bbox 1635 1377 1815 1417; x_wconf 92' lang='lat' dir='ltr'><strong>mora-</strong></span> 
     </span>
    </p>
   </div>
   <div class='ocr_carea' id='block_1_15' title="bbox 225 1452 1812 1526">
    <p class='ocr_par' dir='ltr' id='par_1_15' title="bbox 225 1452 1812 1526">
     <span class='ocr_line' id='line_1_15' title="bbox 225 1452 1812 1526; baseline 0.002 -18"><span class='ocrx_word' id='word_1_104' title='bbox 225 1452 320 1508; x_wconf 90' lang='lat' dir='ltr'><strong>lem</strong></span> <span class='ocrx_word' id='word_1_105' title='bbox 352 1452 691 1525; x_wconf 87' lang='lat' dir='ltr'><strong>disciplinam</strong></span> <span class='ocrx_word' id='word_1_106' title='bbox 716 1497 732 1522; x_wconf 89' lang='lat'><strong>,</strong></span> <span class='ocrx_word' id='word_1_107' title='bbox 763 1455 815 1509; x_wconf 89' lang='lat' dir='ltr'><strong>id</strong></span> <span class='ocrx_word' id='word_1_108' title='bbox 838 1464 922 1510; x_wconf 90' lang='lat' dir='ltr'><strong>est</strong></span> <span class='ocrx_word' id='word_1_109' title='bbox 961 1454 1029 1511; x_wconf 88' lang='lat' dir='ltr'><strong>ad</strong></span> <span class='ocrx_word' id='word_1_110' title='bbox 1075 1453 1235 1513; x_wconf 87' lang='lat' dir='ltr'><strong>vitam</strong></span> <span class='ocrx_word' id='word_1_111' title='bbox 1283 1457 1550 1526; x_wconf 88' lang='lat' dir='ltr'><strong>pertinet;</strong></span> <span class='ocrx_word' id='word_1_112' title='bbox 1584 1454 1714 1510; x_wconf 91' lang='lat' dir='ltr'><strong>illud</strong></span> <span class='ocrx_word' id='word_1_113' title='bbox 1745 1454 1812 1511; x_wconf 89' lang='lat' dir='ltr'><strong>ad</strong></span> 
     </span>
    </p>
   </div>
   <div class='ocr_carea' id='block_1_16' title="bbox 225 1545 1810 1618">
    <p class='ocr_par' dir='ltr' id='par_1_16' title="bbox 225 1545 1810 1618">
     <span class='ocr_line' id='line_1_16' title="bbox 225 1545 1810 1618; baseline 0 -17"><span class='ocrx_word' id='word_1_114' title='bbox 225 1545 517 1601; x_wconf 88' lang='lat' dir='ltr'><strong>scientiam.</strong></span> <span class='ocrx_word' id='word_1_115' title='bbox 560 1545 693 1603; x_wconf 84' lang='lat' dir='ltr'><strong>Nam</strong></span> <span class='ocrx_word' id='word_1_116' title='bbox 737 1561 858 1603; x_wconf 90' lang='lat' dir='ltr'><strong>cum</strong></span> <span class='ocrx_word' id='word_1_117' title='bbox 899 1546 1007 1602; x_wconf 91' lang='lat' dir='ltr'><strong>duo</strong></span> <span class='ocrx_word' id='word_1_118' title='bbox 1045 1562 1239 1618; x_wconf 90' lang='lat' dir='ltr'><strong>genera</strong></span> <span class='ocrx_word' id='word_1_119' title='bbox 1287 1546 1541 1605; x_wconf 80' lang='lat' dir='ltr'><strong>dixissem</strong></span> <span class='ocrx_word' id='word_1_120' title='bbox 1588 1562 1708 1603; x_wconf 90' lang='lat' dir='ltr'><strong>esse</strong></span> <span class='ocrx_word' id='word_1_121' title='bbox 1758 1548 1810 1601; x_wconf 92' lang='lat' dir='ltr'><strong>in</strong></span> 
     </span>
    </p>
   </div>
   <div class='ocr_carea' id='block_1_17' title="bbox 224 1637 1812 1711">
    <p class='ocr_par' dir='ltr' id='par_1_17' title="bbox 224 1637 1812 1711">
     <span class='ocr_line' id='line_1_17' title="bbox 224 1637 1812 1711; baseline 0.001 -18"><span class='ocrx_word' id='word_1_122' title='bbox 224 1637 405 1699; x_wconf 90' lang='lat' dir='ltr'><strong>Paulo.</strong></span> <span class='ocrx_word' id='word_1_123' title='bbox 436 1646 491 1695; x_wconf 90' lang='lat' dir='ltr'><strong>et</strong></span> <span class='ocrx_word' id='word_1_124' title='bbox 518 1639 569 1693; x_wconf 92' lang='lat' dir='ltr'><strong>in</strong></span> <span class='ocrx_word' id='word_1_125' title='bbox 595 1639 742 1694; x_wconf 92' lang='lat' dir='ltr'><strong>omni</strong></span> <span class='ocrx_word' id='word_1_126' title='bbox 776 1646 1026 1706; x_wconf 87' lang='lat' dir='ltr'><strong>tractatu,</strong></span> <span class='ocrx_word' id='word_1_127' title='bbox 1054 1648 1109 1693; x_wconf 92' lang='lat' dir='ltr'><strong>ut</strong></span> <span class='ocrx_word' id='word_1_128' title='bbox 1136 1638 1237 1693; x_wconf 88' lang='lat' dir='ltr'><strong>alia</strong></span> <span class='ocrx_word' id='word_1_129' title='bbox 1266 1638 1602 1694; x_wconf 90' lang='lat' dir='ltr'><strong>discerentur</strong></span> <span class='ocrx_word' id='word_1_130' title='bbox 1634 1638 1712 1711; x_wconf 83' lang='lat' dir='ltr'><strong>(l)</strong></span> <span class='ocrx_word' id='word_1_131' title='bbox 1743 1639 1812 1695; x_wconf 90' lang='lat' dir='ltr'><strong>ad</strong></span> 
     </span>
    </p>
   </div>
   <div class='ocr_carea' id='block_1_18' title="bbox 219 1730 1808 1800">
    <p class='ocr_par' dir='ltr' id='par_1_18' title="bbox 219 1730 1808 1800">
     <span class='ocr_line' id='line_1_18' title="bbox 219 1730 1808 1800; baseline 0 -14"><span class='ocrx_word' id='word_1_132' title='bbox 219 1730 491 1786; x_wconf 84' lang='lat' dir='ltr'><strong>scientiam</strong></span> <span class='ocrx_word' id='word_1_133' title='bbox 511 1772 527 1800; x_wconf 93' lang='lat'><strong>,</strong></span> <span class='ocrx_word' id='word_1_134' title='bbox 558 1731 661 1787; x_wconf 89' lang='lat' dir='ltr'><strong>alia</strong></span> <span class='ocrx_word' id='word_1_135' title='bbox 694 1730 1041 1789; x_wconf 88' lang='lat' dir='ltr'><strong>discerentur</strong></span> <span class='ocrx_word' id='word_1_136' title='bbox 1069 1730 1135 1786; x_wconf 91' lang='lat' dir='ltr'><strong>ad</strong></span> <span class='ocrx_word' id='word_1_137' title='bbox 1165 1743 1317 1786; x_wconf 90' lang='lat' dir='ltr'><strong>actus</strong></span> <span class='ocrx_word' id='word_1_138' title='bbox 1346 1743 1400 1786; x_wconf 91' lang='lat' dir='ltr'><strong>et</strong></span> <span class='ocrx_word' id='word_1_139' title='bbox 1429 1730 1497 1785; x_wconf 92' lang='lat' dir='ltr'><strong>ad</strong></span> <span class='ocrx_word' id='word_1_140' title='bbox 1528 1732 1711 1797; x_wconf 89' lang='lat' dir='ltr'><strong>vitam;</strong></span> <span class='ocrx_word' id='word_1_141' title='bbox 1738 1732 1808 1791; x_wconf 85' lang='lat' dir='ltr'><strong>ita</strong></span> 
     </span>
    </p>
   </div>
   <div class='ocr_carea' id='block_1_19' title="bbox 1919 525 3515 606">
    <p class='ocr_par' dir='ltr' id='par_1_19' title="bbox 1919 525 3515 606">
     <span class='ocr_line' id='line_1_19' title="bbox 1919 525 3515 606; baseline 0.006 -26"><span class='ocrx_word' id='word_1_142' title='bbox 1919 525 2096 582; x_wconf 91' lang='lat' dir='ltr'><strong>riores</strong></span> <span class='ocrx_word' id='word_1_143' title='bbox 2124 537 2215 581; x_wconf 90' lang='lat' dir='ltr'><strong>aut</strong></span> <span class='ocrx_word' id='word_1_144' title='bbox 2240 527 2523 598; x_wconf 85' lang='lat' dir='ltr'><strong>gloriandi.</strong></span> <span class='ocrx_word' id='word_1_145' title='bbox 2558 527 2672 583; x_wconf 80' lang='lat' dir='ltr'><strong>Hoc</strong></span> <span class='ocrx_word' id='word_1_146' title='bbox 2703 545 2832 601; x_wconf 90' lang='lat' dir='ltr'><strong>ergo</strong></span> <span class='ocrx_word' id='word_1_147' title='bbox 2861 531 3060 588; x_wconf 85' lang='lat' dir='ltr'><strong>auferri</strong></span> <span class='ocrx_word' id='word_1_148' title='bbox 3092 532 3226 597; x_wconf 91' lang='lat' dir='ltr'><strong>vult,</strong></span> <span class='ocrx_word' id='word_1_149' title='bbox 3258 533 3515 606; x_wconf 90' lang='lat' dir='ltr'><strong>dicitque,</strong></span> 
     </span>
    </p>
   </div>
   <div class='ocr_carea' id='block_1_20' title="bbox 1919 620 3519 696">
    <p class='ocr_par' dir='ltr' id='par_1_20' title="bbox 1919 620 3519 696">
     <span class='ocr_line' id='line_1_20' title="bbox 1919 620 3519 696; baseline 0.008 -24"><span class='ocrx_word' id='word_1_150' title='bbox 1919 634 2079 685; x_wconf 86' lang='lat' dir='ltr'><strong>neque</strong></span> <span class='ocrx_word' id='word_1_151' title='bbox 2125 636 2214 691; x_wconf 86' lang='lat' dir='ltr'><strong>per</strong></span> <span class='ocrx_word' id='word_1_152' title='bbox 2256 620 2473 690; x_wconf 78' lang='lat' dir='ltr'><strong>gloriam</strong></span> <span class='ocrx_word' id='word_1_153' title='bbox 2510 623 2737 677; x_wconf 88' lang='lat' dir='ltr'><strong>inanem.</strong></span> <span class='ocrx_word' id='word_1_154' title='bbox 2770 623 2979 678; x_wconf 78' lang='lat' dir='ltr'><strong>Etenim</strong></span> <span class='ocrx_word' id='word_1_155' title='bbox 3009 624 3180 696; x_wconf 91' lang='lat' dir='ltr'><strong>gloria</strong></span> <span class='ocrx_word' id='word_1_156' title='bbox 3225 626 3400 684; x_wconf 88' lang='lat' dir='ltr'><strong>inanis</strong></span> <span class='ocrx_word' id='word_1_157' title='bbox 3435 639 3519 685; x_wconf 90' lang='lat' dir='ltr'><strong>est</strong></span> 
     </span>
    </p>
   </div>
   <div class='ocr_carea' id='block_1_21' title="bbox 1920 710 3511 787">
    <p class='ocr_par' dir='ltr' id='par_1_21' title="bbox 1920 710 3511 787">
     <span class='ocr_line' id='line_1_21' title="bbox 1920 710 3511 787; baseline 0.008 -24"><span class='ocrx_word' id='word_1_158' title='bbox 1920 710 2132 780; x_wconf 87' lang='lat' dir='ltr'><strong>placere</strong></span> <span class='ocrx_word' id='word_1_159' title='bbox 2157 711 2295 767; x_wconf 84' lang='lat' dir='ltr'><strong>velle</strong></span> <span class='ocrx_word' id='word_1_160' title='bbox 2321 713 2683 782; x_wconf 87' lang='lat' dir='ltr'><strong>sermonibus,</strong></span> <span class='ocrx_word' id='word_1_161' title='bbox 2717 713 2930 782; x_wconf 87' lang='lat' dir='ltr'><strong>placere</strong></span> <span class='ocrx_word' id='word_1_162' title='bbox 2970 713 3171 786; x_wconf 76' lang='lat' dir='ltr'><strong>ingenti</strong></span> <span class='ocrx_word' id='word_1_163' title='bbox 3199 717 3511 787; x_wconf 87' lang='lat' dir='ltr'><strong>calliditate,</strong></span> 
     </span>
    </p>
   </div>
   <div class='ocr_carea' id='block_1_22' title="bbox 1917 806 3517 880">
    <p class='ocr_par' dir='ltr' id='par_1_22' title="bbox 1917 806 3517 880">
     <span class='ocr_line' id='line_1_22' title="bbox 1917 806 3517 880; baseline 0.004 -20"><span class='ocrx_word' id='word_1_164' title='bbox 1917 812 1971 860; x_wconf 90' lang='lat' dir='ltr'><strong>et</strong></span> <span class='ocrx_word' id='word_1_165' title='bbox 1998 806 2344 861; x_wconf 88' lang='lat' dir='ltr'><strong>contentione</strong></span> <span class='ocrx_word' id='word_1_166' title='bbox 2384 806 2702 862; x_wconf 89' lang='lat' dir='ltr'><strong>disserendi.</strong></span> <span class='ocrx_word' id='word_1_167' title='bbox 2736 806 2879 864; x_wconf 80' lang='lat' dir='ltr'><strong>Raro</strong></span> <span class='ocrx_word' id='word_1_168' title='bbox 2904 808 3047 863; x_wconf 91' lang='lat' dir='ltr'><strong>enim</strong></span> <span class='ocrx_word' id='word_1_169' title='bbox 3087 809 3228 880; x_wconf 91' lang='lat' dir='ltr'><strong>apud</strong></span> <span class='ocrx_word' id='word_1_170' title='bbox 3270 810 3517 867; x_wconf 87' lang='lat' dir='ltr'><strong>christia-</strong></span> 
     </span>
    </p>
   </div>
   <div class='ocr_carea' id='block_1_23' title="bbox 1918 896 3514 974">
    <p class='ocr_par' dir='ltr' id='par_1_23' title="bbox 1918 896 3514 974">
     <span class='ocr_line' id='line_1_23' title="bbox 1918 896 3514 974; baseline 0.004 -23"><span class='ocrx_word' id='word_1_171' title='bbox 1918 912 2045 952; x_wconf 91' lang='lat' dir='ltr'><strong>num</strong></span> <span class='ocrx_word' id='word_1_172' title='bbox 2072 896 2233 952; x_wconf 91' lang='lat' dir='ltr'><strong>debet</strong></span> <span class='ocrx_word' id='word_1_173' title='bbox 2259 912 2380 953; x_wconf 91' lang='lat' dir='ltr'><strong>esse</strong></span> <span class='ocrx_word' id='word_1_174' title='bbox 2407 902 2704 967; x_wconf 87' lang='lat' dir='ltr'><strong>contentio,</strong></span> <span class='ocrx_word' id='word_1_175' title='bbox 2740 916 2843 954; x_wconf 91' lang='lat' dir='ltr'><strong>non</strong></span> <span class='ocrx_word' id='word_1_176' title='bbox 2877 901 2929 955; x_wconf 95' lang='lat' dir='ltr'><strong>in</strong></span> <span class='ocrx_word' id='word_1_177' title='bbox 2960 915 3211 958; x_wconf 87' lang='lat' dir='ltr'><strong>sermone</strong></span> <span class='ocrx_word' id='word_1_178' title='bbox 3233 902 3514 974; x_wconf 88' lang='lat' dir='ltr'><strong>jactantia.</strong></span> 
     </span>
    </p>
   </div>
   <div class='ocr_carea' id='block_1_24' title="bbox 1991 987 3517 1067">
    <p class='ocr_par' dir='ltr' id='par_1_24' title="bbox 1991 987 3517 1067">
     <span class='ocr_line' id='line_1_24' title="bbox 1991 987 3517 1067; baseline 0.007 -26"><span class='ocrx_word' id='word_1_179' title='bbox 1991 987 2124 1043; x_wconf 86' lang='lat' dir='ltr'><strong>Huic</strong></span> <span class='ocrx_word' id='word_1_180' title='bbox 2170 987 2243 1043; x_wconf 89' lang='lat' dir='ltr'><strong>ita</strong></span> <span class='ocrx_word' id='word_1_181' title='bbox 2289 989 2463 1058; x_wconf 87' lang='lat' dir='ltr'><strong>posito</strong></span> <span class='ocrx_word' id='word_1_182' title='bbox 2503 990 2789 1060; x_wconf 90' lang='lat' dir='ltr'><strong>posteriori</strong></span> <span class='ocrx_word' id='word_1_183' title='bbox 2821 1003 3092 1063; x_wconf 66' lang='lat' dir='ltr'><strong>praecepto</strong></span> <span class='ocrx_word' id='word_1_184' title='bbox 3132 1009 3199 1049; x_wconf 93' lang='lat' dir='ltr'><strong>ne</strong></span> <span class='ocrx_word' id='word_1_185' title='bbox 3242 996 3371 1066; x_wconf 91' lang='lat' dir='ltr'><strong>quid</strong></span> <span class='ocrx_word' id='word_1_186' title='bbox 3419 1012 3517 1067; x_wconf 75' lang='lat' dir='ltr'><strong>per</strong></span> 
     </span>
    </p>
   </div>
   <div class='ocr_carea' id='block_1_25' title="bbox 1916 1074 3519 1159">
    <p class='ocr_par' dir='ltr' id='par_1_25' title="bbox 1916 1074 3519 1159">
     <span class='ocr_line' id='line_1_25' title="bbox 1916 1074 3519 1159; baseline 0.006 -23"><span class='ocrx_word' id='word_1_187' title='bbox 1916 1080 2141 1153; x_wconf 77' lang='lat' dir='ltr'><strong>gloriam</strong></span> <span class='ocrx_word' id='word_1_188' title='bbox 2174 1074 2387 1139; x_wconf 87' lang='lat' dir='ltr'><strong>inanem</strong></span> <span class='ocrx_word' id='word_1_189' title='bbox 2412 1083 2588 1140; x_wconf 85' lang='lat' dir='ltr'><strong>facere</strong></span> <span class='ocrx_word' id='word_1_190' title='bbox 2609 1084 2906 1153; x_wconf 83' lang='lat' dir='ltr'><strong>videamur,</strong></span> <span class='ocrx_word' id='word_1_191' title='bbox 2932 1089 3237 1143; x_wconf 86' lang='lat' dir='ltr'><strong>necessario</strong></span> <span class='ocrx_word' id='word_1_192' title='bbox 3266 1089 3519 1159; x_wconf 61' lang='lat' dir='ltr'><strong>subjunc.</strong></span> 
     </span>
    </p>
   </div>
   <div class='ocr_carea' id='block_1_26' title="bbox 1920 1175 3510 1253">
    <p class='ocr_par' dir='ltr' id='par_1_26' title="bbox 1920 1175 3510 1253">
     <span class='ocr_line' id='line_1_26' title="bbox 1920 1175 3510 1253; baseline 0.008 -26"><span class='ocrx_word' id='word_1_193' title='bbox 1920 1182 2052 1241; x_wconf 89' lang='lat' dir='ltr'><strong>tum,</strong></span> <span class='ocrx_word' id='word_1_194' title='bbox 2085 1175 2172 1229; x_wconf 85' lang='lat' dir='ltr'><strong>sed</strong></span> <span class='ocrx_word' id='word_1_195' title='bbox 2197 1192 2288 1245; x_wconf 88' lang='lat' dir='ltr'><strong>per</strong></span> <span class='ocrx_word' id='word_1_196' title='bbox 2313 1176 2648 1231; x_wconf 88' lang='lat' dir='ltr'><strong>humilitatem</strong></span> <span class='ocrx_word' id='word_1_197' title='bbox 2679 1194 2876 1231; x_wconf 78' lang='lat' dir='ltr'><strong>sensus.</strong></span> <span class='ocrx_word' id='word_1_198' title='bbox 2908 1175 2998 1233; x_wconf 91' lang='lat' dir='ltr'><strong>Sic</strong></span> <span class='ocrx_word' id='word_1_199' title='bbox 3027 1179 3169 1234; x_wconf 88' lang='lat' dir='ltr'><strong>enim</strong></span> <span class='ocrx_word' id='word_1_200' title='bbox 3201 1181 3372 1236; x_wconf 87' lang='lat' dir='ltr'><strong>inanis</strong></span> <span class='ocrx_word' id='word_1_201' title='bbox 3400 1182 3510 1253; x_wconf 88' lang='lat' dir='ltr'><strong>glo-</strong></span> 
     </span>
    </p>
   </div>
   <div class='ocr_carea' id='block_1_27' title="bbox 1917 1267 3516 1339">
    <p class='ocr_par' dir='ltr' id='par_1_27' title="bbox 1917 1267 3516 1339">
     <span class='ocr_line' id='line_1_27' title="bbox 1917 1267 3516 1339; baseline 0.004 -16"><span class='ocrx_word' id='word_1_202' title='bbox 1917 1267 1996 1323; x_wconf 89' lang='lat' dir='ltr'><strong>ria</strong></span> <span class='ocrx_word' id='word_1_203' title='bbox 2028 1268 2224 1338; x_wconf 90' lang='lat' dir='ltr'><strong>poterit</strong></span> <span class='ocrx_word' id='word_1_204' title='bbox 2252 1268 2472 1332; x_wconf 90' lang='lat' dir='ltr'><strong>auferri,</strong></span> <span class='ocrx_word' id='word_1_205' title='bbox 2506 1270 2550 1324; x_wconf 91' lang='lat' dir='ltr'><strong>si</strong></span> <span class='ocrx_word' id='word_1_206' title='bbox 2582 1269 2857 1325; x_wconf 84' lang='lat' dir='ltr'><strong>humilitas</strong></span> <span class='ocrx_word' id='word_1_207' title='bbox 2882 1270 2951 1324; x_wconf 91' lang='lat' dir='ltr'><strong>sit</strong></span> <span class='ocrx_word' id='word_1_208' title='bbox 2974 1271 3028 1326; x_wconf 92' lang='lat' dir='ltr'><strong>in</strong></span> <span class='ocrx_word' id='word_1_209' title='bbox 3057 1271 3323 1339; x_wconf 89' lang='lat' dir='ltr'><strong>sensibus,</strong></span> <span class='ocrx_word' id='word_1_210' title='bbox 3353 1273 3405 1327; x_wconf 94' lang='lat' dir='ltr'><strong>id</strong></span> <span class='ocrx_word' id='word_1_211' title='bbox 3434 1284 3516 1329; x_wconf 89' lang='lat' dir='ltr'><strong>est</strong></span> 
     </span>
    </p>
   </div>
   <div class='ocr_carea' id='block_1_28' title="bbox 1917 1359 3517 1432">
    <p class='ocr_par' dir='ltr' id='par_1_28' title="bbox 1917 1359 3517 1432">
     <span class='ocr_line' id='line_1_28' title="bbox 1917 1359 3517 1432; baseline 0.002 -19"><span class='ocrx_word' id='word_1_212' title='bbox 1917 1359 2301 1416; x_wconf 89' lang='lat' dir='ltr'><strong>intellectibus.</strong></span> <span class='ocrx_word' id='word_1_213' title='bbox 2321 1359 2429 1415; x_wconf 83' lang='lat' dir='ltr'><strong>Hos</strong></span> <span class='ocrx_word' id='word_1_214' title='bbox 2440 1362 2580 1417; x_wconf 87' lang='lat' dir='ltr'><strong>enim</strong></span> <span class='ocrx_word' id='word_1_215' title='bbox 2596 1377 2788 1417; x_wconf 88' lang='lat' dir='ltr'><strong>sensus</strong></span> <span class='ocrx_word' id='word_1_216' title='bbox 2812 1364 3009 1432; x_wconf 89' lang='lat' dir='ltr'><strong>posuit.</strong></span> <span class='ocrx_word' id='word_1_217' title='bbox 3027 1362 3310 1431; x_wconf 71' lang='lat' dir='ltr'><strong>Qumrendi</strong></span> <span class='ocrx_word' id='word_1_218' title='bbox 3333 1364 3517 1431; x_wconf 88' lang='lat' dir='ltr'><strong>modo,</strong></span> 
     </span>
    </p>
   </div>
   <div class='ocr_carea' id='block_1_29' title="bbox 1916 1451 3514 1529">
    <p class='ocr_par' dir='ltr' id='par_1_29' title="bbox 1916 1451 3514 1529">
     <span class='ocr_line' id='line_1_29' title="bbox 1916 1451 3514 1529; baseline 0.003 -23"><span class='ocrx_word' id='word_1_219' title='bbox 1916 1451 2153 1523; x_wconf 73' lang='lat' dir='ltr'><strong>proferat</strong></span> <span class='ocrx_word' id='word_1_220' title='bbox 2169 1468 2520 1525; x_wconf 68' lang='lat' dir='ltr'><strong>(tumcuntque</strong></span> <span class='ocrx_word' id='word_1_221' title='bbox 2543 1461 2756 1517; x_wconf 84' lang='lat' dir='ltr'><strong>tractat,</strong></span> <span class='ocrx_word' id='word_1_222' title='bbox 2782 1468 2891 1508; x_wconf 92' lang='lat' dir='ltr'><strong>non</strong></span> <span class='ocrx_word' id='word_1_223' title='bbox 2909 1454 3226 1510; x_wconf 86' lang='lat' dir='ltr'><strong>anetoritate</strong></span> <span class='ocrx_word' id='word_1_224' title='bbox 3243 1466 3514 1529; x_wconf 92' lang='lat' dir='ltr'><strong>suscepta.</strong></span> 
     </span>
    </p>
   </div>
   <div class='ocr_carea' id='block_1_30' title="bbox 1916 1542 3513 1616">
    <p class='ocr_par' dir='ltr' id='par_1_30' title="bbox 1916 1542 3513 1616">
     <span class='ocr_line' id='line_1_30' title="bbox 1916 1542 3513 1616; baseline 0.004 -19"><span class='ocrx_word' id='word_1_225' title='bbox 1916 1542 2142 1599; x_wconf 87' lang='lat' dir='ltr'><strong>Invicem</strong></span> <span class='ocrx_word' id='word_1_226' title='bbox 2170 1559 2256 1598; x_wconf 80' lang='lat' dir='ltr'><strong>vos</strong></span> <span class='ocrx_word' id='word_1_227' title='bbox 2295 1545 2357 1598; x_wconf 91' lang='lat' dir='ltr'><strong>ab</strong></span> <span class='ocrx_word' id='word_1_228' title='bbox 2388 1543 2562 1599; x_wconf 76' lang='lat' dir='ltr'><strong>alteris</strong></span> <span class='ocrx_word' id='word_1_229' title='bbox 2593 1546 2815 1616; x_wconf 74' lang='lat' dir='ltr'><strong>prtecedi</strong></span> <span class='ocrx_word' id='word_1_230' title='bbox 2842 1546 3170 1603; x_wconf 76' lang='lat' dir='ltr'><strong>arbitrantes.</strong></span> <span class='ocrx_word' id='word_1_231' title='bbox 3202 1547 3343 1604; x_wconf 79' lang='lat' dir='ltr'><strong>Vere</strong></span> <span class='ocrx_word' id='word_1_232' title='bbox 3371 1550 3513 1605; x_wconf 83' lang='lat' dir='ltr'><strong>enim</strong></span> 
     </span>
    </p>
   </div>
   <div class='ocr_carea' id='block_1_31' title="bbox 1916 1634 3520 1711">
    <p class='ocr_par' dir='ltr' id='par_1_31' title="bbox 1916 1634 3520 1711">
     <span class='ocr_line' id='line_1_31' title="bbox 1916 1634 3520 1711; baseline 0.003 -21"><span class='ocrx_word' id='word_1_233' title='bbox 1916 1635 2031 1692; x_wconf 59' lang='lat' dir='ltr'><strong>huic</strong></span> <span class='ocrx_word' id='word_1_234' title='bbox 2075 1634 2373 1705; x_wconf 82' lang='lat' dir='ltr'><strong>humilitas,</strong></span> <span class='ocrx_word' id='word_1_235' title='bbox 2419 1638 2466 1693; x_wconf 88' lang='lat' dir='ltr'><strong>si</strong></span> <span class='ocrx_word' id='word_1_236' title='bbox 2513 1652 2733 1692; x_wconf 88' lang='lat' dir='ltr'><strong>omnem</strong></span> <span class='ocrx_word' id='word_1_237' title='bbox 2778 1637 3007 1693; x_wconf 91' lang='lat' dir='ltr'><strong>alterum</strong></span> <span class='ocrx_word' id='word_1_238' title='bbox 3050 1649 3206 1710; x_wconf 91' lang='lat' dir='ltr'><strong>putas</strong></span> <span class='ocrx_word' id='word_1_239' title='bbox 3252 1655 3376 1696; x_wconf 91' lang='lat' dir='ltr'><strong>esse</strong></span> <span class='ocrx_word' id='word_1_240' title='bbox 3421 1657 3520 1711; x_wconf 86' lang='lat' dir='ltr'><strong>po—</strong></span> 
     </span>
    </p>
   </div>
   <div class='ocr_carea' id='block_1_32' title="bbox 1916 1727 3520 1798">
    <p class='ocr_par' dir='ltr' id='par_1_32' title="bbox 1916 1727 3520 1798">
     <span class='ocr_line' id='line_1_32' title="bbox 1916 1727 3520 1798; baseline 0.003 -16"><span class='ocrx_word' id='word_1_241' title='bbox 1916 1728 2108 1783; x_wconf 91' lang='lat' dir='ltr'><strong>tiorem</strong></span> <span class='ocrx_word' id='word_1_242' title='bbox 2138 1746 2150 1781; x_wconf 90' lang='lat'><strong>:</strong></span> <span class='ocrx_word' id='word_1_243' title='bbox 2177 1727 2277 1783; x_wconf 92' lang='lat' dir='ltr'><strong>hoc</strong></span> <span class='ocrx_word' id='word_1_244' title='bbox 2307 1738 2396 1784; x_wconf 89' lang='lat' dir='ltr'><strong>est</strong></span> <span class='ocrx_word' id='word_1_245' title='bbox 2420 1729 2562 1783; x_wconf 90' lang='lat' dir='ltr'><strong>enim</strong></span> <span class='ocrx_word' id='word_1_246' title='bbox 2603 1728 2834 1784; x_wconf 90' lang='lat' dir='ltr'><strong>invicem</strong></span> <span class='ocrx_word' id='word_1_247' title='bbox 2876 1729 3104 1798; x_wconf 69' lang='lat' dir='ltr'><strong>praecedi</strong></span> <span class='ocrx_word' id='word_1_248' title='bbox 3151 1741 3211 1786; x_wconf 90' lang='lat' dir='ltr'><strong>ut</strong></span> <span class='ocrx_word' id='word_1_249' title='bbox 3238 1747 3333 1787; x_wconf 91' lang='lat' dir='ltr'><strong>vos</strong></span> <span class='ocrx_word' id='word_1_250' title='bbox 3373 1732 3520 1787; x_wconf 79' lang='lat' dir='ltr'><strong>arbi-</strong></span> 
     </span>
    </p>
   </div>
   <div class='ocr_carea' id='block_1_33' title="bbox 217 1819 3515 1893">
    <p class='ocr_par' dir='ltr' id='par_1_33' title="bbox 217 1819 3515 1893">
     <span class='ocr_line' id='line_1_33' title="bbox 217 1819 3515 1893; baseline -0 -15"><span class='ocrx_word' id='word_1_251' title='bbox 217 1832 270 1878; x_wconf 92' lang='lat' dir='ltr'><strong>et</strong></span> <span class='ocrx_word' id='word_1_252' title='bbox 297 1822 382 1879; x_wconf 90' lang='lat' dir='ltr'><strong>hic</strong></span> <span class='ocrx_word' id='word_1_253' title='bbox 411 1821 479 1877; x_wconf 91' lang='lat' dir='ltr'><strong>ad</strong></span> <span class='ocrx_word' id='word_1_254' title='bbox 521 1823 802 1879; x_wconf 89' lang='lat' dir='ltr'><strong>scientiam</strong></span> <span class='ocrx_word' id='word_1_255' title='bbox 823 1863 838 1889; x_wconf 92' lang='lat'><strong>,</strong></span> <span class='ocrx_word' id='word_1_256' title='bbox 870 1822 944 1877; x_wconf 90' lang='lat' dir='ltr'><strong>ita</strong></span> <span class='ocrx_word' id='word_1_257' title='bbox 986 1821 1220 1893; x_wconf 90' lang='lat' dir='ltr'><strong>positum</strong></span> <span class='ocrx_word' id='word_1_258' title='bbox 1254 1831 1310 1877; x_wconf 91' lang='lat' dir='ltr'><strong>ut</strong></span> <span class='ocrx_word' id='word_1_259' title='bbox 1339 1821 1483 1877; x_wconf 86' lang='lat' dir='ltr'><strong>idem</strong></span> <span class='ocrx_word' id='word_1_260' title='bbox 1512 1824 1759 1877; x_wconf 87' lang='lat' dir='ltr'><strong>sentiatis</strong></span> <span class='ocrx_word' id='word_1_261' title='bbox 1791 1839 1804 1877; x_wconf 93' lang='lat'>:</span> <span class='ocrx_word' id='word_1_262' title='bbox 1839 1831 1886 1892; x_wconf 73' lang='grc' dir='ltr'>Β</span> <span class='ocrx_word' id='word_1_263' title='bbox 1916 1820 2163 1886; x_wconf 86' lang='lat' dir='ltr'><strong>tremini;</strong></span> <span class='ocrx_word' id='word_1_264' title='bbox 2197 1834 2265 1874; x_wconf 90' lang='lat' dir='ltr'><strong>ne</strong></span> <span class='ocrx_word' id='word_1_265' title='bbox 2294 1820 2573 1889; x_wconf 82' lang='lat' dir='ltr'><strong>quisquam</strong></span> <span class='ocrx_word' id='word_1_266' title='bbox 2606 1819 2835 1874; x_wconf 88' lang='lat' dir='ltr'><strong>alterum</strong></span> <span class='ocrx_word' id='word_1_267' title='bbox 2870 1835 2976 1875; x_wconf 93' lang='lat' dir='ltr'><strong>non</strong></span> <span class='ocrx_word' id='word_1_268' title='bbox 3007 1820 3079 1875; x_wconf 91' lang='lat' dir='ltr'><strong>ita</strong></span> <span class='ocrx_word' id='word_1_269' title='bbox 3110 1831 3291 1891; x_wconf 87' lang='lat' dir='ltr'><strong>putet,</strong></span> <span class='ocrx_word' id='word_1_270' title='bbox 3323 1835 3377 1876; x_wconf 93' lang='lat' dir='ltr'><strong>nt</strong></span> <span class='ocrx_word' id='word_1_271' title='bbox 3409 1839 3515 1878; x_wconf 93' lang='lat' dir='ltr'><strong>non</strong></span> 
     </span>
    </p>
   </div>
   <div class='ocr_carea' id='block_1_34' title="bbox 217 1912 1816 1982">
    <p class='ocr_par' dir='ltr' id='par_1_34' title="bbox 217 1912 1816 1982">
     <span class='ocr_line' id='line_1_34' title="bbox 217 1912 1816 1982; baseline -0.001 -13"><span class='ocrx_word' id='word_1_272' title='bbox 217 1912 405 1969; x_wconf 90' lang='lat' dir='ltr'><strong>deinde</strong></span> <span class='ocrx_word' id='word_1_273' title='bbox 422 1912 489 1968; x_wconf 88' lang='lat' dir='ltr'><strong>ad</strong></span> <span class='ocrx_word' id='word_1_274' title='bbox 515 1914 702 1982; x_wconf 90' lang='lat' dir='ltr'><strong>vitam,</strong></span> <span class='ocrx_word' id='word_1_275' title='bbox 722 1914 955 1967; x_wconf 84' lang='lat' dir='ltr'><strong>eamdem</strong></span> <span class='ocrx_word' id='word_1_276' title='bbox 982 1913 1305 1967; x_wconf 84' lang='lat' dir='ltr'><strong>dilectionem</strong></span> <span class='ocrx_word' id='word_1_277' title='bbox 1327 1915 1627 1968; x_wconf 71' lang='lat' dir='ltr'><strong>exerceatis.</strong></span> <span class='ocrx_word' id='word_1_278' title='bbox 1658 1912 1816 1968; x_wconf 82' lang='lat' dir='ltr'><strong>Eant-</strong></span> 
     </span>
    </p>
   </div>
   <div class='ocr_carea' id='block_1_35' title="bbox 218 2002 1815 2076">
    <p class='ocr_par' dir='ltr' id='par_1_35' title="bbox 218 2002 1815 2076">
     <span class='ocr_line' id='line_1_35' title="bbox 218 2002 1815 2076; baseline 0.002 -18"><span class='ocrx_word' id='word_1_279' title='bbox 218 2005 329 2058; x_wconf 87' lang='lat' dir='ltr'><strong>dem</strong></span> <span class='ocrx_word' id='word_1_280' title='bbox 354 2006 483 2075; x_wconf 90' lang='lat' dir='ltr'><strong>quid</strong></span> <span class='ocrx_word' id='word_1_281' title='bbox 500 2015 582 2061; x_wconf 89' lang='lat' dir='ltr'><strong>est</strong></span> <span class='ocrx_word' id='word_1_282' title='bbox 597 2004 621 2059; x_wconf 86' lang='lat'><strong>?</strong></span> <span class='ocrx_word' id='word_1_283' title='bbox 637 2019 797 2076; x_wconf 88' lang='lat' dir='ltr'><strong>quam</strong></span> <span class='ocrx_word' id='word_1_284' title='bbox 823 2005 961 2059; x_wconf 87' lang='lat' dir='ltr'><strong>alter</strong></span> <span class='ocrx_word' id='word_1_285' title='bbox 979 2002 1122 2061; x_wconf 86' lang='lat' dir='ltr'><strong>circa</strong></span> <span class='ocrx_word' id='word_1_286' title='bbox 1147 2018 1263 2069; x_wconf 87' lang='lat' dir='ltr'><strong>vos,</strong></span> <span class='ocrx_word' id='word_1_287' title='bbox 1287 2004 1533 2059; x_wconf 87' lang='lat' dir='ltr'><strong>eamdem</strong></span> <span class='ocrx_word' id='word_1_288' title='bbox 1559 2020 1653 2059; x_wconf 90' lang='lat' dir='ltr'><strong>vos</strong></span> <span class='ocrx_word' id='word_1_289' title='bbox 1674 2005 1815 2061; x_wconf 87' lang='lat' dir='ltr'><strong>circa</strong></span> 
     </span>
    </p>
   </div>
   <div class='ocr_carea' id='block_1_36' title="bbox 217 2093 1815 2169">
    <p class='ocr_par' dir='ltr' id='par_1_36' title="bbox 217 2093 1815 2169">
     <span class='ocr_line' id='line_1_36' title="bbox 217 2093 1815 2169; baseline 0.003 -20"><span class='ocrx_word' id='word_1_290' title='bbox 217 2095 465 2163; x_wconf 88' lang='lat' dir='ltr'><strong>alterum;</strong></span> <span class='ocrx_word' id='word_1_291' title='bbox 487 2110 661 2169; x_wconf 90' lang='lat' dir='ltr'><strong>neque</strong></span> <span class='ocrx_word' id='word_1_292' title='bbox 681 2095 907 2150; x_wconf 89' lang='lat' dir='ltr'><strong>divisam</strong></span> <span class='ocrx_word' id='word_1_293' title='bbox 925 2093 1007 2165; x_wconf 76' lang='lat'><strong>(2)</strong></span> <span class='ocrx_word' id='word_1_294' title='bbox 1022 2094 1385 2162; x_wconf 91' lang='lat' dir='ltr'><strong>dilectionem,</strong></span> <span class='ocrx_word' id='word_1_295' title='bbox 1409 2095 1501 2149; x_wconf 89' lang='lat' dir='ltr'><strong>sed</strong></span> <span class='ocrx_word' id='word_1_296' title='bbox 1520 2096 1573 2149; x_wconf 91' lang='lat' dir='ltr'><strong>in</strong></span> <span class='ocrx_word' id='word_1_297' title='bbox 1591 2094 1815 2153; x_wconf 86' lang='lat' dir='ltr'><strong>Christo</strong></span> 
     </span>
    </p>
   </div>
   <div class='ocr_carea' id='block_1_37' title="bbox 218 2186 1810 2259">
    <p class='ocr_par' dir='ltr' id='par_1_37' title="bbox 218 2186 1810 2259">
     <span class='ocr_line' id='line_1_37' title="bbox 218 2186 1810 2259; baseline 0.001 -16"><span class='ocrx_word' id='word_1_298' title='bbox 218 2187 580 2243; x_wconf 90' lang='lat' dir='ltr'><strong>dilectionem.</strong></span> <span class='ocrx_word' id='word_1_299' title='bbox 602 2186 722 2259; x_wconf 82' lang='lat' dir='ltr'><strong>Ipsa</strong></span> <span class='ocrx_word' id='word_1_300' title='bbox 742 2198 826 2244; x_wconf 89' lang='lat' dir='ltr'><strong>est</strong></span> <span class='ocrx_word' id='word_1_301' title='bbox 850 2187 1040 2244; x_wconf 90' lang='lat' dir='ltr'><strong>eadem</strong></span> <span class='ocrx_word' id='word_1_302' title='bbox 1068 2187 1310 2242; x_wconf 87' lang='lat' dir='ltr'><strong>dilectio.</strong></span> <span class='ocrx_word' id='word_1_303' title='bbox 1341 2186 1551 2243; x_wconf 88' lang='lat' dir='ltr'><strong>Deinde</strong></span> <span class='ocrx_word' id='word_1_304' title='bbox 1580 2188 1810 2259; x_wconf 86' lang='lat' dir='ltr'><strong>adjecit:</strong></span> 
     </span>
    </p>
   </div>
   <div class='ocr_carea' id='block_1_38' title="bbox 216 2280 1816 2352">
    <p class='ocr_par' dir='ltr' id='par_1_38' title="bbox 216 2280 1816 2352">
     <span class='ocr_line' id='line_1_38' title="bbox 216 2280 1816 2352; baseline 0.001 -15"><span class='ocrx_word' id='word_1_305' title='bbox 216 2282 480 2339; x_wconf 79' lang='lat' dir='ltr'><strong>unanimes</strong></span> <span class='ocrx_word' id='word_1_306' title='bbox 495 2282 653 2336; x_wconf 77' lang='lat' dir='ltr'><strong>unum</strong></span> <span class='ocrx_word' id='word_1_307' title='bbox 676 2282 908 2336; x_wconf 81' lang='lat' dir='ltr'><strong>scientes.</strong></span> <span class='ocrx_word' id='word_1_308' title='bbox 928 2280 1127 2340; x_wconf 85' lang='lat' dir='ltr'><strong>Eadem</strong></span> <span class='ocrx_word' id='word_1_309' title='bbox 1158 2280 1421 2352; x_wconf 84' lang='lat' dir='ltr'><strong>repetisse</strong></span> <span class='ocrx_word' id='word_1_310' title='bbox 1445 2280 1575 2335; x_wconf 89' lang='lat' dir='ltr'><strong>mihi</strong></span> <span class='ocrx_word' id='word_1_311' title='bbox 1601 2282 1816 2338; x_wconf 92' lang='lat' dir='ltr'><strong>videtur</strong></span> 
     </span>
    </p>
   </div>
   <div class='ocr_carea' id='block_1_39' title="bbox 216 2372 1812 2446">
    <p class='ocr_par' dir='ltr' id='par_1_39' title="bbox 216 2372 1812 2446">
     <span class='ocr_line' id='line_1_39' title="bbox 216 2372 1812 2446; baseline 0.001 -17"><span class='ocrx_word' id='word_1_312' title='bbox 216 2388 373 2430; x_wconf 90' lang='lat' dir='ltr'><strong>verso</strong></span> <span class='ocrx_word' id='word_1_313' title='bbox 400 2372 591 2429; x_wconf 92' lang='lat' dir='ltr'><strong>ordine</strong></span> <span class='ocrx_word' id='word_1_314' title='bbox 614 2416 628 2439; x_wconf 95' lang='lat'><strong>,</strong></span> <span class='ocrx_word' id='word_1_315' title='bbox 658 2389 779 2445; x_wconf 71' lang='lat' dir='ltr'><strong>qua:</strong></span> <span class='ocrx_word' id='word_1_316' title='bbox 809 2388 967 2446; x_wconf 87' lang='lat' dir='ltr'><strong>supra</strong></span> <span class='ocrx_word' id='word_1_317' title='bbox 1000 2383 1125 2429; x_wconf 91' lang='lat' dir='ltr'><strong>sunt</strong></span> <span class='ocrx_word' id='word_1_318' title='bbox 1162 2372 1324 2429; x_wconf 91' lang='lat' dir='ltr'><strong>dicta.</strong></span> <span class='ocrx_word' id='word_1_319' title='bbox 1366 2372 1608 2443; x_wconf 77' lang='lat' dir='ltr'><strong>Namque</strong></span> <span class='ocrx_word' id='word_1_320' title='bbox 1648 2391 1812 2431; x_wconf 92' lang='lat' dir='ltr'><strong>unum</strong></span> 
     </span>
    </p>
   </div>
   <div class='ocr_carea' id='block_1_40' title="bbox 215 2460 1815 2536">
    <p class='ocr_par' dir='ltr' id='par_1_40' title="bbox 215 2460 1815 2536">
     <span class='ocr_line' id='line_1_40' title="bbox 215 2460 1815 2536; baseline 0.004 -17"><span class='ocrx_word' id='word_1_321' title='bbox 215 2473 296 2520; x_wconf 90' lang='lat' dir='ltr'><strong>est</strong></span> <span class='ocrx_word' id='word_1_322' title='bbox 317 2460 588 2521; x_wconf 62' lang='lat' dir='ltr'><strong>unanimes</strong></span> <span class='ocrx_word' id='word_1_323' title='bbox 610 2463 755 2536; x_wconf 92' lang='lat' dir='ltr'><strong>quod</strong></span> <span class='ocrx_word' id='word_1_324' title='bbox 783 2464 852 2520; x_wconf 90' lang='lat' dir='ltr'><strong>ad</strong></span> <span class='ocrx_word' id='word_1_325' title='bbox 876 2464 1123 2525; x_wconf 83' lang='lat' dir='ltr'><strong>eamdem</strong></span> <span class='ocrx_word' id='word_1_326' title='bbox 1148 2464 1489 2521; x_wconf 89' lang='lat' dir='ltr'><strong>dilectionem</strong></span> <span class='ocrx_word' id='word_1_327' title='bbox 1524 2483 1537 2519; x_wconf 90' lang='lat'><strong>:</strong></span> <span class='ocrx_word' id='word_1_328' title='bbox 1564 2466 1709 2523; x_wconf 86' lang='lat' dir='ltr'><strong>aliud</strong></span> <span class='ocrx_word' id='word_1_329' title='bbox 1732 2477 1815 2527; x_wconf 90' lang='lat' dir='ltr'><strong>est</strong></span> 
     </span>
    </p>
   </div>
   <div class='ocr_carea' id='block_1_41' title="bbox 214 2559 1813 2632">
    <p class='ocr_par' dir='ltr' id='par_1_41' title="bbox 214 2559 1813 2632">
     <span class='ocr_line' id='line_1_41' title="bbox 214 2559 1813 2632; baseline 0.004 -18"><span class='ocrx_word' id='word_1_330' title='bbox 214 2576 370 2614; x_wconf 88' lang='lat' dir='ltr'><strong>unum</strong></span> <span class='ocrx_word' id='word_1_331' title='bbox 399 2559 613 2614; x_wconf 86' lang='lat' dir='ltr'><strong>scientes</strong></span> <span class='ocrx_word' id='word_1_332' title='bbox 637 2601 652 2628; x_wconf 91' lang='lat'><strong>,</strong></span> <span class='ocrx_word' id='word_1_333' title='bbox 673 2561 816 2632; x_wconf 91' lang='lat' dir='ltr'><strong>quod</strong></span> <span class='ocrx_word' id='word_1_334' title='bbox 845 2576 1009 2632; x_wconf 84' lang='lat' dir='ltr'><strong>supra</strong></span> <span class='ocrx_word' id='word_1_335' title='bbox 1042 2571 1099 2615; x_wconf 94' lang='lat' dir='ltr'><strong>ut</strong></span> <span class='ocrx_word' id='word_1_336' title='bbox 1132 2559 1279 2627; x_wconf 80' lang='lat' dir='ltr'><strong>dixi,</strong></span> <span class='ocrx_word' id='word_1_337' title='bbox 1308 2570 1365 2615; x_wconf 89' lang='lat' dir='ltr'><strong>ut</strong></span> <span class='ocrx_word' id='word_1_338' title='bbox 1394 2578 1553 2619; x_wconf 83' lang='lat' dir='ltr'><strong>unum</strong></span> <span class='ocrx_word' id='word_1_339' title='bbox 1580 2564 1813 2620; x_wconf 88' lang='lat' dir='ltr'><strong>sentiatis</strong></span> 
     </span>
    </p>
   </div>
   <div class='ocr_carea' id='block_1_42' title="bbox 214 2650 1808 2725">
    <p class='ocr_par' dir='ltr' id='par_1_42' title="bbox 214 2650 1808 2725">
     <span class='ocr_line' id='line_1_42' title="bbox 214 2650 1808 2725; baseline 0.002 -17"><span class='ocrx_word' id='word_1_340' title='bbox 214 2669 406 2708; x_wconf 87' lang='lat' dir='ltr'><strong>omnes.</strong></span> <span class='ocrx_word' id='word_1_341' title='bbox 432 2650 631 2709; x_wconf 83' lang='lat' dir='ltr'><strong>Verum</strong></span> <span class='ocrx_word' id='word_1_342' title='bbox 674 2663 731 2709; x_wconf 90' lang='lat' dir='ltr'><strong>et</strong></span> <span class='ocrx_word' id='word_1_343' title='bbox 771 2653 1002 2725; x_wconf 89' lang='lat' dir='ltr'><strong>amplius</strong></span> <span class='ocrx_word' id='word_1_344' title='bbox 1040 2652 1189 2708; x_wconf 90' lang='lat' dir='ltr'><strong>aliud</strong></span> <span class='ocrx_word' id='word_1_345' title='bbox 1228 2653 1281 2709; x_wconf 92' lang='lat' dir='ltr'><strong>in</strong></span> <span class='ocrx_word' id='word_1_346' title='bbox 1325 2654 1409 2710; x_wconf 93' lang='lat' dir='ltr'><strong>his</strong></span> <span class='ocrx_word' id='word_1_347' title='bbox 1450 2654 1659 2711; x_wconf 91' lang='lat' dir='ltr'><strong>duobus</strong></span> <span class='ocrx_word' id='word_1_348' title='bbox 1686 2664 1808 2725; x_wconf 88' lang='lat' dir='ltr'><strong>est,</strong></span> 
     </span>
    </p>
   </div>
   <div class='ocr_carea' id='block_1_43' title="bbox 214 2744 1813 2819">
    <p class='ocr_par' dir='ltr' id='par_1_43' title="bbox 214 2744 1813 2819">
     <span class='ocr_line' id='line_1_43' title="bbox 214 2744 1813 2819; baseline 0.004 -20"><span class='ocrx_word' id='word_1_349' title='bbox 214 2744 428 2816; x_wconf 90' lang='lat' dir='ltr'><strong>quodin</strong></span> <span class='ocrx_word' id='word_1_350' title='bbox 457 2744 846 2817; x_wconf 85' lang='lat' dir='ltr'><strong>superioribus.</strong></span> <span class='ocrx_word' id='word_1_351' title='bbox 871 2746 1114 2819; x_wconf 82' lang='lat' dir='ltr'><strong>Namque</strong></span> <span class='ocrx_word' id='word_1_352' title='bbox 1143 2746 1289 2802; x_wconf 85' lang='lat' dir='ltr'><strong>aliud</strong></span> <span class='ocrx_word' id='word_1_353' title='bbox 1318 2755 1403 2803; x_wconf 85' lang='lat' dir='ltr'><strong>est</strong></span> <span class='ocrx_word' id='word_1_354' title='bbox 1421 2747 1555 2802; x_wconf 86' lang='lat' dir='ltr'><strong>idem</strong></span> <span class='ocrx_word' id='word_1_355' title='bbox 1584 2750 1813 2807; x_wconf 85' lang='lat' dir='ltr'><strong>sentiatis</strong></span> 
     </span>
    </p>
   </div>
   <div class='ocr_carea' id='block_1_44' title="bbox 215 2838 1813 2915">
    <p class='ocr_par' dir='ltr' id='par_1_44' title="bbox 215 2838 1813 2915">
     <span class='ocr_line' id='line_1_44' title="bbox 215 2838 1813 2915; baseline 0.004 -22"><span class='ocrx_word' id='word_1_356' title='bbox 215 2854 387 2894; x_wconf 88' lang='lat' dir='ltr'><strong>omnes</strong></span> <span class='ocrx_word' id='word_1_357' title='bbox 408 2882 424 2908; x_wconf 92' lang='lat'><strong>,</strong></span> <span class='ocrx_word' id='word_1_358' title='bbox 453 2838 597 2895; x_wconf 86' lang='lat' dir='ltr'><strong>aliud</strong></span> <span class='ocrx_word' id='word_1_359' title='bbox 625 2856 783 2895; x_wconf 76' lang='lat' dir='ltr'><strong>animi</strong></span> <span class='ocrx_word' id='word_1_360' title='bbox 822 2840 1036 2895; x_wconf 86' lang='lat' dir='ltr'><strong>scientes</strong></span> <span class='ocrx_word' id='word_1_361' title='bbox 1055 2880 1072 2908; x_wconf 92' lang='lat'><strong>,</strong></span> <span class='ocrx_word' id='word_1_362' title='bbox 1096 2840 1149 2895; x_wconf 92' lang='lat' dir='ltr'><strong>in</strong></span> <span class='ocrx_word' id='word_1_363' title='bbox 1181 2841 1300 2913; x_wconf 91' lang='lat' dir='ltr'><strong>ipso</strong></span> <span class='ocrx_word' id='word_1_364' title='bbox 1330 2838 1546 2910; x_wconf 87' lang='lat' dir='ltr'><strong>quidem</strong></span> <span class='ocrx_word' id='word_1_365' title='bbox 1574 2860 1586 2894; x_wconf 92' lang='lat'><strong>:</strong></span> <span class='ocrx_word' id='word_1_366' title='bbox 1613 2842 1813 2915; x_wconf 88' lang='lat' dir='ltr'><strong>quippe</strong></span> 
     </span>
    </p>
   </div>
   <div class='ocr_carea' id='block_1_45' title="bbox 214 2928 1814 3002">
    <p class='ocr_par' dir='ltr' id='par_1_45' title="bbox 214 2928 1814 3002">
     <span class='ocr_line' id='line_1_45' title="bbox 214 2928 1814 3002; baseline 0.002 -17"><span class='ocrx_word' id='word_1_367' title='bbox 214 2945 335 2986; x_wconf 91' lang='lat' dir='ltr'><strong>cum</strong></span> <span class='ocrx_word' id='word_1_368' title='bbox 362 2928 431 2985; x_wconf 86' lang='lat' dir='ltr'><strong>ad</strong></span> <span class='ocrx_word' id='word_1_369' title='bbox 462 2928 743 2986; x_wconf 86' lang='lat' dir='ltr'><strong>scientiam</strong></span> <span class='ocrx_word' id='word_1_370' title='bbox 782 2930 993 3002; x_wconf 85' lang='lat' dir='ltr'><strong>utrique</strong></span> <span class='ocrx_word' id='word_1_371' title='bbox 1018 2932 1307 3002; x_wconf 88' lang='lat' dir='ltr'><strong>pertineat.</strong></span> <span class='ocrx_word' id='word_1_372' title='bbox 1339 2930 1534 2989; x_wconf 80' lang='lat' dir='ltr'><strong>Verum</strong></span> <span class='ocrx_word' id='word_1_373' title='bbox 1565 2932 1693 2987; x_wconf 89' lang='lat' dir='ltr'><strong>illud</strong></span> <span class='ocrx_word' id='word_1_374' title='bbox 1722 2946 1814 2988; x_wconf 87' lang='lat' dir='ltr'><strong>su-</strong></span> 
     </span>
    </p>
   </div>
   <div class='ocr_carea' id='block_1_46' title="bbox 212 3021 1812 3095">
    <p class='ocr_par' dir='ltr' id='par_1_46' title="bbox 212 3021 1812 3095">
     <span class='ocr_line' id='line_1_46' title="bbox 212 3021 1812 3095; baseline 0.004 -19"><span class='ocrx_word' id='word_1_375' title='bbox 212 3022 396 3092; x_wconf 88' lang='lat' dir='ltr'><strong>perius</strong></span> <span class='ocrx_word' id='word_1_376' title='bbox 438 3021 584 3079; x_wconf 87' lang='lat' dir='ltr'><strong>idem</strong></span> <span class='ocrx_word' id='word_1_377' title='bbox 632 3024 833 3079; x_wconf 90' lang='lat' dir='ltr'><strong>sentire</strong></span> <span class='ocrx_word' id='word_1_378' title='bbox 857 3064 874 3092; x_wconf 91' lang='lat'><strong>,</strong></span> <span class='ocrx_word' id='word_1_379' title='bbox 908 3023 975 3080; x_wconf 91' lang='lat' dir='ltr'><strong>ad</strong></span> <span class='ocrx_word' id='word_1_380' title='bbox 1015 3023 1118 3079; x_wconf 91' lang='lat' dir='ltr'><strong>hoc</strong></span> <span class='ocrx_word' id='word_1_381' title='bbox 1146 3036 1229 3081; x_wconf 92' lang='lat' dir='ltr'><strong>est</strong></span> <span class='ocrx_word' id='word_1_382' title='bbox 1252 3067 1268 3095; x_wconf 92' lang='lat'><strong>,</strong></span> <span class='ocrx_word' id='word_1_383' title='bbox 1298 3037 1354 3082; x_wconf 93' lang='lat' dir='ltr'><strong>ut</strong></span> <span class='ocrx_word' id='word_1_384' title='bbox 1383 3025 1559 3082; x_wconf 88' lang='lat' dir='ltr'><strong>adhuc</strong></span> <span class='ocrx_word' id='word_1_385' title='bbox 1587 3027 1812 3083; x_wconf 88' lang='lat' dir='ltr'><strong>scientia</strong></span> 
     </span>
    </p>
   </div>
   <div class='ocr_carea' id='block_1_47' title="bbox 215 3112 1809 3190">
    <p class='ocr_par' dir='ltr' id='par_1_47' title="bbox 215 3112 1809 3190">
     <span class='ocr_line' id='line_1_47' title="bbox 215 3112 1809 3190; baseline 0.004 -21"><span class='ocrx_word' id='word_1_386' title='bbox 215 3112 452 3169; x_wconf 93' lang='lat' dir='ltr'><strong>nondum</strong></span> <span class='ocrx_word' id='word_1_387' title='bbox 482 3116 827 3181; x_wconf 89' lang='lat' dir='ltr'><strong>conlirmata,</strong></span> <span class='ocrx_word' id='word_1_388' title='bbox 862 3130 959 3187; x_wconf 87' lang='lat' dir='ltr'><strong>par</strong></span> <span class='ocrx_word' id='word_1_389' title='bbox 987 3123 1166 3173; x_wconf 89' lang='lat' dir='ltr'><strong>tamen</strong></span> <span class='ocrx_word' id='word_1_390' title='bbox 1204 3116 1447 3173; x_wconf 78' lang='lat' dir='ltr'><strong>videatur</strong></span> <span class='ocrx_word' id='word_1_391' title='bbox 1481 3119 1685 3175; x_wconf 91' lang='lat' dir='ltr'><strong>sciendi</strong></span> <span class='ocrx_word' id='word_1_392' title='bbox 1715 3135 1809 3190; x_wconf 91' lang='lat' dir='ltr'><strong>po-</strong></span> 
     </span>
    </p>
   </div>
   <div class='ocr_carea' id='block_1_48' title="bbox 1924 1909 3517 1981">
    <p class='ocr_par' dir='ltr' id='par_1_48' title="bbox 1924 1909 3517 1981">
     <span class='ocr_line' id='line_1_48' title="bbox 1924 1909 3517 1981; baseline 0.004 -15"><span class='ocrx_word' id='word_1_393' title='bbox 1924 1911 2187 1981; x_wconf 86' lang='lat' dir='ltr'><strong>potiorem</strong></span> <span class='ocrx_word' id='word_1_394' title='bbox 2225 1909 2454 1965; x_wconf 67' lang='lat' dir='ltr'><strong>aestimet</strong></span> <span class='ocrx_word' id='word_1_395' title='bbox 2479 1953 2494 1978; x_wconf 88' lang='lat'><strong>,</strong></span> <span class='ocrx_word' id='word_1_396' title='bbox 2519 1921 2573 1965; x_wconf 93' lang='lat' dir='ltr'><strong>et</strong></span> <span class='ocrx_word' id='word_1_397' title='bbox 2615 1911 2922 1981; x_wconf 67' lang='lat' dir='ltr'><strong>praecedere</strong></span> <span class='ocrx_word' id='word_1_398' title='bbox 2967 1923 3020 1967; x_wconf 91' lang='lat' dir='ltr'><strong>et</strong></span> <span class='ocrx_word' id='word_1_399' title='bbox 3049 1926 3170 1967; x_wconf 90' lang='lat' dir='ltr'><strong>esse</strong></span> <span class='ocrx_word' id='word_1_400' title='bbox 3215 1913 3517 1972; x_wconf 88' lang='lat' dir='ltr'><strong>meliorem.</strong></span> 
     </span>
    </p>
   </div>
   <div class='ocr_carea' id='block_1_49' title="bbox 1919 2002 3520 2071">
    <p class='ocr_par' dir='ltr' id='par_1_49' title="bbox 1919 2002 3520 2071">
     <span class='ocr_line' id='line_1_49' title="bbox 1919 2002 3520 2071; baseline 0.002 -14"><span class='ocrx_word' id='word_1_401' title='bbox 1919 2002 2073 2071; x_wconf 85' lang='lat' dir='ltr'><strong>Quod</strong></span> <span class='ocrx_word' id='word_1_402' title='bbox 2112 2004 2158 2058; x_wconf 89' lang='lat' dir='ltr'><strong>si</strong></span> <span class='ocrx_word' id='word_1_403' title='bbox 2208 2004 2278 2056; x_wconf 92' lang='lat' dir='ltr'><strong>ita</strong></span> <span class='ocrx_word' id='word_1_404' title='bbox 2317 2013 2436 2067; x_wconf 92' lang='lat' dir='ltr'><strong>est,</strong></span> <span class='ocrx_word' id='word_1_405' title='bbox 2480 2002 2594 2056; x_wconf 71' lang='lat' dir='ltr'><strong>haec</strong></span> <span class='ocrx_word' id='word_1_406' title='bbox 2634 2014 2717 2057; x_wconf 88' lang='lat' dir='ltr'><strong>est</strong></span> <span class='ocrx_word' id='word_1_407' title='bbox 2760 2005 3034 2059; x_wconf 89' lang='lat' dir='ltr'><strong>humilitas</strong></span> <span class='ocrx_word' id='word_1_408' title='bbox 3073 2020 3283 2060; x_wconf 88' lang='lat' dir='ltr'><strong>sensus.</strong></span> <span class='ocrx_word' id='word_1_409' title='bbox 3319 2006 3520 2061; x_wconf 83' lang='lat' dir='ltr'><strong>Deinde</strong></span> 
     </span>
    </p>
   </div>
   <div class='ocr_carea' id='block_1_50' title="bbox 1918 2093 3521 2169">
    <p class='ocr_par' dir='ltr' id='par_1_50' title="bbox 1918 2093 3521 2169">
     <span class='ocr_line' id='line_1_50' title="bbox 1918 2093 3521 2169; baseline 0.001 -18"><span class='ocrx_word' id='word_1_410' title='bbox 1918 2095 2190 2165; x_wconf 83' lang='lat' dir='ltr'><strong>subjungit</strong></span> <span class='ocrx_word' id='word_1_411' title='bbox 2220 2112 2232 2146; x_wconf 89' lang='lat'>:</span> <span class='ocrx_word' id='word_1_412' title='bbox 2262 2093 2386 2148; x_wconf 89' lang='lat' dir='ltr'><strong>Non</strong></span> <span class='ocrx_word' id='word_1_413' title='bbox 2414 2111 2510 2149; x_wconf 88' lang='lat' dir='ltr'><strong>sua</strong></span> <span class='ocrx_word' id='word_1_414' title='bbox 2540 2096 2752 2166; x_wconf 71' lang='lat' dir='ltr'><strong>prom&#39;ia</strong></span> <span class='ocrx_word' id='word_1_415' title='bbox 2781 2099 3127 2168; x_wconf 82' lang='lat' dir='ltr'><strong>unusquisque</strong></span> <span class='ocrx_word' id='word_1_416' title='bbox 3162 2110 3380 2152; x_wconf 82' lang='lat' dir='ltr'><strong>vestrum</strong></span> <span class='ocrx_word' id='word_1_417' title='bbox 3408 2117 3521 2169; x_wconf 75' lang='lat' dir='ltr'><strong>pcr-</strong></span> 
     </span>
    </p>
   </div>
   <div class='ocr_carea' id='block_1_51' title="bbox 1918 2186 3518 2262">
    <p class='ocr_par' dir='ltr' id='par_1_51' title="bbox 1918 2186 3518 2262">
     <span class='ocr_line' id='line_1_51' title="bbox 1918 2186 3518 2262; baseline 0.003 -22"><span class='ocrx_word' id='word_1_418' title='bbox 1918 2187 2104 2258; x_wconf 73' lang='lat' dir='ltr'><strong>spfciat</strong></span> <span class='ocrx_word' id='word_1_419' title='bbox 2130 2228 2143 2251; x_wconf 92' lang='lat'><strong>,</strong></span> <span class='ocrx_word' id='word_1_420' title='bbox 2188 2187 2276 2241; x_wconf 84' lang='lat' dir='ltr'><strong>sed</strong></span> <span class='ocrx_word' id='word_1_421' title='bbox 2312 2186 2553 2240; x_wconf 86' lang='lat' dir='ltr'><strong>aliorum.</strong></span> <span class='ocrx_word' id='word_1_422' title='bbox 2587 2188 2665 2241; x_wconf 82' lang='lat' dir='ltr'><strong>Ex</strong></span> <span class='ocrx_word' id='word_1_423' title='bbox 2696 2189 2797 2243; x_wconf 88' lang='lat' dir='ltr'><strong>hoc</strong></span> <span class='ocrx_word' id='word_1_424' title='bbox 2828 2204 2989 2244; x_wconf 85' lang='lat' dir='ltr'><strong>sensu</strong></span> <span class='ocrx_word' id='word_1_425' title='bbox 3023 2193 3256 2245; x_wconf 89' lang='lat' dir='ltr'><strong>nectitur</strong></span> <span class='ocrx_word' id='word_1_426' title='bbox 3294 2191 3344 2245; x_wconf 91' lang='lat' dir='ltr'><strong>id</strong></span> <span class='ocrx_word' id='word_1_427' title='bbox 3374 2191 3518 2262; x_wconf 88' lang='lat' dir='ltr'><strong>qnod</strong></span> 
     </span>
    </p>
   </div>
   <div class='ocr_carea' id='block_1_52' title="bbox 1918 2279 3518 2354">
    <p class='ocr_par' dir='ltr' id='par_1_52' title="bbox 1918 2279 3518 2354">
     <span class='ocr_line' id='line_1_52' title="bbox 1918 2279 3518 2354; baseline 0.003 -20"><span class='ocrx_word' id='word_1_428' title='bbox 1918 2291 2103 2351; x_wconf 89' lang='lat' dir='ltr'><strong>postea</strong></span> <span class='ocrx_word' id='word_1_429' title='bbox 2130 2279 2492 2351; x_wconf 77' lang='lat' dir='ltr'><strong>subjuagitur.</strong></span> <span class='ocrx_word' id='word_1_430' title='bbox 2529 2279 2735 2336; x_wconf 90' lang='lat' dir='ltr'><strong>Interea</strong></span> <span class='ocrx_word' id='word_1_431' title='bbox 2768 2280 3105 2335; x_wconf 83' lang='lat' dir='ltr'><strong>referendum</strong></span> <span class='ocrx_word' id='word_1_432' title='bbox 3138 2281 3242 2338; x_wconf 91' lang='lat' dir='ltr'><strong>hoc</strong></span> <span class='ocrx_word' id='word_1_433' title='bbox 3269 2283 3334 2336; x_wconf 89' lang='lat' dir='ltr'><strong>ad</strong></span> <span class='ocrx_word' id='word_1_434' title='bbox 3360 2298 3518 2354; x_wconf 89' lang='lat' dir='ltr'><strong>supe-</strong></span> 
     </span>
    </p>
   </div>
   <div class='ocr_carea' id='block_1_53' title="bbox 1917 2373 3519 2446">
    <p class='ocr_par' dir='ltr' id='par_1_53' title="bbox 1917 2373 3519 2446">
     <span class='ocr_line' id='line_1_53' title="bbox 1917 2373 3519 2446; baseline 0.002 -18"><span class='ocrx_word' id='word_1_435' title='bbox 1917 2375 2083 2440; x_wconf 90' lang='lat' dir='ltr'><strong>riora,</strong></span> <span class='ocrx_word' id='word_1_436' title='bbox 2116 2383 2239 2427; x_wconf 92' lang='lat' dir='ltr'><strong>tunc</strong></span> <span class='ocrx_word' id='word_1_437' title='bbox 2266 2375 2408 2427; x_wconf 86' lang='lat' dir='ltr'><strong>enim</strong></span> <span class='ocrx_word' id='word_1_438' title='bbox 2437 2373 2730 2443; x_wconf 84' lang='lat' dir='ltr'><strong>itnplebitis</strong></span> <span class='ocrx_word' id='word_1_439' title='bbox 2758 2390 2935 2429; x_wconf 89' lang='lat' dir='ltr'><strong>meum</strong></span> <span class='ocrx_word' id='word_1_440' title='bbox 2967 2374 3247 2446; x_wconf 87' lang='lat' dir='ltr'><strong>gaudium,</strong></span> <span class='ocrx_word' id='word_1_441' title='bbox 3273 2378 3318 2432; x_wconf 92' lang='lat' dir='ltr'><strong>si</strong></span> <span class='ocrx_word' id='word_1_442' title='bbox 3337 2387 3391 2432; x_wconf 93' lang='lat' dir='ltr'><strong>et</strong></span> <span class='ocrx_word' id='word_1_443' title='bbox 3415 2378 3519 2433; x_wconf 92' lang='lat' dir='ltr'><strong>hoc</strong></span> 
     </span>
    </p>
   </div>
   <div class='ocr_carea' id='block_1_54' title="bbox 1917 2464 3517 2540">
    <p class='ocr_par' dir='ltr' id='par_1_54' title="bbox 1917 2464 3517 2540">
     <span class='ocr_line' id='line_1_54' title="bbox 1917 2464 3517 2540; baseline 0.003 -20"><span class='ocrx_word' id='word_1_444' title='bbox 1917 2479 2130 2537; x_wconf 89' lang='lat' dir='ltr'><strong>quoque</strong></span> <span class='ocrx_word' id='word_1_445' title='bbox 2161 2464 2369 2519; x_wconf 81' lang='lat' dir='ltr'><strong>faciatis</strong></span> <span class='ocrx_word' id='word_1_446' title='bbox 2401 2476 2455 2519; x_wconf 92' lang='lat' dir='ltr'><strong>ut</strong></span> <span class='ocrx_word' id='word_1_447' title='bbox 2488 2466 2851 2537; x_wconf 84' lang='lat' dir='ltr'><strong>unusquisque</strong></span> <span class='ocrx_word' id='word_1_448' title='bbox 2882 2483 2988 2522; x_wconf 93' lang='lat' dir='ltr'><strong>non</strong></span> <span class='ocrx_word' id='word_1_449' title='bbox 3030 2476 3233 2523; x_wconf 91' lang='lat' dir='ltr'><strong>tantum</strong></span> <span class='ocrx_word' id='word_1_450' title='bbox 3265 2484 3359 2525; x_wconf 88' lang='lat' dir='ltr'><strong>sua</strong></span> <span class='ocrx_word' id='word_1_451' title='bbox 3389 2485 3517 2540; x_wconf 77' lang='lat' dir='ltr'><strong>pro~</strong></span> 
     </span>
    </p>
   </div>
   <div class='ocr_carea' id='block_1_55' title="bbox 1916 2557 3518 2632">
    <p class='ocr_par' dir='ltr' id='par_1_55' title="bbox 1916 2557 3518 2632">
     <span class='ocr_line' id='line_1_55' title="bbox 1916 2557 3518 2632; baseline 0.004 -22"><span class='ocrx_word' id='word_1_452' title='bbox 1916 2559 2032 2627; x_wconf 87' lang='lat' dir='ltr'><strong>pria</strong></span> <span class='ocrx_word' id='word_1_453' title='bbox 2074 2557 2383 2627; x_wconf 80' lang='lat' dir='ltr'><strong>perSpiciat,</strong></span> <span class='ocrx_word' id='word_1_454' title='bbox 2410 2557 2506 2612; x_wconf 90' lang='lat' dir='ltr'><strong>sed</strong></span> <span class='ocrx_word' id='word_1_455' title='bbox 2551 2558 2802 2625; x_wconf 90' lang='lat' dir='ltr'><strong>aliorum,</strong></span> <span class='ocrx_word' id='word_1_456' title='bbox 2836 2568 2891 2614; x_wconf 90' lang='lat' dir='ltr'><strong>et</strong></span> <span class='ocrx_word' id='word_1_457' title='bbox 2937 2561 3009 2615; x_wconf 88' lang='lat' dir='ltr'><strong>ita</strong></span> <span class='ocrx_word' id='word_1_458' title='bbox 3048 2560 3246 2632; x_wconf 88' lang='lat' dir='ltr'><strong>singuli</strong></span> <span class='ocrx_word' id='word_1_459' title='bbox 3290 2561 3359 2617; x_wconf 93' lang='lat' dir='ltr'><strong>de</strong></span> <span class='ocrx_word' id='word_1_460' title='bbox 3400 2563 3518 2617; x_wconf 90' lang='lat' dir='ltr'><strong>aliis</strong></span> 
     </span>
    </p>
   </div>
   <div class='ocr_carea' id='block_1_56' title="bbox 1917 2649 3515 2727">
    <p class='ocr_par' dir='ltr' id='par_1_56' title="bbox 1917 2649 3515 2727">
     <span class='ocr_line' id='line_1_56' title="bbox 1917 2649 3515 2727; baseline 0.003 -24"><span class='ocrx_word' id='word_1_461' title='bbox 1917 2661 2077 2720; x_wconf 89' lang='lat' dir='ltr'><strong>atque</strong></span> <span class='ocrx_word' id='word_1_462' title='bbox 2106 2652 2332 2704; x_wconf 89' lang='lat' dir='ltr'><strong>aliorum</strong></span> <span class='ocrx_word' id='word_1_463' title='bbox 2355 2665 2513 2705; x_wconf 90' lang='lat' dir='ltr'><strong>curas</strong></span> <span class='ocrx_word' id='word_1_464' title='bbox 2539 2649 2793 2705; x_wconf 82' lang='lat' dir='ltr'><strong>habeant.</strong></span> <span class='ocrx_word' id='word_1_465' title='bbox 2824 2650 2937 2706; x_wconf 83' lang='lat' dir='ltr'><strong>Hoc</strong></span> <span class='ocrx_word' id='word_1_466' title='bbox 2961 2652 3103 2707; x_wconf 88' lang='lat' dir='ltr'><strong>enim</strong></span> <span class='ocrx_word' id='word_1_467' title='bbox 3124 2668 3223 2708; x_wconf 93' lang='lat' dir='ltr'><strong>nos</strong></span> <span class='ocrx_word' id='word_1_468' title='bbox 3244 2664 3515 2727; x_wconf 76' lang='lat' dir='ltr'><strong>putamus.</strong></span> 
     </span>
    </p>
   </div>
   <div class='ocr_carea' id='block_1_57' title="bbox 1916 2740 3518 2814">
    <p class='ocr_par' dir='ltr' id='par_1_57' title="bbox 1916 2740 3518 2814">
     <span class='ocr_line' id='line_1_57' title="bbox 1916 2740 3518 2814; baseline 0.004 -21"><span class='ocrx_word' id='word_1_469' title='bbox 1916 2740 2070 2809; x_wconf 85' lang='lat' dir='ltr'><strong>Quod</strong></span> <span class='ocrx_word' id='word_1_470' title='bbox 2100 2741 2145 2795; x_wconf 90' lang='lat' dir='ltr'><strong>si</strong></span> <span class='ocrx_word' id='word_1_471' title='bbox 2174 2740 2243 2795; x_wconf 94' lang='lat' dir='ltr'><strong>de</strong></span> <span class='ocrx_word' id='word_1_472' title='bbox 2274 2740 2427 2795; x_wconf 90' lang='lat' dir='ltr'><strong>nobis</strong></span> <span class='ocrx_word' id='word_1_473' title='bbox 2459 2752 2662 2795; x_wconf 89' lang='lat' dir='ltr'><strong>tantum</strong></span> <span class='ocrx_word' id='word_1_474' title='bbox 2692 2743 2992 2810; x_wconf 87' lang='lat' dir='ltr'><strong>cogitemus</strong></span> <span class='ocrx_word' id='word_1_475' title='bbox 3012 2784 3027 2809; x_wconf 94' lang='lat'><strong>,</strong></span> <span class='ocrx_word' id='word_1_476' title='bbox 3058 2743 3216 2798; x_wconf 91' lang='lat' dir='ltr'><strong>nobis</strong></span> <span class='ocrx_word' id='word_1_477' title='bbox 3256 2745 3518 2814; x_wconf 84' lang='lat' dir='ltr'><strong>prodesse</strong></span> 
     </span>
    </p>
   </div>
   <div class='ocr_carea' id='block_1_58' title="bbox 1918 2833 3515 2905">
    <p class='ocr_par' dir='ltr' id='par_1_58' title="bbox 1918 2833 3515 2905">
     <span class='ocr_line' id='line_1_58' title="bbox 1918 2833 3515 2905; baseline 0.001 -17"><span class='ocrx_word' id='word_1_478' title='bbox 1918 2834 2233 2904; x_wconf 89' lang='lat' dir='ltr'><strong>poterimus,</strong></span> <span class='ocrx_word' id='word_1_479' title='bbox 2265 2842 2319 2888; x_wconf 94' lang='lat' dir='ltr'><strong>et</strong></span> <span class='ocrx_word' id='word_1_480' title='bbox 2348 2833 2415 2887; x_wconf 93' lang='lat' dir='ltr'><strong>de</strong></span> <span class='ocrx_word' id='word_1_481' title='bbox 2443 2834 2643 2887; x_wconf 87' lang='lat' dir='ltr'><strong>nostris</strong></span> <span class='ocrx_word' id='word_1_482' title='bbox 2672 2841 2877 2887; x_wconf 88' lang='lat' dir='ltr'><strong>tantum</strong></span> <span class='ocrx_word' id='word_1_483' title='bbox 2910 2834 3069 2889; x_wconf 89' lang='lat' dir='ltr'><strong>rebus</strong></span> <span class='ocrx_word' id='word_1_484' title='bbox 3092 2849 3271 2905; x_wconf 89' lang='lat' dir='ltr'><strong>agere,</strong></span> <span class='ocrx_word' id='word_1_485' title='bbox 3303 2836 3370 2890; x_wconf 92' lang='lat' dir='ltr'><strong>de</strong></span> <span class='ocrx_word' id='word_1_486' title='bbox 3398 2851 3515 2905; x_wconf 84' lang='lat' dir='ltr'><strong>spe,</strong></span> 
     </span>
    </p>
   </div>
   <div class='ocr_carea' id='block_1_59' title="bbox 1916 2924 3509 2995">
    <p class='ocr_par' dir='ltr' id='par_1_59' title="bbox 1916 2924 3509 2995">
     <span class='ocr_line' id='line_1_59' title="bbox 1916 2924 3509 2995; baseline 0.001 -14"><span class='ocrx_word' id='word_1_487' title='bbox 1916 2926 1985 2982; x_wconf 91' lang='lat' dir='ltr'><strong>de</strong></span> <span class='ocrx_word' id='word_1_488' title='bbox 2006 2924 2323 2981; x_wconf 86' lang='lat' dir='ltr'><strong>liberatione</strong></span> <span class='ocrx_word' id='word_1_489' title='bbox 2345 2937 2530 2980; x_wconf 86' lang='lat' dir='ltr'><strong>nostra</strong></span> <span class='ocrx_word' id='word_1_490' title='bbox 2558 2943 2571 2979; x_wconf 87' lang='lat'><strong>:</strong></span> <span class='ocrx_word' id='word_1_491' title='bbox 2600 2925 2698 2981; x_wconf 88' lang='lat' dir='ltr'><strong>sed</strong></span> <span class='ocrx_word' id='word_1_492' title='bbox 2721 2925 2825 2982; x_wconf 92' lang='lat' dir='ltr'><strong>hoc</strong></span> <span class='ocrx_word' id='word_1_493' title='bbox 2848 2941 3037 2995; x_wconf 90' lang='lat' dir='ltr'><strong>parum</strong></span> <span class='ocrx_word' id='word_1_494' title='bbox 3059 2935 3162 2981; x_wconf 88' lang='lat' dir='ltr'><strong>est.</strong></span> <span class='ocrx_word' id='word_1_495' title='bbox 3188 2927 3341 2983; x_wconf 85' lang='lat' dir='ltr'><strong>Tunc</strong></span> <span class='ocrx_word' id='word_1_496' title='bbox 3365 2930 3509 2983; x_wconf 90' lang='lat' dir='ltr'><strong>enim</strong></span> 
     </span>
    </p>
   </div>
   <div class='ocr_carea' id='block_1_60' title="bbox 1916 3018 3518 3091">
    <p class='ocr_par' dir='ltr' id='par_1_60' title="bbox 1916 3018 3518 3091">
     <span class='ocr_line' id='line_1_60' title="bbox 1916 3018 3518 3091; baseline 0.002 -17"><span class='ocrx_word' id='word_1_497' title='bbox 1916 3034 2048 3075; x_wconf 86' lang='lat' dir='ltr'><strong>vere</strong></span> <span class='ocrx_word' id='word_1_498' title='bbox 2077 3018 2145 3074; x_wconf 92' lang='lat' dir='ltr'><strong>de</strong></span> <span class='ocrx_word' id='word_1_499' title='bbox 2190 3019 2345 3073; x_wconf 87' lang='lat' dir='ltr'><strong>nobis</strong></span> <span class='ocrx_word' id='word_1_500' title='bbox 2376 3019 2580 3091; x_wconf 80' lang='lat' dir='ltr'><strong>agimus</strong></span> <span class='ocrx_word' id='word_1_501' title='bbox 2604 3060 2619 3088; x_wconf 91' lang='lat'><strong>,</strong></span> <span class='ocrx_word' id='word_1_502' title='bbox 2654 3020 2701 3073; x_wconf 91' lang='lat' dir='ltr'><strong>si</strong></span> <span class='ocrx_word' id='word_1_503' title='bbox 2729 3029 2784 3074; x_wconf 93' lang='lat' dir='ltr'><strong>et</strong></span> <span class='ocrx_word' id='word_1_504' title='bbox 2814 3020 2950 3075; x_wconf 90' lang='lat' dir='ltr'><strong>alios</strong></span> <span class='ocrx_word' id='word_1_505' title='bbox 2978 3035 3233 3076; x_wconf 87' lang='lat' dir='ltr'><strong>curemus</strong></span> <span class='ocrx_word' id='word_1_506' title='bbox 3256 3062 3274 3090; x_wconf 91' lang='lat'><strong>,</strong></span> <span class='ocrx_word' id='word_1_507' title='bbox 3315 3034 3369 3077; x_wconf 89' lang='lat' dir='ltr'><strong>et</strong></span> <span class='ocrx_word' id='word_1_508' title='bbox 3399 3023 3518 3079; x_wconf 85' lang='lat' dir='ltr'><strong>aliis</strong></span> 
     </span>
    </p>
   </div>
   <div class='ocr_carea' id='block_1_61' title="bbox 1918 3111 3517 3187">
    <p class='ocr_par' dir='ltr' id='par_1_61' title="bbox 1918 3111 3517 3187">
     <span class='ocr_line' id='line_1_61' title="bbox 1918 3111 3517 3187; baseline 0.003 -20"><span class='ocrx_word' id='word_1_509' title='bbox 1918 3114 2175 3183; x_wconf 86' lang='lat' dir='ltr'><strong>prodesse</strong></span> <span class='ocrx_word' id='word_1_510' title='bbox 2205 3127 2577 3182; x_wconf 69' lang='lat' dir='ltr'><strong>properemus.</strong></span> <span class='ocrx_word' id='word_1_511' title='bbox 2601 3111 2737 3168; x_wconf 91' lang='lat' dir='ltr'><strong>Cum</strong></span> <span class='ocrx_word' id='word_1_512' title='bbox 2758 3114 2899 3168; x_wconf 88' lang='lat' dir='ltr'><strong>enim</strong></span> <span class='ocrx_word' id='word_1_513' title='bbox 2921 3129 3111 3170; x_wconf 88' lang='lat' dir='ltr'><strong>omnes</strong></span> <span class='ocrx_word' id='word_1_514' title='bbox 3133 3132 3296 3169; x_wconf 88' lang='lat' dir='ltr'><strong>unum</strong></span> <span class='ocrx_word' id='word_1_515' title='bbox 3319 3131 3517 3187; x_wconf 88' lang='lat' dir='ltr'><strong>corpus</strong></span> 
     </span>
    </p>
   </div>
   <div class='ocr_carea' id='block_1_62' title="bbox 219 3206 3519 3283">
    <p class='ocr_par' dir='ltr' id='par_1_62' title="bbox 219 3206 3519 3283">
     <span class='ocr_line' id='line_1_62' title="bbox 219 3206 3519 3283; baseline 0.001 -22"><span class='ocrx_word' id='word_1_516' title='bbox 219 3214 419 3275; x_wconf 89' lang='lat' dir='ltr'><strong>testas,</strong></span> <span class='ocrx_word' id='word_1_517' title='bbox 453 3206 689 3262; x_wconf 90' lang='lat' dir='ltr'><strong>nondum</strong></span> <span class='ocrx_word' id='word_1_518' title='bbox 727 3206 1007 3275; x_wconf 89' lang='lat' dir='ltr'><strong>confecta,</strong></span> <span class='ocrx_word' id='word_1_519' title='bbox 1036 3208 1146 3278; x_wconf 89' lang='lat' dir='ltr'><strong>jam</strong></span> <span class='ocrx_word' id='word_1_520' title='bbox 1187 3210 1423 3279; x_wconf 86' lang='lat' dir='ltr'><strong>perfecta</strong></span> <span class='ocrx_word' id='word_1_521' title='bbox 1450 3212 1672 3266; x_wconf 88' lang='lat' dir='ltr'><strong>scientia</strong></span> <span class='ocrx_word' id='word_1_522' title='bbox 1705 3211 1807 3283; x_wconf 78' lang='grc'><strong>(5).</strong></span> <span class='ocrx_word' id='word_1_523' title='bbox 1839 3217 1882 3280; x_wconf 70' lang='grc' dir='ltr'>(ζ</span> <span class='ocrx_word' id='word_1_524' title='bbox 1917 3208 2121 3271; x_wconf 89' lang='lat' dir='ltr'><strong>simus,</strong></span> <span class='ocrx_word' id='word_1_525' title='bbox 2155 3206 2274 3260; x_wconf 84' lang='lat' dir='ltr'><strong>aliis</strong></span> <span class='ocrx_word' id='word_1_526' title='bbox 2318 3206 2365 3260; x_wconf 91' lang='lat' dir='ltr'><strong>si</strong></span> <span class='ocrx_word' id='word_1_527' title='bbox 2402 3208 2793 3277; x_wconf 77' lang='lat' dir='ltr'><strong>pr0spiciamus</strong></span> <span class='ocrx_word' id='word_1_528' title='bbox 2819 3248 2834 3273; x_wconf 92' lang='lat'><strong>,</strong></span> <span class='ocrx_word' id='word_1_529' title='bbox 2867 3209 3021 3262; x_wconf 92' lang='lat' dir='ltr'><strong>nobis</strong></span> <span class='ocrx_word' id='word_1_530' title='bbox 3051 3208 3408 3279; x_wconf 87' lang='lat' dir='ltr'><strong>prospicimus</strong></span> <span class='ocrx_word' id='word_1_531' title='bbox 3435 3228 3449 3263; x_wconf 89' lang='lat'>:</span> <span class='ocrx_word' id='word_1_532' title='bbox 3472 3210 3519 3265; x_wconf 91' lang='lat' dir='ltr'><strong>si</strong></span> 
     </span>
    </p>
   </div>
   <div class='ocr_carea' id='block_1_63' title="bbox 215 3298 1813 3374">
    <p class='ocr_par' dir='ltr' id='par_1_63' title="bbox 215 3298 1813 3374">
     <span class='ocr_line' id='line_1_63' title="bbox 215 3298 1813 3374; baseline 0.003 -18"><span class='ocrx_word' id='word_1_533' title='bbox 215 3298 467 3356; x_wconf 90' lang='lat' dir='ltr'><strong>Secundo</strong></span> <span class='ocrx_word' id='word_1_534' title='bbox 494 3302 655 3372; x_wconf 86' lang='lat' dir='ltr'><strong>igitur</strong></span> <span class='ocrx_word' id='word_1_535' title='bbox 678 3312 947 3372; x_wconf 57' lang='lat' dir='ltr'><strong>praecepto</strong></span> <span class='ocrx_word' id='word_1_536' title='bbox 976 3316 1096 3357; x_wconf 92' lang='lat' dir='ltr'><strong>cum</strong></span> <span class='ocrx_word' id='word_1_537' title='bbox 1132 3318 1238 3356; x_wconf 91' lang='lat' dir='ltr'><strong>uno</strong></span> <span class='ocrx_word' id='word_1_538' title='bbox 1258 3305 1310 3357; x_wconf 93' lang='lat' dir='ltr'><strong>in</strong></span> <span class='ocrx_word' id='word_1_539' title='bbox 1338 3318 1502 3358; x_wconf 91' lang='lat' dir='ltr'><strong>sensu</strong></span> <span class='ocrx_word' id='word_1_540' title='bbox 1528 3312 1813 3374; x_wconf 87' lang='lat' dir='ltr'><strong>utrumque</strong></span> 
     </span>
    </p>
   </div>
   <div class='ocr_carea' id='block_1_64' title="bbox 213 3380 1814 3465">
    <p class='ocr_par' dir='ltr' id='par_1_64' title="bbox 213 3380 1814 3465">
     <span class='ocr_line' id='line_1_64' title="bbox 213 3380 1814 3465; baseline 0.003 -18"><span class='ocrx_word' id='word_1_541' title='bbox 213 3380 284 3447; x_wconf 81' lang='lat' dir='ltr'><strong>sit</strong></span> <span class='ocrx_word' id='word_1_542' title='bbox 312 3433 326 3458; x_wconf 89' lang='lat'><strong>,</strong></span> <span class='ocrx_word' id='word_1_543' title='bbox 359 3391 551 3449; x_wconf 81' lang='lat' dir='ltr'><strong>fortius</strong></span> <span class='ocrx_word' id='word_1_544' title='bbox 583 3403 762 3449; x_wconf 87' lang='lat' dir='ltr'><strong>tamen</strong></span> <span class='ocrx_word' id='word_1_545' title='bbox 791 3392 1059 3464; x_wconf 82' lang='lat' dir='ltr'><strong>positum;</strong></span> <span class='ocrx_word' id='word_1_546' title='bbox 1088 3410 1250 3447; x_wconf 88' lang='lat' dir='ltr'><strong>unum</strong></span> <span class='ocrx_word' id='word_1_547' title='bbox 1272 3435 1287 3462; x_wconf 92' lang='lat'><strong>,</strong></span> <span class='ocrx_word' id='word_1_548' title='bbox 1321 3395 1530 3465; x_wconf 90' lang='lat' dir='ltr'><strong>inquit,</strong></span> <span class='ocrx_word' id='word_1_549' title='bbox 1558 3398 1770 3450; x_wconf 80' lang='lat' dir='ltr'><strong>scientes</strong></span> <span class='ocrx_word' id='word_1_550' title='bbox 1794 3411 1814 3452; x_wconf 91' lang='lat'><strong><em>:</em></strong></span> 
     </span>
    </p>
   </div>
   <div class='ocr_carea' id='block_1_65' title="bbox 206 3486 1813 3561">
    <p class='ocr_par' dir='ltr' id='par_1_65' title="bbox 206 3486 1813 3561">
     <span class='ocr_line' id='line_1_65' title="bbox 206 3486 1813 3561; baseline 0.004 -23"><span class='ocrx_word' id='word_1_551' title='bbox 206 3486 321 3557; x_wconf 89' lang='lat' dir='ltr'><strong>jam</strong></span> <span class='ocrx_word' id='word_1_552' title='bbox 363 3487 658 3561; x_wconf 79' lang='lat' dir='ltr'><strong>pra-captio</strong></span> <span class='ocrx_word' id='word_1_553' title='bbox 696 3494 781 3542; x_wconf 88' lang='lat' dir='ltr'><strong>est</strong></span> <span class='ocrx_word' id='word_1_554' title='bbox 810 3488 923 3558; x_wconf 58' lang='lat' dir='ltr'><strong>ipsa</strong></span> <span class='ocrx_word' id='word_1_555' title='bbox 948 3527 963 3552; x_wconf 94' lang='lat'><strong>,</strong></span> <span class='ocrx_word' id='word_1_556' title='bbox 1003 3502 1124 3542; x_wconf 89' lang='lat' dir='ltr'><strong>cum</strong></span> <span class='ocrx_word' id='word_1_557' title='bbox 1152 3488 1365 3542; x_wconf 79' lang='lat' dir='ltr'><strong>scientes</strong></span> <span class='ocrx_word' id='word_1_558' title='bbox 1393 3487 1547 3544; x_wconf 89' lang='lat' dir='ltr'><strong>dixit.</strong></span> <span class='ocrx_word' id='word_1_559' title='bbox 1582 3493 1651 3543; x_wconf 79' lang='lat' dir='ltr'><strong>At</strong></span> <span class='ocrx_word' id='word_1_560' title='bbox 1684 3505 1813 3545; x_wconf 89' lang='lat' dir='ltr'><strong>vero</strong></span> 
     </span>
    </p>
   </div>
   <div class='ocr_carea' id='block_1_66' title="bbox 212 3566 1810 3652">
    <p class='ocr_par' dir='ltr' id='par_1_66' title="bbox 212 3566 1810 3652">
     <span class='ocr_line' id='line_1_66' title="bbox 212 3566 1810 3652; baseline 0.002 -17"><span class='ocrx_word' id='word_1_561' title='bbox 212 3566 462 3652; x_wconf 84' lang='lat' dir='ltr'><strong>superius</strong></span> <span class='ocrx_word' id='word_1_562' title='bbox 493 3580 631 3634; x_wconf 86' lang='lat' dir='ltr'><strong>idem</strong></span> <span class='ocrx_word' id='word_1_563' title='bbox 673 3580 945 3634; x_wconf 85' lang='lat' dir='ltr'><strong>sentientes</strong></span> <span class='ocrx_word' id='word_1_564' title='bbox 980 3580 1149 3648; x_wconf 87' lang='lat' dir='ltr'><strong>dixit,</strong></span> <span class='ocrx_word' id='word_1_565' title='bbox 1178 3580 1230 3635; x_wconf 87' lang='lat' dir='ltr'><strong>id</strong></span> <span class='ocrx_word' id='word_1_566' title='bbox 1256 3592 1340 3636; x_wconf 89' lang='lat' dir='ltr'><strong>est</strong></span> <span class='ocrx_word' id='word_1_567' title='bbox 1371 3596 1563 3638; x_wconf 89' lang='lat' dir='ltr'><strong>sensus</strong></span> <span class='ocrx_word' id='word_1_568' title='bbox 1590 3583 1810 3639; x_wconf 87' lang='lat' dir='ltr'><strong>eosdem</strong></span> 
     </span>
    </p>
   </div>
   <div class='ocr_carea' id='block_1_67' title="bbox 212 3670 1811 3743">
    <p class='ocr_par' dir='ltr' id='par_1_67' title="bbox 212 3670 1811 3743">
     <span class='ocr_line' id='line_1_67' title="bbox 212 3670 1811 3743; baseline 0.003 -18"><span class='ocrx_word' id='word_1_569' title='bbox 212 3670 584 3743; x_wconf 80' lang='lat' dir='ltr'><strong>intelligentia:</strong></span> <span class='ocrx_word' id='word_1_570' title='bbox 616 3670 878 3727; x_wconf 87' lang='lat' dir='ltr'><strong>habentes</strong></span> <span class='ocrx_word' id='word_1_571' title='bbox 904 3688 916 3724; x_wconf 93' lang='lat'><strong>:</strong></span> <span class='ocrx_word' id='word_1_572' title='bbox 957 3671 1083 3725; x_wconf 90' lang='lat' dir='ltr'><strong>illud</strong></span> <span class='ocrx_word' id='word_1_573' title='bbox 1112 3686 1243 3742; x_wconf 84' lang='lat' dir='ltr'><strong>ergo</strong></span> <span class='ocrx_word' id='word_1_574' title='bbox 1270 3671 1445 3728; x_wconf 90' lang='lat' dir='ltr'><strong>adhuc</strong></span> <span class='ocrx_word' id='word_1_575' title='bbox 1473 3673 1528 3728; x_wconf 83' lang='lat' dir='ltr'><strong>in</strong></span> <span class='ocrx_word' id='word_1_576' title='bbox 1556 3682 1677 3729; x_wconf 91' lang='lat' dir='ltr'><strong>actn</strong></span> <span class='ocrx_word' id='word_1_577' title='bbox 1707 3685 1811 3742; x_wconf 89' lang='lat' dir='ltr'><strong>est,</strong></span> 
     </span>
    </p>
   </div>
   <div class='ocr_carea' id='block_1_68' title="bbox 212 3760 1814 3833">
    <p class='ocr_par' dir='ltr' id='par_1_68' title="bbox 212 3760 1814 3833">
     <span class='ocr_line' id='line_1_68' title="bbox 212 3760 1814 3833; baseline 0.004 -17"><span class='ocrx_word' id='word_1_578' title='bbox 212 3761 322 3817; x_wconf 85' lang='lat' dir='ltr'><strong>hoc</strong></span> <span class='ocrx_word' id='word_1_579' title='bbox 345 3760 398 3815; x_wconf 91' lang='lat' dir='ltr'><strong>in</strong></span> <span class='ocrx_word' id='word_1_580' title='bbox 429 3761 758 3832; x_wconf 89' lang='lat' dir='ltr'><strong>perfectione</strong></span> <span class='ocrx_word' id='word_1_581' title='bbox 781 3761 946 3817; x_wconf 84' lang='lat' dir='ltr'><strong>videri</strong></span> <span class='ocrx_word' id='word_1_582' title='bbox 973 3771 1171 3833; x_wconf 83' lang='lat' dir='ltr'><strong>potest.</strong></span> <span class='ocrx_word' id='word_1_583' title='bbox 1204 3763 1351 3818; x_wconf 83' lang='lat' dir='ltr'><strong>fdem</strong></span> <span class='ocrx_word' id='word_1_584' title='bbox 1377 3767 1652 3821; x_wconf 86' lang='lat' dir='ltr'><strong>sentientes</strong></span> <span class='ocrx_word' id='word_1_585' title='bbox 1673 3776 1725 3820; x_wconf 90' lang='lat' dir='ltr'><strong>et</strong></span> <span class='ocrx_word' id='word_1_586' title='bbox 1746 3766 1814 3822; x_wconf 90' lang='lat' dir='ltr'><strong>ad</strong></span> 
     </span>
    </p>
   </div>
   <div class='ocr_carea' id='block_1_69' title="bbox 212 3854 1817 3925">
    <p class='ocr_par' dir='ltr' id='par_1_69' title="bbox 212 3854 1817 3925">
     <span class='ocr_line' id='line_1_69' title="bbox 212 3854 1817 3925; baseline 0.002 -15"><span class='ocrx_word' id='word_1_587' title='bbox 212 3854 381 3911; x_wconf 90' lang='lat' dir='ltr'><strong>vitam</strong></span> <span class='ocrx_word' id='word_1_588' title='bbox 414 3856 540 3925; x_wconf 87' lang='lat' dir='ltr'><strong>pari</strong></span> <span class='ocrx_word' id='word_1_589' title='bbox 585 3855 785 3919; x_wconf 88' lang='lat' dir='ltr'><strong>modo,</strong></span> <span class='ocrx_word' id='word_1_590' title='bbox 825 3854 987 3909; x_wconf 90' lang='lat' dir='ltr'><strong>etiam</strong></span> <span class='ocrx_word' id='word_1_591' title='bbox 1040 3855 1094 3910; x_wconf 88' lang='lat' dir='ltr'><strong>in</strong></span> <span class='ocrx_word' id='word_1_592' title='bbox 1140 3864 1264 3911; x_wconf 91' lang='lat' dir='ltr'><strong>actu</strong></span> <span class='ocrx_word' id='word_1_593' title='bbox 1309 3866 1432 3925; x_wconf 91' lang='lat' dir='ltr'><strong>est,</strong></span> <span class='ocrx_word' id='word_1_594' title='bbox 1474 3860 1616 3913; x_wconf 89' lang='lat' dir='ltr'><strong>circa</strong></span> <span class='ocrx_word' id='word_1_595' title='bbox 1650 3861 1817 3913; x_wconf 89' lang='lat' dir='ltr'><strong>vitam</strong></span> 
     </span>
    </p>
   </div>
   <div class='ocr_carea' id='block_1_70' title="bbox 209 3948 1818 4021">
    <p class='ocr_par' dir='ltr' id='par_1_70' title="bbox 209 3948 1818 4021">
     <span class='ocr_line' id='line_1_70' title="bbox 209 3948 1818 4021; baseline 0.002 -17"><span class='ocrx_word' id='word_1_596' title='bbox 209 3950 448 4004; x_wconf 80' lang='lat' dir='ltr'><strong>eamdem</strong></span> <span class='ocrx_word' id='word_1_597' title='bbox 470 3949 792 4003; x_wconf 84' lang='lat' dir='ltr'><strong>dilectionem</strong></span> <span class='ocrx_word' id='word_1_598' title='bbox 818 3948 1112 4003; x_wconf 75' lang='lat' dir='ltr'><strong>exerceatis.</strong></span> <span class='ocrx_word' id='word_1_599' title='bbox 1137 3949 1307 4004; x_wconf 83' lang='lat' dir='ltr'><strong>Porro</strong></span> <span class='ocrx_word' id='word_1_600' title='bbox 1326 3962 1502 4005; x_wconf 86' lang='lat' dir='ltr'><strong>autem</strong></span> <span class='ocrx_word' id='word_1_601' title='bbox 1531 3951 1585 4005; x_wconf 92' lang='lat' dir='ltr'><strong>in</strong></span> <span class='ocrx_word' id='word_1_602' title='bbox 1610 3950 1818 4021; x_wconf 83' lang='lat' dir='ltr'><strong>perfec-</strong></span> 
     </span>
    </p>
   </div>
   <div class='ocr_carea' id='block_1_71' title="bbox 212 4043 1822 4114">
    <p class='ocr_par' dir='ltr' id='par_1_71' title="bbox 212 4043 1822 4114">
     <span class='ocr_line' id='line_1_71' title="bbox 212 4043 1822 4114; baseline 0.001 -15"><span class='ocrx_word' id='word_1_603' title='bbox 212 4046 364 4103; x_wconf 88' lang='lat' dir='ltr'><strong>tione</strong></span> <span class='ocrx_word' id='word_1_604' title='bbox 391 4045 493 4100; x_wconf 92' lang='lat' dir='ltr'><strong>hoc</strong></span> <span class='ocrx_word' id='word_1_605' title='bbox 525 4052 608 4098; x_wconf 84' lang='lat' dir='ltr'><strong>est</strong></span> <span class='ocrx_word' id='word_1_606' title='bbox 645 4043 912 4097; x_wconf 79' lang='lat' dir='ltr'><strong>unanimes</strong></span> <span class='ocrx_word' id='word_1_607' title='bbox 950 4050 998 4096; x_wconf 92' lang='lat' dir='ltr'><strong>et</strong></span> <span class='ocrx_word' id='word_1_608' title='bbox 1052 4052 1333 4114; x_wconf 89' lang='lat' dir='ltr'><strong>utrumque</strong></span> <span class='ocrx_word' id='word_1_609' title='bbox 1376 4043 1445 4099; x_wconf 92' lang='lat' dir='ltr'><strong>de</strong></span> <span class='ocrx_word' id='word_1_610' title='bbox 1488 4044 1730 4100; x_wconf 89' lang='lat' dir='ltr'><strong>moribus</strong></span> <span class='ocrx_word' id='word_1_611' title='bbox 1766 4054 1822 4101; x_wconf 91' lang='lat' dir='ltr'><strong>et</strong></span> 
     </span>
    </p>
   </div>
   <div class='ocr_carea' id='block_1_72' title="bbox 210 4133 1820 4207">
    <p class='ocr_par' dir='ltr' id='par_1_72' title="bbox 210 4133 1820 4207">
     <span class='ocr_line' id='line_1_72' title="bbox 210 4133 1820 4207; baseline 0 -13"><span class='ocrx_word' id='word_1_612' title='bbox 210 4139 283 4194; x_wconf 89' lang='lat' dir='ltr'><strong>de</strong></span> <span class='ocrx_word' id='word_1_613' title='bbox 317 4137 440 4193; x_wconf 76' lang='lat' dir='ltr'><strong>vita:</strong></span> <span class='ocrx_word' id='word_1_614' title='bbox 477 4151 715 4207; x_wconf 88' lang='lat' dir='ltr'><strong>genere:</strong></span> <span class='ocrx_word' id='word_1_615' title='bbox 743 4133 888 4190; x_wconf 90' lang='lat' dir='ltr'><strong>unde</strong></span> <span class='ocrx_word' id='word_1_616' title='bbox 933 4143 1113 4192; x_wconf 87' lang='lat' dir='ltr'><strong>tamen</strong></span> <span class='ocrx_word' id='word_1_617' title='bbox 1164 4152 1287 4191; x_wconf 87' lang='lat' dir='ltr'><strong>cum</strong></span> <span class='ocrx_word' id='word_1_618' title='bbox 1321 4136 1513 4192; x_wconf 87' lang='lat' dir='ltr'><strong>eadem</strong></span> <span class='ocrx_word' id='word_1_619' title='bbox 1537 4137 1820 4194; x_wconf 90' lang='lat' dir='ltr'><strong>videantur</strong></span> 
     </span>
    </p>
   </div>
   <div class='ocr_carea' id='block_1_73' title="bbox 210 4227 1819 4302">
    <p class='ocr_par' dir='ltr' id='par_1_73' title="bbox 210 4227 1819 4302">
     <span class='ocr_line' id='line_1_73' title="bbox 210 4227 1819 4302; baseline 0.001 -17"><span class='ocrx_word' id='word_1_620' title='bbox 210 4228 425 4302; x_wconf 87' lang='lat' dir='ltr'><strong>singula</strong></span> <span class='ocrx_word' id='word_1_621' title='bbox 470 4228 525 4285; x_wconf 92' lang='lat' dir='ltr'><strong>in</strong></span> <span class='ocrx_word' id='word_1_622' title='bbox 571 4229 818 4302; x_wconf 90' lang='lat' dir='ltr'><strong>singulis,</strong></span> <span class='ocrx_word' id='word_1_623' title='bbox 859 4228 1158 4299; x_wconf 85' lang='lat' dir='ltr'><strong>p0steriora</strong></span> <span class='ocrx_word' id='word_1_624' title='bbox 1206 4227 1412 4299; x_wconf 88' lang='lat' dir='ltr'><strong>potiora</strong></span> <span class='ocrx_word' id='word_1_625' title='bbox 1439 4238 1582 4285; x_wconf 89' lang='lat' dir='ltr'><strong>sunt.</strong></span> <span class='ocrx_word' id='word_1_626' title='bbox 1615 4229 1819 4287; x_wconf 89' lang='lat' dir='ltr'><strong>Deinde</strong></span> 
     </span>
    </p>
   </div>
   <div class='ocr_carea' id='block_1_74' title="bbox 208 4324 1819 4399">
    <p class='ocr_par' dir='ltr' id='par_1_74' title="bbox 208 4324 1819 4399">
     <span class='ocr_line' id='line_1_74' title="bbox 208 4324 1819 4399; baseline -0.002 -15"><span class='ocrx_word' id='word_1_627' title='bbox 208 4327 457 4399; x_wconf 84' lang='lat' dir='ltr'><strong>adjunxit</strong></span> <span class='ocrx_word' id='word_1_628' title='bbox 484 4342 497 4379; x_wconf 91' lang='lat'><strong>:</strong></span> <span class='ocrx_word' id='word_1_629' title='bbox 523 4325 655 4381; x_wconf 83' lang='lat' dir='ltr'><strong>nihil</strong></span> <span class='ocrx_word' id='word_1_630' title='bbox 704 4340 795 4396; x_wconf 84' lang='lat' dir='ltr'><strong>per</strong></span> <span class='ocrx_word' id='word_1_631' title='bbox 844 4324 1221 4379; x_wconf 86' lang='lat' dir='ltr'><strong>contentionem</strong></span> <span class='ocrx_word' id='word_1_632' title='bbox 1265 4339 1425 4396; x_wconf 85' lang='lat' dir='ltr'><strong>neque</strong></span> <span class='ocrx_word' id='word_1_633' title='bbox 1470 4342 1561 4396; x_wconf 88' lang='lat' dir='ltr'><strong>per</strong></span> <span class='ocrx_word' id='word_1_634' title='bbox 1600 4326 1819 4399; x_wconf 81' lang='lat' dir='ltr'><strong>gloriam</strong></span> 
     </span>
    </p>
   </div>
   <div class='ocr_carea' id='block_1_75' title="bbox 204 4417 1819 4487">
    <p class='ocr_par' dir='ltr' id='par_1_75' title="bbox 204 4417 1819 4487">
     <span class='ocr_line' id='line_1_75' title="bbox 204 4417 1819 4487; baseline -0.001 -12"><span class='ocrx_word' id='word_1_635' title='bbox 204 4422 435 4476; x_wconf 88' lang='lat' dir='ltr'><strong>inanem.</strong></span> <span class='ocrx_word' id='word_1_636' title='bbox 452 4417 632 4475; x_wconf 81' lang='lat' dir='ltr'><strong>Patuit</strong></span> <span class='ocrx_word' id='word_1_637' title='bbox 648 4419 813 4487; x_wconf 90' lang='lat' dir='ltr'><strong>enim,</strong></span> <span class='ocrx_word' id='word_1_638' title='bbox 828 4428 882 4475; x_wconf 91' lang='lat' dir='ltr'><strong>et</strong></span> <span class='ocrx_word' id='word_1_639' title='bbox 913 4418 1056 4475; x_wconf 90' lang='lat' dir='ltr'><strong>idem</strong></span> <span class='ocrx_word' id='word_1_640' title='bbox 1081 4417 1367 4486; x_wconf 89' lang='lat' dir='ltr'><strong>sentiendi,</strong></span> <span class='ocrx_word' id='word_1_641' title='bbox 1386 4428 1440 4475; x_wconf 92' lang='lat' dir='ltr'><strong>et</strong></span> <span class='ocrx_word' id='word_1_642' title='bbox 1456 4419 1596 4474; x_wconf 92' lang='lat' dir='ltr'><strong>idem</strong></span> <span class='ocrx_word' id='word_1_643' title='bbox 1614 4419 1819 4475; x_wconf 87' lang='lat' dir='ltr'><strong>sciendi</strong></span> 
     </span>
    </p>
   </div>
   <div class='ocr_carea' id='block_1_76' title="bbox 207 4512 1813 4585">
    <p class='ocr_par' dir='ltr' id='par_1_76' title="bbox 207 4512 1813 4585">
     <span class='ocr_line' id='line_1_76' title="bbox 207 4512 1813 4585; baseline -0.002 -13"><span class='ocrx_word' id='word_1_644' title='bbox 207 4531 337 4572; x_wconf 85' lang='lat' dir='ltr'><strong>esse</strong></span> <span class='ocrx_word' id='word_1_645' title='bbox 368 4524 549 4572; x_wconf 91' lang='lat' dir='ltr'><strong>tamen</strong></span> <span class='ocrx_word' id='word_1_646' title='bbox 578 4516 873 4570; x_wconf 90' lang='lat' dir='ltr'><strong>contentio.</strong></span> <span class='ocrx_word' id='word_1_647' title='bbox 914 4512 1106 4569; x_wconf 80' lang='lat' dir='ltr'><strong>Modus</strong></span> <span class='ocrx_word' id='word_1_648' title='bbox 1155 4512 1317 4585; x_wconf 88' lang='lat' dir='ltr'><strong>igitur</strong></span> <span class='ocrx_word' id='word_1_649' title='bbox 1355 4513 1655 4584; x_wconf 87' lang='lat' dir='ltr'><strong>subjunctis</strong></span> <span class='ocrx_word' id='word_1_650' title='bbox 1690 4523 1775 4569; x_wconf 90' lang='lat' dir='ltr'><strong>est</strong></span> <span class='ocrx_word' id='word_1_651' title='bbox 1798 4555 1813 4579; x_wconf 97' lang='lat'><strong>,</strong></span> 
     </span>
    </p>
   </div>
   <div class='ocr_carea' id='block_1_77' title="bbox 1916 3297 3519 3371">
    <p class='ocr_par' dir='ltr' id='par_1_77' title="bbox 1916 3297 3519 3371">
     <span class='ocr_line' id='line_1_77' title="bbox 1916 3297 3519 3371; baseline 0.001 -18"><span class='ocrx_word' id='word_1_652' title='bbox 1916 3297 1984 3354; x_wconf 91' lang='lat' dir='ltr'><strong>de</strong></span> <span class='ocrx_word' id='word_1_653' title='bbox 2012 3299 2132 3352; x_wconf 91' lang='lat' dir='ltr'><strong>aliis</strong></span> <span class='ocrx_word' id='word_1_654' title='bbox 2154 3298 2455 3367; x_wconf 81' lang='lat' dir='ltr'><strong>cogitemus</strong></span> <span class='ocrx_word' id='word_1_655' title='bbox 2475 3339 2490 3363; x_wconf 93' lang='lat'><strong>,</strong></span> <span class='ocrx_word' id='word_1_656' title='bbox 2525 3298 2593 3352; x_wconf 91' lang='lat' dir='ltr'><strong>de</strong></span> <span class='ocrx_word' id='word_1_657' title='bbox 2635 3299 2790 3352; x_wconf 86' lang='lat' dir='ltr'><strong>nobis</strong></span> <span class='ocrx_word' id='word_1_658' title='bbox 2821 3301 2989 3368; x_wconf 86' lang='lat' dir='ltr'><strong>magis</strong></span> <span class='ocrx_word' id='word_1_659' title='bbox 3032 3301 3346 3371; x_wconf 77' lang='lat' dir='ltr'><strong>Cogitamus.</strong></span> <span class='ocrx_word' id='word_1_660' title='bbox 3383 3301 3519 3356; x_wconf 73' lang='lat' dir='ltr'><strong>l-linc</strong></span> 
     </span>
    </p>
   </div>
   <div class='ocr_carea' id='block_1_78' title="bbox 1915 3389 3519 3463">
    <p class='ocr_par' dir='ltr' id='par_1_78' title="bbox 1915 3389 3519 3463">
     <span class='ocr_line' id='line_1_78' title="bbox 1915 3389 3519 3463; baseline 0.002 -19"><span class='ocrx_word' id='word_1_661' title='bbox 1915 3390 2210 3460; x_wconf 82' lang='lat' dir='ltr'><strong>subjungit,</strong></span> <span class='ocrx_word' id='word_1_662' title='bbox 2243 3398 2500 3460; x_wconf 90' lang='lat' dir='ltr'><strong>quantum</strong></span> <span class='ocrx_word' id='word_1_663' title='bbox 2531 3389 2600 3444; x_wconf 90' lang='lat' dir='ltr'><strong>sit</strong></span> <span class='ocrx_word' id='word_1_664' title='bbox 2629 3391 2769 3444; x_wconf 89' lang='lat' dir='ltr'><strong>istud</strong></span> <span class='ocrx_word' id='word_1_665' title='bbox 2803 3392 2943 3461; x_wconf 88' lang='lat' dir='ltr'><strong>quod</strong></span> <span class='ocrx_word' id='word_1_666' title='bbox 2976 3401 3181 3458; x_wconf 85' lang='lat' dir='ltr'><strong>monet,</strong></span> <span class='ocrx_word' id='word_1_667' title='bbox 3214 3392 3354 3462; x_wconf 89' lang='lat' dir='ltr'><strong>quod</strong></span> <span class='ocrx_word' id='word_1_668' title='bbox 3384 3408 3519 3463; x_wconf 67' lang='lat' dir='ltr'><strong>prae-</strong></span> 
     </span>
    </p>
   </div>
   <div class='ocr_carea' id='block_1_79' title="bbox 1914 3481 3516 3557">
    <p class='ocr_par' dir='ltr' id='par_1_79' title="bbox 1914 3481 3516 3557">
     <span class='ocr_line' id='line_1_79' title="bbox 1914 3481 3516 3557; baseline 0 -19"><span class='ocrx_word' id='word_1_669' title='bbox 1914 3482 2153 3553; x_wconf 89' lang='lat' dir='ltr'><strong>cipuum,</strong></span> <span class='ocrx_word' id='word_1_670' title='bbox 2181 3482 2323 3553; x_wconf 89' lang='lat' dir='ltr'><strong>quod</strong></span> <span class='ocrx_word' id='word_1_671' title='bbox 2352 3483 2664 3549; x_wconf 88' lang='lat' dir='ltr'><strong>vehemens,</strong></span> <span class='ocrx_word' id='word_1_672' title='bbox 2693 3497 2817 3537; x_wconf 89' lang='lat' dir='ltr'><strong>cum</strong></span> <span class='ocrx_word' id='word_1_673' title='bbox 2845 3482 2977 3537; x_wconf 89' lang='lat' dir='ltr'><strong>dicit</strong></span> <span class='ocrx_word' id='word_1_674' title='bbox 3006 3501 3018 3535; x_wconf 91' lang='lat'>:</span> <span class='ocrx_word' id='word_1_675' title='bbox 3045 3481 3160 3557; x_wconf 68' lang='lat' dir='ltr'><strong>Hoc</strong></span> <span class='ocrx_word' id='word_1_676' title='bbox 3179 3484 3314 3536; x_wconf 85' lang='lat' dir='ltr'><strong>idem</strong></span> <span class='ocrx_word' id='word_1_677' title='bbox 3341 3500 3433 3538; x_wconf 88' lang='lat' dir='ltr'><strong>nos</strong></span> <span class='ocrx_word' id='word_1_678' title='bbox 3462 3484 3516 3538; x_wconf 84' lang='lat' dir='ltr'><strong>in</strong></span> 
     </span>
    </p>
   </div>
   <div class='ocr_carea' id='block_1_80' title="bbox 1916 3576 3511 3650">
    <p class='ocr_par' dir='ltr' id='par_1_80' title="bbox 1916 3576 3511 3650">
     <span class='ocr_line' id='line_1_80' title="bbox 1916 3576 3511 3650; baseline 0.001 -19"><span class='ocrx_word' id='word_1_679' title='bbox 1916 3578 2103 3632; x_wconf 85' lang='lat' dir='ltr'><strong>nostris</strong></span> <span class='ocrx_word' id='word_1_680' title='bbox 2145 3578 2374 3632; x_wconf 87' lang='lat' dir='ltr'><strong>sensibus</strong></span> <span class='ocrx_word' id='word_1_681' title='bbox 2429 3578 2703 3633; x_wconf 85' lang='lat' dir='ltr'><strong>habeamus</strong></span> <span class='ocrx_word' id='word_1_682' title='bbox 2724 3620 2739 3646; x_wconf 95' lang='lat'><strong>,</strong></span> <span class='ocrx_word' id='word_1_683' title='bbox 2774 3577 2909 3650; x_wconf 87' lang='lat' dir='ltr'><strong>quod</strong></span> <span class='ocrx_word' id='word_1_684' title='bbox 2944 3587 2990 3633; x_wconf 87' lang='lat' dir='ltr'><strong>et</strong></span> <span class='ocrx_word' id='word_1_685' title='bbox 3036 3579 3091 3632; x_wconf 89' lang='lat' dir='ltr'><strong>in</strong></span> <span class='ocrx_word' id='word_1_686' title='bbox 3126 3576 3330 3634; x_wconf 83' lang='lat' dir='ltr'><strong>Christo</strong></span> <span class='ocrx_word' id='word_1_687' title='bbox 3363 3576 3511 3634; x_wconf 76' lang='lat' dir='ltr'><strong>Iesu.</strong></span> 
     </span>
    </p>
   </div>
   <div class='ocr_carea' id='block_1_81' title="bbox 1915 3671 3521 3746">
    <p class='ocr_par' dir='ltr' id='par_1_81' title="bbox 1915 3671 3521 3746">
     <span class='ocr_line' id='line_1_81' title="bbox 1915 3671 3521 3746; baseline 0.003 -20"><span class='ocrx_word' id='word_1_688' title='bbox 1915 3673 2054 3742; x_wconf 84' lang='lat' dir='ltr'><strong>Quid</strong></span> <span class='ocrx_word' id='word_1_689' title='bbox 2085 3674 2226 3728; x_wconf 89' lang='lat' dir='ltr'><strong>istud</strong></span> <span class='ocrx_word' id='word_1_690' title='bbox 2252 3683 2372 3741; x_wconf 89' lang='lat' dir='ltr'><strong>est,</strong></span> <span class='ocrx_word' id='word_1_691' title='bbox 2420 3671 2537 3726; x_wconf 85' lang='lat' dir='ltr'><strong>Hoc</strong></span> <span class='ocrx_word' id='word_1_692' title='bbox 2579 3675 2758 3728; x_wconf 86' lang='lat' dir='ltr'><strong>sentite</strong></span> <span class='ocrx_word' id='word_1_693' title='bbox 2799 3675 2853 3727; x_wconf 90' lang='lat' dir='ltr'><strong>in</strong></span> <span class='ocrx_word' id='word_1_694' title='bbox 2892 3673 3029 3728; x_wconf 82' lang='lat' dir='ltr'><strong>vobis</strong></span> <span class='ocrx_word' id='word_1_695' title='bbox 3056 3675 3196 3746; x_wconf 87' lang='lat' dir='ltr'><strong>quod</strong></span> <span class='ocrx_word' id='word_1_696' title='bbox 3222 3675 3417 3729; x_wconf 90' lang='lat' dir='ltr'><strong>sentitis</strong></span> <span class='ocrx_word' id='word_1_697' title='bbox 3464 3676 3521 3731; x_wconf 87' lang='lat' dir='ltr'><strong>in</strong></span> 
     </span>
    </p>
   </div>
   <div class='ocr_carea' id='block_1_82' title="bbox 1916 3770 3519 3847">
    <p class='ocr_par' dir='ltr' id='par_1_82' title="bbox 1916 3770 3519 3847">
     <span class='ocr_line' id='line_1_82' title="bbox 1916 3770 3519 3847; baseline 0 -19"><span class='ocrx_word' id='word_1_698' title='bbox 1916 3770 2120 3828; x_wconf 85' lang='lat' dir='ltr'><strong>Christo</strong></span> <span class='ocrx_word' id='word_1_699' title='bbox 2143 3772 2301 3839; x_wconf 82' lang='lat' dir='ltr'><strong>Jesu;</strong></span> <span class='ocrx_word' id='word_1_700' title='bbox 2322 3774 2441 3845; x_wconf 89' lang='lat' dir='ltr'><strong>ipse</strong></span> <span class='ocrx_word' id='word_1_701' title='bbox 2467 3774 2687 3843; x_wconf 79' lang='lat' dir='ltr'><strong>exponit</strong></span> <span class='ocrx_word' id='word_1_702' title='bbox 2716 3784 2769 3830; x_wconf 91' lang='lat' dir='ltr'><strong>et</strong></span> <span class='ocrx_word' id='word_1_703' title='bbox 2797 3776 3048 3847; x_wconf 85' lang='lat' dir='ltr'><strong>explicat.</strong></span> <span class='ocrx_word' id='word_1_704' title='bbox 3086 3772 3299 3829; x_wconf 89' lang='lat' dir='ltr'><strong>Etenim</strong></span> <span class='ocrx_word' id='word_1_705' title='bbox 3338 3771 3382 3826; x_wconf 89' lang='lat' dir='ltr'><strong>si</strong></span> <span class='ocrx_word' id='word_1_706' title='bbox 3415 3771 3519 3828; x_wconf 83' lang='lat' dir='ltr'><strong>hoc</strong></span> 
     </span>
    </p>
   </div>
   <div class='ocr_carea' id='block_1_83' title="bbox 1917 3865 3518 3942">
    <p class='ocr_par' dir='ltr' id='par_1_83' title="bbox 1917 3865 3518 3942">
     <span class='ocr_line' id='line_1_83' title="bbox 1917 3865 3518 3942; baseline 0.003 -20"><span class='ocrx_word' id='word_1_707' title='bbox 1917 3867 2181 3922; x_wconf 89' lang='lat' dir='ltr'><strong>sentimus</strong></span> <span class='ocrx_word' id='word_1_708' title='bbox 2216 3865 2269 3921; x_wconf 92' lang='lat' dir='ltr'><strong>in</strong></span> <span class='ocrx_word' id='word_1_709' title='bbox 2299 3868 2517 3922; x_wconf 88' lang='lat' dir='ltr'><strong>Christo</strong></span> <span class='ocrx_word' id='word_1_710' title='bbox 2545 3867 2705 3934; x_wconf 84' lang='lat' dir='ltr'><strong>Jesu,</strong></span> <span class='ocrx_word' id='word_1_711' title='bbox 2732 3870 2854 3940; x_wconf 89' lang='lat' dir='ltr'><strong>quia</strong></span> <span class='ocrx_word' id='word_1_712' title='bbox 2890 3871 3005 3942; x_wconf 88' lang='lat' dir='ltr'><strong>ipse</strong></span> <span class='ocrx_word' id='word_1_713' title='bbox 3054 3872 3225 3942; x_wconf 88' lang='lat' dir='ltr'><strong>magis</strong></span> <span class='ocrx_word' id='word_1_714' title='bbox 3263 3870 3331 3926; x_wconf 89' lang='lat' dir='ltr'><strong>de</strong></span> <span class='ocrx_word' id='word_1_715' title='bbox 3360 3871 3481 3927; x_wconf 89' lang='lat' dir='ltr'><strong>aliis</strong></span> <span class='ocrx_word' id='word_1_716' title='bbox 3502 3913 3518 3941; x_wconf 94' lang='lat'><strong>,</strong></span> 
     </span>
    </p>
   </div>
   <div class='ocr_carea' id='block_1_84' title="bbox 1916 3960 3522 4037">
    <p class='ocr_par' dir='ltr' id='par_1_84' title="bbox 1916 3960 3522 4037">
     <span class='ocr_line' id='line_1_84' title="bbox 1916 3960 3522 4037; baseline 0.003 -22"><span class='ocrx_word' id='word_1_717' title='bbox 1916 3960 1970 4016; x_wconf 90' lang='lat' dir='ltr'><strong>id</strong></span> <span class='ocrx_word' id='word_1_718' title='bbox 1993 3970 2075 4016; x_wconf 91' lang='lat' dir='ltr'><strong>est</strong></span> <span class='ocrx_word' id='word_1_719' title='bbox 2103 3960 2171 4016; x_wconf 92' lang='lat' dir='ltr'><strong>de</strong></span> <span class='ocrx_word' id='word_1_720' title='bbox 2201 3960 2357 4015; x_wconf 86' lang='lat' dir='ltr'><strong>nobis</strong></span> <span class='ocrx_word' id='word_1_721' title='bbox 2383 3977 2568 4017; x_wconf 90' lang='lat' dir='ltr'><strong>curam</strong></span> <span class='ocrx_word' id='word_1_722' title='bbox 2597 3965 2781 4035; x_wconf 88' lang='lat' dir='ltr'><strong>gessit,</strong></span> <span class='ocrx_word' id='word_1_723' title='bbox 2821 3980 2926 4021; x_wconf 92' lang='lat' dir='ltr'><strong>non</strong></span> <span class='ocrx_word' id='word_1_724' title='bbox 2955 3965 3022 4022; x_wconf 90' lang='lat' dir='ltr'><strong>de</strong></span> <span class='ocrx_word' id='word_1_725' title='bbox 3044 3980 3125 4033; x_wconf 91' lang='lat' dir='ltr'><strong>se,</strong></span> <span class='ocrx_word' id='word_1_726' title='bbox 3150 3982 3324 4037; x_wconf 90' lang='lat' dir='ltr'><strong>neque</strong></span> <span class='ocrx_word' id='word_1_727' title='bbox 3358 3968 3426 4021; x_wconf 89' lang='lat' dir='ltr'><strong>de</strong></span> <span class='ocrx_word' id='word_1_728' title='bbox 3455 3980 3522 4022; x_wconf 92' lang='lat' dir='ltr'><strong>eo</strong></span> 
     </span>
    </p>
   </div>
   <div class='ocr_carea' id='block_1_85' title="bbox 1918 4055 3519 4130">
    <p class='ocr_par' dir='ltr' id='par_1_85' title="bbox 1918 4055 3519 4130">
     <span class='ocr_line' id='line_1_85' title="bbox 1918 4055 3519 4130; baseline 0.004 -21"><span class='ocrx_word' id='word_1_729' title='bbox 1918 4055 2062 4128; x_wconf 89' lang='lat' dir='ltr'><strong>quod</strong></span> <span class='ocrx_word' id='word_1_730' title='bbox 2092 4056 2208 4126; x_wconf 90' lang='lat' dir='ltr'><strong>ipse</strong></span> <span class='ocrx_word' id='word_1_731' title='bbox 2236 4064 2418 4127; x_wconf 84' lang='lat' dir='ltr'><strong>posset</strong></span> <span class='ocrx_word' id='word_1_732' title='bbox 2443 4067 2535 4112; x_wconf 93' lang='lat' dir='ltr'><strong>aut</strong></span> <span class='ocrx_word' id='word_1_733' title='bbox 2562 4068 2791 4130; x_wconf 90' lang='lat' dir='ltr'><strong>poterat,</strong></span> <span class='ocrx_word' id='word_1_734' title='bbox 2818 4069 2908 4113; x_wconf 92' lang='lat' dir='ltr'><strong>aut</strong></span> <span class='ocrx_word' id='word_1_735' title='bbox 2935 4067 3131 4129; x_wconf 90' lang='lat' dir='ltr'><strong>potest,</strong></span> <span class='ocrx_word' id='word_1_736' title='bbox 3153 4059 3248 4114; x_wconf 91' lang='lat' dir='ltr'><strong>sed</strong></span> <span class='ocrx_word' id='word_1_737' title='bbox 3271 4059 3340 4115; x_wconf 91' lang='lat' dir='ltr'><strong>de</strong></span> <span class='ocrx_word' id='word_1_738' title='bbox 3362 4059 3519 4116; x_wconf 87' lang='lat' dir='ltr'><strong>nobis</strong></span> 
     </span>
    </p>
   </div>
   <div class='ocr_carea' id='block_1_86' title="bbox 1920 4135 3515 4226">
    <p class='ocr_par' dir='ltr' id='par_1_86' title="bbox 1920 4135 3515 4226">
     <span class='ocr_line' id='line_1_86' title="bbox 1920 4135 3515 4226; baseline 0 -17"><span class='ocrx_word' id='word_1_739' title='bbox 1920 4155 2099 4225; x_wconf 89' lang='lat' dir='ltr'><strong>potius</strong></span> <span class='ocrx_word' id='word_1_740' title='bbox 2126 4155 2398 4226; x_wconf 84' lang='lat' dir='ltr'><strong>cogitavit.</strong></span> <span class='ocrx_word' id='word_1_741' title='bbox 2432 4135 2545 4211; x_wconf 76' lang='lat' dir='ltr'><strong>Hoc</strong></span> <span class='ocrx_word' id='word_1_742' title='bbox 2573 4163 2656 4210; x_wconf 92' lang='lat' dir='ltr'><strong>est</strong></span> <span class='ocrx_word' id='word_1_743' title='bbox 2681 4154 2825 4226; x_wconf 91' lang='lat' dir='ltr'><strong>qnod</strong></span> <span class='ocrx_word' id='word_1_744' title='bbox 2860 4169 3021 4224; x_wconf 89' lang='lat' dir='ltr'><strong>supra</strong></span> <span class='ocrx_word' id='word_1_745' title='bbox 3047 4155 3217 4221; x_wconf 80' lang='lat' dir='ltr'><strong>dixit,</strong></span> <span class='ocrx_word' id='word_1_746' title='bbox 3248 4154 3344 4210; x_wconf 91' lang='lat' dir='ltr'><strong>sed</strong></span> <span class='ocrx_word' id='word_1_747' title='bbox 3375 4154 3515 4209; x_wconf 89' lang='lat' dir='ltr'><strong>alio-</strong></span> 
     </span>
    </p>
   </div>
   <div class='ocr_carea' id='block_1_87' title="bbox 1919 4246 3523 4319">
    <p class='ocr_par' dir='ltr' id='par_1_87' title="bbox 1919 4246 3523 4319">
     <span class='ocr_line' id='line_1_87' title="bbox 1919 4246 3523 4319; baseline 0 -18"><span class='ocrx_word' id='word_1_748' title='bbox 1919 4261 2037 4301; x_wconf 91' lang='lat' dir='ltr'><strong>rum</strong></span> <span class='ocrx_word' id='word_1_749' title='bbox 2067 4247 2261 4317; x_wconf 90' lang='lat' dir='ltr'><strong>singuli</strong></span> <span class='ocrx_word' id='word_1_750' title='bbox 2283 4261 2466 4303; x_wconf 90' lang='lat' dir='ltr'><strong>curam</strong></span> <span class='ocrx_word' id='word_1_751' title='bbox 2489 4262 2738 4319; x_wconf 89' lang='lat' dir='ltr'><strong>geramus</strong></span> <span class='ocrx_word' id='word_1_752' title='bbox 2764 4263 2778 4299; x_wconf 88' lang='lat'><strong>:</strong></span> <span class='ocrx_word' id='word_1_753' title='bbox 2801 4246 3001 4301; x_wconf 90' lang='lat' dir='ltr'><strong>etenim</strong></span> <span class='ocrx_word' id='word_1_754' title='bbox 3052 4247 3309 4301; x_wconf 91' lang='lat' dir='ltr'><strong>Dominus</strong></span> <span class='ocrx_word' id='word_1_755' title='bbox 3337 4254 3523 4303; x_wconf 92' lang='lat' dir='ltr'><strong>noster</strong></span> 
     </span>
    </p>
   </div>
   <div class='ocr_carea' id='block_1_88' title="bbox 1920 4336 3519 4411">
    <p class='ocr_par' dir='ltr' id='par_1_88' title="bbox 1920 4336 3519 4411">
     <span class='ocr_line' id='line_1_88' title="bbox 1920 4336 3519 4411; baseline 0.001 -17"><span class='ocrx_word' id='word_1_756' title='bbox 1920 4336 2162 4394; x_wconf 74' lang='lat' dir='ltr'><strong>Christus</strong></span> <span class='ocrx_word' id='word_1_757' title='bbox 2178 4339 2446 4407; x_wconf 89' lang='lat' dir='ltr'><strong>Salvator,</strong></span> <span class='ocrx_word' id='word_1_758' title='bbox 2476 4340 2659 4411; x_wconf 89' lang='lat' dir='ltr'><strong>utique</strong></span> <span class='ocrx_word' id='word_1_759' title='bbox 2681 4354 2803 4394; x_wconf 92' lang='lat' dir='ltr'><strong>cum</strong></span> <span class='ocrx_word' id='word_1_760' title='bbox 2823 4338 3071 4395; x_wconf 85' lang='lat' dir='ltr'><strong>Salvator</strong></span> <span class='ocrx_word' id='word_1_761' title='bbox 3091 4346 3255 4405; x_wconf 89' lang='lat' dir='ltr'><strong>esset,</strong></span> <span class='ocrx_word' id='word_1_762' title='bbox 3282 4339 3405 4395; x_wconf 89' lang='lat' dir='ltr'><strong>aliis</strong></span> <span class='ocrx_word' id='word_1_763' title='bbox 3430 4356 3519 4395; x_wconf 85' lang='lat' dir='ltr'><strong>sa-</strong></span> 
     </span>
    </p>
   </div>
   <div class='ocr_carea' id='block_1_89' title="bbox 1917 4432 3523 4505">
    <p class='ocr_par' dir='ltr' id='par_1_89' title="bbox 1917 4432 3523 4505">
     <span class='ocr_line' id='line_1_89' title="bbox 1917 4432 3523 4505; baseline -0.001 -14"><span class='ocrx_word' id='word_1_764' title='bbox 1917 4433 2086 4491; x_wconf 91' lang='lat' dir='ltr'><strong>lutem</strong></span> <span class='ocrx_word' id='word_1_765' title='bbox 2115 4432 2295 4488; x_wconf 90' lang='lat' dir='ltr'><strong>attulit</strong></span> <span class='ocrx_word' id='word_1_766' title='bbox 2324 4451 2337 4487; x_wconf 89' lang='lat'><strong>:</strong></span> <span class='ocrx_word' id='word_1_767' title='bbox 2361 4443 2417 4490; x_wconf 90' lang='lat' dir='ltr'><strong>et</strong></span> <span class='ocrx_word' id='word_1_768' title='bbox 2457 4433 2910 4505; x_wconf 89' lang='lat' dir='ltr'><strong>quemadmodum</strong></span> <span class='ocrx_word' id='word_1_769' title='bbox 2938 4448 3046 4490; x_wconf 91' lang='lat' dir='ltr'><strong>non</strong></span> <span class='ocrx_word' id='word_1_770' title='bbox 3085 4433 3245 4490; x_wconf 91' lang='lat' dir='ltr'><strong>modo</strong></span> <span class='ocrx_word' id='word_1_771' title='bbox 3270 4434 3523 4504; x_wconf 85' lang='lat' dir='ltr'><strong>benigni—</strong></span> 
     </span>
    </p>
   </div>
   <div class='ocr_carea' id='block_1_90' title="bbox 1922 4526 3520 4597">
    <p class='ocr_par' dir='ltr' id='par_1_90' title="bbox 1922 4526 3520 4597">
     <span class='ocr_line' id='line_1_90' title="bbox 1922 4526 3520 4597; baseline -0.001 -15"><span class='ocrx_word' id='word_1_772' title='bbox 1922 4536 2032 4583; x_wconf 92' lang='lat' dir='ltr'><strong>tate</strong></span> <span class='ocrx_word' id='word_1_773' title='bbox 2078 4536 2282 4583; x_wconf 91' lang='lat' dir='ltr'><strong>tantum</strong></span> <span class='ocrx_word' id='word_1_774' title='bbox 2325 4541 2493 4595; x_wconf 90' lang='lat' dir='ltr'><strong>usus,</strong></span> <span class='ocrx_word' id='word_1_775' title='bbox 2523 4542 2698 4597; x_wconf 88' lang='lat' dir='ltr'><strong>neque</strong></span> <span class='ocrx_word' id='word_1_776' title='bbox 2745 4526 2955 4597; x_wconf 83' lang='lat' dir='ltr'><strong>fulgens</strong></span> <span class='ocrx_word' id='word_1_777' title='bbox 3000 4541 3093 4581; x_wconf 90' lang='lat' dir='ltr'><strong>sua</strong></span> <span class='ocrx_word' id='word_1_778' title='bbox 3147 4526 3520 4582; x_wconf 87' lang='lat' dir='ltr'><strong>benevolentia</strong></span> 
     </span>
    </p>
   </div>
   <div class='ocr_carea' id='block_1_91' title="bbox 206 4601 1815 4691">
    <p class='ocr_par' dir='ltr' id='par_1_91' title="bbox 206 4605 1815 4681">
     <span class='ocr_line' id='line_1_91' title="bbox 206 4605 1815 4681; baseline -0.001 -18"><span class='ocrx_word' id='word_1_779' title='bbox 206 4609 306 4681; x_wconf 90' lang='lat' dir='ltr'><strong>qui</strong></span> <span class='ocrx_word' id='word_1_780' title='bbox 334 4623 456 4665; x_wconf 90' lang='lat' dir='ltr'><strong>esse</strong></span> <span class='ocrx_word' id='word_1_781' title='bbox 482 4607 709 4675; x_wconf 91' lang='lat' dir='ltr'><strong>debeat,</strong></span> <span class='ocrx_word' id='word_1_782' title='bbox 752 4606 839 4662; x_wconf 92' lang='lat' dir='ltr'><strong>vel</strong></span> <span class='ocrx_word' id='word_1_783' title='bbox 880 4605 1058 4679; x_wconf 91' lang='lat' dir='ltr'><strong>potius</strong></span> <span class='ocrx_word' id='word_1_784' title='bbox 1086 4606 1176 4678; x_wconf 91' lang='lat' dir='ltr'><strong>qui</strong></span> <span class='ocrx_word' id='word_1_785' title='bbox 1220 4621 1327 4661; x_wconf 91' lang='lat' dir='ltr'><strong>non</strong></span> <span class='ocrx_word' id='word_1_786' title='bbox 1351 4621 1509 4662; x_wconf 90' lang='lat' dir='ltr'><strong>esse:</strong></span> <span class='ocrx_word' id='word_1_787' title='bbox 1538 4606 1704 4673; x_wconf 87' lang='lat' dir='ltr'><strong>nihil,</strong></span> <span class='ocrx_word' id='word_1_788' title='bbox 1738 4607 1815 4662; x_wconf 91' lang='lat' dir='ltr'><strong>in-</strong></span> 
     </span>
    </p>
   </div>
   <div class='ocr_carea' id='block_1_92' title="bbox 1920 4601 3518 4691">
    <p class='ocr_par' dir='ltr' id='par_1_92' title="bbox 1922 4619 3518 4691">
     <span class='ocr_line' id='line_1_92' title="bbox 1922 4619 3518 4691; baseline 0 -14"><span class='ocrx_word' id='word_1_789' title='bbox 1922 4636 2017 4677; x_wconf 91' lang='lat' dir='ltr'><strong>sua</strong></span> <span class='ocrx_word' id='word_1_790' title='bbox 2041 4621 2160 4677; x_wconf 90' lang='lat' dir='ltr'><strong>luce</strong></span> <span class='ocrx_word' id='word_1_791' title='bbox 2186 4624 2347 4677; x_wconf 84' lang='lat' dir='ltr'><strong>vestit</strong></span> <span class='ocrx_word' id='word_1_792' title='bbox 2372 4633 2425 4677; x_wconf 88' lang='lat' dir='ltr'><strong>et</strong></span> <span class='ocrx_word' id='word_1_793' title='bbox 2455 4623 2606 4689; x_wconf 85' lang='lat' dir='ltr'><strong>texit,</strong></span> <span class='ocrx_word' id='word_1_794' title='bbox 2637 4632 2798 4691; x_wconf 90' lang='lat' dir='ltr'><strong>atque</strong></span> <span class='ocrx_word' id='word_1_795' title='bbox 2818 4619 2885 4675; x_wconf 90' lang='lat' dir='ltr'><strong>ad</strong></span> <span class='ocrx_word' id='word_1_796' title='bbox 2911 4636 2971 4675; x_wconf 90' lang='lat' dir='ltr'><strong>se</strong></span> <span class='ocrx_word' id='word_1_797' title='bbox 2992 4620 3319 4691; x_wconf 89' lang='lat' dir='ltr'><strong>benignitate</strong></span> <span class='ocrx_word' id='word_1_798' title='bbox 3345 4621 3518 4677; x_wconf 84' lang='lat' dir='ltr'><strong>inlusa</strong></span> 
     </span>
    </p>
   </div>
   <div class='ocr_carea' id='block_1_93' title="bbox 206 4698 1821 4775">
    <p class='ocr_par' dir='ltr' id='par_1_93' title="bbox 206 4698 1821 4775">
     <span class='ocr_line' id='line_1_93' title="bbox 206 4698 1821 4775; baseline 0.001 -20"><span class='ocrx_word' id='word_1_799' title='bbox 206 4702 352 4775; x_wconf 89' lang='lat' dir='ltr'><strong>quit,</strong></span> <span class='ocrx_word' id='word_1_800' title='bbox 376 4718 469 4774; x_wconf 84' lang='lat' dir='ltr'><strong>per</strong></span> <span class='ocrx_word' id='word_1_801' title='bbox 510 4702 899 4757; x_wconf 88' lang='lat' dir='ltr'><strong>contentionem.</strong></span> <span class='ocrx_word' id='word_1_802' title='bbox 948 4699 1099 4756; x_wconf 81' lang='lat' dir='ltr'><strong>Multi</strong></span> <span class='ocrx_word' id='word_1_803' title='bbox 1144 4698 1287 4756; x_wconf 86' lang='lat' dir='ltr'><strong>enim</strong></span> <span class='ocrx_word' id='word_1_804' title='bbox 1326 4700 1689 4758; x_wconf 90' lang='lat' dir='ltr'><strong>contendendi</strong></span> <span class='ocrx_word' id='word_1_805' title='bbox 1734 4702 1821 4758; x_wconf 85' lang='lat' dir='ltr'><strong>vel</strong></span> 
     </span>
    </p>
   </div>
   <div class='ocr_carea' id='block_1_94' title="bbox 211 4792 1823 4868">
    <p class='ocr_par' dir='ltr' id='par_1_94' title="bbox 211 4792 1823 4868">
     <span class='ocr_line' id='line_1_94' title="bbox 211 4792 1823 4868; baseline -0.002 -15"><span class='ocrx_word' id='word_1_806' title='bbox 211 4795 596 4853; x_wconf 85' lang='lat' dir='ltr'><strong>necessitatem</strong></span> <span class='ocrx_word' id='word_1_807' title='bbox 623 4794 823 4849; x_wconf 89' lang='lat' dir='ltr'><strong>habent</strong></span> <span class='ocrx_word' id='word_1_808' title='bbox 860 4792 945 4849; x_wconf 89' lang='lat' dir='ltr'><strong>vel</strong></span> <span class='ocrx_word' id='word_1_809' title='bbox 967 4792 1320 4849; x_wconf 88' lang='lat' dir='ltr'><strong>voluntatem.</strong></span> <span class='ocrx_word' id='word_1_810' title='bbox 1352 4794 1644 4867; x_wconf 76' lang='lat' dir='ltr'><strong>Utramque</strong></span> <span class='ocrx_word' id='word_1_811' title='bbox 1663 4796 1823 4868; x_wconf 91' lang='lat' dir='ltr'><strong>igitur</strong></span> 
     </span>
    </p>
   </div>
   <div class='ocr_carea' id='block_1_95' title="bbox 210 4887 1819 4957">
    <p class='ocr_par' dir='ltr' id='par_1_95' title="bbox 210 4887 1819 4957">
     <span class='ocr_line' id='line_1_95' title="bbox 210 4887 1819 4957; baseline -0.001 -11"><span class='ocrx_word' id='word_1_812' title='bbox 210 4887 623 4949; x_wconf 82' lang='lat' dir='ltr'><strong>contentionem</strong></span> <span class='ocrx_word' id='word_1_813' title='bbox 648 4889 793 4957; x_wconf 88' lang='lat' dir='ltr'><strong>tulit,</strong></span> <span class='ocrx_word' id='word_1_814' title='bbox 820 4900 874 4944; x_wconf 93' lang='lat' dir='ltr'><strong>ut</strong></span> <span class='ocrx_word' id='word_1_815' title='bbox 905 4888 1200 4945; x_wconf 88' lang='lat' dir='ltr'><strong>necessitas</strong></span> <span class='ocrx_word' id='word_1_816' title='bbox 1226 4903 1332 4944; x_wconf 93' lang='lat' dir='ltr'><strong>non</strong></span> <span class='ocrx_word' id='word_1_817' title='bbox 1362 4889 1435 4945; x_wconf 93' lang='lat' dir='ltr'><strong>sit</strong></span> <span class='ocrx_word' id='word_1_818' title='bbox 1458 4888 1819 4946; x_wconf 86' lang='lat' dir='ltr'><strong>contendendi</strong></span> 
     </span>
    </p>
   </div>
   <div class='ocr_carea' id='block_1_96' title="bbox 213 4981 1818 5055">
    <p class='ocr_par' dir='ltr' id='par_1_96' title="bbox 213 4981 1818 5055">
     <span class='ocr_line' id='line_1_96' title="bbox 213 4981 1818 5055; baseline 0 -19"><span class='ocrx_word' id='word_1_819' title='bbox 213 4996 324 5037; x_wconf 89' lang='lat' dir='ltr'><strong>nec</strong></span> <span class='ocrx_word' id='word_1_820' title='bbox 353 4981 621 5037; x_wconf 89' lang='lat' dir='ltr'><strong>voluntas.</strong></span> <span class='ocrx_word' id='word_1_821' title='bbox 674 4982 883 5055; x_wconf 88' lang='lat' dir='ltr'><strong>Quippe</strong></span> <span class='ocrx_word' id='word_1_822' title='bbox 926 4996 1049 5036; x_wconf 92' lang='lat' dir='ltr'><strong>cum</strong></span> <span class='ocrx_word' id='word_1_823' title='bbox 1089 4991 1377 5053; x_wconf 91' lang='lat' dir='ltr'><strong>utrumque</strong></span> <span class='ocrx_word' id='word_1_824' title='bbox 1426 4982 1680 5037; x_wconf 90' lang='lat' dir='ltr'><strong>vitiosum</strong></span> <span class='ocrx_word' id='word_1_825' title='bbox 1726 4982 1818 5037; x_wconf 89' lang='lat' dir='ltr'><strong>sit.</strong></span> 
     </span>
    </p>
   </div>
   <div class='ocr_carea' id='block_1_97' title="bbox 206 5072 1823 5147">
    <p class='ocr_par' dir='ltr' id='par_1_97' title="bbox 206 5072 1823 5147">
     <span class='ocr_line' id='line_1_97' title="bbox 206 5072 1823 5147; baseline -0.002 -15"><span class='ocrx_word' id='word_1_826' title='bbox 206 5074 327 5132; x_wconf 82' lang='lat' dir='ltr'><strong>Alii</strong></span> <span class='ocrx_word' id='word_1_827' title='bbox 351 5073 668 5130; x_wconf 85' lang='lat' dir='ltr'><strong>curiositate</strong></span> <span class='ocrx_word' id='word_1_828' title='bbox 705 5075 757 5129; x_wconf 92' lang='lat' dir='ltr'><strong>in</strong></span> <span class='ocrx_word' id='word_1_829' title='bbox 799 5076 972 5147; x_wconf 90' lang='lat' dir='ltr'><strong>ipsam</strong></span> <span class='ocrx_word' id='word_1_830' title='bbox 1011 5072 1412 5129; x_wconf 85' lang='lat' dir='ltr'><strong>contentionem</strong></span> <span class='ocrx_word' id='word_1_831' title='bbox 1452 5073 1661 5128; x_wconf 90' lang='lat' dir='ltr'><strong>irruunt</strong></span> <span class='ocrx_word' id='word_1_832' title='bbox 1694 5073 1823 5129; x_wconf 89' lang='lat' dir='ltr'><strong>:alii</strong></span> 
     </span>
    </p>
   </div>
   <div class='ocr_carea' id='block_1_98' title="bbox 212 5165 1819 5236">
    <p class='ocr_par' dir='ltr' id='par_1_98' title="bbox 212 5165 1819 5236">
     <span class='ocr_line' id='line_1_98' title="bbox 212 5165 1819 5236; baseline 0 -15"><span class='ocrx_word' id='word_1_833' title='bbox 212 5176 413 5222; x_wconf 88' lang='lat' dir='ltr'><strong>natura</strong></span> <span class='ocrx_word' id='word_1_834' title='bbox 445 5166 577 5223; x_wconf 86' lang='lat' dir='ltr'><strong>tales</strong></span> <span class='ocrx_word' id='word_1_835' title='bbox 608 5176 753 5231; x_wconf 86' lang='lat' dir='ltr'><strong>sunt,</strong></span> <span class='ocrx_word' id='word_1_836' title='bbox 778 5175 836 5223; x_wconf 90' lang='lat' dir='ltr'><strong>ut</strong></span> <span class='ocrx_word' id='word_1_837' title='bbox 858 5166 1182 5224; x_wconf 88' lang='lat' dir='ltr'><strong>contentiosi</strong></span> <span class='ocrx_word' id='word_1_838' title='bbox 1208 5166 1315 5221; x_wconf 89' lang='lat' dir='ltr'><strong>sint</strong></span> <span class='ocrx_word' id='word_1_839' title='bbox 1342 5184 1356 5221; x_wconf 92' lang='lat'><strong>:</strong></span> <span class='ocrx_word' id='word_1_840' title='bbox 1382 5165 1504 5223; x_wconf 89' lang='lat' dir='ltr'><strong>ideo</strong></span> <span class='ocrx_word' id='word_1_841' title='bbox 1529 5166 1819 5236; x_wconf 87' lang='lat' dir='ltr'><strong>adjectum,</strong></span> 
     </span>
    </p>
   </div>
   <div class='ocr_carea' id='block_1_99' title="bbox 210 5257 1825 5332">
    <p class='ocr_par' dir='ltr' id='par_1_99' title="bbox 210 5257 1825 5332">
     <span class='ocr_line' id='line_1_99' title="bbox 210 5257 1825 5332; baseline 0 -18"><span class='ocrx_word' id='word_1_842' title='bbox 210 5259 355 5314; x_wconf 85' lang='lat' dir='ltr'><strong>nihil</strong></span> <span class='ocrx_word' id='word_1_843' title='bbox 380 5276 474 5332; x_wconf 82' lang='lat' dir='ltr'><strong>per</strong></span> <span class='ocrx_word' id='word_1_844' title='bbox 500 5260 893 5314; x_wconf 86' lang='lat' dir='ltr'><strong>contentionem.</strong></span> <span class='ocrx_word' id='word_1_845' title='bbox 927 5258 1131 5315; x_wconf 89' lang='lat' dir='ltr'><strong>Deinde</strong></span> <span class='ocrx_word' id='word_1_846' title='bbox 1168 5274 1356 5314; x_wconf 90' lang='lat' dir='ltr'><strong>rursus</strong></span> <span class='ocrx_word' id='word_1_847' title='bbox 1383 5258 1470 5312; x_wconf 87' lang='lat' dir='ltr'><strong>alii</strong></span> <span class='ocrx_word' id='word_1_848' title='bbox 1508 5258 1575 5313; x_wconf 88' lang='lat' dir='ltr'><strong>ad</strong></span> <span class='ocrx_word' id='word_1_849' title='bbox 1618 5257 1825 5329; x_wconf 87' lang='lat' dir='ltr'><strong>jactan-</strong></span> 
     </span>
    </p>
   </div>
   <div class='ocr_carea' id='block_1_100' title="bbox 211 5348 1823 5423">
    <p class='ocr_par' dir='ltr' id='par_1_100' title="bbox 211 5348 1823 5423">
     <span class='ocr_line' id='line_1_100' title="bbox 211 5348 1823 5423; baseline -0.003 -12"><span class='ocrx_word' id='word_1_850' title='bbox 211 5350 351 5413; x_wconf 84' lang='lat' dir='ltr'><strong>tiam</strong></span> <span class='ocrx_word' id='word_1_851' title='bbox 386 5349 491 5413; x_wconf 85' lang='lat' dir='ltr'><strong>hoc</strong></span> <span class='ocrx_word' id='word_1_852' title='bbox 519 5349 822 5423; x_wconf 86' lang='lat' dir='ltr'><strong>proferunt,</strong></span> <span class='ocrx_word' id='word_1_853' title='bbox 851 5359 910 5411; x_wconf 92' lang='lat' dir='ltr'><strong>ut</strong></span> <span class='ocrx_word' id='word_1_854' title='bbox 938 5349 1287 5421; x_wconf 89' lang='lat' dir='ltr'><strong>contendant,</strong></span> <span class='ocrx_word' id='word_1_855' title='bbox 1320 5358 1376 5406; x_wconf 91' lang='lat' dir='ltr'><strong>et</strong></span> <span class='ocrx_word' id='word_1_856' title='bbox 1415 5365 1570 5422; x_wconf 87' lang='lat' dir='ltr'><strong>pares</strong></span> <span class='ocrx_word' id='word_1_857' title='bbox 1594 5365 1716 5407; x_wconf 90' lang='lat' dir='ltr'><strong>esse</strong></span> <span class='ocrx_word' id='word_1_858' title='bbox 1747 5348 1823 5406; x_wconf 51' lang='lat' dir='ltr'><strong>vi-</strong></span> 
     </span>
    </p>
   </div>
   <div class='ocr_carea' id='block_1_101' title="bbox 296 5538 1321 5682">
    <p class='ocr_par' dir='ltr' id='par_1_101' title="bbox 296 5538 1321 5682">
     <span class='ocr_line' id='line_1_101' title="bbox 296 5538 1307 5681; baseline -0.005 -87"><span class='ocrx_word' id='word_1_859' title='bbox 296 5540 386 5681; x_wconf 46' lang='grc' dir='ltr'><strong>(ιζ</strong></span> <span class='ocrx_word' id='word_1_860' title='bbox 417 5539 494 5594; x_wconf 85' lang='lat' dir='ltr'><strong>Ita</strong></span> <span class='ocrx_word' id='word_1_861' title='bbox 521 5538 682 5595; x_wconf 88' lang='lat' dir='ltr'><strong>codd.</strong></span> <span class='ocrx_word' id='word_1_862' title='bbox 1303 5558 1307 5562; x_wconf 85' lang='lat'><strong><em>-</em></strong></span> 
     </span>
     <span class='ocr_line' id='line_1_102' title="bbox 303 5604 1321 5682; baseline -0.006 -17"><span class='ocrx_word' id='word_1_863' title='bbox 303 5610 363 5682; x_wconf 77' lang='lat'><strong>(2</strong></span> <span class='ocrx_word' id='word_1_864' title='bbox 415 5610 572 5665; x_wconf 86' lang='lat' dir='ltr'><strong>Num.</strong></span> <span class='ocrx_word' id='word_1_865' title='bbox 603 5624 702 5679; x_wconf 93' lang='lat' dir='ltr'><strong>pro</strong></span> <span class='ocrx_word' id='word_1_866' title='bbox 726 5607 1000 5682; x_wconf 75' lang='lat' dir='ltr'><strong>diversam,</strong></span> <span class='ocrx_word' id='word_1_867' title='bbox 1032 5614 1173 5682; x_wconf 26' lang='lat' dir='ltr'><strong>ut‘p.</strong></span> <span class='ocrx_word' id='word_1_868' title='bbox 1208 5604 1321 5661; x_wconf 73' lang='lat'><strong>54?</strong></span> 
     </span>
    </p>
   </div>
   <div class='ocr_carea' id='block_1_102' title="bbox 302 5677 1824 5756">
    <p class='ocr_par' dir='ltr' id='par_1_102' title="bbox 302 5677 1824 5756">
     <span class='ocr_line' id='line_1_103' title="bbox 302 5677 1824 5756; baseline -0.003 -17"><span class='ocrx_word' id='word_1_869' title='bbox 302 5677 391 5756; x_wconf 69' lang='grc' dir='ltr'><strong>(ὅ)</strong></span> <span class='ocrx_word' id='word_1_870' title='bbox 426 5682 500 5756; x_wconf 72' lang='lat' dir='ltr'><strong>ita</strong></span> <span class='ocrx_word' id='word_1_871' title='bbox 538 5677 762 5749; x_wconf 77' lang='lat' dir='ltr'><strong>prorsus</strong></span> <span class='ocrx_word' id='word_1_872' title='bbox 798 5688 881 5756; x_wconf 75' lang='lat' dir='ltr'><strong>est</strong></span> <span class='ocrx_word' id='word_1_873' title='bbox 910 5677 1200 5756; x_wconf 70' lang='lat' dir='ltr'><strong>ia_codd_.;</strong></span> <span class='ocrx_word' id='word_1_874' title='bbox 1245 5691 1314 5733; x_wconf 83' lang='lat' dir='ltr'><strong>ne</strong></span> <span class='ocrx_word' id='word_1_875' title='bbox 1342 5679 1463 5749; x_wconf 87' lang='lat' dir='ltr'><strong>quis</strong></span> <span class='ocrx_word' id='word_1_876' title='bbox 1490 5677 1628 5756; x_wconf 70' lang='lat' dir='ltr'><strong>forte</strong></span> <span class='ocrx_word' id='word_1_877' title='bbox 1654 5678 1824 5735; x_wconf 88' lang='lat' dir='ltr'><strong>lector</strong></span> 
     </span>
    </p>
   </div>
   <div class='ocr_carea' id='block_1_103' title="bbox 217 5747 1819 5832">
    <p class='ocr_par' dir='ltr' id='par_1_103' title="bbox 217 5747 1819 5832">
     <span class='ocr_line' id='line_1_104' title="bbox 217 5747 1819 5832; baseline -0.001 -23"><span class='ocrx_word' id='word_1_878' title='bbox 217 5747 613 5832; x_wconf 76' lang='lat' dir='ltr'><strong>obscuritatem</strong></span> <span class='ocrx_word' id='word_1_879' title='bbox 641 5748 880 5832; x_wconf 66' lang='lat' dir='ltr'><strong>auctoris</strong></span> <span class='ocrx_word' id='word_1_880' title='bbox 904 5747 1117 5832; x_wconf 45' lang='grc' dir='ltr'><strong>θέωσι-ἰ,</strong></span> <span class='ocrx_word' id='word_1_881' title='bbox 1149 5747 1420 5832; x_wconf 50' lang='lat' dir='ltr'><strong>imputet,</strong></span> <span class='ocrx_word' id='word_1_882' title='bbox 1438 5760 1552 5832; x_wconf 74' lang='lat' dir='ltr'><strong>tum</strong></span> <span class='ocrx_word' id='word_1_883' title='bbox 1568 5748 1678 5832; x_wconf 55' lang='lat' dir='ltr'><strong>hic,</strong></span> <span class='ocrx_word' id='word_1_884' title='bbox 1707 5760 1819 5809; x_wconf 86' lang='lat' dir='ltr'><strong>tum</strong></span> 
     </span>
    </p>
   </div>
   <div class='ocr_carea' id='block_1_104' title="bbox 218 5818 1653 5903">
    <p class='ocr_par' dir='ltr' id='par_1_104' title="bbox 218 5818 1653 5903">
     <span class='ocr_line' id='line_1_105' title="bbox 218 5818 1653 5903; baseline -0.005 -19"><span class='ocrx_word' id='word_1_885' title='bbox 218 5826 280 5887; x_wconf 84' lang='lat' dir='ltr'><strong>in</strong></span> <span class='ocrx_word' id='word_1_886' title='bbox 310 5840 426 5898; x_wconf 89' lang='lat' dir='ltr'><strong>seq.</strong></span> <span class='ocrx_word' id='word_1_887' title='bbox 460 5824 650 5903; x_wconf 86' lang='lat' dir='ltr'><strong>pagina</strong></span> <span class='ocrx_word' id='word_1_888' title='bbox 672 5832 725 5881; x_wconf 93' lang='lat' dir='ltr'><strong>et</strong></span> <span class='ocrx_word' id='word_1_889' title='bbox 754 5818 902 5878; x_wconf 92' lang='lat' dir='ltr'><strong>alibi.</strong></span> <span class='ocrx_word' id='word_1_890' title='bbox 929 5818 1171 5893; x_wconf 85' lang='lat' dir='ltr'><strong>Legesis,</strong></span> <span class='ocrx_word' id='word_1_891' title='bbox 1196 5818 1301 5877; x_wconf 83' lang='lat' dir='ltr'><strong>col.</strong></span> <span class='ocrx_word' id='word_1_892' title='bbox 1328 5821 1486 5893; x_wconf 77' lang='grc'><strong>1211,</strong></span> <span class='ocrx_word' id='word_1_893' title='bbox 1517 5837 1573 5877; x_wconf 93' lang='lat' dir='ltr'><strong>n.</strong></span> <span class='ocrx_word' id='word_1_894' title='bbox 1599 5820 1653 5877; x_wconf 74' lang='lat'><strong>2.</strong></span> 
     </span>
    </p>
   </div>
   <div class='ocr_carea' id='block_1_105' title="bbox 1922 4713 3518 4787">
    <p class='ocr_par' dir='ltr' id='par_1_105' title="bbox 1922 4713 3518 4787">
     <span class='ocr_line' id='line_1_106' title="bbox 1922 4713 3518 4787; baseline -0.001 -16"><span class='ocrx_word' id='word_1_895' title='bbox 1922 4724 1977 4771; x_wconf 89' lang='lat' dir='ltr'><strong>et</strong></span> <span class='ocrx_word' id='word_1_896' title='bbox 1995 4716 2278 4785; x_wconf 85' lang='lat' dir='ltr'><strong>majestate</strong></span> <span class='ocrx_word' id='word_1_897' title='bbox 2302 4716 2595 4770; x_wconf 86' lang='lat' dir='ltr'><strong>revocavit.</strong></span> <span class='ocrx_word' id='word_1_898' title='bbox 2617 4713 2687 4770; x_wconf 88' lang='lat' dir='ltr'><strong>Ut</strong></span> <span class='ocrx_word' id='word_1_899' title='bbox 2703 4729 2832 4785; x_wconf 89' lang='lat' dir='ltr'><strong>ergo</strong></span> <span class='ocrx_word' id='word_1_900' title='bbox 2852 4715 3022 4785; x_wconf 88' lang='lat' dir='ltr'><strong>magis</strong></span> <span class='ocrx_word' id='word_1_901' title='bbox 3043 4714 3361 4770; x_wconf 88' lang='lat' dir='ltr'><strong>beneficium</strong></span> <span class='ocrx_word' id='word_1_902' title='bbox 3381 4715 3518 4787; x_wconf 88' lang='lat' dir='ltr'><strong>ejus,</strong></span> 
     </span>
    </p>
   </div>
   <div class='ocr_carea' id='block_1_106' title="bbox 1923 4807 3522 4878">
    <p class='ocr_par' dir='ltr' id='par_1_106' title="bbox 1923 4807 3522 4878">
     <span class='ocr_line' id='line_1_107' title="bbox 1923 4807 3522 4878; baseline 0 -15"><span class='ocrx_word' id='word_1_903' title='bbox 1923 4818 1979 4865; x_wconf 87' lang='lat' dir='ltr'><strong>et</strong></span> <span class='ocrx_word' id='word_1_904' title='bbox 2009 4810 2299 4864; x_wconf 90' lang='lat' dir='ltr'><strong>maximum</strong></span> <span class='ocrx_word' id='word_1_905' title='bbox 2327 4823 2488 4863; x_wconf 85' lang='lat' dir='ltr'><strong>nosse</strong></span> <span class='ocrx_word' id='word_1_906' title='bbox 2522 4822 2837 4878; x_wconf 88' lang='lat' dir='ltr'><strong>possemus,</strong></span> <span class='ocrx_word' id='word_1_907' title='bbox 2862 4807 3157 4862; x_wconf 86' lang='lat' dir='ltr'><strong>exinanivit</strong></span> <span class='ocrx_word' id='word_1_908' title='bbox 3182 4848 3196 4874; x_wconf 96' lang='lat'><strong>,</strong></span> <span class='ocrx_word' id='word_1_909' title='bbox 3228 4807 3430 4876; x_wconf 80' lang='lat' dir='ltr'><strong>inquit,</strong></span> <span class='ocrx_word' id='word_1_910' title='bbox 3460 4822 3522 4863; x_wconf 88' lang='lat' dir='ltr'><strong>se</strong></span> 
     </span>
    </p>
   </div>
   <div class='ocr_carea' id='block_1_107' title="bbox 1923 4898 3519 4970">
    <p class='ocr_par' dir='ltr' id='par_1_107' title="bbox 1923 4898 3519 4970">
     <span class='ocr_line' id='line_1_108' title="bbox 1923 4898 3519 4970; baseline 0 -15"><span class='ocrx_word' id='word_1_911' title='bbox 1923 4910 2088 4970; x_wconf 87' lang='lat' dir='ltr'><strong>atque</strong></span> <span class='ocrx_word' id='word_1_912' title='bbox 2103 4900 2248 4955; x_wconf 89' lang='lat' dir='ltr'><strong>omni</strong></span> <span class='ocrx_word' id='word_1_913' title='bbox 2270 4899 2419 4955; x_wconf 85' lang='lat' dir='ltr'><strong>exuit</strong></span> <span class='ocrx_word' id='word_1_914' title='bbox 2444 4900 2750 4968; x_wconf 83' lang='lat' dir='ltr'><strong>majestate,</strong></span> <span class='ocrx_word' id='word_1_915' title='bbox 2770 4906 2829 4954; x_wconf 88' lang='lat' dir='ltr'><strong>ut</strong></span> <span class='ocrx_word' id='word_1_916' title='bbox 2854 4898 2907 4953; x_wconf 90' lang='lat' dir='ltr'><strong>in</strong></span> <span class='ocrx_word' id='word_1_917' title='bbox 2930 4913 3148 4954; x_wconf 85' lang='lat' dir='ltr'><strong>carnem</strong></span> <span class='ocrx_word' id='word_1_918' title='bbox 3162 4898 3519 4967; x_wconf 83' lang='lat' dir='ltr'><strong>descendens,</strong></span> 
     </span>
    </p>
   </div>
   <div class='ocr_carea' id='block_1_108' title="bbox 1925 4994 3518 5067">
    <p class='ocr_par' dir='ltr' id='par_1_108' title="bbox 1925 4994 3518 5067">
     <span class='ocr_line' id='line_1_109' title="bbox 1925 4994 3518 5067; baseline 0 -18"><span class='ocrx_word' id='word_1_919' title='bbox 1925 5006 1983 5049; x_wconf 89' lang='lat' dir='ltr'><strong>ut</strong></span> <span class='ocrx_word' id='word_1_920' title='bbox 2019 5010 2235 5051; x_wconf 89' lang='lat' dir='ltr'><strong>omnem</strong></span> <span class='ocrx_word' id='word_1_921' title='bbox 2274 4996 2420 5049; x_wconf 87' lang='lat' dir='ltr'><strong>illam</strong></span> <span class='ocrx_word' id='word_1_922' title='bbox 2463 4995 2774 5065; x_wconf 86' lang='lat' dir='ltr'><strong>patientiam</strong></span> <span class='ocrx_word' id='word_1_923' title='bbox 2819 4994 3135 5049; x_wconf 81' lang='lat' dir='ltr'><strong>humilitatis</strong></span> <span class='ocrx_word' id='word_1_924' title='bbox 3177 4995 3518 5067; x_wconf 75' lang='lat' dir='ltr'><strong>suscipiens,</strong></span> 
     </span>
    </p>
   </div>
   <div class='ocr_carea' id='block_1_109' title="bbox 1927 5077 3523 5157">
    <p class='ocr_par' dir='ltr' id='par_1_109' title="bbox 1927 5077 3523 5157">
     <span class='ocr_line' id='line_1_110' title="bbox 1927 5077 3523 5157; baseline -0.001 -15"><span class='ocrx_word' id='word_1_925' title='bbox 1927 5087 2083 5142; x_wconf 84' lang='lat' dir='ltr'><strong>nobis</strong></span> <span class='ocrx_word' id='word_1_926' title='bbox 2123 5096 2183 5142; x_wconf 89' lang='lat' dir='ltr'><strong>ut</strong></span> <span class='ocrx_word' id='word_1_927' title='bbox 2222 5086 2503 5156; x_wconf 86' lang='lat' dir='ltr'><strong>prodesset</strong></span> <span class='ocrx_word' id='word_1_928' title='bbox 2524 5077 2728 5153; x_wconf 87' lang='lat' dir='ltr'><strong>carne,</strong></span> <span class='ocrx_word' id='word_1_929' title='bbox 2758 5085 2979 5157; x_wconf 87' lang='lat' dir='ltr'><strong>injurias</strong></span> <span class='ocrx_word' id='word_1_930' title='bbox 3008 5085 3061 5140; x_wconf 94' lang='lat' dir='ltr'><strong>in</strong></span> <span class='ocrx_word' id='word_1_931' title='bbox 3089 5100 3253 5141; x_wconf 90' lang='lat' dir='ltr'><strong>carne</strong></span> <span class='ocrx_word' id='word_1_932' title='bbox 3277 5128 3291 5153; x_wconf 92' lang='lat'><strong>,</strong></span> <span class='ocrx_word' id='word_1_933' title='bbox 3324 5085 3523 5140; x_wconf 89' lang='lat' dir='ltr'><strong>deinde</strong></span> 
     </span>
    </p>
   </div>
   <div class='ocr_carea' id='block_1_110' title="bbox 1929 5176 3523 5251">
    <p class='ocr_par' dir='ltr' id='par_1_110' title="bbox 1929 5176 3523 5251">
     <span class='ocr_line' id='line_1_111' title="bbox 1929 5176 3523 5251; baseline -0.001 -16"><span class='ocrx_word' id='word_1_934' title='bbox 1929 5194 2144 5235; x_wconf 91' lang='lat' dir='ltr'><strong>crucem</strong></span> <span class='ocrx_word' id='word_1_935' title='bbox 2189 5187 2525 5251; x_wconf 88' lang='lat' dir='ltr'><strong>mortemque</strong></span> <span class='ocrx_word' id='word_1_936' title='bbox 2565 5180 2839 5236; x_wconf 74' lang='lat' dir='ltr'><strong>sustinuit.</strong></span> <span class='ocrx_word' id='word_1_937' title='bbox 2867 5182 2997 5247; x_wconf 77' lang='lat' dir='ltr'><strong>Qua:</strong></span> <span class='ocrx_word' id='word_1_938' title='bbox 3025 5180 3206 5235; x_wconf 88' lang='lat' dir='ltr'><strong>omnia</strong></span> <span class='ocrx_word' id='word_1_939' title='bbox 3247 5176 3442 5236; x_wconf 89' lang='lat' dir='ltr'><strong>docent</strong></span> <span class='ocrx_word' id='word_1_940' title='bbox 3467 5188 3523 5236; x_wconf 92' lang='lat' dir='ltr'><strong>et</strong></span> 
     </span>
    </p>
   </div>
   <div class='ocr_carea' id='block_1_111' title="bbox 1929 5272 3519 5347">
    <p class='ocr_par' dir='ltr' id='par_1_111' title="bbox 1929 5272 3519 5347">
     <span class='ocr_line' id='line_1_112' title="bbox 1929 5272 3519 5347; baseline 0.001 -21"><span class='ocrx_word' id='word_1_941' title='bbox 1929 5272 2212 5328; x_wconf 88' lang='lat' dir='ltr'><strong>hortantur</strong></span> <span class='ocrx_word' id='word_1_942' title='bbox 2252 5288 2355 5329; x_wconf 90' lang='lat' dir='ltr'><strong>nos</strong></span> <span class='ocrx_word' id='word_1_943' title='bbox 2374 5315 2389 5340; x_wconf 92' lang='lat'><strong>,</strong></span> <span class='ocrx_word' id='word_1_944' title='bbox 2419 5282 2477 5327; x_wconf 92' lang='lat' dir='ltr'><strong>ut</strong></span> <span class='ocrx_word' id='word_1_945' title='bbox 2504 5274 2585 5347; x_wconf 85' lang='lat' dir='ltr'><strong>(l)</strong></span> <span class='ocrx_word' id='word_1_946' title='bbox 2614 5273 2860 5329; x_wconf 89' lang='lat' dir='ltr'><strong>similiter</strong></span> <span class='ocrx_word' id='word_1_947' title='bbox 2888 5273 3165 5330; x_wconf 87' lang='lat' dir='ltr'><strong>imitantes</strong></span> <span class='ocrx_word' id='word_1_948' title='bbox 3194 5275 3476 5328; x_wconf 88' lang='lat' dir='ltr'><strong>Dominum</strong></span> <span class='ocrx_word' id='word_1_949' title='bbox 3499 5314 3519 5342; x_wconf 91' lang='lat'><strong>,</strong></span> 
     </span>
    </p>
   </div>
   <div class='ocr_carea' id='block_1_112' title="bbox 1930 5365 3518 5440">
    <p class='ocr_par' dir='ltr' id='par_1_112' title="bbox 1930 5365 3518 5440">
     <span class='ocr_line' id='line_1_113' title="bbox 1930 5365 3518 5440; baseline 0.001 -20"><span class='ocrx_word' id='word_1_950' title='bbox 1930 5379 2040 5421; x_wconf 92' lang='lat' dir='ltr'><strong>non</strong></span> <span class='ocrx_word' id='word_1_951' title='bbox 2085 5365 2153 5421; x_wconf 88' lang='lat' dir='ltr'><strong>de</strong></span> <span class='ocrx_word' id='word_1_952' title='bbox 2196 5366 2318 5422; x_wconf 87' lang='lat' dir='ltr'><strong>aliis</strong></span> <span class='ocrx_word' id='word_1_953' title='bbox 2363 5367 2542 5439; x_wconf 90' lang='lat' dir='ltr'><strong>potius</strong></span> <span class='ocrx_word' id='word_1_954' title='bbox 2573 5368 2872 5438; x_wconf 87' lang='lat' dir='ltr'><strong>cogitemus</strong></span> <span class='ocrx_word' id='word_1_955' title='bbox 2905 5382 3065 5440; x_wconf 90' lang='lat' dir='ltr'><strong>qnam</strong></span> <span class='ocrx_word' id='word_1_956' title='bbox 3090 5367 3160 5422; x_wconf 92' lang='lat' dir='ltr'><strong>de</strong></span> <span class='ocrx_word' id='word_1_957' title='bbox 3181 5365 3334 5421; x_wconf 84' lang='lat' dir='ltr'><strong>nobis</strong></span> <span class='ocrx_word' id='word_1_958' title='bbox 3367 5365 3518 5434; x_wconf 86' lang='lat' dir='ltr'><strong>ipsis.</strong></span> 
     </span>
    </p>
   </div>
   <div class='ocr_carea' id='block_1_113' title="bbox 1927 5457 3524 5533">
    <p class='ocr_par' dir='ltr' id='par_1_113' title="bbox 1927 5457 3524 5533">
     <span class='ocr_line' id='line_1_114' title="bbox 1927 5457 3524 5533; baseline 0 -16"><span class='ocrx_word' id='word_1_959' title='bbox 1927 5458 2043 5517; x_wconf 83' lang='lat' dir='ltr'><strong>Hoc</strong></span> <span class='ocrx_word' id='word_1_960' title='bbox 2063 5469 2147 5517; x_wconf 91' lang='lat' dir='ltr'><strong>est</strong></span> <span class='ocrx_word' id='word_1_961' title='bbox 2167 5478 2182 5514; x_wconf 85' lang='lat' dir='ltr'><strong>t</strong></span> <span class='ocrx_word' id='word_1_962' title='bbox 2199 5457 2313 5519; x_wconf 84' lang='lat' dir='ltr'><strong>nim</strong></span> <span class='ocrx_word' id='word_1_963' title='bbox 2339 5476 2468 5517; x_wconf 90' lang='lat' dir='ltr'><strong>vere</strong></span> <span class='ocrx_word' id='word_1_964' title='bbox 2494 5461 2562 5518; x_wconf 91' lang='lat' dir='ltr'><strong>de</strong></span> <span class='ocrx_word' id='word_1_965' title='bbox 2584 5461 2740 5518; x_wconf 91' lang='lat' dir='ltr'><strong>nobis</strong></span> <span class='ocrx_word' id='word_1_966' title='bbox 2762 5476 2947 5533; x_wconf 87' lang='lat' dir='ltr'><strong>agere,</strong></span> <span class='ocrx_word' id='word_1_967' title='bbox 2968 5459 3197 5517; x_wconf 89' lang='lat' dir='ltr'><strong>aliorum</strong></span> <span class='ocrx_word' id='word_1_968' title='bbox 3220 5473 3404 5514; x_wconf 90' lang='lat' dir='ltr'><strong>curam</strong></span> <span class='ocrx_word' id='word_1_969' title='bbox 3426 5474 3524 5530; x_wconf 87' lang='lat' dir='ltr'><strong>pro</strong></span> 
     </span>
    </p>
   </div>
   <div class='ocr_carea' id='block_1_114' title="bbox 1896 5551 3525 5626">
    <p class='ocr_par' dir='ltr' id='par_1_114' title="bbox 1896 5551 3525 5626">
     <span class='ocr_line' id='line_1_115' title="bbox 1896 5551 3525 5626; baseline 0 -15"><span class='ocrx_word' id='word_1_970' title='bbox 1896 5569 2117 5611; x_wconf 38' lang='lat' dir='ltr'><strong>.eornm</strong></span> <span class='ocrx_word' id='word_1_971' title='bbox 2146 5556 2322 5610; x_wconf 85' lang='lat' dir='ltr'><strong>salute</strong></span> <span class='ocrx_word' id='word_1_972' title='bbox 2344 5555 2644 5626; x_wconf 85' lang='lat' dir='ltr'><strong>suscipere.</strong></span> <span class='ocrx_word' id='word_1_973' title='bbox 2666 5554 2778 5610; x_wconf 84' lang='lat' dir='ltr'><strong>Hoc</strong></span> <span class='ocrx_word' id='word_1_974' title='bbox 2806 5564 2890 5611; x_wconf 83' lang='lat' dir='ltr'><strong>est</strong></span> <span class='ocrx_word' id='word_1_975' title='bbox 2913 5568 3043 5625; x_wconf 90' lang='lat' dir='ltr'><strong>ergo</strong></span> <span class='ocrx_word' id='word_1_976' title='bbox 3068 5560 3127 5607; x_wconf 89' lang='lat' dir='ltr'><strong>ut</strong></span> <span class='ocrx_word' id='word_1_977' title='bbox 3147 5551 3251 5607; x_wconf 85' lang='lat' dir='ltr'><strong>hoc</strong></span> <span class='ocrx_word' id='word_1_978' title='bbox 3276 5552 3525 5611; x_wconf 82' lang='lat' dir='ltr'><strong>sentiatis</strong></span> 
     </span>
    </p>
   </div>
   <div class='ocr_carea' id='block_1_115' title="bbox 1928 5645 3525 5723">
    <p class='ocr_par' dir='ltr' id='par_1_115' title="bbox 1928 5645 3525 5723">
     <span class='ocr_line' id='line_1_116' title="bbox 1928 5645 3525 5723; baseline -0.001 -18"><span class='ocrx_word' id='word_1_979' title='bbox 1928 5649 1982 5705; x_wconf 93' lang='lat' dir='ltr'><strong>in</strong></span> <span class='ocrx_word' id='word_1_980' title='bbox 2012 5648 2164 5705; x_wconf 89' lang='lat' dir='ltr'><strong>vobis</strong></span> <span class='ocrx_word' id='word_1_981' title='bbox 2183 5691 2198 5717; x_wconf 94' lang='lat'><strong>,</strong></span> <span class='ocrx_word' id='word_1_982' title='bbox 2232 5647 2375 5721; x_wconf 88' lang='lat' dir='ltr'><strong>qnod</strong></span> <span class='ocrx_word' id='word_1_983' title='bbox 2406 5657 2458 5705; x_wconf 90' lang='lat' dir='ltr'><strong>et</strong></span> <span class='ocrx_word' id='word_1_984' title='bbox 2493 5649 2543 5703; x_wconf 89' lang='lat' dir='ltr'><strong>in</strong></span> <span class='ocrx_word' id='word_1_985' title='bbox 2567 5647 2786 5705; x_wconf 88' lang='lat' dir='ltr'><strong>Christo</strong></span> <span class='ocrx_word' id='word_1_986' title='bbox 2815 5647 3044 5704; x_wconf 89' lang='lat' dir='ltr'><strong>sentitis.</strong></span> <span class='ocrx_word' id='word_1_987' title='bbox 3071 5645 3225 5701; x_wconf 87' lang='lat' dir='ltr'><strong>Illum</strong></span> <span class='ocrx_word' id='word_1_988' title='bbox 3256 5645 3525 5723; x_wconf 81' lang='lat' dir='ltr'><strong>profuisse</strong></span> 
     </span>
    </p>
   </div>
   <div class='ocr_carea' id='block_1_116' title="bbox 2001 5824 2491 5903">
    <p class='ocr_par' dir='ltr' id='par_1_116' title="bbox 2001 5824 2491 5903">
     <span class='ocr_line' id='line_1_117' title="bbox 2001 5824 2491 5903; baseline -0.004 -21"><span class='ocrx_word' id='word_1_989' title='bbox 2001 5828 2081 5903; x_wconf 84' lang='lat' dir='ltr'><strong>(l)</strong></span> <span class='ocrx_word' id='word_1_990' title='bbox 2105 5824 2274 5883; x_wconf 87' lang='lat' dir='ltr'><strong>Codd.</strong></span> <span class='ocrx_word' id='word_1_991' title='bbox 2305 5836 2491 5883; x_wconf 85' lang='lat' dir='ltr'><strong>autem.</strong></span> 
     </span>
    </p>
   </div>
  </div>
