4018 6184
603 259 628 313 1
638 257 747 314 207

1879 247 2071 306 MAR"
2100 246 2449 306 VICTORINI
2490 248 2649 308 AFRI
3686 260 3767 319 tm

602 373 727 430 aliis
749 371 959 429 sentitis
987 389 999 426 :
1024 384 1153 442 ergo
1173 377 1227 426 et
1249 369 1303 425 in
1329 367 1483 424 vobis
1509 368 1614 424 hoc
1635 365 1853 430 sentite,
1883 374 1941 421 ut
1963 379 2061 436 pro
2085 363 2203 419 aliis
2228 364 2281 435 Α
2306 364 2450 436 quod
2476 379 2599 420 eum
2639 374 2695 421 et
2735 365 2850 435 ipse
2882 380 2941 422 se
2972 367 3196 423 missum
3224 382 3255 423 a
3284 366 3390 424 Deo
3415 367 3564 436 dicat,
3589 381 3631 427 et
3652 377 3780 432 volun.

605 468 851 538 cogitetis
874 509 890 536 ,
919 476 975 523 et
1015 465 1435 523 sollicitudinem
1481 478 1580 535 pro
1610 461 1731 517 aliis
1771 460 2077 531 suscipiatis
2103 501 2120 526 ,
2146 467 2205 515 ut

608 561 729 618 aliis
762 559 1017 628 prodesse
1047 558 1287 631 possitis.

684 654 849 709 Vens.
878 653 931 717 6,
964 654 1018 718 7,
1043 652 1096 708 8.
1128 683 1200 694 ——
1228 652 1330 719 Qui
1372 667 1489 705 eum
1530 650 1583 703 in
1612 653 1783 721 forma
1829 646 1926 702 Dei
1962 647 2210 701 constitu-

612 758 694 804 tus
738 746 819 819 (l)
878 756 1035 811 esset,
1083 762 1185 799 non
1224 745 1462 815 rapinam
1507 742 1786 797 arbitratus
1830 751 1933 805 est,
1977 750 2033 794 ut
2081 748 2211 794 esset

609 839 825 911 aequalis
870 837 1012 904 Deo;
1058 837 1146 892 sed
1184 846 1231 891 et
1270 846 1603 903 semetipsum
1662 834 1936 898 exinaniuit
1962 873 1976 895 ,
2010 842 2057 886 et
2086 833 2211 886 servi

610 936 829 1003 sumpsit
849 937 1067 1004 formam
1092 932 1145 984 in
1167 928 1502 984 similitudine
1527 928 1791 981 hominum
1821 928 2007 999 factus,
2048 934 2094 978 et
2120 925 2213 977 Ita-

611 1026 718 1082 bitu
741 1028 973 1080 inventus
1012 1034 1257 1094 tanquam
1284 1022 1437 1074 homo
1486 1017 1789 1073 Humiliorit
1811 1034 1864 1071 se
1882 1017 2071 1088 ipsum,
2094 1015 2211 1069 sub-

613 1120 753 1174 ditus
791 1122 957 1188 [actus
986 1131 1142 1184 usque
1181 1113 1250 1166 ad
1291 1123 1535 1173 mortem,
1568 1120 1779 1165 mortem
1816 1120 1986 1162 autent
2023 1110 2210 1162 crucis.

606 1211 752 1266 Duas
783 1223 890 1273 res,
923 1207 974 1261 id
998 1215 1084 1259 est
1107 1205 1214 1258 duo
1247 1213 1539 1274 prmeepta,
1573 1216 1735 1272 Supra
1760 1199 2008 1265 dedi-rat,
2046 1215 2209 1253 unum

613 1313 674 1357 ut
703 1302 997 1372 diligi-rent
1025 1297 1383 1352 humilitatem
1411 1338 1426 1358 ,
1454 1293 1596 1348 aliud
1627 1310 1734 1346 non
1768 1308 1860 1345 sua
1896 1301 2098 1345 tantum
2122 1306 2215 1345 cu-

615 1402 823 1459 rari-nt,
849 1393 943 1447 St'd
972 1402 1025 1446 et
1064 1392 1315 1444 aliorum.
1351 1390 1416 1443 Et
1456 1389 1532 1441 ait
1566 1405 1577 1439 :
1616 1385 1728 1439 Hoc
1768 1385 1933 1454 sopite
1972 1385 2023 1438 in
2053 1384 2209 1449 vobis,

613 1488 751 1560 quod
773 1497 817 1540 et
842 1488 892 1540 in
910 1485 1115 1539 Christo
1136 1483 1284 1538 Iesu.
1315 1482 1451 1548 Quid
1479 1482 1637 1551 igtur
1663 1479 1728 1533 de
1752 1478 1961 1533 duobus
1980 1478 2096 1533 istis
2125 1492 2217 1532 ac-

616 1581 848 1651 cipimus
873 1580 926 1633 iu
946 1578 1161 1633 Christo
1179 1575 1342 1631 Jesu?
1363 1585 1541 1628 utrutn
1567 1572 1766 1627 unum?
1787 1581 1841 1625 et
1867 1571 2008 1641 quod
2027 1570 2216 1624 unum?

615 1689 683 1729 an
708 1672 866 1726 ambo
890 1678 985 1743 pot
1007 1669 1113 1724 us?
1143 1668 1384 1738 Namque
1409 1681 1577 1720 unum
1609 1664 1677 1719 de
1715 1662 2015 1717 humilitate
2046 1662 2219 1716 mani-

2310 467 2474 513 tatem
2505 460 2670 528 patris
2700 460 2948 529 implere,
2974 460 3078 517 hoc
3102 462 3173 517 ita
3207 461 3428 532 positum
3453 466 3703 537 mysterium
3716 483 3781 541 est,

2310 562 2368 608 ut
2400 553 2569 624 ipsius
2613 553 2682 607 sit
2712 556 3007 610 voluntatis
3030 598 3043 621 ,
3076 556 3219 627 quod
3253 559 3485 622 venerit,
3522 568 3568 613 et
3591 561 3700 629 quod
3719 562 3784 619 lor-

2310 663 2451 702 mam
2494 648 2581 702 vel
2631 648 2919 720 imaginem
2966 652 3108 705 servi
3143 658 3445 722 sumpserit.
3477 653 3557 710 Sic
3580 656 3689 710 enim
3721 660 3787 724 ait,

2311 741 2398 810 qui
2439 757 2555 794 cum
2597 739 2652 794 in
2691 744 2859 812 forma
2902 740 2995 796 Dei
3023 744 3328 799 constitutus
3350 753 3487 809 esset,
3516 762 3602 800 non
3632 749 3792 819 rapinam

2313 833 2594 888 arbitratus
2621 844 2695 888 est
2723 874 2737 898 ,
2771 844 2826 888 ut
2870 846 2997 890 esset
3043 836 3258 907 aequatis
3298 835 3438 901 Deo;
3462 838 3540 891 sed
3562 841 3793 909 seutetipsuu

2315 927 2618 993 exinanivit,
2648 936 2694 981 et
2715 926 2846 983 servi
2874 929 3090 1000 sumpsit
3128 929 3368 999 formam.
3400 928 3500 984 Sed
3526 947 3629 984 cum
3652 930 3705 985 ita
3721 931 3798 1000 jun-

2315 1035 2506 1091 gamus
2536 1036 2772 1090 semper,
2811 1031 2866 1076 ct
2893 1019 2997 1077 hoc
3028 1022 3333 1077 intellct-tus
3377 1023 3660 1078 necessitate
3681 1025 3799 1093 capi:-

2317 1130 2458 1177 mus,
2491 1124 2546 1168 ct
2576 1114 2626 1167 in
2657 1129 2724 1168 eo
2753 1114 2897 1183 quod
2927 1124 3010 1170 est
3039 1130 3183 1182 esse,
3216 1115 3600 1185 intelligentiam
3625 1117 3802 1173 inesseet

2314 1208 2503 1272 vitam,
2535 1218 2591 1261 ut
2621 1218 2671 1261 et
2701 1207 2830 1271 Deo,
2864 1207 2947 1261 cui
2974 1217 3057 1263 est
3090 1210 3329 1278 potentia
3364 1209 3477 1263 hzee
3496 1217 3547 1262 ut
3570 1223 3671 1264 esse
3692 1210 3753 1275 sit,
3771 1221 3802 1266 et

2318 1315 2439 1355 esse
2468 1300 2722 1355 omnibus
2751 1301 3006 1368 pra'beat.
3040 1302 3113 1355 sit
3134 1309 3312 1355 tamen
3334 1301 3617 1372 intelligens
3640 1300 3751 1365 illud,
3772 1288 3822 1357 ut.

2318 1394 2506 1450 vivens
2536 1394 2619 1448 vel
2645 1410 2805 1461 supra
2831 1394 3239 1461 intelligentiam
3262 1404 3317 1450 et
3342 1410 3496 1464 supra
3519 1395 3674 1455 vitam,
3699 1406 3735 1450 et
3754 1413 3803 1449 su-

2324 1503 2416 1558 pra
2446 1486 2791 1544 existt-ntiam
2814 1483 3078 1550 Chri~tus,
3098 1487 3186 1557 qui
3203 1493 3308 1541 Vita
3326 1496 3429 1552 est,
3446 1487 3593 1541 etiam
3611 1500 3803 1556 progress:

2319 1595 2348 1634 a
2381 1579 2492 1635 Deo
2519 1581 2626 1634 vita
2652 1579 2799 1645 in~it,
2831 1587 2887 1634 et
2909 1581 2960 1634 in
2993 1595 3058 1633 co
3087 1579 3230 1650 quod
3264 1579 3368 1634 vita
3405 1588 3486 1635 est
3524 1579 3622 1649 ipsa
3646 1579 3804 1634 existen-

2322 1673 2416 1738 tia,
2441 1681 2495 1728 et
2526 1672 2638 1742 ipsa
2674 1672 3024 1742 intelligentia
3056 1672 3283 1739 sequalis
3316 1673 3426 1727 Deo
3452 1680 3566 1725 est:
3595 1671 3707 1726 unde
3725 1673 3805 1727 etin

613 1766 834 1830 festum,
885 1762 1027 1832 quod
1072 1763 1420 1828 semetipsum
1476 1756 1776 1810 humiliavit
1819 1752 2071 1809 Christus
2094 1796 2109 1820 ,
2156 1759 2213 1808 et
2241 1755 2290 1815 B
2316 1762 2455 1819 Filio
2478 1762 2639 1819 Pater
2667 1771 2785 1828 est,
2813 1772 2869 1819 et
2898 1764 2953 1819 ίιι
2985 1762 3144 1819 Patre
3190 1772 3273 1819 est
3296 1763 3485 1818 Filius.
3528 1762 3621 1818 Sed
3648 1764 3806 1827 Imm

617 1860 761 1915 servi
792 1856 1013 1926 sumpsit
1046 1869 1353 1925 personam.
1383 1853 1561 1907 Potest
1594 1860 1773 1905 tamen
1802 1863 1923 1904 esse
1947 1848 2030 1902 hic
2056 1847 2216 1902 etiam

618 1951 911 2008 secundum
958 1957 1283 2020 pra-ceptum
1316 1965 1330 2000 :
1363 1958 1585 2016 propter
1613 1945 1746 1998 alios
1781 1944 1924 1998 enim
1958 1941 2028 1995 ita
2059 1940 2218 1995 suSIio

618 2045 759 2110 nuit,
792 2057 840 2098 et
875 2043 942 2096 de
969 2041 1086 2095 aliis
1112 2041 1285 2111 potius
1315 2055 1474 2109 quam
1506 2039 1573 2093 de
1599 2051 1657 2092 se
1674 2037 1948 2107 cogitavit.
1976 2033 2220 2089 Breviter

619 2148 799 2193 autem
827 2137 911 2190 hic
933 2134 1259 2205 expositum,
1287 2133 1431 2203 quod
1452 2131 1700 2187 Christus
1721 2131 1809 2195 sit,
1832 2139 1889 2185 et
1929 2139 2216 2198 antequam

617 2231 675 2286 in
705 2245 867 2286 carne
892 2227 1270 2292 descenderet,
1293 2233 1349 2280 et
1372 2226 1422 2279 in
1450 2240 1553 2295 qua
1575 2224 1645 2278 sit
1674 2225 1872 2277 virtute
1900 2229 2058 2290 atque
2085 2220 2216 2275 sub-

619 2325 842 2381 stantia.
868 2324 1078 2379 Dictum
1102 2332 1185 2378 est
1206 2321 1348 2377 enim
1372 2320 1514 2389 quod
1544 2318 1713 2373 forma
1742 2314 1822 2391 (2)
1848 2316 1939 2372 Dt-i
1968 2313 2218 2371 Christus

620 2428 790 2475 esset.
822 2417 960 2486 Quid
1007 2426 1187 2472 autem
1219 2415 1288 2470 sit
1335 2414 1430 2469 Dei
1477 2411 1688 2469 forma?
1730 2426 1836 2466 non
1878 2409 2070 2482 figura,
2110 2425 2217 2466 non

620 2512 823 2577 vultus,
869 2510 965 2564 sed
998 2511 1176 2578 imago
1206 2518 1261 2563 et
1297 2508 1560 2578 potentia.
1592 2505 1758 2560 Plene
1800 2504 1868 2558 de
1914 2504 2016 2559 hoc
2040 2512 2096 2559 et
2131 2502 2219 2558 hic

619 2602 771 2671 tetigi
809 2600 877 2655 ad
922 2599 1186 2667 Ephesios
1222 2597 1323 2671 (5),
1355 2605 1410 2652 et
1440 2596 1635 2666 plenus
1665 2597 1994 2667 uberiusque
2021 2597 2072 2651 in
2099 2595 2217 2651 aliis

622 2694 849 2749 tractavi
877 2690 1051 2757 libris,
1084 2691 1250 2745 Deum
1274 2703 1396 2744 esse
1424 2688 1477 2742 in
1507 2702 1573 2743 eo
1592 2686 1734 2759 quod
1764 2696 1849 2743 est
1875 2688 2046 2759 ipsum
2072 2688 2219 2758 prin-

623 2784 799 2856 cipale
829 2798 954 2839 esse
981 2799 996 2849 ;
1030 2797 1152 2838 esse
1199 2791 1378 2837 autem
1429 2782 1601 2850 ipsum
1630 2821 1645 2845 ,
1690 2790 1772 2836 est
1801 2780 2095 2851 principale
2126 2780 2220 2834 ha.‘

622 2878 776 2947 bere,
809 2878 990 2933 vivere
1015 2886 1069 2932 et
1099 2876 1417 2945 intelligere.
1462 2876 1568 2932 Sed
1605 2874 1907 2947 intelligere
1933 2884 2095 2946 atque
2135 2876 2214 2929 vi-

624 2987 772 3039 vere,
807 2970 975 3026 forma
1005 2969 1249 3041 quaedam
1290 2977 1371 3023 est
1396 2977 1452 3023 et
1477 2970 1655 3041 imago
1692 2968 1861 3039 ipsius
1888 2967 2214 3025 exis-lentim.

624 3064 760 3122 Cum
792 3065 950 3134 igitur
975 3063 1262 3118 existentia
1308 3063 1447 3117 Deus
1473 3063 1582 3129 sit,
1624 3071 1682 3116 ut
1712 3061 1893 3116 multis
1935 3061 2210 3132 probatur,

2321 1856 2457 1923 dixi,
2488 1856 2699 1927 plenius
2730 1855 2877 1912 alibi.
2916 1855 3059 1926 Ergo
3087 1865 3139 1911 et
3171 1870 3293 1911 cum
3324 1855 3484 1910 Pater
3509 1856 3681 1920 voluit,
3705 1856 3805 1909 Filius

2321 1947 2491 2002 voluit
2523 1966 2536 2002 :
2564 1957 2618 2003 et
2667 1963 2786 2003 cum
2839 1947 3032 2002 Filius‘
3059 1947 3260 2015 voluit,
3316 1949 3476 2003 Pater
3519 1948 3673 2002 voluit.
3714 1946 3804 2003 Unde

2322 2047 2611 2107 utrumque
2640 2047 2807 2105 recte,
2841 2049 2893 2093 et
2922 2037 3066 2110 qttod
3091 2039 3289 2094 missus
3317 2054 3352 2094 a
3378 2039 3531 2094 Patre
3557 2051 3644 2104 est,
3663 2048 3704 2094 et
3721 2039 3803 2109 quod

2323 2129 2410 2184 hic
2440 2131 2673 2199 positum
2705 2139 2762 2184 ut
2791 2131 2907 2201 ipse
2934 2146 2995 2186 se
3022 2131 3411 2187 exinaniverit.
3434 2131 3805 2202 [intelligamusau-

2323 2232 2431 2279 tem
2464 2224 2638 2293 ipsum
2665 2237 2726 2280 se
2756 2224 3097 2291 exinanisse,
3130 2238 3237 2280 non
3266 2225 3321 2280 in
3356 2240 3423 2279 eo
3460 2237 3572 2280 esse
3608 2222 3715 2294 quod
3747 2238 3804 2294 po.

2324 2316 2549 2371 tentiam
2576 2331 2727 2371 suam
2755 2315 2885 2371 alibi
2934 2315 3229 2382 dimiserit,
3262 2325 3362 2372 aut
3385 2332 3443 2373 se
3472 2316 3732 2388 privaverit;
3751 2315 3803 2369 sed

2320 2407 2387 2463 ad
2417 2406 2635 2463 sordida
2663 2422 2890 2479 quaeque
2915 2421 2977 2464 se
3004 2408 3320 2474 hutniliarit,
3353 2407 3421 2464 ad
3446 2421 3678 2480 postrema
3697 2406 3800 2460 uilici:

2321 2500 2677 2556 descendens.
2731 2500 2867 2557 Cum
2918 2500 3037 2556 hinc
3090 2501 3368 2572 implevit,
3420 2517 3479 2558 se
3521 2511 3571 2557 et
3610 2500 3799 2572 potentiam

2324 2609 2477 2650 suam
2525 2594 2839 2649 exiuanivit.
2884 2593 3019 2649 Nam
3067 2610 3285 2650 carnem
3336 2610 3552 2650 sumens
3587 2604 3631 2650 et
3662 2593 3799 2650 formam

2324 2685 2557 2741 hominis
2584 2694 2640 2741 et
2668 2685 3096 2753 similitudinem,
3127 2687 3308 2741 omnia
3352 2705 3470 2759 qua:
3501 2687 3691 2743 hominis
3711 2694 3799 2740 erant

2324 2793 2617 2850 perpessus
2648 2790 2753 2847 eSI,
2785 2780 2914 2849 egit,
2946 2778 3203 2851 implevit.
3237 2780 3358 2837 Hoc
3379 2792 3459 2836 est
3486 2782 3613 2836 enim
3637 2778 3797 2850 quodait,

2320 2874 2373 2928 in
2396 2874 2732 2929 similitudine
2757 2873 2978 2928 hominis
3009 2876 3199 2943 factus,
3235 2884 3279 2930 et
3318 2875 3496 2930 habitu
3540 2877 3800 2929 inventum-

2321 2981 2475 3038 quam
2506 2966 2681 3022 homo.
2712 2965 2827 3021 Non
2873 2969 3016 3022 enim
3045 2966 3296 3022 audiendi
3336 2978 3462 3023 sunt
3503 2967 3569 3022 illi
3602 2966 3672 3037 qui
3699 2963 3799 3033 phan-

2321 3068 2491 3114 tasma
2524 3058 2708 3113 dicunt
2740 3059 2905 3114 fuisse
2927 3101 2943 3126 ,
2987 3059 3110 3130 quia
3141 3059 3350 3115 dietutn
3386 3061 3472 3116 hic
3495 3070 3571 3116 est
3593 3060 3637 3113 in
3654 3056 3802 3112 similiu-

624 3170 789 3228 atque
834 3158 883 3212 id
916 3158 1084 3227 magis
1125 3156 1268 3225 quod
1303 3170 1466 3226 supra
1496 3155 1843 3210 exis-tentiam
1891 3163 2016 3220 est;
2050 3154 2219 3209 forma
2246 3134 2290 3196 (ἶ
2326 3152 2446 3207 dine
2472 3152 2731 3208 hominis:
2770 3152 2866 3209 sed
2893 3153 2962 3208 ad
2989 3153 3155 3207 Deum
3185 3154 3446 3219 refertur,
3482 3163 3534 3209 et
3567 3154 3681 3228 λόγον
3702 3151 3801 3219 ipsum

621 3262 802 3307 autem
849 3250 1170 3316 existentiae,
1222 3248 1464 3314 moveri,
1498 3248 1819 3319 intelligi-re,
1852 3248 2068 3315 vivere;
2116 3246 2223 3303 cir-

625 3345 1017 3403 cumlormatur
1045 3342 1189 3396 enim
1219 3354 1275 3396 et
1317 3340 1571 3396 delinitur
1612 3340 2032 3410 quodammodo,
2065 3340 2115 3394 id
2139 3350 2224 3394 est

622 3439 680 3494 in
734 3436 1229 3492 considerationem
1279 3441 1336 3489 et
1386 3433 1826 3503 cognoscentiam
1882 3432 2220 3499 devocatur,

625 3530 771 3602 quod
811 3531 883 3585 sit
920 3527 1051 3583 illttd
1095 3541 1238 3592 esse,
1271 3527 1411 3597 quod
1440 3525 1706 3581 invisibile
1734 3537 1813 3580 est
1842 3533 1896 3581 et
1921 3525 2224 3596 incompre-

626 3620 913 3685 hensibile.
948 3620 1132 3674 vivere
1160 3618 1476 3688 intelligitur
1519 3626 1572 3673 et
1613 3617 1931 3688 intelligere.
1962 3616 2042 3673 lta
2081 3633 2224 3684 esse,

628 3724 783 3787 pater
808 3726 891 3767 est
922 3730 933 3763 ;
964 3713 1146 3767 vivere
1175 3720 1354 3766 autem
1385 3721 1438 3766 et
1470 3712 1806 3782 intelligere,
1836 3726 1957 3782 qua:
1981 3711 2078 3765 ista
2111 3710 2225 3781 ipsa

628 3811 685 3864 in
717 3822 784 3862 eo
808 3816 953 3872 sunt,
983 3804 1125 3876 quod
1151 3815 1396 3871 estesse,
1425 3808 1575 3876 quasi
1610 3806 1802 3861 forma.
1826 3804 2074 3861 Christus
2099 3821 2227 3878 ergo

629 3898 727 3957 Dei
755 3896 927 3952 ferina
955 3907 1038 3951 est
1064 3914 1078 3951 :
1110 3898 1217 3951 vita
1241 3907 1320 3950 est
1344 3898 1487 3952 enim
1516 3897 1788 3963 Christus,
1816 3908 1872 3955 et
1895 3914 2225 3969 cognoscen-

629 3994 702 4049 tia
751 4004 806 4046 et
852 3991 1181 4047 intellectus.
1215 3990 1342 4046 Haec
1388 3990 1548 4062 igitur
1579 3993 1747 4047 forma
1796 4002 1852 4048 et
1893 3992 2070 4064 imago
2112 3994 2226 4049 Dei.

627 4086 837 4157 Quanta
887 4084 1148 4150 potentia,
1197 4090 1251 4138 et
1299 4094 1497 4155 quanta
1544 4085 1739 4149 deitas,
1788 4085 1869 4139 vel
1918 4086 2087 4140 virtus
2134 4092 2225 4155 sit,

628 4178 761 4233 alibi
810 4193 1155 4248 eXpressum.
1190 4177 1331 4248 Ergo
1383 4190 1525 4231 nunc
1569 4176 1811 4231 Paulus:
1848 4193 1979 4245 non,
2018 4180 2187 4246 inquit
2213 4222 2228 4246 ,

632 4268 885 4325 Christus
911 4271 1154 4339 rapinam
1183 4268 1435 4336 credidit,
1469 4269 1519 4324 id
1540 4282 1624 4324 est
1650 4269 1752 4323 hoc
1783 4270 1883 4325 sibi
1916 4272 2227 4339 vindicavit,

630 4371 839 4419 tantum
874 4361 1077 4416 habere
1108 4362 1296 4425 voluit,
1329 4373 1385 4415 ut
1407 4360 1577 4416 forma
1613 4361 1709 4416 Dei
1738 4372 1912 4427 esset;
1945 4363 2038 4417 sed
2066 4367 2229 4420 etiam

631 4470 693 4511 se
725 4456 900 4526 ipsttnt
943 4455 1240 4530 exinanitjt
1288 4453 1556 4524 potentia,
1588 4464 1645 4508 ut
1693 4454 1760 4508 ad
1792 4454 2047 4508 mundum
2079 4466 2132 4509 et
2160 4455 2228 4511 ad

629 4561 847 4603 Cornum
879 4545 1270 4613 descenderet,
1314 4556 1367 4600 et
1406 4546 1630 4600 formam
1680 4545 1913 4601 hominis
1952 4559 2225 4614 sumeret,

636 4638 690 4694 id
723 4652 806 4696 εει
830 4640 979 4711 parvi
1008 4651 1062 4695 et
1094 4639 1310 4694 humilis
1341 4639 1650 4711 imaginem.

706 4732 839 4787 Illud
861 4741 1040 4789 autem
1066 4732 1354 4805 diligenter
1382 4745 1438 4788 et
1477 4741 1634 4787 acute
1662 4732 2046 4789 attendendum
2079 4743 2230 4805 puto,

713 4887 795 4958 (l)
829 4888 980 4954 Vulg.
1003 4888 1201 4943 omittit
1229 4890 1547 4953 constitutus,
1582 4897 1635 4943 et
1667 4906 1791 4944 mox
1834 4890 1994 4945 habet
2024 4907 2132 4945 esse
2175 4908 2228 4946 se

636 4960 883 5032 (aqualem
913 4958 1055 5024 Duo;
1082 4962 1170 5013 sed
1200 4964 1522 5028 semetipsum
1549 4961 1824 5016 exinaniuit
1851 4965 2067 5032 formant
2099 4964 2230 5017 servi

636 5030 915 5098 accipiens,
950 5032 1002 5083 in
1031 5032 1416 5103 similitudinem
1455 5033 1719 5085 hominum
1773 5030 1940 5103 factus
1969 5045 2014 5087 et
2056 5033 2230 5089 habitu

639 5103 876 5175 inuentus
901 5117 953 5152 ut
981 5103 1148 5175 homo.
1185 5100 1382 5175 Huntil.
1415 5113 1590 5157 semet.
1625 5100 1792 5175 [actus
1820 5104 1928 5172 0b.,
1954 5112 2060 5160 etc.

709 5171 790 5246 (2)
825 5169 896 5246 |_t_a
916 5172 1230 5246 codd.,_non
1253 5174 1305 5226 in
1330 5177 1514 5246 forum.

714 5242 794 5317 (5)
828 5243 1088 5321 Solemus
1115 5242 1383 5321 Victorini
1422 5244 1786 5321 t_es_timonium
1833 5246 1903 5321 de
1935 5261 2036 5302 suo
2078 5263 2228 5321 com-

638 5314 907 5373 mentario
930 5314 981 5369 iit
1005 5314 1289 5375 epistol-tn
1319 5318 1385 5367 ad
1424 5314 1704 5384 Ephesios.
1736 5317 1890 5383 Quod
1931 5330 2108 5374 autem
2133 5319 2230 5376 ad-

646 5388 721 5444 dit
763 5398 808 5441 et
852 5388 907 5440 in
946 5386 1066 5439 aliis
1114 5385 1290 5450 libris;
1323 5385 1437 5439 sine
1478 5386 1642 5440 dubio
1672 5399 1924 5454 provocat
1963 5389 2030 5445 ad
2072 5405 2229 5448 Suum

634 5470 887 5530 quartum
920 5457 1199 5530 adversus
1225 5454 1434 5530 Arium_
1453 5456 1670 5530 librum,
1692 5473 1813 5527 cap.
1846 5459 1936 5521 '50,
1968 5472 2024 5514 ιιι
2050 5463 2234 5519 confe-

643 5527 785 5585 renti
806 5529 1025 5585 cuilibet
1060 5530 1233 5599 palam
1261 5530 1370 5581 liet.
1397 5527 1539 5598 Ergo
1571 5528 1707 5583 idem
1735 5542 1812 5585 est
1840 5542 2030 5586 auctor
2059 5532 2237 5590 Victo-

638 5599 796 5674 rinus
823 5612 875 5653 et
915 5600 1171 5674 librorum
1197 5598 1406 5671 jamdiu
1436 5599 1702 5655 editormn
1733 5601 1996 5657 adversus
2023 5603 2233 5674 Arium,

637 5668 927 5796 letnhomm
945 5711 962 5744 ,
989 5673 1082 5744 qui
1105 5668 1250 5731 nunc
1284 5685 1318 5731 a
1348 5684 1441 5731 me
1466 5674 1771 5746 vulgantur,
1811 5668 2235 5734 commentario;

671 5756 702 5797 u
768 5775 780 5796 .

2325 3246 2615 3302 formatum
2650 3262 2744 3319 per
2771 3248 2951 3303 carnis
2994 3249 3430 3318 assumptionem
3478 3250 3529 3304 in
3564 3243 3801 3302 similitudine

2326 3339 2626 3396 ltominum.
2663 3340 2873 3395 Etenim
2904 3355 3027 3394 cum
3057 3355 3185 3396 caro
3216 3341 3269 3396 in
3326 3341 3487 3396 terris
3521 3340 3716 3395 diversas
3745 3335 3803 3386 iot-

2326 3448 2445 3487 mas
2470 3432 2688 3499 habeat,
2720 3433 2993 3503 accepisse
3021 3441 3198 3488 autem
3236 3448 3462 3490 carnem
3499 3431 3720 3488 Christum
3740 3440 3801 3479 ma-

2327 3526 2580 3583 nifestum
2620 3527 2727 3595 sit;
2779 3526 2873 3582 sed
2918 3527 2972 3582 in
3002 3543 3107 3597 qua
3136 3527 3494 3583 similitudine
3518 3526 3702 3585 dictum.
3719 3524 3750 3574 in
3765 3520 3804 3571 εἰσ

2327 3621 2631 3677 militudine
2658 3620 2936 3677 hominum
2962 3663 2978 3687 ,
3013 3620 3064 3676 id
3088 3632 3171 3676 est
3195 3631 3397 3677 caetera
3438 3620 3660 3677 animalia
3684 3615 3805 3687 (linea

2329 3730 2436 3786 quo
2485 3715 2570 3770 hic
2609 3714 2687 3787 (2)
2732 3713 3034 3771 similitudo
3066 3715 3352 3771 homiuum
3401 3716 3452 3772 in
3495 3713 3680 3770 Christo
3704 3708 3803 3768 fuerit

2331 3821 2436 3861 non
2465 3806 2580 3877 ipse
2611 3806 2770 3861 homo
2795 3814 3101 3875 susceptus.

2404 3901 2645 3972 Denique
2672 3901 2944 3972 adjectum
2977 3912 3100 3972 post
3138 3901 3545 3958 similitudinem
3577 3909 3623 3954 et
3644 3896 3806 3969 lubitum.

2332 4004 2391 4050 ut
2430 3996 2500 4049 ita
2529 4009 2588 4049 se
2630 3995 2857 4050 haberet
2905 4004 3158 4064 tanquam
3190 3994 3383 4051 homo.
3417 3996 3506 4050 Sic
3532 3985 3807 4064 adjttnxit.il-

2331 4097 2509 4142 ventus
2552 4096 2796 4159 tanquam
2829 4087 3001 4141 homo.
3043 4087 3264 4143 Grzecus
3291 4088 3511 4161 quidem
3543 4094 3699 4159 σχῆμα
3714 4079 3807 4134 dii“.

2333 4179 2529 4235 latinus
2561 4179 2792 4234 habitum
2835 4180 3152 4236 nominavit.
3200 4179 3276 4235 Ita
3310 4197 3435 4238 cum
3464 4180 3566 4235 duo
3595 4177 3727 4250 posit:
3745 4175 3807 4223 Sil“

2332 4271 2470 4340 apud
2503 4286 2761 4342 graecum,
2796 4272 2847 4325 in
2877 4271 3228 4327 similitudine
3259 4282 3316 4327 et
3360 4274 3571 4336 habitu;
3595 4265 3807 4334 accipiamiis

2334 4364 2496 4435 igitur
2521 4363 2708 4419 habitu
2737 4363 2982 4433 ﬁguram,
3016 4374 3070 4418 et
3101 4374 3158 4419 ut
3185 4379 3245 4419 se
3274 4363 3441 4419 homo
3469 4362 3659 4417 habeat.
3689 4350 3806 4412 Ειωὶε
3858 4350 3859 4383 ³

2336 4458 2510 4511 omnis
2541 4456 2774 4511 hominis
2805 4456 3037 4527 qualitas
3061 4456 3144 4510 his
3168 4456 3383 4511 duobus
3412 4453 3710 4525 esprimitur,
3730 4440 3809 4499 siml"

2336 4548 2560 4603 litudine
2599 4558 2652 4603 et
2698 4547 2884 4619 ﬁgura.
2929 4549 3111 4603 Potuit
3151 4549 3294 4603 enim
3333 4548 3388 4603 in
3435 4549 3673 4602 immenso
3704 4533 3809 4595 simili-

2341 4641 2469 4696 tudo
2506 4641 2758 4704 hominis,
2794 4650 2852 4695 ut
2883 4640 2935 4694 in
2964 4639 3289 4709 gigantibus,
3339 4649 3402 4695 ut
3449 4640 3502 4694 in
3532 4626 3809 4691 vultiltuseliﬁ

2337 4736 2597 4791 membris
2618 4776 2632 4796 ,
2664 4750 2783 4805 qua:
2830 4733 3106 4805 ﬁnguntur
3137 4752 3151 4789 :
3180 4733 3300 4789 ideo
3341 4749 3471 4805 ergo
3516 4729 3687 4801 adjecit
3710 4717 3812 4787 παρ’

2336 4842 2465 4897 gnra
2493 4826 2744 4890 hominis,
2775 4834 2831 4880 ut
2875 4836 3057 4881 certus
3103 4824 3316 4880 habitus
3365 4836 3421 4880 et
3451 4825 3647 4880 modus.
3695 4822 3810 4888 prtia

2332 4918 2739 4974 similitudinem
2773 4919 3043 4985 hominis,
3094 4917 3339 4974 videatur
3379 4926 3683 4988 assumptus.
3715 4907 3811 4963 Ροπθ

2334 5020 2511 5067 autem
2541 5010 2682 5082 quod
2699 5011 2834 5066 dixit
2853 5014 3086 5065 inventus
3120 5022 3363 5082 tanquam
3386 5011 3555 5073 homo,
3572 5021 3660 5062 non
3675 5003 3735 5057 hic
3747 5008 3813 5052 cm

2336 5102 2676 5158 dubitatione
2704 5102 2931 5170 dictum,
2981 5114 3234 5174 tanquam
3258 5104 3426 5159 homo
3451 5103 3588 5173 quasi
3617 5113 3699 5154 non
3722 5093 3815 5147 In“

2339 5195 2522 5262 fuerit,
2556 5195 2649 5251 sed
2684 5196 2967 5265 phantasia
2996 5195 3263 5262 hominis;
3296 5197 3396 5251 sed
3434 5195 3647 5255 dictum,
3670 5191 3814 5241 iam!“

2337 5297 2581 5360 tanquam
2626 5288 2798 5342 homo.
2864 5287 2992 5344 Haec
3021 5288 3228 5343 scilicet
3273 5287 3449 5344 media
3478 5276 3813 5358 prouuntisliwfi

2339 5396 2442 5454 qua
2469 5396 2597 5436 vere
2638 5395 2748 5437 non
2778 5380 2941 5436 homo
2986 5379 3115 5450 fuit,
3146 5380 3241 5437 sed
3285 5380 3429 5436 Deus
3461 5377 3568 5451 ('5),
3594 5386 3644 5432 et
3664 5369 3813 5430 sane“

2411 5538 2491 5607 (1)
2525 5537 2601 5593 Ita
2630 5536 2792 5593 codd.

2417 5610 2495 5676 (2)
2525 5609 2598 5663 Ita
2619 5609 2778 5664 codd.

2415 5668 2495 5752 (5)
2528 5679 2747 5758 Scilicet
2776 5682 2917 5758 Deus
2937 5688 3010 5758 et
3039 5679 3207 5758 homo
3238 5681 3315 5756 (in
3366 5694 3588 5758 persona
3619 5668 3753 5739 ιιιιὶα)
3778 5670 3808 5720 ⁸

2343 5761 2508 5823 supra
2531 5751 2813 5811 manifeste
2831 5754 2909 5812 ait
2937 5751 3265 5813 Victorinusi
