4018 6184
201 264 337 329 1209

991 256 1057 313 ΙΝ
1097 250 1487 314 EPISTOLAM
1529 247 1735 307 PAULI
1775 247 1867 307 AD
1905 244 2397 308 PHILIPPENSES
2435 245 2658 304 LIBER.

3349 242 3490 305 ηιο

200 380 366 452 ﬁgura
396 383 619 448 accepta
645 373 798 447 quasi
830 371 1010 428 homo.
1050 369 1206 441 Quod
1251 377 1431 424 autem
1462 365 1632 431 dixit,
1658 364 1791 418 servi
1816 368 1870 431 Α
1897 363 2053 432 nihil,
2084 364 2174 437 qui
2200 362 2465 434 jungitur.
2502 361 2836 433 Simpliciter
2870 361 2972 417 hoc
3006 374 3167 418 aures
3194 359 3492 432 accipiant,

197 479 413 546 formam
457 470 696 541 sumpsit,
726 465 980 539 quoniam
1033 465 1146 535 ipse
1175 463 1347 518 forma
1394 458 1488 515 Dei
1543 457 1663 523 fuit,
1695 455 1790 511 Dei

195 575 371 623 autem
438 577 627 620 servus
686 561 847 617 homo
897 566 1024 624 est,
1086 557 1286 612 idcirco
1341 552 1591 619 dictum,
1663 549 1793 604 servi

197 663 415 733 formam
461 654 697 724 sumpsit.
735 655 811 707 Ith
844 667 947 721 qua
975 665 1034 705 re
1064 664 1122 704 se
1150 646 1472 707 humiliavit.
1512 653 1566 700 et
1594 657 1653 698 se
1681 641 1794 697 exi—

198 748 403 806 nanivit
440 746 634 813 factus,
666 745 862 815 inquit,
891 755 947 797 ut
979 740 1229 796 subditus
1264 753 1435 809 usque
1468 735 1534 791 ad
1564 742 1792 790 mortem

198 843 401 900 scilicet
428 840 625 898 crucis.
661 838 802 895 Ecce
831 839 884 892 in
912 838 1013 891 hoc
1044 836 1163 905 ipso
1190 848 1312 889 cum
1351 831 1522 897 dixit,
1560 828 1795 884 subditus

200 942 404 1007 jactus,
451 946 627 1003 graece
665 940 844 986 autem
877 939 1066 1000 aperte
1108 937 1162 983 et
1200 927 1396 998 plene,
1443 937 1564 979 cum
1594 921 1791 976 dictum

198 1031 421 1090 ὑπήκοος
447 1026 708 1100 γενόμενος
730 1067 743 1086 ,
787 1022 930 1095 quod
974 1029 1079 1088 est,
1111 1018 1415 1074 subauditur
1461 1010 1669 1083 effectus
1690 1053 1705 1078 ,
1739 1012 1793 1066 in

197 1135 304 1192 quo
332 1128 390 1172 ut
435 1115 619 1183 dixit,
668 1114 723 1169 in
756 1113 860 1169 hoc
908 1113 1027 1183 ipso
1054 1124 1376 1180 expresmm
1407 1149 1422 1174 ,
1463 1105 1603 1180 quod
1634 1104 1795 1177 paulo

194 1223 319 1268 ante
344 1208 602 1272 diximus,
635 1206 893 1279 quoniam
919 1223 947 1259 a
975 1204 1140 1260 Patre
1168 1202 1366 1258 missus
1402 1208 1504 1257 est.
1548 1197 1605 1254 Si
1650 1197 1792 1251 enim

193 1302 529 1369 subauditor,
551 1314 739 1356 verum
772 1309 853 1354 est
875 1297 1009 1354 illud
1031 1306 1086 1353 et
1110 1296 1316 1366 integre
1337 1293 1562 1355 dictum,
1596 1290 1684 1362 qui
1708 1303 1795 1344 me

192 1392 301 1450 huc
331 1392 476 1447 misit
521 1402 576 1447 et
603 1390 849 1447 subditus
883 1389 1054 1443 factus
1083 1405 1098 1453 ;
1131 1396 1279 1443 cette
1311 1394 1485 1457 potest
1506 1394 1795 1452 utrumque

195 1502 303 1543 non
333 1486 509 1542 solum
555 1501 651 1557 per
698 1486 841 1539 illam
885 1484 1148 1538 rationem
1177 1480 1347 1551 accipi
1373 1490 1533 1550 atque
1575 1476 1792 1548 intelligi

193 1581 316 1652 quia
344 1588 400 1635 et
433 1578 487 1634 in
518 1577 734 1633 (.hristo
765 1578 909 1632 Deus
938 1585 1041 1641 est,
1076 1583 1131 1629 et
1160 1582 1243 1629 est
1283 1574 1335 1627 in
1367 1571 1505 1627 Filio
1533 1570 1709 1652 Pater,
1740 1576 1794 1622 et

193 1648 248 1729 in
278 1672 437 1727 Patre
462 1670 650 1736 Filius,
683 1669 776 1725 sed
800 1668 942 1740 quod
972 1666 1210 1723 etiamin
1243 1663 1423 1719 multis
1452 1648 1588 1718 tot-rs
1617 1658 1793 1714 simile

1896 473 2025 513 num
2063 457 2180 529 ipso
2214 463 2456 529 tempore
2517 453 2689 511 Filius
2745 470 2852 510 non
2897 452 3212 511 dicebatur?
3259 452 3491 525 lntelligi

1896 550 2112 623 quidem
2145 559 2343 621 potest,
2375 550 2626 620 quoniam
2651 546 2851 604 virtute
2873 546 2989 612 Dei,
3020 554 3077 601 ut
3109 546 3249 601 Deus
3274 548 3410 615 ipse,
3439 553 3496 601 et

1896 643 2069 699 forma
2104 643 2221 709 Dei,
2262 644 2378 715 ipse
2400 642 2565 709 Deus,
2595 655 2790 696 nomen
2826 638 2929 695 hoc
2964 645 3019 694 et
3045 638 3145 693 hoc
3171 636 3491 692 vocabulum

1897 747 2081 806 postea
2119 736 2429 807 acceperit,
2475 744 2828 805 posteaquam
2867 730 2921 785 in
2964 728 3222 785 mundum
3267 726 3496 784 descen-

1897 828 2053 895 dens,
2084 828 2137 883 id
2172 837 2257 882 est
2295 827 2450 895 ὓλην,
2478 826 2667 897 'ipsam
2719 824 2839 884 ὓλην
2883 822 3147 892 pracidit,
3176 828 3231 875 et
3265 819 3415 886 vicit,
3442 826 3498 873 et

1898 929 2128 977 mortem
2167 920 2481 992 superavit,
2517 927 2573 973 ut
2608 918 2718 989 jam
2766 931 2915 972 mors
2952 929 3058 969 non
3104 913 3493 970 dominaretur.

1897 1013 2052 1085 Quod
2081 1014 2127 1070 si
2169 1023 2313 1069 tanta
2348 1015 2464 1069 haec
2490 1012 2607 1083 ejus
2642 1025 2804 1081 opera
2823 1051 2838 1075 ,
2861 1018 2916 1064 et
2946 1017 3089 1063 tanta
3121 1004 3493 1061 misericordia

1899 1111 2017 1177 Dei,
2051 1124 2145 1180 per
2173 1108 2276 1164 hoc
2303 1107 2372 1163 ab
2399 1106 2489 1162 illo
2520 1119 2713 1162 munus
2756 1104 3035 1175 impletum
3064 1109 3179 1168 est,
3224 1099 3278 1154 in
3321 1096 3498 1153 reditu

1899 1213 2062 1275 atque
2083 1200 2399 1259 reversione
2425 1198 2529 1255 hoc
2561 1212 2757 1254 nomen
2790 1194 3001 1263 accepit
3021 1234 3035 1258 ,
3059 1203 3111 1247 et
3142 1191 3266 1246 hinc
3292 1189 3497 1245 exalta-

1901 1306 1991 1353 tus
2023 1307 2129 1363 est,
2153 1305 2209 1352 et
2237 1296 2377 1350 hanc
2404 1293 2628 1365 gratiam
2660 1298 2987 1347 consecutus
3017 1294 3120 1353 est,
3156 1294 3216 1340 ut
3249 1283 3371 1340 Filii
3402 1297 3500 1337 no-

1899 1405 2024 1445 men
2045 1388 2339 1458 acciperet,
2364 1378 2513 1458 quod
2538 1400 2734 1439 ttumctt
2764 1397 2926 1451 supra
2948 1393 3107 1434 omne
3137 1391 3332 1433 nomen
3356 1382 3461 1429 est.

1970 1481 2078 1537 Sed
2117 1479 2381 1536 catholica
2426 1476 2708 1547 disciplina
2757 1473 2933 1541 dicit,
2981 1481 3037 1529 et
3076 1485 3291 1541 semper
3336 1467 3501 1523 fuisse

1897 1572 2134 1636 Patrem,
2164 1581 2218 1629 et
2242 1586 2459 1641 semper
2480 1568 2670 1624 Filium
2698 1584 2710 1620 :
2743 1576 2799 1621 et
2820 1569 2891 1619 ita
2921 1573 2977 1620 et
3002 1561 3289 1618 dicendum
3320 1567 3496 1629 est,et

1897 1665 2323 1738 intelligendum.
2357 1662 2740 1718 Verumtamen
2762 1701 2778 1727 ,
2821 1658 3073 1729 quoniam
3102 1654 3243 1728 apud
3285 1669 3384 1710 nos
3416 1653 3503 1708 hic

190 1767 515 1837 reperimus,
551 1773 608 1818 ιιι
639 1770 699 1818 et
725 1762 988 1817 mittentis
1011 1763 1081 1814 sit
1109 1759 1424 1823 auctoritas,
1458 1764 1514 1812 et
1545 1753 1792 1808 voluntas

1916 1778 2053 1818 :rror
2078 1772 2162 1817 est
2186 1769 2343 1816 natus
2369 1759 2472 1831 (i),
2517 1756 2657 1828 quod
2689 1760 2901 1810 constet
2949 1763 3074 1807 ante
3102 1750 3156 1807 in
3194 1764 3361 1805 carne
3399 1748 3500 1804 de-

190 1855 638 1926 obtemperanlis.
673 1855 881 1910 Etenim
915 1864 971 1907 ut
1000 1851 1139 1924 apud
1169 1859 1378 1922 poetas,
1411 1849 1454 1904 si
1484 1863 1605 1903 cum
1639 1858 1791 1917 pater

192 1948 514 2005 Mercurium
539 1948 762 2003 mittens
796 1947 1025 2016 imperio
1047 1958 1145 2000 suo
1172 1943 1353 2009 misit;
1380 1941 1672 1996 Mercurius
1700 1953 1793 1991 au-

198 2051 307 2100 tem
359 2043 527 2113 patris
573 2056 697 2097 cum
739 2048 954 2110 pareret
985 2038 1210 2107 imperio
1232 2079 1247 2104 ,
1275 2049 1335 2090 se
1361 2037 1539 2104 ipsum
1572 2046 1794 2101 compo-

201 2137 330 2203 suit,
353 2146 408 2193 et
436 2151 496 2191 se
533 2134 829 2191 exinanivit
856 2143 916 2187 ut
974 2136 1184 2186 volaret
1226 2139 1281 2185 et
1310 2128 1411 2183 iter
1440 2124 1719 2191 tenderet,
1749 2124 1796 2178 si

200 2228 286 2288 fas
311 2239 395 2286 est
420 2227 620 2284 divinis
649 2226 774 2283 talia
800 2239 1141 2296 comparare;
1174 2221 1400 2291 intelligi
1434 2220 1579 2284 licet,
1611 2227 1664 2272 et
1688 2216 1794 2271 Pa-

203 2325 303 2383 tris
328 2321 553 2393 imperio
580 2320 674 2376 Dei
705 2318 1091 2386 omnipotentis
1132 2316 1355 2369 missum
1394 2310 1668 2368 Christum
1700 2326 1713 2362 :
1744 2318 1801 2363 et

204 2415 454 2474 Christus
482 2411 675 2478 Filius,
708 2426 773 2466 eo
803 2411 920 2480 ipso
946 2407 1088 2478 quod
1117 2407 1342 2478 imperio
1372 2402 1797 2474 obtemperabat,

207 2525 270 2567 se
315 2506 610 2565 exinanivit
636 2547 650 2572 ,
687 2514 745 2559 ut
785 2503 1020 2558 hominis
1060 2500 1287 2556 formam
1338 2505 1616 2561 sumeret,
1647 2503 1702 2551 et
1746 2492 1800 2549 in

212 2618 377 2661 carne
418 2602 646 2666 veniret,
678 2610 730 2655 et
761 2597 904 2654 servi
935 2596 1223 2667 imaginem
1254 2593 1576 2658 sustineret,
1605 2604 1666 2645 se
1704 2587 1803 2642 hu-

210 2698 428 2756 milians
470 2702 527 2750 et
555 2692 840 2748 obauditor
872 2689 1076 2757 factus,
1104 2687 1389 2744 obauditor
1416 2693 1595 2741 autem
1635 2696 1805 2754 usque

213 2790 283 2847 ad
310 2797 561 2845 mortem.
594 2785 765 2855 Quam
793 2784 938 2839 illam
969 2781 1229 2839 mortem?
1254 2780 1423 2836 multa
1445 2780 1589 2835 enim
1611 2791 1806 2849 genera

216 2881 410 2940 mortis
433 2889 560 2936 sunt
589 2896 606 2940 ;
639 2893 761 2934 nam
791 2877 1024 2950 primum
1053 2890 1173 2932 esse
1203 2876 1256 2930 in
1286 2888 1452 2930 carne
1471 2913 1485 2937 ,
1515 2871 1703 2927 mortis
1727 2868 1804 2941 (1)

219 2985 306 3033 est
336 2993 351 3030 :
382 2972 576 3028 deinde
603 2971 850 3043 accipere
896 2970 1075 3026 omnia
1115 2980 1332 3041 peccata
1364 2968 1563 3034 carnis,
1597 2974 1652 3022 et
1695 2965 1809 3036 ipsa

220 3080 371 3126 mors
396 3077 477 3122 est
509 3083 523 3119 :
553 3064 676 3119 ideo
719 3063 989 3134 adjectum
1010 3103 1023 3125 ,
1075 3077 1233 3128 usque
1257 3060 1326 3114 ad
1361 3069 1593 3115 mortem.
1638 3057 1810 3127 Quam

1894 1867 2147 1911 sceuSum
2174 1893 2190 1919 ,
2246 1866 2518 1919 nunquam
2561 1848 2725 1903 lilium
2764 1845 2966 1901 dictum
3004 1858 3124 1899 esse
3163 1842 3310 1915 λόγον
3334 1882 3351 1909 ,
3406 1852 3509 1897 nec

1896 1962 2042 2005 nunc
2085 1947 2158 2002 ita
2199 1943 2469 2015 expositio
2511 1942 2611 1997 ista
2655 1942 2851 2005 currit,
2902 1947 2957 1994 et
2994 1935 3313 1993 sententiam
3352 1947 3503 1988 suam

1900 2050 2075 2107 tenet,
2111 2048 2168 2094 ut
2195 2054 2317 2095 cum
2349 2038 2551 2093 dictum
2578 2035 2647 2090 sit
2675 2033 2818 2104 quod
2849 2048 2907 2088 se
2929 2032 3102 2104 ipsum
3125 2028 3502 2093 exinaniverit,

1899 2145 1953 2192 et
1994 2149 2115 2190 cum
2148 2133 2245 2189 Dei
2277 2140 2423 2187 esset
2463 2130 2632 2184 forma
2657 2170 2672 2195 ,
2701 2128 2929 2183 formam
2967 2126 3111 2183 servi
3153 2124 3422 2195 acceperit
3452 2131 3505 2179 et

1900 2228 2156 2299 ﬁguram,
2190 2225 2243 2280 iu
2269 2222 2624 2279 similitudine
2651 2222 2900 2276 inventus
2929 2218 3165 2274 hominis
3193 2225 3248 2272 et
3288 2214 3501 2280 lactus;

1902 2327 1958 2375 et
1986 2332 2155 2387 usque
2179 2315 2244 2370 ad
2278 2325 2506 2370 mortem
2532 2327 2591 2368 sc
2621 2308 2977 2367 ltumiliaverit
2994 2351 3010 2376 ,
3038 2318 3093 2364 et
3118 2315 3347 2363 mortem
3368 2320 3498 2360 cru-

1903 2410 2022 2475 cis,
2070 2416 2126 2466 et
2168 2407 2484 2479 adjunctum
2528 2405 2598 2459 ita
2626 2406 2726 2469 sit,
2759 2411 2965 2475 propter
2992 2400 3129 2473 quod
3176 2398 3316 2454 Deus
3359 2397 3508 2451 illum

1905 2501 2147 2559 exaltavit
2170 2517 2189 2555 :
2216 2499 2426 2556 videtur
2458 2505 2677 2569 pr0pter
2706 2495 2876 2570 ipsam
2907 2493 3211 2564 passionem
3241 2488 3511 2547 eXaltatus

1905 2610 2046 2662 esse,
2071 2604 2124 2650 et
2155 2591 2433 2662 accepisse
2461 2605 2520 2644 se
2549 2590 2688 2644 hanc
2709 2587 3030 2657 gratiam,ut
3059 2583 3163 2638 hoc
3193 2595 3387 2638 nomen
3415 2592 3507 2633 ac-

1906 2689 2113 2760 ciperet
2137 2683 2279 2756 quod
2302 2699 2460 2753 supra
2485 2695 2646 2737 onmc
2689 2694 2884 2735 nomen
2926 2685 3043 2742 est,
3078 2681 3299 2747 praptcr
3327 2673 3509 2735 istam,

1910 2783 2162 2854 inquam,
2191 2791 2430 2834 causam.
2475 2774 2569 2830 Sic
2594 2773 2738 2829 cnim
2776 2771 2906 2827 dicit
2933 2769 3153 2824 Paulus.
3183 2764 3337 2834 Quod
3369 2764 3413 2818 si
3440 2762 3515 2818 ita

1912 2886 2011 2943 est,
2042 2873 2198 2946 quasi
2230 2872 2457 2941 intelligi
2483 2868 2632 2935 vult,
2679 2876 2802 2922 ante
2830 2866 2933 2920 hoc
2958 2879 3063 2919 non
3095 2860 3263 2917 fuisse
3292 2871 3512 2923 nomen,

1915 2975 1973 3022 ut
2000 2964 2161 3020 fuerit
2183 2964 2353 3018 virtus
2380 2960 2495 3029 Dei,
2519 2959 2662 3033 λόγος
2687 2957 2864 3020 fuerit,
2887 2954 3049 3010 etiam
3082 2951 3249 3007 forma
3273 2947 3436 3005 fuerit
3463 2949 3516 3001 in

1914 3073 1982 3115 eo
2028 3056 2170 3129 quod
2212 3056 2387 3132 λόγος.
2416 3062 2472 3109 et
2520 3054 2698 3118 Deus,
2738 3057 2795 3106 et
2838 3046 2998 3104 fuerit
3038 3044 3179 3118 apud
3221 3043 3427 3099 Deum:
3455 3054 3520 3097 ac

220 3158 491 3217 mortem?
523 3156 691 3211 crucis
715 3196 729 3221 ,
767 3154 958 3225 inquit.
994 3152 1206 3209 Etenim
1235 3166 1333 3207 nos
1362 3152 1608 3209 Salvator
1635 3157 1812 3206 mnrle
1837 3169 1884 3233 ς
1919 3159 2201 3223 propterea
2240 3147 2394 3219 quasi
2425 3161 2531 3201 nou
2565 3142 2889 3209 Conveniat,
2933 3150 2989 3195 ut
3016 3149 3139 3194 tunc
3186 3136 3278 3191 lilii
3323 3147 3520 3189 nomen

220 3268 329 3309 non
356 3249 628 3315 lihetavit,
652 3246 748 3303 sed
778 3256 949 3301 morte
970 3245 1146 3301 crucis
1167 3244 1412 3299 liberavit
1445 3261 1460 3299 :
1481 3258 1641 3298 omne
1666 3241 1810 3296 enim

219 3343 536 3419 mysteriqu
571 3357 674 3395 non
706 3341 757 3394 in
788 3350 961 3395 morte
989 3348 1219 3405 tantum,
1252 3337 1346 3394 sed
1383 3335 1608 3402 Christi,
1638 3335 1730 3391 sed
1760 3344 1813 3390 et

219 3440 273 3496 in
305 3445 480 3493 morte
509 3434 689 3492 crucis
719 3452 733 3488 :
764 3433 906 3489 unde
934 3432 1068 3488 dixit
1091 3433 1311 3499 Paulus,
1340 3432 1498 3489 tidem
1529 3447 1589 3488 se
1614 3430 1815 3488 habere

218 3530 274 3587 in
306 3528 603 3592 Christum,
639 3535 692 3583 et
720 3527 772 3581 in
800 3524 1075 3580 Christum
1102 3524 1276 3596 ipsum
1308 3525 1632 3594 cruciﬁxum.

291 3622 457 3678 Vens.
486 3621 540 3684 9.
569 3620 654 3679 10.
676 3619 1051 3689 H.—Quibus
1081 3618 1334 3673 omnibus
1349 3618 1477 3689 quid
1508 3617 1816 3689 colligitur?

215 3715 361 3787 Ergo
380 3714 630 3770 Christus
657 3711 846 3769 etaliis
876 3711 1169 3777 consuluit,
1201 3719 1256 3766 et
1284 3724 1344 3766 se
1377 3710 1633 3766 humilem
1667 3709 1813 3765 fecit.

216 3809 442 3880 PrOpter
482 3806 619 3876 quod
644 3815 690 3861 et
724 3804 868 3861 Deus
903 3806 1145 3860 exultavit
1175 3803 1328 3859 illum
1354 3845 1369 3870 ,
1400 3814 1448 3857 et
1488 3804 1697 3858 donavit
1736 3802 1817 3857 illi

217 3918 401 3960 nomen
427 3944 442 3967 ,
476 3911 531 3955 ut
558 3902 613 3954 in
637 3900 842 3954 nomine
870 3896 999 3952 Iesu
1039 3913 1209 3951 omnes
1239 3912 1404 3967 genua
1429 3896 1675 3966 ﬂectant,
1719 3911 1817 3949 ca:-

216 3995 444 4057 lestium,
462 3992 799 4057 terrestrium,
815 4000 861 4044 et
886 3990 1227 4061 infernarum;
1249 3996 1292 4041 et
1316 3987 1480 4041 omnis
1502 3988 1678 4057 lingua
1694 4002 1819 4041 con-

217 4091 427 4161 fiteatur
447 4087 689 4159 quoniam
711 4083 966 4138 Dominus
991 4081 1145 4137 Jesus
1172 4080 1405 4135 Christus
1442 4080 1497 4132 in
1523 4078 1691 4151 gloria
1721 4077 1819 4133 Dei

215 4180 396 4237 Patris
427 4178 524 4251 (2).
545 4177 683 4248 Quid
715 4175 855 4232 istud
880 4174 971 4241 sit,
997 4173 1138 4245 quod
1169 4186 1311 4228 nunc
1340 4172 1540 4227 dictum
1566 4179 1669 4237 est,
1694 4172 1818 4242 quia

216 4273 343 4332 ideo
377 4271 519 4327 Deus
549 4269 744 4325 Filium
775 4283 931 4323 suum
964 4266 1259 4333 exultavit,
1290 4275 1343 4320 et
1375 4264 1427 4319 ei
1455 4264 1676 4319 donavit
1721 4279 1818 4319 no-

215 4382 342 4423 men
372 4363 515 4437 quod
547 4376 711 4434 supra
739 4359 918 4416 omnia
947 4360 1164 4415 nomina
1198 4366 1279 4414 est
1304 4399 1319 4424 ,
1363 4367 1417 4413 et
1446 4356 1586 4429 quod
1618 4357 1689 4412 sit
1717 4357 1819 4413 hoc

215 4458 393 4530 ipsum
425 4472 662 4521 nomen,
695 4463 750 4509 et
786 4468 954 4525 quare
1000 4467 1143 4508 nunc
1173 4451 1289 4507 haec
1334 4450 1616 4506 donaverit
1658 4458 1819 4520 atque

216 4549 572 4615 concesserit,
605 4547 706 4604 etsi
736 4547 913 4618 magni
946 4555 1207 4602 tractatus
1231 4554 1315 4599 est
1345 4559 1659 4615 magnaeque
1688 4543 1819 4599 doc-

219 4644 400 4710 trinae,
431 4652 609 4698 tamen
639 4656 740 4697 nos
770 4639 823 4695 id
855 4640 1013 4711 quale
1041 4638 1133 4703 sit,
1166 4637 1401 4693 breviter
1439 4636 1815 4691 admonemus.

217 4734 490 4801 Christus,
516 4732 568 4788 id
584 4743 668 4789 est
687 4733 855 4807 λόγος,
880 4732 1107 4803 quicum
1128 4731 1236 4785 Deo
1265 4738 1368 4794 est,
1392 4738 1447 4784 et
1468 4728 1606 4799 apud
1624 4729 1816 4796 Dettm,

213 4829 368 4897 juxta
404 4824 570 4880 Deum
597 4867 612 4888 ,
662 4834 717 4881 et
763 4823 967 4879 idcirco
1003 4822 1164 4878 etiam
1198 4822 1313 4891 ipse
1346 4823 1488 4877 Deus
1511 4862 1527 4887 ,
1560 4821 1645 4875 cui
1676 4820 1820 4894 λόγος

224 4915 316 4972 hic
377 4932 445 4972 ex
514 4916 825 4987 operatione
866 4925 982 4986 ejus
1022 4914 1301 4985 provenit,
1365 4923 1422 4968 ut
1462 4922 1518 4968 et
1572 4911 1821 4968 Christus

218 5021 363 5068 esset
388 5010 564 5079 Jesus,
599 5021 651 5067 et
702 5010 1050 5076 exaltaretur,
1082 5018 1138 5065 et
1177 5023 1342 5079 supra
1373 5007 1555 5063 omnia
1600 5007 1820 5062 nomina

219 5122 419 5165 nomen
450 5107 755 5179 acciperet,
783 5106 925 5180 λόγος
948 5147 964 5172 ,
995 5104 1235 5174 inquam,
1275 5103 1377 5157 iste
1403 5102 1455 5156 in
1485 5115 1552 5156 eo
1576 5100 1717 5171 quod
1738 5101 1823 5156 λό-

219 5225 313 5280 γος
349 5210 473 5265 est,
506 5200 677 5256 forma
723 5200 815 5255 Dei
869 5208 993 5263 est,
1043 5212 1170 5254 vere
1205 5196 1468 5267 jungitur,
1518 5192 1821 5261 colvulatur,

222 5308 501 5365 unumque
530 5300 617 5350 est
640 5333 653 5355 .
687 5300 743 5348 et
773 5291 973 5348 idcirco
994 5301 1049 5347 et
1074 5291 1219 5364 λόγος
1246 5289 1386 5344 Deus
1411 5298 1517 5355 est,
1548 5301 1643 5358 per
1663 5302 1823 5357 quem

223 5396 410 5443 creata
437 5391 564 5440 sunt
589 5384 790 5451 omnia,
823 5392 877 5439 et
906 5384 959 5438 in
989 5398 1096 5455 quo
1124 5380 1267 5453 quod
1287 5378 1539 5436 effectum
1569 5386 1688 5447 est,
1719 5377 1828 5434 vita

202 5468 330 5550 “est,
373 5492 428 5539 et
462 5479 567 5536 hoc
602 5478 703 5535 l‘uit
742 5493 773 5533 a
808 5476 1096 5549 principio,
1132 5484 1187 5533 et
1210 5475 1329 5532 sine
1361 5474 1485 5547 logo
1513 5472 1718 5530 factum
1747 5481 1832 5530 est

301 5634 382 5780 ξιξ
414 5635 490 5690 Ita
519 5633 828 5701 eodd.,non
855 5649 1014 5687 mors.

325 5708 360 5762 2
412 5706 646 5780 Vulg,...
681 5705 917 5780 Ecdedit
942 5704 1014 5759 illi

325 5704 381 5778 2)
412 5706 646 5778 Vulg,...
681 5705 917 5778 Etgdedit
942 5704 1023 5759 illi
1051 5718 1234 5759 nomen
1250 5704 1397 5778 quod
1410 5712 1483 5760 est
1509 5718 1663 5776 super
1679 5717 1829 5760 omne

227 5773 441 5850 nomen,
464 5773 600 5836 ut'in
623 5776 829 5836 uomitu
857 5773 986 5834 Iesu
1015 5787 1167 5835 omne
1193 5773 1327 5846 genu
1357 5773 1617 5847 ﬂectatur,
1642 5780 1748 5832 etc.

1918 3242 2226 3314 acceperit,
2250 3239 2346 3295 sed
2395 3247 2744 3310 posteaquam
2777 3236 2992 3290 missus.
3030 3231 3088 3286 lu
3117 3243 3223 3299 quo
3258 3226 3516 3297 intelligi-

1919 3352 2037 3393 mus
2055 3335 2191 3408 jam,
2215 3350 2283 3390 ex
2309 3347 2375 3389 eo
2402 3331 2543 3403 quod
2572 3330 2771 3385 missus
2797 3339 2902 3393 est,
2934 3325 3083 3380 illum
3112 3336 3236 3379 esse
3266 3320 3476 3376 Patrem
3504 3359 3520 3385 ,

1918 3439 1975 3487 et
2000 3431 2144 3485 hunc
2171 3428 2366 3484 Filium
2400 3443 2413 3479 :
2447 3424 2641 3481 deinde
2672 3430 2892 3494 pr0pter
2920 3432 3106 3489 opera,
3139 3425 3359 3486 propter
3386 3425 3525 3484 mys-

1920 3525 2135 3588 terium,
2161 3505 2383 3594 propter
2413 3518 2742 3591 passionem,
2775 3529 2878 3585 qua
2903 3513 3007 3567 vita
3038 3526 3183 3565 mors
3211 3516 3314 3574 est,
3350 3512 3524 3560 morte

1919 3619 2034 3692 ipsa
2060 3616 2299 3680 Christi;
2334 3622 2555 3685 propter
2582 3610 2720 3664 hanc
2742 3650 2756 3673 ,
2787 3608 3028 3678 inquam,
3060 3602 3286 3677 gratiam
3317 3598 3526 3669 accepit

1920 3726 2118 3769 nomen
2147 3708 2291 3781 quod
2325 3721 2489 3777 supra
2521 3716 2682 3757 omne
2713 3714 2909 3755 nomen
2952 3707 3072 3762 est;
3106 3703 3162 3749 ut
3192 3701 3397 3749 tantmn
3427 3705 3525 3746 no-

1920 3819 2045 3861 men
2090 3799 2411 3865 accesserit,
2456 3809 2544 3851 res
2588 3793 2776 3849 eadem
2814 3790 3009 3847 luerit:
3038 3798 3093 3844 et
3144 3798 3298 3850 ante,
3339 3783 3393 3839 id
3443 3792 3526 3839 est

1920 3900 2102 3974 λόγος,
2132 3904 2294 3967 atque
2342 3894 2456 3961 ipsa
2492 3889 2693 3954 virtus;
2727 3902 2832 3942 non
2880 3894 2939 3941 ttt
2980 3897 3121 3939 nunc
3162 3881 3392 3953 prinmm
3436 3892 3524 3934 res

1922 3969 2104 4055 fuerit,
2132 3985 2347 4059 quando
2374 3984 2429 4039 in
2468 3995 2687 4038 carnem
2718 3977 2884 4033 venit.
2917 3974 3025 4031 Sed
3054 3988 3176 4029 cum
3215 3984 3303 4026 res
3331 3969 3519 4033 venit,

1924 4084 1976 4140 id
2002 4091 2090 4138 cst
2114 4080 2305 4144 virtus,
2333 4090 2388 4132 et
2412 4073 2692 4145 sapientia,
2724 4079 2779 4127 et
2806 4078 2980 4135 actus,
3012 4074 3066 4122 et
3093 4061 3354 4135 operatio,
3377 4060 3527 4134 λόγος

1924 4187 2103 4233 tamen
2132 4173 2309 4229 dictus
2332 4168 2489 4225 fuerit
2511 4210 2526 4234 ,
2555 4177 2607 4222 et
2631 4166 2776 4240 λόγος
2804 4162 2985 4218 fuerit.
3017 4158 3169 4213 Nunc
3197 4164 3377 4210 autem
3412 4154 3527 4222 ipse

1920 4271 2066 4346 λόγος
2087 4283 2207 4325 cum
2227 4264 2402 4321 induit
2422 4275 2664 4326 carnem,
2690 4266 2749 4313 ut
2771 4256 2973 4311 dictum
2998 4262 3100 4319 est,
3119 4255 3255 4322 ipse,
3283 4248 3523 4318 inquam,

1921 4341 2067 4438 16-poi-
2108 4369 2229 4432 post
2276 4356 2580 4429 passionem
2611 4394 2626 4419 ,
2673 4358 2727 4407 et
2756 4355 2878 4420 po:t
2907 4354 3133 4402 mortem
3175 4341 3349 4397 crucis
3371 4380 3387 4405 ,
3424 4352 3528 4408 qua

1926 4432 2055 4513 vicit
2080 4468 2295 4512 omnem
2348 4460 2577 4505 mortem
2621 4453 2676 4500 et
2703 4442 2882 4499 omnia
2924 4447 3141 4511 peccata
3167 4479 3183 4504 ,
3212 4432 3532 4489 vocabulum

1843 4568 1899 4629 D
1924 4547 2195 4620 acceperit
2224 4543 2344 4599 Filii
2368 4584 2384 4609 ,
2412 4539 2557 4613 quod
2594 4535 2910 4592 Vocabulum
2952 4545 3112 4602 supra
3145 4541 3309 4584 omne
3337 4537 3534 4581 nomen

1925 4650 2029 4697 est.
2058 4614 2199 4707 Quid
2228 4635 2371 4690 enim
2401 4640 2486 4688 est
2513 4628 2656 4701 quod
2706 4625 2877 4697 possit
2916 4623 3083 4693 accipi
3115 4617 3323 4691 aequale
3343 4658 3359 4685 ,
3390 4614 3534 4686 quod

1925 4728 2227 4802 comparari
2256 4725 2422 4799 possit
2453 4738 2574 4778 cum
2594 4718 2719 4776 Filii
2747 4715 3007 4773 nomine?
3032 4712 3244 4768 Etenim
3274 4707 3531 4775 amicitia,

1927 4801 2206 4896 sanguinis
2222 4816 2553 4890 conjunctio.
2576 4809 2931 4885 germanitas,
2956 4815 3011 4863 et
3035 4816 3252 4872 caetera,
3272 4801 3532 4858 inferiora

1928 4895 2058 4974 sunt
2083 4912 2263 4970 omnia
2287 4928 2304 4979 ;
2334 4911 2449 4966 sive
2471 4906 2845 4963 ministrorum
2865 4943 2881 4969 ,
2906 4901 3022 4957 sive
3043 4897 3354 4970 angelorum
3373 4937 3389 4965 ,
3419 4895 3536 4951 sive

1931 5019 2283 5079 quacumque
2322 5001 2427 5058 alia
2466 4997 2781 5055 dixerimus.
2833 4994 2929 5050 Est
2969 4992 3130 5064 igitur
3169 4988 3335 5045 Filius
3372 5002 3531 5058 supra

1931 5118 2091 5161 omne
2118 5114 2318 5157 nomen
2343 5118 2357 5155 :
2386 5094 2529 5170 quod
2568 5108 2764 5149 nomen
2794 5089 2945 5146 dedit
2967 5088 3122 5161 .Deus
3154 5084 3374 5142 Christo
3412 5091 3534 5154 post

1935 5196 2265 5270 passionem,
2299 5198 2419 5263 post
2447 5201 2682 5244 crucem.

2011 5288 2193 5347 Videri
2225 5297 2404 5343 tamen
2435 5290 2632 5357 potest,
2665 5293 2832 5351 prope
2868 5291 2975 5334 non
3010 5277 3082 5332 ita
3109 5289 3230 5332 esse
3258 5280 3317 5328 ut
3343 5283 3533 5326 verum

1936 5384 2039 5449 sit.
2071 5380 2214 5442 uuod
2257 5378 2427 5435 Filius
2470 5390 2632 5447 supra
2676 5387 2839 5428 omne
2885 5385 3082 5427 nomen
3121 5370 3212 5424 sit.
3247 5363 3460 5421 Etenim
3488 5361 3538 5418 si

1938 5477 2082 5534 ﬁlius
2112 5490 2217 5532 non
2253 5471 2451 5530 dicitur
2477 5469 2582 5527 nisi
2608 5482 2731 5526 cum
2769 5475 2921 5540 pater
2941 5465 3048 5533 sit,
3068 5473 3123 5520 et
3152 5470 3306 5533 pater
3332 5474 3454 5516 cum
3477 5458 3541 5515 ﬁ-

2013 5693 2094 5768 (t)
2123 5687 2386 5768 Loquitur
2427 5683 2748 5768 deLArianis
2769 5721 2787 5751 ,
2822 5691 2962 5751 quos
2990 5675 3152 5734 etiam
3182 5672 3450 5733 subtiliter
3481 5671 3539 5729 in

1938 5757 2286 5839 loquentibus
2304 5757 2566 5831 coarguit.
