4018 6184
618 244 753 302 1211

1862 236 2057 311 ttsnn
2094 213 2434 313 merentur
2473 259 2634 317 AFRl

3680 278 3760 333 lil‘.

618 361 723 419 lius
742 362 832 429 sit,
849 363 1103 435 numquid
1126 364 1287 419 etiam
1310 364 1412 420 hoc
1441 358 1657 435 nomen,
1684 365 1872 435 Filius,
1897 383 2054 440 supra
2077 368 2208 425 illud
2237 376 2287 435 Α
2316 389 2457 441 mus,
2476 374 2617 446 quod
2640 377 2979 437 consulentes
3002 388 3055 435 et
3079 395 3264 439 curam
3287 378 3473 454 aliis(i)
3495 394 3694 455 gerentes,
3710 409 3767 444 uo-

624 472 818 513 nomen
865 467 948 513 est
969 500 983 523 ,
1016 457 1159 529 quod
1201 458 1363 514 Pater
1397 460 1517 516 est?
1544 459 1737 532 Utique
1766 477 1891 517 non.
1938 463 2218 530 Quomodo

623 563 752 619 ergo
776 547 943 604 Filius
959 564 1155 607 nomen
1185 566 1305 606 cum
1326 552 1613 622 acciperet,
1648 569 1807 625 supra
1831 570 1992 611 omne
2021 571 2218 610 nomen

620 643 867 715 accepit?
898 644 1094 717 Utique
1136 645 1278 703 circa
1322 647 1422 702 alia
1469 649 1588 704 sine
1616 647 1780 704 dubio
1825 651 2041 704 nomina
2080 650 2221 704 arci-

622 736 815 807 pienda
845 747 987 793 sunt.
1008 753 1279 812 supraque
1308 741 1486 795 omnia
1519 741 1620 796 alia
1654 739 1755 797 hoc
1785 757 1983 798 nomen
2007 742 2109 799 Ftli
2139 741 2221 817 (i)

620 828 709 885 sit.
741 827 875 884 Nam
909 840 1062 900 pater
1083 847 1205 887 cum
1236 831 1378 889 Filio
1403 834 1623 904 junctus
1649 846 1749 902 est,
1786 845 1839 891 et
1865 837 2090 908 arqualia
2119 852 2218 891 no-

619 921 764 977 mina
810 924 912 977 ista
965 934 1129 992 sunt,
1162 935 1420 997 quantum
1469 927 1534 981 ad
1576 928 1826 993 nomina;
1857 910 1957 983 etsi
2000 943 2105 982 non
2152 928 2223 983 sit

619 1013 785 1069 Filius
815 1031 1011 1070 nomen
1042 1032 1200 1086 supra
1236 1017 1412 1073 Patris
1442 1033 1636 1073 ιιοιιιειι
1661 1061 1676 1086 ,
1705 1033 1804 1074 nec
1834 1018 1994 1075 Pater
2024 1034 2218 1075 nomen

616 1125 775 1181 supra
822 1110 941 1165 Filii
989 1127 1206 1167 nomen.
1256 1112 1437 1167 Virtus
1483 1114 1569 1168 illa
1619 1129 1739 1185 qua:
1783 1114 1979 1171 dicitur
2018 1117 2219 1187 Pater,

615 1219 776 1276 supra
798 1212 900 1270 est,
918 1220 1079 1275 supra
1103 1205 1244 1259 illam
1268 1204 1542 1272 virtutem,
1564 1222 1684 1277 quae
1705 1208 1903 1264 dicitur
1923 1206 2092 1264 Filius
2117 1197 2242 1284 (2),

613 1311 811 1351 nomen
857 1307 1032 1351 tamen
1064 1298 1146 1352 vel
1191 1295 1358 1353 Filius
1391 1298 1475 1353 vel
1510 1298 1698 1363 Pater,
1732 1300 1955 1370 unqualia
1986 1301 2127 1356 inter
2163 1315 2223 1358 se

612 1400 757 1446 sunt.
789 1390 940 1457 Quod
968 1391 1013 1445 si
1042 1392 1113 1445 ita
1157 1400 1258 1459 est,
1290 1390 1454 1447 Filius
1485 1407 1645 1463 supra
1689 1408 1846 1449 omne
1877 1408 2071 1449 nomen
2103 1405 2184 1450 est
2205 1436 2220 1461 ,

616 1481 739 1552 quia
784 1481 943 1536 Pater
972 1498 1092 1538 cum
1127 1481 1264 1537 Filio
1292 1482 1452 1537 simul
1482 1498 1642 1555 supra
1674 1498 1834 1539 omne
1865 1500 2059 1541 nomen
2107 1495 2218 1555 est;

613 1580 696 1635 cui
727 1579 929 1635 nomini
961 1622 976 1649 ,
1005 1591 1057 1637 et
1091 1580 1144 1635 in
1167 1595 1275 1653 quo
1313 1583 1532 1637 nomine
1556 1624 1570 1647 ,
1609 1582 1737 1638 Jesu
1778 1582 1975 1637 Christi
2001 1625 2016 1649 ,
2046 1583 2222 1639 (mntis

612 1671 777 1728 homo
806 1688 980 1742 genua
1012 1683 1201 1727 curvat
1222 1717 1237 1741 ,
1270 1683 1323 1729 et
1367 1683 1525 1731 orat:
1560 1689 1735 1746 neque
1774 1674 1939 1729 homo
1972 1685 2176 1731 tantum
2204 1720 2218 1744 ,

2319 464 2404 521 bis
2420 465 2585 538 magis
2598 467 2824 525 salutem
2842 486 3150 543 operemur.
3169 470 3365 527 Deinde
3383 474 3558 542 quodin
3571 479 3767 553 uobisprs.

2320 564 2470 613 stans
2492 558 2573 631 (2)
2599 559 2669 615 sit
2691 560 2845 619 nobis
2870 563 3097 620 salutem
3128 564 3354 635 operari.
3371 563 3449 622 Sic
3471 567 3587 622 enim
3608 569 3773 638 ditibus-

2323 647 2479 703 lutem
2507 660 2722 709 vestram
2765 655 3069 724 operamini.
3103 653 3213 712 Sed
3246 670 3421 711 rursus
3447 672 3505 715 ne
3523 665 3775 733 unusquisque

2321 755 2508 812 parum
2522 740 2745 813 gratiam
2766 744 2873 800 Deo
2893 744 3111 815 referat,
3136 748 3181 802 si
3204 745 3315 818 ipse
3334 747 3428 802 sibi
3444 749 3630 807 salutem
3643 759 3779 824 operari

2321 833 2586 901 videatur,
2610 835 2877 906 adjectum
2896 848 2976 893 est
2994 838 3149 904 illttd,
3166 836 3303 892 Deus
3313 848 3382 893 est
3400 840 3515 893 enim
3532 843 3604 911 qui
3623 857 3783 912 operatur

2321 927 2373 981 in
2404 929 2541 982 vobis
2565 970 2581 995 ,
2608 937 2654 989 et
2691 930 2946 985 voluntate
2974 939 3023 985 et
3057 930 3277 1009 emcacia
3300 976 3315 996 ,
3352 947 3437 1001 pro
3461 932 3572 987 bona
3599 937 3783 994 voluntate.

2322 1019 2466 1091 Ergo
2504 1021 2721 1075 salutem
2765 1032 2981 1077 vestram
3009 1064 3023 1087 ,
3071 1025 3282 1094 inquit,
3322 1026 3692 1094 operamini:sed
3720 1030 3786 1098 ipsa

2321 1116 2564 1186 operatio
2608 1124 2787 1171 tamen
2834 1130 2865 1172 a
2912 1117 3025 1175 Deo
3068 1124 3193 1175 est:
3220 1117 3358 1173 Deus
3383 1119 3511 1173 enim
3550 1125 3789 1191 operaturin

2323 1206 2475 1263 vobis
2499 1248 2513 1271 ,
2551 1215 2607 1262 et
2634 1219 2889 1280 Operatur
2918 1214 2977 1262 ut
3005 1207 3181 1263 velitis
3210 1209 3301 1267 ita.
3332 1208 3397 1263 Et
3429 1210 3556 1265 velle
3586 1214 3700 1282 quasi
3719 1228 3790 1268 tus-

2321 1307 2462 1354 trum
2490 1310 2611 1369 est,
2641 1301 2783 1357 unde
2812 1316 2909 1357 nos
2929 1316 3221 1375 operamur
3258 1302 3406 1359 nobis
3446 1303 3655 1359 salutem.
3686 1304 3729 1360 Et
3749 1317 3791 1359 ta-

2321 1411 2444 1451 men
2468 1397 2589 1467 quia
2620 1400 2791 1468 ipsum
2821 1399 2981 1466 velle,
3009 1414 3039 1453 a
3066 1400 3175 1455 Deo
3205 1399 3358 1453 nobis
3379 1409 3617 1469 operatur,
3640 1402 3683 1455 lit
3704 1410 3789 1454 uter

2325 1488 2438 1545 Deo
2486 1499 2540 1544 et
2582 1492 2952 1560 Operationem
3002 1500 3059 1546 et
3108 1492 3429 1546 voluntatem
3471 1489 3721 1547 habeamus.
3754 1491 3793 1546 ita

2323 1587 2611 1651 utrumque
2643 1582 2864 1639 mixtum
2897 1590 2980 1639 est
3004 1623 3021 1650 ,
3057 1591 3113 1638 ut
3137 1593 3192 1638 et
3236 1598 3334 1637 nos
3364 1582 3621 1639 habeamus
3642 1584 3796 1637 volunta-

2325 1678 2469 1736 tem,
2505 1682 2556 1727 et
2588 1671 2683 1727 Dei
2713 1674 2782 1728 sit
2825 1675 2935 1742 ipsa
2978 1674 3266 1739 voluntas;
3296 1683 3349 1728 et
3377 1676 3498 1745 quia
3531 1674 3728 1729 habemus
3746 1692 3798 1727 ιυ-

610 1764 706 1819 sed
745 1764 923 1819 omnia
967 1765 1208 1825 ccelestia
1237 1774 1289 1820 et
1324 1766 1513 1821 ontnia
1548 1777 1765 1822 terrena
1787 1809 1800 1834 ,
1833 1775 1888 1822 et
1910 1768 2091 1823 omnia
2118 1769 2219 1825 sub
2250 1772 2296 1833 Β
2325 1762 2588 1819 lunlalem
2615 1806 2630 1830 .
2661 1764 2798 1820 adsit
2838 1764 3078 1824 efﬁcacia
3118 1782 3216 1839 pro
3256 1767 3394 1822 bona
3431 1767 3679 1823 Vttlunlale-
3701 1767 3799 1839 litigii

614 1856 774 1912 terris
793 1872 912 1928 qua:
928 1858 1160 1915 inferius
1181 1874 1302 1915 esse
1323 1858 1597 1915 dicuntur.
1620 1861 1685 1915 Et
1706 1860 1853 1927 item,
1880 1860 2037 1916 Vsus.
2064 1862 2227 1918 ii:—

621 1950 799 2006 Omnis
816 1967 913 2006 vox
925 1952 1195 2021 conﬁtetur
1206 1951 1344 2024 quod
1354 1950 1388 2006 Ι
1393 1969 1505 2007 esus
1519 1951 1749 2008 Christus
1766 1951 2017 2009 Dominus
2033 1965 2222 2010 noster,
2242 1964 2245 1967 '

615 2046 670 2099 in
699 2046 868 2116 gloria
897 2044 1073 2102 Putris
1099 2057 1174 2102 est
1205 2045 1304 2119 (ὃ),
1326 2057 1378 2102 ει
1405 2046 1504 2104 fuit
1533 2063 1768 2119 semper.
1801 2048 1927 2105 liam
1955 2065 2085 2120 ergo
2113 2051 2245 2120 gloo'

622 2139 697 2193 ria
728 2139 777 2194 ei
807 2139 931 2195 data
962 2149 1081 2205 est,
1113 2149 1169 2195 nt
1196 2141 1365 2212 gloria
1388 2140 1458 2194 sit
1498 2141 1611 2211 ipse
1652 2141 1814 2214 patris
1842 2185 1857 2207 ,
1887 2143 2138 2213 quoniam
2173 2150 2229 2200 et

621 2246 775 2304 pater
800 2250 923 2290 eum
964 2235 1183 2306 genuit;
1226 2244 1280 2291 et
1310 2234 1378 2293 ab
1422 2249 1487 2290 eo
1521 2246 1734 2291 creatus
1783 2234 2014 2290 mundus
2050 2243 2133 2290 est
2175 2242 2230 2291 et

621 2325 886 2395 salvatus,
919 2337 974 2384 et
992 2328 1098 2382 vita
1129 2342 1275 2382 mors
1295 2338 1399 2393 est;
1429 2336 1484 2382 et
1504 2328 1649 2382 salus
1677 2329 2079 2400 aeternitasque,
2108 2344 2229 2400 quas

622 2418 843 2489 quaesita
875 2428 959 2474 est
988 2419 1074 2474 his
1113 2419 1381 2475 omnibus.
1407 2419 1508 2493 Qui
1541 2421 1591 2475 in
1623 2422 1798 2493 ipsum
1833 2421 2061 2477 credunt
2088 2436 2233 2481 mor-

626 2518 732 2567 tem
764 2513 816 2565 in
844 2509 1045 2567 Christi
1072 2523 1244 2567 morte
1274 2512 1538 2569 vicerunt.

702 2602 863 2659 Vens.
896 2603 983 2670 12,
1021 2603 1102 2659 15.
1125 2603 1557 2676 —-Quapropler,
1577 2604 1702 2658 mihi
1730 2604 2231 2678 charissimi,quem-

626 2693 904 2751 admodum
947 2711 1146 2769 semper
1186 2697 1477 2763 obauditis,
1538 2714 1640 2753 non
1705 2708 1946 2761 tanquam
1999 2699 2052 2753 in
2099 2714 2233 2770 prte-

625 2789 839 2844 seutiatu
861 2797 1079 2857 tantum,
1105 2789 1195 2844 sed
1221 2790 1380 2846 multo
1406 2791 1569 2862 magis
1599 2793 1733 2846 nunc
1760 2792 1811 2847 in
1838 2791 2086 2860 absentia,
2116 2809 2233 2848 cum

627 2892 761 2938 metu
803 2892 849 2937 et
894 2892 1110 2941 tremore
1146 2885 1361 2940 salutem
1392 2896 1613 2941 vestram
1649 2887 1954 2961 operamini.
1994 2884 2132 2943 Deus
2161 2895 2234 2943 est

628 2978 762 3031 enim
791 2978 879 3050 qui
904 2989 1145 3051 operatur
1169 2979 1221 3033 in
1251 2979 1389 3035 vobis
1408 3020 1422 3046 ,
1446 2980 1771 3049 etvoluntale
1798 2990 1845 3035 et
1869 2982 2111 3057 e/ﬁcacia,
2140 2998 2234 3054 pro

630 3067 763 3123 bona
777 3068 1115 3144 voluntatem
1127 3112 1140 3126 .
1156 3070 1285 3125 Post
1301 3070 1615 3143 mysterium
1636 3072 1796 3128 totius
1812 3073 2237 3129 administratio-

2329 1865 2508 1910 autem
2541 1854 2772 1915 hominis
2808 1858 2991 1935 alligat
3028 1859 3277 1914 timorem
3305 1899 3319 1925 ,
3346 1873 3461 1913 cum
3488 1856 3629 1926 dicit,
3654 1857 3746 1913 Dm
3760 1870 3799 1919 at

2327 1946 2463 2001 enim
2504 1948 2593 2020 qui
2638 1961 2877 2019 operatur
2915 1952 2969 2005 in
3013 1951 3172 2006 vobis.
3210 1951 3418 2008 Etenim
3450 1952 3491 2006 si
3520 1952 3565 2006 in
3592 1952 3693 2021 ipsis
3719 1952 3798 2005 Dens

2327 2050 2410 2101 εει
2435 2042 2525 2111 qui
2553 2053 2829 2117 operatur,
2862 2047 2978 2100 sine
3005 2045 3169 2101 dubio
3197 2046 3247 2100 in
3279 2045 3467 2101 timore
3493 2061 3598 2102 esse
3618 2045 3800 2111 debemus,

2328 2149 2396 2189 ne
2424 2133 2682 2193 faciamus
2711 2148 2897 2193 contra
2935 2137 3025 2193 Dei
3054 2137 3417 2203 voluntatem,
3444 2146 3531 2192 aut
3556 2139 3692 2192 minus
3709 2152 3801 2206 ager

2329 2225 2421 2295 do,
2447 2238 2539 2281 aut
2586 2244 2690 2283 non
2719 2243 2840 2287 cum
2875 2228 3071 2284 timore
3097 2241 3151 2285 et
3181 2239 3438 2285 tremore.
3466 2228 3802 2299 Operaturattua

2331 2322 2475 2378 Deus
2513 2322 2565 2378 in
2595 2321 2749 2381 nobis
2766 2364 2781 2390 ,
2815 2332 2870 2379 et
2896 2323 3037 2381 velle
3059 2333 3113 2381 et
3139 2339 3331 2393 agere,
3356 2338 3454 2396 pro
3475 2323 3595 2378 bona
3619 2320 3801 2374 voluntate.

2330 2417 2406 2472 ita
2428 2417 2518 2489 qui
2543 2433 2648 2472 non
2670 2434 2736 2474 ex
2759 2418 2871 2474 Deo
2896 2429 3173 2491 operatur,
3202 2418 3436 2489 primum
3464 2431 3561 2472 non
3583 2414 3801 2470 itabrlvclle:

2331 2508 2528 2566 deinde
2554 2511 2720 2566 etiam
2748 2511 2790 2565 si
2820 2510 3072 2567 habuerit
3090 2510 3230 2566 velle
3250 2553 3265 2576 ,
3300 2510 3579 2566 el'l‘tcaciam
3602 2523 3682 2564 non
3701 2506 3804 2570 habet,

2332 2603 2455 2681 quia
2490 2616 2596 2658 non
2631 2603 2790 2659 habet
2814 2602 3010 2659 bonam
3040 2603 3398 2661 voluntatem.

2403 2694 2570 2753 Vsus.
2602 2697 2689 2763 M,
2715 2696 3075 2753 15.—0mnia
3089 2698 3240 2769 facite
3262 2699 3376 2759 sine
3397 2694 3809 2752 murmuratiotdlttttt

2335 2789 2737 2845 limitationibus
2777 2789 2856 2843 vel
2897 2788 3348 2844 relractalionibus
3391 2787 3491 2863 (3).
3529 2786 3617 2843 Ista
3646 2785 3719 2841 duo
3741 2789 3811 2836 sunt

2336 2883 2540 2937 monita
2564 2925 2577 2947 ,
2614 2890 2669 2937 ut
2697 2897 2818 2936 eum
2840 2881 3051 2952 agimus
3079 2882 3279 2952 aliquid
3305 2883 3418 2953 jam
3460 2875 3808 2949 lidentesJamiu

2338 2975 2508 3031 Deum
2537 2974 2823 3031 credentes
2848 3016 2863 3039 ,
2907 2985 2963 3030 et
3008 2970 3258 3030 mandata
3302 2976 3484 3031 divina
3519 2974 3752 3053 exequimur
3777 2982 3810 3019 re

2336 3067 2636 3139 apostolica
2667 3068 2750 3123 vel
2784 3066 3097 3141 prophetica
3124 3068 3210 3125 vel
3241 3069 3570 3141 evangelica,
3600 3084 3681 3121 non
3704 3062 3811 3117 habea-

626 3163 710 3218 nis
738 3164 963 3231 editum,
997 3164 1139 3233 quod
1172 3164 1270 3219 ista
1294 3165 1525 3235 positum
1556 3164 1764 3237 fuerat,
1799 3166 1872 3221 uti
1905 3177 2231 3239 praeceptum
2261 3162 2305 3223 C
2338 3175 2459 3216 mus
2503 3162 3004 3225 murmurationem,
3029 3161 3079 3217 id
3126 3171 3211 3217 est
3253 3164 3505 3237 querelas
3539 3150 3812 3228 obtemperaret

624 3258 1065 3324 conlirmaretur,
1098 3273 1206 3330 quo
1247 3258 1499 3314 monebat
1530 3270 1586 3314 ut
1620 3259 1797 3315 omnis
1829 3259 1992 3315 homo
2031 3276 2135 3317 non
2167 3260 2235 3319 de

629 3363 689 3405 se
726 3350 1027 3420 cogitaret,
1062 3365 1239 3422 neque
1275 3366 1461 3405 curam
1505 3360 1762 3421 gereret,
1792 3362 1849 3405 ut
1879 3360 1934 3407 et
1977 3352 2236 3409 Dominus

625 3452 812 3499 noster
838 3444 995 3500 .lesns
1026 3460 1126 3499 suo
1155 3446 1417 3518 mysterio
1439 3447 1580 3516 egit:
1611 3445 1970 3518 subjuugitur,
2003 3457 2061 3502 ut
2093 3447 2233 3521 dixi,

625 3536 929 3591 exhortatio
970 3546 1028 3592 ut
1065 3552 1124 3592 se
1165 3537 1395 3591 invicem
1434 3535 1692 3606 diligant,
1725 3536 1898 3608 primo
1945 3552 2066 3599 cum
2102 3538 2238 3599 dixit

626 3627 749 3688 illos
780 3626 1132 3682 charissituos
1153 3628 1253 3684 sibi
1281 3637 1338 3684 et
1363 3628 1747 3684 dilectissitnos
1781 3647 1794 3684 :
1828 3628 2025 3687 deinde
2052 3630 2232 3698 sicuti,

626 3720 829 3794 inquit,
861 3722 988 3777 mihi
1021 3723 1375 3780 obaudientes
1404 3722 1601 3790 fuistis,
1630 3724 1700 3779 ita
1732 3737 1950 3795 semper
1978 3724 2234 3780 obaudis-

629 3814 717 3881 tis,
747 3828 851 3867 non
884 3813 936 3867 in
969 3815 1252 3884 pra~sentia
1284 3824 1486 3870 tantum
1513 3858 1528 3884 ,
1559 3815 1653 3872 sed
1687 3815 1857 3887 magis
1886 3832 1949 3870 ac
1987 3816 2154 3886 magis
2182 3815 2235 3883 in

629 3908 897 3976 absentia,
927 3919 977 3962 et
999 3908 1299 3964 obaudistis
1323 3924 1444 3964 cum
1471 3910 1662 3967 timore
1691 3919 1747 3967 et
1773 3918 2033 3967 tremore.
2058 3912 2238 3978 Quare

628 4009 810 4063 autem
842 4001 1010 4073 magis
1039 4016 1103 4056 ac
1134 4002 1347 4073 magis?
1379 4003 1461 4057 vel
1489 4003 1608 4075 quia
1636 4003 1754 4061 dies
1782 4004 2090 4075 praecedunt
2109 4048 2123 4073 ,
2152 4002 2237 4065 vel

627 4093 750 4165 quia
791 4092 844 4148 in
881 4094 1124 4150 absentia
1167 4094 1288 4164 plus
1319 4094 1589 4151 timendus
1625 4104 1705 4151 est
1746 4097 1868 4163 ille,
1897 4098 1987 4169 qui
2032 4107 2234 4154 mouet.

628 4186 766 4255 Quid
797 4196 976 4243 autem
1023 4187 1165 4244 istud
1207 4188 1347 4259 quod
1379 4187 1625 4245 hortatur
1673 4199 1728 4246 et
1767 4201 1945 4247 monet
1977 4199 2035 4246 ut
2078 4201 2240 4262 agant

629 4288 789 4350 atque
814 4291 1108 4349 operentur
1134 4278 1362 4339 salutem
1392 4296 1545 4337 suam
1567 4323 1582 4349 ,
1611 4291 1664 4336 et
1689 4290 1851 4353 agant
1884 4282 2239 4342 observantes

630 4381 794 4441 atque
815 4371 1162 4443 obedientes,
1196 4387 1316 4428 cum
1346 4374 1558 4440 timore,
1593 4373 1783 4446 inquit,
1808 4385 1863 4430 et
1886 4376 2162 4432 tremore?
2183 4384 2241 4432 ut

631 4463 793 4519 timor
831 4463 898 4518 ad
941 4462 1212 4533 animum,
1245 4475 1447 4523 tremor
1468 4481 1597 4523 vero
1623 4466 1691 4523 ad
1724 4482 1923 4541 corpus
1947 4467 2237 4525 referatur.

2337 3267 2458 3311 cum
2514 3253 2993 3325 obtemperamns:
3027 3269 3094 3309 ne
3143 3252 3268 3325 quid
3294 3296 3310 3321 ,
3357 3254 3552 3325 inquit,
3591 3246 3813 3322 agamttsttl

2337 3361 2458 3400 cum
2487 3344 2825 3400 dubitatione
2863 3346 3041 3416 aliqua
3070 3346 3155 3400 vel
3181 3362 3306 3400 cum
3345 3344 3701 3400 ratiocinatione
3718 3351 3813 3392 acre-

2338 3439 2678 3505 tractatione,
2712 3435 3014 3492 faciendum
3046 3438 3190 3492 enim
3222 3438 3308 3493 vel
3342 3455 3448 3493 non
3477 3452 3587 3493 esse
3613 3432 3815 3490 faciendum.

2340 3482 2678 3505 ....e._......e,
2712 3482 3014 3492 .--.-....-...
3233 3482 3308 3493 ..η
3342 3482 3448 3493 ..-..
3479 3482 3586 3493 νυ--

2340 3529 2436 3584 Vel
2466 3529 2592 3601 quia
2623 3544 2690 3584 ex
2729 3529 3056 3583 necessitate
3099 3529 3265 3583 facias
3291 3571 3307 3600 ,
3348 3530 3394 3585 si
3432 3526 3814 3599 couqucraris,naa
3862 3482 3863 3575 l

2338 3631 2421 3677 est
2465 3621 2884 3691 obtemperantis
2930 3620 3071 3676 bona
3107 3623 3383 3678 voluntas.
3444 3622 3509 3677 Ut
3560 3618 3820 3679 silissitttqlt-

2337 3715 2447 3768 rela
2498 3712 2745 3785 (Graecus
2802 3714 2898 3780 ait,
2948 3724 3002 3767 ut
3055 3715 3167 3769 sitis
3223 3714 3336 3768 sine
3385 3705 3817 3789 culpatione):idﬁl.
3862 3740 3863 3789 ,

2340 3818 2394 3863 ut
2461 3808 2682 3880 querela
2741 3807 2810 3863 de
2864 3809 3018 3864 vobis
3050 3824 3158 3864 non
3211 3807 3281 3863 sit
3331 3817 3439 3864 :et
3489 3808 3582 3862 hoc
3619 3800 3757 3859 dixerit
3783 3796 3820 3848 l1-

2341 3901 2486 3955 tinus
2510 3944 2524 3966 ,
2559 3903 2679 3956 sine
2709 3901 2928 3971 querela
2959 3910 3014 3956 et
3046 3899 3425 3973 iucuipabiles.
3458 3898 3670 3965 Denique
3692 3898 3819 3946 ttocsf-

2340 3995 2526 4073 quitur
2557 4011 2571 4047 :
2597 3992 2665 4048 Et
2692 3993 2879 4048 sinceri
2905 3992 3005 4064 ﬁlii
3031 3993 3129 4048 Dei
3156 3992 3500 4059 immaculali,
3524 3993 3573 4045 in
3587 3989 3715 4043 medio
3733 3991 3819 4077 pret!

2340 4072 2682 4160 generationis
2711 4097 2757 4142 et
2784 4103 3034 4159 perversa:
3057 4085 3156 4159 (4).
3189 4084 3243 4142 Si
3271 4086 3417 4141 enim
3449 4086 3547 4139 hoc
3572 4079 3702 4137 modo
3717 4072 3817 4127 ιὶῖιιε

2342 4181 2523 4236 ethoc
2551 4180 2713 4235 modo
2747 4178 3034 4245 obediatis,
3064 4194 3172 4235 non
3204 4178 3358 4234 eritis
3383 4174 3635 4239 maculati,
3658 4163 3821 4239 inquitis

2344 4273 2505 4327 tinus.
2539 4272 2761 4328 Graecus
2805 4282 2983 4328 tamen
3016 4272 3087 4326 ita
3128 4269 3305 4341 posuit
3342 4266 3534 4342 ἄμωμα
3559 4269 3707 4324 τέκνα,
3734 4256 3820 4353 id?i
3862 4256 3863 4297 ἶ

2345 4364 2439 4420 lilii
2470 4365 2587 4420 sine
2613 4363 3028 4434 vituperatione.
3059 4361 3174 4418 Hoc
3189 4370 3308 4429 est,
3338 4372 3394 4417 et
3419 4375 3572 4431 supra
3590 4356 3823 4446 dictum?

2345 4459 2457 4525 ceri
2486 4469 2664 4514 autem
2694 4459 2812 4513 sitis
2836 4471 2979 4512 nunc
3001 4499 3014 4521 ,
3042 4456 3131 4511 ubi
3156 4456 3207 4510 in
3237 4452 3419 4511 medio
3450 4465 3615 4524 prava:
3633 4448 3824 4518 generi"?

628 4556 878 4631 Magnum
901 4569 1080 4615 autem
1104 4561 1423 4635 mysterium
1454 4559 1599 4632 quod
1623 4537 1838 4617 intente.
1855 4560 2044 4618 audire
2072 4560 2238 4618 debe—
2263 4548 2316 4612 Β
2345 4551 2428 4608 "is
2457 4560 2513 4606 ει
2537 4564 2827 4621 Ρθΐνθΐεωο
2852 4548 2989 4617 Quid
3022 4547 3126 4604 ίιοο
3147 4545 3451 4618 δίϐηίθεθῑτ
3476 4543 3519 4600 εί
3543 4541 3710 4635 ⁵³³⁸³ίῖ
3729 4537 3824 4635 an?“

704 4672 784 4746 (i)
818 4672 891 4730 Ita
923 4673 1081 4731 codd.
1115 4690 1214 4745 pro
1254 4676 1372 4743 ﬁlii.
1401 4675 1466 4731 Et
1496 4675 1710 4746 quidem
1746 4677 1960 4737 unicam
1986 4677 2081 4741 iin
2111 4692 2243 4745 casu

634 4745 979 4819 patrio‘saipe
1002 4748 1259 4819 exhibent
1287 4747 1494 4819 antiqui
1518 4745 1758 4819 codices.

707 4814 801 4892 (21
821 4814 1052 4892 Legendi
1083 4832 1207 4892 sun_t
1231 4819 1332 4892 hac
1359 4814 1527 4892 super
1551 4835 1610 4875 re
1627 4818 1911 4892 Theologi,
1941 4821 2242 4892 praecipue-

636 4890 740 4953 que
767 4885 1038 4955 Petavius,
1069 4889 1138 4943 de
1167 4885 1451 4958 Trinitate',
1476 4890 1568 4946 lib.
1594 4906 1654 4958 ιι,
1683 4893 1739 4959 2,
1782 4885 1872 4947 ubi
1900 4885 1969 4948 'i's
2012 4885 2242 4949 aliorum

636 4969 852 5026 quoque
878 4959 1122 5035 ecclesia:
1148 4961 1431 5035 doctorum
1454 4962 1660 5019 similes
1701 4964 2002 5021 locutiones
2030 4965 2246 5035 sapien-

643 5036 726 5102 ter
763 5029 1037 5102 expendit.
1076 5030 1144 5086 Et
1174 5032 1388 5102 quidem
1422 5034 1596 5089 locum
1627 5036 1785 5091 etiam
1825 5029 2246 5092 Victorini'nos-

646 5099 713 5178 tri
746 5112 812 5152 ex
844 5097 991 5178 libris
1020 5097 1211 5178 contra
1236 5101 1423 5178 Arium
1459 5106 1713 5178 ventilat,
1742 5109 1898 5178 cujus
1926 5106 2089 5163 verba
2121 5121 2248 5178 pas-

642 5169 744 5224 sim
773 5183 895 5224 esse
920 5170 1303 5228 obscurissima
1338 5176 1433 5229 ait.
1463 5175 1598 5230 Tum
1624 5169 2099 5233 deiillo'Vietorini
2122 5169 2248 5235 loco

640 5240 718 5295 sic
751 5239 938 5296 deﬂuit
973 5240 1225 5298 Petavius
1250 5246 1385 5301 :Sed
1409 5247 1518 5301 lucc
1549 5248 1716 5303 minus
1741 5251 1809 5309 ad
1838 5250 2141 5309 catholicam
2162 5266 2249 5305 re-

641 5312 1091 5394 gulari-expensa,
1114 5325 1168 5369 ul
1196 5318 1370 5394 etalio
1393 5318 1657 5394 pleraque,
1679 5322 1899 5394 scriptor
1917 5322 2245 5394 illejerreus.

716 5380 796 5456 ('5)
825 5380 1007 5459 Vulg”
1043 5394 1087 5437 et
1111 5387 1284 5459 omnis
1308 5380 1487 5459 lingua
1511 5380 1813 5453 confiteatur
1841 5392 1962 5459 quia
1993 5380 2247 5449 Dominus

644 5450 799 5528 «1εᾴιιῇ
832 5450 1083 5528 Christus
1100 5458 1154 5512 in
1183 5459 1347 5528 gloria
1376 5450 1446 5512 Est
1476 5458 1572 5513 Dei
1607 5450 1798 5516 Patris.

716 5525 793 5600 (ti)
829 5527 981 5600 Vulg.
1016 5546 1029 5582 :
1055 5525 1268 5597 Itaque,
1289 5530 1578 5584 clrarissimi
1609 5532 1725 5595 mei,
1754 5534 1886 5587 sicut
1908 5548 2103 5597 semper
2126 5534 2245 5588 obe-

650 5593 958 5674 distis,_non'_
976 5612 1030 5654 ut
1051 5603 1104 5656 in
1131 5593 1400 5670 praesentia
1416 5603 1516 5657 mei
1544 5593 1762 5667 tantum,
1782 5603 1873 5658 sed
1902 5593 2059 5657 multo
2088 5607 2250 5674 magis

646 5682 786 5746 nunc
820 5669 874 5721 in
908 5669 1139 5746 absentia
1156 5689 1296 5741 mea,
1332 5689 1446 5727 cum
1477 5682 1731 5746 melu.....
1761 5674 2066 5742 operamini.
2112 5669 2253 5733 Deus

652 5743 789 5820 enim
815 5750 897 5820 est
914 5743 1003 5805 qui
1028 5756 1266 5819 operatur
1289 5746 1343 5801 in
1365 5746 1505 5801 vobis
1536 5755 1583 5800 et
1608 5745 1734 5803 velle
1758 5755 1808 5802 et
1845 5746 2086 5819 perﬁcere
2104 5787 2119 5813 ,
2159 5758 2253 5820 pro

655 5804 787 5863 bona
814 5804 1090 5871 voluntate.
1242 5815 1245 5819 ⁷
1432 5840 1436 5849 η
1613 5842 1617 5849 ~

2344 4646 2448 4703 hoc
2486 4644 2646 4703 modo
2686 4646 2829 4700 filius
2871 4645 2963 4699 Dei
2996 4646 3096 4710 lit,
3140 4644 3187 4699 si
3217 4644 3289 4698 ita
3325 4642 3473 4697 vivat
3499 4625 3825 4711 quematitntttltti

2345 4750 2511 4804 nunc,
2544 4754 2666 4794 cum
2697 4739 2750 4793 in
2782 4736 2986 4792 mundo
3009 4745 3134 4803 est,
3166 4736 3219 4791 in
3248 4734 3432 4791 medio
3456 4744 3561 4798 est,
3587 4732 3632 4786 in
3655 4730 3830 4818 pmnlf‘

2347 4833 2628 4889 neratione
2655 4841 2709 4888 et
2731 4846 3009 4904 perversa,
3039 4829 3092 4885 id
3119 4838 3202 4886 est
3223 4830 3277 4884 in
3309 4829 3411 4884 hac
3436 4828 3562 4883 vita.
3590 4823 3706 4892 Ergo
3722 4823 3830 4904 cunis

2351 4927 2451 4984 hac
2482 4929 2587 4982 vita
2625 4898 2813 4982 sumus
2832 4966 2848 4991 ,
2877 4921 3234 4981 laborandum
3262 4921 3422 4977 nobis
3449 4927 3561 4985 est,
3598 4898 3831 5008 ut

2351 5030 2513 5081 tatem
2543 5018 2700 5074 istam
2737 5015 3008 5089 fugientes
3047 5025 3101 5071 et
3141 5014 3456 5085 pravitatem
3494 5004 3832 5095 generationis?

2351 5116 2459 5172 tius
2482 5114 2535 5179 id
2566 5122 2651 5171 est
2676 5120 2937 5168 creaturae
2964 5153 2979 5178 ,
3013 5111 3066 5165 in
3090 5124 3193 5182 qua
3230 5121 3417 5163 sumus
3436 5147 3452 5174 s
3478 5092 3751 5196 immitti"?

2351 5207 2748 5280 vituperatione
2771 5248 2786 5275 ,
2826 5202 3024 5261 sinceri
3064 5200 3155 5259 Dei
3194 5200 3327 5267 lilii,
3370 5202 3639 5260 vivamus;
3675 5190 3833 5245 facientes

2354 5306 2535 5363 omnia
2582 5305 2701 5360 sine
2744 5300 3135 5374 vituperatione
3162 5310 3216 5356 et
3254 5301 3371 5356 sine
3406 5279 3835 5355 retractationet‘dl

2353 5412 2480 5471 ergo
2512 5397 2686 5461 facere
2717 5405 2919 5457 tantum
2951 5392 3184 5462 suffit-it,
3215 5392 3309 5450 sed
3337 5400 3396 5449 et
3424 5391 3524 5447 hoc
3546 5384 3683 5443 modo
3700 5378 3834 5435 facem

2431 5532 2509 5606 (Ι)
2541 5532 2616 5588 Ita
2639 5531 2798 5588 codd.

2437 5606 2516 5672 (2)
2547 5605 2637 5661 Sic
2662 5603 2873 5657 videtur
2898 5602 2951 5657 in
2983 5600 3142 5658 codd.

2456 5659 2512 5748 si
2544 5659 2671 5731 Haec
2696 5673 2805 5729 duo
2836 5684 3107 5757 postrema
3134 5672 3298 5758 verba
3324 5669 3480 5755 vutg.
3508 5681 3606 5726 nou
3629 5659 3837 5781 urbe!“

2456 5747 2516 5799 Li
2545 5747 2723 5799 νυιιη
2753 5755 2801 5799 et
2837 5760 3023 5799 stum
3068 5744 3164 5799 5h:
3205 5742 3298 5799 Da
3338 5739 3640 5799 multa
3672 5747 3716 5787 tu

2432 5744 2516 5819 (4)
2545 5747 2723 5818 ναις..
2753 5755 2801 5803 et
2837 5745 3023 5802 sinceri
3068 5744 3164 5813 ﬁlii
3205 5744 3268 5799 Dt

2362 5833 2534 5893 pravo:
2558 5816 2896 5894 generationis
2926 5825 2973 5873 et
3001 5830 3268 5893 perversa}.
