4018 6184
251 259 390 318 1215

1045 260 1114 317 ΙΝ
1155 257 1539 316 EPISTOLAM
1579 251 1785 313 PAULI
1826 253 1916 309 Ai)
1955 251 2445 309 PHILIPPENSES
2481 252 2703 309 LIBER.

3410 228 3547 309 ιειί

247 391 305 435 ιιι
327 380 471 436 nulla
500 380 570 437 sit
590 379 729 454 apud
754 396 853 435 nos
885 380 966 437 vel
994 379 1300 437 retractatio
1321 378 1399 434 vel
1423 375 1849 433 admurmuratio
1874 376 1927 437 Α
1954 372 2142 449 possint
2181 387 2323 437 esse,
2351 384 2659 442 cognoscens
2687 385 2801 442 qum
2831 387 2982 440 penes
3026 385 3111 423 vos
3154 379 3272 424 sunt
3305 370 3405 442 (i).
3442 371 3553 425 lloc

245 481 299 527 ct
326 472 544 545 querela
569 471 815 531 faciendi.
842 472 971 542 Qua-
995 471 1114 527 siin
1139 471 1242 526 vita
1271 471 1369 527 ista
1391 470 1669 536 faciamus,
1695 483 1848 525 meus

246 564 389 620 enim
420 562 614 621 devota
649 564 760 637 jam
785 565 892 622 Deo
918 575 1043 622 tunc
1063 562 1297 620 efﬁcitur
1324 563 1465 621 inter
1487 562 1625 622 ﬁlios
1655 563 1772 629 Dei,
1801 563 1844 618 si

246 654 406 712 faciat
428 665 691 730 praecepta
718 657 808 713 Dei
843 657 1030 714 volens
1054 699 1069 723 ,
1093 656 1284 731 cupida
1314 699 1328 725 ,
1359 657 1478 713 sine
1506 656 1721 729 querela
1747 674 1762 724 ;
1793 663 1849 711 et

247 748 408 807 faciat
426 767 567 807 nunc
589 766 711 806 cum
740 749 793 805 itt
818 750 996 809 medio
1013 750 1083 807 sit
1106 767 1283 820 pravae
1302 748 1666 823 generationis
1688 757 1849 820 atque

247 860 538 923 perversae.
565 842 631 899 In
656 842 836 917 quibus
864 845 1043 899 lucetis
1065 845 1136 899 ita
1165 856 1217 901 ut
1246 842 1528 903 luminaria
1547 843 1599 899 in
1630 842 1842 901 mundo.

246 937 431 1013 Magna
465 937 790 1005 exhortatio,
812 954 933 995 cum
960 938 1071 1011 jam
1098 939 1150 993 in
1180 939 1279 995 hoc
1299 938 1436 1011 ipso,
1461 938 1511 992 itt
1539 952 1644 1008 quo
1665 935 1718 989 itt
1746 934 1847 990 hoc

247 1032 447 1090 mundo
476 1046 694 1096 sumus,
725 1030 1061 1089 emineamus
1086 1031 1197 1103 jam
1230 1032 1280 1084 in
1308 1030 1405 1085 hac
1433 1045 1594 1103 prava
1617 1043 1846 1101 genera-

242 1124 386 1183 tione
413 1131 467 1179 et
508 1137 764 1195 perversa
793 1141 807 1180 :
834 1122 1170 1179 emineamus
1211 1131 1388 1178 autem
1430 1121 1501 1176 ita
1524 1162 1539 1189 ,
1573 1132 1630 1179 ut
1662 1119 1847 1177 mundi

239 1214 526 1272 luminaria
558 1217 762 1287 simus,
803 1231 922 1291 quas
952 1215 1007 1271 in
1055 1214 1173 1287 ipso
1203 1214 1440 1277 mundo;
1480 1225 1537 1269 ιιι
1564 1213 1642 1268 sol
1685 1224 1847 1285 atque

238 1306 365 1363 luna
386 1316 441 1364 et
462 1316 521 1363 ut
541 1319 753 1364 caetera:
776 1308 949 1364 stellte
974 1307 1237 1364 lucentes.
1264 1304 1393 1362 Fide
1412 1307 1554 1361 enim
1578 1312 1635 1363 et
1657 1305 1845 1376 cogni-

238 1401 388 1456 tione
431 1399 525 1457 Dei
574 1398 871 1459 secundum
915 1399 1094 1456 divina
1146 1408 1414 1472 praecepta
1463 1398 1707 1457 viventes
1749 1408 1845 1453 ex-

239 1492 442 1548 cellunt
469 1489 784 1560 Christiani,
812 1501 865 1548 et
894 1502 946 1547 ut
985 1493 1073 1547 lux
1109 1503 1163 1551 et
1193 1490 1449 1562 splendor
1476 1491 1527 1547 in
1560 1490 1661 1547 hoc
1693 1505 1846 1547 mun-

235 1583 307 1640 do
334 1580 600 1639 existunt.
636 1582 848 1638 Etenim
877 1583 923 1639 si
963 1595 1165 1655 praeter
1194 1591 1425 1638 caeteros
1452 1580 1697 1637 homines
1727 1597 1845 1637 om-

236 1672 323 1731 nia
348 1718 364 1742 ,
395 1691 624 1749 quaeque
653 1677 789 1733 mala
824 1684 967 1742 sunt,
999 1677 1252 1747 vincunt,
1286 1686 1339 1733 et
1366 1675 1609 1733 occultos
1640 1676 1843 1734 daemo-

1952 477 2131 527 autem
2159 463 2226 520 de
2256 463 2523 521 mandatis
2552 473 2654 520 est.
2706 462 2845 520 Vere
2887 473 3065 520 autem
3108 476 3290 520 curam
3334 465 3548 529 illorum

1949 558 2109 630 gerit.
2143 557 2408 637 siquidem
2434 568 2490 615 et
2521 558 2735 615 mittere
2762 557 2991 614 alterum
3016 601 3030 625 ,
3057 560 3147 630 qui
3197 559 3383 615 eadem
3418 576 3555 632 prte-

1950 659 2059 705 stet
2083 651 2208 718 illis,
2234 651 2538 722 pollicetur,
2569 658 2624 707 et
2646 666 2677 706 a
2705 666 2812 721 quo
2833 661 3123 721 cognoscat
3154 649 3238 723 (2)
3256 668 3373 723 qum
3395 646 3555 723 agant

1950 742 2349 815 Philippenses.
2380 742 2722 798 Timotheum
2755 759 2909 799 suum
2950 744 3287 799 carissimum
3328 732 3554 814 promit-

1951 835 2014 890 tit
2035 834 2187 891 brevi
2216 849 2273 889 se
2302 850 2423 891 esse
2464 836 2774 891 missurum.
2810 833 2879 891 Et
2907 837 3163 908 quoniam
3204 836 3378 891 omnis
3406 846 3557 891 actus

1951 938 2138 983 noster
2166 927 2279 982 Deo
2311 938 2394 983 est
2443 927 2802 999 assignaudus
2827 971 2842 994 ,
2876 936 2933 983 ut
2970 942 2999 981 a
3047 927 3156 983 Deo
3184 929 3515 999 compleatur
3537 972 3553 997 ,

1952 1036 2123 1091 spero,
2160 1018 2364 1091 inquit,
2406 1022 2462 1075 in
2509 1019 2726 1075 Domino
2769 1021 2896 1076 Jesu
2943 1021 3180 1087 Christo,
3217 1022 3359 1094 quod
3408 1023 3557 1078 vobis

1954 1113 2166 1167 mittam
2196 1112 2538 1169 Timotheum
2567 1155 2582 1180 ,
2610 1122 2665 1169 et
2700 1114 2954 1170 celeriter
2994 1115 3225 1169 mittam.
3264 1115 3436 1171 Causa
3464 1131 3560 1170 cur

1952 1204 2130 1259 mittat
2170 1204 2542 1277 subjungitur:
2580 1213 2638 1260 ut
2667 1214 2721 1261 et
2750 1221 2849 1277 ego
2891 1206 3034 1261 bono
3065 1208 3245 1262 animo
3284 1208 3382 1263 sim
3412 1249 3425 1272 ,
3458 1224 3553 1261 co-

1946 1310 2211 1369 gnoscens
2233 1314 2352 1369 qua:
2375 1313 2469 1354 vos
2494 1299 2684 1369 agatis,
2708 1311 2797 1356 aut
2818 1300 3265 1371 quemadmodum
3291 1302 3430 1357 circa
3463 1296 3558 1358 vo's

1947 1406 2037 1445 res
2063 1390 2153 1445 sit.
2175 1390 2327 1460 Quod
2350 1402 2528 1445 autem
2560 1392 2727 1459 dixit,
2752 1404 2806 1447 ut
2835 1403 2881 1448 et
2904 1409 2996 1466 ego
3019 1393 3149 1448 bono
3171 1396 3339 1449 animo
3364 1396 3556 1466 possint

1949 1498 2096 1549 esse;
2122 1500 2282 1556 spero
2301 1486 2444 1545 enim
2473 1502 2571 1543 vos
2616 1487 2759 1544 bono
2786 1504 2906 1544 esse
2945 1491 3154 1556 animo,
3199 1491 3339 1562 quod
3378 1492 3558 1547 omnia

1949 1590 2214 1650 praecepta
2243 1583 2494 1648 servatis,
2518 1592 2573 1637 et
2593 1581 2751 1638 ﬁdem
2786 1584 2835 1636 in
2859 1583 2987 1641 Jesu
3017 1583 3255 1653 Christo,
3291 1585 3433 1640 unde
3462 1574 3557 1641 ho—

1945 1688 2015 1728 tto
2046 1674 2228 1730 animo
2253 1676 2418 1741 estis;
2447 1676 2570 1732 ideo
2598 1688 2776 1732 autem
2799 1694 2899 1748 ego
2949 1681 3161 1735 mittere
3210 1679 3555 1735 Timotheum

233 1782 336 1824 nes
386 1767 702 1841 opprimunt
727 1811 741 1836 ,
792 1778 846 1825 et
891 1769 1201 1846 iniquitates
1252 1769 1523 1845 produnt,
1565 1768 1843 1825 vincentes
1872 1778 1919 1839 Β
1947 1768 2196 1831 celeriter
2218 1770 2364 1837 volo,
2392 1778 2449 1824 ut
2474 1779 2529 1825 et
2549 1785 2649 1841 ego
2675 1770 2817 1826 bono
2840 1772 3019 1827 animo
3049 1774 3247 1845 possim
3269 1788 3548 1836 esse,eom

239 1861 489 1917 tenebras
528 1873 584 1920 et
608 1877 774 1934 opera
813 1862 1188 1929 tenebrarum;
1231 1872 1393 1931 agunt
1428 1862 1480 1917 in
1515 1862 1617 1921 hoc
1642 1862 1842 1925 mundo

239 1960 300 2010 ut
328 1952 635 2020 luminaria.
666 1965 720 2011 et
748 1957 930 2012 lumen
962 1955 1214 2014 omnibus
1236 1964 1514 2027 praestant.

309 2047 476 2107 Vens.
528 2046 613 2103 16.
645 2080 717 2090 ——
749 2046 965 2104 Verbum
1008 2048 1126 2104 vitae
1184 2048 1462 2104 obtinentes
1517 2048 1583 2107 ad
1626 2049 1844 2125 glori-:m

236 2143 363 2200 mihi
395 2140 473 2217 (1)
505 2142 560 2197 in
595 2143 679 2198 die
709 2139 919 2198 Christi.
954 2142 1022 2198 Et
1064 2142 1214 2198 vobis
1243 2143 1521 2217 prmtuium
1550 2151 1669 2209 est,
1699 2143 1845 2217 quod

235 2234 310 2292 ita
346 2234 565 2305 vivitis,
607 2235 651 2290 si
683 2233 899 2308 quidem
939 2234 1223 2291 luminaria
1264 2236 1315 2291 in
1360 2235 1558 2290 mundo
1596 2235 1758 2303 estis;
1790 2245 1844 2297 et

235 2324 365 2382 mihi
392 2325 459 2383 ad
490 2324 716 2399 gloriam
747 2325 899 2383 eritis
929 2327 981 2381 itt
1011 2326 1097 2382 die
1125 2324 1346 2394 Christi,
1367 2327 1418 2382 id
1447 2337 1668 2385 estcum
1690 2326 1840 2403 judi-

234 2429 457 2474 caturus
486 2417 976 2474 veneritChristos.
1007 2417 1119 2491 Ego
1150 2434 1243 2490 per
1270 2435 1366 2474 vos
1390 2418 1561 2477 habeo
1586 2420 1837 2492 gloriam,

234 2513 360 2585 quia
391 2509 515 2567 vita:
546 2512 768 2567 verbum
796 2510 1072 2577 obtinctis,
1093 2511 1145 2569 id
1183 2521 1262 2570 est
1299 2514 1420 2591 quia
1446 2510 1715 2568 Christum
1743 2528 1837 2569 co-

233 2605 538 2683 gnovistis,
590 2603 734 2677 quod
779 2615 861 2660 est
904 2603 1127 2660 verbum
1177 2604 1486 2677 vitmzquia
1532 2604 1583 2659 in
1629 2603 1842 2660 Christo

234 2694 378 2771 quod
405 2695 599 2752 factum
630 2704 732 2763 est,
777 2695 881 2751 vita
909 2706 1010 2754 est.
1045 2695 1189 2768 Ergo
1227 2694 1474 2753 Christus
1513 2697 1734 2752 verbum
1764 2697 1843 2753 vi-

240 2790 317 2849 tte
335 2800 438 2848 est.
466 2786 624 2848 Unde
650 2791 994 2862 cognoscitur
1030 2804 1285 2862 quantum
1326 2791 1397 2847 sit
1440 2791 1758 2848 beneﬁcium
1788 2800 1843 2849 et

234 2893 431 2956 quanta
462 2882 634 2954 gloria
673 2898 890 2953 eorum,
916 2881 1008 2961 qui
1038 2886 1245 2938 animas
1282 2882 1511 2938 aliorum
1540 2885 1837 2955 corrigunt.

238 2975 495 3043 Quoniam
525 2976 708 3035 nonin
738 2992 953 3033 uacuum
994 2977 1217 3034 cucurri.
1251 2977 1376 3033 llaec
1418 2978 1523 3034 erit
1560 2977 1690 3034 mihi
1714 3020 1729 3047 ,
1761 2977 1841 3034 in-

234 3069 385 3141 quit,
416 3069 586 3141 gloria
616 3086 711 3140 per
749 3068 890 3127 diem
921 3069 1156 3138 Christi,
1192 3071 1335 3147 quod
1375 3088 1467 3131 vos
1493 3071 1713 3129 liberavi
1741 3115 1756 3142 ,
1786 3084 1843 3131 et

1947 1873 2214 1931 cOgnosco
2244 1878 2364 1931 quae
2404 1871 2528 1917 sunt
2555 1878 2722 1939 penes
2751 1880 2868 1933 vos,
2918 1865 3003 1921 vel
3048 1882 3115 1922 ex
3166 1866 3407 1923 moribus
3437 1880 3557 1919 ves-

1951 1950 2071 2017 tris,
2103 1951 2187 2007 vel
2220 1968 2283 2008 ex
2318 1953 2566 2009 aliorum.

2021 2043 2182 2102 Vens.
2243 2046 2344 2114 20,
2404 2048 2496 2103 21.
2546 2079 2619 2089 -
2670 2048 2945 2109 Neminem
3007 2052 3143 2106 enim
3206 2052 3403 2119 habeo,
3464 2055 3553 2125 qui

1947 2152 2144 2191 mecum
2190 2139 2254 2193 sit
2310 2142 2565 2196 unanimis
2622 2139 2721 2215 (5).
2774 2141 2953 2219 Quare
3005 2144 3345 2200 Timotheum
3398 2146 3555 2217 polli-

1944 2239 2131 2285 ceatur
2173 2232 2449 2299 ostendit,
2483 2244 2536 2287 et
2581 2233 2671 2288 dat
2714 2248 2927 2302 causas,
2959 2237 3082 2305 quia
3122 2237 3392 2292 neminem
3417 2253 3548 2292 uua-

1946 2320 2144 2377 nlmem
2196 2321 2375 2389 habet,
2432 2323 2483 2387 id
2522 2330 2624 2393 est,
2658 2325 2749 2398 qui
2794 2325 3038 2387 eamdem
3090 2338 3324 2385 mentem
3380 2340 3550 2399 gerat.

1945 2411 2123 2470 Habes
2154 2430 2314 2470 unam
2334 2428 2571 2475 causam.
2599 2417 2885 2489 Sultjunxit
2914 2419 3139 2475 alteram
3178 2439 3191 2477 :
3221 2423 3307 2491 qui
3333 2422 3554 2493 ﬁdeliter

1943 2506 2195 2562 sollicitus
2222 2516 2294 2563 est
2330 2508 2393 2564 de
2427 2509 2566 2565 vobis
2599 2508 2699 2587 (4).
2733 2509 2874 2569 Vere
2930 2511 3034 2568 iste
3088 2512 3410 2583 mittendus,
3462 2518 3553 2582 qui

1944 2607 2000 2656 et
2050 2599 2181 2656 mihi
2234 2602 2305 2657 sit
2375 2601 2759 2672 chartssimus,
2820 2616 2873 2660 et
2923 2609 3091 2663 vestri
3142 2623 3323 2665 curam
3360 2623 3547 2682 gerat,

1943 2700 1999 2747 et
2054 2690 2468 2750 sollicitudinem
2518 2711 2614 2766 pro
2660 2698 2813 2753 vobis
2865 2698 3059 2755 habeat
3106 2720 3119 2755 :
3180 2698 3366 2756 Omnes
3414 2704 3547 2761 enim

1943 2800 2037 2838 sua
2086 2784 2170 2855 (5)
2208 2796 2474 2855 qua-runt,
2522 2805 2626 2842 non
2673 2805 2787 2861 qua:
2839 2800 2956 2847 sunt
2995 2791 3122 2851 Iesu
3163 2790 3372 2848 Christi.
3404 2795 3547 2862 Quo-

1947 2877 2087 2932 niam
2118 2877 2275 2946 dixit,
2307 2879 2456 2935 solus
2484 2891 2594 2946 est,
2624 2892 2679 2936 et
2707 2884 2975 2938 neminem
3008 2884 3176 2955 inquit
3206 2885 3378 2942 habeo
3402 2927 3417 2953 ,
3454 2887 3544 2958 qui

1944 2968 2075 3023 mihi
2128 2969 2198 3024 sit
2245 2972 2531 3028 unanimis.
2585 2974 2660 3031 De
2697 2975 2909 3031 caeteris
2957 2991 3089 3047 quas
3134 2992 3324 3037 causas
3354 2980 3544 3055 ponit?

1948 3059 2164 3117 Scilicet
2210 3078 2331 3132 qua:
2388 3065 2622 3121 secunda
2680 3078 2765 3122 est
2826 3068 3015 3139 pietas.
3072 3068 3203 3124 Nam
3258 3070 3303 3125 si
3359 3071 3541 3126 Timo-

234 3159 386 3223 labor
411 3175 563 3217 meus
586 3177 690 3216 non
710 3159 765 3216 in
794 3177 1020 3217 vacuum
1051 3163 1311 3219 laboravit
1337 3182 1511 3238 neque
1529 3166 1581 3222 itt
1606 3182 1837 3229 vacuum

1949 3153 2101 3210 theus
2154 3153 2312 3210 datur
2367 3156 2467 3230 (6),
2522 3159 2612 3230 qui
2677 3158 2905 3216 ﬁdeliter
2970 3161 3231 3218 sollicitus
3301 3163 3372 3218 sit
3447 3181 3544 3234 pro

233 3252 493 3308 cucurrit.
524 3251 704 3309 Labor
729 3268 896 3327 genus
924 3264 1008 3311 est
1029 3296 1044 3323 ,
1077 3255 1287 3326 Species
1318 3256 1517 3314 laboris
1543 3271 1627 3315 est
1652 3276 1843 3319 curre-

234 3359 315 3401 re.
345 3343 489 3416 Ergo
538 3361 659 3402 cum
712 3362 884 3421 genus
920 3349 1326 3423 proposuisset,
1370 3366 1474 3407 non
1518 3351 1570 3408 in
1615 3371 1840 3414 vacuum

232 3437 495 3507 laboravi,
529 3436 672 3511 quod
693 3455 816 3497 esse
839 3450 1049 3517 poterat
1078 3440 1163 3499 vel
1186 3458 1415 3516 corpore
1439 3443 1523 3500 vel
1554 3442 1732 3523 lingua
1755 3450 1841 3513 vel

231 3529 529 3587 monitione
561 3528 641 3586 vel
675 3531 965 3599 instantia;
999 3530 1191 3604 adjecit
1218 3533 1454 3605 speciem
1479 3546 1706 3606 certam,
1735 3556 1839 3596 non

226 3622 280 3679 in
302 3640 516 3679 vacuum
543 3625 766 3681 cucurri.
796 3623 890 3680 Hic
916 3626 998 3681 vel
1021 3624 1175 3682 labor
1194 3635 1275 3683 est
1304 3627 1514 3687 itineris
1534 3671 1549 3698 ,
1577 3630 1659 3687 vel
1685 3632 1838 3691 labor

226 3715 474 3783 aii'ectus,
525 3724 583 3772 ut
624 3715 727 3773 hoc
783 3719 1170 3790 persuaderet,
1210 3728 1267 3777 et
1302 3721 1409 3777 cito
1444 3724 1833 3794 persuaderet:

227 3805 332 3862 ltoc
361 3816 567 3865 estnon
596 3808 649 3863 in
674 3824 892 3863 vacuum
921 3812 1148 3869 cucurri.

299 3896 463 3951 Vitas.
500 3896 590 3967 17,
616 3896 702 3955 18.
727 3930 798 3940 -
815 3898 924 3956 Sed
948 3901 992 3955 si
1008 3901 1184 3957 laboro
1210 3903 1263 3957 in
1291 3904 1495 3961 victima
1526 3916 1574 3961 et
1595 3909 1832 3983 obsequio

223 3987 348 4057 ﬁdei
373 3999 566 4054 vestrae,
592 3989 735 4047 laetor
764 3999 810 4045 et
834 3990 1065 4063 gratulor
1116 3993 1346 4050 omnibus
1374 3997 1531 4052 vobis.
1554 3997 1668 4053 Hoc
1696 4001 1832 4059 idem

223 4088 270 4136 et
285 4081 476 4137 ἱαηιυοε
493 4082 739 4138 Ιωιαηιὶηἱ
754 4084 880 4141 mihi
901 4085 1003 4161 (2).
1026 4084 1180 4155 Quod
1202 4102 1362 4160 supra
1385 4105 1482 4160 per
1500 4102 1829 4167 pratceptum

1946 3246 2137 3315 vobis;
2189 3257 2243 3302 et
2281 3247 2418 3304 hanc
2470 3265 2686 3306 causam
2764 3251 3074 3323 subjunxit.
3132 3254 3317 3310 vitium
3385 3265 3545 3327 atque

1946 3350 2222 3409 peccatum
2249 3382 2263 3407 ,
2293 3357 2467 3397 omnes
2504 3359 2598 3398 sua
2624 3356 2859 3415 qurerunt
2884 3387 2897 3411 ,
2937 3343 2989 3400 id
3020 3354 3103 3401 est
3141 3346 3354 3402 Solliciti
3380 3338 3542 3414 sunt,

1942 3444 2038 3486 sua
2067 3431 2391 3500 defendunt,
2423 3448 2518 3489 sua
2570 3438 2917 3492 custodiunt:
2949 3448 3003 3493 et
3031 3437 3095 3492 ad
3129 3439 3230 3495 hoc
3268 3440 3348 3507 (7)
3387 3438 3544 3495 Cill'i--

1941 3524 2098 3580 stlani
2115 3540 2221 3581 non
2236 3535 2339 3583 est.
2358 3527 2495 3595 Quid
2519 3528 2665 3584 enim
2687 3537 2771 3584 est
2789 3527 3079 3584 Christiani
3104 3546 3347 3600 quatrere
3368 3533 3543 3602 potius

1939 3617 1993 3674 itt
2025 3635 2365 3691 quocumque
2399 3622 2549 3677 socio
2580 3620 2744 3677 fratre
2764 3665 2779 3692 ,
2822 3640 2976 3694 quant
3005 3640 3124 3692 quat
3165 3622 3361 3681 Christi
3395 3622 3521 3681 sunt

1938 3711 1990 3766 id
2021 3724 2104 3767 est
2132 3712 2292 3767 tidem
2318 3714 2369 3768 iu
2398 3712 2695 3781 Christum,
2714 3716 3046 3782 societatem,
3069 3732 3327 3783 amorem,
3359 3720 3537 3773 seien-

1938 3808 2062 3860 tiam
2085 3805 2313 3864 iPotest
2342 3818 2519 3865 tamen
2549 3806 2675 3865 illud
2708 3810 3083 3883 intelligi,quaz
3108 3822 3248 3879 sunt,
3280 3810 3331 3867 id
3359 3821 3442 3869 est
3466 3813 3535 3869 de

1933 3895 2152 3955 Christo
2178 3901 2570 3972 evangeiizare.

2011 3993 2172 4051 Vsus.
2235 3994 2339 4062 22,
2387 3995 2495 4064 23,
2548 3996 2643 4052 24.
2692 4027 2764 4038 --
2814 3996 2922 4054 Sed
2970 3996 3372 4071 experimentum
3425 3999 3538 4070 ejus

1932 4087 2120 4158 optime
2157 4088 2295 4143 scitis
2335 4086 2434 4161 (8).
2481 4087 2539 4144 id
2583 4099 2666 4145 est
2708 4088 3079 4161 probationem
3101 4089 3170 4144 de
3208 4105 3274 4144 eo
3297 4089 3535 4145 habetis:

222 4177 407 4232 datum
434 4187 537 4246 est,
572 4176 656 4234 hic
678 4176 757 4253 (5)
777 4179 828 4235 in
849 4178 1221 4237 exhortatione
1234 4185 1451 4254 ponitur
1472 4185 1577 4241 :uti
1604 4203 1710 4241 non
1729 4204 1828 4247 no-

1949 4191 2140 4247 gratcus
2167 4179 2234 4233 ita
2261 4181 2458 4251 posuit.
2488 4178 2642 4237 Scire
2668 4181 2878 4237 debetis
2918 4222 2930 4246 ,
2970 4180 3226 4252 percipite
3252 4190 3412 4251 atque
3440 4194 3535 4236 co-

221 4270 319 4329 stri
349 4278 553 4325 tantum
578 4285 762 4331 curam
795 4270 1110 4344 habeamus,
1141 4273 1238 4335 sed
1263 4276 1427 4333 etiam
1454 4281 1828 4354 unusquisque

1949 4270 2175 4339 {noscite
2208 4272 2423 4343 qualem
2454 4272 2826 4344 probationem
2858 4272 2973 4343 ejus
3001 4272 3250 4329 habeam.
3298 4272 3537 4343 Denique

221 4375 273 4421 et
295 4366 541 4420 aliorum.
561 4365 715 4433 Quod
737 4366 781 4422 si
803 4364 875 4421 ita
889 4377 993 4435 est,
1009 4376 1064 4423 et
1092 4365 1171 4441 (ι)
1199 4370 1487 4439 gratulatio
1510 4380 1567 4428 et
1582 4388 1647 4431 ex
1669 4375 1825 4431 nobis

1949 4370 2066 4419 uste
2101 4365 2471 4434 connectitur,
2508 4365 2650 4437 quod
2680 4365 2926 4435 sequitur
2948 4407 2962 4433 ,
2990 4367 3232 4431 quoniam
3259 4365 3410 4420 sicuti
3443 4380 3536 4434 pa-

221 4460 480 4514 nascitur.
515 4458 591 4514 De
611 4459 766 4514 nobis
794 4468 850 4514 et
877 4458 946 4513 de
974 4460 1094 4516 aliis
1125 4462 1227 4516 hoc
1252 4462 1346 4517 ait.
1379 4462 1486 4525 Sed
1513 4464 1559 4525 si
1594 4464 1819 4536 laboro,
1925 4458 1989 4510 "'5
2038 4456 2177 4526 Imm
2220 4472 2418 4513 πιεευηι
2463 4460 2663 4514 “NW”
2703 4460 2757 4513 δη
2803 4457 3104 4529 Evangelia
3139 4460 3377 4528 Αρβπθι
3405 4471 3534 4528 ergo

220 4549 412 4620 inquit,
440 4550 491 4605 in
516 4550 730 4606 victima
756 4557 811 4606 et
839 4551 1101 4621 obsequio
1130 4549 1253 4608 ﬁdei
1279 4562 1494 4623 vestrae,
1526 4554 1629 4612 hoc
1659 4567 1743 4614 est
1769 4570 1824 4615 ut
1848 4560 1901 4622 D
1927 4550 2054 4623 quid
2084 4552 2175 4619 Sit,
2199 4569 2300 4607 non
2327 4566 2443 4625 qua!
2470 4562 2590 4608 sunt
2612 4552 2741 4608 λεια
2769 4551 2959 4607 Christi
2987 4563 3238 4623 quierunt.
3274 4550 3530 4616 Sel‘ViVib

220 4656 320 4712 pro
361 4642 512 4697 vobis
555 4643 718 4700 etiam
750 4643 887 4698 mori
924 4654 1142 4714 paratus
1167 4644 1270 4701 sim
1297 4687 1312 4710 ,
1345 4646 1638 4707 dummodo
1666 4650 1826 4707 ουδε-
1925 4647 2137 4716 inquit,
2183 4661 2394 4703 mecum
2423 4646 2739 4704 Timotheus
2765 4648 2818 4702 in
2850 4647 3139 4719 Evangelia
3178 4645 3336 4701 sicuti
3387 4645 3523 4715 patri

219 4748 354 4804 quar
383 4735 575 4804 vobis,
634 4747 690 4791 et
718 4734 877 4791 ﬁdem
905 4743 1142 4791 vestram
1187 4737 1545 4811 confirmem,
1577 4742 1729 4799 Ιωιοι-
1770 4754 1825 4803 et
1925 4738 2086 4796 ﬁlius.
2140 4738 2388 4797 Breviter
2444 4740 2896 4813 quemadmodum
2955 4739 3199 4794 servierit
3256 4738 3528 4807 ostendit,

221 4826 462 4900 gratulor
505 4830 757 4887 omnibus
803 4830 974 4887 vobis.
1022 4829 1113 4888 Sic
1155 4847 1289 4909 ergo
1332 4845 1387 4891 et
1425 4851 1520 4892 vos
1564 4836 1823 4897 lattamini
1924 4849 2229 4907 quanqmtm
2270 4832 2468 4891 dixerit
2522 4849 2731 4889 mecum
2777 4832 2997 4889 servivit
3023 4832 3100 4905 (9)
3135 4832 3185 4886 in
3214 4831 3527 4901 Evangetio.

216 4918 373 4986 mihi,
405 4928 464 4979 ut
490 4921 690 4990 pariter
719 4933 773 4979 et
808 4938 993 4979 curam
1023 4925 1196 4981 nostri
1233 4940 1422 4985 onmes
1449 4944 1700 5000 geramus
1721 4975 1738 5003 ,
1768 4942 1824 4989 et
1921 4929 2029 4985 Sed
2054 4928 2325 5000 quomodo
2362 4928 2625 4984 servivit?
2651 4938 2712 4984 ut
2739 4927 2906 4984 servit
2935 4925 3074 4982 titius
3110 4926 3285 4997 patri,
3318 4926 3370 4980 in
3401 4925 3531 4981 cha-

214 5012 286 5071 de
315 5014 472 5071 nobis
501 5016 727 5073 invicem
750 5017 1015 5074 laetemur.
1925 5022 2085 5079 ritate
2118 5032 2174 5079 et
2200 5022 2461 5095 obsequio
2488 5022 2695 5094 majore
2727 5021 2948 5079 servivit
2977 5036 3186 5079 mecum
3213 5019 3529 5077 Timotheus

286 5105 451 5208 Vsus.
484 5107 572 5165 i9.
603 5138 676 5208 .—
697 5108 870 5208 -Spero_
897 5112 1173 5208 autent-in
1206 5112 1427 5169 Domino
1455 5114 1582 5208 les!
1614 5114 1820 5175 Christo
1999 5135 2080 5208 (ι)
2113 5137 2331 5208 pulsam
2355 5137 2740 5208 aliquanmlum
2774 5136 2963 5192 variat,

301 5136 451 5162 ιωω.
484 5136 572 5165 η.
603 5138 676 5148 -
704 5136 868 5184 opera
897 5136 1067 5165 autent
1119 5136 1173 5167 ιη
1206 5136 1427 5169 uanmw
1455 5136 1582 5171 usu
1614 5136 1820 5175 unt-mo
1999 5136 2052 5201 (1
2113 5137 2331 5208 Vulgata
2355 5137 2740 5208 aliquantulum
2774 5136 2963 5192 varia!-

216 5194 535 5259 Timotlteum
556 5199 784 5257 celeriter
800 5204 997 5258 mittere
1022 5203 1181 5271 vobis,
1209 5215 1263 5263 ut
1292 5214 1339 5263 et
1362 5222 1452 5280 ego
1481 5207 1611 5265 bono
1642 5210 1815 5275 animo
2293 5220 2727 5337 Eﬁg‘xgngm
2753 5280 2911 5335 habeo
2939 5290 3043 5335 mm
3062 5278 3222 5335 unam-

839 5339 850 5349 .
959 5348 968 5352 Α
1103 5338 1116 5352 .
1186 5340 1197 5352 .
1265 5342 1276 5352 .
1998 5279 2083 5352 (ξ’)
2104 5279 2262 5352 Ῐυιε.
2293 5279 2561 5342 Neminem
2592 5281 2727 5352 enim
2753 5280 2911 5335 habeo
2939 5290 3043 5335 tam
3062 5279 3375 5352 unanimem.

839 5339 850 5349 ,
1998 5286 2059 5353 (5
2111 5286 2262 5352 Vulg.
2293 5286 2561 5342 Neminem
2592 5286 2727 5337 enim
2753 5286 2911 5335 habeo
2939 5290 3043 5335 tam
3062 5286 3375 5335 unanimem.

287 5334 335 5403 (1
340 5336 367 5490 3
393 5334 549 5406 vnlg-
583 5334 1024 5420 οοοο-(ῖοηιιμρηιεδ
1047 5338 1116 5393 ad
1143 5340 1363 5410 gloriam
1390 5358 1573 5426 ηξεαιῖιο
1998 5286 2083 5423 (ιέ
2103 5349 2386 5423 Vulg.,qui
2396 5352 2595 5407 sincera
2607 5350 2877 5418 aﬂectt'one
2902 5370 2994 5424 pro
3008 5352 3145 5407 vobis
3162 5347 3411 5403 sollicitus
3429 5347 3516 5402 sit.

287 5406 343 5477 (2
404 5406 560 5490 Vulg._
582 5424 606 5490 :_
621 5407 788 5490 Sedet
811 5426 853 5461 st
877 5411 1112 5490 tumtotor
1125 5427 1283 5483 supra
1306 5412 1620 5490 sacrtﬁctum
1642 5426 1693 5473 et
1720 5418 1813 5490 ob-
1999 5420 2077 5490 (5)
2113 5422 2295 5490 Vulg.,
2327 5440 2441 5490 quw
2466 5441 2563 5481 sua
2591 5434 2732 5479 sunt.
3349 5489 3352 5490 ν

285 5406 367 5490 (2)
404 5406 560 5492 Vulg:
582 5407 730 5492 z'Sed‘
743 5418 788 5461 et
811 5410 854 5461 si
877 5410 1112 5492 immotor
1125 5406 1283 5492 stupra
1306 5412 1620 5492 sacriﬁcium
1642 5426 1693 5473 et
1709 5418 1813 5492 _ob-
2113 5406 2295 5492 vulg,
2311 5406 2441 5492 'quw
2466 5441 2563 5481 sua
2591 5406 2732 5479 sunt.

285 5422 367 5490 (2)
409 5422 496 5460 vut
541 5447 553 5459 .
582 5422 727 5490 {aea
743 5422 788 5461 et
811 5426 853 5461 st
877 5422 1112 5465 tumtotor
1125 5427 1283 5483 supra
1306 5422 1620 5482 sacriﬁcium
1642 5426 1693 5473 et
1720 5422 1813 5472 ob-
2023 5422 2065 5478 5⁷
2113 5422 2227 5479 νιιΓ
2258 5422 2319 5492 .,“
2362 5440 2441 5481 tta:
2466 5441 2563 5481 sua
2591 5434 2732 5479 sunt.
2905 5422 2911 5424 ⁷

144 5510 151 5515 -
208 5422 605 5569 f8!{titttt!trgdet
629 5487 806 5569 vestra:
828 5521 840 5543 ,
872 5483 1073 5569 gaudeo
1112 5490 1158 5569 et
1188 5485 1534 5569 .congratutor
1579 5489 1817 5569 omnibus
2100 5440 2269 5569 Codii.
2312 5441 2577 5551 {imm/tea
2615 5497 2823 5564 datum;
2848 5510 2970 5567 quae
2991 5494 3217 5549 fortasse
3252 5489 3517 5569 setiplura

207 5548 379 5673 gestis;
406 5548 631 5620 idipsum
664 5561 829 5604 autem
866 5548 913 5607 et
948 5568 1034 5607 vos
1060 5553 1275 5631 gaudete
1296 5548 1357 5612 ἐι
1383 5559 1815 5631 σοηθνατπίαθηίηί
1917 5548 2142 5710 rei}???
2175 5548 2369 5693 ᾧ

244 5636 277 5673 n
298 5637 353 5674 η.
966 5682 971 5689 Ι
2126 5646 2176 5691 ta
2230 5638 2276 5692 io
2357 5682 2369 5696 .

389 5690 559 5748 COdd'
590 5694 705 5748 ¹³⁰⁶ο
729 5763 741 5778 .
897 5765 910 5778 .
966 5682 971 5689 ι
1354 5780 1363 5791 _
2099 5670 2721 5793 .V‘itlgf‘iil'aperimentum
2745 5716 2915 5765 autem
2944 5708 3055 5779 ejus
3082 5705 3386 5780 cognoscite.

212 5784 215 5791 ν
305 5765 336 5818 4
396 5762 472 5820 Ita
498 5762 653 5822 codd.
689 5765 791 5824 ntsi
820 5778 943 5840 quis
970 5765 1110 5827 forte
1130 5771 1335 5831 mavult
1359 5774 1469 5831 Ittec
1491 5787 1589 5840 pro
1616 5785 1681 5833 et.
1994 5778 2079 5840 (9)
2107 5778 2279 5837 Codd.
2307 5791 2554 5838 servierit.

204 5772 217 5791 -'
280 5762 362 5840 (4)
396 5762 472 5820 Ita
498 5762 653 5822 codd.
689 5763 791 5824 nisi
820 5765 943 5842 quis
970 5765 1110 5827 forte
1130 5771 1335 5831 mavult
1354 5774 1469 5831 ttwc
1490 5787 1589 5863 pro
1616 5785 1681 5833 et.
1994 5762 2079 5854 (9')
2107 5762 2279 5837 casa.
