4018 6184
632 229 771 290 1ἳὶἷί

1867 224 2059 282 MAR"
2129 223 2470 282 VICTORIS!
2552 226 2708 282 AFRI
3673 248 3753 309 me

629 348 685 406 in
743 348 1035 419 Evangelio
1075 363 1311 404 :mecum
1352 347 1520 416 enim,
1573 346 1766 416 inquit,
1792 345 2012 402 servivit
2055 363 2069 403 :
2125 362 2230 400 non
2260 349 2306 406 Α
2339 346 2419 400 vel
2448 345 2792 400 desiderabat
2823 344 3194 417 ["hilippenses
3222 346 3303 402 vel
3331 349 3607 421 ttediabatur;
3634 364 3690 430 qui
3708 381 3758 419 us-

628 441 755 496 mihi
803 440 1044 496 servivit.
1101 439 1252 493 llunc
1305 441 1460 510 igitur
1497 455 1649 508 spero
1707 455 1784 492 me
1847 439 2042 492 mittere
2089 453 2227 491 mox.

627 532 981 604 POSIeaquam
1047 533 1443 588 commendavit
1513 547 1798 604 personam
1873 541 1926 586 ct
1980 530 2228 587 all‘ectum

628 634 683 681 et
730 624 1100 694 diligentiam,
1147 625 1424 694 subjttnxit
1463 623 1606 695 quod
1660 624 1819 680 talem
1874 625 2046 677 virum
2104 625 2232 678 mis-

626 730 786 772 surus
814 717 903 772 sit.
939 716 1106 788 Spero
1129 758 1144 780 ,
1195 717 1402 788 inquit,
1446 734 1526 772 me
1555 718 1770 772 mittere.
1804 717 1915 772 lloc
1942 727 1993 772 et
2023 732 2182 786 supra
2217 759 2231 782 ,

628 825 778 878 spero
799 808 854 862 in
883 807 1122 862 Domino.
1147 808 1298 876 Quod
1323 819 1503 864 autem
1525 809 1661 863 dixit
1688 825 1827 874 mox,
1859 812 1958 864 hoc
1983 819 2066 864 est
2092 809 2233 879 quod

627 915 788 971 supra
819 901 1068 957 celeriter.
1096 901 1165 957 Ut
1194 901 1379 956 videro
1415 917 1534 972 qua:
1560 901 1702 956 circa
1740 917 1825 956 me
1851 901 1955 956 sint
1983 943 1998 967 ,
2029 901 2234 956 mittatn

632 995 1012 1060 Timotheum;
1069 994 1165 1050 sed
1213 1011 1334 1049 cum
1387 995 1574 1050 videro
1619 1011 1738 1064 quae
1781 996 1923 1050 circa
1974 1011 2060 1050 me
2108 997 2233 1049 sint.

637 1088 852 1160 Con/ida
901 1099 1068 1143 autent
1117 1091 1169 1144 in
1219 1088 1442 1143 Domino
1485 1089 1621 1159 quod
1659 1099 1705 1143 et
1741 1090 1851 1158 ipse
1885 1089 1983 1143 cito
2018 1090 2236 1143 veniam.

634 1181 824 1253 Magno
842 1183 1037 1238 aﬂ'ectu
1059 1191 1114 1237 et
1141 1198 1331 1253 magna
1365 1182 1659 1236 monitione
1688 1181 1790 1236 hoc
1807 1181 2072 1252 adjunxit,
2094 1182 2238 1253 quod

636 1291 760 1332 cum
807 1277 982 1329 mittat
1026 1273 1410 1341 Timotheum,
1459 1283 1639 1329 tamen
1688 1288 1746 1329 se
1806 1275 2082 1345 promittat
2121 1290 2241 1330 esse

640 1379 949 1425 νθιιιιιιυιιι.

708 1461 874 1516 Vens.
906 1463 997 1517 9.5.
1048 1492 1118 1503 —-
1146 1461 1372 1518 Conﬁdo
1401 1463 1546 1518 enim
1569 1504 1584 1528 ,
1617 1462 1830 1529 inquit,
1886 1463 1938 1517 in
1975 1464 2240 1526 Domino.

635 1554 757 1623 quia
780 1554 920 1609 circa
947 1569 1032 1610 me
1075 1556 1254 1609 omnia
1288 1565 1431 1610 recte
1461 1565 1652 1619 erunt;
1685 1554 2045 1610 Necessarium
2077 1568 2244 1611 tamen

634 1645 920 1699 existimavi
951 1643 1368 1721 Epaphroditum
1393 1651 1605 1718 fratrem
1637 1647 1741 1720 (l),
1773 1660 1818 1702 et
1849 1651 2243 1704 commilitonmt

2334 456 2438 510 que
2465 441 2529 493 ad
2562 451 2811 506 mortem,
2856 443 3061 512 inquit,
3093 443 3187 496 fuit
3216 443 3458 498 infirmus.
3481 445 3522 500 ln
3545 451 3613 504 tali
3629 469 3762 524 apola-

2337 533 2481 587 tione
2523 549 2714 603 magna
2740 545 2864 588 sunt
2890 535 3156 590 desideria
3199 545 3254 590 et
3292 537 3662 598 vehenientiazad
3687 565 3766 604 illor-

2337 634 2443 679 tem
2463 668 2477 691 ,
2509 626 2707 696 inquit,
2739 627 3062 694 :egrotabat;
3095 629 3345 683 Dominus
3364 642 3515 686 autem
3535 636 3768 698 niisertiuest

2337 721 2472 787 ejus.
2506 717 2646 773 Ecce
2686 721 2940 789 quoniam
2986 720 3305 776 beneﬁcium
3344 738 3370 776 a
3411 725 3594 779 Domino
3620 742 3657 783 et
3679 732 3773 790 ltitia

2340 810 2442 864 vita
2485 811 2766 864 sentimus.
2817 811 3020 867 Deimlc
3061 814 3183 882 qttia
3227 823 3280 867 et
3315 814 3538 871 festinare
3559 819 3610 873 ad
3641 835 3775 879 mortem

2339 901 2620 957 debemus.
2670 902 2821 957 Licet
2871 905 3013 958 enim
3067 907 3266 973 peccati
3312 907 3610 965 ministerium
3644 917 3780 972 mundus

2341 995 2440 1056 sit,
2469 1004 2522 1048 et
2563 993 2764 1049 idcirco
2803 996 3113 1066 fugiendus;
3145 1007 3318 1052 tamen
3348 1009 3397 1053 et
3433 1001 3781 1062 desiderarentur

2344 1087 2395 1142 in
2424 1088 2646 1152 mundo,
2682 1099 2956 1158 peccatum
2989 1106 3094 1144 non
3127 1102 3232 1144 est.
3264 1091 3326 1146 Et
3351 1093 3392 1146 si
3415 1093 3550 1148 debet
3573 1097 3784 1164 desiderari,

2343 1190 2488 1236 recte
2517 1181 2744 1243 dictum,
2763 1182 2855 1236 sed
2893 1183 3160 1238 Dominus
3189 1185 3428 1239 misertus
3451 1198 3522 1240 est
3545 1189 3652 1257 ejus.
3676 1193 3787 1248 [nitide

2342 1275 2594 1344 quoniam
2625 1290 2785 1328 omne
2812 1276 2952 1344 quod
2981 1276 3046 1330 ad
3080 1276 3161 1344 (l)
3206 1280 3358 1331 vitam
3397 1279 3474 1332 hic
3507 1282 3695 1347 agimus,
3717 1287 3792 1340 siet

2339 1366 2470 1436 justi
2506 1367 2674 1420 simus
2693 1407 2707 1432 ,
2735 1376 2788 1421 et
2818 1367 2972 1421 nobis
3002 1368 3268 1438 prosimus
3294 1380 3346 1422 et
3371 1370 3509 1430 aliis.
3535 1376 3682 1425 merito
3702 1378 3790 1429 titiSlri

2345 1461 2632 1516 miseretur
2656 1461 2818 1525 Deus,
2844 1471 2896 1514 et
2917 1473 3155 1516 reservat
3178 1462 3230 1515 iu
3257 1463 3380 1516 vita.
3403 1463 3482 1516 Sic
3502 1463 3792 1533 deniqueatlius

2345 1553 2452 1626 git:
2482 1552 2600 1607 Non
2627 1554 2770 1607 illius
2791 1565 2988 1606 tantum
3013 1553 3149 1608 Dens
3173 1555 3402 1609 misertus
3425 1567 3508 1618 est,
3531 1559 3601 1609 sed
3616 1559 3721 1612 etiam
3737 1565 3793 1624 ma",

2349 1659 2404 1702 ut
2433 1665 2534 1702 non
2561 1649 2823 1702 tristitiam
2851 1648 3084 1701 habeam.
3119 1649 3327 1702 Etenim
3355 1649 3396 1701 si
3421 1664 3560 1718 supra
3584 1649 3729 1703 dictum
3751 1656 3796 1703 ai.

635 1757 825 1804 meum,
853 1751 1069 1794 vestrum
1096 1751 1265 1795 autem
1291 1741 1600 1813 apostolum,
1616 1754 1662 1796 et
1694 1743 1980 1797 ministrum
2006 1745 2242 1799 desiderii
2273 1746 2320 1806 B
2347 1741 2561 1794 nistrunt
2586 1739 2830 1794 desiderii
2858 1741 2985 1803 mei,
3017 1741 3083 1794 tle
3125 1741 3241 1808 ipso
3284 1741 3639 1810 Epaphrodito;
3669 1743 3700 1795 si
3725 1746 3796 1798 etim

644 1833 743 1886 mei
767 1831 864 1903 (2),
883 1833 1080 1887 mittere
1098 1838 1162 1886 ad
1184 1849 1289 1887 vos.
1309 1833 1455 1888 Licet
1473 1834 1777 1903 promiserit
1798 1834 2139 1890 Timotheum
2158 1853 2246 1892 ce-

639 1926 826 1983 leriter
839 1941 898 1980 se
913 1928 1226 1992 missurum,
1249 1939 1424 1984 tamen
1446 1929 1568 2000 quia
1589 1930 1668 2001 (5)
1685 1931 1843 1986 habet
1859 1931 2034 1986 adhuc
2053 1949 2246 2003 quam-

641 2016 763 2072 dam
785 2035 1013 2084 moram,
1037 2035 1156 2074 cum
1179 2021 1465 2076 missurum
1489 2036 1546 2076 se
1562 2023 1719 2087 dixit,
1741 2039 1882 2078 nunc
1912 2025 2072 2079 mittit
2106 2025 2247 2096 Epa-

640 2109 948 2182 phroditum
973 2130 984 2166 :
1011 2113 1395 2178 necessarium,
1422 2114 1616 2185 inquit,
1643 2116 1859 2172 mittere
1890 2116 1956 2172 ad
1985 2132 2078 2172 vos
2108 2118 2247 2188 Epa-

644 2204 976 2276 phroditum.
1006 2205 1362 2264 Commendat
1405 2224 1723 2280 personam:
1755 2221 1939 2281 postea
1971 2210 2247 2280 subjunxit

641 2314 880 2354 causam.
906 2297 1315 2355 Commendatio
1344 2315 1594 2372 personae
1615 2311 1719 2368 est,
1762 2301 1980 2358 fratrem
2016 2304 2067 2358 in
2102 2304 2240 2374 lege,

649 2391 1072 2445 commilitonem
1099 2391 1295 2446 castris
1315 2400 1370 2447 et
1393 2391 1446 2446 in
1471 2392 1651 2448 labore
1678 2391 1980 2465 Evangelii,
2006 2403 2244 2449 vestrum

647 2490 829 2536 autem
857 2481 1182 2550 apostolum.
1215 2483 1355 2538 Ecce
1379 2482 1805 2553 Epaphroditum
1827 2485 2128 2554 apostolum
2151 2502 2247 2541 no-

644 2573 830 2627 minat.
848 2572 1038 2627 Omnis
1056 2574 1200 2628 enim
1229 2574 1321 2644 qui
1353 2576 1608 2643 mittitur,
1635 2585 1690 2630 et
1714 2577 1806 2647 qui
1834 2589 2053 2647 propter
2071 2580 2246 2634 Evan-

645 2665 844 2736 gelium
878 2667 1130 2734 mittitur,
1174 2668 1452 2737 apostolus
1482 2667 1586 2724 dici
1630 2679 1825 2740 potest.
1854 2670 2091 2742 Denique
2121 2671 2245 2727 ltinc

644 2757 720 2813 illi
744 2758 972 2827 apostoli
1002 2758 1129 2813 dicti
1163 2775 1238 2814 xu
1261 2759 1344 2814 vel
1370 2776 1421 2815 xl
1451 2760 1814 2829 aministerio,
1834 2778 1939 2833 quo
1959 2763 2245 2818 mitteban-

646 2861 734 2907 tur
764 2853 1082 2922 prmdicare.
1111 2852 1606 2926 ltaquicumquead
1627 2856 1727 2911 hoc
1751 2857 2000 2922 mittitur,
2017 2871 2242 2927 aposto-

643 2944 726 3000 lus
757 2946 861 3000 dici
892 2955 1088 3016 potest.
1112 2946 1265 3016 Quod
1291 2958 1471 3004 autem
1499 2949 1635 3004 dixit
1665 2952 2239 3021 vestrumapostolum,

642 3041 725 3095 vel
745 3041 866 3111 quia
891 3039 972 3114 (4)
997 3040 1062 3094 ad
1088 3055 1183 3094 vos
1206 3041 1468 3107 mittitur;
1493 3043 1584 3098 alii
1607 3044 1747 3098 enim
1767 3043 1832 3098 ad
1861 3044 1964 3099 alia
1985 3045 2098 3100 loca
2124 3062 2136 3099 :
2159 3046 2240 3100 vel

2352 1833 2632 1904 perderem
2658 1835 2943 1887 ministrum
2968 1833 3205 1888 desiderii
3232 1839 3360 1900 mei,
3385 1835 3800 1891 conlt'istarerettris-

2352 1929 2520 1983 titiam
2547 1928 2818 1984 haberem.
2845 1928 2989 1998 Ergo
3011 1929 3160 1982 multi
3183 1939 3497 1984 servantur:
3520 1941 3564 1982 et
3585 1929 3799 1984 Deuseutul

2351 2021 2660 2087 miseretur,
2694 2037 2788 2088 per
2813 2036 2949 2091 quos
2975 2021 3176 2091 aliquid
3217 2020 3392 2090 agitur
3416 2021 3547 2092 quod
3579 2021 3632 2075 ad
3661 2023 3801 2076 minias

2351 2113 2488 2168 rium
2515 2112 2831 2166 salvationis
2859 2115 3148 2182 pertineat.
3193 2112 3365 2166 Simul
3406 2121 3459 2167 et
3495 2128 3579 2165 nos
3611 2129 3684 2182 pro
3709 2115 3805 2179 Ιιιψιξ-

2353 2205 2496 2260 modi
2529 2204 2835 2258 hominibus
2876 2218 3066 2274 rogare
3106 2203 3406 2269 debemus,
3451 2219 3512 2257 ne
3548 2204 3740 2256 tristitiam
3758 2205 3803 2255 la-

2348 2297 2568 2352 beamus
2593 2297 2638 2350 si
2666 2297 2784 2352 illos
2811 2297 3423 2366 amiserimus,quorum
3451 2296 3624 2351 auxilio
3643 2298 3804 2350 utimurit

2347 2388 2541 2443 divini-5
2568 2387 2730 2443 rebus
2756 2387 3000 2459 agendis,
3041 2389 3405 2452 insinuandis,
3421 2389 3719 2443 enuntiandis.

2420 2482 2589 2538 Vens.
2618 2482 2708 2536 28.
2727 2511 2795 2521 —
2811 2479 3162 2536 Festinantius
3185 2482 3363 2551 itaque
3388 2482 3500 2536 misi
3528 2499 3638 2535 eunt.
3663 2482 3809 2535 Discutit

2347 2575 2634 2630 missiones
2647 2589 2791 2629 suas.
2809 2574 2939 2629 Nam
2953 2575 3019 2629 de
3035 2575 3430 2645 Epaphrodito,
3447 2573 3556 2628 misi
3569 2571 3811 2644 inquitlleli-

2347 2669 2587 2736 motlieo,
2617 2668 2865 2730 celeriter,
2895 2669 3088 2739 inquit.
3112 2685 3261 2738 spero
3283 2685 3368 2723 me
3389 2670 3574 2722 mittere
3589 2669 3699 2722 robii.
3718 2669 3754 2720 Et
3769 2679 3813 2718 u-

2345 2778 2470 2818 meu
2488 2763 3012 2832 supra,necessariuin
3029 2761 3320 2815 existimavi
3331 2763 3525 2814 mittere
3535 2764 3594 2814 ad
3604 2776 3682 2822 eos,
3703 2775 3765 2810 non
3780 2757 3811 2811 de

2346 2869 2411 2909 eo
2435 2863 2539 2918 est,
2571 2852 2712 2922 quod
2745 2855 3008 2907 missurus
3021 2862 3122 2918 est,
3149 2853 3243 2906 sed
3273 2853 3425 2923 quod
3443 2853 3548 2922 jam
3565 2854 3711 2906 missus
3735 2849 3813 2904 [inde

2347 2944 2433 2999 hic
2453 2945 2739 3010 conclusit,
2758 2945 2872 2998 misi
2901 2945 2970 2997 ad
2994 2961 3102 3005 vos,
3131 2953 3184 2996 ut
3211 2961 3332 2996 cum
3361 2945 3578 2997 videritis
3597 2941 3812 3002 tum,dtrli

2342 3039 2694 3111 gratulemini,
2727 3049 2772 3092 et
2801 3055 2890 3110 ego
2911 3040 3021 3092 sine
3043 3039 3251 3091 tristitia
3270 3039 3378 3091 sim
3401 3039 3500 3112 (‘2).
3522 3039 3672 3092 Junin
3699 3048 3736 3090 et
3751 3038 3817 3085 iliis

644 3147 803 3203 quem
840 3147 936 3188 vos
965 3133 1032 3188 de
1061 3135 1253 3189 vestris
1275 3135 1513 3204 elegistis
1556 3137 1892 3207 apostolum;
1924 3139 2236 3204 ministrum,
2270 3132 2314 3195 C
2346 3147 2582 3197 causam,
2608 3131 2866 3186 Curillum
2895 3132 3123 3185 miserit.
3143 3130 3321 3200 Supra
3351 3131 3632 3192 ideozlllisi,
3655 3128 3818 3201 quiille?-

641 3225 836 3297 inqttit,
853 3238 1030 3282 tamen
1052 3227 1293 3282 desiderii
1314 3231 1432 3283 mei.
1459 3231 1900 3300 Quodlestautem
1916 3231 2242 3287 desiderium

639 3323 864 3378 meum?
897 3332 954 3378 ut
984 3338 1076 3378 vos
1102 3323 1366 3390 audiatis,
1397 3333 1454 3378 ut
1479 3341 1574 3380 νυε
1604 3327 1825 3381 verbum
1859 3327 2170 3382 obtineatis.

717 3413 883 3470 Vens.
928 3415 1020 3470 96.
1061 3446 1133 3456 —
1205 3415 1339 3482 Quia
1410 3417 1704 3472 desiderans
1771 3427 1818 3472 et
1887 3420 2246 3491 concupiscens

639 3517 749 3562 erat
803 3508 1032 3562 omnium
1081 3517 1300 3563 vestrum
1353 3509 1452 3582 (5).
1502 3509 1656 3565 Nunc
1685 3509 1958 3581 subjungit
2002 3527 2239 3579 causam,

639 3616 808 3673 quare
857 3602 1032 3672 ipsum
1086 3603 1266 3659 mittat
1325 3622 1338 3658 :
1389 3603 1588 3659 etenim
1620 3603 1964 3660 Timotheum
1995 3606 2247 3661 celeriter

641 3708 701 3748 se
757 3693 1046 3750 missurum
1097 3695 1270 3763 dixit,
1338 3706 1392 3752 ut
1451 3697 1594 3752 bono
1655 3696 1837 3751 animo
1901 3699 2072 3767 possit
2125 3713 2248 3753 esse

641 3799 974 3852 cognoscens
995 3829 1009 3852 ,
1040 3803 1160 3857 qua:
1188 3803 1354 3858 penes
1384 3804 1479 3844 vos
1507 3797 1650 3844 sunt.
1685 3788 1837 3844 Nunc
1868 3790 2012 3844 hunc
2043 3790 2206 3844 mittit
2230 3834 2244 3858 ,

641 3877 767 3950 quia
823 3878 1096 3934 desiderat
1143 3895 1274 3945 vos,
1325 3892 1376 3935 et
1405 3883 1740 3952 concupiscit
1787 3899 1880 3938 vos
1932 3898 2150 3949 omnes,
2193 3892 2249 3940 et

640 3987 784 4043 aegre
811 3983 896 4028 est
923 3988 984 4028 se
1011 3987 1131 4028 esse
1161 3973 1461 4028 absentem.
1496 3975 1694 4029 Probat
1721 3985 1898 4031 autem
1929 3977 2069 4046 quod
2103 3991 2246 4046 aegre

639 4066 774 4121 ferat
806 4066 922 4122 sic:
955 4078 1002 4121 et
1031 4068 1337 4122 ttediabatur
1382 4077 1594 4138 propter
1634 4070 1771 4139 quod
1815 4071 2100 4125 audiebatis
2143 4088 2250 4126 esse

642 4159 723 4232 (6)
753 4161 1017 4230 inﬁrmum
1047 4161 1152 4232 (7).
1200 4161 1343 4230 Hoc,
1385 4162 1597 4233 inquit,
1643 4163 1801 4217 tmdio
1840 4163 2151 4229 laborabat,
2193 4176 2247 4221 et

641 4252 942 4307 audiebatis
971 4253 1120 4308 illum
1152 4254 1424 4308 inﬁrmum
1455 4269 1577 4309 esse
1609 4269 1865 4322 corpore,
1901 4256 1952 4310 id
1977 4267 2059 4311 est
2078 4273 2248 4328 (egro-

645 4353 780 4400 tare.
810 4344 892 4400 An
923 4347 1024 4400 hoc
1053 4346 1320 4416 signiﬁcat
1350 4347 1693 4412 ttediabatur,
1728 4357 1786 4402 ut
1812 4348 1913 4402 sibi
1951 4363 2046 4403 sua
2084 4365 2244 4404 causa

641 4440 745 4504 sit,
778 4437 923 4510 quod
952 4440 1006 4494 in
1038 4441 1390 4511 aegrotatione
1421 4440 1558 4495 fuit?
1595 4450 1650 4496 et
1688 4457 1752 4497 ex
1795 4443 1908 4512 ipsa
1949 4457 2105 4498 causa
2153 4453 2247 4499 tae-

2345 3225 2568 3280 derabat
2583 3239 2678 3280 vos
2695 3235 2744 3280 et
2762 3225 3211 3295 concupiscebat:
3242 3243 3394 3281 nunc
3409 3226 3472 3280 ad
3491 3227 3620 3294 ipsos
3635 3225 3822 3290 Phillpiett-

2347 3335 2455 3387 ses,
2474 3329 2531 3374 ut
2552 3319 2956 3389 vosgaudealis,
2984 3329 3037 3374 et
3062 3320 3241 3375 denuo
3265 3321 3622 3392 gratulemiui,
3644 3334 3728 3371 Ctllll
3746 3316 3819 3367 illita

2348 3414 2610 3468 videritis.
2631 3414 2764 3480 Quid
2782 3423 2864 3470 est
2883 3414 3048 3467 denuo
3073 3415 3450 3485 gratulemini?
3465 3426 3512 3468 ιιι
3537 3430 3640 3468 cum
3657 3411 3822 3465 intrisnm

2350 3506 2554 3562 fueritis
2573 3523 2587 3572 ;
2612 3509 2687 3561 sic
2701 3511 2842 3561 enim
2865 3524 3025 3578 supra
3042 3507 3266 3572 dictum,
3287 3506 3569 3562 audieratis
3589 3507 3702 3558 illum
3717 3501 3818 3562 aut}

2349 3601 2634 3669 infirmum,
2660 3616 2800 3655 nunc
2822 3616 3009 3656 rursus
3033 3590 3339 3672 gaudeatis,
3359 3618 3482 3656 cum
3507 3616 3617 3654 eum
3632 3598 3775 3652 videtis.
3789 3598 3826 3645 At

2349 3691 2550 3758 denuo,
2583 3697 2707 3762 quia
2742 3701 2862 3762 post
2901 3707 3120 3762 gravem
3163 3692 3537 3748 valetudinem
3573 3693 3779 3748 audierunt
3795 3685 3825 3734 il-

2348 3785 2458 3840 lum
2489 3801 2678 3840 sanum
2712 3784 2908 3840 factum
2931 3828 2946 3849 ,
2977 3795 3032 3840 et
3061 3785 3314 3855 gratulati
3346 3795 3474 3840 sunt
3493 3767 3665 3853 :nunc
3683 3778 3827 3835 autcmei

2349 3894 2472 3935 eum
2528 3879 2776 3944 videant,
2829 3878 3009 3934 denuo
3061 3879 3529 3949 gratulabuntur?
3575 3875 3700 3946 Quod
3738 3883 3828 3926 ante?

2350 3973 2594 4041 adiunxit
2615 4014 2629 4035 ,
2684 3983 2730 4025 et
2761 3989 2851 4042 ego
2883 3972 2992 4026 sine
3021 3972 3226 4026 tristitia
3252 3973 3384 4037 sint,
3430 3973 3551 4043 quia
3591 3973 3628 4024 si
3661 3983 3772 4036 supra
3797 3963 3832 4013 ci:-

2351 4069 2428 4122 xit
2456 4065 2760 4120 ministrum
2797 4062 2876 4135 (ι)
2910 4065 2991 4119 sui
3035 4063 3290 4119 desiderii
3335 4080 3463 4120 esse
3503 4059 3831 4132 Epapltrrdimm.

2351 4160 2535 4230 utique
2577 4174 2698 4212 cum
2743 4157 2890 4210 illum
2934 4157 3132 4223 mittit,
3175 4158 3332 4226 quasi
3378 4157 3549 4212 videri
3588 4164 3730 4228 potest
3751 4147 3836 4202 tritis

2352 4250 2468 4324 (5):
2502 4250 2594 4306 sed
2629 4251 2879 4318 quoniam
2909 4260 2963 4305 et
2993 4249 3079 4304 ille
3107 4249 3463 4305 desiderabat
3491 4251 3637 4312 illos,
3672 4256 3714 4302 et
3739 4253 3835 4313 gnw'

2350 4346 2600 4401 labuntur
2630 4346 2674 4400 si
2708 4346 2854 4402 illum
2897 4345 3124 4402 viderint
3145 4389 3160 4412 ,
3207 4347 3416 4416 poterit
3455 4346 3644 4402 Paulus
3676 4357 3762 4399 esse
3783 4337 3838 4388 silit

2352 4441 2589 4495 tristitia.

644 4533 914 4599 diabatur,
943 4541 998 4588 et
1027 4544 1308 4604 propterea
1338 4551 1481 4605 arger
1507 4534 1626 4600 fuit,
1647 4536 1768 4606 quia
1796 4535 2124 4592 desideravit
2149 4553 2244 4594 vos
2269 4521 2323 4582 D
2419 4534 2586 4589 Vsus.
2610 4533 2701 4597 29,
2726 4536 2816 4591 50.
2854 4564 2922 4575 -
2941 4534 3176 4607 Excipite
3195 4552 3317 4607 ergo
3345 4537 3500 4592 illum
3529 4536 3579 4589 in
3601 4532 3842 4588 Domina”

641 4635 696 4682 et
726 4627 1072 4697 concupivit?
1105 4627 1233 4683 lude
1261 4643 1390 4700 ergo
1414 4629 1524 4700 jam
1557 4630 1711 4684 mitto
1749 4629 1900 4686 illum
1930 4631 2100 4686 vobis.

717 4720 879 4776 Vens.
903 4721 993 4775 27.
1025 4751 1097 4763 --
1116 4720 1255 4776 Ναηι
1281 4731 1329 4777 et
1357 4723 1592 4791 infirmus
1613 4724 1710 4794 fuit
1738 4741 1894 4795 usque
1915 4725 1982 4778 ad
2005 4735 2248 4782 mortem:

645 4811 734 4865 sed
765 4811 1013 4870 Dominus
1041 4817 1276 4869 misertus
1306 4825 1378 4870 est
1412 4817 1560 4887 ejus;
1591 4831 1681 4868 nec
1709 4816 1855 4870 illius
1883 4826 2116 4883 tantum,
2159 4819 2248 4872 sed

645 4903 802 4958 etiam
829 4907 968 4972 mei,
999 4916 1050 4961 ut
1077 4923 1176 4962 non
1201 4908 1459 4962 tristitiam
1485 4906 1698 4961 habeam
1723 4907 1823 4980 (8).
1865 4906 2114 4965 Ostendit
2149 4926 2246 4968 cur

833 5045 1012 5130 ἕως..
1049 5047 1137 5102 hic
1163 5047 1330 5130 addit,
1358 5056 1404 5100 et
1430 5058 1826 5116 coeperatorem.

722 5118 803 5188 (2)
833 5118 1009 5185 Vulg..
1040 5119 1351 5173 necessitatis
1381 5135 1526 5175 mete.

721 5192 800 5264 (5)
831 5189 1001 5264 Codd.
1028 5191 1134 5264 qui.

721 5260 802 5332 (4)
833 5260 1004 5316 Codd.
1038 5261 1144 5332 qui.

720 5331 802 5406 (5)
838 5334 1021 5406 Vulg,
1070 5331 1324 5398 Quoniam
1353 5334 1557 5402 quidem
1586 5341 1758 5389 amnes
1785 5349 1874 5389 vos
1900 5333 2240 5390 desiderabat.

719 5405 800 5474 (6)
828 5405 998 5461 Codd.
1028 5421 1118 5475 per
1144 5421 1240 5474 pro
1266 5422 1390 5460 esse.

646 5477 1131 5618 ﬁrggnﬁthmmtus
1157 5487 1264 5532 erat
1287 5487 1494 5552 propter
1519 5476 1655 5548 quod
1683 5477 1964 5534 audieratis
1987 5477 2137 5533 illum
2164 5479 2244 5534 in-

689 5560 929 5602 rmatunt.

723 5618 804 5690 (8)
837 5619 988 5690 Vulg.
1021 5618 1161 5675 Nam
1187 5629 1234 5674 et
1274 5621 1566 5690 inﬁrmatus
1589 5631 1700 5676 est.
1733 5660 1748 5675 .
1779 5661 1792 5674 .
1825 5661 1838 5673 .
1870 5661 1883 5673 .
1916 5659 1928 5671 .
1953 5635 2054 5673 non
2079 5619 2258 5674 solum.

657 5703 826 5763 autem
848 5693 957 5763 ejus
972 5731 987 5756 ,
1013 5708 1185 5747 verum
1209 5694 1362 5750 etiam
1383 5703 1430 5750 et
1455 5691 1554 5748 mei
1576 5709 1640 5748 ne
1663 5693 1924 5749 tristitiam
1945 5707 2097 5763 super
2121 5692 2242 5747 tris-

653 5759 819 5814 titiam
845 5759 1094 5816 haberem.

2349 4628 2487 4681 onmi
2518 4627 2898 4698 gratulatione;
2929 4637 2976 4681 et
3004 4645 3088 4682 eos
3117 4629 3202 4698 qui
3243 4629 3548 4702 hujusmodi
3584 4635 3715 4687 sunt,
3744 4623 3778 4672 iit
3801 4619 3844 4664 lit-

2347 4718 2555 4773 noribus
2585 4720 2833 4774 habetote.
2869 4721 3118 4786 Quoniam
3149 4731 3362 4790 propter
3403 4737 3536 4790 Opus
3576 4715 3735 4772 Christi
3765 4721 3846 4774 tam!

2349 4813 2417 4866 ad
2467 4821 2677 4866 mortem
2729 4813 2971 4877 accessit,
3026 4829 3284 4880 exponens
3335 4814 3392 4866 in
3451 4815 3683 4865 incertum
3717 4806 3847 4859 atumat

2348 4923 2528 4972 suam,
2562 4915 2614 4959 ut
2654 4905 2916 4974 suppleret
2953 4905 3007 4958 id
3048 4907 3185 4976 quod
3224 4905 3394 4975 defuit
3439 4906 3578 4960 vobis
3616 4905 3728 4957 circa
3759 4910 3851 4950 nam

2349 5003 2642 5071 obsequium
2673 5001 2776 5073 (6).
2808 5000 3220 5056 Commendatio
3259 5010 3345 5056 est
3389 5001 3544 5068 haec,
3587 5007 3638 5053 ut
3672 4991 3854 5064 Eupha-

2453 5117 2502 5172 tl
2533 5117 2606 5172 Ita
2633 5115 2789 5172 codd.

2423 5118 2470 5186 (1
2533 5117 2606 5172 Ita
2633 5117 2789 5172 codd.

2423 5117 2504 5262 (2)
2551 5189 2760 5262 Tutum
2789 5203 3000 5262 versum
3040 5187 3224 5256 Vulg.,
3255 5186 3637 5262 sicgeshibet:
3674 5181 3856 5262 festinae

2353 5257 2452 5316 tius
2487 5257 2608 5331 ergo
2648 5261 2764 5315 misi
2802 5261 2979 5324 illum,
3023 5271 3077 5314 ut
3116 5262 3222 5315 viso
3261 5275 3314 5314 eo
3348 5260 3540 5314 iterum
3575 5257 3857 5330 gaudentes

2351 5350 2444 5392 ego
2465 5374 2480 5392 .
2509 5343 2614 5387 εις.

2382 5350 2444 5404 go
2465 5374 2480 5392 .
2509 5350 2614 5387 etc.

2423 5405 2505 5472 ('5)
2533 5403 2703 5458 Codd.
2734 5420 2842 5474 per.

2428 5475 2507 5549 (ι)
2528 5475 2698 5549 Codd.
2724 5475 3081 5549 ministerium.

2450 5550 2502 5614 5)
2533 5545 2703 5601 Codd.
2736 5547 2948 5600 tristius.
3780 5607 3800 5616 ,,
3837 5605 3840 5610 .

2450 5607 2504 5684 6)
2535 5617 2690 5686 Vulg.
2715 5635 2729 5670 :
2762 5616 2998 5687 Excipite
3016 5619 3186 5688 itaque
3209 5619 3355 5673 illum
3384 5635 3505 5672 cum
3528 5615 3659 5672 omni
3681 5607 3858 5683 gaudial-

2351 5690 2576 5746 Dumino
2620 5699 2665 5742 et
2709 5690 2959 5760 ejusmodi
3005 5705 3120 5742 cum
3165 5692 3353 5760 honore
3387 5691 3660 5760 habetote:
3699 5693 3858 5753 quorum

2353 5772 2560 5831 propter
2588 5775 2716 5832 opus
2732 5759 2754 5816 “.
2781 5794 2797 5816 .
2823 5795 2840 5816 .
2867 5798 2879 5815 .
2910 5799 2924 5816 .
2953 5798 2966 5816 .
2987 5759 3197 5816 accessit
3221 5798 3236 5829 ,
3276 5759 3489 5815 tradens
3517 5759 3722 5814 animant
3743 5761 3860 5805 tu":
