4018 6184
173 266 283 336 ﬁl?

973 262 1037 319 ΙΝ
1079 258 1470 318 El’lSTOLAM
1510 255 1718 312 PAULI
1755 254 1848 309 Al)
1888 250 2382 310 l’lllLlPl’ENSES
2409 250 2632 308 LIBER.

3309 249 3450 307 52l8

165 385 305 439 ditum
333 381 646 452 suscipiant.
672 381 774 435 Dat
798 389 974 436 autem
993 379 1218 452 gratiam
1243 389 1568 446 causamque
1593 386 1742 427 com-
1770 382 1825 442 Α
1850 368 1939 438 plo
1972 369 2085 422 Dei.
2137 367 2205 422 Et
2245 368 2332 423 hic
2357 368 2616 422 adversus
2646 379 2810 422 canes
2838 363 2966 420 dicit
2988 405 3002 428 ,
3037 377 3064 417 a
3099 363 3293 434 quibus
3320 364 3452 418 dicit

164 476 498 538 mendationi;
542 475 593 529 in
641 475 1124 544 Domino,inquit,
1167 471 1435 540 excipite;
1483 468 1533 521 id
1562 474 1646 521 est
1686 473 1747 518 ut

164 582 301 633 eum,
331 567 416 637 qui
452 567 695 620 minister
721 569 790 620 sit
822 565 1076 620 Domini:
1122 579 1218 618 vos
1257 563 1350 633 qui
1387 561 1498 632 jam
1543 561 1595 613 in
1644 558 1746 611 Do-

164 663 291 718 mino
317 661 478 726 estis,
511 668 688 714 amate
718 659 926 714 Domini
957 659 1260 714 ministrum
1283 697 1298 722 ,
1333 668 1384 711 et
1415 664 1591 710 amate
1621 670 1743 710 cum

165 753 290 810 omni
319 752 693 824 gratulatione.
725 753 900 822 Atque
926 751 976 805 id
1006 750 1120 804 vult
1146 747 1470 821 generaliter
1491 746 1747 801 omnibus

166 846 417 912 exhiberi,
459 846 550 917 qui
597 845 732 900 tales
759 854 902 900 sunt.
950 846 1087 908 Eos,
1131 843 1336 912 inquit,
1379 841 1611 911 excipite
1653 842 1742 909 qui

167 939 404 1011 ejusmodi
447 949 590 992 sunt.
634 938 770 1004 Quid
811 948 895 994 est
932 947 1150 1003 autem,
1193 937 1363 1007 ipsum
1401 934 1658 1006 excipite?
1695 934 1748 987 in

167 1032 420 1087 honoribus
448 1031 645 1085 habete.
681 1032 779 1086 Dat
808 1034 970 1086 etiam
1003 1045 1194 1085 causas
1215 1071 1230 1096 ,
1263 1045 1362 1083 cur
1389 1029 1486 1083 ista
1521 1026 1748 1098 pra-beri

167 1125 450 1179 boininibus
476 1124 633 1190 velit,
666 1125 919 1194 quoniam
947 1133 1170 1196 propter
1194 1138 1330 1192 opus
1353 1121 1551 1177 Christi
1577 1135 1748 1190 usque

165 1215 223 1270 ad
260 1225 480 1271 mortem
520 1218 774 1273 accessit.
837 1217 949 1271 lloc
989 1217 1173 1284 utique
1223 1215 1290 1270 de
1345 1213 1746 1284 Epaphrodito;

163 1307 270 1377 quia
299 1307 422 1360 dum
448 1308 562 1362 vult
594 1308 776 1362 labore
805 1317 859 1362 et
883 1307 1046 1362 animi
1079 1317 1132 1360 et
1161 1306 1407 1376 corporis
1432 1303 1748 1359 satisfacere

161 1399 436 1470 EVangelio
457 1441 472 1466 ,
508 1401 610 1455 hoc
638 1408 721 1456 est
751 1400 972 1454 verbum
1017 1397 1226 1452 Domini
1260 1397 1584 1464 priedicare,
1615 1397 1752 1450 mul—

162 1501 263 1548 tum
292 1494 582 1559 laboravit,
612 1503 663 1549 et
691 1494 1044 1564 :rgrotatione
1084 1493 1232 1561 gravi
1276 1490 1345 1545 ad
1387 1500 1613 1546 mortem
1657 1506 1749 1544 ac-

97 1641 103 1652 ,
162 1587 328 1642 cessit.
361 1587 531 1644 Simul
563 1597 616 1642 et
643 1587 769 1657 quid
799 1586 1170 1656 Epaphrodito
1195 1585 1509 1655 contigerit,
1543 1582 1751 1654 etquid

161 1693 248 1734 nos
273 1694 429 1748 agere
455 1677 754 1734 debeamus
781 1678 1039 1732 ostendit.
1077 1680 1143 1730 At
1185 1677 1263 1748 (l)
1304 1685 1565 1746 quantum
1604 1675 1752 1729 labo-

1849 465 2148 520 cavendum
2192 480 2350 530 esse;
2383 465 2557 520 Judaei
2585 464 2824 529 scilicet,
2855 463 2946 532 qui
2978 462 3118 526 sint,
3149 460 3290 531 quod
3317 476 3449 530 0pc-

1848 558 1976 612 rarii
2005 558 2106 611 sint
2136 568 2190 612 et
2217 558 2378 613 mali:
2405 558 2636 628 operarii
2665 557 2810 612 enim
2835 556 2888 610 iu
2917 555 3172 627 operibus
3198 560 3456 609 exercent

1850 650 2055 715 vitam,
2091 650 2257 704 Deum
2290 665 2396 705 non
2429 659 2853 721 cognoscentes,
2874 658 2929 705 et
2973 649 3207 703 salutem
3249 647 3350 702 sibi
3383 661 3452 701 ex

1851 741 2108 812 operibus
2137 753 2389 811 sperant:
2418 742 2487 798 de
2516 743 2713 814 quibus
2739 757 2901 812 supra
2925 740 3036 810 jam
3064 739 3268 796 dictum
3309 737 3453 810 quod

1851 849 2012 901 opera
2067 835 2201 890 nihil
2229 837 2466 892 valeant.
2496 835 2808 903 Intuemini,
2843 835 3048 907 inquit,
3076 835 3451 906 prtecisionem.

1850 928 1920 986 Ut
1950 927 2090 998 apud
2125 930 2244 984 illos
2273 931 2522 1000 prtecisio
2554 931 2657 996 sit,
2688 930 2828 1000 quod
2862 929 3060 986 {tedam
3095 937 3299 1000 partem
3329 944 3455 984 cor-

1852 1022 1999 1092 poris
2031 1021 2346 1090 prteciduut.
2393 1021 2507 1076 Nos
2544 1033 2714 1076 autem
2753 1022 3072 1076 circumcisio
3124 1038 3327 1085 sumus,
3374 1021 3458 1076 in-

1851 1113 1986 1184 quit.
2005 1113 2455 1169 Circumcillimus
2475 1116 2620 1170 enim
2652 1131 2866 1170 omnem
2896 1115 3154 1170 malitiam
3182 1131 3248 1170 ex
3278 1113 3459 1170 cordi-

1852 1207 1953 1263 bus
1984 1208 2212 1263 nostris:
2244 1217 2300 1263 et
2331 1209 2380 1263 id
2411 1207 2668 1276 facimus,
2696 1210 2818 1280 quia
2846 1208 2924 1281 (Ι)
2953 1225 3046 1278 per
3070 1210 3313 1280 spiritum
3341 1209 3453 1266 Deo

1854 1300 2120 1354 servimus
2139 1342 2152 1365 ,
2189 1300 2265 1354 illi
2289 1313 2468 1357 autem
2500 1317 2596 1371 per
2625 1317 2842 1357 carnem
2871 1318 2885 1366 ;
2919 1317 3048 1372 ergo
3077 1303 3283 1372 praecisi
3308 1311 3455 1369 sunt,

1854 1409 1960 1448 non
1993 1394 2319 1450 circumcisi.
2344 1395 2682 1462 Exultemus,
2715 1396 2919 1466 inquit;
2948 1397 3057 1451 imo
3089 1398 3285 1466 potius,
3315 1397 3459 1452 exul-

1853 1495 2040 1539 tamus.
2076 1484 2180 1540 Ubi
2207 1495 2385 1540 autem
2418 1488 2762 1542 exultamus?
2802 1487 2916 1542 Non
2948 1488 3001 1542 in
3029 1504 3224 1554 carne,
3255 1496 3314 1542 ut
3343 1489 3457 1557 illi,

1854 1577 2102 1633 liduciam
2133 1578 2421 1644 habentes,
2449 1579 2542 1634 sed
2573 1581 2626 1634 in
2655 1578 2872 1634 Christo
2899 1579 3047 1635 Jesu.
3073 1580 3216 1651 Ergo
3241 1591 3461 1638 avorate

1853 1685 2067 1725 omnem
2087 1671 2367 1727 scientiam
2393 1680 2625 1727 vestram
2644 1672 2897 1743 ajudaica
2918 1673 3226 1742 disciplina,
3245 1675 3313 1730 ab
3337 1689 3460 1745 Ope-

158 1770 322 1825 ravit't
346 1769 412 1824 ad
445 1779 708 1834 mortem,
744 1769 948 1839 inquit,
975 1767 1239 1830 accessit;
1267 1777 1317 1822 et
1349 1781 1551 1836 ponens
1583 1766 1634 1819 in
1668 1766 1748 1820 in-
1778 1765 1825 1824 B
1854 1762 2808 1830 ribusluilzeorum,acircumcisione
2831 1765 3042 1836 judaica
3063 1783 3077 1832 ;
3097 1776 3153 1822 et
3180 1768 3461 1824 circumci-

156 1874 351 1918 certum
383 1863 616 1916 animam
651 1878 825 1916 suam.
856 1859 972 1916 Non
1018 1862 1068 1914 iu
1112 1860 1376 1914 incertmn
1419 1858 1564 1928 quod
1603 1857 1746 1912 circa

156 1970 247 2010 vos
273 1955 496 2024 agebat.
528 1955 624 2008 sed
656 1955 707 2008 in
755 1955 1017 2009 incertum
1058 1952 1199 2021 quod
1242 1966 1410 2020 usque
1453 1951 1748 2020 periculum

157 2049 410 2104 laboravit
439 2047 518 2118 (2)
542 2061 553 2101 :
587 2056 644 2100 ut
669 2047 776 2116 jam
806 2048 858 2100 in
888 2047 1092 2100 incerto
1118 2055 1299 2107 esset,
1327 2059 1394 2097 an
1423 2042 1627 2097 viveret
1657 2058 1752 2112 per

159 2143 410 2200 laborem.
444 2141 580 2209 Quid
608 2149 786 2195 autem
815 2139 924 2210 egit
949 2139 1092 2193 circa
1124 2137 1258 2192 vos?
1292 2135 1360 2192 Ut
1387 2137 1662 2206 suppleret
1701 2135 1752 2190 id

158 2237 295 2307 quod
325 2235 498 2292 deluit
528 2234 682 2289 vobis
711 2235 851 2288 circa
894 2248 1072 2287 meum
1114 2231 1469 2299 obsequium:
1513 2238 1572 2284 ut
1611 2229 1752 2300 quod

158 2342 258 2400 ego
282 2337 574 2397 occupatus
605 2326 677 2380 lui
701 2368 716 2390 ,
756 2325 846 2380 ille
885 2323 1186 2393 compleret
1226 2321 1365 2392 quod
1407 2336 1617 2376 mecum
1659 2322 1756 2376 de-

158 2418 254 2476 luit
287 2419 630 2488 obsequium.
665 2417 878 2472 Etenim
911 2431 1100 2472 revera
1124 2414 1374 2485 quoniam
1417 2430 1521 2468 una
1563 2414 1758 2484 prmdi-

157 2511 296 2568 calio
325 2522 408 2567 est
430 2552 446 2578 ,
475 2521 529 2565 et
557 2527 662 2566 una
689 2511 936 2566 docuina
963 2518 1046 2564 est
1064 2550 1078 2574 ,
1109 2507 1261 2563 labor
1287 2515 1486 2561 tantum
1513 2506 1757 2563 diversus

158 2615 334 2680 potest
357 2621 478 2662 esse
504 2606 555 2660 in
582 2606 805 2675 singulis
830 2605 1089 2674 apostolis
1115 2613 1170 2659 et
1193 2603 1566 2674 evangelistis;
1594 2619 1757 2658 unum

159 2709 335 2756 tamen
365 2709 482 2764 est,
515 2698 658 2767 quod
687 2697 904 2752 docent.
954 2697 1197 2766 Denique
1225 2705 1278 2750 et
1321 2694 1436 2764 ipse
1478 2694 1760 2763 Epaphro-

159 2791 302 2847 ditus
328 2791 604 2860 apostolus
628 2789 754 2860 quid
779 2788 1018 2860 implevit
1047 2787 1165 2859 (5)?
1197 2786 1343 2849 lloc,
1375 2787 1574 2857 inquit,
1604 2786 1764 2842 obse-

153 2889 342 2960 quium
365 2929 380 2951 ,
409 2887 551 2957 quod
580 2885 736 2940 vohis
763 2883 934 2939 deluit
956 2925 970 2948 ,
1003 2884 1092 2938 ille
1120 2881 1428 2952 complevit.

232 2979 361 3035 CAP.
407 2995 486 3032 Ill.
512 3007 584 3018 —-—
611 2975 780 3033 Vsus.
814 2982 838 3031 1
866 3018 882 3039 ,
913 2976 980 3043 Ξ,
1007 2976 1061 3031 5.
1093 3004 1162 3015 --
1183 2976 1260 3029 De
1301 2985 1504 3038 cancro,
1543 2979 1728 3045 fratres
1748 3017 1763 3042 ,

155 3071 493 3142 gratulamini
534 3068 617 3140 (4)
659 3069 712 3122 in
759 3067 1012 3121 Domino:
1055 3067 1228 3121 eadem
1267 3069 1488 3121 scribere
1527 3069 1597 3120 ad
1640 3085 1726 3122 vos
1752 3109 1765 3133 ,

1851 1855 2058 1910 sionem
2073 1856 2252 1910 cordis
2275 1856 2557 1922 habetote;
2574 1867 2634 1913 ut
2657 1874 2750 1927 per
2767 1858 3009 1929 spiritum
3037 1859 3146 1914 Deo
3161 1861 3462 1918 serviamus

1852 1957 1904 2001 ct
1934 1949 2238 2004 exaltemus
2270 1949 2324 2003 in
2354 1947 2587 2005 Christo.
2619 1949 2695 2004 llli
2715 1959 2896 2006 autem
2923 1954 2973 2005 in
2996 1965 3158 2008 carne
3184 1953 3457 2017 exultent;

1852 2039 1979 2094 inde
2027 2039 2279 2095 liduciam
2329 2041 2621 2107 habentes,
2673 2043 2795 2112 quia
2845 2043 2898 2097 in
2951 2059 3112 2099 carne
3157 2045 3463 2101 circumcisi

1854 2143 2000 2197 sunt,
2021 2148 2081 2189 se
2112 2149 2268 2204 posse
2298 2137 2598 2202 servari,et
2627 2144 2883 2192 aeternam
2916 2139 3079 2194 vitam
3111 2140 3328 2194 mereri.

1930 2225 2095 2282 Vens.
2127 2229 2180 2292 4,
2212 2226 2268 2293 5,
2288 2227 2343 2294 6,
2369 2230 2421 2283 7.
2445 2260 2516 2269 —
2541 2230 2848 2300 Quanquam
2879 2248 2972 2301 ego
3002 2232 3216 2286 habeam
3235 2233 3387 2288 etiam
3409 2234 3465 2288 in

1857 2336 2009 2376 carne
2039 2321 2282 2389 liduciam
2317 2321 2420 2394 (2).
2443 2323 2623 2379 Multis
2644 2325 2820 2380 modis
2838 2327 3097 2397 probatur
3113 2325 3329 2383 Judaeos
3348 2345 3467 2384 om-

1859 2429 1982 2469 nem
2005 2414 2253 2469 liduciam
2276 2416 2328 2470 in
2353 2431 2516 2472 carne
2536 2416 2737 2472 habere
2754 2427 2808 2473 et
2837 2419 2891 2473 in
2920 2419 3333 2476 circumcisione
3355 2439 3368 2476 :
3387 2419 3464 2475 si-

1856 2506 2077 2576 quidem
2100 2508 2263 2562 etiam
2282 2509 2872 2578 siciuterpretalisuut
2913 2511 3108 2578 Judaai,
3144 2528 3266 2568 cum
3313 2513 3460 2570 salus

1862 2601 2172 2669 proveniret
2199 2601 2522 2658 circumciso
2551 2601 2736 2674 Moyse
2764 2602 2845 2676 (5)
2895 2621 2910 2658 :
2945 2604 3087 2660 unde
3117 2605 3341 2677 intelligi
3392 2606 3463 2662 li-

1862 2700 1948 2744 cet
1975 2690 2194 2746 Iudaeos
2223 2693 2385 2747 etiam
2417 2693 2484 2748 de
2511 2708 2709 2760 carne,
2743 2703 2799 2750 et
2829 2696 3000 2766 magis
3030 2696 3082 2750 in
3113 2711 3299 2764 carne,
3332 2697 3467 2754 [idu-

1863 2784 2002 2839 ciam
2033 2801 2242 2854 gerere.
2275 2785 2382 2841 Sed
2414 2785 2519 2842 hoc
2547 2787 2744 2842 Paulus
2773 2787 2962 2853 docet.
2996 2789 3040 2844 si
3073 2790 3124 2843 in
3155 2806 3352 2859 carne,
3387 2793 3470 2846 in-

1863 2875 2100 2946 quil,est
2130 2877 2345 2944 ﬁducia,
2369 2879 2422 2933 id
2455 2889 2538 2934 est
2567 2878 2620 2933 in
2653 2878 3099 2949 circumcisione;
3134 2883 3308 2954 magis
3340 2885 3472 2941 mihi

1866 2979 1986 3024 est:
2019 2984 2120 3039 ego
2147 2971 2292 3025 enim
2327 2971 2378 3024 in
2409 2986 2602 3037 carne,
2631 2973 2837 3044 inquit,
2863 2972 3113 3029 liduciam
3137 2974 3329 3032 habeo.
3363 2976 3471 3034 De-

1871 3065 2032 3133 nique
2062 3063 2132 3118 ita
2164 3066 2508 3134 supponitur,
2541 3068 2586 3120 si
2620 3068 2740 3138 quis
2768 3069 2907 3123 alter
2937 3076 3087 3138 putat
3122 3084 3181 3125 se
3215 3071 3270 3125 in
3307 3087 3472 3128 carne

159 3162 292 3218 mihi
321 3161 523 3231 quidem
552 3176 653 3214 non
685 3161 915 3230 pigrum,
947 3159 1083 3214 vobis
1108 3170 1276 3213 autem
1303 3161 1626 3228 manifestum
1660 3156 1759 3228 (5).
1790 3152 1835 3213 C
1868 3158 2170 3224 conlidere,
2199 3160 2370 3228 magis
2398 3175 2518 3230 ego.
2550 3160 2619 3216 Et
2649 3161 2841 3227 docet,
2868 3179 3034 3233 quare
3058 3164 3110 3218 in
3141 3179 3309 3221 carne
3339 3165 3474 3221 lidu-

165 3254 444 3318 Gaudete,
477 3256 676 3325 inquit,
728 3254 779 3308 in
823 3253 1084 3319 Domino,
1128 3270 1160 3307 ο
1201 3254 1420 3316 lratres,
1459 3253 1599 3321 quod
1637 3252 1768 3306 mihi

162 3364 275 3404 non
323 3349 532 3418 pigrum
574 3354 658 3402 est
688 3344 878 3401 eadem
918 3345 984 3398 ad
1028 3359 1124 3399 vos
1169 3361 1273 3398 non
1318 3344 1584 3405 scribere.
1620 3345 1770 3399 vobis

160 3453 346 3496 autem
379 3441 664 3511 plurimum
696 3438 936 3508 prodesl.
967 3437 1206 3492 Firuuuu
1249 3450 1410 3507 atque
1451 3448 1618 3490 totum
1649 3445 1726 3491 est
1752 3478 1767 3503 ,

145 3533 310 3604 quod
339 3533 532 3587 scribo.
573 3531 794 3587 Grzecus
822 3530 893 3584 sit
934 3530 1144 3600 posuit,
1189 3538 1247 3584 ut
1318 3529 1528 3583 ﬁrmum
1570 3528 1774 3582 diceret

175 3636 234 3682 et
263 3635 435 3680 tutum
460 3643 474 3684 :
505 3625 702 3679 latinus
725 3667 739 3689 ,
771 3623 1114 3678 manifestum
1143 3623 1237 3677 ait.
1269 3620 1452 3677 Cavete
1479 3623 1556 3692 (6)
1578 3639 1608 3674 a
1632 3621 1774 3675 cani-

161 3717 292 3783 bus,
341 3719 584 3774 attendite
623 3717 886 3786 operarios
957 3715 1155 3783 malos,
1201 3716 1466 3769 intuemini
1511 3715 1775 3784 prazcisio-

161 3827 307 3865 nem.
357 3807 493 3862 Nam
541 3808 860 3862 circumcisio
908 3825 1000 3861 nos
1044 3823 1254 3874 smnus,
1297 3807 1384 3876 qui
1425 3823 1514 3879 per
1539 3807 1775 3877 spiritum

159 3903 284 3960 Deo
326 3903 603 3968 servimus,
654 3913 700 3956 et
770 3903 1055 3957 exultamus
1103 3903 1156 3954 in
1215 3901 1416 3954 Christo
1466 3900 1626 3966 Jesu,
1675 3917 1777 3953 non

137 3997 221 4052 .s'n
272 4011 426 4049 carne
479 3995 695 4064 ﬁdentes
725 3993 836 4064 (7).
871 3992 994 4048 Haec
1023 3991 1320 4046 admonitio
1349 4004 1455 4046 non
1509 3990 1634 4062 quid
1693 3990 1770 4044 la-

151 4089 456 4154 ciendum,
488 4087 582 4143 sed
616 4086 743 4158 quid
796 4085 1075 4140 vitandqu
1109 4087 1207 4152 sit,
1239 4085 1419 4141 docet.
1477 4084 1656 4140 Monet
1682 4099 1779 4138 au-

145 4191 281 4240 -tem
317 4192 370 4237 ut
405 4197 433 4235 a
461 4181 664 4237 JllleiS
693 4195 753 4235 se
783 4187 1114 4247 temperent:
1156 4187 1342 4234 cavete
1384 4177 1490 4248 (8),
1537 4177 1710 4248 inquit
1748 4192 1777 4230 a

141 4267 426 4334 manibus.
456 4267 532 4321 De
560 4265 790 4320 canibus
818 4273 902 4320 est
935 4272 1192 4318 tractatus
1213 4263 1324 4335 (9):
1370 4278 1490 4317 nam
1534 4271 1588 4318 et
1631 4262 1781 4331 ponit

141 4361 447 4430 scriptura
481 4358 660 4414 divina
690 4373 812 4414 esse
837 4372 1032 4422 canes,
1061 4359 1150 4426 qui
1194 4357 1397 4426 prosint
1439 4365 1494 4412 et
1529 4356 1781 4412 defenso-

137 4468 265 4509 .res
297 4454 406 4506 sint
437 4451 691 4507 Ecclesia:
710 4491 723 4516 ,
752 4451 893 4504 sicut
923 4448 1085 4503 David
1112 4449 1270 4503 docet
1301 4450 1352 4503 in
1378 4449 1588 4519 psalmo
1610 4465 1780 4505 vam

1869 3250 2003 3306 ciam
2035 3254 2079 3307 si
2109 3253 2304 3323 aliquis
2337 3253 2564 3320 habeat,
2597 3256 2766 3324 magis
2798 3257 2912 3326 ipse
2945 3256 3156 3313 habeat.
3191 3257 3260 3312 Et
3285 3259 3364 3312 sic
3394 3257 3471 3332 (4)

1869 3343 2108 3399 ostendit
2133 3360 2419 3416 personam
2447 3361 2600 3401 suam
2631 3355 2795 3402 lotam
2821 3348 2971 3403 omni
2997 3349 3158 3403 modo
3178 3349 3472 3420 judaicam,

1870 3438 2303 3505 circurnci~ioue,
2334 3455 2556 3511 genere,
2593 3442 2764 3508 tribu,
2797 3454 2956 3512 gente
2989 3443 3098 3516 (ὅ),
3133 3444 3269 3515 lege,
3302 3446 3477 3502 admi-

1874 3531 2194 3587 nistratione
2221 3531 2272 3586 in
2305 3534 2444 3603 lege,
2472 3534 2651 3588 studio
2679 3535 2842 3590 etiam
2877 3537 3018 3591 vitae.
3052 3535 3120 3590 Et
3145 3544 3325 3593 tamen
3355 3553 3475 3595 om-

1874 3623 1961 3677 nia
1985 3623 2098 3679 h:ec
2114 3626 2252 3680 circa
2277 3626 2545 3692 judaicam
2572 3629 2923 3698 compleverit
2940 3629 3313 3700 disciplinam;
3339 3632 3462 3698 ista,

1877 3715 2117 3786 inquam,
2135 3727 2322 3771 cuncta
2339 3717 2539 3771 damno
2555 3717 2655 3772 sibi
2681 3733 2803 3773 esse
2825 3719 3024 3774 dixerit
3074 3732 3292 3792 propter
3315 3721 3473 3779 Chri-

1878 3816 2052 3873 stum,
2096 3817 2151 3863 et
2203 3817 2423 3879 propter
2488 3810 2842 3866 eminentiam
2906 3813 3086 3867 carnis
3144 3813 3280 3884 ejus.
3347 3815 3475 3873 Hzec

1878 3898 2040 3970 igilur
2075 3901 2253 3956 omnia
2313 3902 2364 3956 in
2394 3903 2762 3973 propositione
2809 3905 2889 3960 sic
2926 3905 3314 3976 probabuntur.
3363 3908 3474 3964 Cir.

1881 3992 2132 4046 cumcisus
2194 4009 2306 4047 sum
2363 4005 2541 4050 octava
2600 3996 2721 4062 die;
2786 3996 2904 4053 [nec
2965 3999 3306 4056 circumcisio
3369 4011 3471 4059 est.

1881 4084 2125 4154 Genere,
2152 4086 2355 4157 inquit,
2382 4105 2445 4143 ea:
2469 4106 2651 4162 genere
2677 4089 2866 4146 Israel.
2907 4092 3038 4149 ltem
3078 4094 3250 4162 tribu,
3287 4095 3479 4170 Benja-

1882 4180 2009 4233 min.
2042 4180 2169 4235 item
2195 4192 2387 4252 genle,
2418 4182 2648 4238 hebrtcus
2673 4183 2754 4257 (6)
2793 4201 2856 4240 ea:
2888 4185 3118 4242 hebrteis.
3155 4187 3288 4245 [lem
3326 4190 3478 4262 lege,

1882 4272 2158 4326 secundum
2199 4273 2360 4344 legem
2402 4275 2703 4344 pharisaeus.
2753 4277 2884 4333 Item
2930 4279 3142 4348 studio,
3192 4282 3479 4338 secundum

1884 4367 2260 4421 inmutationem
2292 4383 2594 4438 persequens
2616 4368 2920 4424 Ecclesium.
2946 4369 3079 4428 Item
3120 4372 3261 4442 vita,
3301 4391 3481 4429 secun-

1885 4458 2008 4510 dum
2025 4458 2290 4528 justitiam
2310 4501 2324 4522 ,
2354 4477 2466 4531 qua?
2491 4471 2562 4515 est
2588 4462 2640 4515 in
2671 4462 2778 4532 lege
2796 4503 2810 4528 ,
2838 4479 2953 4517 cum
2977 4480 3137 4518 essem
3170 4465 3280 4520 sine
3315 4476 3487 4536 repre-

167 4546 477 4619 (lO),quos
499 4545 630 4601 dicit
656 4543 843 4599 satiari
866 4558 895 4598 e
920 4543 1178 4614 sanguine
1197 4541 1537 4598 inimicorum
1566 4542 1619 4597 in
1649 4553 1774 4598 tem-
1805 4541 1858 4602 D
1887 4548 2126 4605 hensione
2151 4549 2252 4624 (7).
2284 4550 2379 4606 llis
2402 4567 2532 4622 ergo
2565 4553 2816 4609 omnibus
2850 4569 2909 4610 se
2946 4555 3188 4625 probavit
3223 4557 3391 4627 magis
3427 4557 3488 4613 [l-

169 4713 232 4760 ut
257 4703 514 4786 .impleret
543 4703 595 4757 id
635 4701 772 4774 quod
819 4717 881 4756 ea:
910 4699 1046 4756 vobis
1078 4699 1247 4756 deerat
1286 4717 1407 4770 erga
1432 4716 1600 4755 meum
1644 4701 1785 4756 obse-

174 4791 385 4828 trusum.

187 4794 385 4844 yutnm.

254 4846 340 4915 (l)
371 4843 543 4915 Codd.
572 4854 679 4899 aut.

259 4914 345 4985 ('2)
371 4914 518 4970 Codd
531 4958 542 4970 .
571 4917 835 4972 laboratis.

256 4989 347 5057 (5)
369 4987 537 5041 Codd.
562 4989 776 5058 denique
795 4988 862 5042 ad
883 4990 1053 5060 ipsum
1077 4986 1463 5060 Epaphrodims
1485 4987 1620 5059 quod
1665 5004 1792 5060 apo-

174 5061 356 5113 stolus
382 5060 626 5130 implevit.

259 5130 352 5201 (6)
385 5129 537 5200 Vulg.
573 5129 648 5183 De
668 5142 872 5194 cwtero,
904 5133 1090 5200 fratres
1115 5133 1245 5198 mei,
1273 5132 1507 5202 gaudete.

259 5204 347 5268 (5)
377 5203 452 5272 lla
479 5201 682 5269 tiodd.;
711 5221 814 5257 non
833 5247 846 5267 ,
876 5205 1248 5267 necessarium,
1275 5201 1335 5258 ut
1361 5207 1521 5258 habet
1545 5201 1788 5272 Vulgata.

261 5273 348 5346 (6)
371 5271 722 5346 Codicesutluo
747 5285 910 5338 caute,
943 5279 1154 5338 tertius,
1184 5275 1476 5340 recentior,
1499 5271 1680 5328 cavete.

259 5344 348 5417 (7)
387 5345 535 5418 Vulg.
592 5344 762 5399 Videte
799 5364 976 5410 canes,
1018 5347 1179 5400 videte
1213 5349 1374 5400 ntalos
1399 5351 1688 5418 aperarios,
1711 5347 1789 5400 vi.

127 5452 142 5457 -
174 5417 308 5489 dete
335 5417 706 5489 concisionem:
729 5434 822 5470 nos
867 5419 1001 5489 enim
1023 5434 1198 5470 sumus
1220 5419 1543 5471 circumcisio
1567 5419 1652 5483 qui
1681 5419 1792 5489 spi—

175 5488 295 5542 ritu
321 5491 565 5542 servimus
591 5487 722 5555 Deo,
750 5499 796 5542 et
835 5488 1120 5558 gloriamur
1156 5489 1210 5542 in
1232 5489 1434 5544 Christo
1458 5489 1588 5544 Jesu
1617 5500 1662 5543 et
1689 5487 1791 5543 non

180 5560 249 5614 in
280 5575 443 5614 earne
473 5561 715 5624 liduciam
741 5561 998 5613 habentes.

266 5629 356 5704 (8)
383 5630 776 5704 Codicesgcaute
794 5638 850 5687 et
869 5640 1036 5685 cavete
1057 5637 1115 5685 ut
1134 5645 1316 5702 supra.

266 5701 358 5774 (9)
399 5703 472 5756 Ita
491 5701 650 5758 codd.

271 5773 398 5847 (10)
427 5774 644 5833 Scilicet
673 5791 857 5844 Litvm,
889 5773 1183 5832 secundum
1216 5774 1503 5844 Hebrmos;
1527 5784 1582 5834 at
1612 5791 1793 5845 vau,

1891 4641 2102 4698 duciam
2146 4643 2350 4700 habere
2395 4645 2448 4700 in
2492 4661 2656 4702 carne
2698 4655 2754 4701 et
2790 4647 2843 4702 in
2889 4648 3334 4715 circumcisione;
3367 4665 3488 4722 qua:

1892 4737 2072 4792 omnia
2098 4737 2328 4808 judaica:
2367 4737 2665 4808 disciplinae
2704 4737 2986 4805 habuerit,
3017 4750 3072 4796 et
3111 4742 3162 4796 in
3195 4743 3484 4812 sanguine,

1895 4840 1950 4885 et
1979 4833 2028 4885 in
2059 4843 2248 4903 gente,
2279 4840 2335 4888 et
2366 4832 2417 4886 in
2448 4833 2649 4899 animo,
2683 4843 2734 4890 et
2769 4833 2820 4888 in
2852 4835 2984 4889 vita.
3017 4835 3168 4902 Quod
3200 4847 3378 4894 autem
3405 4838 3488 4895 di-

1894 4925 1973 4977 xit
1999 4924 2278 4978 secundum
2321 4926 2700 4980 temnlationem
2749 4943 3054 4998 persequens
3075 4928 3398 4999 Ecclesium;
3429 4941 3488 4988 ut

1895 5030 2144 5085 magnum
2184 5016 2421 5072 studium
2464 5033 2561 5089 pro
2599 5033 2870 5092 synagoga
2919 5021 3150 5090 habens,
3205 5024 3488 5082 ecclesiam

1895 5130 2191 5186 secundum
2249 5132 2468 5210 Gnaeos
2508 5141 2575 5210 et
2608 5133 2827 5210 latinam
2874 5135 3171 5210 Vulgatam.
3234 5138 3490 5210 Sequitur

1893 5217 2046 5346 erga»;
2076 5219 2226 5329 ἱῃοῶσῗ
2250 5207 2684 5288 διιοθνὶοιονίιιιιε
2707 5207 3067 5279 antiquiorem
3091 5207 3487 5267 recensiouem.

2103 5292 2149 5327 ,ο
2230 5317 2242 5328 .
2271 5294 2379 5346 qui.

2076 5275 2242 5329 Codd.
2307 5278 2379 5330 ui.

2028 5274 2050 5417 ζ
2083 5346 2235 5417 Vulg.
2271 5294 2379 5415 ῧυα

1870 5431 1872 5433 g
1971 5346 2050 5417 (Ἃ)
2083 5346 2235 5418 Vulg.
2273 5346 2578 5422 Quanquam
2617 5367 2708 5424 ego
2731 5350 2944 5407 habeant
2985 5353 3347 5424 conﬁdentiam
3369 5363 3415 5408 et
3436 5354 3491 5411 in

1900 5433 2081 5472 carne.

1973 5489 2050 5558 (5)
2079 5488 2154 5544 lta
2183 5491 2342 5548 codd.

1999 5559 2058 5617 4)
2089 5562 2257 5616 Codd.
2287 5565 2350 5617 si.

1997 5630 2054 5694 5)
2086 5631 2257 5688 Codd.
2291 5635 2557 5694 tribuente.

2001 5702 2056 5774 6)
2079 5702 2251 5761 Codd.
2283 5709 2492 5764 hebmi.

2003 5777 2060 5846 7)
2093 5776 2270 5848 Vulg.,
2303 5780 2414 5836 sine
2441 5781 2668 5852 querela.
