4018 6184
675 243 823 302 iiii)

1937 229 2133 292 suun
2172 215 2521 291 Vtcroutut
2559 216 2725 293 AFBI

3708 250 3792 308 19.ὶο

681 365 1118 429 persequeretur.
1171 355 1300 410 item
1349 353 1492 425 quod
1532 354 1608 409 ait
1643 351 1936 409 secundum
1971 349 2234 422 justitiam
2257 389 2272 415 ,
2302 347 2352 416 Α
2451 349 2613 407 Vens.
2647 351 2734 418 i0,
2757 351 3006 410 ll.——Ad
3029 353 3411 423 cognoscendum
3425 359 3792 420 suunetsirtstenu-

681 450 784 504 boc
809 457 893 503 est
924 464 1016 516 per
1042 462 1222 502 mores
1248 456 1303 503 et
1330 447 1494 502 vitam
1517 487 1530 510 ,
1560 445 1704 502 unde
1735 445 1896 501 homo
1917 442 2278 514 justiﬁcatur;

677 543 728 595 in
760 545 873 612 lege
904 553 1081 596 tamen
1107 541 1417 599 Judteorutn
1449 541 1541 595 ait.
1570 539 1702 596 Cum
1731 553 1908 595 essem
1938 538 2056 593 sine
2097 549 2286 606 repre-

681 634 941 689 hensione
961 679 976 700 ,
1012 644 1070 688 ιιι
1097 635 1300 689 ηιιΙΙιιιη
1325 635 1533 688 crimen
1561 632 1873 688 admiserim
1897 671 1912 697 ,
1957 628 2284 696 fecerimque

681 729 859 781 omnia
891 743 1010 797 qua:
1041 727 1126 782 lex
1152 726 1332 797 jussit.
1369 726 1485 798 Ipsa
1517 736 1601 782 est
1624 726 1768 780 enim
1795 725 1997 794 justitia
2026 719 2164 792 apud
2190 719 2284 776 Ju-

679 823 829 875 daros
857 835 926 875 ex
960 820 1097 889 lege.
1129 818 1325 876 Verum
1353 836 1475 874 cum
1507 820 1708 889 iustitia
1744 832 1886 872 nunc
1912 815 2070 871 nobis
2098 813 2284 868 Chris-

681 915 838 969 tianis
864 929 895 968 a
923 911 1136 968 Christo
1165 913 1266 979 sit,
1312 921 1367 968 et
1405 925 1631 984 propter
1672 912 1848 981 ipsum
1888 908 2282 980 justiﬁcetnur;

681 1007 819 1073 Illa,
881 1007 1085 1076 inquit,
1129 1022 1243 1075 quae
1298 1016 1446 1060 erant
1513 1006 1640 1059 mihi
1682 1009 1738 1058 its
1801 1005 1976 1069 lucro,
2027 1001 2137 1056 Ittec
2192 1014 2286 1070 pro

682 1101 870 1153 damno
895 1113 1004 1154 esse
1053 1099 1178 1154 duxi
1229 1096 1347 1170 (l):
1381 1099 1484 1154 hec
1523 1108 1605 1154 est
1642 1097 1898 1153 damnum
1939 1095 2069 1150 mihi
2111 1094 2288 1158 facere

685 1191 958 1256 intellexi,
1022 1191 1227 1247 habens
1282 1192 1463 1248 omnia
1528 1191 1621 1246 illa
1679 1190 1800 1245 vilia
1860 1199 2083 1260 propter
2131 1183 2288 1243 Cbri.

682 1293 845 1342 stum.

763 1378 924 1438 Vsus.
957 1378 1009 1445 8,
1045 1379 1183 1434 9.—
1211 1377 1409 1433 Verum
1451 1377 1534 1447 (2)
1575 1387 1630 1432 et
1667 1374 1773 1431 hoc
1815 1375 2032 1446 adjecit,
2063 1373 2290 1444 Propter

686 1471 1012 1528 eminentiam
1035 1468 1226 1524 Christi
1245 1468 1375 1524 Jesu
1399 1467 1611 1522 Domini
1629 1468 1793 1522 nostri
1815 1466 1918 1538 (ὅ).
1943 1467 2164 1522 Graecus
2181 1481 2289 1521 aut

687 1580 794 1623 tem
849 1568 1008 1622 habet
1072 1579 1280 1638 prapter
1330 1566 1658 1620 eminentiam
1711 1563 2015 1635 cognitionis
2072 1560 2288 1616 Domini

685 1663 850 1716 nostri
897 1661 1024 1716 Jesn
1065 1659 1256 1715 Citriin
1297 1677 1311 1714 :
1365 1669 1422 1714 ut
1458 1660 1546 1714 illa
1585 1656 1838 1713 ostendat
1872 1667 1926 1712 et
1956 1671 2122 1726 parva
2165 1670 2288 1712 esse

2392 446 2720 501 surrectionis
2741 450 2874 520 ejus,
2891 455 2936 501 et
2963 447 3250 504 societatem
3263 449 3633 523 passionumejtts:
3649 458 3797 524 particeps

2387 538 2555 591 oneris
2573 539 2892 610 mortisejus
2907 555 2926 604 ;
2939 539 2984 594 si
3010 554 3111 608 quo
3131 537 3280 594 modo
3295 539 3451 594 obuius
3473 541 3572 608 [iam
3589 544 3627 596 is
3648 562 3801 601 rastru-

2389 629 2664 698 tiens,qute
2682 639 2754 687 est
2769 646 2832 685 sa:
2848 632 3061 688 mortuis
3073 631 3176 701 (l).
3203 631 3419 701 Exponit
3436 632 3566 688 ﬁdem
3585 651 3696 704 quam
3708 637 3801 694 hale-

2390 737 2510 778 tnus
2531 723 2583 777 in
2605 721 2844 788 Christo,
2871 741 3030 794 quam
3047 726 3359 794 persuadere
3371 742 3422 782 se
3435 727 3546 784 dixit
3561 741 3600 783 et
3608 735 3805 791 annuntiat:

2391 815 2844 884 Philippensibus,
2873 834 2994 887 quas
3022 818 3259 888 procedit
3293 835 3354 875 ex
3379 822 3492 882 Deo.
3515 822 3804 890 justitiaeslidt.

2390 922 2454 965 ex
2495 907 2599 965 lide
2629 909 2708 980 (εἰ)
2734 925 2894 980 quam
2929 911 3210 981 subiungit
3256 912 3321 968 ad
3367 928 3476 968 eum
3499 917 3808 983 cognoscentium,

2391 1001 2517 1071 quid
2560 1003 2652 1070 sit,
2674 1003 2893 1073 quiipse
2914 1004 3004 1070 sit,
3037 1004 3179 1060 unde
3212 1005 3299 1061 sit.
3325 1005 3499 1074 Utique
3521 1007 3578 1062 de
3590 1007 3810 1066 Christohat

2391 1096 2586 1153 deinde
2611 1097 2876 1168 adjunxit,
2905 1107 2954 1153 et
2974 1099 3208 1154 virtutem
3235 1100 3580 1156 resurrectionis
3601 1103 3696 1171 ejus.
3715 1100 3810 1157 Vel

2393 1204 2460 1246 eo
2485 1189 2627 1261 quod
2656 1191 2957 1247 resurrexit
2976 1190 3204 1256 vit-tute;
3233 1206 3414 1261 magna
3432 1191 3557 1248 enim
3576 1192 3701 1248 virtus
3717 1208 3812 1248 tuu-

2394 1297 2522 1352 gere
2542 1297 2575 1338 a
2605 1283 2834 1338 mortuis
2861 1302 2875 1340 :
2911 1284 2993 1338 vel
3016 1285 3069 1339 in
3096 1299 3164 1340 eo
3191 1283 3332 1356 quod
3359 1284 3420 1339 ad
3448 1294 3644 1340 nostram
3665 1285 3812 1340 saltatio-

2395 1391 2519 1432 nem
2549 1378 2884 1439 resurrexit;
2923 1378 3039 1433 tunc
3075 1378 3221 1433 enim
3255 1386 3338 1433 est
3366 1378 3519 1432 virtus
3551 1380 3811 1432 resurrecturi

2395 1469 2533 1538 ejus.
2568 1471 2742 1539 Atque
2780 1469 2924 1524 idem
2963 1469 3312 1540 sequentibus
3341 1469 3594 1538 probavit:
3617 1468 3813 1533 statiuis

2395 1561 2530 1631 quit,
2573 1561 2618 1615 si
2659 1561 2972 1616 societatem
3020 1562 3328 1630 passionum
3363 1560 3473 1629 ejus
3513 1559 3813 1620 habeamus

2397 1653 2514 1724 ipse
2538 1654 2694 1721 dixit,
2721 1653 2844 1724 quia
2888 1656 3084 1710 mortis
3112 1655 3396 1725 participes
3434 1652 3602 1708 fuimus
3621 1654 3683 1708 vel
3706 1665 3814 1717 uno,

687 1765 742 1808 et
790 1753 1014 1806 minima
1061 1761 1114 1807 et
1165 1751 1334 1822 magis
1381 1751 1673 1818 contraria,
1719 1750 1768 1804 si
1811 1750 1929 1806 sola
1981 1750 2118 1813 sint;
2168 1749 2294 1820 quia
2324 1744 2370 1805 Β
2399 1748 2600 1804 idcirco
2626 1757 2683 1804 et
2708 1749 2996 1820 participes
3026 1748 3146 1817 ejus
3175 1749 3397 1806 erimus.
3435 1747 3552 1803 Haec
3571 1747 3814 1802 virtttsestu-

688 1847 887 1901 damno
931 1855 1077 1911 sunt,
1133 1845 1309 1915 inquit
1339 1863 1353 1902 :
1387 1857 1438 1900 ct
1479 1846 1580 1900 ista
1624 1843 1826 1899 Christi
1875 1844 2166 1899 eminentia
2208 1852 2292 1900 est

688 1958 809 2011 quae
837 1941 1064 1996 excellat
1091 1941 1170 2010 (4)
1197 1954 1249 1994 et
1281 1940 1459 1995 vincat
1495 1939 1696 1996 omnia.
1736 1939 1960 2006 Propter
1985 1954 2137 2008 quem
2176 1939 2294 1992 uni-

687 2037 844 2088 utrsis
882 2034 1194 2088 detrimentis
1231 2036 1451 2106 affectus
1489 2050 1634 2100 sum,
1673 2043 1721 2087 et
1761 2043 1818 2086 ut
1860 2043 2084 2086 stercora
2113 2032 2294 2087 existi-

689 2143 770 2179 mo
803 2126 905 2197 (5).
939 2126 1222 2181 Concludit
1247 2141 1488 2191 sensum,
1515 2127 1694 2180 omnia
1723 2139 1782 2180 se
1806 2126 1891 2179 illa
1914 2134 2288 2191 contemnere,

685 2232 741 2274 et
769 2220 1090 2275 detrimenta
1121 2222 1301 2276 omnia
1345 2220 1448 2289 pati
1477 2231 1698 2289 preptcr
1723 2216 2026 2284 Christum,
2063 2228 2120 2273 ιιι
2155 2218 2292 2273 lucri

689 2312 965 2366 Christum
1007 2312 1186 2367 iaciat.
1218 2311 1356 2380 Quid
1393 2321 1571 2366 autem
1610 2318 1694 2367 est
1730 2311 2050 2366 detrimentis
2078 2309 2292 2378 olfactu

687 2407 848 2459 sum?
890 2405 1082 2460 Omnia
1123 2405 1233 2470 illa,
1273 2421 1393 2476 qua:
1435 2405 1668 2476 gloriosa
1701 2405 1832 2459 mihi
1863 2403 2098 2470 fuerant,
2141 2402 2292 2461 etde

687 2500 966 2567 sanguine,
995 2508 1051 2554 et
1078 2499 1146 2553 de
1187 2499 1352 2564 tribu,
1381 2507 1436 2552 et
1480 2497 1550 2553 de
1579 2505 1759 2567 gente,
1802 2507 1857 2554 et
1885 2498 2028 2568 quod
2071 2498 2124 2552 in
2171 2498 2292 2568 iege

687 2587 892 2646 fueram
940 2589 1255 2659 pbariszeus,
1289 2599 1344 2644 et
1382 2587 1523 2659 quod
1551 2587 1817 2658 justitiam
1845 2589 1924 2644 sic
1964 2602 2287 2656 servassem,

690 2689 748 2734 ut
775 2680 892 2736 sine
920 2681 1341 2750 reprehensione
1370 2695 1584 2746 essem;
1619 2681 1703 2735 his
1725 2679 1977 2735 omnibus
2006 2680 2289 2750 projectis,

687 2773 1009 2828 detrimenta
1037 2773 1277 2828 omnium
1309 2789 1492 2828 rerum
1521 2773 1790 2838 sustinui;
1820 2780 1876 2828 et
1905 2771 1994 2827 illa
2023 2774 2202 2828 omnia
2235 2779 2296 2828 ut

680 2877 926 2922 stercora
963 2865 1267 2922 existimavi
1296 2867 1376 2921 vel
1405 2865 1680 2920 existimo.
1714 2863 1902 2920 Melius
1931 2863 2075 2918 enim
2097 2863 2179 2920 sic
2216 2863 2294 2924 lo-

677 2960 886 3029 gimus,
932 2975 1092 3030 quam
1139 2960 1401 3014 existimor
1442 2977 1456 3013 :
1494 2975 1614 3014 nam
1657 2968 1713 3014 et
1739 2974 1946 3028 graecus
1989 2958 2059 3014 ita
2090 2957 2290 3028 posuit,

691 3052 910 3124 ἡγοῦμαι
939 3051 1040 3123 (6),
1069 3069 1171 3106 non
1210 3063 1268 3107 ut
1305 3053 1420 3122 ipse
1458 3051 1526 3108 ab
1554 3051 1674 3107 aliis
1715 3052 2077 3117 existimetur,
2109 3049 2203 3106 sed
2235 3058 2293 3105 ut

2396 1843 2767 1907 surrectienis,
2799 1844 2924 1912 quia
2955 1852 3038 1898 est
3079 1843 3312 1898 societas
3337 1841 3481 1897 nobis
3503 1840 3734 1911 passionum
3749 1839 3815 1905 eiu.

2394 1934 2524 2002 Quas
2551 1945 2730 1994 autem
2757 1946 2842 1992 est
2870 1935 2970 1990 ista
2995 1935 3264 1992 societas?
3287 1935 3407 2006 quia
3435 1933 3520 2005 qui
3544 1933 3742 1988 Christum
3757 1946 3816 1984 ue
3854 1995 3855 2010 χ

2395 2027 2596 2094 dimus,
2625 2028 2902 2098 passiones
2933 2027 3248 2094 toleramus,
3272 2037 3329 2083 et
3353 2041 3528 2082 muses
3549 2019 3816 2096 passionum-
3854 2013 3855 2078 ἰ

2394 2137 2500 2191 que
2526 2121 2596 2177 ad
2620 2136 2835 2177 crucem
2864 2132 3027 2194 atque
3055 2121 3123 2178 ad
3152 2133 3384 2178 mortem
3417 2139 3430 2176 :
3461 2120 3626 2192 quibus
3653 2119 3712 2173 his
3731 2116 3816 2170 suri-

2395 2214 2495 2270 bus
2522 2231 2590 2270 ex
2633 2216 2941 2286 cognitione
2983 2227 3037 2272 et
3065 2231 3130 2272 ex
3162 2217 3468 2286 passionum
3505 2215 3708 2270 societate
3729 2224 3817 2266 rem

2393 2310 2565 2364 rectio
2593 2309 2872 2378 provenit;
2905 2317 2962 2364 et
2996 2309 3120 2365 inde
3153 2324 3278 2364 cum
3317 2309 3585 2379 participes
3613 2305 3818 2362 mortisue

2393 2399 2574 2470 risque
2603 2402 2719 2470 ejus
2747 2415 2956 2468 sumus,
2979 2402 3162 2474 aliquo
3189 2401 3354 2458 modo
3378 2401 3512 2457 obvii
3535 2397 3817 2461 ofﬁciosum

2393 2495 2791 2550 resurrectione
2816 2496 2963 2552 obvii
2991 2496 3292 2564 veniamus,
3323 2510 3442 2566 quas
3478 2492 3724 2551 resurrectio
3747 2498 3818 2543 uti

2393 2587 2644 2643 mortuis.
2686 2586 2828 2646 Ecce
2867 2604 2989 2658 quae
3028 2588 3162 2644 ﬁdes
3208 2589 3265 2644 in
3311 2587 3566 2644 Christum
3589 2595 3676 2648 est;
3701 2582 3818 2637 etiam

2394 2682 2591 2740 docere
2631 2699 2690 2740 se
2727 2683 2879 2748 dicit,
2917 2683 3122 2740 docens
3162 2683 3295 2754 quid
3343 2685 3397 2740 in
3433 2684 3530 2738 vita
3566 2679 3748 2752 agentis-
3769 2677 3818 2736 sit;

2395 2775 2604 2831 scilicet
2629 2783 2688 2832 ut
2713 2775 2846 2831 socii
2888 2776 3160 2846 passionis
3194 2775 3425 2844 Christi,
3453 2785 3505 2832 et
3536 2774 3621 2830 hoc
3645 2769 3819 2831 enim,

2395 2876 2448 2922 et
2470 2867 2586 2923 haec
2616 2868 2771 2924 nobis
2795 2868 2931 2924 ﬁdes
2950 2871 3039 2931 sit.
3069 2870 3192 2942 quia
3216 2871 3492 2926 veniemus
3511 2870 3557 2924 in
3579 2869 3820 2924 virtstcrw

2395 2963 2654 3020 rectionis
2678 2964 2829 3035 ejus;
2857 2964 3146 3035 participes
3168 2964 3383 3021 scilicet
3403 2961 3710 3021 electionem
3725 2955 3818 3011 usus

2394 3055 2511 3126 ejus
2540 3073 2553 3110 :
2587 3067 2644 3110 ut
2671 3056 2741 3112 ob
2778 3055 2882 3113 hoc
2907 3057 3092 3128 aliquo
3121 3057 3290 3113 modo
3311 3058 3458 3114 obvii
3493 3057 3651 3112 ﬁamus
3679 3054 3714 3107 is
3729 3061 3820 3105 retu.

687 3147 960 3202 existimet
986 3146 1078 3200 illa
1105 3147 1282 3201 omnia
1313 3146 1613 3216 superiora,
1644 3155 1702 3202 ut
1726 3153 1997 3212 stercora;
2021 3159 2181 3217 atque
2201 3145 2292 3201 illa
2320 3134 2366 3198 C
2399 3148 2660 3213 rectione,
2684 3163 2804 3219 quae
2823 3158 2987 3204 estex
3013 3149 3262 3204 mortuis.
3289 3149 3402 3206 Hoc
3423 3139 3819 3220 premium:th

688 3237 926 3307 abjiciat,
961 3248 1015 3292 et
1039 3237 1180 3308 justa
1214 3239 1478 3294 sententia
1517 3237 1791 3294 Christum
1821 3238 2138 3294 lucrifaciat.
2171 3237 2294 3308 ipse

690 3331 986 3402 subjungit.
1025 3330 1092 3384 Et
1137 3330 1366 3384 inveniar
1403 3331 1459 3384 in
1498 3329 1612 3386 illo.
1659 3330 1771 3386 Hoc
1807 3339 1892 3385 est
1940 3331 2084 3390 enim
2137 3328 2295 3384 Chri-

670 3431 829 3477 stum
878 3422 1212 3487 lucrifacere,
1245 3421 1356 3492 jam
1381 3422 1434 3478 in
1465 3436 1532 3476 eo
1558 3436 1701 3488 esse,
1729 3431 1786 3478 et
1805 3421 1911 3478 ﬁde
1932 3422 2009 3477 illi
2033 3422 2207 3493 jungi,
2236 3429 2292 3478 et

671 3517 865 3587 ipsum
890 3517 1117 3582 sentire,
1152 3516 1323 3586 ipsum
1354 3515 1577 3571 habere.

764 3607 886 3664 Non
931 3624 1097 3663 meam
1150 3609 1411 3678 justitiam
1459 3607 1650 3662 habeas
1673 3647 1689 3672 ,
1742 3623 1857 3678 quin
1902 3623 1968 3662 ea:
2031 3608 2140 3678 legs
2193 3617 2288 3661 est.

691 3701 843 3755 illam
883 3701 1085 3755 scilicet
1116 3718 1276 3769 quam
1310 3717 1472 3773 supra
1503 3701 1752 3773 exposui,
1793 3716 1916 3757 cum
1956 3702 2077 3756 sine
2105 3717 2292 3771 repre-

693 3793 955 3848 hensione
983 3794 1222 3850 viverem
1253 3812 1266 3848 :
1303 3807 1428 3850 tunc
1455 3796 1599 3851 enim
1630 3797 1784 3868 quasi
1812 3810 1930 3851 nica
1955 3795 2161 3864 justitia
2183 3803 2287 3862 est,

671 3887 772 3942 -vel
802 3898 1008 3954 nostra,
1037 3903 1159 3943 cum
1185 3889 1428 3944 moribus
1458 3891 1662 3948 nostris
1683 3890 1946 3960 justitiam
1974 3891 2065 3945 Dei
2089 3889 2290 3946 mereri

690 3995 788 4038 nos
829 3993 1076 4052 putamus
1119 3982 1412 4051 perfectam
1446 3997 1541 4051 per
1569 3998 1769 4038 mores.
1804 3985 1871 4038 At
1908 3998 2048 4050 non,
2092 3983 2282 4050 inquit,

690 4076 827 4130 hanc
857 4074 1059 4130 habens
1083 4074 1364 4145 justitiam.
1397 4074 1506 4131 Sed
1535 4077 1731 4144 quam?
1771 4076 1920 4134 illam
1960 4075 2231 4146 subjungit
2271 4093 2284 4129 :

693 4166 800 4222 Sed
830 4185 962 4233 eam,
995 4183 1111 4237 qua:
1136 4180 1293 4224 estea:
1322 4168 1425 4237 ﬁde
1455 4169 1668 4236 Christi,
1709 4186 1861 4240 quam
1907 4170 2180 4240 pra-dixit;
2221 4185 2288 4224 ea:

687 4260 796 4315 Deo
813 4262 1094 4329 justitiam,
1123 4277 1186 4315 ea:
1209 4263 1312 4330 ﬁde
1330 4260 1434 4333 (Ἰ).
1466 4262 1615 4317 Hanc
1635 4277 1764 4331 ergo
1781 4262 2066 4332 justitiam,
2093 4263 2284 4333 inquit,

663 4353 881 4420 habet;
915 4371 1019 4409 non
1051 4355 1216 4421 illam,
1245 4370 1368 4426 quas
1397 4371 1464 4410 ex
1495 4356 1612 4426 lege
1637 4366 1750 4424 est,
1782 4373 1903 4428 quas
1947 4360 2000 4413 in
2029 4359 2286 4430 operibus

658 4457 786 4514 ~est,
819 4457 878 4503 ut
905 4448 1038 4515 dixi,
1067 4459 1120 4504 et
1151 4449 1354 4504 carnali
1395 4449 1714 4521 disciplina;
1758 4452 1854 4508 sed
1895 4453 2034 4509 hanc
2066 4470 2184 4525 quae
2214 4470 2280 4510 ex
2311 4519 2346 4525 _
2384 4442 2628 4500 Νοηάιιιῐι
2657 4461 2790 4516 ergo
2815 4447 3007 4518 nccfpit
3029 4463 3203 4519 neqmt
3227 4458 3636 4510 consummatur.
3655 4438 3825 4505 κάμω
3854 4441 3855 4502 1

685 4542 794 4597 Deo
823 4542 1087 4613 procedit.
1122 4542 1252 4611 Quae
1296 4543 1384 4599 illa
1412 4519 1760 4614 esti—justitia
1792 4561 1858 4601 ex
1897 4545 2024 4611 ﬁde,
2200 4556 2272 4603 est

2240 4556 2283 4603 ει
2311 4519 2359 4583 ί)
2387 4546 2540 4592 verat
2565 4553 2736 4608 usque
2758 4540 2883 4594 vitae
2909 4541 3137 4608 exitum,
3170 4541 3222 4594 in
3252 4541 3443 4596 iisdem
3472 4539 3580 4595 istis
3615 4525 3827 4618 laborin

682 4635 817 4692 ﬁdes
839 4652 904 4691 ex
928 4635 1032 4690 ﬁde
1055 4635 1278 4703 Christi,
1313 4635 1365 4690 id
1389 4647 1472 4691 est
1499 4651 1568 4691 ex
1601 4637 1756 4692 nobis
1785 4637 1867 4711 (8)
1901 4640 1955 4693 in
1983 4637 2277 4694 Christum.

683 4729 752 4782 Et
779 4729 1088 4798 plenissime
1115 4729 1366 4800 subjecit,
1396 4745 1516 4799 quas
1545 4731 1616 4786 sit
1657 4730 1790 4787 lides
1832 4731 1989 4788 nobis
2027 4732 2083 4788 in
2123 4730 2281 4787 Cbrl-

683 4829 846 4886 stnm,
878 4823 1019 4878 unde
1057 4822 1212 4878 nobis
1249 4822 1456 4894 justitia
1495 4832 1602 4880 est.

753 4963 832 5038 (l)
881 4966 1058 5036 Vulg.,
1102 4967 1208 5024 Sed
1250 4983 1364 5040 quae
1397 4967 1522 5022 mihi
1561 4970 1765 5040 fuerant
1787 4968 1956 5038 lucra,
1997 4968 2105 5026 Itth
2137 4968 2278 5024 orbi.

682 5047 843 5109 tratus
868 5055 981 5091 sum
995 5051 1215 5109 prapter
1235 5041 1496 5094 Christum
1514 5041 1841 5096 detrimenta.

655 5141 658 5146 -
688 5138 691 5142 ν
754 5106 831 5181 (2)
857 5106 1028 5181 βυ(ωέ
1057 5106 1258 5180 rerum.
1589 5129 1591 5131 '

659 5232 662 5236 .
756 5179 836 5252 (5)
863 5179 1278 5252 Vulg.,'propter
1307 5182 1608 5240 eminentem
1631 5184 1896 5242 scientiam
1917 5182 2048 5241 Jcsss
2083 5183 2280 5243 Citristi

680 5252 892 5308 Domini
915 5253 1098 5306 nostri.

657 5383 661 5386 .
757 5325 834 5395 (/s)
857 5324 1031 5380 Codd.
1063 5323 1290 5379 excellet.

757 5327 812 5395 (4
857 5327 1031 5380 Codd.
1063 5327 1290 5379 excellet.

857 5396 1040 5468 Vulg.,
1070 5405 1276 5470 propter
1319 5413 1462 5466 quem
1494 5395 1664 5451 omnia
1692 5397 2045 5453 detrimentum
2077 5401 2200 5472 feci,
2225 5408 2277 5456 et

675 5468 896 5522 arbitror
924 5481 978 5522 ut
1008 5468 1250 5523 stercora.

751 5540 1024 5616 (9)9091d-
1056 5541 1346 5616 ἡγούμενον·

750 5611 828 5682 (7)
853 5611 1031 5684 vnlg.,
1069 5611 1158 5668 sed
1182 5611 1341 5666 illam
1376 5627 1490 5684 quae
1526 5627 1592 5666 ea;

673 5680 872 5758 (lintea;
896 5680 1000 5736 Deo
1028 5692 1119 5758 est,
1142 5685 1349 5758 justitia
1376 5680 1430 5740 in
1459 5684 1585 5754 ﬁde.

743 5757 823 5825 (8)
854 5751 929 5806 ita
959 5753 1114 5809 codd.

1628 5611 1730 5682 με
1761 5619 1841 5668 est
1873 5609 2066 5668 Christi
2104 5611 2232 5677 Iesu
2249 5631 2271 5683 ;

2395 3239 2517 3305 ille;
2551 3240 2638 3294 illa
2668 3242 2799 3307 vita,
2829 3241 2932 3296 hoc
2961 3242 3212 3298 meritum
3237 3253 3300 3300 et
3318 3244 3506 3316 gloria.
3854 3239 3855 3312 ξ

2465 3333 2630 3390 Vens.
2689 3335 2760 3388 i2
2794 3363 2882 3387 .—-
2915 3335 3037 3391 Non
3075 3347 3355 3409 propterea
3389 3337 3520 3408 quod
3546 3340 3641 3410 jallt
3669 3327 3820 3397 Im?”

2392 3435 2482 3479 aut
2496 3427 2613 3496 jam
2635 3437 3019 3483 consummatus
3043 3429 3140 3482 sim
3167 3429 3269 3498 (ὅ).
3313 3429 3523 3485 Fortius
3549 3429 3632 3482 hoc
3652 3421 3774 3493 sdjsrit
3791 3416 3822 3468 ὰ

2393 3532 2453 3573 se
2476 3517 2690 3588 quidem
2717 3535 3058 3586 memorans;
3088 3521 3183 3578 sed
3209 3532 3460 3578 nostrum
3484 3529 3558 3578 est
3594 3517 3647 3574 ad
3669 3521 3820 3570 notior
3854 3517 3855 3578 1

2392 3625 2519 3666 care
2543 3612 2685 3681 quod
2723 3613 2792 3668 de
2831 3628 2891 3668 se
2919 3613 3116 3669 Paulus
3145 3615 3298 3670 dicit.
3325 3615 3463 3685 Quid
3488 3623 3642 3669 autem
3667 3597 3821 3664 ἱειιιάεξιῖ

2393 3712 2451 3759 ιιι
2475 3703 2582 3760 illis
2607 3705 2902 3771 laboribus,
2930 3717 2985 3762 et
3009 3707 3096 3762 illa
3124 3708 3415 3765 tolerantia
3438 3704 3673 3764 societatis
3689 3701 3820 3756 ittlttttﬂl

2391 3805 2555 3867 atque
2597 3798 2958 3868 pastionibus,
3000 3800 3213 3855 obviam
3261 3801 3342 3857 ire
3389 3802 3646 3873 possimus,
3681 3789 3823 3855 simil“

2389 3904 2716 3962 consurgere
2762 3891 2816 3946 in
2865 3893 3270 3950 resurrectione
3319 3902 3650 3950 mortuorum.
3685 3883 3752 3942 Sed
3776 3890 3821 3931 III

2391 3993 2698 4053 prepterea,
2731 3982 2928 4054 inquit,
2963 3985 3079 4040 btec
3102 3999 3206 4056 ego
3241 4002 3367 4058 ago,
3399 3986 3536 4058 quod
3559 3985 3650 4054 jam
3679 3980 3822 4034 istaut!

2390 4075 2554 4145 perim
2601 4086 2688 4130 aut
2743 4086 3122 4132 consummatus
3181 4079 3303 4150 jam
3355 4083 3452 4132 sim
3480 4094 3499 4132 :
3534 4071 3728 4147 quamdiu
3755 4060 3821 4118 et!

2387 4169 2615 4239 quisque
2634 4169 2784 4236 vivit,
2811 4169 3048 4224 nondutn
3075 4171 3189 4226 haec
3210 4173 3411 4241 accipit
3432 4179 3520 4226 aut
3536 4167 3822 4226 consummat":

2387 4259 2562 4314 adhuc
2601 4260 2749 4316 enim
2791 4261 2846 4316 in
2894 4262 3154 4318 societate
3195 4263 3504 4332 passionum
3533 4261 3632 4331 ejus
3664 4256 3823 4309 versat!“

2385 4353 2584 4422 qttippe
2602 4368 2724 4409 cum
2757 4368 2928 4425 usque
2949 4355 3018 4410 ad
3050 4365 3278 4411 mortem
3301 4359 3373 4412 sit
3401 4358 3612 4412 societas
3629 4347 3825 4422 passim”
3854 4375 3855 4432 ξ

2388 4646 2510 4685 vera
2544 4631 2803 4687 societate
2836 4635 3142 4702 passiOnum
3171 4633 3288 4704 ejus
3325 4646 3570 4694 manens,
3609 4638 3705 4680 tunc
3730 4615 3827 4688 iw“

2387 4723 2439 4778 in
2472 4727 2868 4782 resurrectione
2909 4727 3027 4795 ejus
3054 4742 3120 4782 ex
3159 4729 3386 4782 mortuis
3415 4726 3592 4783 obvius
3625 4720 3702 4775 ire.
3724 4714 3757 4768 In
3780 4714 3829 4775 llIla

2386 4827 2562 4873 tamen
2619 4818 2780 4873 etiam
2831 4818 3219 4876 dubitationem
3273 4823 3470 4891 posuit,
3501 4813 3696 4876 dicendo
3729 4806 3829 4891 ii”

2383 4912 2535 4965 modo
2589 4911 2763 4966 obvius
2813 4912 2955 4982 ﬁam.
3004 4912 3157 4980 Quod
3210 4889 3390 4968 adhuc
3448 4912 3582 4968 enim
3628 4902 3746 4963 vivit,
3774 4889 3831 4946 iis)

2382 5003 2517 5059 dixit
2545 5003 2590 5058 si
2611 5019 2711 5074 quo
2735 5005 2906 5058 modo.
2939 5003 3072 5059 Nam
3112 5019 3236 5060 cum
3277 5011 3580 5076 perseverat
3613 4999 3655 5053 in
3684 4988 3830 5079 Socin

2383 5097 2720 5167 βθεδίοιιιιιη.
2747 5098 2839 5169 qui
2866 5097 3029 5156 etiam
3058 5100 3174 5170 ipsa
3206 5109 3382 5158 morte
3404 5083 3831 5158 commenticiis

2452 5260 2533 5330 (ι)
2557 5259 2714 5330 Vulg.
2750 5277 2764 5313 :
2794 5259 2875 5313 Ad
2903 5259 3312 5331 cognoscendum
3340 5259 3507 5318 illum,
3541 5262 3586 5310 et

2381 5313 2713 5416 correctionis
2736 5335 2874 5416 ejus,
2901 5313 2949 5385 et
2965 5313 3279 5414 "societatem
3303 5313 3586 5416 passionum
3743 5313 3834 5416 Ε

2381 5412 2594 5487 parum
2623 5389 2779 5458 morti
2808 5389 2921 5487 ejus
2947 5419 2961 5456 :
2995 5405 3040 5457 si
3075 5420 3176 5487 quo
3204 5389 3363 5487 modo
3397 5411 3643 5456 occurre.
3667 5389 3719 5444 ὀ
3743 5389 3824 5435 ’⁸³⁸

2381 5484 2677 5541 remouens,
2705 5490 2821 5544 quc
2844 5485 2918 5528 est
2942 5491 3008 5530 ea:
3031 5484 3262 5530 mortuis.

2457 5523 3003 5629 (ᾗιὶξίτέῥέιίὶἷὶτζί
3014 5523 3262 5629 eam
3305 5544 3546 5616 margine
3581 5523 3836 5595 ..ἀπ’
3821 5537 3826 5540 ’

2381 5617 2522 5687 apud
2550 5619 2910 5686 antiquiora»
2926 5617 3180 5673 «idicem

2453 5659 2532 5771 (3')
2550 5659 2914 5771 ἱξῗξῖνῖιὶ
2928 5659 3236 5760 ’ἧῖἇῖἴῖἇὶη
3270 5687 3546 5758 acceperis-
3569 5688 3650 5737 αι
3667 5677 3754 5746 ια’
3773 5674 3838 5730 ιδ’

2375 5760 2536 5828 {utris
2560 5760 2677 5816 sim.
