4018 6184
211 295 368 350 -1221

1054 291 1099 347 N
1138 285 1525 349 EPISTULA“
1565 283 1770 344 PAULI
1840 279 1934 339 AD
1970 282 2459 347 PHILIPPENSES
2494 288 2719 346 LIBER.

3360 327 3362 332 ι
3398 287 3535 343 ΙΞΩΞ

206 438 213 444 -
241 412 382 467 nulla
411 409 673 466 dubitatio
699 416 784 465 est
809 410 935 480 quin
965 407 1155 465 obvius
1195 410 1286 464 fiat
1315 408 1366 462 in
1399 406 1825 464 resurrectione.
1859 399 1911 458 Α
1936 397 2058 454 dam
2088 399 2168 475 (ι)
2201 403 2400 458 habere
2425 405 2588 459 etiam
2619 419 2759 459 nunc
2787 406 2838 458 in
2871 403 3138 460 sententia
3170 418 3230 459 se
3258 406 3526 470 ostendit;

242 506 372 572 Quid
400 519 482 560 εει
507 513 686 559 autem
712 503 927 558 obvium
953 504 1066 558 fieri
1093 504 1144 558 in
1170 503 1568 556 resurrectione
1595 509 1837 555 mortuo-

206 598 393 652 rum?
441 597 685 651 Perfecta
738 605 900 665 atque
955 595 1107 666 plena
1155 595 1263 649 vita
1315 593 1738 663 uniuscujusque
1781 601 1838 646 et

245 703 426 746 exacta
449 707 512 745 ex
544 691 802 746 societate
831 690 1138 758 passionum
1163 688 1361 743 Christi
1384 689 1634 744 omnibus
1662 688 1836 742 modis

247 799 308 838 co
339 792 580 852 tempore
601 797 723 836 cum
752 781 1076 835 resurrectio
1105 783 1161 834 tit
1189 794 1219 834 a
1247 780 1496 846 mortuis,
1526 778 1578 834 id
1600 790 1684 834 est
1713 794 1836 833 cum

248 875 635 930 resuscitautur
675 873 891 927 mortui.
935 872 1051 940 Ille,
1086 881 1142 926 ut
1172 872 1370 926 Paulus
1401 872 1468 927 de
1520 888 1578 926 se
1609 872 1836 942 loquens

248 968 394 1032 dicit,
449 967 561 1031 ille,
594 967 833 1034 inquam,
884 965 974 1035 qui
1021 965 1174 1033 plena
1221 963 1482 1019 societate
1525 965 1837 1033 passionum

248 1061 363 1130 ejus
389 1059 498 1128 egit
553 1058 738 1120 vitam,
783 1056 976 1111 obvius
1019 1055 1234 1111 Christo
1269 1054 1328 1110 iit
1359 1073 1372 1108 :
1401 1070 1508 1109 non
1548 1056 1840 1111 resuscita-

253 1163 352 1220 tur,
383 1152 478 1206 sed
509 1151 701 1208 obvius
737 1149 955 1206 Christo
998 1150 1075 1204 ﬁt.
1134 1148 1242 1205 Alii
1287 1151 1681 1206 resuscitantur
1720 1160 1840 1205 tan-

251 1243 555 1311 tummodo;
595 1255 650 1298 at
697 1259 827 1299 vero
873 1243 1121 1313 perfecti,
1170 1252 1227 1297 et
1267 1242 1413 1296 omni
1452 1258 1651 1312 genere
1694 1242 1839 1312 passi

247 1335 698 1408 quemadmodum
744 1335 960 1391 Christo
996 1335 1143 1390 obvii
1188 1346 1368 1401 erunt,
1411 1345 1465 1391 et
1504 1335 1650 1390 obvii
1689 1336 1842 1391 ibunt

248 1428 485 1483 venienti
512 1427 758 1492 Christo;
789 1428 927 1482 sicut
948 1438 1000 1481 et
1027 1429 1144 1496 ipse
1170 1427 1296 1482 alibi
1337 1427 1491 1482 dixit.
1523 1427 1713 1482 Merito
1743 1427 1841 1495 igi-

250 1528 334 1574 tur
358 1521 518 1590 siquo
546 1519 695 1574 modo
721 1519 817 1586 ait,
846 1519 990 1590 quod
1020 1519 1196 1574 adhuc
1217 1520 1270 1573 in
1298 1519 1402 1572 vita
1428 1523 1518 1574 sit.
1547 1519 1616 1574 Et
1645 1520 1840 1576 merito

248 1611 509 1682 adjunxit,
542 1628 644 1666 non
670 1621 940 1682 propterea
969 1614 1107 1683 quod
1123 1612 1242 1682 jam
1264 1613 1565 1684 acceperim,
1603 1622 1692 1666 aut
1720 1617 1839 1686 jam

245 1717 626 1760 consummatus
653 1706 752 1759 sim
779 1723 793 1759 :
822 1715 989 1759 sector
1019 1715 1186 1758 autem
1219 1715 1274 1758 ut
1303 1705 1580 1771 aliquando
1607 1721 1840 1774 compre-

1941 507 2125 558 unum,
2159 497 2350 566 inquit.
2381 497 2518 562 Quid
2553 497 2678 552 illud
2727 498 2842 552 est?
2891 506 2948 552 ut
2986 500 3165 552 omnia
3197 513 3316 567 quze
3344 511 3535 566 praetc-

1940 587 2038 638 rita
2073 597 2192 642 sunt
2229 589 2279 641 in
2313 590 2641 644 oblivionem
2691 590 2999 655 mittantur,
3043 602 3300 660 sequatur
3330 601 3535 645 tantum

1940 694 2059 748 quis
2090 677 2274 735 futura
2301 691 2427 736 sunt
2456 683 2508 736 in
2540 682 2747 752 primo;
2779 682 2828 736 id
2853 693 2932 737 est
2963 683 3014 736 in
3038 681 3124 736 his
3143 698 3263 752 quae
3287 692 3413 738 ante
3443 698 3540 738 nos

1942 772 2110 840 prima
2139 782 2286 837 sunt,
2315 784 2370 828 et
2393 775 2666 844 sequenda
2696 774 2991 829 secundum
3021 777 3259 844 regulam
3301 775 3542 844 discipli-

1941 877 2171 932 namque
2201 875 2617 934 praeceptorum,
2651 882 2681 919 a
2711 867 2928 920 Christo
2981 876 3040 920 ut
3077 867 3145 920 ad
3187 868 3416 921 bravium
3445 884 3537 922 su-

1941 973 2116 1025 perare
2145 959 2443 1023 uocationis,
2472 963 2528 1015 in
2553 959 2759 1015 Christo
2791 971 2967 1019 tamen
2997 959 3150 1027 Jesu,
3183 963 3369 1017 venire
3411 977 3537 1032 pos—

1904 1069 1914 1102 :
1941 1051 2132 1108 simus.
2168 1052 2286 1107 Duo
2331 1055 2492 1124 igitur
2523 1067 2788 1125 praecepta
2832 1066 2958 1110 sunt
2987 1057 3052 1110 ad
3084 1055 3344 1127 reliquam
3375 1058 3540 1111 vitam

1941 1142 2243 1200 christiano
2287 1147 2478 1203 ordine
2523 1149 2744 1216 viventi,
2794 1157 2851 1204 et
2895 1149 2984 1219 qui
3029 1165 3094 1204 ex
3141 1150 3323 1220 regula
3365 1149 3542 1205 adhuc

1943 1239 2109 1304 vivat,
2155 1249 2211 1294 ut
2256 1256 2318 1293 ca
2366 1241 2548 1295 omnia
2593 1257 2712 1310 quae
2761 1241 2890 1310 egit,
2940 1241 3077 1296 bene
3116 1242 3239 1296 licet
3287 1251 3540 1312 recteque

1941 1343 2087 1402 agat,
2117 1348 2223 1388 non
2263 1334 2368 1389 sibi
2411 1343 2589 1390 tamen
2624 1335 2677 1389 in
2721 1336 2980 1390 memoria
3028 1346 3227 1402 teneat,
3269 1346 3541 1407 tamquam

1943 1425 2069 1481 inde
2115 1440 2390 1483 mereatur
2433 1444 2552 1497 qua:
2595 1429 2858 1498 consequi
2899 1428 3091 1494 habet;
3129 1429 3226 1484 sed
3271 1430 3446 1484 mittat
3485 1429 3540 1484 itt

1943 1518 2311 1586 oblivionem,
2367 1534 2581 1589 semper
2626 1520 2825 1576 deinde
2871 1522 3022 1592 quasi
3071 1537 3208 1576 nova
3261 1534 3538 1591 sequatur,

1942 1630 2062 1682 quze
2086 1623 2312 1680 restant,
2337 1615 2634 1670 secundum
2659 1617 2900 1685 regulam
2935 1629 3112 1671 tamen
3144 1617 3351 1683 vivens,
3381 1632 3443 1672 ac
3483 1632 3542 1672 se

1943 1707 1996 1760 in
2024 1722 2089 1763 ea
2115 1723 2334 1777 semper
2355 1709 2676 1774 extendens,
2701 1719 2863 1777 atque
2887 1724 3057 1779 usque
3086 1709 3152 1763 ad
3175 1710 3376 1764 exitum
3405 1724 3543 1764 mor-

245 1796 457 1862 hendar,
499 1798 556 1850 in
595 1813 693 1867 quo
729 1807 776 1852 et
823 1799 1216 1866 comprehensus
1256 1813 1290 1850 a
1337 1796 1542 1852 Christo
1583 1813 1700 1851 sum
1731 1796 1834 1868 (1).
1863 1788 1920 1850 Β
1944 1797 2012 1852 tis
2048 1798 2358 1855 custodiens
2388 1800 2629 1870 regulam
2669 1799 2969 1866 christiani,
3005 1811 3061 1855 ut
3101 1803 3270 1872 possit
3308 1801 3373 1854 ad
3416 1802 3542 1857 bra-

248 1888 408 1944 Vides
429 1889 570 1959 quod
601 1889 775 1944 adhuc
803 1891 858 1944 in
887 1890 995 1944 vita
1022 1904 1082 1944 se
1103 1902 1224 1943 csse
1252 1887 1417 1955 dicat,
1445 1901 1498 1944 et
1529 1888 1734 1944 idcirco
1752 1901 1843 1943 su-

245 1995 338 2048 pra
377 1979 725 2035 dubitaverit.
767 1981 1014 2036 Sectatur
1042 1978 1123 2053 (2)
1167 1980 1310 2034 enim
1351 1979 1529 2034 adhuc
1577 1993 1672 2048 per
1713 1994 1838 2048 pas-

211 2100 218 2104 -
244 2071 426 2126 siones
455 2084 644 2126 omnes
665 2070 961 2139 Christum,
990 2081 1048 2126 ut
1075 2069 1502 2140 comprehendat
1541 2069 1838 2137 Christum,

247 2164 298 2218 id
322 2173 404 2219 est
437 2174 492 2218 ut
524 2165 804 2234 perveniat
825 2165 892 2219 ad
922 2164 1197 2220 Christum
1226 2165 1478 2220 omnibus
1504 2164 1840 2232 passionibus

207 2285 210 2288 λ
247 2255 366 2325 ejus
388 2255 659 2327 particeps
691 2256 882 2311 factus.
907 2256 1157 2312 Christus
1183 2259 1326 2312 enim
1351 2256 1602 2312 omnibus
1635 2255 1842 2326 passio-

248 2351 404 2404 nibus
446 2351 555 2404 suis
606 2350 851 2406 liberavit
895 2366 1084 2406 omnes
1120 2360 1445 2420 sequentes;
1486 2359 1543 2404 et
1581 2348 1844 2419 quodam-

246 2443 408 2498 modo
437 2443 847 2514 comprehendit
875 2445 1179 2509 universos,
1213 2444 1308 2499 sed
1335 2444 1427 2514 qui
1456 2451 1837 2514 sequerentur.

247 2534 296 2591 Is
320 2537 412 2605 qui
439 2537 593 2608 sequi
621 2547 678 2592 et
698 2537 1159 2608 comprehendere
1188 2538 1462 2592 Christum
1484 2538 1614 2602 vult,
1648 2539 1700 2592 in
1724 2551 1841 2592 om-

245 2628 404 2686 nibus
434 2632 774 2701 passionibus
803 2635 955 2703 sequi
983 2633 1260 2688 Christum
1290 2632 1474 2698 debet,
1511 2641 1568 2687 ut
1595 2646 1842 2700 compre-

248 2723 448 2781 hendat
479 2726 754 2782 Christum
798 2727 853 2782 in
891 2742 959 2782 eo
1005 2729 1056 2780 in
1099 2741 1210 2797 quo
1248 2733 1306 2782 et
1340 2725 1768 2794 comprehensus
1809 2740 1842 2780 a

244 2819 462 2874 Christo
491 2829 592 2874 est.
622 2819 754 2876 Nam
787 2820 830 2874 si
862 2819 1200 2890 passionibus
1227 2819 1342 2874 suis
1363 2818 1613 2874 Christus
1643 2817 1843 2873 libera-

247 2915 326 2968 vit
351 2927 564 2980 omnes,
592 2913 1003 2984 comprehendit
1023 2927 1216 2969 omnes
1238 2913 1582 2983 passionibus
1603 2913 1752 2975 suis;
1785 2911 1839 2966 in

248 3007 335 3061 his
375 3007 538 3077 igitur
564 3021 773 3062 sumus.
799 3007 860 3061 id
880 3016 965 3062 est
997 3007 1267 3078 particeps
1293 3007 1508 3064 Christo
1543 3007 1714 3062 factus
1743 3022 1843 3078 per

247 3100 368 3168 ejus
397 3098 696 3167 passiones,
727 3099 780 3152 in
810 3112 876 3154 eo
905 3099 1315 3168 comprehendit
1335 3097 1635 3165 Christum,
1659 3100 1713 3154 in
1737 3113 1844 3169 quo

247 3192 674 3262 comprehensus
699 3207 728 3245 ιι
757 3191 973 3248 Christo
1003 3202 1107 3249 est.

323 3285 490 3341 Vsus.
519 3286 608 3351 15,
627 3283 1026 3354 H.--Fratres,
1044 3303 1136 3359 ego
1155 3303 1237 3341 me
1263 3303 1364 3342 non
1383 3288 1608 3342 arbitror
1619 3304 1850 3361 compre-

251 3377 505 3432 hendisse.
526 3377 715 3433 Adhuc
733 3389 1044 3446 perseverat
1065 3381 1118 3433 in
1131 3394 1201 3435 eo
1217 3379 1366 3450 quod
1382 3379 1496 3435 dixi
1506 3380 1653 3451 quod
1671 3381 1852 3437 adhuc

253 3468 404 3534 vivit,
428 3479 482 3524 et
503 3469 710 3525 idcirco
740 3485 845 3526 non
871 3469 983 3541 jam
1008 3472 1280 3540 acceperit
1305 3487 1408 3528 nec
1435 3481 1849 3529 consummatus

215 3578 221 3584 ο
249 3561 343 3628 sit,
378 3575 476 3617 nec
501 3563 610 3631 jam
638 3563 1129 3631 comprehenderit.
1164 3563 1279 3619 Hoc
1311 3565 1459 3620 enim
1492 3565 1648 3632 dixit,
1675 3571 1850 3620 secter

247 3664 419 3709 autem
455 3666 513 3710 sit
547 3655 726 3727 aliqua
759 3656 914 3710 modo
947 3657 1399 3728 comprehendam.
1431 3658 1572 3728 Ergo
1613 3657 1852 3715 arbitror

249 3747 490 3802 imdum
537 3761 628 3804 tne
668 3749 1152 3818 comprehendisse
1193 3760 1256 3804 at
1301 3750 1499 3806 exinde
1549 3751 1852 3821 intelligant

254 3841 630 3912 Philippenscs
647 3857 811 3912 quam
837 3841 993 3912 longe
1013 3860 1041 3895 a
1064 3843 1340 3898 beneﬂciis
1359 3843 1695 3898 liberatimis
1716 3843 1847 3910 sint,

250 3947 378 3987 cum
421 3933 536 4001 ipse
567 3933 656 3987 ille
684 3933 878 3988 Paulus
915 3933 967 3987 in
996 3942 1081 3988 ια
1109 3935 1449 4003 positionibus
1469 3933 1676 3990 Christi
1698 3949 1850 4004 saepe

254 4035 523 4092 versatus,
554 4039 747 4092 cassus,
787 4025 1048 4092 inclusus,
1091 4026 1218 4081 teris
1252 4028 1523 4097 objectus,
1553 4037 1609 4083 et
1634 4029 1851 4085 caeteris

247 4121 411 4175 malis
431 4130 708 4184 oneratus,
725 4121 969 4174 nendum
996 4131 1180 4175 ιιειιιεαι
1207 4135 1266 4176 se
1279 4121 1576 4176 arbitretur
1594 4135 1849 4190 eompm-

250 4214 509 4268 hendisse
533 4211 840 4278 Christum;
865 4215 1068 4284 quippe
1093 4228 1220 4269 etin
1259 4214 1439 4268 adhuc
1479 4215 1625 4271 πίνει
1657 4226 1719 4271 et
1755 4228 1850 4270 sl—

253 4305 445 4375 persit.
486 4304 671 4374 Magna
711 4304 805 4358 ilia
851 4306 1192 4374 participatio
1237 4307 1506 4376 passionis
1542 4323 1645 4376 per
1687 4323 1849 4377 quam

1946 1893 2090 1947 vium
2135 1895 2343 1950 venire.
2384 1894 2520 1949 Nam
2562 1896 2876 1951 meminisse
2915 1895 3334 1965 prteteritornm,
3378 1897 3540 1950 etiam

1944 1995 2092 2042 recte
2134 1987 2396 2042 fautorum
2438 1989 2696 2058 primum,
2741 1990 2936 2045 merito
2977 2005 3079 2045 suo
3117 1991 3459 2046 attribuentis
3488 2000 3545 2046 et

1945 2079 2271 2135 vindicantis
2293 2091 2406 2146 est;
2430 2096 2555 2136 cum
2580 2081 2699 2137 haec
2724 2097 2827 2137 nec
2849 2093 3032 2137 nostra
3056 2084 3182 2148 sint,
3211 2093 3264 2138 et
3286 2099 3392 2138 non
3415 2097 3545 2152 ope-

1946 2172 2102 2226 ribus
2141 2172 2342 2226 nostris
2380 2173 2607 2240 gratiam
2648 2187 3066 2242 consequamur.
3112 2173 3319 2230 Deinde
3359 2174 3545 2229 nescio

1942 2262 2220 2334 quomodo
2248 2262 2300 2319 in
2324 2277 2386 2319 ea
2414 2279 2534 2332 quae
2560 2264 2614 2319 in
2639 2265 2814 2334 primo
2835 2274 2982 2329 sunt.
3016 2265 3070 2322 id
3090 2275 3174 2320 est
3199 2282 3320 2335 quae
3347 2281 3546 2324 conse-

1945 2365 2203 2428 quuntur,
2240 2358 2578 2429 negligentes
2603 2375 2812 2426 sumus,
2843 2360 3036 2415 ﬁducia
3066 2361 3192 2430 quia
3221 2361 3387 2415 multa
3416 2360 3546 2417 faci-

1944 2452 2253 2509 mus.Unde
2270 2456 2526 2531 prmeepit
2549 2455 2848 2522 apostolus,
2873 2465 3022 2509 retro
3047 2461 3168 2524 qua:
3187 2462 3335 2522 sunt,
3367 2463 3544 2509 trans-

1945 2547 2207 2602 mittenda
2247 2562 2370 2604 esse
2417 2549 2596 2603 omnis
2641 2550 2696 2603 in
2739 2549 3094 2604 oblivionem.
3139 2548 3326 2604 Potest
3373 2549 3547 2619 accipi

1943 2640 2109 2698 etiam
2141 2640 2233 2694 illa
2275 2656 2398 2711 quae
2436 2640 2698 2708 diximus,
2737 2641 2833 2697 sed
2864 2642 3078 2697 diversa
3111 2642 3218 2698 vita
3263 2658 3368 2712 qua
3410 2643 3546 2699 vixi-

1945 2747 2068 2786 mus
2099 2751 2114 2787 :
2142 2741 2199 2786 ut
2221 2732 2340 2802 ipse
2365 2732 2588 2799 Paulus,
2611 2733 2754 2803 quod
2773 2733 2987 2804 judaeus
3011 2732 3129 2798 iuit,
3145 2733 3290 2804 quod
3314 2734 3544 2790 insecta-

1948 2833 2034 2879 tor
2065 2823 2216 2894 legis,
2243 2833 2301 2880 et
2327 2835 2522 2881 caetera
2557 2844 2570 2879 :
2606 2837 2664 2881 ut
2688 2828 2805 2882 haec
2829 2827 3031 2882 dixerit
3057 2836 3206 2882 retro
3233 2843 3374 2895 esse,
3406 2838 3460 2884 et
3491 2828 3544 2884 in

1945 2917 2277 2973 oblivionem
2307 2918 2599 2984 mittenda;
2631 2933 2694 2974 ac
2721 2920 2765 2974 si
2795 2930 3042 2974 nostrum
3067 2920 3439 2988 unusquisque
3464 2921 3547 2976 vi-

1948 3009 2058 3064 tam
2091 3010 2422 3079 praeteritam
2449 3012 2504 3066 in
2528 3012 2858 3067 oblivionem
2882 3011 3077 3067 debeat
3105 3010 3545 3068 mittereNerum

1951 3104 2145 3159 fortior
2188 3103 2280 3158 ille
2308 3119 2525 3171 sensus,
2551 3104 2714 3163 etiam
2755 3104 2896 3160 bene
2935 3111 3163 3174 gestam,
3198 3113 3255 3160 et
3285 3113 3433 3159 recte
3462 3115 3550 3160 se-

1845 3181 1917 3244 ιε
1947 3198 2186 3254 cundum
2211 3196 2448 3269 regulam
2470 3210 2648 3253 actam
2678 3199 2845 3254 vitam
2870 3199 3221 3268 pra-teritum.
3250 3198 3302 3252 in
3325 3196 3551 3254 oblivio-

1917 3318 1922 3322 -
1951 3303 2076 3342 nem
2109 3287 2323 3342 mittere
2348 3285 2666 3350 debeamus,
2696 3293 2754 3341 et
2793 3286 2846 3341 in
2882 3301 2944 3340 ea
2985 3301 3104 3355 quae
3136 3285 3187 3338 in
3223 3285 3398 3353 primo
3425 3291 3554 3338 sunt

1952 3394 2054 3435 nos
2081 3379 2378 3434 extendere
2400 3379 2696 3434 secundum
2721 3379 2988 3449 regulam,
3016 3386 3074 3432 nt
3103 3378 3253 3447 sequi
3279 3375 3550 3432 Christum

1953 3471 2225 3541 possimus
2249 3472 2316 3525 ad
2355 3471 2584 3526 brevium
2620 3484 2878 3542 superine,
2911 3468 3108 3539 inquit,
3139 3469 3438 3525 uocationis.
3470 3467 3551 3522 Ex

1917 3597 1920 3601 -
1947 3581 2018 3620 eo
2043 3565 2186 3619 enim
2207 3565 2318 3634 jam
2354 3563 2654 3619 Christiani
2685 3577 2896 3628 sumus,
2930 3562 3104 3618 vocati
3134 3576 3164 3616 a
3207 3561 3316 3623 Deo
3341 3575 3549 3624 sumus.

1951 3657 2080 3711 llaec
2105 3670 2340 3723 superna
2361 3655 2574 3709 vocatio
2595 3664 2680 3709 est
2703 3665 2719 3712 ι
2748 3669 2908 3710 nemo
2936 3652 3079 3710 enim
3107 3652 3176 3710 ad
3212 3652 3378 3712 Deum
3406 3651 3492 3708 vel
3521 3665 3552 3705 a

1957 3749 2065 3803 Deo
2087 3757 2314 3802 uocatur
2339 3746 2443 3800 nisi
2473 3747 2528 3800 in
2567 3745 2696 3802 Jesu
2727 3743 2965 3800 Christo.
3012 3743 3131 3812 Ipse
3165 3745 3311 3802 etaim
3352 3751 3436 3798 est
3467 3742 3554 3813 ja-

1920 3877 1923 3879 -
1953 3855 2083 3904 nua,
2112 3839 2227 3908 ipse
2255 3837 2595 3908 propitiatur,
2626 3835 2942 3892 conciliator
2966 3837 3079 3904 ipse
3109 3852 3122 3892 :
3153 3843 3209 3894 et
3238 3833 3343 3890 hoc
3367 3833 3553 3890 multis

1919 3963 1924 3966 -
1953 3933 2201 4003 partibus
2227 3930 2509 3988 docuimus
2536 3947 2548 3984 :
2581 3939 2634 3985 et
2666 3930 2747 3988 sic
2785 3931 2893 3987 vita
2921 3929 3082 3984 nobis
3130 3936 3215 3982 est
3245 3937 3407 3999 atque
3428 3941 3551 3986 esse

1955 4025 2146 4090 debet;
2170 4033 2228 4079 et
2247 4023 2386 4079 duce
2399 4020 2618 4078 Christo
2641 4029 2944 4090 praeeunte.
2965 4020 3021 4076 id
3040 4029 3124 4076 est
3143 4018 3247 4084 ﬁde
3271 4018 3349 4090 (Ξ)
3372 4027 3555 4075 nostra

1951 4118 2010 4172 in
2037 4117 2281 4182 Christo,
2312 4114 2380 4170 ad
2409 4115 2654 4172 hravium
2685 4115 2871 4168 venire
2897 4113 3192 4183 possimus.

2009 4211 2172 4266 Vens.
2200 4210 2292 4273 15,
2318 4208 2806 4277 i6.-Quiwutque
2829 4207 3000 4276 itaque
3016 4203 3228 4274 perfecti
3237 4219 3438 4271 sumus,
3463 4203 3559 4259 hoc

1956 4306 2231 4360 sentiamus
2261 4319 2279 4358 :
2304 4312 2350 4357 et
2382 4303 2425 4358 si
2453 4301 2577 4372 quid
2615 4300 2765 4354 aliter
2804 4299 3005 4366 sapitis,
3043 4307 3095 4354 et
3123 4298 3219 4352 hoc
3249 4295 3389 4352 Deus
3419 4295 3558 4352 vobis

253 4409 383 4452 vere
401 4396 698 4466 iungimur,
727 4398 771 4451 si
804 4393 1083 4451 Christum
1111 4397 1277 4454 etiam
1305 4397 1362 4452 is
1389 4399 1642 4467 passione
1671 4400 1851 4457 imite-
1917 4432 1924 4442 -
1953 4400 2204 4455 meiavit'
2231 4397 2330 4471 (3.).
2375 4395 2513 4452 Hine
2551 4392 2775 4463 intelligi
2803 4393 2950 4456 licet,
2987 4406 3113 4447 vere
3147 4406 3244 4446 nos
3270 4388 3350 4463 (4)
3391 4403 3560 4458 expo-

251 4503 396 4544 ια’.
425 4487 604 4544 Unum
627 4489 800 4543 adhuc
835 4498 1002 4544 tamen
1032 4506 1145 4559 qua
1172 4499 1292 4544 eiust
1327 4500 1464 4546 raro
1503 4493 1851 4548 minatus
1956 4494 2132 4550 suisse
2150 4491 2326 4546 dehis
2349 4505 2474 4560 quae
2495 4503 2659 4558 supra
2679 4485 2932 4548 diximus,
2959 4494 3018 4538 ut
3035 4493 3186 4539 retro
3214 4481 3557 4538 transmitta-

249 4582 312 4636 ἐκ
339 4583 660 4648 obiioionem,
690 4584 742 4636 in
770 4599 832 4636 ea
856 4599 975 4636 uero
995 4599 1111 4653 quis
1135 4585 1189 4638 in
1217 4584 1384 4654 prima
1418 4596 1536 4641 sum
1565 4585 1854 4644 maidens
1877 4567 1934 4628 Ῑ)
1951 4602 2082 4641 unus
2105 4586 2157 4639 in
2181 4583 2505 4639 oblivionem
2523 4595 2592 4636 es
2615 4595 2741 4649 qua:
2766 4585 3066 4646 suntgesta
3093 4593 3120 4632 a
3155 4574 3310 4637 nobis
3335 4573 3388 4628 in
3411 4581 3558 4630 recta

253 4689 341 4730 ne
361 4677 641 4730 secundm
654 4678 913 4748 regulam,
931 4686 1094 4730 sector
1108 4677 1181 4731 ad
1196 4676 1428 4732 hostium
1443 4694 1686 4747 superne
1705 4695 1858 4734 uoca-

253 4768 415 4821 stanis
449 4769 506 4821 iis
529 4767 736 4823 Christo
771 4767 901 4822 Jesu
941 4769 1045 4837 ('5).
1073 4768 1366 4836 Quoniam,
1393 4779 1456 4826 ut
1499 4771 1754 4835 diximus,
1785 4772 1858 4826 ita

255 4870 425 4924 supra
447 4855 655 4911 locutus
667 4856 834 4927 siquo
852 4856 1013 4912 modo
1033 4857 1222 4912 obvius
1237 4857 1364 4914 iam
1383 4861 1442 4914 in
1454 4859 1858 4916 mwnremione

258 4957 622 5014 mortuorum,
651 4959 705 5005 et
731 4951 1015 5009 docuimus
1031 4965 1136 5006 =eur
1159 4951 1230 5005 sit
1259 4952 1432 5022 posita
1461 4954 1564 5010 isut
1585 4953 1856 5011 dubitatio

263 5042 408 5112 quod
438 5042 612 5098 adhuc
641 5044 803 5111 vivat,
836 5054 889 5100 et
917 5044 1084 5100 multa
1125 5054 1346 5115 possent
1379 5047 1648 5114 accidere,
1687 5048 1860 5102 maxi-

255 5148 457 5206 meque
499 5137 610 5205 ipsa
647 5136 744 5192 im
782 5151 963 5204 mers;
987 5139 1196 5193 ideirco
1215 5139 1461 5209 adpulit
1483 5154 1598 5194 mn
1627 5153 1689 5195 se
1709 5138 1862 5195 arbi-

265 5225 398 5281 trnri
449 5227 923 5297 comprehendisse
967 5228 1147 5285 adhuc
1191 5227 1494 5288 Christum.
1543 5227 1658 5286 Sed
1701 5230 1862 5304 quid-

338 5360 417 5505 ξι)
437 5359 614 5417 'Codd.
641 5373 919 5418 sectantur.

360 5435 421 5504 2)
447 5434 627 5504 Vttlg.,
652 5434 850 5501 Sequor
877 5453 919 5490 at

360 5435 421 5504 2)
447 5434 627 5504 Vttlg.,
652 5434 850 5501 Sequor
877 5447 1046 5490 autem
1071 5439 1117 5491 si
1138 5454 1241 5512 quo
1261 5437 1858 5512 ntodo_contprehendam

265 5506 319 5560 in
345 5522 445 5565 quo
471 5516 517 5559 et
547 5512 939 5565 comprehensus
965 5524 1084 5562 sum
1104 5525 1136 5561 α
1159 5508 1370 5565 Christo
1399 5506 1546 5565 tiesu.

217 5583 228 5589 ”
305 5647 316 5652 ,
341 5575 420 5646 (δ)
441 5575 597 5652 Vulg.
623 5594 636 5629 :
659 5575 829 5634 Unum
855 5588 1043 5644 autem,
1071 5597 1187 5652 qua:
1203 5582 1408 5651 quidem
1431 5592 1567 5635 retro
1591 5590 1708 5635 sunt
1733 5580 1861 5636 obli-

261 5647 482 5722 uiscens,
509 5647 584 5701 ad
610 5665 667 5703 ea
688 5666 808 5704 vero
834 5666 949 5720 quis
973 5647 1093 5705 sunt
1107 5647 1284 5722 priora
1303 5654 1574 5710 extendens
1587 5655 1840 5722 meipsu'in

267 5695 667 5844 prastat;
683 5695 958 5792 ,3ὶὲἕῶιῖὸὲ
973 5695 1284 5797 EXEI.
1303 5695 1865 5786 "$.32:

307 5806 415 5845 εεα.
1123 5815 1126 5820 ’
1545 5827 1547 5830 ⁴
1679 5841 1682 5845 .
1735 5815 1746 5840 ί

307 5807 415 5845 esu.
1123 5815 1126 5820 '
1545 5827 1547 5830 ‹
1679 5841 1682 5846 _
1735 5815 1746 5840 ί

1955 4681 2169 4746 retenta.
2196 4677 2471 4748 Siquidem
2494 4673 2672 4746 jungit
2697 4692 2714 4728 :
2737 4672 3070 4740 quicumque
3097 4670 3278 4738 itaque
3305 4665 3555 4737 perfecti,

1961 4785 2111 4828 retro
2129 4773 2354 4826 mittent
2383 4771 2436 4824 in
2469 4755 2803 4823 oblivionem
2842 4764 3021 4820 munia
3055 4778 3181 4832 qua:
3223 4769 3374 4832 gesta
3414 4766 3561 4820 sunt.

1957 4867 2081 4921 Non
2121 4867 2264 4922 enim
2290 4861 2501 4918 meritis
2542 4857 2763 4923 nostris,
2795 4856 2891 4914 sed
2923 4855 3014 4911 Dei
3048 4854 3244 4925 gratia,
3277 4851 3566 4922 consequi-

1956 4973 2087 5012 mur
2109 4957 2378 5010 sim-avium.
2399 4953 2488 5008 Sic
2517 4951 2677 5021 igitur
2704 4948 2948 5010 hortatur
2977 4964 2989 5000 :
3019 4946 3120 5000 hoc
3147 4944 3445 5018 sentiamus,
3475 4943 3563 5000 in-

1938 5050 2099 5118 -quit.
2125 5048 2228 5114 Qui
2253 5046 2331 5100 illi
2354 5045 2466 5099 hoc
2491 5041 2766 5100 sentiant?
2793 5040 3110 5109 Quicumque
3123 5033 3342 5114 perfecti
3361 5053 3560 5093 sumus.

1965 5141 2106 5210 Quid
2137 5150 2315 5196 autem
2339 5135 2676 5192 sentiamus?
2708 5135 2775 5190 Ut
2796 5149 2914 5204 qua:
2943 5142 3066 5186 sunt
3093 5140 3259 5197 retro,
3287 5129 3565 5185 transmit-

1967 5247 2146 5289 tamns
2177 5233 2228 5286 in
2258 5229 2602 5293 oblivionem,
2627 5236 2682 5282 et
2714 5240 2951 5296 praesens
2977 5225 3379 5292 enimtempus,
3405 5220 3455 5276 id
3482 5227 3568 5275 est

1969 5327 2112 5399 quod
2160 5339 2303 5381 nunc
2341 5322 2598 5394 gerimus,
2640 5319 2696 5375 in
2732 5319 3056 5374 oblivionem
3091 5312 3565 5372 transmittendum

1971 5428 2074 5477 est.
2111 5419 2302 5488 Utique
2320 5417 2365 5472 si
2383 5428 2652 5486 prtem.
2675 5423 2737 5480 et
2753 5411 3094 5484 prudentum
3113 5407 3342 5478 scilicet,
3371 5413 3567 5476 etquae

2044 5577 2097 5637 Η

2069 5651 2104 5704 2

1939 5723 2103 5777 -ἷιὸ

2069 5651 2102 5704 2

1971 5723 2102 5793 f5

1971 5650 2102 5868 sit

2155 5573 2325 5630 Codd.
2357 5571 2586 5643 quidam.

2157 5647 2329 5704 Codd.
2358 5645 2504 5716 ﬁdes.

2149 5717 2332 5789 νηιςη
2351 5713 2618 5772 reuelabit.

2153 5789 2323 5849 Codd.
2361 5805 2469 5843 vos.

2106 5575 2126 5866 Ξ
