4018 6184
671 248 813 305 i223
1929 245 2125 302 MAR“
2165 241 2514 304 VICTORINI
2553 247 2717 308 AFRI
3711 275 3796 332 ην.

665 360 720 416 in
746 361 850 414 vita
881 357 1170 415 habuimus
1197 374 1212 413 :
1236 365 1292 414 et
1332 358 1398 414 ad
1427 373 1489 415 ea
1532 374 1654 431 qua:
1683 359 1733 414 in
1776 361 1952 431 primo
1993 369 2137 422 sunt,
2171 375 2266 413 t-x-
2295 357 2344 416 Α
2376 357 2712 430 Praeceptum
2761 358 2987 417 dederat
3031 362 3160 434 quid
3214 363 3458 434 agendum
3503 371 3688 440 perfectis
3723 383 3800 437 viris

661 454 944 510 tendamus
988 454 1348 524 nosmetipsos
1399 454 1694 509 secundum
1727 455 1987 525 regulam.
2021 454 2155 520 Hoc,
2191 453 2274 507 in-
2377 461 2553 518 esset,
2581 461 2636 508 et
2664 466 2848 523 postea
2868 456 3142 526 atljecerat
3164 473 3230 512 ue
3253 459 3398 515 aliter
3419 476 3801 542 sapereul,elquasi

661 545 797 616 quit,
829 546 1127 602 sentiamus
1151 561 1364 611 omnes,
1392 556 1447 602 et
1472 561 1662 602 omnes
1686 547 1933 618 perlecri.
1959 545 2114 613 Quod
2143 560 2272 600 vero
2375 557 2759 612 concesserat;
2790 548 3121 604 concludens
3154 560 3332 606 tamen
3381 563 3430 607 ut
3464 570 3513 611 se
3535 561 3669 626 potius
3687 578 3802 633 seque.

662 636 928 708 adjungit,
958 648 1004 693 et
1026 639 1069 692 si
1093 639 1216 709 quid
1240 641 1390 694 aliter
1409 641 1613 710 sapitis,
1642 650 1689 694 et
1719 641 1816 695 Iroc
1841 641 1980 695 vobis
2013 638 2154 695 Deus
2182 655 2269 694 re-
2374 646 2586 704 rentur,
2635 648 2796 710 atque
2840 641 2914 695 ita
2969 640 3308 698 ambularent
3335 647 3695 714 quemadmodum
3726 654 3802 722 ipse.

661 731 867 798 uelauit,
917 731 964 787 si
1010 733 1199 803 plenus
1247 742 1332 790 est
1369 749 1584 802 sensus,
1623 743 1677 790 et
1719 750 1778 791 se
1829 745 2021 791 tenens
2061 751 2168 790 non
2201 734 2269 790 ad
2374 731 2526 788 Nunc
2552 733 2710 802 plena
2741 733 3051 791 hortatione
3082 751 3205 791 cum
3233 735 3465 805 diceret,
3512 741 3732 800 imitatores
3750 751 3808 804 uel

660 824 963 896 posteriora
993 826 1336 894 conjunctus,
1368 827 1447 882 sic
1477 827 1855 898 intelligendus
1883 837 2002 883 est:
2035 837 2091 883 et
2113 828 2158 883 si
2185 838 2270 884 est
2373 835 2579 892 eatote,
2604 826 2801 897 adjecit
2828 829 3138 898 exemplum
3157 873 3172 896 ,
3204 847 3312 901 quo
3335 831 3518 889 facilius
3541 837 3806 906 persuaderet;

660 916 860 987 aliquid
890 917 959 974 de
991 917 1092 974 hoc
1124 919 1264 988 ipso,
1291 920 1432 989 quod
1461 935 1563 977 nos
1586 919 1846 986 diximus,
1872 920 2014 991 quod
2042 935 2139 976 vos
2169 920 2270 975 alio
2373 920 2495 976 ideo
2543 921 2722 978 facere
2774 936 3066 994 Oportere;
3125 926 3334 982 scilicet
3353 925 3480 997 quod
3521 929 3594 983 alii
3634 929 3810 988 lacerent:

659 1018 742 1066 ter
771 1011 1072 1081 accipiatis,
1098 1020 1154 1068 et
1183 1011 1517 1082 intelligatis,
1545 1014 1771 1084 sapiatis
1794 1013 2034 1070 concedo
2062 1015 2219 1071 vobis
2250 1032 2266 1070 :
2371 1015 2822 1088 Contemplamini,
2853 1019 3062 1088 inquit,
3091 1035 3176 1074 eos
3203 1020 3291 1090 qui
3319 1019 3388 1072 ita
3406 1020 3635 1086 incedunt,
3659 1027 3811 1092 quemad-

658 1105 914 1175 quoniam
942 1103 1086 1160 enim
1118 1104 1187 1160 de
1215 1106 1470 1176 perlectis
1510 1106 1777 1178 loquitur,
1812 1108 1890 1163 sic
1931 1108 2075 1163 enim
2106 1107 2264 1175 dixit,
2369 1113 2576 1167 modum
2605 1113 2891 1185 exemplum
2921 1113 3116 1168 habetis
3142 1129 3256 1168 nos.
3287 1113 3396 1168 Duo
3419 1115 3663 1176 conclusit,
3689 1119 3748 1185 qui
3776 1119 3813 1174 iu

658 1198 990 1268 quicumque
1021 1199 1202 1270 itaque
1232 1198 1455 1270 perfecti
1482 1216 1689 1258 sumus.
1721 1201 1865 1273 Ergo
1891 1203 1982 1273 qui
2015 1201 2262 1272 perfecti,
2369 1207 2626 1263 incedunt
2679 1207 3136 1278 quemadmodum
3189 1224 3318 1270 nos,
3365 1217 3414 1262 et
3461 1207 3508 1262 in
3552 1224 3606 1264 eo
3635 1208 3814 1278 ipsoutet

654 1296 866 1352 etiamsi
897 1295 1058 1352 aliter
1096 1297 1290 1368 sapitis
1321 1315 1334 1353 :
1367 1314 1487 1370 qua:
1525 1299 1795 1354 conclusit
1840 1302 1906 1354 ad
1952 1299 2263 1354 concessio-
2367 1298 2483 1369 ipse
2505 1297 2589 1352 Itis
2618 1309 2762 1352 esset
2802 1299 3107 1369 exemplum
3140 1299 3378 1355 breviter
3423 1299 3682 1364 collocavit,
3710 1311 3745 1354 et
3769 1304 3815 1370 qui

658 1405 805 1457 nem,
835 1389 1032 1447 ethoc
1069 1390 1210 1446 Deus
1257 1391 1408 1447 vobis
1433 1393 1716 1460 revelavit,
1754 1393 1954 1448 bonum
1996 1402 2099 1460 est,
2131 1407 2265 1464 quo—
2366 1391 2489 1447 aliis
2551 1401 2738 1458 esset,
2812 1403 2868 1448 et
2944 1394 3036 1464 qui
3106 1392 3190 1446 his
3256 1407 3377 1447 esse
3433 1391 3641 1448 deberet.
3689 1393 3813 1448 Scilicet

657 1485 801 1541 niam
842 1485 946 1540 hoc
986 1495 1040 1542 et
1087 1485 1208 1554 hoc,
1241 1487 1383 1558 quod
1427 1503 1527 1543 vos
1572 1488 1780 1558 sapitis,
1823 1496 1878 1543 et
1907 1488 1960 1542 id
1989 1487 2132 1558 quod
2162 1503 2263 1558 ego
2366 1484 2816 1556 quemadmodum
2875 1486 2950 1541 illi
3008 1501 3095 1541 me
3151 1485 3453 1553 imitantur,
3499 1485 3634 1540 etiam
3663 1501 3730 1539 vos
3766 1489 3815 1539 lu-

655 1578 788 1633 dixi.
819 1578 880 1634 Si
908 1586 1088 1635 autem
1117 1594 1224 1633 non
1254 1587 1338 1635 est
1375 1579 1539 1648 istud,
1573 1579 1937 1636 concedentes
1959 1621 1974 1646 ,
2010 1579 2263 1649 pendebit
2364 1579 2538 1634 beatis
2603 1588 2658 1634 et
2733 1579 3065 1649 exemplum.
3142 1578 3301 1633 Multi
3370 1579 3492 1632 enim
3552 1579 3754 1642 incedunt,
3785 1579 3815 1630 de

655 1685 870 1737 sensus,
905 1682 961 1726 ut
987 1672 1059 1726 ita
1088 1671 1293 1727 dictum
1321 1671 1413 1737 sit,
1441 1673 1486 1726 si
1519 1672 1645 1740 quid
1677 1673 1834 1728 aliter
1860 1673 2070 1742 sapitis,
2097 1681 2153 1728 et
2183 1680 2262 1727 ta-
2363 1673 2545 1744 quibus
2587 1675 2726 1728 vobis
2781 1689 2919 1744 stupe
2969 1673 3081 1728 dixi
3135 1671 3237 1742 (Ι).
3292 1672 3417 1727 Plus
3462 1670 3654 1742 adjecit,
3676 1682 3714 1725 ut
3732 1670 3818 1739 pauci

655 1778 780 1818 men
829 1762 932 1818 hoc
967 1762 1120 1819 vobis
1164 1763 1303 1819 Deus
1351 1764 1615 1820 revelavit
1645 1783 1660 1820 :
1689 1764 1933 1836 adjungit
1959 1765 2100 1836 quod
2132 1765 2264 1821 sub-
2288 1755 2338 1815 B
2365 1765 2660 1837 esseutqui
2684 1767 2834 1821 illum
2867 1765 3182 1822 viderentur
3228 1765 3422 1820 imitari
3453 1783 3464 1818 :
3509 1765 3657 1826 mulli,
3694 1764 3815 1832 inquit,

658 1857 906 1928 junctum
955 1868 1038 1913 est
1083 1875 1098 1912 :
1148 1855 1340 1912 Tamen
1381 1857 1436 1911 id
1488 1860 1751 1930 sapiamus
1787 1861 1857 1913 ad
1896 1860 2035 1930 quod
2087 1875 2260 1929 perue-
2360 1858 2434 1912 ita
2450 1859 2709 1914 incedunt.
2768 1858 2837 1913 Et
2873 1859 3070 1928 adjecit
3100 1856 3246 1912 aliud
3292 1864 3665 1928 argumentum,
3696 1870 3742 1909 ne
3769 1855 3819 1908 lto-

655 1949 825 2003 nimus
870 1949 973 2022 (l),
1024 1947 1076 2003 id
1095 1957 1197 2014 est,
1228 1948 1376 2018 quod
1406 1964 1506 2005 nos
1550 1949 1856 2017 docuimus,
1907 1959 1961 2006 et
2002 1951 2069 2006 ad
2112 1951 2257 2023 quod
2363 1951 2453 2008 die
2497 1953 2652 2008 vobis
2702 1953 3009 2023 exemplum
3065 1952 3330 2021 proferam
3377 1951 3440 2005 ad
3492 1948 3815 2010 exhortationem,

653 2041 884 2098 instituti
925 2057 1132 2098 sumus.
1164 2041 1253 2099 Sic
1277 2043 1422 2098 enim
1462 2043 1760 2115 subjuugit,
1801 2055 2173 2100 verumtamen
2203 2046 2254 2101 in
2363 2044 2548 2110 multi,
2572 2045 2775 2115 inquit,
2799 2057 2923 2099 sunt
2945 2045 3038 2114 qui
3061 2042 3316 2099 incedunt
3346 2042 3499 2098 sicuti
3525 2058 3635 2106 nos,
3680 2041 3728 2095 de
3753 2039 3815 2110 qui-

653 2135 707 2192 id
736 2135 882 2208 quod
909 2135 994 2208 (2)
1020 2137 1382 2208 pervenimus,
1410 2139 1462 2190 in
1497 2137 1547 2191 id
1580 2138 1753 2201 ipsum
1777 2139 2072 2208 sapiamus.
2094 2140 2148 2193 in
2173 2154 2258 2193 eo-
2361 2137 2460 2192 bus
2490 2152 2634 2207 saepe
2661 2136 2799 2191 dixi.
2831 2136 2976 2207 Ergo
3006 2152 3110 2190 non
3140 2136 3205 2190 ad
3231 2146 3442 2206 tempus
3467 2135 3655 2199 protulit
3687 2147 3748 2187 eis
3771 2131 3816 2198 qui

649 2231 767 2286 dem
795 2229 1109 2286 ambulemus
1134 2231 1237 2304 (5).
1275 2231 1387 2287 Iloc
1413 2240 1519 2298 est,
1548 2246 1613 2286 ex
1641 2247 1749 2302 quo
1780 2230 2129 2302 Evangelium
2155 2246 2254 2287 vo-
2358 2228 2431 2284 ita
2461 2230 2805 2294 incederent;
2836 2228 3105 2299 siquidem
3129 2227 3198 2284 de
3245 2227 3383 2298 ipsis
3429 2225 3563 2297 quod
3601 2225 3658 2279 ita
3695 2219 3818 2278 incede

651 2324 736 2381 bis
767 2327 1130 2397 pronuntiavi,
1162 2333 1218 2381 et
1245 2324 1313 2380 ad
1353 2324 1456 2380 hoc
1481 2339 1653 2396 usque
1684 2325 2028 2396 pervenimus
2055 2340 2255 2396 genere
2357 2328 2508 2384 rent,
2533 2335 2679 2392 saepe
2703 2320 2811 2392 jam
2842 2319 3061 2375 dixerit.

649 2418 867 2474 vivendi
904 2428 959 2474 et
986 2418 1356 2490 intelligendi;
1388 2417 1455 2473 id.
1488 2418 1682 2488 ipsum,
1718 2415 1912 2489 inquit,
1954 2419 2251 2487 sapiamus,
2427 2411 2594 2468 VERS.
2655 2411 2744 2468 i9-
2799 2440 2868 2453 -
2901 2409 3060 2465 Nunc
3111 2420 3280 2466 aulam
3331 2410 3480 2464 ειίαηι
3522 2404 3816 2478 lacrimam“

649 2520 704 2568 et
730 2513 786 2566 in
811 2511 987 2566 eadem
1010 2511 1362 2576 ambulemus;
1394 2510 1447 2565 in
1478 2509 1532 2565 id
1575 2511 1786 2566 scilicet
1818 2509 1961 2581 quod
2001 2509 2252 2582 perveni-
2355 2507 2503 2573 dico,
2531 2507 2768 2562 inimicos
2791 2507 2958 2562 crucis
2989 2506 3210 2571 Christi;
3235 2522 3459 2574 quarunt
3511 2504 3629 2559 Deus
3659 2505 3818 2561 bella,“

651 2620 773 2661 mus
805 2622 819 2660 :
849 2604 1051 2661 etenim
1095 2603 1325 2660 dicendo
1367 2613 1554 2671 tamen,
1594 2603 1745 2674 quasi
1792 2602 2059 2673 repudiat.
2097 2601 2252 2671 Quod
2354 2601 2524 2672 gloria
2570 2601 2625 2655 in
2681 2601 2998 2672 turpitudine
3043 2615 3219 2655 eorum
3266 2599 3360 2669 qui
3386 2609 3574 2653 terrena
3596 2588 3813 2664 supinata).

648 2714 808 2770 supra
835 2707 920 2755 est
940 2713 1047 2754 non
1069 2696 1421 2765 admittimus,
1447 2707 1501 2752 et
1526 2711 1720 2754 sensus
1744 2696 1868 2752 talis
1892 2715 1905 2750 :
1930 2705 2013 2752 est
2035 2696 2249 2767 quidem
2356 2694 2526 2766 Major
2547 2695 2780 2751 hortatio
2801 2703 2915 2759 est,
2943 2708 3066 2748 cum
3092 2708 3157 2748 ex
3188 2700 3338 2748 metu
3369 2692 3457 2747 sit.
3488 2691 3637 2760 Supra
3653 2686 3749 2743 enim
3783 2696 3819 2735 ex

647 2790 792 2848 istud
850 2789 1132 2846 tolerabile
1184 2798 1238 2846 et
1297 2788 1636 2854 faciendum;
1690 2797 2064 2844 verumtamen
2118 2788 2251 2844 illud
2352 2788 2652 2844 commodis
2702 2797 2758 2844 et
2805 2787 3146 2843 utilitatibus.
3199 2784 3338 2840 Nam
3407 2791 3491 2841 est
3521 2785 3592 2855 (ὅ)
3630 2774 3819 2836 exhortata

648 2885 900 2942 maxime.
935 2885 1080 2957 Ergo
1106 2893 1161 2941 et
1189 2885 1235 2940 si
1263 2885 1421 2940 aliter
1448 2883 1658 2954 sapitis,
1686 2891 1740 2938 et
1772 2883 1818 2938 si
1854 2881 1956 2937 hoc
1983 2883 2126 2938 Deus
2152 2899 2250 2936 νο·
2353 2878 2807 2949 quemadmodum
2859 2881 3071 2946 vivant,
3114 2878 3181 2933 ad
3231 2877 3343 2933 hoc
3399 2879 3564 2947 ipsum
3601 2874 3705 2943 quod
3728 2880 3820 2935 supra

646 2977 728 3034 bis
767 2978 1050 3040 revelavit,
1082 2991 1191 3048 quo
1220 2975 1313 3049 (4)
1338 2977 1494 3031 aliter
1531 2975 1752 3046 sapitis;
1792 2983 2161 3030 verumtamen
2191 2973 2246 3029 in
2353 2975 2642 3046 praecepit,
2665 2989 2787 3029 cum
2820 2974 2937 3044 ipse
2959 2973 3027 3028 ad
3053 2971 3298 3029 eamdem
3357 2971 3516 3026 vitam
3557 2964 3767 3036 compellat
3791 2967 3820 3012 α

643 3070 698 3127 id
725 3071 866 3143 quod
897 3071 1261 3142 pervenimus,
1295 3069 1348 3123 in
1379 3065 1461 3141 (5)
1491 3067 1542 3122 id
1569 3067 1745 3139 ipsum
1777 3067 2071 3136 sapiamus.
2104 3066 2244 3133 Quid
2352 3067 2536 3137 adigat
2560 3067 2968 3136 Plrilippenses,
3019 3073 3074 3120 et
3098 3063 3313 3120 dederit
3359 3077 3541 3119 rursus
3585 3056 3697 3114 aliud
3729 3066 3820 3121 argu-

642 3175 821 3220 autem
851 3163 984 3219 illud
1011 3173 1115 3229 est,
1137 3163 1192 3216 in
1215 3163 1268 3216 id
1297 3162 1436 3232 quod
1455 3159 1818 3233 peruenimus?
1845 3158 1999 3226 Quod
2026 3158 2153 3214 olim
2176 3174 2242 3214 ex
2270 3147 2318 3214 C
2351 3168 2588 3215 mentum
2641 3158 2784 3230 quod
2835 3158 2946 3229 jam
2994 3159 3146 3214 multi
3187 3157 3386 3212 eodem
3434 3155 3582 3212 modo
3604 3153 3761 3210 vivunt,
3793 3152 3821 3197 et

643 3257 781 3313 meis
827 3255 1050 3311 monitis
1096 3253 1400 3324 accepistis,
1441 3262 1495 3308 et
1536 3252 1680 3324 quod
1726 3266 1868 3307 nunc
1907 3267 1937 3306 a
1977 3266 2063 3308 me
2103 3267 2244 3323 prte-
2347 3253 2500 3309 multi
2523 3267 2661 3324 quos
2683 3253 2792 3321 jam
2816 3250 2886 3307 ita
2911 3251 3094 3307 vivere
3135 3251 3253 3321 ipse
3301 3238 3820 3320 PhilippensibusPanltS

639 3359 854 3421 ceptum
883 3357 967 3406 est
994 3367 1008 3404 :
1041 3349 1093 3403 iu
1125 3347 1177 3403 id
1200 3347 1342 3402 enim
1376 3346 1722 3418 pervenimus
1741 3388 1755 3411 ,
1786 3361 1851 3401 ex
1877 3346 2023 3400 omni
2051 3345 2240 3401 admo-
2343 3363 2490 3419 smpe
2517 3347 2734 3403 dixerit.
2765 3347 2889 3402 llaec
2915 3346 3120 3401 utilitas
3163 3344 3552 3400 exhortationis
3593 3337 3743 3408 majore
3774 3344 3818 3384 η’

640 3442 845 3499 nitioue
893 3451 948 3497 et
997 3441 1282 3512 prarccptis
1331 3457 1346 3494 :
1394 3439 1566 3510 inquit
1609 3449 1815 3504 autem,
1862 3439 2239 3507 pervenimus;
2344 3440 2492 3496 tione
2515 3441 2778 3504 lirruatur,
2806 3437 2936 3509 quid
2963 3436 3091 3492 mali
3115 3436 3222 3506 pati
3253 3437 3492 3492 habeant
3532 3435 3571 3489 si
3606 3431 3724 3485 aliter
3742 3425 3822 3477 rite-

638 3533 924 3605 praeceptis
955 3533 1154 3589 nostris
1199 3531 1438 3595 scilicet;
1479 3538 1536 3586 ut
1578 3545 1698 3600 quae
1729 3537 1876 3585 retro
1909 3539 2036 3585 sunt
2069 3539 2244 3585 trans-
2344 3534 2487 3601 rint,
2514 3544 2569 3590 et
2598 3544 2655 3588 ut
2676 3532 2794 3588 dixi
2821 3532 2994 3601 major
3017 3538 3100 3587 est
3122 3532 3410 3602 persuasio
3462 3543 3527 3584 ex
3578 3526 3741 3580 timore.
3763 3515 3818 3570 Ad-

637 3628 914 3682 mittentes
955 3626 1008 3681 in
1039 3623 1386 3690 oblivionem,
1439 3623 1494 3678 in
1541 3636 1604 3678 ea
1641 3637 1761 3692 quae
1791 3621 1843 3676 in
1886 3620 2057 3692 primo
2083 3629 2240 3685 sunt,
2338 3627 2470 3700 jecit
2498 3629 2658 3684 etiam
2708 3625 2994 3693 arrectum,
3053 3625 3293 3680 dicturus
3339 3623 3481 3679 mala
3515 3636 3623 3684 qua
3658 3617 3824 3689 patiantur

641 3719 995 3775 extendamus
1022 3734 1122 3774 nos
1151 3717 1449 3774 secundum
1487 3716 1724 3786 regulam
1745 3757 1761 3782 ,
1794 3724 1852 3768 ut
1880 3714 1947 3769 ad
1993 3712 2240 3769 bravium
2342 3720 2454 3786 illi,
2490 3720 2582 3791 qui
2616 3719 2784 3774 aliter
2805 3717 2994 3772 vivum.
3021 3716 3257 3772 dicendo
3288 3735 3304 3771 :
3338 3706 3820 3787 lacrymabuudsslia.

640 3825 893 3881 supernas
922 3809 1220 3866 vocationis
1249 3810 1528 3865 veniamus
1561 3810 1613 3863 in
1651 3807 1780 3864 Jesu
1807 3805 2046 3862 Christo.
2081 3803 2145 3860 In
2179 3821 2240 3860 eo
2344 3812 2512 3869 Doleo
2535 3812 2681 3868 enim
2701 3819 2757 3866 et
2781 3811 3184 3882 lacrymo,quia
3214 3809 3311 3880 qui
3341 3809 3544 3863 inimici
3571 3804 3714 3861 crucis
3730 3803 3821 3853 sunt,

639 3921 792 3978 ergo,
827 3904 1019 3978 inquit,
1053 3903 1383 3959 ambulemus.
1408 3902 1559 3958 Adeo
1583 3901 1654 3958 de
1681 3902 1790 3956 vita
1819 3900 1910 3956 illa
1935 3910 1990 3957 et
2017 3899 2086 3955 de
2112 3913 2244 3966 prze-
2347 3907 2400 3963 id
2433 3916 2517 3963 est
2542 3907 2634 3978 qui
2661 3921 2768 3961 non
2791 3904 3021 3961 credunt
3053 3904 3106 3960 in
3131 3903 3235 3959 hoc
3263 3902 3624 3974 Evangelium,
3649 3892 3752 3967 quod
3766 3888 3821 3944 sci-

635 4011 795 4073 cepto
837 4000 906 4057 ad
941 4001 1108 4055 vitam
1153 3997 1399 4068 superior
1431 4003 1572 4051 ratio
1613 4004 1716 4050 est.
1757 3993 2030 4062 Siquidem
2075 4005 2222 4063 supr:

2236 4036 2238 4045 ι
2341 4001 2468 4057 licet
2509 4000 2735 4056 credant
2787 4000 2840 4054 in
2889 3998 3165 4054 Christum
3198 3997 3479 4052 hominem
3503 4037 3518 4062 ,
3549 3994 3596 4050 id
3619 3999 3686 4048 est
3713 3987 3771 4056 qui
3797 3982 3823 4033 iu

634 4099 866 4162 dictum,
919 4108 1040 4163 quae
1087 4100 1215 4147 sunt
1253 4097 1401 4146 retro
1441 4086 1871 4143 trausmittentes
1910 4084 1967 4139 in
2011 4083 2240 4140 oblivio—
2341 4092 2562 4150 homine
2591 4093 2780 4156 fuerit,
2811 4090 2904 4162 qui
2935 4099 3092 4147 ..ειυς
3116 4105 3181 4145 εχ
3213 4089 3386 4144 uaria
3415 4090 3519 4154 sit,
3544 4074 3821 4142 cruciﬁxussi‘t

638 4203 789 4254 nem,
819 4186 873 4241 in
915 4185 1088 4255 primo
1127 4197 1248 4253 qum
1285 4189 1413 4236 sunt
1456 4176 1810 4236 extendamus
1852 4191 1974 4234 nos.
2003 4175 2118 4232 H00
2156 4184 2240 4233 εει
2339 4189 2542 4245 Omnes
2565 4187 2727 4259 igitur
2756 4185 2995 4242 haeretici
3036 4184 3129 4257 qui
3151 4199 3328 4256 neque
3359 4183 3693 4243 cruxiﬁxum,
3729 4180 3825 4264 "ﬁt?

636 4279 860 4338 εῐιίηὶίη
889 4292 947 4330 εο
966 4275 1305 4330 αῒηθαιεηωε·
2341 4282 2394 4339 in
2446 4281 2668 4338 homine
2716 4281 2992 4337 Christum
3033 4280 3340 4349 accipiunt,
3399 4279 3490 4350 qui
3534 4274 3668 4330 multi
3700 4264 3822 4324 etiam

704 4372 872 4429 Vsus.
929 4369 1028 4435 17,
1086 4367 1177 4422 18.
1223 4393 1295 4406 -
1326 4361 1625 4418 Imitatores
1644 4361 1742 4416 mei
1796 4369 1974 4426 estote,
2032 4363 2238 4431 fratres.

2236 4402 2238 4409 ν
2340 4375 2482 4442 sint;
2533 4375 2606 4439 ii,
2652 4373 2871 4444 inquam
2902 4414 2917 4439 ,
2961 4371 3120 4428 linem
3178 4371 3461 4427 habebunt
3509 4369 3751 4425 interitum.
3769 4352 3823 4409 Alﬁ

628 4465 942 4538 Οιιριπιιιηθ
995 4460 1061 4515 ad
1100 4457 1455 4524 εθιῑῑθιηίθπιν
1501 4469 1662 4528 (Ιιιθω
1716 4453 2109 4525 ιοίιυθικιωυτς
2181 4461 2241 4508 ιη
2340 4470 2482 4525 enim
2527 4467 2781 4523 dixerunt
2837 4466 3112 4522 hominem
3165 4465 3374 4530 fuisse,
3425 4481 3533 4520 non
3594 4464 3640 4516 in
3697 4450 3824 4538 humili

629 4537 764 4614 nihil
790 4555 893 4626 ipsi
919 4554 1045 4610 novi
1073 4550 1306 4618 faciant,
1338 4549 1441 4604 etsi
1491 4548 1650 4603 aliter
1692 4546 1942 4617 sapiunt,
1983 4543 2086 4601 etsi
2135 4545 2235 4600 alia
2260 4543 2314 4604 D
2341 4560 2611 4635 fuisse“).
2644 4559 2752 4617 Αιίί
2779 4568 2976 4630 nega“;
3001 4558 3221 4613 οηιηίηο
3243 4565 3438 4613 nam.“
3493 4557 3547 4612 ίη
3596 4564 3754 4610 eam,
3780 4537 3826 4594 alii

625 4652 752 4725 quid
774 4668 804 4708 a
835 4652 944 4707 Deo
964 4646 1264 4705 revelatum
1284 4644 1503 4700 habent.
1527 4640 1824 4696 lmitatores
1853 4640 1988 4707 mei,
2024 4639 2212 4710 inquit,

2331 4667 2526 4727 negant
2546 4654 2883 4711 cruciﬁxum.
2911 4651 3112 4708 Omnes
3155 4652 3191 4706 ii
3237 4651 3507 4720 haeretici,
3525 4659 3580 4704 ut
3611 4645 3825 4704 dixiJltl'l

625 4755 812 4810 estote,
842 4747 1059 4816 fratres;
1087 4748 1148 4796 ut
1175 4753 1295 4810 quas
1324 4751 1427 4809 ego
1452 4749 1586 4807 ago,
1615 4749 1736 4805 quae
1767 4733 2055 4819 praecipio,
2103 4746 2212 4802 qua

2331 4749 2523 4806 horum
2551 4748 2632 4823 (5)
2681 4747 2888 4805 similes
2924 4745 3192 4802 iuterituri
3222 4751 3372 4800 sunt.
3430 4744 3545 4799 Hoc
3584 4741 3706 4798 enim
3738 4731 3827 4787 dixit.

623 4837 679 4894 in
724 4836 831 4890 vita
875 4849 1125 4900 exerceo,
1176 4831 1318 4902 quod
1374 4843 1573 4900 sequor
1617 4826 1731 4902 (6),
1759 4826 1862 4882 hoc
1886 4839 2102 4897 quoque
2131 4839 2210 4880 vos

2331 4859 2551 4916 quorum
2576 4843 2696 4912 ﬁnis
2725 4850 2798 4896 est
2825 4840 3061 4895 interitus
3093 4855 3112 4893 :
3138 4853 3258 4910 quae
3301 4838 3496 4907 utique
3536 4831 3826 4898 consequenm

622 4928 930 4996 imitemini,
971 4939 1026 4985 et
1077 4923 1400 4996 sequamini.
1449 4921 1512 4975 Et
1559 4919 1984 4993 contemplamini
2029 4934 2118 4973 eos
2137 4921 2228 4990 qui
2334 4935 2643 5009 huiusmodi
2675 4935 2942 4991 homines,
2979 4933 3045 4988 Ει
3071 4932 3199 5004 quid
3223 4931 3520 5003 patiemur,
3552 4937 3604 4984 et
3628 4921 3728 4996 quid
3747 4917 3828 4973 sint.

619 5024 696 5081 ita
723 5023 982 5090 incedunt,
1000 5019 1430 5094 quemadmodum
1456 5017 1744 5087 exemplum
1774 5014 1970 5070 habetis
1994 5030 2086 5069 nos
2110 5012 2213 5087 (7).

2425 5103 2477 5175 l)
2494 5102 2648 5175 Vulg.
2659 5101 2710 5156 Μ
2718 5101 2814 5156 ulti
2825 5100 2960 5156 enim
2970 5097 3230 5154 ambulant
3239 5113 3369 5167 quos
3380 5111 3518 5159 sepe
3527 5091 3725 5150 dicebant
3739 5080 3831 5156 reﬁt-

2393 5105 2477 5249 (2)
2507 5175 2690 5249 Yulg.,
2722 5171 2771 5227 Ν
2776 5183 3070 5249 unc‘autern
3095 5182 3140 5222 et
3157 5171 3299 5249 flens
3329 5171 3451 5222 dico
3469 5209 3484 5235 ,
3510 5166 3714 5249 inimicas

693 5182 773 5267 (ᾖ)
797 5179 980 5252 Vulg.,
999 5187 1340 5234 uerumtamen
1368 5177 1436 5232 ad
1463 5174 1599 5248 quod
1629 5175 1946 5247 peruenimus
1994 5178 2048 5230 ut
2087 5173 2224 5230 idem
2329 5164 2690 5267 “(2")”Vulvg"
2722 5164 3299 5267 Nuncauteznﬂ:

621 5233 932 5328 sciri-anius.0
964 5233 980 5248 ’
1010 5233 1049 5234 Π
1096 5233 1113 5234 ﬂ
1217 5233 1220 5234 ν
1285 5233 1293 5234 7
1477 5233 1491 5248 ’
1629 5233 1642 5247 ’
2327 5233 2518 5302 Christi
2543 5233 2818 5328 {quorum
2869 5243 2988 5328 ﬁnis
3019 5233 3287 5325 interflua;
3337 5233 3702 5321 quor-untODeus
3727 5233 3829 5328 ξιιέῖ

899 5308 1061 5381 έοάά·
1175 5393 1184 5396 _
1843 5391 1854 5396 _
2329 5328 2402 5396 est
2425 5361 2442 5386 ,
2468 5331 2515 5374 et
2536 5308 2704 5391 gloria
2746 5318 2802 5371 in
2849 5308 3150 5384 confusione
3174 5308 3411 5384 ipsorum
3437 5349 3454 5378 ,
3490 5310 3578 5381 qui
3599 5317 3757 5362 terrena
3786 5308 3834 5346 εδ·

688 5391 769 5472 (5)
799 5396 1060 5472 Yulg.,_i_n
1088 5393 1265 5450 eadem
1295 5405 1682 5466 permaneamus
1710 5391 1906 5462 regula.
2323 5392 2492 5472 piunt.

687 5459 772 5546 (4)
798 5470 873 5546 Ita
889 5459 1104 5546 Ceddo-
1295 5459 1306 5466 ’
1766 5459 1783 5462 ⁷
2323 5459 2335 5463 “
2393 5462 2475 5546 (.332
2503 5459 2676 5546 ἓοάἀο
2705 5472 2952 5546 σεντεννρ
2978 5465 3262 5546 99--.---

614 5585 619 5591 ,
1083 5539 1278 5612 ipsum,
2395 5507 2479 5606 (1')
2504 5507 3267 5612 ξέῆξιίεῖῖόξίἓεῖξᾷὑοεςρῐη
3291 5525 3580 5612 haereticos

713 5581 771 5683 ες
797 5581 972 5668 an:
997 5581 1057 5668 ;'.'
1077 5581 1278 5683 iam"
1578 5679 1641 5683 ,Α
1827 5675 1907 5683 ,,
2116 5677 2126 5683 _
2324 5581 3486 5683 ius'nrgga;j.;a.a.;ga,aanameum
3518 5596 3751 5661 εεεηωριε
3769 5581 3828 5636 sibi

713 5613 746 5668 6
797 5612 969 5668 Codd.
997 5628 1051 5668 se
1077 5612 1238 5683 quod.
2324 5620 2446 5662 sum
2475 5620 2682 5662 merum
2712 5612 3055 5666 hominem,r

613 5685 649 5758 Γ
801 5682 979 5755 Vulg.,
1011 5682 1080 5737 Et
1104 5685 1364 5740 obseruate
1390 5696 1475 5739 eos
1501 5679 1592 5754 qui
1625 5679 1700 5736 ita
1734 5675 2033 5745 ambulant,
2081 5677 2214 5735 sicut
2325 5675 2661 5758 hypostatice
2699 5673 3055 5758 humanitate.

619 5692 642 5733 Γ
687 5692 782 5768 (7)⁸
804 5692 979 5755 Vulg.,
1011 5692 1080 5737 Et
1104 5692 1364 5740 obseruate
1390 5696 1475 5739 eos
1501 5696 1592 5754 qus
1625 5692 1700 5736 ua
1734 5692 1998 5734 ambulant
2018 5717 2033 5745 ,
2081 5692 2214 5735 sicut
2325 5692 2661 5821 nyziosmuce
2700 5692 3029 5761 numanttate

619 5755 810 5812 habetis
839 5758 1060 5827 formam
1083 5767 1331 5812 nostram.
2422 5746 2478 5821 5)
2509 5747 2679 5807 Codd.
2712 5743 3029 5822 huiusmodi.
