4018 6184
241 269 382 326 12ὶὸ

1175 268 1237 323 ΙΝ
1280 267 1668 325 EPISTULA.“
1703 267 1904 323 PAULI
1946 267 2039 322 ΑΙ)
2083 267 2596 326 PlllLli'PENSES.

3387 272 3546 332 1926

241 388 312 442 ita
340 394 606 450 numerat,
657 384 782 456 quid
813 388 1108 454 patientur,
1156 403 1367 455 quarunt
1409 387 1527 455 ﬁnis
1570 396 1641 440 est
1682 387 1837 440 iiiter-
1865 392 1912 450 Α
1941 386 2131 456 ipsius,
2179 387 2452 439 secundum
2497 387 2839 454 operationem
2872 388 3108 456 potentia?
3133 404 3257 455 stlte,
3302 401 3354 443 ut
3386 393 3545 460 possit

241 480 387 545 itus;
438 479 564 550 quid
593 480 720 545 sint,
784 497 999 548 quorum
1049 479 1187 534 Deus
1225 493 1424 544 venter;
1471 480 1594 550 quid
1647 495 1840 534 coose-

245 580 498 644 qnentur,
555 581 599 626 et
653 571 851 644 gloria,
906 573 1107 644 inquit,
1157 574 1210 626 in
1266 575 1585 636 turpitudine
1636 575 1840 628 eorum?

243 665 704 733 Quemadmodum
734 665 1250 736 sapiant,adjuuxit
1296 684 1310 721 :
1364 669 1452 736 qui
1507 679 1706 721 terrena
1755 685 1840 721 sa-

246 758 430 832 piunt!
456 758 530 813 De
557 757 795 822 interitu;
827 758 967 828 quod
989 757 1108 813 linis
1139 773 1326 814 eorum
1355 761 1424 812 sit
1448 759 1720 824 interitus,
1749 759 1840 830 qui

248 853 363 907 haec
395 868 500 907 non
532 851 780 916 credunt,
813 851 865 907 id
898 855 1088 923 estqui
1121 853 1321 907 inimici
1352 853 1526 908 crucis
1553 862 1696 908 sunt.
1729 854 1840 909 lloc

246 944 390 1000 enim
445 943 612 1008 dixit,
657 943 906 998 inimicos
956 946 1136 998 crucis
1181 944 1386 1000 Christi
1437 959 1593 1008 esse,
1626 959 1839 1000 crucem

245 1037 445 1094 Christi
477 1054 580 1091 non
606 1036 850 1093 credere.
883 1036 979 1104 lli,
1013 1038 1226 1108 inquam
1253 1078 1268 1103 ,
1311 1037 1565 1107 perituri,
1617 1047 1672 1092 et
1721 1037 1842 1093 linis

247 1133 332 1189 his
358 1142 440 1187 est
469 1133 741 1188 interitus.

317 1229 388 1283 At
410 1242 537 1282 vero
566 1226 710 1282 istud
741 1229 830 1299 qui
857 1245 960 1283 non
989 1228 1252 1294 credunt,
1285 1226 1334 1281 id
1363 1236 1448 1282 est
1501 1226 1588 1297 qui
1637 1226 1839 1281 inimici

245 1323 426 1379 crucis
449 1320 648 1377 Christi
683 1336 828 1388 sum,
856 1322 1129 1394 quomodo
1159 1323 1322 1377 Deum
1350 1321 1549 1375 habent
1576 1335 1841 1388 ventrem,

248 1415 317 1472 de
361 1416 556 1484 quibus
581 1415 748 1483 dixit,
781 1433 998 1486 quorum
1032 1415 1166 1469 Deus
1205 1427 1372 1468 venter
1395 1427 1464 1469 est
1486 1416 1512 1469 ?
1558 1415 1670 1468 Duo
1713 1429 1846 1483 quo-

248 1507 538 1562 damiuodo
565 1517 725 1572 sunt,
763 1507 812 1563 id
836 1517 919 1562 est
941 1495 1102 1562 unum
1130 1506 1198 1560 de
1225 1507 1435 1561 duobus
1454 1546 1467 1570 ,
1502 1506 1590 1575 qui
1643 1505 1842 1559 inimici

249 1601 426 1654 crucis
473 1600 670 1655 Christi
725 1610 853 1654 suut
905 1619 916 1654 :
961 1599 1844 1654 autetiimcariialiterseiitieiites

253 1708 468 1747 crucem
496 1693 691 1748 Christi
722 1693 898 1748 rident
922 1734 936 1754 ,
968 1708 1090 1749 cum
1123 1691 1390 1746 hominem
1441 1689 1713 1744 Christum
1749 1707 1840 1760 pii-

1944 481 2093 534 etiam
2119 481 2352 534 universa
2374 481 2449 534 illi
2487 482 2702 535 subdere
2728 480 2825 552 (l).
2881 483 2944 536 Iit
2972 483 3071 536 istc
3117 484 3263 538 lorus
3294 493 3441 539 tenet
3470 486 3537 540 de

1942 575 2342 628 resurrectione
2375 577 2714 644 mysterium.
2746 575 2954 629 Etenim
2999 576 3140 646 quod
3194 576 3442 632 Christus
3489 579 3540 633 in

1941 681 2106 720 carne
2163 667 2369 736 positus
2421 669 2660 736 implevit
2711 678 2769 722 ut
2811 669 3044 723 Salvaret
3089 671 3338 736 animas,
3395 681 3452 725 ut
3488 679 3544 725 et

1943 758 2273 812 carnietiain
2306 775 2401 828 per
2450 762 2900 817 resurrectionem
2956 763 3334 818 immortalitas
3383 764 3543 820 dare-

1945 859 2050 916 tur,
2079 853 2304 908 virtutes
2330 869 2440 908 suzc
2468 857 2643 909 crucis
2670 869 2921 920 OpCI‘alltw‘
2953 866 3054 911 est.
3094 858 3158 911 Et
3201 857 3316 912 haec
3354 860 3537 913 omnia

1943 955 2325 1012 expectamus,
2375 957 2432 1002 ct
2482 948 2654 1017 ipsum
2712 949 3000 1004 Domitium
3058 963 3300 1005 nostrum
3357 951 3540 1007 Jesom

1943 1035 2219 1094 Christum
2266 1042 2394 1111 qui,
2455 1043 2646 1112 inquit,
2679 1043 2772 1096 illo
2809 1046 3064 1114 mysterio
3105 1062 3212 1114 quo
3260 1045 3543 1102 descendit

1943 1143 1996 1187 et
2018 1134 2307 1188 cruciﬁxus
2364 1143 2447 1189 est
2491 1143 2544 1189 ct
2584 1137 2916 1202 resurrexit,
2966 1137 3322 1193 humilitatem
3374 1142 3541 1196 noswi

1945 1227 2190 1295 Corporis
2213 1227 2294 1280 vel
2329 1227 2588 1295 ﬁguram,
2640 1238 2732 1282 aut
2763 1231 2931 1298 magis
2978 1247 3174 1302 corpus
3231 1235 3546 1294 humilitatis

1948 1329 2146 1373 nostra:
2206 1322 2621 1389 transliguravit.
2670 1321 2952 1390 Quomodo
3020 1325 3156 1380 istud
3234 1330 3356 1382 est?
3409 1331 3545 1398 Quia

1948 1427 2142 1481 corpus
2169 1421 2408 1466 nostrum
2441 1414 2639 1468 humile
2669 1431 2791 1470 eum
2839 1419 3071 1478 resurgit
3119 1429 3172 1473 et
3211 1421 3546 1486 iiiinintatur,

1948 1505 2001 1557 in
2036 1505 2226 1560 melius
2257 1507 2840 1576 transﬁguravitJesus
2891 1511 3138 1566 Christus
3185 1517 3543 1572 hmnilitatem

1948 1597 2192 1660 Corporis
2221 1600 2388 1652 nostri
2416 1640 2430 1665 ,
2459 1601 2542 1653 vel
2570 1616 2765 1669 corpus
2794 1614 3032 1657 nostrum
3088 1605 3291 1662 humile
3334 1613 3548 1666 transti-

1946 1691 2160 1757 guravit
2188 1689 2239 1740 in
2272 1691 2632 1759 magniﬁcam.
2687 1693 2782 1746 Dat
2817 1693 2894 1764 ('2)
2928 1695 3001 1748 i'li
3045 1698 3248 1751 scilicet
3274 1703 3545 1756 a-terniia-

249 1791 362 1838 tant
419 1785 469 1838 in
519 1800 731 1839 crucem
759 1785 1047 1846 sublatum;
1107 1799 1210 1838 non
1265 1783 1523 1853 mysterio
1553 1781 1845 1836 secundum
1879 1777 1928 1838 B
1956 1789 2095 1843 teni,
2123 1781 2322 1835 faciens
2349 1784 2446 1852 ipsi
2479 1785 2848 1840 indumentum
2870 1791 3125 1854 C(Bleste;
3161 1801 3217 1846 ut
3242 1795 3542 1862 sit,inquit,

247 1875 596 1946 Evangeliiiin
651 1877 925 1931 Christum
968 1877 1020 1930 in
1079 1876 1298 1930 homine
1344 1875 1696 1938 cruciﬁxum,
1751 1889 1847 1942 per

246 1971 389 2040 quod
421 1980 700 2039 peccatum
750 1971 878 2024 vicit
925 1979 980 2024 et
1017 1969 1367 2038 triumphavit
1415 1975 1748 2036 potestates.
1795 1977 1848 2021 et

249 2063 599 2131 triumphavit
629 2080 722 2132 per
766 2079 983 2117 Carnem
1033 2061 1342 2115 crucilixain
1377 2059 1570 2122 :Iiane,
1605 2061 1844 2128 inquam,

249 2171 466 2211 crucem
514 2156 566 2210 in
618 2155 878 2228 mysterio
923 2155 1208 2209 habemus.
1277 2153 1410 2216 Alii,
1475 2162 1531 2206 ut
1582 2152 1729 2214 dixi,
1792 2160 1851 2206 ut

249 2247 549 2304 secundum
595 2249 902 2312 hominem,
959 2262 1086 2302 vere
1142 2253 1345 2300 tantum
1403 2243 1676 2296 hominem
1704 2243 1848 2296 acci-

253 2343 405 2412 piant
435 2356 646 2396 crucem
686 2360 698 2396 :
727 2349 783 2394 ct
828 2340 1030 2394 idcirco
1059 2337 1258 2393 inimici
1305 2345 1430 2391 sunt
1473 2335 1619 2391 cruri
1649 2377 1664 2403 ,
1695 2343 1750 2390 et
1795 2335 1846 2388 hi

249 2437 372 2506 quia
420 2437 707 2492 carnaliter
753 2437 1030 2500 sentiunt,
1109 2443 1462 2488 Contemnunt
1531 2433 1846 2505 mysterium

248 2529 426 2583 crucis
459 2546 470 2582 :
503 2537 558 2581 et
581 2528 636 2582 hi
661 2570 674 2592 ,
707 2536 763 2581 ut
799 2528 907 2582 dixi
931 2570 945 2594 ,
975 2527 1042 2582 de
1073 2542 1238 2581 carne
1285 2534 1556 2589 svntzmit,
1607 2534 1664 2579 et
1716 2525 1846 2578 nihil

249 2621 392 2676 aliud
425 2637 584 2692 quam
633 2621 704 2676 de
751 2637 914 2676 carne
963 2621 1250 2684 extimant,
1273 2629 1327 2675 et
1354 2621 1461 2675 illis
1499 2621 1638 2674 Deus
1663 2628 1850 2675 venter

247 2722 354 2778 est,
389 2721 444 2768 et
470 2713 637 2782 gloria
673 2715 722 2768 in
749 2713 1079 2783 turpitudine
1104 2728 1290 2766 eorum
1320 2720 1434 2771 est,
1491 2723 1538 2765 et
1584 2710 1635 2764 hi
1680 2722 1804 2765 sunt
1834 2754 1848 2777 ,

256 2807 345 2876 qui
381 2816 591 2862 lerrciia
625 2807 877 2878 sapiunt,
911 2824 1139 2878 quorum
1184 2817 1359 2862 tamen
1399 2807 1518 2861 linis
1549 2818 1631 2861 est
1668 2808 1852 2862 interi-

252 2905 494 2954 tus.'Aut
521 2916 705 2954 rursus
736 2901 810 2954 illi
841 2885 929 2970 qui
965 2900 1264 2971 spiritalem
1285 2901 1523 2955 sentiunt
1550 2899 1847 2955 Christum.

248 3002 306 3048 et
359 3009 460 3048 non
515 2995 818 3064 intelligunt
867 2995 1019 3050 illum
1075 2996 1126 3049 in
1178 3009 1382 3060 carne,
1440 3011 1612 3064 neque
1677 2995 1843 3050 cruci-

251 3084 448 3146 ﬁxum;
482 3094 537 3140 et
561 3087 761 3142 idcirco
791 3086 990 3142 inimici
1020 3095 1146 3141 sunt
1171 3088 1346 3142 crucis
1373 3085 1599 3157 Christi,
1651 3097 1705 3143 et
1749 3087 1850 3157 ipsi

1949 1876 2268 1942 atquilormc
2325 1893 2448 1931 cum
2514 1893 2746 1947 corpore
2807 1882 2993 1950 gloria:
3055 1885 3242 1952 ipsius.
3309 1887 3549 1954 Namque

1949 1967 2196 2024 Christus
2222 1970 2446 2037 spiritus
2475 1982 2556 2025 est
2580 2015 2593 2036 ,
2627 1988 2690 2027 ex
2717 1990 2822 2042 quo
2855 1975 2929 2028 illi
2963 1991 3158 2046 Corpus
3185 1982 3395 2046 species
3418 1981 3500 2051 (5)
3531 2025 3545 2046 ,

1949 2071 2002 2116 et
2026 2062 2226 2123 virtus,
2256 2062 2368 2130 ipsa
2400 2065 2606 2132 species
2629 2083 2746 2123 mne
2773 2068 2944 2122 virtus
2976 2081 3056 2124 est
3077 2111 3094 2136 ,
3127 2075 3335 2139 species
3360 2076 3544 2144 gloria:

1951 2170 2146 2225 corpus
2169 2166 2253 2210 est
2281 2156 2477 2211 divinzc
2500 2169 2552 2212 et
2575 2169 2789 2213 a-tcrii:e
2821 2161 2919 2233 (4).
2946 2163 3076 2217 Cum
3101 2175 3276 2220 autem
3331 2183 3428 2222 nos
3462 2185 3544 2222 re-

1951 2259 2232 2317 surgentes
2256 2250 2679 2316 iiiimutaliiiiiur,
2705 2264 2758 2308 et
2785 2255 3054 2322 spiritales
3083 2257 3258 2314 elTecti
3283 2261 3542 2314 fuerimus

1953 2355 2008 2396 et
2027 2343 2203 2396 anima
2229 2354 2281 2396 et.
2301 2359 2532 2412 corpore
2553 2354 2607 2399 et
2632 2347 2821 2415 spiritu
2842 2390 2854 2409 ,
2884 2348 2953 2401 ita
2985 2350 3128 2402 enim
3155 2352 3250 2404 ista
3295 2352 3346 2404 in
3381 2369 3544 2409 unum

1952 2433 2128 2487 virum
2157 2446 2484 2489 concurrunt
2513 2477 2524 2496 ,
2556 2449 2715 2506 atque
2741 2453 2882 2494 unus
2913 2439 3133 2508 Spiritus
3165 2452 3357 2508 erunt;
3409 2445 3451 2498 si
3491 2457 3547 2501 et

1951 2543 2150 2597 corpus
2180 2529 2498 2583 humilitatis
2528 2539 2725 2585 n0stra:
2753 2533 3098 2600 :PttlliiOI'llle,
3131 2535 3229 2588 hoc
3275 2545 3358 2591 cst
3401 2537 3547 2606 ejus-
3577 2583 3582 2588 .

1951 2623 2073 2677 dem
2107 2631 2268 2693 atque
2287 2624 2508 2693 aequalis
2541 2625 2724 2677 lorintn
2755 2641 2876 2679 cum
2899 2642 3127 2696 corpore
3153 2629 3338 2698 gloria
3380 2631 3546 2700 ipsius

1951 2715 2186 2777 Christi,
2223 2725 2277 2768 ut
2304 2725 2357 2769 et
2388 2731 2485 2768 nos
2507 2717 2728 2786 spiritus
2750 2718 2918 2770 simus
2938 2760 2951 2783 ,
2994 2727 3054 2772 ut
3082 2728 3137 2774 et
3167 2721 3282 2786 ipse
3328 2724 3548 2792 spiritus

1954 2820 2055 2864 est
2096 2809 2214 2862 Fiet
2240 2819 2415 2863 autem
2447 2809 2548 2864 hoc
2575 2809 2867 2862 secundum
2897 2815 3264 2878 operatiOiicm
3293 2819 3547 2879 putentia:

1956 2901 2094 2969 ejus.
2140 2901 2310 2955 Omne
2361 2901 2506 2956 enim
2590 2903 2904 2972 iiiy-teriuni
2963 2910 3121 2972 atque
3185 2907 3361 2960 omnis
3410 2908 3553 2962 actio

1956 2991 2154 3048 Christi
2187 2994 2287 3048 hoc
2327 3002 2581 3062 operatur
2613 2993 2715 3048 huc
2763 2995 2996 3063 complet
3026 2996 3320 3050 secundum
3357 3006 3548 3066 poteti-

1957 3085 2086 3139 tiam
2115 3101 2265 3140 suam
2291 3127 2304 3148 ,
2332 3095 2389 3139 ut
2414 3102 2512 3140 nos
2559 3087 2608 3138 iii
2664 3102 2824 3139 unum
2876 3088 3296 3153 cunveniamus;
3341 3106 3462 3144 cum
3494 3102 3548 3146 et

250 3180 410 3234 linem
444 3180 719 3235 habebunt
766 3181 1062 3236 interitum.
1103 3181 1168 3235 Et
1206 3180 1321 3235 haec
1351 3198 1472 3250 pars
1501 3183 1751 3238 conclusa
1780 3181 1847 3236 dc
1875 3157 1918 3220 (ἶ
1951 3179 2133 3233 anima
2161 3190 2209 3232 et
2237 3193 2432 3248 corpus
2463 3187 2517 3232 et
2543 3179 2766 3248 spiritus
2789 3187 2978 3242 erunt,
2999 3187 3053 3232 ut
3076 3178 3153 3250 (5)
3184 3179 3297 3249 ipse
3325 3182 3547 3251 Spiritus

247 3271 354 3326 illis
380 3280 844 3343 estzquamquam
893 3273 996 3328 ista
1029 3289 1151 3342 pars
1203 3273 1467 3342 pertineat
1523 3283 1579 3328 et
1624 3273 1689 3327 ad
1727 3273 1847 3327 illos

245 3366 335 3436 qui
366 3366 435 3422 de
461 3365 681 3422 Christo
701 3367 992 3422 carnaliter
1013 3369 1256 3422 sentiunt
1287 3385 1298 3417 τ
1329 3377 1383 3421 at
1412 3384 1539 3421 veru
1567 3367 1681 3421 hzcc
1703 3368 1801 3421 tria
1827 3409 1841 3434 ,

246 3473 362 3527 quit?
388 3467 704 3528 sequuntur,
732 3459 797 3513 ad
821 3475 917 3514 eos
948 3461 1217 3529 pertinent
1246 3460 1334 3530 qui
1365 3459 1434 3514 de
1459 3459 1674 3515 Christo
1726 3474 1846 3514 car-

246 3549 440 3604 naliter
471 3553 750 3616 sentiunt;
786 3559 843 3605 ut
873 3553 1008 3607 Deus
1030 3568 1216 3606 eorum
1246 3560 1433 3606 venter
1457 3552 1559 3616 sit,
1585 3561 1635 3604 et
1674 3550 1842 3621 gloria

244 3641 298 3695 in
325 3644 648 3712 turpitudine
675 3659 862 3700 eorum
903 3654 955 3698 et
979 3654 1188 3700 terrena
1216 3643 1449 3714 sapiunt.

317 3734 480 3789 Vens.
514 3736 604 3790 20.
635 3765 709 3776 —
741 3736 935 3791 Nostra
961 3739 1097 3791 enim
1134 3739 1445 3792 conversatio
1489 3738 1539 3790 in
1569 3738 1708 3792 cretis
1747 3746 1836 3790 est.

247 3825 442 3896 Utique
475 3826 574 3882 hoc
595 3831 925 3883 Contrarium
955 3831 1217 3898 superiori
1243 3839 1362 3893 est;
1412 3829 1478 3884 ad
1525 3832 1680 3884 istam
1713 3845 1840 3899 par-

243 3928 350 3976 tciii
381 3929 558 3976 tamen
589 3922 730 3992 quod
760 3923 894 3977 dixit
943 3932 1157 3979 terrena
1212 3924 1462 3989 sapiunt.
1523 3921 1841 3976 aestimando

241 4010 515 4068 Christum
547 4012 818 4070 hominem
849 4029 969 4069 esse
996 4056 1009 4079 ,
1049 4024 1103 4070 et
1131 4015 1403 4068 hominem
1425 4012 1625 4078 luisse,
1659 4023 1837 4068 etnon

249 4106 303 4162 in
359 4121 522 4162 Carne
577 4106 782 4169 fuisse,
844 4107 939 4163 scd
991 4123 1110 4161 cum
1166 4122 1329 4162 carne
1378 4106 1629 4172 venisse,
1680 4105 1838 4160 sicuti

239 4195 413 4252 Judaei
443 4209 724 4254 venturum
753 4200 966 4262 dicunt,
1008 4207 1064 4253 et
1088 4197 1268 4253 caeteri
1322 4197 1578 4252 haeretici.
1633 4198 1702 4252 At
1755 4196 1836 4270 (l)

241 4299 594 4355 noscontra,
642 4307 856 4346 onmem
911 4293 1106 4358 vitam,
1158 4300 1212 4346 et
1231 4291 1694 4348 conversationem
1758 4292 1837 4346 vi-

239 4384 400 4438 vendi
431 4385 481 4437 in
507 4385 660 4440 ctelis
682 4384 979 4450 habemus;
1002 4385 1297 4440 sentientes
1344 4384 1410 4440 de
1435 4385 1572 4440 coelo
1619 4385 1836 4439 venisse

237 4473 545 4543 Chiistuin,
599 4477 838 4532 induisse
864 4494 1120 4544 carnem,
1204 4479 1255 4533 iii
1327 4495 1488 4534 cruce
1539 4480 1827 4534 soblatum.

1953 3281 2058 3326 CSL

2024 3364 2156 3419 Item
2180 3406 2193 3430 ,
2223 3364 2345 3434 quia
2377 3364 2516 3418 Deus
2542 3378 2662 3417 cum
2695 3364 2916 3432 Spiritus
2942 3363 3031 3429 sit,
3057 3365 3409 3433 subjicientur
3432 3369 3552 3422 uni-

1951 3473 2100 3514 vcha
2133 3459 2242 3513 Deo
2269 3473 2390 3513 Cum
2421 3459 2484 3510 ad
2513 3475 2668 3511 unam
2703 3460 2954 3513 virtutem
2989 3460 3299 3529 redigentur
3329 3503 3341 3523 ,
3369 3462 3539 3529 etsic,

1950 3550 2161 3620 inquit,
2197 3551 2392 3618 pulerit
2430 3550 2675 3604 universa
2731 3550 2805 3603 illi
2846 3550 3112 3616 subdere,
3157 3551 3360 3606 scilicet
3412 3553 3541 3607 Deo.

1948 3643 2129 3697 Vidcri
2161 3653 2336 3712 potest
2380 3642 2772 3696 incontinuuui
2825 3650 2880 3695 et
2933 3659 3038 3696 non
3091 3643 3439 3708 conjunctuin
3491 3645 3542 3698 in

1947 3738 2229 3800 oratione,
2282 3752 2402 3788 cum
2463 3736 2531 3788 ita
2583 3734 2759 3803 pusoit
2799 3745 2855 3788 ut
2907 3737 3063 3805 possit
3113 3736 3265 3788 etiam
3309 3737 3546 3790 universa

1945 3830 2022 3882 illi
2051 3829 2296 3889 subdere,
2333 3842 2505 3896 neque
2534 3828 2791 3896 [tril‘llllSll
2819 3842 2926 3896 quo
2950 3826 3245 3881 referamus
3268 3829 3364 3882 illi.
3412 3827 3542 3884 Ete-

1946 3923 2055 3976 nim
2083 3922 2126 3974 si
2157 3921 2235 3973 illi
2257 3919 2321 3973 ad
2347 3921 2511 3973 Deum
2536 3935 2884 3982 revocamus,
2910 3919 3053 3973 Deus
3092 3935 3252 3990 supra
3299 3921 3539 3974 nmnina-

1947 4024 2032 4068 tus
2055 4020 2296 4076 nonest,
2329 4013 2397 4066 sit
2441 4014 2728 4066 obscurum
2779 4020 2836 4066 et
2887 4028 2992 4064 non
3043 4019 3281 4074 rectum,
3333 4011 3428 4066 sed
3470 4012 3539 4065 ab

1943 4107 2355 4174 interpretatore
2402 4105 2570 4172 magis
2613 4105 2845 4173 positum
2898 4118 3059 4171 quam
3108 4118 3138 4156 a
3191 4102 3374 4156 Paulo.
3421 4103 3540 4170 Quo

1943 4203 2104 4272 igitur
2129 4200 2410 4257 referimus
2436 4201 2544 4254 illi?
2567 4200 2792 4254 Constat
2812 4197 3026 4268 quidem
3055 4198 3303 4267 quoniam
3332 4199 3401 4254 oh
3433 4199 3535 4254 hoc

1943 4304 2194 4364 operatur
2229 4292 2494 4356 Christus,
2563 4293 2634 4346 uti
2685 4293 2931 4346 universa
2975 4291 3084 4346 Deo
3133 4291 3399 4361 subjiciat;
3434 4294 3528 4349 sed

1943 4386 2028 4442 liiC
2057 4386 2148 4441 Dei
2178 4385 2495 4455 signiﬁcatio
2539 4385 2684 4439 nulla
2726 4393 2827 4438 est.
2859 4384 2976 4452 Quo
3018 4384 3176 4454 igitur
3216 4384 3534 4439 referimus?

1941 4479 2342 4549 intelligendum
2367 4477 2636 4546 quomodo
2659 4477 2913 4540 breviter,
2939 4485 2992 4530 et
3017 4493 3132 4543 :ipei
3150 4485 3200 4531 te
3226 4486 3402 4532 tamen
3430 4493 3528 4546 po-

239 4567 480 4639 Deiiique
507 4573 586 4626 sic
612 4571 856 4642 adjuiigit
884 4588 899 4624 .'
929 4571 1065 4626 unde
1115 4573 1264 4626 etiam
1322 4573 1602 4627 salutarem
1631 4570 1709 4644 (‘2)
1743 4587 1831 4626 ρας·
1859 4551 1909 4610 Ῑ)
1938 4572 2101 4626 suerit
2130 4573 2314 4625 Deum.
2341 4569 2472 4624 Nam
2505 4585 2624 4624 cum
2655 4569 2788 4623 dixit
2835 4571 2976 4639 quod
3027 4570 3273 4624 Christus
3299 4611 3312 4634 ,
3369 4586 3528 4638 quem

246 4675 505 4730 pectanms
538 4663 812 4718 Dominum
845 4674 1071 4719 nostrum
1108 4664 1286 4718 Jcsum
1327 4663 1602 4719 Christum.
1650 4663 1721 4719 Ut
1777 4672 1832 4718 et

246 4753 372 4808 inde
403 4757 640 4822 venerit,
667 4757 867 4811 ctinde
911 4765 1169 4811 venturus
1214 4757 1301 4809 sit.
1355 4757 1564 4811 Etenim
1613 4756 1656 4809 si
1709 4754 1830 4810 inde

238 4854 500 4901 venturus
528 4855 612 4902 est
635 4890 648 4913 ,
676 4859 730 4904 et
751 4854 878 4903 ante
903 4848 1025 4903 inde
1047 4849 1209 4903 venit.
1236 4849 1334 4916 Qui
1361 4849 1502 4903 enim
1536 4847 1778 4902 ascendit
1810 4889 1824 4913 ,

235 4938 353 5010 ipse
376 4945 459 4993 est
484 4947 538 4993 et.
564 4940 653 5009 qui
681 4940 977 4995 descendit.
1023 4940 1160 5010 Ergo
1187 4956 1284 4995 nos
1311 4943 1359 4994 in
1390 4941 1542 4996 (uelis
1569 4941 1829 4995 habemus

233 5034 697 5090 conversationem
725 5077 739 5099 ,
765 5037 887 5104 quia
919 5035 1042 5088 inde.
1069 5041 1123 5088 et
1160 5033 1452 5088 Salutarem
1509 5045 1828 5103 expectamus

236 5126 516 5181 Dominum
537 5136 762 5180 nostrum
781 5126 957 5180 Iesum
975 5126 1256 5191 Christum,
1274 5126 1366 5195 qui
1386 5133 1638 5180 venturus
1658 5132 1743 5176 est
1762 5122 1827 5176 ad

231 5219 488 5291 judicium
520 5220 804 5288 postremis
829 5220 1195 5289 temporibus;
1227 5226 1282 5272 et
1301 5217 1404 5272 erit
1431 5216 1584 5271 nobis
1615 5215 1832 5269 Saluta-

233 5316 332 5382 ris,
357 5315 476 5385 quia
501 5316 552 5369 iu
585 5316 756 5383 ipsum
782 5315 1073 5377 credimus,
1093 5321 1147 5369 et
1163 5311 1432 5367 Christum
1457 5319 1823 5382 expectamus.

310 5407 475 5464 Vsus.
521 5407 612 5462 21.
641 5437 714 5448 -
756 5407 855 5474 Qui
879 5407 1256 5476 transﬁguravit
1297 5404 1372 5476 (5)
1401 5420 1583 5472 corpus
1624 5403 1828 5456 Immili-

236 5505 355 5558 tatis
404 5513 610 5568 nostrw,
663 5511 716 5556 ut
775 5503 839 5555 sit
887 5500 1339 5571 tequiformecuin
1403 5514 1612 5569 corpore
1650 5497 1832 5567 gloritc

308 5641 388 5714 (Ι)
415 5641 584 5697 Codd.
627 5642 714 5714 ad.

313 5713 394 5784 (‘2)
425 5713 582 5783 Vulg.
624 5713 968 5768 Salvatoreni.

308 5781 386 5858 (5)
417 5786 488 5841 ltii
518 5781 674 5840 Codd.
704 5785 821 5837 heic
853 5794 904 5837 et
933 5785 1064 5836 intra
1090 5825 1103 5844 ,
1136 5798 1240 5836 non
1274 5781 1677 5854 traiis/igurubit.

685 5875 1165 5939 ΡΑῐῃηι.)ΊΙ[

1938 4675 2314 4732 expectamus,
2342 4661 2741 4730 transﬁguravit
2792 4676 2988 4730 corpus
3034 4660 3353 4715 humilitatis
3403 4677 3530 4716 nos-

1938 4766 2066 4822 trw,
2098 4769 2154 4811 ut
2184 4759 2356 4828 ipsqu
2403 4771 2599 4824 corpus
2631 4755 2942 4808 humilitatis
2992 4766 3192 4809 nostra:
3240 4755 3310 4808 sit
3361 4755 3528 4824 tequi-

1936 4849 2110 4905 lorme
2152 4865 2272 4904 cuin
2322 4862 2550 4916 corpore
2602 4848 2788 4917 gloriae
2837 4848 3039 4915 ipsius;
3089 4847 3175 4902 hic,
3201 4857 3281 4902 est
3311 4848 3395 4903 ubi
3429 4848 3528 4904 Dei

1931 4943 2284 5011 intelligentia
2313 4940 2592 5007 accipitur,
2625 4941 2810 5008 etipse
2840 4940 3000 5006 Deus,
3023 4955 3142 4994 cum
3173 4940 3307 4994 dixit
3332 4955 3528 4995 secun-

2006 5061 2085 5134 (Ι)
2115 5061 2295 5127 Vulg,
2325 5061 2409 5123 qui
2441 5059 2734 5134 reformabit
2766 5076 2953 5134 corpus
2984 5061 3286 5113 humilitatis
3317 5072 3524 5126 nostrae,

1931 5136 2307 5203 conﬁguratum
2333 5133 2535 5198 corpori
2557 5133 2804 5184 claritatis
2843 5147 2977 5194 suae,
3021 5135 3299 5185 seiunctum
3345 5149 3528 5202 opera-

1933 5207 2115 5259 tionem
2133 5247 2148 5268 ,
2176 5222 2276 5274 qna
2295 5205 2445 5258 etiam
2477 5205 2633 5273 possit
2661 5204 2909 5269 subiicere
2930 5204 3024 5256 sibi
3056 5205 3246 5257 omnia.

2005 5277 2082 5344 (‘2)
2112 5276 2280 5329 tlodd.
2325 5279 2412 5328 (la.

2007 5350 2090 5421 (5)
2116 5347 2285 5402 Codd.
2313 5365 2422 5421 sps.
2459 5345 2617 5421 igitur
2650 5346 2727 5397 γρΙ
2755 5345 2940 5421 species
2971 5346 3052 5401 vel
3075 5348 3305 5417 spiritus.
3358 5345 3426 5398 At
3469 5345 3522 5399 iii

1935 5418 2279 5482 sequentibus
2310 5420 2446 5472 idem
2480 5418 2601 5471 cod.
2631 5418 2842 5486 species.

2010 5491 2090 5564 (’i)
2125 5490 2196 5544 Ita
2228 5507 2285 5544 se
2313 5489 2470 5564 habet
2499 5485 2907 5564 locus'iircodil.
2940 5488 3117 5558 Atque
3151 5485 3286 5564 haud
3317 5487 3430 5541 scio
3459 5504 3526 5564 an

1937 5559 2395 5632 sat'is'tlicologice
2429 5562 2672 5629 loquatur
2701 5559 3036 5632 Victorinus;
3091 5560 3184 5632 sed
3218 5569 3375 5632 certe
3427 5561 3528 5632 ob-

1938 5634 2192 5690 scuritate
2218 5628 2311 5687 sua
2339 5649 2395 5687 se
2419 5628 2667 5686 involvit.
2706 5631 2907 5686 llecole
2952 5629 3155 5683 Petavii
3199 5628 3396 5684 dictum
3422 5631 3528 5688 col.

1941 5707 2267 5768 1211,".2.

2016 5779 2092 5849 (ῗὶ)
2122 5777 2289 5832 C(idil.
2328 5789 2389 5830 cl.

2898 5866 2975 5926 39
