4018 6184
249 263 383 322 ιξξῡ

1146 264 1211 319 IN
1253 264 1641 323 EPISTOLAM
1684 259 1889 321 PAULI
1926 263 2018 319 AD
2059 264 2566 327 PIIILIPPENSES.

3401 277 3537 333 1250

307 382 445 449 Quid
487 382 631 438 enim
672 382 954 454 adjungit?
1000 382 1253 437 Dominus
1294 399 1454 455 prape
1490 392 1585 437 est.
1635 381 1821 451 Magna
1850 383 1902 443 Α
1938 381 2109 437 lectus
2141 384 2421 440 nobiscum
2452 396 2553 441 est.
2579 386 2679 454 Qui
2710 387 2852 441 enim
2875 387 3037 441 Deum
3068 388 3541 459 intelligit,omnia

244 474 541 529 exhortatio
563 487 920 543 magnumque
938 483 1264 545 pra-cepturi]
1291 486 1344 530 et
1374 490 1441 529 ex
1464 489 1591 530 vero
1609 483 1663 528 et
1687 488 1751 528 ex
1781 472 1836 527 vi

244 564 624 633 persuasionis.
657 561 789 620 Cum
811 565 952 619 enim
981 566 1090 632 jam
1123 566 1402 620 immineat
1426 564 1693 635 judicium
1721 604 1737 630 ,
1784 571 1841 618 et

244 656 357 710 linis
383 656 537 711 istius
560 657 679 712 vitae
704 658 953 713 omnibus
975 659 1249 724 adventet,
1272 673 1393 713 esse
1413 657 1566 712 nobis
1586 670 1838 726 propera-

242 750 310 803 tio
329 749 508 816 debet,
534 759 591 804 ut
610 758 665 803 et
681 749 834 804 bonis
848 749 1087 805 moribus
1104 765 1399 819 magnaque
1416 747 1677 805 modestia
1695 747 1840 800 viva-

244 856 357 894 lttllS
377 858 391 893 :
416 856 580 910 prope
596 841 736 896 enim
753 852 834 896 est
853 841 1104 909 judicium
1130 849 1288 910 atque
1309 839 1568 895 adventus
1602 835 1833 893 Domini.

312 932 475 989 Vsus.
522 934 575 988 6.
615 962 687 975 —-
726 933 876 987 Nihil
912 933 982 988 ad
1020 934 1419 988 sollicitudinem
1463 932 1706 1002 redigatis
1734 929 1836 1001 (l).

243 1026 295 1081 Id
339 1035 420 1081 est
460 1040 561 1080 nec
603 1040 787 1082 curam
819 1027 980 1082 vestri
1030 1024 1296 1089 habeatis,
1343 1041 1478 1080 neve
1525 1025 1591 1080 de
1640 1024 1840 1079 mundo

244 1110 628 1187 mundanisqu
656 1120 820 1173 rebus
842 1118 1091 1188 Cogitetis
1115 1124 1206 1171 aut
1230 1117 1443 1172 solliciti
1471 1117 1622 1173 sitis:
1657 1116 1837 1169 omnia

243 1212 382 1267 enim
431 1213 734 1268 necessaria
764 1211 936 1280 vobis,
976 1223 1029 1267 et
1074 1226 1220 1267 nunc
1253 1211 1304 1265 in
1340 1212 1443 1267 hoc
1488 1211 1613 1265 vita:
1639 1224 1839 1279 genere

241 1314 490 1373 procurat
532 1305 692 1370 Deus,
738 1313 793 1359 et
826 1304 1050 1359 meliora
1099 1304 1154 1360 in
1186 1303 1275 1357 illa
1326 1303 1430 1357 vita
1470 1319 1590 1373 qua:
1634 1311 1841 1356 aeterna

240 1405 342 1454 est.
388 1396 495 1453 Sed
536 1398 590 1451 in
640 1399 779 1452 omni
826 1400 1116 1466 precatione
1162 1407 1210 1452 et
1254 1398 1485 1452 oratione
1531 1413 1649 1451 cum
1705 1396 1839 1451 bona

241 1489 407 1558 gratia
430 1488 507 1560 (2)
532 1490 797 1560 petitiones
820 1502 1001 1545 vestrm
1028 1491 1342 1545 innotescunt
1366 1491 1511 1559 apud
1542 1489 1731 1544 Deum.
1768 1488 1838 1545 Ut

241 1583 415 1635 omnis
444 1583 582 1635 actio
595 1581 709 1652 jam
740 1579 1026 1637 Christiani
1057 1580 1229 1635 iidelis
1251 1592 1299 1636 et
1322 1581 1449 1636 boni
1478 1590 1531 1635 et
1564 1579 1787 1649 perfecu
1815 1620 1830 1643 ,

241 1673 450 1728 omissis
464 1674 714 1730 omnibus
742 1673 1189 1729 sollicitudinibus
1211 1673 1346 1745 (ipsa
1369 1682 1452 1728 est
1467 1675 1610 1728 enim
1635 1689 1838 1729 renun—

1940 475 2219 547 intelligit:
2273 494 2394 530 cum
2446 478 2610 532 Deum
2652 479 2921 549 iltlell‘git,
2963 479 3336 538 custodiuntur
3378 483 3544 539 corda

1939 566 2054 636 ejus
2075 569 2167 637 qui
2198 568 2466 640 intelligit.
2514 569 2541 623 Ι
2552 580 2650 625 tem
2679 588 2897 641 corpora
2939 584 3101 627 vestra
3150 575 3203 628 in
3230 572 3357 629 Iesu
3386 575 3541 630 Chri-

1937 669 2015 714 sto
2046 659 2146 732 (1).
2179 663 2316 718 Ecce
2341 672 2396 718 et
2426 664 2511 719 hic
2551 665 2870 733 signiﬁcatio
2901 677 2980 720 est
3009 667 3077 722 de
3109 667 3540 723 resurrectione:

1938 761 1994 806 et
2035 753 2138 808 hoc
2176 771 2390 825 quoque
2431 758 2709 826 przemium
2756 758 2988 828 positum
3039 760 3121 814 vel
3169 760 3545 817 adnuntiatum

1940 847 2022 900 his
2048 850 2135 917 qui
2173 847 2246 903 ita
2281 859 2492 920 rogant,
2532 860 2586 905 et
2617 853 2685 906 ita
2724 860 3009 921 precantur
3033 870 3154 908 eum
3188 855 3321 907 bona
3350 858 3543 925 gratia,

1941 950 1996 994 ut
2030 940 2263 995 habeant
2313 942 2403 997 Dei
2448 959 2655 1012 pacem,
2698 953 2751 999 et
2789 961 3014 1011 corpora
3059 949 3108 999 in
3137 945 3265 1001 Jesu
3307 946 3540 1001 Christo.

1943 1033 2076 1087 Dixit
2119 1034 2263 1088 enim
2295 1034 2361 1089 de
2390 1036 2552 1090 corde
2587 1079 2600 1102 ,
2634 1036 2702 1091 de
2732 1037 3036 1102 intellectu,
3066 1037 3207 1107 quod
3235 1039 3545 1093 custodien-

1944 1134 2031 1179 tur
2060 1141 2177 1179 cum
2205 1142 2307 1198 pax
2340 1128 2461 1181 data
2505 1137 2587 1183 est
2618 1147 2630 1182 :
2679 1144 2820 1184 nunc
2849 1130 2916 1185 de
2963 1132 3091 1198 ipsis
3131 1130 3259 1195 illis,
3293 1132 3343 1185 id
3370 1142 3455 1186 est
3478 1131 3548 1187 de

1939 1233 2167 1289 corpore
2207 1221 2275 1275 de
2325 1220 2525 1285 anima;
2572 1237 2811 1290 corpora,
2864 1223 3058 1292 inquit,
3106 1232 3270 1276 vestra
3323 1226 3377 1276 in
3418 1222 3548 1278 Jesn

1941 1307 2182 1365 Christo:
2227 1311 2472 1383 inipsins
2496 1313 2640 1367 enim
2680 1314 2962 1383 majestate
3004 1324 3061 1368 et
3090 1314 3289 1368 virtute
3318 1328 3547 1384 corpora

1943 1412 2123 1458 nostra
2153 1414 2300 1468 sunt,
2329 1420 2450 1475 quae
2480 1420 2602 1459 cum
2627 1406 2745 1475 ejus
2775 1406 3006 1461 adventu
3059 1416 3361 1477 rcsurgent,
3398 1407 3541 1463 revi-

1941 1496 2164 1564 viscent,
2200 1501 2387 1552 merita
2410 1499 2674 1570 accipient
2698 1518 2710 1552 :
2734 1515 2852 1569 qua:
2877 1501 3056 1554 omnia
3098 1509 3257 1555 erunt
3285 1500 3440 1556 nobis
3460 1500 3545 1556 in-

1943 1600 2109 1660 tcgra,
2165 1592 2207 1643 si
2254 1591 2343 1645 illa
2382 1602 2649 1662 praecepta
2682 1607 2979 1656 servemus,
3025 1595 3076 1646 in
3117 1592 3334 1648 Christo
3381 1609 3549 1649 uiuum

1940 1684 2258 1751 sentientes,
2309 1684 2631 1754 gaudentes,
2685 1686 2937 1753 modesti,
2987 1687 3119 1741 nihil
3172 1687 3551 1744 sollicitudinis

242 1765 411 1834 tiatio)
440 1766 685 1833 precibus
714 1756 873 1821 vacet
892 1776 944 1819 et
972 1767 1223 1820 orationi.
1251 1764 1445 1821 Preces
1470 1775 1617 1831 sum.
1648 1780 1838 1836 rogare
1873 1766 1913 1824 Β
1945 1778 2228 1844 habentes;
2273 1778 2326 1832 in
2359 1780 2504 1834 omni
2536 1780 2845 1851 precatione
2870 1789 2926 1835 et
2956 1782 3227 1847 oratione,
3260 1797 3379 1837 cum
3408 1782 3550 1837 bona

241 1857 520 1912 Dominum
555 1875 567 1911 :
608 1859 784 1933 oratio
809 1868 892 1913 est
921 1870 974 1914 et
1016 1859 1165 1930 loqui
1189 1874 1311 1914 cum
1348 1873 1504 1928 rogas
1557 1876 1570 1912 :
1613 1858 1726 1924 ipsa
1754 1868 1841 1913 est

239 1952 379 2003 enim
406 1951 577 2005 oratio
601 1990 616 2011 ,
648 1965 837 2019 preces
862 1967 983 2005 eum
1015 1951 1279 2005 oratione.
1338 1950 1445 2006 Sed
1474 1965 1593 2018 qua:
1625 1949 1711 2003 illa
1735 1950 1840 2005 erit

242 2043 414 2095 oratio
441 2043 465 2096 ?
498 2041 699 2110 aliquid
730 2055 917 2112 petens
945 2084 961 2108 ,
994 2058 1060 2096 an
1086 2043 1216 2096 nihil
1243 2043 1265 2096 'l
1295 2041 1432 2109 Quid
1457 2052 1541 2096 est
1575 2041 1716 2110 quod
1751 2057 1839 2109 pc-

244 2145 319 2191 tat
347 2136 437 2191 ille
460 2177 475 2200 ,
518 2137 604 2206 qui
632 2136 739 2206 jam
771 2136 945 2191 tidelis
979 2134 1204 2190 ell‘eetus
1234 2136 1398 2190 Deum
1430 2143 1581 2202 rugat
1609 2134 1632 2187 ?
1667 2133 1840 2201 Quam

246 2231 407 2301 igitur
435 2230 648 2285 habebit
671 2232 968 2285 orationem
999 2241 1086 2284 aut
1114 2231 1460 2300 petitionem,
1493 2229 1690 2299 quippe
1716 2244 1840 2283 cum

248 2324 641 2379 renuntiaverit
700 2324 947 2379 omnibus
1000 2322 1326 2379 mundanis?
1371 2320 1488 2391 Ipse
1527 2320 1734 2374 monuit
1788 2330 1846 2375 ut

254 2432 472 2471 oremus
497 2426 551 2470 et
603 2431 889 2485 precentur
936 2430 1057 2470 cum
1085 2415 1226 2471 bona
1258 2413 1461 2483 gratia;
1513 2419 1570 2467 ut
1598 2412 1844 2467 omnibus

254 2510 407 2563 nobis
432 2510 606 2563 oratio
638 2510 690 2563 in
722 2509 972 2580 precibus
999 2509 1290 2579 gratiarum
1308 2506 1450 2561 actio
1477 2505 1545 2560 sit
1578 2547 1593 2572 ,
1640 2513 1695 2557 ut
1718 2518 1846 2575 gra-

253 2603 351 2656 tias
376 2617 638 2675 agamus;
695 2602 837 2671 quod
889 2599 1165 2657 consecuti
1195 2611 1397 2655 tantum
1447 2599 1646 2653 donum
1676 2639 1692 2663 ,
1750 2598 1846 2653 Dei

249 2697 447 2767 pietate
470 2739 485 2763 ,
513 2696 700 2750 simus.
734 2695 847 2750 Hoc
869 2694 1013 2750 enim
1043 2696 1118 2748 ait
1158 2711 1275 2747 cum
1301 2692 1439 2747 bona
1463 2693 1649 2763 gratia.
1702 2689 1848 2744 Bona

251 2800 427 2841 autem
451 2786 686 2858 adjecit,
743 2802 814 2843 ne
849 2787 1001 2841 inviti
1026 2785 1283 2841 faciamus
1308 2826 1324 2849 ,
1382 2784 1477 2840 sed
1501 2799 1629 2838 vere
1647 2783 1848 2853 gratias

251 2895 474 2951 agamus
499 2923 516 2947 ,
563 2890 619 2936 et
642 2882 808 2937 bonas
833 2882 1034 2951 gratias
1076 2880 1273 2935 deinde
1292 2878 1556 2949 adjunxit.
1582 2878 1847 2946 Quoniam

254 2976 427 3029 oratio
448 2985 531 3030 est
562 2978 611 3028 in
638 2973 886 3043 precibus
916 3014 931 3038 ,
974 2989 1098 3044 qua:
1130 2980 1305 3042 potest
1330 2986 1450 3026 esse
1468 2974 1535 3025 de
1564 2970 1700 3025 bona
1729 2986 1850 3040 gra-

259 3070 330 3123 tia
359 3109 374 3135 ,
405 3077 583 3139 potest
605 3068 671 3122 de
689 3067 967 3136 petitione.
988 3068 1163 3136 Supra
1184 3082 1304 3120 cum
1326 3066 1554 3122 dixisset
1582 3081 1697 3119 cum
1718 3066 1852 3119 bona

1942 1870 2133 1939 gratia,
2160 1870 2446 1939 petitiones
2466 1881 2677 1927 nostras
2695 1886 2861 1942 penes
2890 1873 3058 1928 Deum
3086 1884 3237 1927 notas
3262 1872 3541 1928 facientes.

2020 1962 2184 2017 Vens.
2216 1963 2273 2028 8,
2295 1963 2350 2019 9.
2381 1994 2452 2004 -
2480 1962 2557 2018 De
2577 1974 2778 2029 cretei-0,
2802 1969 3007 2036 fratres,
3032 1981 3359 2037 qutecumque
3375 1969 3545 2038 justa,

1945 2070 2273 2122 qnmcnmque
2298 2067 2504 2123 sancta,
2552 2072 2882 2127 quacumque
2904 2058 3147 2112 amabilia
3174 2101 3188 2123 ,
3219 2073 3550 2127 quacumque

1948 2149 2092 2202 bona:
2117 2147 2289 2217 fanue,
2316 2149 2361 2203 si
2405 2165 2506 2218 qua
2539 2149 2717 2215 virtus,
2747 2150 2792 2203 si
2836 2166 2937 2219 qua
2982 2150 3118 2211 laus,
3160 2150 3266 2204 haec
3292 2151 3508 2221 cogitate
3533 2165 3555 2213 ι

1948 2256 2060 2310 qua:
2083 2250 2131 2295 et
2157 2240 2404 2296 didicistis
2433 2284 2448 2307 ,
2477 2251 2522 2295 et
2542 2241 2812 2310 accepistis
2830 2282 2845 2305 ,
2877 2251 2922 2295 et
2949 2242 3167 2295 audistis
3188 2243 3338 2295 etiam
3359 2242 3413 2295 in
3434 2258 3547 2306 me;

1950 2334 2060 2386 [nec
2087 2334 2253 2403 agite,
2271 2345 2320 2387 et
2348 2331 2489 2388 Deus
2510 2333 2649 2403 pacis
2670 2332 2765 2387 erit
2787 2331 3043 2387 vobiscum
3076 2330 3180 2403 (Ξ).
3213 2332 3401 2386 Docuit
3429 2347 3553 2398 pre-

1949 2442 2042 2483 ces
2071 2428 2259 2498 quales
2300 2426 2596 2483 habeamus
2625 2468 2640 2493 ,
2692 2426 2742 2480 id
2771 2434 2855 2480 est
2897 2441 3019 2481 cum
3050 2426 3189 2480 bona
3218 2425 3388 2495 gratia
3420 2424 3550 2480 item

1948 2520 2398 2591 quemadmodum
2434 2519 2759 2589 petitiones:
2807 2517 3003 2574 deinde
3051 2532 3170 2588 quae
3202 2533 3324 2587 pax,
3369 2516 3423 2572 id
3468 2524 3554 2572 est

1951 2614 2091 2683 quod
2123 2611 2442 2669 beneﬁcium
2473 2628 2502 2665 a
2532 2612 2642 2665 Deo
2670 2612 2825 2665 nobis
2852 2609 3049 2673 detur;
3079 2610 3156 2664 sic
3175 2607 3460 2679 agendum,
3496 2616 3553 2661 et

1952 2704 2249 2777 rogandum
2300 2716 2354 2758 ut
2383 2704 2719 2759 custodiatur
2758 2704 3061 2758 intellectus
3093 2714 3277 2757 noSIer
3302 2711 3358 2756 et
3382 2701 3548 2756 corda

1953 2807 2135 2852 nostra
2155 2839 2169 2861 ,
2198 2806 2252 2850 ct
2281 2798 2389 2850 sint
2419 2801 2596 2851 omnia
2625 2810 2850 2865 corpora
2884 2804 3066 2849 nostra
3093 2794 3378 2848 inChristo
3395 2792 3547 2848 Jcsu.

1954 2890 2080 2944 Hasc
2118 2904 2239 2944 cum
2269 2890 2340 2943 ita
2366 2889 2495 2955 sint,
2528 2888 2598 2943 de
2645 2896 2843 2942 ctetero
2867 2928 2881 2951 ,
2922 2887 3112 2957 inquit,
3161 2884 3377 2952 fratres,
3432 2885 3549 2940 haec

1953 2982 2205 3052 cogitate.
2237 2980 2373 3048 Quid
2415 2990 2497 3035 est
2523 2980 2589 3033 de
2616 2979 2861 3034 czetero?
2897 2984 3179 3049 postquam
3213 2978 3439 3032 correcti
3461 2991 3555 3032 es—

1959 3076 2031 3129 tis
2066 3118 2078 3137 .
2127 3075 2336 3130 sublata
2356 3074 2464 3144 jam
2496 3074 2641 3128 omni
2679 3071 2949 3127 discordia
2970 3081 3026 3125 et
3050 3080 3233 3124 errato
3258 3111 3271 3135 ,
3301 3069 3556 3139 quoniam

251 3161 421 3232 gratia
445 3201 462 3227 ,
489 3158 729 3228 adjunxit
760 3160 1061 3227 petitiones,
1090 3157 1292 3228 inquit,
1324 3168 1514 3212 nostra:
1541 3158 1854 3210 innotescunt
1881 3153 1926 3216 C
1961 3182 2123 3221 unum
2149 3165 2362 3222 semitis
2395 3183 2410 3230 ς
2450 3165 2520 3220 de
2559 3173 2758 3219 car-tero
2798 3164 2877 3218 sic
2916 3163 3114 3217 sentite
3147 3180 3161 3214 :
3200 3176 3558 3232 quaecumque

252 3270 402 3327 penes
438 3252 625 3306 Deum.
658 3250 822 3322 Cujus
871 3250 950 3323 (5)
999 3262 1176 3305 autem
1228 3266 1334 3305 non
1372 3259 1454 3304 est
1496 3248 1745 3305 honesta?
1783 3247 1855 3301 Et

253 3346 491 3403 etelestia
546 3345 663 3413 ipsa
712 3343 798 3396 illa
855 3359 973 3413 qua:
1024 3341 1403 3411 promittuntur
1452 3349 1597 3410 petat
1642 3349 1700 3393 ut
1750 3339 1851 3392 im-

256 3441 522 3510 pleantur.
555 3436 658 3506 Qui
690 3435 824 3507 petit
854 3477 871 3503 ,
910 3436 1094 3504 utique
1126 3434 1246 3489 talia
1270 3434 1398 3505 petit
1446 3431 1689 3503 qutejam
1720 3430 1851 3485 lide-

262 3534 367 3587 lem
410 3542 591 3601 petere
617 3530 819 3600 justum
848 3540 949 3583 est.
976 3527 1092 3597 Ipsa
1116 3527 1261 3582 enim
1286 3541 1404 3581 cum
1430 3527 1727 3597 cogitamus
1758 3538 1852 3595 pe-

257 3625 413 3679 tenda
441 3666 456 3691 ,
489 3639 609 3693 ιιιιιι)
633 3624 877 3677 volumus
900 3622 1236 3675 innotescere
1256 3634 1424 3690 penes
1449 3619 1641 3686 Deum,
1666 3631 1857 3672 neces-

254 3720 400 3773 sario
424 3716 549 3771 talia
578 3726 705 3770 sunt
735 3730 853 3785 qua:
884 3714 1206 3769 cenveniant
1235 3712 1379 3767 ﬁdeli
1421 3712 1580 3765 etiam
1610 3708 1856 3766 caelestia

254 3810 495 3880 Speranti
521 3818 576 3863 et
600 3809 785 3861 divina
812 3805 1013 3861 omnia.
1053 3804 1202 3867 Haec,
1238 3804 1427 3874 inquit,
1450 3803 1502 3858 id
1534 3812 1617 3857 est
1642 3801 1850 3873 petitio—

250 3919 355 3961 nes
380 3912 575 3958 vestra:
604 3902 948 3956 innotescant
968 3913 1136 3971 penes
1165 3900 1354 3952 Deum.

328 3998 493 4052 Vens.
518 3996 572 4050 7.
601 4026 672 4034 —
700 3994 763 4047 Et
791 4010 893 4066 pax
906 3992 999 4047 Dei
1018 4007 1132 4063 quce
1150 3991 1297 4044 habet
1314 3988 1392 4061 (4)
1409 4005 1608 4043 omnem
1629 3987 1860 4042 intellec-

250 4104 360 4149 tum
385 4089 753 4164 (5),custodiat
773 4087 932 4142 corda
959 4096 1143 4139 vestra.
1164 4084 1275 4138 lloc
1294 4082 1567 4152 pracmium
1583 4080 1680 4134 erit
1713 4078 1758 4132 si
1790 4083 1860 4132 ita

248 4201 560 4259 prcceuwr,
582 4185 653 4238 ita
666 4194 904 4247 oremus,
923 4187 983 4234 ut
993 4192 1114 4234 cum
1128 4176 1266 4232 bona
1279 4174 1450 4246 gratia
1470 4186 1707 4236 oremus;
1724 4179 1777 4224 et
1790 4169 1861 4224 ita

250 4280 545 4352 petitiones
571 4277 886 4339 habeamus,
918 4282 978 4327 ut
997 4273 1336 4327 innotescant
1348 4282 1521 4341 penes
1544 4267 1730 4322 Deum.
1752 4263 1866 4318 Hoc

250 4377 325 4430 ita
342 4384 447 4441 est,
470 4374 593 4436 erit,
612 4371 803 4441 inquit,
836 4382 940 4439 pax
963 4366 1053 4421 Dei
1080 4380 1200 4436 qua:
1219 4363 1469 4419 custodiat
1492 4360 1648 4417 corda
1670 4366 1866 4429 vestra;

247 4485 375 4540 quae
400 4484 502 4536 pax
536 4465 626 4520 Dei
658 4462 806 4518 habet
829 4476 1030 4515 omnem
1046 4458 1381 4513 intellectum.
1416 4456 1774 4512 Vehementer
1813 4461 1869 4506 et

1958 3262 2069 3316 sint
2095 3276 2220 3315 vera
2255 3301 2271 3326 ,
2307 3259 2421 3313 lucc
2469 3257 2744 3326 accipiatis
2780 3268 2836 3311 et
2874 3256 3143 3325 cogitetis.
3191 3254 3324 3321 Quae
3377 3263 3559 3309 autem

1956 3354 2043 3408 illa
2066 3367 2193 3408 vera
2225 3362 2352 3405 sunt
2375 3351 2398 3404 ?
2424 3366 2548 3420 qua:
2578 3350 2630 3404 in
2659 3349 2938 3418 evangelio
2963 3356 3232 3418 ponuntur
3258 3387 3275 3413 ,
3306 3344 3557 3402 Christus

1956 3444 2114 3501 Iesus
2166 3443 2258 3497 Dei
2312 3441 2478 3496 Filius
2510 3482 2524 3505 ,
2578 3449 2635 3494 et
2687 3448 2881 3494 caetera
2945 3452 3065 3509 quae
3113 3452 3258 3507 saepe
3300 3435 3559 3492 diximus.

1957 3537 2089 3591 Cum
2118 3546 2296 3591 autem
2330 3549 2457 3589 vera
2483 3532 2752 3602 cegitatis,
2800 3540 3100 3601 sequuntur
3130 3540 3188 3585 ut
3206 3538 3354 3585 casta
3404 3529 3516 3583 sint
3545 3546 3561 3584 :

1962 3645 2067 3682 non
2097 3629 2241 3684 enim
2298 3626 2662 3694 corrumpitur
2708 3623 2852 3693 quod
2885 3638 3068 3678 verum
3098 3632 3180 3678 est
3211 3638 3226 3676 :
3278 3620 3383 3676 hoc
3411 3621 3560 3683 enim

1960 3734 2165 3777 castum
2220 3730 2349 3776 est:
2399 3720 2538 3789 quod
2589 3734 2698 3772 non
2744 3717 3157 3787 corrumpitur,
3216 3729 3405 3769 verum
3456 3723 3561 3769 est.

1962 3816 2164 3871 Deinde
2188 3830 2309 3885 quae
2337 3828 2467 3870 vere
2491 3821 2636 3866 casta
2666 3821 2821 3873 sunt,
2850 3810 2967 3863 haec
2988 3820 3045 3862 et
3069 3809 3209 3876 iusta
3240 3816 3392 3862 sunt:
3403 3806 3565 3877 justi-

1962 3910 2191 3964 ﬁeantnr
2221 3907 2363 3962 enim
2391 3904 2820 3960 sanctiﬁcatione
2837 3918 2868 3955 a
2891 3900 3228 3957 Deo.0mnia
3248 3914 3368 3969 quae
3390 3899 3558 3968 justa,

1960 4020 2084 4073 quae
2110 4011 2277 4070 easta,
2309 4017 2428 4071 qua:
2458 4013 2584 4054 vera
2631 4006 2776 4061 sunt,
2822 4010 2942 4065 qtun
2987 4003 3169 4049 sancta
3198 4000 3322 4046 sunt
3348 3990 3460 4060 jam
3504 3998 3563 4047 et

1965 4096 2213 4153 amabilia
2244 4138 2259 4161 ,
2315 4094 2425 4165 jam
2455 4102 2509 4147 et
2539 4093 2693 4146 boote
2722 4091 2897 4143 inmte.
2948 4086 3081 4154 Quis
3131 4083 3275 4141 enim
3315 4092 3562 4139 sanctum

1968 4210 2073 4249 non
2107 4202 2250 4247 amet
2277 4192 2300 4245 ?
2327 4190 2445 4260 quis
2476 4205 2581 4244 non
2605 4187 2744 4242 bene
2773 4186 2840 4241 de
2861 4200 2927 4240 eo
2955 4185 3196 4253 loquatur
3233 4195 3295 4236 ac
3326 4179 3564 4236 sentiat?

1970 4285 2096 4339 ιιωο
2124 4297 2275 4353 ergo.
2310 4280 2502 4350 inquit,
2535 4279 2769 4346 cogitate
2792 4292 2912 4347 quae
2943 4275 3007 4329 ad
3031 4275 3228 4329 bonam
3259 4271 3567 4343 pertineant

1971 4377 2162 4432 famam
2196 4392 2208 4428 :
2241 4375 2421 4444 utique
2448 4370 2695 4427 amabilia
2723 4369 2850 4433 sint,
2880 4375 2937 4422 et
2956 4366 3192 4421 habeant
3218 4364 3563 4429 charitatem,

1973 4484 2147 4539 neque
2197 4468 2430 4522 habeant
2480 4462 2828 4519 discordiam.
2879 4460 3053 4514 Omne
3088 4457 3233 4513 enim
3290 4454 3563 4521 amabile,

252 4570 411 4617 acute
424 4560 528 4615 hoc
545 4559 775 4631 positum
799 4571 813 4607 :
835 4553 1034 4610 etenim
1054 4568 1173 4607 cum
1194 4567 1296 4622 pax
1312 4550 1406 4606 Dei
1435 4547 1641 4603 venerit
1662 4547 1712 4601 in
1739 4559 1861 4613 nos,
1886 4543 1943 4604 D
1968 4560 2310 4617 concordiam
2340 4558 2502 4612 habet
2527 4576 2540 4609 ;
2602 4556 2729 4611 item
2758 4569 2876 4624 qua:
2903 4552 3059 4606 bonae
3079 4549 3236 4606 fama:
3267 4555 3394 4602 sunt
3410 4590 3426 4613 ,
3455 4560 3565 4603 non

260 4654 427 4708 Deum
449 4652 839 4721 intelligemus:
868 4646 1000 4701 nihil
1030 4645 1326 4707 dissonum,
1360 4641 1492 4696 nihil
1521 4641 1854 4710 discrepans,

254 4746 391 4803 nihil
422 4761 517 4814 per
549 4750 860 4813 argumenta
908 4738 1217 4809 litigiosum,
1270 4733 1403 4789 nihil
1456 4733 1595 4805 quod
1639 4734 1862 4803 recipiat

252 4838 631 4911 qumstionem,
692 4847 750 4888 ut
799 4831 954 4888 nobis
998 4829 1233 4900 contingi
1286 4829 1337 4882 in
1384 4825 1708 4882 mundanis:
1763 4825 1857 4881 sed

257 4934 332 4988 ita
362 4940 544 4999 aperta
572 4927 747 4981 omnia
778 4934 923 4989 sunt,
949 4937 1068 4977 cum
1102 4936 1285 4991 pacem
1317 4920 1410 4973 Dei
1451 4919 1739 4975 habeamus
1786 4917 1861 4970 uti

252 5026 436 5083 cuntis
481 5022 781 5077 intellectus
826 5018 1107 5074 nobiscum
1153 5015 1250 5069 sit:
1286 5014 1430 5083 pacis
1461 5013 1603 5067 enim
1632 5022 1713 5067 est
1746 5011 1859 5082 jam

258 5118 563 5191 quiescere,
603 5115 712 5183 jam
752 5111 1094 5167 securitatem
1143 5106 1363 5162 habere.
1390 5104 1563 5172 Quum
1594 5102 1672 5175 (6)
1720 5103 1858 5158 Deus

262 5226 449 5283 pacem
481 5206 765 5262 committit
791 5203 1043 5259 cordibus
1072 5201 1299 5264 nostris,
1333 5199 1443 5268 jam
1475 5197 1648 5252 omnis
1693 5197 1854 5252 intel-

340 5347 423 5419 (Ι)
449 5343 611 5419 _V_nlg.
1050 5336 1203 5419 sitim.
1388 5418 1391 5419 ν
1503 5404 1515 5419 ⁸
1679 5404 1710 5419 ﬂ

338 5404 418 5492 (ΞΣ
449 5404 602 5492 Vati.
629 5412 734 5467 Sed
874 5408 1016 5463 omni
1071 5406 1303 5462 oratione
1349 5418 1397 5461 et
1466 5404 1807 5460 obsecratione
1832 5441 1849 5468 ,

262 5482 938 5564 cuni'grlatinrumactione.
1006 5554 1017 5564 .
1173 5550 1183 5564 I
1288 5549 1298 5560 _
1606 5546 1616 5556 _

398 5545 428 5699 ξ’
444 5552 910 5682 ῗίοσὲ.ᾱτιῖιιιιιειίοι·
930 5554 1078 5624 cujus
1102 5550 1185 5602 vel
1211 5549 1365 5620 quis;
1406 5547 1499 5603 alii
1529 5545 1674 5617 quid.

472 5640 520 5682 ta
582 5641 614 5681 o
657 5651 671 5680 ι
696 5666 708 5677 .

377 5640 416 5685 il
449 5640 708 5682 IltlUOth.

451 5699 633 5774 “diu
658 5696 848 5765 Et?“
868 5694 963 5748 υθέ
986 5708 1106 5764 9⁸η
1124 5699 1396 5763 mea!
1414 5704 1615 5745 οιηιιιιιι
1634 5701 1857 5743 sensum.

451 5770 621 5829 Codd.
647 5784 825 5840 quam.

1966 4656 2164 4711 habent
2194 4652 2446 4708 invidiam
2475 4659 2524 4703 et
2558 4648 2612 4701 in
2637 4642 2925 4700 concordia
2948 4651 3091 4697 sunt.
3120 4639 3203 4695 Ex
3227 4637 3420 4709 quibus
3443 4651 3563 4693 om-

1958 4751 2123 4806 nibus
2145 4747 2423 4818 superiora
2448 4742 2514 4796 ad
2552 4741 2722 4808 ipsam
2752 4751 2936 4791 veram
2968 4735 3220 4789 virtutem
3245 4733 3511 4801 pertinent
3538 4768 3559 4797 ,

1964 4842 2265 4914 posteriora
2330 4836 2395 4892 ad
2444 4834 2676 4889 fructum
2736 4828 2964 4883 virtutis.
3032 4824 3164 4880 Nam
3214 4823 3425 4879 virtutis
3474 4831 3562 4879 est;

1965 4949 2150 4992 amare
2170 4948 2318 4998 vera,
2336 4940 2503 4995 casta,
2524 4927 2686 4996 iusta,
2703 4932 2908 4986 sancta,
2929 4920 3154 4975 Fructus
3173 4917 3380 4973 virtutis
3400 4930 3558 4971 ama-

1969 5028 2092 5082 bilia
2124 5034 2179 5081 et
2207 5033 2360 5081 bonae
2378 5020 2557 5075 famae.
2590 5017 2797 5072 Idcirco
2820 5011 2927 5068 dno
2953 5015 3052 5069 ista
3085 5012 3261 5081 posuit
3287 5024 3405 5078 qua:
3429 5009 3561 5064 sub:

1962 5122 2148 5194 junxit
2178 5137 2194 5175 :
2225 5119 2268 5173 si
2299 5133 2400 5189 qua
2421 5117 2594 5172 virtus
2624 5157 2637 5177 ,
2686 5113 2731 5169 si
2763 5128 2863 5182 qua
2895 5112 3030 5166 laus.
3063 5109 3181 5163 Vim
3212 5122 3394 5162 rerum
3431 5105 3558 5161 dili-

1965 5223 2156 5286 genter
2172 5210 2421 5267 attendit.
2452 5208 2665 5264 Etemm
2690 5221 2814 5261 cum
2836 5204 3011 5276 gratia
3040 5201 3133 5257 Dei
3162 5201 3293 5255 ﬁant
3318 5197 3504 5254 omnia
3532 5211 3552 5264 ;

2030 5397 2107 5468 (l)
2134 5396 2369 5468 vulgat.)
2392 5404 2436 5447 et
2469 5392 2829 5468 intelligentiae
2865 5398 3056 5444 vestras
3092 5386 3145 5440 in
3173 5382 3382 5468 Christo
3400 5378 3552 5468 desit.

2028 5463 2110 5535 (ἲ)
2136 5463 2287 5535 Vulg.
2323 5465 2397 5519 De
2427 5473 2626 5527 cwtero,
2654 5467 2837 5533 fratres
2860 5501 2874 5524 ,
2905 5470 3236 5535 quaecumque
3264 5463 3382 5506 sunt
3401 5465 3554 5516 vera,

1957 5533 2285 5612 quaecumque
2346 5536 2534 5607 pudica
2559 5577 2572 5601 ,
2625 5547 2955 5612 quotcumque
2983 5533 3131 5602 justo
3155 5567 3170 5587 .
3216 5537 3557 5612 ‘qntzcumqne

1961 5593 2138 5667 iuncta
2160 5651 2177 5672 .
2199 5593 2527 5679 limitmque
2546 5593 2787 5679 cintitbilia
2812 5644 2831 5679 _,
2866 5593 3193 5679 iniciamque
3211 5595 3360 5679 honre
3372 5593 3555 5679 [ιιιιιιιιἓ

1962 5684 2005 5737 si
2025 5698 2125 5748 qua
2150 5669 2308 5734 uirtus
2340 5720 2351 5739 ,
2382 5679 2423 5732 si
2443 5669 2543 5745 qua
2565 5680 2674 5748 laus
2697 5672 2981 5748 disciplinae
3005 5712 3025 5748 ,_
3048 5669 3155 5722 haec
3178 5669 3423 5748 cogitate;
3444 5677 3560 5733 queo

1967 5764 2011 5809 et
2034 5742 2165 5820 did,
2186 5762 2231 5805 et
2249 5742 2524 5820 accep.,'et
2551 5746 2699 5812 and,
2722 5754 2771 5799 et
2792 5742 2986 5798 vidistis
3009 5742 3061 5795 in
3088 5754 3170 5794 me
3194 5779 3208 5805 ,
3233 5747 3335 5792 ctc.
