4018 6184
595 246 723 300 123!

1840 238 2033 297 MAR"
2079 237 2418 294 VlC'l‘OlilNl
2457 237 2618 293 AFlil

3652 250 3736 305 ἱξιέ

592 361 712 430 ipse
739 359 880 413 enim
908 373 1001 425 per
1047 356 1293 424 spiritum
1326 369 1480 408 suum
1528 355 1752 409 missum
1802 354 1854 408 in
1886 368 1984 406 nos
2013 362 2064 406 ct
2093 367 2190 422 gu-
2217 354 2269 412 Α
2296 361 2502 418 propter
2520 351 2803 422 penuriam.
2832 348 2947 403 Non
2975 351 3116 404 cnim
3141 348 3281 419 quod
3306 349 3416 404 volo
3436 351 3499 422 (l)
3518 369 3591 422 pro
3613 373 3744 414 mesa-

592 450 784 506 bernat
812 449 888 518 (Ι)
911 457 963 500 ct
992 449 1124 514 regit
1157 489 1171 512 ,
1225 453 1282 499 ut
1309 446 1440 500 nihil
1469 447 1520 498 in
1553 447 1707 499 nobis
1737 445 1825 508 sit;
1879 445 1948 497 ita
1977 443 2051 496 ait
2079 485 2090 502 ,
2142 441 2186 494 si

597 558 702 611 qua
744 545 929 594 virtus.
973 539 1042 594 Et
1071 554 1256 593 rursus
1289 538 1333 592 si
1361 540 1528 592 virtus
1561 580 1575 601 ,
1624 553 1742 607 qure
1793 537 1842 590 in
1875 536 2029 590 nobis
2060 545 2143 589 est
2172 576 2186 600 ,

593 649 700 689 non
719 649 783 687 ex
805 632 957 688 nobis
995 641 1097 697 est,
1123 632 1218 686 sed
1249 648 1314 687 ex
1347 631 1476 698 Deo,
1506 648 1571 685 ne
1596 632 1710 685 laus
1731 631 1944 700 quidem
1975 637 2186 684 nostra:

595 737 652 782 et
680 727 879 781 idcirco
898 768 914 793 ,
944 727 988 780 si
1015 742 1114 791 qua
1136 725 1268 778 laus.
1293 723 1670 779 Verumtamen
1699 724 1951 793 quoniam
1983 721 2192 775 videtur

596 820 680 875 vel
709 820 880 874 virtus
909 830 1090 872 nostra
1118 860 1133 884 ,
1169 817 1250 872 vel
1271 818 1387 872 laus
1430 834 1444 881 ;
1470 817 1610 871 unde
1632 816 1772 870 dixit
1802 816 1871 870 ibi
1901 814 1981 887 (at)
2011 856 2026 881 ,
2059 815 2188 879 haec,

599 912 809 980 inquit,
861 912 1034 965 omnia
1085 910 1321 981 cogitate.
1384 909 1580 980 Utique
1605 924 1724 979 qua:
1752 908 1841 961 illa
1871 907 2034 960 sunt?
2072 919 2192 974 qua:

592 1004 877 1068 didicisxis,
903 1019 990 1058 me
1021 1002 1226 1057 scilicet
1253 1002 1500 1065 docente,
1525 1013 1578 1056 et
1605 999 1912 1071 accepiStis,
1931 1008 1985 1052 et
2011 997 2191 1051 audis-

598 1097 667 1150 tis
701 1139 714 1162 ,
757 1106 812 1152 et
855 1095 1064 1150 vidistis
1093 1096 1144 1149 in
1177 1110 1282 1149 me.
1308 1094 1610 1148 Perfectum
1644 1093 1818 1162 primo
1849 1090 2026 1160 posuit
2058 1131 2072 1154 ,
2105 1088 2190 1141 di-

591 1190 806 1245 dicistis.
870 1189 1026 1246 Unde
1052 1203 1228 1243 autem
1259 1187 1522 1243 didicistis
1549 1189 1572 1241 ?
1620 1186 1811 1241 Causre
1833 1187 2131 1254 snbjnnctze
2165 1224 2181 1249 ,

591 1284 880 1351 accepistis.
905 1281 1218 1350 Rursusque.
1250 1281 1422 1351 ipsum
1456 1279 1698 1348 accipere
1727 1278 1868 1333 unde
1898 1276 2113 1330 audistis
2135 1284 2188 1329 et

593 1374 807 1429 vidistis
835 1375 858 1427 ?
911 1387 978 1427 ex
1001 1389 1086 1427 me
1127 1372 1334 1427 vidistis
1358 1372 1406 1425 in
1433 1387 1517 1425 me
1549 1387 1564 1423 :
1617 1380 1675 1424 ut
1712 1385 1815 1422 non
1845 1367 2078 1423 monitor
2105 1382 2192 1421 so-

600 1467 710 1521 lum
743 1466 942 1520 Paulus
966 1467 1056 1530 sit,
1097 1465 1190 1520 sed
1220 1469 1378 1519 etiam
1413 1464 1647 1534 przebeat
1675 1463 1977 1530 exemplum
2004 1477 2193 1531 quem-

592 1559 879 1614 admodum
935 1575 1058 1614 vera
1106 1568 1425 1626 sequantur,
1481 1554 1932 1628 quemadmodum
1997 1565 2142 1608 casta
2175 1595 2190 1618 ,

592 1649 1044 1721 quemadmodum
1079 1651 1301 1719 reliqua.
1338 1649 1462 1703 Ηίυο
1489 1690 1503 1714 ,
1546 1649 1756 1717 inquit,
1805 1647 1964 1715 agite.
2019 1645 2191 1714 Supra

2297 443 2454 514 piatis
2475 451 2566 496 aut
2588 447 2637 496 in
2663 458 2768 512 quo
2791 452 2844 496 et
2871 450 2993 498 ante
3019 442 3327 510 sapiebatis,
3349 451 3399 496 et
3421 443 3466 497 in
3484 461 3568 516 quo
3586 457 3746 519 OCt'llpftli

2295 539 2459 592 eratis
2481 547 2535 591 ut
2555 537 2681 590 milii
2703 536 3007 602 mitterctis,
3039 545 3129 591 aut
3159 537 3298 607 quod
3329 542 3567 594 nuncvolo
3582 553 3625 597 ut
3640 547 3753 600 titilla-

2293 629 2384 692 tis,
2407 636 2623 698 propter
2649 628 2922 697 penuriam
2945 627 3088 682 dico.
3113 628 3202 682 Sic
3220 629 3356 681 enim
3379 637 3427 683 et
3445 640 3590 696 postea
3607 637 3676 699 ait,
3694 653 3753 691 non

2293 723 2413 789 quia
2433 722 2644 792 exquiro
2659 721 3024 775 abundantiam
3045 723 3098 776 in
3117 723 3359 776 oratione.
3375 721 3476 777 Non
3495 741 3599 795 ergo
3613 739 3759 797 prripui-

2295 816 2528 884 in0piam
2563 814 2700 868 istud
2731 831 2914 884 qna-ro
2936 859 2950 880 ,
2985 815 3078 869 sed
3110 823 3167 870 ut
3197 815 3388 870 fructus
3415 816 3476 869 sit
3499 820 3708 873 abundans
3727 823 3758 876 in

2296 909 2536 963 oratione
2565 915 2767 974 Vestra,
2798 924 2919 964 cum
2941 909 3054 964 haec
3070 909 3252 963 omnia
3274 925 3364 978 pro
3383 925 3459 965 me
3480 913 3642 966 curatis
3655 923 3695 968 et
3713 933 3764 968 si-

2297 1001 2421 1070 pitis
2472 1018 2484 1054 :
2533 1002 2602 1055 ita
2632 1010 2716 1056 est
2761 1001 2904 1057 enim
2953 1019 3136 1057 curam
3168 1019 3385 1072 gerere;
3432 1021 3521 1058 non
3547 1006 3645 1076 quia
3664 1024 3764 1078 egeo,

2294 1092 2451 1156 Nam,
2482 1102 2537 1148 et
2557 1093 2793 1158 abando,
2829 1093 3029 1166 inquit;
3063 1095 3259 1164 quippe
3289 1094 3535 1149 sufﬁt-iens
3553 1098 3655 1152 mihi
3675 1116 3764 1154 sum:

2295 1187 2372 1239 sic
2402 1187 2542 1240 enim
2586 1186 2862 1257 sulijnngit
2900 1205 2912 1240 :
2945 1186 3012 1241 Et
3049 1205 3144 1260 ego
3207 1189 3336 1242 enim
3379 1189 3540 1252 didici,
3574 1192 3617 1244 in
3651 1195 3766 1258 quibus

2295 1294 2408 1331 sum
2432 1320 2446 1342 ,
2489 1279 2753 1349 sufﬁciens
2784 1295 2910 1333 esse.
2945 1279 3079 1334 Novi
3133 1294 3322 1335 sensus
3351 1281 3424 1350 (Ξ)
3471 1283 3543 1336 liic
3569 1294 3662 1338 est:
3683 1289 3768 1351 non,

2296 1371 2488 1441 inquit,
2519 1373 2788 1443 sufﬁciens
2813 1390 2939 1440 esse,
2961 1374 3013 1426 in
3044 1375 3226 1444 quibus
3245 1391 3358 1428 sum
3384 1392 3401 1428 :
3428 1374 3566 1429 didici
3585 1379 3693 1430 enim
3712 1395 3771 1448 ego

2296 1473 2659 1520 utcontentns
2690 1466 2791 1519 sim
2833 1482 2954 1536 qua:
2987 1467 3187 1532 habeo;
3237 1475 3293 1522 et
3322 1467 3372 1522 iu
3401 1468 3572 1538 quibus
3594 1470 3673 1525 sint
3694 1471 3774 1526 mihi

2298 1556 2397 1627 ipsi
2428 1558 2697 1614 su'firiens
2729 1577 2742 1613 :
2777 1576 2882 1614 non
2911 1560 3053 1615 enim
3075 1560 3140 1613 ad
3171 1570 3412 1631 sumptus
3440 1570 3615 1617 tuntuui
3641 1565 3776 1619 Ιιοειθο

2297 1651 2600 1716 terendum,
2634 1652 2725 1706 sed
2752 1667 2934 1707 curam
2955 1655 3398 1724 ctcogitationem
3411 1665 3461 1709 et
3475 1658 3710 1712 orationem
3724 1675 3778 1714 et-

594 1742 731 1796 dixit
759 1782 773 1803 ,
808 1742 917 1795 haec
938 1743 1158 1810 cogitate
1189 1757 1207 1805 ;
1233 1754 1372 1793 nunc
1403 1738 1585 1806 adjicit
1609 1780 1624 1803 ,
1654 1738 1761 1791 lucc
1783 1738 1918 1808 agite
1947 1751 1962 1800 ;
1998 1745 2052 1788 ut
2083 1752 2188 1789 non

2299 1744 2482 1800 hihcre
2511 1745 2707 1800 debent
2738 1762 2833 1815 pro
2856 1746 3042 1801 Paulo:
3069 1756 3125 1802 ut
3153 1749 3254 1803 hoc
3274 1749 3344 1803 sit
3364 1749 3426 1803 ad
3446 1754 3601 1805 omnia
3621 1753 3776 1806 referen-

591 1835 766 1890 solum
819 1849 885 1887 ex
940 1833 1264 1901 cogitatione
1306 1831 1418 1886 sint
1448 1833 1546 1884 ista
1593 1830 1733 1883 bona
1765 1869 1779 1892 ,
1820 1827 1912 1883 sed
1945 1827 2187 1882 etiamin

594 1937 738 1983 actu.
773 1927 972 1982 Deinde
999 1925 1243 1996 adjunin
1271 1925 1548 1994 pramium
1579 1923 1734 1976 sicuti
1763 1936 1922 1990 supra
1942 1961 1956 1985 ,
1985 1928 2030 1972 et
2055 1917 2192 1973 Deus

592 2022 737 2090 pacis
763 2022 858 2074 erit
885 2020 1141 2074 vobiscum
1168 2034 1186 2072 :
1243 2017 1383 2088 quod
1413 2015 1644 2070 maxime
1675 2016 2038 2069 necessarium
2067 2012 2188 2066 Plii-

591 2112 928 2181 lippensibus
950 2109 1226 2180 praemium
1261 2149 1277 2173 ,
1322 2115 1381 2162 ut
1403 2107 1542 2160 nulla
1573 2106 1644 2159 sit
1669 2105 1936 2159 discordia
1967 2145 1981 2168 ,
2026 2119 2188 2157 unum

591 2207 825 2260 sentiant
850 2220 1043 2260 omnes
1069 2247 1084 2271 ,
1113 2206 1181 2258 sit
1208 2220 1313 2275 pax
1345 2203 1398 2257 in
1425 2218 1612 2257 eormn
1642 2202 1870 2256 ecclesia
1900 2217 1914 2250 ε
1972 2207 2028 2254 et
2053 2200 2191 2254 Deus

588 2299 737 2368 pacis
761 2299 849 2368 qui
879 2308 962 2353 est
996 2306 1144 2366 pater
1165 2338 1180 2362 ,
1203 2305 1257 2350 et
1279 2295 1396 2366 ejus
1415 2294 1579 2348 Fi‘ius
1597 2294 1752 2349 .lcsus
1777 2293 2033 2347 Dominus
2062 2307 2190 2346 nos-

589 2402 673 2448 ter
693 2436 706 2458 ,
739 2393 884 2446 omni
912 2392 1105 2444 animzc
1128 2391 1176 2443 in
1203 2391 1364 2443 Deum
1389 2404 1666 2443 conversm
1691 2401 1874 2456 pacem
1896 2394 2186 2456 priestans:

594 2484 698 2539 hoc
726 2493 810 2538 est
836 2484 978 2552 quod
1002 2483 1074 2534 ait
1102 2497 1201 2549 pax
1229 2481 1521 2535 vobiscum.

668 2576 833 2630 Vsus.
868 2575 955 2630 10.
988 2603 1058 2613 —-
1088 2573 1387 2627 Gratulatus
1430 2589 1541 2625 sum
1592 2581 1761 2625 autem
1797 2571 2110 2625 vehementer
2139 2571 2190 2622 in

593 2667 819 2722 Domino
840 2665 976 2737 quod
995 2666 1196 2719 tandem
1219 2665 1494 2736 aliquando
1511 2653 1838 2732 reﬂoruistis,
1862 2672 1913 2716 ut
1938 2672 1983 2716 et
1997 2678 2088 2732 pro
2114 2677 2193 2714 me

593 2761 810 2830 sapiatis
835 2761 888 2813 in
915 2775 1015 2828 quo
1059 2769 1104 2811 et
1146 2768 1264 2811 ante
1312 2756 1583 2827 sapiebatis
1619 2754 1718 2827 ('5).
1753 2753 1823 2811 Ut
1858 2755 1908 2808 in
1950 2770 2188 2809 errorem

590 2854 725 2923 lapsi
751 2853 1122 2924 Pliilippenses
1147 2853 1356 2906 fuerant
1376 2850 1519 2905 docti
1564 2851 1614 2904 in
1646 2849 1935 2917 Evangelio
1966 2849 2032 2902 ab
2063 2864 2190 2917 apo-

590 2949 730 3004 stolo
764 2948 946 3015 Paulo;
981 2947 1075 3001 sed
1103 2961 1242 3000 nunc
1267 2944 1550 3009 admoniti,
1577 2943 1783 2998 reversi
1811 2950 1937 2997 sunt
1965 2941 2021 2996 in
2054 2942 2190 3011 pris-

593 3046 758 3100 tinam
792 3044 1202 3113 intelligentiam
1248 3051 1305 3096 ut
1348 3042 1572 3096 credant
1601 3041 1652 3093 in
1684 3037 1971 3108 Evangelia
2007 3053 2192 3106 quem-

592 3137 881 3192 admodum
927 3135 1295 3190 adnuntiatur.
1329 3134 1390 3188 Et
1423 3132 1748 3202 reﬂoruistis,
1793 3130 1984 3200 inquit;
2017 3129 2068 3183 id
2106 3137 2191 3182 est

2301 3161 2404 3195 non
2450 3143 2514 3196 ad
2551 3146 2851 3198 neccsmria
2881 3145 3051 3200 victus
3084 3145 3254 3200 nostri
3294 3147 3544 3212 diximus,
3568 3147 3643 3199 sed
3667 3144 3712 3197 ad
3729 3158 3792 3194 om-

588 3233 655 3289 ad
685 3233 870 3288 ﬂorem
919 3230 1120 3287 reversi
1166 3229 1297 3284 estis
1330 3247 1342 3279 ε
1377 3228 1499 3282 ideo
1549 3227 1600 3280 in
1633 3225 1861 3279 Domino
1889 3224 2190 3293 gratulatus

590 3343 734 3391 sum,
767 3335 822 3382 et
847 3326 1196 3380 vehementer
1222 3324 1516 3393 gratulatus
1548 3338 1560 3373 :
1596 3327 1651 3374 et
1682 3320 1782 3374 hoc
1803 3325 1888 3372 est
1915 3317 2056 3386 quod
2084 3317 2190 3379 ait,

592 3430 650 3474 ut
691 3435 782 3489 pro
810 3436 888 3473 me
924 3417 1135 3488 sapiatis
1168 3434 1180 3468 :
1212 3415 1266 3470 id
1292 3421 1451 3470 estut
1489 3429 1588 3483 ego
1619 3410 2067 3472 quemadmodum
2100 3425 2194 3464 vos

591 3513 775 3577 docui,
807 3512 1032 3581 sapiatis
1065 3527 1079 3576 ;
1125 3516 1406 3578 cmperant
1433 3509 1573 3562 enim
1607 3508 1762 3559 aliter
1789 3519 2000 3575 sapere.
2037 3503 2192 3572 Quod

595 3615 776 3660 autem
807 3605 902 3670 ait,
943 3613 996 3656 ut
1029 3619 1120 3670 pro
1147 3618 1224 3656 me
1263 3601 1499 3670 sapiatis,
1527 3600 1650 3668 quia
1685 3595 2037 3665 intelligentia
2073 3611 2195 3650 vcs-

594 3709 676 3752 tra
707 3707 762 3752 et
805 3696 1066 3762 sapientia
1107 3710 1228 3766 qua:
1269 3696 1441 3748 fuerat
1486 3707 1586 3746 una
1620 3706 1717 3760 pro
1757 3706 1842 3743 me
1885 3704 1989 3743 non
2032 3695 2148 3742 erat
2181 3704 2193 3739 :

594 3805 742 3845 nunc
786 3796 964 3842 autem
1006 3803 1127 3840 cum
1178 3786 1365 3855 sapitis
1411 3782 1861 3854 quemadmodum
1909 3779 2067 3834 docui
2095 3821 2110 3845 ,
2145 3787 2200 3833 ct

606 3881 959 3952 EVangelium
995 3879 1211 3940 tradidi,
1246 3895 1342 3948 pro
1388 3895 1472 3933 me
1501 3879 1707 3947 sapitis,
1740 3877 1789 3930 id
1831 3885 1916 3931 est
1944 3874 2200 3944 prodesse

600 3975 735 4031 milii
760 3981 956 4044 potest,
989 3973 1242 4043 quoniam
1275 3985 1371 4024 vos
1397 3970 1576 4024 docui.
1609 3970 1675 4023 Et
1702 3967 1828 4038 quid
1852 3966 1983 4023 illud
2015 3975 2120 4031 est,
2147 3967 2199 4020 in

601 4083 708 4138 quo
747 4075 803 4122 et
845 4075 972 4120 ante
1001 4064 1312 4135 sapiebatis,
1347 4078 1487 4118 nunc
1517 4061 1838 4118 rcﬂoruistis
1867 4069 1922 4116 et
1948 4060 2086 4116 idem
2117 4075 2205 4115 sa«

600 4163 812 4230 pientes
863 4175 960 4228 pro
1003 4174 1090 4212 me
1146 4158 1256 4226 jam
1302 4155 1535 4227 sapitis?

680 4251 843 4305 Vens.
879 4251 964 4303 ill.
1012 4280 1081 4289 —
1112 4249 1361 4320 Occupati
1395 4259 1560 4302 autem
1613 4248 1786 4301 eratis.
1839 4245 1967 4316 Non
2001 4255 2208 4315 prapter

603 4342 869 4413 penuriam
905 4341 1019 4394 dico
1046 4339 1150 4410 (4).
1188 4339 1244 4394 Si
1290 4340 1377 4394 llic
1406 4354 1598 4394 sensus
1642 4338 1902 4408 superiori
1943 4337 2205 4407 jungitur,

599 4437 726 4506 quia
758 4434 961 4490 dictum
993 4448 1152 4501 supra
1182 4441 1284 4494 est,
1313 4431 1473 4485 etiam
1508 4447 1604 4500 pro
1635 4447 1720 4485 mc
1767 4429 2009 4494 sauiatis,
2039 4430 2092 4484 id
2128 4437 2211 4484 est

2295 1835 2445 1899 dum;
2468 1845 2591 1891 utet
2613 1852 2706 1896 pro
2728 1854 2812 1892 me
2832 1840 3076 1908 sapiatis,
3101 1840 3152 1894 in
3175 1857 3282 1911 quo
3301 1851 3356 1896 et
3371 1844 3613 1909 Sapuistis.
3629 1846 3780 1900 Genet:-

2295 1928 2420 1983 liter
2431 1945 2558 1999 ergo
2581 1939 2638 1984 ut
2661 1931 2742 1985 vel
2765 1933 3089 1998 necessaria,
3109 1936 3191 1988 vel
3217 1943 3274 1988 ut
3298 1937 3462 1991 oratio
3483 1946 3643 1991 ctrura
3657 1938 3778 2007 Philip-

2299 2023 2555 2088 pensibus
2570 2038 2668 2093 pro
2685 2024 2848 2079 Paulo
2873 2025 3157 2081 habeatur.
3181 2027 3418 2098 Denique
3439 2044 3533 2082 non
3553 2031 3607 2082 ad
3622 2029 3779 2085 fortunas

2295 2124 2500 2171 tantum
2534 2119 2614 2172 vel
2648 2118 2712 2172 ad
2748 2121 3046 2174 necessaria
3075 2134 3301 2191 qumque
3336 2122 3504 2190 posuit
3533 2123 3662 2176 etiam
3693 2123 3781 2177 hoc:

2371 2213 2533 2268 Vsus.
2571 2213 2656 2269 12.
2682 2245 2755 2256 -
2783 2213 2853 2270 Et
2882 2217 3142 2270 Immilimi
3178 2219 3294 2271 uoci
3321 2229 3368 2272 et
3403 2218 3632 2272 abundare
3654 2221 3783 2290 (5);ιι

2296 2306 2364 2362 de
2383 2309 2689 2373 virtutibus,
2721 2319 2774 2364 et
2799 2310 3069 2365 humiliari
3093 2311 3214 2365 novi
3239 2320 3295 2366 et
3317 2314 3574 2368 abundare
3596 2313 3637 2366 in
3657 2314 3782 2374 ouilia,

2299 2399 2350 2454 iu
2372 2401 2559 2454 eodem
2592 2401 2752 2455 modo
2779 2420 2790 2454 :
2827 2402 2877 2455 id
2907 2410 2990 2456 est
3022 2405 3261 2472 praebere
3281 2420 3472 2459 omnes
3492 2405 3672 2459 virtutes
3704 2401 3783 2457 Elin
3856 2397 3857 2400 “

2297 2495 2526 2547 omnibus
2548 2497 2562 2562 (
2581 2493 2627 2562 ι)
2656 2495 2918 2548 institutas
2933 2512 3063 2549 sum.
3095 2495 3150 2550 ld
3166 2506 3247 2551 est
3262 2498 3331 2552 ad
3351 2498 3522 2552 omnia
3540 2495 3781 2556 assuefactus,

2296 2597 2351 2641 ct
2381 2587 2490 2642 fere
2511 2589 2652 2642 sitim
2681 2630 2692 2653 ,
2727 2587 2948 2651 famem,
2982 2588 3168 2659 frigus;
3202 2598 3257 2645 et
3280 2605 3465 2645 rursus
3490 2590 3538 2644 in
3564 2588 3784 2643 abundantia

2297 2678 2491 2733 la-tiri.
2543 2680 2632 2735 Sic
2660 2687 2714 2734 et
2745 2680 2811 2733 de
2841 2679 3150 2746 virtutibus,
3182 2689 3237 2736 et
3278 2683 3349 2736 de
3383 2683 3643 2745 laboribus,
3665 2681 3702 2734 in
3721 2695 3786 2732 om-

2298 2771 2473 2836 nibus,
2502 2771 2691 2841 inquit,
2718 2773 2991 2828 institutus
3012 2785 3150 2835 Sum;
3175 2782 3230 2830 et
3256 2776 3465 2840 satiari,
3492 2785 3540 2829 et
3557 2775 3701 2828 fantem
3719 2786 3786 2825 sus-

2298 2867 2468 2922 tinere
2491 2867 2764 2922 institutus
2785 2884 2927 2934 sum,
2953 2871 3216 2940 inquit,et
3230 2873 3385 2940 copia
3412 2869 3656 2932 satiari,et
3680 2879 3788 2921 rursus
3855 2899 3857 2940 ι

2298 2957 2490 3012 fantem
2524 2964 2811 3014 sustinere.
2846 2959 2977 3014 ltem
3009 2963 3122 3029 ipsa
3151 2961 3258 3015 duo
3292 2962 3505 3031 repetit,
3527 2959 3787 3020 etalmmlart,

2298 3061 2353 3106 et
2381 3069 2540 3123 egere
2583 3053 2633 3108 in
2685 3055 2933 3108 omnibus
2965 3069 3203 3122 possum.
3240 3056 3479 3112 Dit-eudo
3525 3057 3571 3110 in
3614 3053 3790 3112 omnibus

2294 3233 2381 3287 uia
2405 3250 2524 3303 qum.
2552 3235 2604 3288 in
2635 3244 2755 3289 actu
2795 3244 2920 3289 sunt
2947 3278 2959 3298 ,
2993 3237 3204 3291 labores
3231 3239 3578 3308 virtute~qne.
3605 3235 3792 3291 referenda

2295 3334 2419 3380 sunt
2447 3327 2566 3380 ista.
2606 3327 2680 3381 Ita
2702 3344 2759 3381 se
2797 3326 3098 3382 institutum
3143 3329 3303 3396 dixit,
3363 3339 3418 3384 ut
3465 3328 3617 3400 possit
3639 3336 3679 3380 rt
3697 3327 3794 3379 abun-
3856 3341 3857 3402 ι

2296 3420 2424 3475 dare
2448 3429 2502 3474 et
2532 3437 2692 3492 egere
2724 3423 2773 3475 in
2804 3422 3074 3478 omnibus.
3106 3423 3318 3478 Novum
3345 3433 3426 3480 est
3447 3425 3575 3495 quod
3594 3425 3655 3478 ait
3677 3425 3712 3475 in
3730 3435 3795 3473 om-

2298 3514 2453 3568 nibus
2498 3530 2656 3586 cgere
2702 3531 2957 3585 possum:
2993 3516 3045 3571 id
3087 3529 3168 3573 est
3199 3519 3376 3574 tolero
3405 3535 3520 3574 Cllllt
3561 3517 3606 3571 in
3640 3511 3796 3570 cluullas

2297 3620 2450 3676 egeo,
2484 3607 2532 3660 id
2555 3616 2639 3662 est
2666 3623 2830 3678 egens
2863 3608 3033 3664 fuero.

2373 3699 2542 3755 Vens.
2588 3701 2675 3756 l3.
2716 3698 2795 3742 —'
2821 3705 2994 3772 Atque
3027 3711 3084 3757 ut
3111 3719 3322 3771 verum,
3367 3714 3423 3760 et
3463 3701 3742 3760 nihilominus
3762 3709 3796 3748 ιι

2301 3791 2578 3862 disciplina
2624 3793 2770 3848 dicat
2817 3797 3144 3865 evangelica,
3201 3795 3470 3868 adjungit,
3516 3795 3609 3851 Per
3647 3787 3799 3856 eumqti

2301 3903 2382 3940 me
2405 3890 2678 3958 coufortat.
2726 3887 2878 3956 Quod
2924 3903 3093 3957 genus
3121 3889 3243 3942 vita:
3284 3906 3499 3961 semper
3522 3897 3571 3944 ct
3597 3883 3799 3942 habendum

2304 3987 2360 4035 et
2389 3981 2700 4048 tenendmn,
2734 3989 2790 4034 ut
2817 3990 2871 4036 et
2913 3996 3014 4036 nos
3042 3983 3371 4049 laboremus,
3407 3993 3461 4039 et
3489 3983 3638 4038 "Osiri
3661 3973 3802 4034 instituti

2305 4070 2568 4128 sitonmia
2594 4073 2691 4126 ista
2714 4087 2920 4142 gerere,
2958 4089 3077 4128 com
3111 4075 3278 4145 plere.
3311 4076 3476 4142 ferre,
3521 4074 3739 4129 tolerare:
3765 4066 3801 4117 ill

2308 4175 2486 4222 tamen
2533 4175 2588 4220 ut
2637 4165 2739 4220 hoc
2793 4166 3098 4234 credamus,
3141 4167 3264 4237 quia
3325 4185 3426 4223 nos
3470 4167 3534 4221 ad
3586 4164 3724 4219 omnia
3751 4161 3802 4212 ista

2307 4258 2477 4315 fortes
2508 4260 2649 4314 Deus
2671 4259 2814 4315 fecit.
2862 4257 2996 4314 Cum
3018 4260 3158 4315 enim
3191 4261 3411 4329 dixerit,
3436 4263 3487 4316 in
3513 4258 3801 4321 omnibusne!

2310 4371 2536 4426 possum,
2595 4364 2640 4408 et
2681 4355 2865 4421 {autem
2926 4355 3173 4409 sustinere
3208 4353 3314 4428 (5),
3348 4355 3610 4411 revocavit
3646 4352 3802 4406 virtuti!

2311 4447 2570 4502 suainad
2615 4447 2818 4500 Deum:
2871 4463 2961 4517 per
3003 4463 3119 4499 eum
3159 4448 3247 4517 qui
3297 4463 3376 4502 me
3417 4453 3666 4513 contonat.
3698 4441 3746 4496 lla
3776 4440 3802 4486 d

3855 3443 3858 3580 ι

3855 3775 3858 3966 ι

603 4538 665 4585 ιιι
695 4530 762 4584 de
784 4543 870 4583 me
886 4527 1156 4598 cogitetis,
1180 4527 1284 4580 erit
1309 4525 1613 4581 intellectus
1629 4532 1688 4578 ut
1712 4540 1776 4580 ea
1801 4540 1919 4592 quae
1940 4523 2065 4576 mihi
2085 4532 2209 4578 sunt
2235 4524 2284 4584 D
2311 4558 2427 4607 νος,
2461 4551 2516 4597 ει
2543 4555 2730 4595 omnes
2779 4542 2868 4610 qui
2913 4541 2963 4593 ίη
3018 4539 3183 4595 neum
3235 4541 3395 4596 ﬁdem
3441 4541 3641 4596 lu,me
3671 4531 3807 4590 ειτὼιι

597 4623 931 4689 necessaria,
953 4621 1196 4685 mittatis;
1217 4619 1310 4674 sed
1340 4620 1500 4674 etiam
1528 4618 1768 4674 misistis;
1790 4626 1844 4673 et
1865 4617 1986 4673 ideo
2010 4618 2208 4671 dictum

603 4715 1002 4784 sit,gratu|atus
1025 4729 1143 4768 sum
1167 4722 1345 4768 autem
1373 4713 1424 4767 in
1453 4712 1679 4765 Domino
1702 4712 1840 4777 quod
1865 4709 2082 4764 tuidem
2115 4710 2212 4762 ali-

607 4806 821 4876 quando
841 4806 1183 4870 νειιιιτιιίδιίς,
1209 4813 1263 4860 ct
1283 4804 1559 4858 abundare
1583 4802 1745 4873 carpit
1767 4801 1968 4856 l‘rnctns
1991 4818 2055 4856 ex
2085 4817 2212 4866 ope-

607 4895 818 4950 ratione
833 4906 1029 4952 vestra.
1056 4895 1144 4952 Sic
1165 4898 1306 4950 enim
1331 4905 1514 4966 postea
1537 4894 1688 4958 dicit,
1711 4904 1756 4947 et
1776 4894 1995 4964 cwpistis
2014 4909 2109 4960 pro
2131 4909 2207 4945 me

607 5004 821 5057 sapere:
855 4987 906 5041 in
933 5004 1039 5058 quo
1062 4997 1143 5042 est
1173 4997 1228 5043 et
1250 4988 1399 5053 illud,
1423 4990 1474 5041 in
1505 5003 1603 5052 quo
1628 4998 1673 5041 et
1701 4997 1818 5040 ante
1834 4985 2129 5053 εαριεὸιιιίε,
2154 4993 2211 5038 ιιι

607 5079 739 5136 mihi
765 5082 1064 5134 necessaria
1095 5081 1376 5135 mitteretis
1406 5099 1418 5134 :
1449 5089 1503 5135 et
1534 5081 1636 5135 hoc
1662 5090 1747 5134 est
1773 5080 1914 5150 quod
1946 5079 2208 5150 sequitur.

607 5174 726 5243 Quo
757 5173 918 5229 modo
945 5173 1223 5242 sapicbant
1241 5175 1263 5226 ‘t
1283 5174 1421 5229 Ante
1437 5173 1684 5242 occupati
1702 5181 1876 5239 erant,
1901 5181 2026 5228 ante
2049 5174 2098 5227 in
2132 5174 2215 5228 liis

607 5264 884 5338 operibus.
915 5263 1067 5332 Quod
1090 5264 1302 5333 quidem
1331 5265 1550 5330 Paulus,
1578 5281 1678 5319 non
1715 5265 1852 5333 ideo,
1878 5266 2068 5336 inquit,
2100 5265 2216 5318 dico

681 5379 760 5449 (l)
801 5377 972 5432 Codd.
1004 5377 1336 5446 gubernabat.

703 5451 761 5516 ei
791 5450 960 5503 ιλιαδ.
993 5449 1108 5502 sibi.

993 5453 1219 5576 ῗῗιιίειη
1257 5537 1372 5574 sum
1395 5531 1565 5576 autent
1605 5522 1656 5575 in
1689 5520 1908 5576 Domino
1933 5521 2202 5575 vehemen-

605 5602 682 5646 ter
700 5594 940 5664 quoniam
965 5593 1168 5647 tandem
1193 5593 1470 5664 aliquando
1517 5593 1820 5662 reﬂoruistis
1846 5608 1940 5664 pro
1973 5608 2055 5646 me
2083 5608 2198 5646 sen-

603 5664 698 5716 tire
727 5663 859 5716 sicut
883 5671 928 5715 et
955 5664 1259 5720 sentiebatis.

593 5768 607 5804 ι
670 5732 746 5804 (li)
783 5731 958 5803 Vulg.,
992 5750 1092 5790 non
1116 5735 1262 5806 quasi
1283 5752 1480 5810 pauper
1502 5739 1774 5808 penuriam
1798 5735 1931 5790 dico.

2313 4647 2459 4710 certe
2488 4652 2608 4706 qua:
2634 4636 2760 4701 sint,
2792 4649 2851 4688 se
2893 4648 3050 4702 posse
3080 4633 3247 4688 fortes
3281 4633 3418 4698 lieri,
3449 4644 3502 4688 et
3549 4632 3598 4686 in
3637 4631 3805 4696 egesllk‘v

2312 4740 2368 4783 et
2416 4730 2468 4782 in
2498 4728 2708 4783 ca‘teris
2741 4726 3033 4781 laboribus.
3084 4726 3222 4781 Deus
3270 4729 3416 4782 enim
3447 4738 3688 4795 nunquam
3723 4718 3810 4769 δεδι

2316 4823 2398 4877 liis
2428 4824 2517 4893 qui
2573 4837 2695 4876 eum
2740 4821 2988 4892 diligunt,
3021 4822 3112 4892 qui
3155 4822 3208 4876 in
3257 4837 3381 4877 eum
3414 4823 3567 4876 fidem
3605 4817 3753 4871 habent
3781 4811 3810 4857 et

2308 4932 2478 4986 Spem.

2385 5013 2548 5067 Vsus.
2574 5012 2662 5066 i4.
2681 5042 2752 5052 —
2776 5012 2914 5066 Sane
2938 5012 3059 5066 bene
3085 5013 3274 5083 fecistis
3293 5011 3428 5083 quod
3451 5003 3724 5064 tribulatioui
3741 5006 3814 5052 ne!

2317 5105 2727 5158 communirastis
2754 5102 2854 5176 (Ii).
2882 5104 2938 5160 ld
2967 5115 3050 5159 est
3073 5104 3359 5174 participes
3392 5104 3562 5159 fuistis
3601 5100 3670 5154 vel
3691 5095 3814 5150 satur

2395 5231 2472 5301 (Ι)
2503 5229 2670 5284 Codd.
2705 5247 2846 5284 voco.

2407 5303 2483 5370 (’2)
2511 5301 2682 5356 Codd.
2717 5320 2812 5368 pro
2837 5318 3014 5357 sensus
3043 5301 3245 5357 habent
3266 5318 3318 5356 se
3345 5302 3502 5356 risus.

2402 5374 2482 5446 (5)
2513 5373 2691 5446 fol-4.,
2725 5375 2830 5427 scio
2857 5386 2901 5427 et
2930 5375 3211 5441 humiliari,
3231 5375 3334 5426 scio
3354 5383 3404 5428 et
3419 5370 3675 5426 abundare.

2393 5443 2476 5516 (ί)
2508 5443 2663 5516 Υυικ.
2687 5485 2702 5511 ,
2727 5446 2907 5516 ubique
2923 5457 2967 5498 et
2990 5445 3041 5497 in
3063 5446 3312 5498 omnibus.

2504 5500 2656 5586 Vulg.
2680 5500 2990 5589 ,inst'itutus
3008 5533 3121 5570 sum
3142 5516 3379 5572 etsatiari
3404 5525 3452 5571 et
3476 5513 3650 5569 esurire
3662 5515 3701 5562 et
3716 5500 3814 5556 abn-

2316 5588 2440 5642 dare
2465 5588 2805 5659 etpenuriam
2834 5589 2960 5656 pati.

2386 5659 2464 5729 (6)
2498 5648 2679 5726 Vulg,
2722 5648 3067 5715 verumtamen
3098 5658 3222 5716 bene
3245 5657 3458 5729 fecistis,
3482 5648 3815 5714 εοιιιικιιιὶωια

2307 5730 2621 5785 tribulatiom'
2642 5746 2787 5786 meae.
