4018 6184
240 249 366 323 tias

1162 250 1227 306 IN
1269 248 1654 308 EPISTULAM
1695 247 1900 306 PAULI
1940 249 2029 305 AD
2083 249 2589 306 PHILIPPENSES.

3385 256 3521 311 495i

238 366 379 422 nistis
414 364 546 421 mihi
593 365 645 420 in
681 363 1020 422 tribulatione
1041 372 1098 419 ttt
1129 375 1206 419 est
1228 364 1665 430 communicatio,
1698 363 1811 433 pari
1840 361 1893 423 Α
1920 362 2179 419 miserunt
2201 382 2215 420 :
2241 364 2483 438 Reptetus
2503 382 2640 429 sum,
2661 366 2851 436 inquit,
2880 384 2997 421 cum
3018 369 3190 441 accepi
3206 384 3265 423 ea
3291 384 3404 441 qtae
3429 386 3520 441 per

237 458 387 514 modo
412 458 560 529 jungi
586 459 842 529 mysterio
873 475 885 511 :
914 458 1004 528 qni
1032 468 1206 512 autem
1233 458 1560 528 compatitur
1585 471 1705 511 cum
1730 454 1812 510 al-

237 560 360 618 tero,
410 561 465 607 et
503 552 753 607 subvenit
801 552 973 606 alteri.

303 643 459 698 Vens.
494 642 582 698 l5.
615 674 684 685 —
708 642 864 699 Scitis
908 652 1076 698 autent
1103 646 1254 699 etiam
1282 662 1390 711 vos,
1432 644 1813 716 Philippenses,

234 734 465 805 quoniam
503 751 590 802 per
616 735 763 788 initia
808 733 1073 807 Evangelii
1117 753 1233 790 cum
1280 753 1311 791 a
1351 734 1653 791 Macedonia
1693 752 1815 806 pro-

233 827 386 895 fectus
415 841 548 892 sum,
574 825 717 880 nulla
739 826 863 879 mihi
889 826 1100 881 ecclesia
1125 829 1510 883 communicavit
1538 829 1591 882 in
1620 829 1817 882 ratione

235 915 331 969 dati
357 925 405 969 et
430 916 641 988 accepti,
665 917 763 971 nisi
783 933 870 972 vos
889 920 1240 972 tantummodo
1263 919 1363 992 (l).
1398 919 1492 973 llic
1513 927 1697 988 aperte
1717 934 1815 973 ex-

234 1008 421 1078 pot~uit,
447 1017 503 1062 ut
532 1024 690 1078 supra
714 1007 916 1064 dictum
934 1022 1037 1075 est;
1062 1010 1389 1066 tribulationi
1415 1027 1547 1066 mea:
1576 1026 1819 1065 commu-

232 1103 461 1168 nicastis,
486 1102 537 1157 id
565 1113 649 1157 est
675 1103 929 1158 auxilium
959 1113 1013 1158 et
1045 1105 1347 1174 pra'sidtnnt
1373 1104 1615 1171 dedistis,
1640 1104 1817 1157 dando

231 1196 351 1250 mihi
382 1198 705 1250 necessaria.
730 1196 967 1267 Denique
997 1195 1099 1251 hoc
1129 1197 1393 1268 adjungit:
1422 1200 1591 1261 setis,
1624 1197 1813 1266 inquit,

229 1291 614 1364 Pltilippettses;
653 1304 710 1349 et
734 1308 831 1348 vos
858 1310 1073 1365 qunque
1096 1294 1266 1358 scitis,
1297 1294 1549 1365 quoniam
1582 1296 1634 1349 itt
1668 1295 1815 1365 prin-

227 1386 362 1456 cipio
383 1385 669 1456 evangelii,
690 1388 904 1454 quando
922 1386 1192 1458 proiectos
1209 1403 1325 1442 sunt
1349 1388 1400 1441 itt
1429 1387 1813 1453 Macedoniam,

230 1496 321 1553 per
339 1495 528 1536 omnes
556 1481 814 1536 ecclesias
839 1482 1224 1552 cvattgelizavi;
1255 1482 1348 1536 sed
1386 1482 1527 1535 nulla
1558 1480 1711 1547 mihi,
1736 1481 1817 1535 in-

227 1573 353 1646 quit.
381 1574 812 1629 communicavit.
848 1572 944 1631 Ubi
976 1582 1154 1629 autetu
1179 1572 1618 1628 communimtvit?
1650 1575 1700 1626 iu
1731 1586 1817 1625 ra-

228 1666 387 1733 tione,
415 1665 607 1737 inquit,
639 1665 748 1720 dati
797 1674 851 1721 et
892 1667 1137 1736 accepti:
1172 1666 1224 1720 id
1268 1675 1352 1721 est
1400 1665 1450 1720 itt
1490 1665 1812 1736 sumptibus,

1924 452 2342 526 Epaphroditum
2387 458 2618 523 misistis,
2639 458 2847 512 odorem
2875 461 3140 513 suavitatis
3157 502 3171 526 ,
3197 461 3515 531 sacriﬁcium

1920 561 2203 622 acceptum,
2260 561 2511 613 sanctum,
2567 561 2772 623 gratum
2825 552 2931 607 Deo
2962 553 3065 627 (l).
3098 553 3158 610 Si
3188 570 3349 624 supra
3380 556 3517 612 nihil

1918 639 2062 694 aliud
2094 640 2161 697 de
2191 657 2258 696 eo
2285 643 2425 713 quod
2457 644 2612 698 datur
2639 652 2896 714 expetere
2935 660 2994 701 se
3038 645 3174 700 di\it
3220 645 3321 701 nisi
3370 648 3519 703 fruc-

1922 740 2032 786 tum
2064 734 2447 801 abundantem,
2481 734 2556 789 ita
2576 742 2632 789 et
2656 737 2742 792 hic
2761 751 2882 791 cuin
2909 736 3173 807 repletum
3205 754 3265 793 se
3293 738 3440 805 dicit,
3466 748 3526 795 et

1920 827 2192 893 accepisse
2221 843 2340 898 qua:
2369 829 2529 884 inissa
2559 839 2705 892 sunt,
2738 846 2841 883 nou
2870 829 2922 884 in
2948 830 3030 885 Itis
3049 847 3168 902 qua:
3198 837 3362 887 missa
3384 843 3515 887 sunt.

1919 919 2129 989 gaudeo
2157 929 2213 976 et
2242 921 2478 991 repletus
2506 939 2622 976 sum
2644 941 2658 986 ;
2684 923 2776 977 sed
2806 922 2857 978 in
2872 938 2939 979 eo
2967 925 3107 993 quod
3140 925 3402 981 habuistis
3430 942 3524 981 vo-

1920 1012 2179 1068 luntatem
2211 1029 2503 1084 coramque
2535 1016 2817 1082 mittendi;
2849 1030 2970 1086 qua:
2999 1028 3079 1071 est
3125 1019 3521 1084 benevolentia,

1919 1115 1975 1161 et
2003 1107 2207 1162 fruetus
2237 1107 2611 1172 abundantia;
2636 1109 2779 1163 unde
2804 1109 2936 1163 ordo
2960 1108 3087 1163 mihi
3112 1111 3388 1166 suavitatis
3416 1123 3521 1180 est,

1922 1214 2017 1253 vos
2043 1201 2177 1254 tales
2203 1216 2343 1261 esse;
2386 1209 2438 1254 et
2467 1200 2789 1255 sacriﬁcum
2829 1215 3095 1261 sanctum.
3136 1213 3350 1273 gratum
3383 1204 3516 1270 Deo,

1921 1293 2147 1347 libenter
2176 1292 2349 1349 facere
2400 1309 2520 1363 qua:
2552 1295 2735 1358 facias;
2776 1310 2960 1349 curant
3010 1311 3200 1367 gerere
3222 1339 3236 1363 ,
3267 1307 3524 1368 prmstare

1920 1385 2061 1454 quod
2086 1384 2444 1454 praestandum
2480 1396 2564 1442 est
2601 1387 2757 1441 alteri
2779 1387 2845 1441 ad
2880 1390 3269 1446 necessitates:
3305 1390 3407 1447 hoc
3438 1402 3523 1447 est

1919 1476 2092 1547 ipsum
2133 1477 2453 1533 sacriﬁcium
2495 1491 2549 1535 et
2579 1490 2823 1535 sanctum
2876 1490 2930 1536 et
2967 1491 3248 1552 acceptum
3296 1492 3350 1538 et
3391 1500 3519 1555 gra-

1923 1577 2031 1622 tum
2065 1569 2194 1633 Deo,
2239 1569 2352 1638 ipsa
2390 1570 2784 1626 benevolentia.

1993 1660 2154 1717 Vens.
2192 1662 2275 1729 l9,
2299 1662 2388 1718 20.
2445 1694 2514 1704 —
2554 1663 2692 1719 Deus
2730 1676 2897 1720 autem
2934 1684 3078 1722 meus
3112 1669 3320 1741 impleat
3365 1687 3513 1726 onme

226 1759 363 1830 quod
394 1768 478 1814 est
505 1759 688 1815 datum
719 1769 774 1815 ot,
795 1772 1070 1831 acceptum
1102 1778 1116 1814 ε
1148 1776 1269 1815 nam
1293 1760 1381 1831 qui
1409 1760 1501 1815 dat
1664 1761 1823 1817 habet
1854 1760 1903 1820 B
1929 1755 2239 1809 desiderium
2264 1767 2483 1811 vestrum
2514 1758 2793 1812 secundum
2821 1759 3026 1814 divitias
3045 1777 3165 1815 suas
3190 1763 3244 1816 in
3273 1763 3440 1835 gloria
3469 1765 3521 1816 in

223 1853 478 1907 rationem
503 1868 623 1907 cum
646 1868 712 1908 eo
734 1853 823 1924 qtti
852 1855 1041 1924 accipit
1066 1873 1080 1907 :
1108 1865 1165 1909 et
1191 1855 1278 1926 qui
1306 1854 1521 1925 accipit,
1547 1856 1709 1910 habet
1732 1870 1820 1908 ra.

225 1946 420 2001 tionem
443 1962 563 2002 cum
592 1961 658 2002 co
685 1948 773 2018 qui
823 1948 935 2013 dat,
965 1958 1221 2018 quantunt
1263 1947 1431 2015 dedit,
1457 1959 1824 2018 quantumque

225 2037 418 2108 accepit
457 2039 549 2094 ille
587 2040 679 2109 qui
714 2042 940 2111 accepit.
983 2039 1099 2095 Non
1131 2057 1239 2111 quo
1263 2050 1316 2096 et
1344 2040 1458 2111 ipse
1486 2040 1694 2095 dederit
1722 2042 1823 2096 ali-

227 2130 371 2202 quid,
400 2130 488 2201 qtti
534 2131 770 2201 accepit;
802 2132 895 2186 sed
924 2147 1045 2187 cum
1076 2149 1267 2187 munus
1295 2131 1413 2197 dat,
1447 2132 1586 2187 ratio
1609 2132 1718 2186 dati
1743 2142 1828 2188 est

228 2230 283 2278 et
324 2223 550 2291 accepti.
591 2222 728 2290 Quid
757 2224 901 2279 enim
930 2234 1013 2280 est
1060 2226 1110 2279 io
1142 2241 1250 2295 quo
1279 2223 1475 2280 Paulus
1502 2226 1572 2281 de
1601 2227 1825 2296 pecunia

228 2311 413 2369 daret?
438 2313 542 2370 Sed
572 2315 822 2385 quoniam
857 2316 996 2370 ratio
1018 2315 1124 2369 dati
1155 2323 1211 2371 et
1237 2317 1441 2387 accepti
1468 2327 1550 2372 est
1583 2318 1635 2371 in
1665 2332 1828 2386 pecu-

231 2406 314 2461 nia
345 2407 482 2461 iuter
508 2422 604 2462 eos
634 2407 723 2477 qui
764 2408 893 2463 dant
929 2419 982 2464 et
1023 2425 1117 2464 eos
1145 2409 1232 2479 qui
1277 2410 1567 2480 accipiunt,
1598 2409 1720 2466 ideo
1748 2411 1828 2465 sic

226 2497 488 2569 junctum.
524 2498 639 2554 Non
669 2501 810 2554 enim
858 2505 1082 2571 pecunia
1112 2501 1372 2570 accipitur
1400 2518 1500 2572 pro
1525 2505 1824 2576 evangelio,

231 2599 287 2644 ut
316 2590 452 2645 ratio
482 2589 591 2645 dati
616 2591 683 2645 sit
712 2591 764 2646 in
793 2593 1041 2662 pecmiia;
1074 2604 1127 2646 at
1154 2594 1313 2665 longe
1339 2595 1515 2650 aliter.

301 2675 467 2739 Vens}
501 2685 590 2740 l6.
619 2716 688 2726 —
723 2684 849 2754 Vos,
880 2689 1071 2756 inqttit,
1124 2689 1499 2745 tantummodo
1527 2692 1829 2746 commutti-

231 2780 410 2833 castis.
444 2777 682 2845 Denique
736 2779 1006 2849 sultjungit
1060 2779 1180 2837 illos
1231 2781 1444 2837 dedisse
1492 2800 1505 2838 :
1548 2781 1829 2856 Propterea

231 2871 367 2940 quod
406 2871 460 2924 in
514 2869 925 2926 Thessalonicam
973 2875 1127 2928 semet
1166 2884 1215 2927 et
1255 2873 1330 2928 bis
1373 2875 1581 2929 misistis
1632 2892 1691 2930 ea
1718 2893 1831 2947 qua:

232 2964 355 3019 mihi
409 2967 694 3019 necrssaria
730 2969 932 3036 fuerant
971 2968 1072 3037 (3).
1118 2966 1265 3034 Aper
1297 2969 1503 3024 tissime
1538 2969 1832 3026 declaravit

231 3058 358 3130 quid
398 3058 467 3113 sit
503 3059 641 3131 quod
686 3061 1140 3115 comnnmicavistis
1182 3061 1260 3135 (4)
1312 3072 1367 3117 et
1395 3063 1665 3132 quomodo
1694 3067 1831 3121 ratio

1927 1846 2130 1902 Christo
2159 1847 2306 1903 Iesu.
2350 1849 2457 1904 Deo
2484 1862 2653 1906 autem
2682 1862 2729 1907 et
2769 1854 2906 1924 patri
2946 1864 3118 1908 nostro
3148 1856 3310 1925 gloria
3344 1857 3399 1911 in
3429 1873 3532 1911 ste-

1928 1940 2045 1993 culo
2069 1939 2398 1996 saeculorum.
2422 1942 2684 2010 Quoniam
2706 1953 2761 1999 et
2791 1956 2969 2000 reetos
2996 1961 3159 2015 Opera
3191 1947 3327 2018 ipsa,
3351 1957 3405 2003 et
3428 1949 3529 2004 bo-

1929 2044 2028 2084 nos
2053 2045 2120 2086 ex
2153 2033 2427 2088 voluntate
2455 2034 2598 2105 quod
2639 2035 2867 2091 libenter
2896 2039 3108 2092 mittant
3131 2050 3189 2094 et
3216 2030 3403 2095 curam
3432 2056 3526 2111 ge-

1931 2126 2388 2182 rantsacrilieium
2421 2143 2541 2183 esse
2572 2129 2673 2184 hoc
2697 2131 2959 2199 optimum
2995 2132 3104 2188 Deo
3124 2132 3261 2189 dixit
3291 2146 3347 2189 et
3382 2136 3519 2190 odo-

1931 2230 2043 2272 rem
2066 2218 2364 2273 suavitatis.
2389 2219 2507 2276 Jam
2535 2221 2602 2276 ad
2625 2221 2959 2278 referendam
2982 2228 3208 2294 gratiam
3234 2235 3405 2294 aptat,
3426 2243 3524 2282 vo-

1935 2307 2219 2387 tumvl'aeit,
2248 2322 2305 2366 ut
2330 2312 2470 2368 Deus
2500 2313 2615 2385 (sed
2644 2314 2872 2383 apostoli
2921 2317 2991 2370 sit
3020 2317 3202 2386 Deus),
3241 2316 3409 2381 Deus,
3441 2320 3521 2372 in-

1931 2404 2065 2474 quit,
2104 2421 2283 2473 meus;
2326 2423 2394 2461 ue
2422 2423 2710 2462 commune
2752 2408 2820 2463 sit
2864 2424 2985 2464 cum
3040 2408 3287 2475 cmteris;
3322 2412 3531 2483 impleat

1932 2513 2101 2566 omne,
2127 2500 2323 2565 inquit,
2345 2501 2652 2557 desiderium
2680 2515 2922 2571 vestrum,
2941 2506 3224 2576 etimpleat
3248 2507 3528 2561 secundum

1933 2592 2140 2648 divitias
2185 2611 2326 2649 suos.
2376 2594 2429 2649 Id
2455 2606 2538 2651 est
2590 2612 2711 2651 cum
2758 2613 2857 2653 vos
2896 2614 3001 2655 non
3055 2602 3384 2670 expetieritis
3412 2619 3533 2673 qlia:

1933 2685 2115 2739 tuundi
2147 2699 2294 2752 sunt,
2324 2686 2420 2742 sed
2447 2704 2507 2743 ea
2530 2704 2650 2760 quia
2676 2690 2812 2746 Deus
2834 2691 2903 2746 de
2931 2692 3131 2747 divitiis
3160 2695 3273 2748 suis
3302 2695 3526 2766 largitur

1932 2785 1985 2830 et
2016 2776 2128 2844 dat,
2154 2777 2203 2830 id
2228 2784 2308 2832 est
2358 2795 2480 2849 qua:
2520 2782 2760 2836 ccelestia
2800 2792 2945 2848 sunt,
2993 2799 3113 2854 quae
3159 2784 3367 2850 divina;
3398 2787 3530 2855 ipsae

1933 2878 2059 2922 sunt
2087 2869 2231 2922 enim
2272 2870 2473 2924 divitiae
2527 2872 2639 2928 Dei.
2685 2874 2921 2945 Denique
2976 2875 3259 2944 adiunxit,
3288 2877 3453 2944 gloria
3476 2877 3533 2930 in

1934 2959 2136 3017 Christo
2162 2960 2308 3030 Iesu,
2334 2973 2389 3018 ut
2417 2967 2500 3019 hie
2527 2966 2635 3021 sint
2662 2966 2862 3021 divitiae
2885 3008 2899 3032 ,
2924 2983 3045 3038 qua
3072 2977 3196 3022 sunt
3229 2966 3280 3022 itt
3310 2968 3531 3023 ChriSto

1933 3052 2091 3120 Jesu,
2123 3055 2173 3109 id
2200 3066 2285 3110 est
2314 3059 2421 3111 vita
2452 3069 2676 3121 attenta,
2725 3060 3099 3116 sanctiﬁcatio.
3134 3060 3391 3131 Adjuuxit
3435 3077 3531 3115 au-

232 3153 302 3207 sit
330 3151 439 3206 dati
470 3162 524 3207 et
549 3154 776 3220 accepti.
816 3151 939 3213 Vos,
981 3154 1169 3222 inquit,
1204 3155 1555 3208 tantummodo
1584 3156 1636 3210 in
1674 3154 1834 3211 Thes~
1860 3147 1904 3208 C
1939 3153 2069 3214 lem.
2094 3148 2233 3217 (illud
2254 3163 2374 3202 Cll"!
2406 3149 2662 3221 l‘ﬁligione
2684 3166 2899 3221 Semper
2923 3152 3252 3224 adjuugiiur,
3282 3162 3339 3208 et
3357 3151 3530 3208 devo-

231 3243 515 3299 salonicam
539 3242 693 3298 semel
729 3254 773 3298 et
801 3241 878 3298 bis
914 3244 1121 3299 misistis
1150 3260 1210 3298 ea
1233 3261 1366 3314 quia,
1398 3247 1524 3300 mihi
1550 3247 1837 3303 necessaria

230 3337 462 3409 fuerunt.

305 3430 472 3486 Vens.
506 3430 593 3484 17.
623 3461 694 3471 -
719 3428 844 3485 Νοη
878 3431 997 3500 quia
1034 3431 1238 3502 requiro
1277 3430 1476 3495 datum;
1508 3432 1598 3486 sed
1623 3435 1835 3503 exquiro

233 3526 455 3594 fructum
496 3520 835 3576 abundantem
864 3522 919 3576 in
956 3522 1188 3578 oratione
1215 3533 1376 3576 vestra
1396 3522 1496 3593 (5).
1529 3523 1643 3578 Non
1667 3539 1832 3595 egeo,

234 3617 444 3687 inquit,
493 3631 668 3685 neque
711 3617 810 3671 ista
859 3620 1161 3672 tieceSSaria
1209 3618 1471 3687 exquiro.
1502 3617 1598 3674 Sed
1630 3628 1835 3673 tantum

231 3707 621 3764 betteVnIeotia:
642 3724 738 3762 vos
769 3724 923 3764 usum
949 3709 1145 3764 habere
1174 3710 1405 3775 debetis,
1436 3718 1492 3763 ut
1519 3709 1650 3764 ntilti
1687 3710 1831 3765 lruc-

234 3810 324 3857 tus
371 3815 562 3856 vestrm
607 3802 998 3858 benevolentia:
1052 3804 1143 3867 sit,
1198 3805 1341 3873 quod
1371 3804 1422 3858 itt
1459 3803 1835 3859 benevolentia

232 3892 559 3959 abundatis;
590 3893 641 3947 id
682 3901 765 3948 est
799 3903 855 3947 tit
883 3908 1005 3948 cum
1033 3895 1332 3949 oratiooetn
1358 3894 1425 3949 de
1450 3895 1601 3948 vobis
1625 3894 1832 3959 habeo,

232 3986 308 4040 sit
338 3983 467 4039 ntilti
504 3982 710 4040 fructus
737 3983 1125 4040 beneVoIcntim
1157 3995 1370 4038 vestrae.
1401 3983 1534 4037 Cum
1559 3986 1639 4037 vel
1668 3983 1834 4038 Deum

233 4093 337 4148 pro
386 4076 541 4131 vobis
594 4091 722 4148 rogo
746 4117 761 4143 ,
814 4076 895 4131 vel
931 4075 1039 4131 Deo
1070 4091 1165 4145 pro
1199 4076 1347 4129 vobis
1375 4077 1577 4146 gratias
1601 4090 1721 4145 ago,
1752 4085 1836 4131 est

231 4169 367 4227 mihi
399 4169 601 4225 fruetus
621 4171 760 4226 circa
787 4171 1108 4236 orationem,
1139 4185 1259 4240 qum
1287 4186 1382 4240 pro
1407 4171 1554 4224 vobis
1579 4180 1682 4238 est,
1708 4172 1833 4226 dum

231 4264 511 4321 abundare
556 4280 650 4319 Vtis
682 4264 923 4334 intelligo
958 4271 1010 4317 et
1044 4278 1165 4318 esse
1193 4264 1505 4318 benevolos.

313 4357 471 4414 Vens.
507 4357 670 4413 18.—
700 4356 873 4410 Habeo
895 4358 1028 4410 enim
1054 4357 1225 4410 omnia
1251 4366 1297 4410 et
1322 4356 1547 4410 abundo.
1572 4356 1722 4425 Ideo,
1749 4357 1831 4411 itt-

231 4452 375 4524 quit,
402 4467 507 4507 uon
531 4452 749 4520 requiro
778 4450 985 4513 datum;
1012 4465 1131 4504 nam
1159 4451 1337 4504 omnia
1363 4449 1536 4506 habeo
1560 4468 1574 4504 :
1606 4462 1660 4508 et
1684 4451 1833 4506 tttttlti

1944 3239 2088 3293 tione
2116 3248 2171 3293 et
2191 3239 2451 3310 obsequio
2482 3260 2496 3294 :
2529 3240 2655 3309 Deo,
2687 3243 2888 3313 inquit,
2920 3245 3107 3313 gloria.
3144 3243 3251 3297 Deo
3285 3244 3419 3311 patri
3437 3260 3457 3309 ;
3480 3254 3529 3299 et

1942 3328 2068 3395 Deo,
2099 3331 2294 3403 inquit,
2341 3343 2537 3401 nostro,
2585 3335 2791 3392 scilicet
2838 3336 2968 3392 Jesu
3011 3338 3228 3392 Christo
3265 3337 3343 3410 (2)
3391 3338 3529 3409 patri

1941 3433 2126 3479 nostro
2155 3442 2168 3478 :
2199 3427 2267 3481 sit
2288 3425 2362 3481 illi
2390 3427 2560 3498 gloria
2578 3438 2804 3496 interna,
2826 3429 2967 3501 quod
2986 3441 3068 3486 est
3094 3432 3146 3485 in
3167 3430 3358 3486 stecula
3371 3447 3531 3486 sicca—

1941 3519 2127 3574 lorum.

2011 3608 2158 3664 Fioit
2200 3611 2449 3681 epistola.
2503 3611 2632 3669 Inde
2678 3614 2901 3669 monitis
2953 3615 3239 3687 prtecepIis
3287 3631 3408 3687 quae
3461 3615 3531 3670 ad

1941 3713 2088 3756 recte
2116 3703 2424 3766 vivendum.
2451 3716 2753 3773 sequuntur
2776 3706 3151 3764 salutatimtes.
3176 3708 3358 3764 Primo
3386 3709 3539 3765 salu-

1942 3801 2018 3846 tat
2056 3795 2193 3862 ipse,
2238 3796 2319 3850 vel
2363 3795 2584 3851 salutari
2629 3813 2727 3852 suo
2775 3800 2994 3855 nomine
3038 3800 3241 3857 alteros
3287 3804 3526 3857 mandat.

1942 3884 2090 3953 Quos
2125 3895 2305 3942 tamen
2335 3887 2578 3944 alteros?

2013 3977 2178 4033 Vens.
2206 3978 2298 4045 2|,
2329 3980 2421 4035 22.
2449 4010 2522 4022 —-
2556 3981 2793 4038 Salutate
2820 4001 2991 4039 omnes
3018 3994 3222 4040 sanctos
3251 3987 3305 4039 in
3338 3983 3540 4040 Christo

1938 4067 2082 4124 Iesu.
2114 4069 2341 4128 Sanctus
2369 4074 2420 4127 in
2451 4073 2667 4129 Cltristo
2692 4074 2840 4138 Jesu,
2874 4091 2942 4131 an
2975 4076 3027 4130 in
3055 4076 3275 4132 ChriSto
3299 4077 3428 4132 Jesu
3455 4092 3543 4132 sa-

1939 4163 2141 4219 lutate?
2163 4163 2405 4220 Salutant
2433 4183 2519 4222 vos
2548 4170 2637 4237 qui
2672 4185 2865 4223 mecum
2893 4179 3011 4223 sunt
3040 4174 3245 4241 fratres.
3289 4169 3426 4234 NOII,
3456 4172 3542 4225 iu-

1938 4257 2076 4328 quit,
2105 4258 2254 4313 solos
2277 4260 2451 4313 saluto
2481 4262 2561 4316 vel
2588 4261 2784 4316 mundo
2812 4271 2869 4315 ot
2889 4262 3155 4326 salutetis,
3186 4262 3279 4318 sed
3306 4263 3544 4318 salutant

1939 4366 2036 4406 vos
2062 4363 2116 4407 et
2137 4351 2349 4407 fratres.
2380 4352 2589 4423 Adjecit
2608 4356 2694 4425 qui
2712 4370 2908 4409 mecum
2927 4365 3066 4409 sunt.
3092 4354 3204 4411 Hoc
3224 4357 3292 4410 de
3311 4356 3466 4425 plebe
3490 4365 3547 4411 et

1939 4444 2008 4502 de
2033 4447 2179 4502 omni
2208 4448 2524 4512 christiano,
2548 4451 2638 4515 qui
2662 4464 2842 4503 secum
2892 4448 2984 4514 sit,
3017 4449 3185 4518 accipi
3223 4449 3407 4504 voluit.
3442 4449 3545 4503 De-

236 4544 774 4609 Itabeutomuia,sed
794 4558 901 4597 non
916 4542 1188 4597 abundant
1210 4561 1224 4596 :
1246 4557 1369 4598 vere
1391 4544 1533 4597 enim
1548 4558 1834 4612 possumus
1861 4536 1916 4600 D
1942 4540 2103 4608 nique
2126 4539 2271 4595 aliud
2301 4554 2319 4595 :
2346 4540 2571 4593 salutant
2599 4556 2686 4593 vos
2724 4540 2945 4594 universi
2972 4541 3165 4605 sancti,
3199 4554 3335 4610 quos
3365 4541 3549 4610 utique

233 4637 417 4692 adhuc
457 4638 596 4693 velle
628 4637 671 4692 si
720 4652 825 4690 non
861 4635 1218 4698 abundemus,
1258 4634 1354 4690 scd
1387 4634 1698 4691 habeamus.
1733 4636 1836 4702 Qui

234 4732 498 4797 abundat,
526 4740 582 4787 et
613 4730 772 4785 habet
793 4737 849 4786 et
880 4730 1162 4801 plusquam
1186 4742 1408 4784 necesse
1429 4738 1514 4783 est
1542 4728 1722 4784 habet.
1741 4728 1837 4783 Su-

235 4844 338 4900 pra
370 4829 663 4883 euiutdixit
687 4876 701 4896 ,
731 4844 848 4899 qua:
870 4828 998 4881 mihi
1040 4828 1323 4882 necessaria
1354 4830 1559 4899 fuerunt
1594 4828 1837 4895 misistis;

236 4935 426 4976 nunc:
458 4919 583 4975 Haec
606 4961 623 4986 ,
653 4920 864 4990 inquit,
899 4935 998 4991 ego
1021 4917 1194 4973 habet)
1237 4929 1292 4975 et
1334 4918 1569 4974 abundo.
1595 4919 1837 4991 Denique

238 5013 589 5084 persequitur
626 5022 680 5068 ut
720 5012 971 5068 ostendat
1007 5011 1426 5068 abundantiam:
1458 5012 1701 5083 Repletus
1725 5030 1839 5068 sum

235 5122 361 5161 cum
389 5105 563 5174 accepi
607 5120 721 5176 qua:
763 5120 854 5172 per
880 5102 1167 5173 Epaphrod
1188 5112 1297 5158 tum
1325 5103 1551 5158 misistis.
1596 5102 1673 5158 Ne
1705 5102 1840 5159 illud

234 5200 388 5273 quod
408 5198 648 5255 abundat
675 5197 910 5254 alienum
935 5197 1007 5255 sit
1028 5240 1044 5264 ,
1078 5200 1209 5254 dicit
1232 5206 1289 5253 et
1312 5200 1551 5269 ipsorum
1574 5212 1697 5254 esse
1716 5199 1841 5269 quia

318 5335 401 5407 (l)
433 5333 651 5407 Vulgata
682 5348 786 5407 non
813 5333 913 5388 nisi
944 5333 1334 5407 aliquantulum
1360 5333 1551 5390 variat.

341 5401 402 5476 2)
431 5401 603 5476 Codd.
640 5405 849 5472 quidam
852 5401 974 5476 Jirn
1001 5401 1088 5476 qui
1107 5406 1217 5459 dat.

341 5412 402 5476 2)
431 5412 603 5460 Codd.
640 5412 974 5529 quidam1prti
1001 5412 1088 5476 qui
1107 5412 1217 5459 dat.

319 5412 402 5604 i3)
431 5475 614 5559 vnlg...
636 5476 756 5547 quia
775 5488 820 5530 et
890 5476 1263 5532 hessalonicam
1282 5476 1438 5533 semel
1461 5485 1507 5533 et
1527 5477 1604 5532 bis
1624 5478 1677 5532 in
1695 5492 1847 5533 usum

339 5569 374 5604 tt
405 5558 639 5603 mtststts.

236 5547 391 5606 mihi
405 5547 639 5603 misistis.

346 5622 402 5692 4)
425 5621 592 5692 Codd.
623 5617 994 5692 communicavi
1038 5618 1169 5670 istis.

346 5624 402 5692 4)
425 5624 592 5673 Codd.
623 5624 994 5672 communicavi
1038 5624 1169 5670 istis.

324 5624 406 5766 i5)
429 5688 619 5766 Vulg"
648 5688 773 5766 Non
796 5689 1118 5766 quiaquer
1146 5688 1348 5759 datum,
1368 5691 1460 5748 sed
1478 5690 1684 5762 requiro
1701 5689 1848 5763 [ruc-

240 5759 359 5819 tant
386 5759 730 5818 abundantem
756 5759 817 5814 in
834 5759 1034 5813 ratione
1061 5768 1245 5815 vestra.

1946 4644 2165 4702 accepta
2192 4632 2296 4689 ﬁde
2327 4633 2684 4688 sanctiﬁcavit
2714 4650 2727 4686 :
2750 4632 3007 4703 praecipue
3030 4642 3200 4686 autem
3235 4633 3323 4703 qui
3344 4642 3461 4686 sunt
3484 4648 3550 4687 ea:

1945 4723 2165 4781 Caesaris
2183 4728 2333 4781 domo
2355 4726 2431 4798 (5)
2449 4742 2463 4778 :
2489 4725 2588 4795 ipsi
2611 4739 2708 4779 vos
2734 4725 3001 4794 praecipue
3025 4724 3282 4790 salutant,
3302 4725 3389 4794 qui
3420 4733 3549 4780 sunt

1945 4823 2015 4879 de
2039 4823 2201 4878 domo
2218 4823 2370 4879 Cassa
2380 4823 2472 4876 ris.
2495 4821 2558 4877 Et
2573 4821 2823 4876 virtutem
2844 4818 3107 4891 evangelii
3128 4820 3381 4887 ostendit,
3399 4820 3546 4888 quod

1943 4914 2013 4971 de
2036 4916 2200 4971 domo
2219 4916 2447 4970 Caesaris
2476 4914 2821 4970 crediderunt
2842 4914 2994 4969 multi
3020 4932 3033 4968 :
3058 4915 3147 4986 qui
3172 4914 3354 4984 utique
3373 4916 3543 4972 erecti

1943 5025 2066 5067 esse
2092 5010 2411 5078 debuerant,
2443 5018 2497 5066 et
2526 5009 2657 5065 nihil
2688 5009 2830 5065 aliud
2855 5025 3014 5081 quam
3059 5009 3129 5065 de
3159 5008 3375 5066 Ca23are
3395 5010 3544 5080 cogi-

1941 5112 2086 5158 tare:
2118 5112 2173 5157 et
2202 5118 2388 5159 rursus
2419 5102 2776 5158 humilitatem
2806 5104 3065 5172 ipsorum,
3089 5103 3181 5173 qui
3206 5110 3261 5157 et
3306 5102 3539 5156 humiles

1944 5195 2055 5250 sint
2081 5205 2135 5251 et
2156 5195 2473 5266 hospitales,
2492 5204 2547 5250 et
2575 5209 2764 5249 omnes
2784 5192 2978 5250 fratres
3000 5193 3236 5250 salutent
3251 5193 3382 5249 alibi
3404 5191 3547 5263 posi-

1960 5340 1971 5354 '
2035 5331 2054 5397 (
2067 5331 2117 5397 Ι)
2138 5331 2319 5403 Vulg.,
2346 5331 2583 5402 Replelus
2598 5349 2710 5386 sum
2730 5333 2948 5401 acceptis
2968 5333 3031 5387 ab
3057 5330 3412 5404 Epaphrodito
3433 5347 3549 5398 qua:

1958 5404 2191 5469 misistis,
2215 5406 2423 5460 odorem
2451 5405 2740 5469 suavitatis,
2771 5405 2994 5460 hostiam
3017 5403 3297 5473 acceptam,
3346 5403 3556 5473 placen-

1955 5473 2265 5619 ‘e'zgiolflfita
2311 5547 2691 5619 testimonium
2716 5546 2784 5619 de
2821 5546 2950 5603 Jesu
2994 5543 3197 5599 Christi
3226 5541 3544 5611 divinitate;

1954 5624 2010 5673 et
2038 5618 2228 5674 recole
2248 5631 2542 5676 comment.
2567 5619 2632 5674 ad
2660 5618 2835 5674 Galat.

2023 5688 2100 5759 (3)
2134 5687 2348 5763 Vulgat.
2398 5690 2613 5747 nonni:i
2660 5689 2849 5745 leviter
2897 5684 3072 5741 variat
3114 5685 3167 5741 in
3217 5685 3299 5742 his
3349 5686 3560 5745 duabus

1952 5758 2215 5816 versibus.
2416 5762 2417 5765 “
