4018 6184
624 263 644 315 -l
656 260 763 317 9.55

1868 254 2059 311 MAR"
2102 252 2441 309 \‘lCTilRlNl
2486 252 2638 309 AFRI
3693 260 3771 317 I371}

622 390 725 434 tos.
752 376 903 445 Quod
934 384 1113 430 autem
1136 374 1270 429 dixit
1298 372 1789 445 prmeipueintelligi
1815 372 1938 425 licet
1958 372 2074 425 illos
2101 386 2227 442 opc-
2255 372 2305 432 Λ
2334 380 2440 424 tum
2470 367 2805 422 cxlmrtativa
2840 365 3063 435 epistola
3097 366 3291 434 scripta
3331 374 3377 419 et
3416 366 3461 420 in
3489 383 3626 437 pri-ce.
3651 373 3779 441 (.‘mau,

620 488 737 527 rant
773 471 904 524 dare
953 478 1010 522 ut
1056 469 1301 538 placeant
1332 468 1383 520 in
1415 466 1697 535 obsequio,
1749 474 1802 519 et
1834 464 2034 517 idcirco
2063 473 2215 518 extra

623 572 853 619 easteros
882 560 1079 615 dixerit
1115 559 1258 630 quod
1292 559 1388 628 ipsi
1427 557 1682 612 salutant.

700 656 857 711 Vens.
883 654 976 708 25.
1003 683 1077 695 -—-
1102 651 1282 707 Gratia
1313 651 1522 705 Dontini
1548 649 1709 703 nostri
1733 647 1859 703 Jesu
1899 646 2087 702 Christi
2106 663 2221 700 cum

620 750 807 820 spiritu
832 757 1016 801 vestro.
1041 746 1139 812 Qui
1171 747 1239 799 ita
1265 743 1434 798 sensit
1460 742 1527 797 de
1548 740 1982 811 Philippensibus
2019 747 2076 792 ut
2104 738 2224 793 illos

624 856 734 896 non
757 839 1028 911 quomodo
1048 838 1101 892 in
1133 838 1346 891 cat-teris
1374 835 1616 904 epistolis
1647 842 1851 887 rectum
1881 830 2102 896 sentire,
2131 844 2227 885 ne-

624 950 732 1006 que
760 951 787 987 a
822 930 1284 1004 pseudoapostolis
1307 928 1559 984 seductos
1580 941 1701 982 esse
1734 924 1963 994 accepit,
1993 923 2085 978 sed
2110 931 2231 977 tan-

2323 460 2516 531 inqnit,
2559 459 2771 513 Domini
2816 459 2975 511 nostri
3011 456 3139 512 Iesu
3169 456 3354 511 Christi
3378 474 3481 511 cum
3512 461 3781 530 spiritumtro.

2323 555 2380 610 Si
2408 555 2551 609 enim
2580 554 2806 623 spiritus
2838 553 2999 617 inest,
3023 562 3172 605 recte
3201 551 3448 605 sentiunt.
3473 551 3586 620 Quid
3609 570 3785 624 ergopre.

2326 663 2420 705 ces
2447 656 2610 718 agunt
2640 647 2904 718 apostoli?
2932 645 3002 702 Ut
3036 646 3201 716 gratia
3238 644 3438 699 Domini
3462 644 3567 699 Iesu
3592 646 3730 701 Christi
3750 652 3788 703 sit

2328 757 2450 797 cum
2479 739 2671 810 spiritu
2700 739 2916 793 illorum
2950 738 3000 792 in
3031 738 3249 792 Christo
3277 736 3417 793 Jesu.
3446 741 3606 793 Amen.

2413 833 2662 888 Victorini
2693 832 3114 886 commentarium
3140 835 3192 884 in
3224 830 3476 900 epistolam
3504 829 3631 884 Pauli
3650 834 3791 902 apstuli

2339 925 2408 980 ad
2428 924 2792 995 Philippenses
2813 922 3026 995 explicit
3040 964 3052 976 .

2585 1060 2803 1073 unm

1438 1296 1502 1352 IN
1546 1294 1930 1352 EPISTOLAM
1970 1293 2177 1350 PAULI
2210 1292 2309 1349 AD
2349 1291 2683 1349 EPIIESIOS
2720 1292 2904 1348 LIBRI
2949 1292 3105 1349 DUO.

1172 1411 1380 1469 LIBER
1409 1408 1683 1467 PRIMUS.

704 1512 943 1585 Epistula
975 1510 1039 1564 ad
1074 1508 1336 1579 Ephesios
1383 1520 1648 1560 summam
1692 1504 1837 1559 illam
1892 1511 2059 1568 tenet,
2113 1516 2234 1572 quae

634 1610 797 1663 totius
835 1606 1139 1674 disciplina:
1183 1616 1399 1670 semper
1424 1613 1543 1654 esse
1575 1597 1754 1660 debet,
1806 1597 2010 1652 scilicet
2039 1602 2097 1650 ut
2141 1596 2235 1649 ha-

635 1703 795 1756 beant
818 1701 1178 1770 cognitionem
1213 1696 1517 1764 theologia},
1550 1693 1599 1746 id
1623 1702 1703 1747 est
1738 1692 1833 1746 Dei
1865 1690 2082 1753 Christi,
2118 1706 2235 1761 my-

632 1793 780 1847 sterii
814 1792 981 1861 ipsius
1012 1801 1064 1846 et
1093 1789 1376 1849 adventus,
1434 1794 1484 1839 et
1531 1794 1850 1839 cmterorum
1882 1798 2001 1847 ante
2023 1782 2087 1836 ad
2116 1797 2233 1837 eam

636 1884 1003 1954 cognitionem
1038 1880 1326 1951 pertinent.
1370 1876 1500 1933 Item
1533 1887 1798 1946 prtecepta
1825 1875 2035 1929 vivendi
2082 1874 2237 1928 Chri-

639 1978 828 2032 stianis
854 1976 941 2030 vel
983 1974 1232 2029 omnibus
1277 1972 1358 2027 vel
1384 1970 1608 2043 singulis
1632 1969 2011 2025 convenientia
2054 1968 2231 2024 conti-

639 2079 770 2124 net:
802 2067 929 2139 quid
963 2067 1239 2121 dominum
1273 2063 1412 2134 apud
1437 2078 1677 2125 servum,
1709 2060 1848 2131 apud
1876 2070 2078 2129 patrem
2111 2059 2238 2129 quid

635 2162 827 2227 ﬁlium,
851 2160 974 2231 quid
1004 2158 1253 2213 maritum
1283 2154 1424 2225 apud
1458 2169 1704 2218 uxorem,
1737 2160 1985 2223 oporteat
2040 2152 2234 2205 facere.

645 2254 774 2309 Hmc
804 2253 962 2322 igitur
990 2267 1109 2305 cum
1142 2250 1248 2303 duo
1279 2249 1408 2314 sint,
1445 2242 1707 2317 principio
1739 2244 1805 2298 de
1838 2243 2101 2314 theologia
2130 2242 2241 2297 dis-

638 2360 902 2414 ponemus
925 2344 1173 2397 universa
1209 2359 1222 2394 :
1283 2339 1481 2395 deinde
1526 2338 1594 2393 de
1627 2337 1748 2391 vine
1779 2352 1977 2406 genere
2009 2345 2062 2391 et
2095 2351 2231 2407 pra:-

641 2435 813 2506 ceptis
840 2435 905 2489 ad
940 2432 1247 2487 vivendum.
1306 2431 1446 2488 Sane
1497 2430 1719 2484 materia
1746 2429 1830 2482 illa
1856 2439 1939 2483 est
1969 2428 2236 2507 similiter,

642 2544 764 2596 qua:
791 2529 842 2580 in
872 2527 1124 2581 omnilms
1162 2524 1510 2589 custoditur;
1564 2522 1707 2592 quod
1753 2522 1914 2576 etiam
1963 2520 2179 2590 Ephesii
2210 2534 2239 2575 a

646 2616 1112 2686 pseudoapostolis
1175 2616 1451 2684 depravati
1519 2613 1843 2669 videbantur
1910 2612 2240 2683 judaismum

642 2712 868 2781 iungere
895 2709 1203 2764 christiana:
1232 2708 1553 2776 disciplinae.
1631 2705 1878 2759 Moneodi
1904 2705 2062 2775 igitur
2085 2704 2243 2759 modo

646 2811 702 2856 et
731 2799 1061 2870 corrigendi,
1091 2799 1314 2868 epistola
1361 2799 1457 2852 ista
1498 2796 1799 2864 conscripta
1842 2805 1922 2850 est
1959 2811 1972 2858 ;
2026 2803 2084 2847 ut
2132 2795 2240 2857 illa,

644 2908 764 2962 qua:
792 2902 915 2946 sunt
946 2892 1053 2946 illis
1084 2891 1221 2945 male
1246 2891 1535 2953 insinuata,
1579 2888 1874 2956 corrigant,
1905 2886 2192 2941 emendant
2227 2902 2242 2950 ;

648 2984 864 3055 etquod
897 2984 1149 3038 antcillis
1194 2982 1444 3039 traditum
1477 2989 1579 3045 est,
1604 2980 1929 3040 custodiant,
1982 2990 2141 3049 atque
2192 2980 2242 3032 in

649 3078 839 3133 eodem
872 3087 1241 3145 perseverent.
1295 3076 1516 3129 Summa
1577 3074 1737 3141 igitur
1766 3074 1817 3125 in
1848 3072 2114 3143 principio
2146 3074 2244 3127 ista

645 3181 777 3226 est:
828 3170 1100 3224 Christum
1152 3167 1245 3221 Dei
1298 3166 1485 3228 ﬁlium,
1540 3173 1594 3218 et
1622 3174 1745 3218 ante
1768 3164 2024 3217 mundum
2059 3162 2242 3228 fuis5o,

648 3275 704 3320 et
731 3279 947 3334 semper
966 3276 1106 3325 esse,
1139 3271 1190 3315 et
1225 3260 1399 3329 ipsum
1428 3262 1658 3321 venisse,
1720 3268 1773 3313 et
1803 3259 1854 3312 in
1877 3273 1942 3313 eo
1962 3273 2112 3328 spem
2150 3275 2245 3325 po-

647 3357 804 3411 sitam
836 3370 1008 3419 csse;
1063 3362 1118 3407 et
1144 3353 1261 3422 ejus
1298 3352 1582 3420 promis-ia,
1645 3351 1735 3405 Dei
1785 3351 2045 3418 promissa
2106 3364 2246 3405 esse.

651 3451 803 3519 Quod
836 3454 880 3504 si
913 3451 981 3503 ita
1012 3458 1115 3513 est,
1139 3448 1352 3518 judaica
1382 3445 1660 3513 disciplina
1697 3445 1851 3512 longe
1883 3443 2113 3496 discreta
2143 3455 2248 3506 est,

653 3545 810 3599 aliter
837 3553 1077 3613 accepta,
1110 3541 1265 3595 aliter
1297 3541 1586 3600 insinuata,
1633 3537 1789 3591 aliter
1817 3536 2110 3601 intellecta,
2142 3538 2249 3590 sic-

654 3637 728 3691 uti
784 3633 1093 3705 frequenter
1139 3633 1394 3696 diximus,
1453 3643 1507 3687 et
1550 3644 1691 3684 nunc
1735 3634 2074 3699 exponimus.
2127 3627 2243 3683 Non

656 3742 787 3795 ergo
814 3727 1151 3796 adiungenda
1172 3736 1253 3780 est
1283 3725 1365 3779 vel
1396 3724 1636 3780 scientiae
1665 3723 1861 3777 divina:
1902 3721 1987 3776 vel
2036 3722 2251 3778 vivendi

660 3819 913 3886 operibus
942 3828 997 3872 et
1014 3818 1243 3871 actibus.

730 3911 883 3967 CAP.
904 3910 943 3964 l.
959 3941 1030 3950 —
1046 3910 1207 3964 Vens.
1235 3910 1286 3963 1.
1308 3909 1555 3963 —Sumit
1574 3923 1702 3977 ergo
1723 3906 1932 3963 initium
1956 3906 2251 3973 Christum,

660 4014 723 4060 ut
750 4004 987 4059 insinuet
1041 4013 1096 4059 et
1140 4017 1261 4058 eum
1298 4014 1358 4056 se
1402 4001 1772 4072 evangelizare
1812 4002 2141 4070 proﬁteatur,
2202 4009 2258 4055 et

660 4098 802 4168 quod
833 4099 887 4153 in
919 4101 1038 4167 ipso
1068 4110 1175 4150 uno
1208 4095 1277 4149 sit
1314 4108 1459 4164 Spes.
1524 4092 1580 4148 In
1618 4108 1725 4162 quo
1764 4093 2028 4163 principio
2064 4107 2258 4147 secun-

660 4193 789 4247 dum
818 4190 1260 4246 consuetudinem
1290 4204 1439 4243 suam
1468 4187 1783 4257 Apostolum
1808 4202 1867 4242 se
1901 4186 2026 4242 Jesn
2057 4187 2255 4242 Christi

667 4282 817 4347 dicit,
851 4291 907 4336 ut
951 4282 1017 4335 ad
1054 4281 1369 4335 Romanos:
1417 4279 1617 4333 Paulus
1651 4294 1822 4333 servus
1871 4275 2064 4333 Christi
2106 4278 2255 4334 Iesu.

664 4374 917 4429 Secundo
959 4374 1203 4443 adjunxit
1247 4381 1455 4425 uocatus
1497 4370 1761 4440 apostolus
1782 4370 1965 4441 utique
1986 4382 2204 4424 vocatus
2228 4386 2257 4425 a

667 4468 905 4532 Christo;
938 4475 993 4520 et
1038 4478 1159 4519 eum
1194 4462 1603 4533 prsedestinatus
1631 4461 1685 4515 in
1716 4463 2052 4533 evangelium
2090 4462 2206 4525 Dei,
2229 4477 2259 4517 a

666 4560 886 4616 Christo
904 4558 1336 4631 prmdestinatus;
1355 4555 1482 4609 olim
1508 4554 1941 4624 pra'destinatus;
1966 4563 2019 4607 et
2043 4555 2087 4608 si
2107 4554 2258 4620 olim,

665 4673 793 4727 ergo
808 4657 937 4709 olim
955 4653 1217 4716 Christus;
1235 4650 1335 4705 hoc
1347 4651 1489 4704 enim
1509 4648 1678 4704 .Indwi
1696 4657 1908 4717 negant.
1928 4645 2131 4701 Eodem
2149 4664 2263 4701 mo-

669 4748 739 4799 do
768 4748 831 4799 ad
856 4743 1164 4801 Corinthios
1192 4742 1385 4798 Paulus
1402 4751 1609 4796 vocatus
1635 4740 1899 4810 apostolus
1921 4738 2047 4793 Iesu
2070 4737 2264 4795 Christi

668 4854 761 4908 per
785 4838 1093 4891 voluntatem
1119 4837 1232 4903 Dei,
1276 4851 1396 4907 qua)
1414 4842 1500 4891 est
1517 4832 1764 4890 Christus
1787 4850 1800 4886 :
1850 4833 2098 4888 voluntas
2116 4832 2261 4888 cnim

668 4929 787 4991 Dei,
823 4928 1068 4983 Christus
1093 4939 1213 4994 est;
1259 4929 1380 4998 quia
1400 4943 1462 4984 ea
1486 4927 1612 4982 facit
1640 4942 1758 4996 qua:
1778 4926 1921 4981 Deus
1950 4926 2081 4980 volt.
2122 4925 2263 4997 Ergo

670 5021 872 5077 Christi
891 5023 1163 5089 apostolus
1190 5031 1485 5077 etvoeatus
1505 5036 1534 5075 a
1563 5018 1778 5075 Christo
1811 5038 1823 5074 :
1875 5020 1991 5075 hme
2008 5029 2091 5075 est
2119 5026 2263 5075 enim

671 5114 920 5168 voluntas
953 5113 1069 5167 Dei.
1119 5113 1321 5168 Eodem
1353 5113 1514 5168 modo
1549 5122 1603 5167 et
1649 5113 1702 5168 in
1736 5112 2012 5169 secunda:
2062 5112 2265 5168 Paulus

671 5203 936 5277 apostolus
957 5203 989 5257 J
994 5219 1083 5257 esu
1097 5203 1291 5257 Christi
1305 5221 1397 5273 per
1417 5205 1721 5258 uoluntatem
1741 5205 1855 5260 Dei.
1880 5204 2030 5260 Nunc
2049 5219 2265 5274 quoque

672 5298 865 5354 iisdem
889 5294 1102 5351 verbis:
1127 5292 1319 5348 Paulus
1341 5297 1604 5364 apostolus
1623 5294 1750 5351 Iesu
1771 5294 1960 5353 Christi
1979 5314 2069 5367 per
2091 5297 2268 5352 volun-

675 5406 828 5455 tatem
852 5394 970 5449 Dei.
1007 5390 1112 5448 Sed
1133 5391 1249 5449 ilch
1268 5405 1388 5446 cum
1408 5391 1560 5459 dicit,
1580 5393 1768 5447 sanctis
1785 5393 1871 5461 qui
1889 5402 2005 5449 sunt
2024 5391 2263 5461 ﬁdelibus

677 5488 867 5559 Ephesi
895 5487 994 5559 (I),
1029 5483 1157 5557 quid
1187 5481 1496 5554 adjungitur
1516 5482 1540 5524 7
1569 5484 1621 5536 in
1641 5482 1839 5538 Christo
1867 5482 2014 5537 Iesu.
2051 5483 2126 5538 Ita
2148 5500 2266 5538 om—

746 5659 827 5729 (l)
866 5658 1024 5730 Vulg.
1051 5661 1214 5717 ﬁnem
1238 5658 1399 5730 hujus
1431 5673 1574 5717 vers.
1612 5659 1691 5715 sic
1732 5660 1949 5717 exhibet
1978 5680 1992 5715 :
2020 5661 2268 5719 Omnibus

676 5731 891 5795 sanctis,
914 5733 1000 5798 qui
1021 5743 1137 5786 sunt
1165 5730 1383 5802 Ephesi,
1412 5741 1460 5787 et
1485 5730 1723 5802 ﬁdelibus
1746 5732 1799 5787 in
1819 5730 2021 5790 Christo
2044 5731 2194 5791 Iesu.

2343 1406 2502 1461 nibus
2532 1404 2707 1460 modis
2725 1402 3010 1460 conﬁrmat
3055 1420 3270 1460 omnem
3309 1404 3541 1461 virtutem
3565 1414 3610 1460 et
3632 1410 3802 1477 evangeli

2340 1510 2393 1554 et
2431 1499 2798 1570 intelligentia:
2830 1499 2883 1554 in
2915 1499 3132 1554 Christo
3179 1498 3305 1557 Jesu
3356 1500 3639 1567 consistere,
3668 1511 3707 1556 et
3738 1504 3804 1558 inde

2348 1591 2722 1647 liberationem
2756 1601 2811 1647 et
2833 1592 3092 1660 promissa
3145 1599 3199 1647 et
3231 1600 3480 1646 :eternam
3496 1591 3649 1645 vitam.
3685 1593 3803 1647 Eodem

2342 1683 2503 1739 modo
2525 1682 2648 1737 etin
2669 1684 2901 1749 caeteris,
2924 1693 2982 1738 ut
3010 1692 3131 1753 post
3153 1684 3412 1739 dicemus.

2417 1776 2620 1831 Paulus
2650 1777 2913 1849 apostolus
2942 1777 3070 1831 Iesu
3112 1776 3303 1832 Christi
3343 1794 3429 1848 per
3472 1777 3719 1832 voluntatem
3742 1778 3803 1833 Dtl.

2342 1870 2589 1927 Christus
2614 1869 2754 1925 enim
2787 1870 2943 1926 Jesns
2974 1872 3025 1925 in
3056 1885 3304 1939 corpore,
3364 1871 3473 1940 ipse
3500 1880 3651 1926 autent
3679 1872 3715 1924 in
3744 1875 3805 1941 spi-

2347 1962 2451 2017 ritu
2481 1961 2729 2015 voluntas
2764 1961 2854 2015 Dei
2887 1971 2988 2016 est.
3026 1961 3158 2016 Cum
3181 1976 3310 2032 ergo
3328 1961 3801 2032 elegitlesusChrisus

2347 2063 2401 2110 et
2432 2055 2733 2125 apostolum
2783 2054 3002 2109 Paulum
3042 2054 3188 2117 fecit,
3241 2071 3342 2124 per
3363 2054 3587 2126 spiritum
3603 2054 3736 2127 elegit,
3761 2056 3807 2126 qni

2345 2157 2427 2202 est
2460 2147 2708 2201 voluntas
2748 2147 2862 2213 Dei,
2897 2147 2980 2202 vel
3012 2146 3248 2217 potentia
3269 2146 3459 2217 agendi
3489 2163 3591 2217 qua:
3617 2148 3805 2201 velimult

2347 2249 2526 2294 autem
2549 2236 2799 2294 Christus
2829 2252 2950 2308 qum
2996 2238 3138 2294 Deus
3183 2238 3317 2293 vult.
3369 2238 3684 2309 Intelligamus
3703 2238 3806 2309 igitur,

2346 2342 2403 2387 ut
2426 2347 2569 2402 saepe
2596 2332 2852 2397 diximus,
2878 2332 3039 2387 Deum
3070 2344 3192 2387 esse
3217 2333 3388 2401 ipsam
3435 2331 3695 2401 potentiam,
3728 2348 3807 2400 mi;

2348 2423 2668 2487 nitudinem,
2727 2423 3084 2480 Substantiam
3127 2423 3475 2493 plenitudinis
3528 2420 3802 2486 totius;Cl1ri-

2346 2527 2488 2574 stum
2503 2533 2654 2585 vero,
2676 2516 2726 2572 id
2750 2528 2829 2572 est
2843 2520 2988 2594 λόγον
3012 2534 3154 2583 eum,
3178 2518 3268 2589 qui
3298 2519 3350 2572 in
3365 2516 3568 2573 Christo
3588 2516 3809 2581 luit,beira-

2347 2611 2629 2666 luntatem.
2680 2611 2745 2665 Et
2770 2610 2871 2666 hoc
2897 2611 2943 2664 si
2974 2611 3188 2681 penitus
3229 2609 3392 2681 aliqui
3424 2609 3501 2684 (l)
3543 2624 3597 2665 ac
3637 2607 3807 2679 diligema

2347 2704 2608 2773 attendat,
2639 2705 2876 2760 inveniet
2907 2703 3281 2773 inseparabilia
3340 2719 3461 2759 esse
3507 2704 3644 2758 Deum
3680 2709 3715 2756 et
3744 2700 3807 2765 eius

2350 2797 2703 2864 voluntatem,
2731 2806 2785 2851 et
2811 2805 2988 2852 tamen
3015 2801 3163 2867 quasi
3204 2796 3540 2866 separabilia.
3581 2794 3701 2852 Aliud
3734 2792 3809 2846 enim

2351 2895 2514 2957 Deus,
2548 2893 2692 2948 aliud
2720 2893 2984 2949 voluntas.
3006 2891 3187 2962 juncta
3218 2900 3400 2946 tamen
3433 2899 3485 2946 et
3511 2887 3811 2944 cohrrrntiut

2351 3004 2620 3058 tmnqnatn
2653 2987 2885 3042 discreta
2914 2986 3056 3040 inter
3099 3001 3157 3039 se
3186 2993 3337 3051 sunt,
3392 2993 3446 3040 et
3497 2984 3616 3038 Dens
3635 2979 3809 3035 etDeiw-

2349 3082 2548 3136 luntas.
2583 3080 2672 3135 Sic
2701 3079 2758 3133 ﬁt
2789 3088 2847 3133 ut
2877 3079 2988 3133 sola
3021 3078 3266 3132 voluntas
3296 3077 3456 3145 sciat,
3486 3074 3598 3146 quid
3636 3069 3809 3126 Detrudit

2352 3184 2408 3229 et
2430 3172 2650 3244 cogitet.
2689 3170 2968 3243 Signiﬁcat
2992 3187 3121 3238 ergo
3149 3180 3428 3240 paternam
3450 3166 3693 3240 potentiam
3710 3160 3810 3214 volu-

2358 3278 2438 3322 tas
2465 3267 2583 3331 Del,
2607 3275 2662 3321 et
2683 3266 2735 3320 in
2765 3276 2914 3335 patre
2938 3266 3111 3336 posita
3147 3281 3160 3329 ;
3224 3273 3283 3318 et
3311 3279 3495 3318 rursus
3523 3263 3619 3329 ipsa
3637 3258 3811 3330 patriam

2359 3360 2521 3415 tentia
2554 3360 2604 3413 in
2630 3359 2740 3413 ﬁlio
2770 3375 2784 3423 ;
2813 3359 2935 3429 quia
2967 3356 3108 3412 ﬁlius
3130 3358 3461 3413 Voluntatem
3486 3357 3567 3410 Dei
3588 3354 3698 3413 facit.
3721 3345 3812 3405 Sinti

2358 3463 2412 3509 et
2449 3454 2550 3507 hoc
2587 3452 2841 3508 attentius
2885 3451 3195 3515 videndum,
3251 3452 3522 3522 quomodo
3573 3449 3684 3504 Iiius
3716 3447 3812 3499 sita

2360 3547 2629 3616 quomodo
2670 3558 2840 3616 pater.
2894 3544 3011 3599 Non
3062 3545 3205 3600 enim
3259 3545 3598 3616 generalium
3634 3534 3812 3604 mutasti

2364 3637 2431 3710 (si
2457 3637 2752 3692 similitudo
2780 3634 3037 3707 capienda
3064 3634 3171 3706 est)
3195 3636 3349 3703 quasi
3371 3636 3587 3706 quodam
3612 3638 3722 3704 partu
3740 3642 3813 3678 utea-

2360 3731 2449 3797 tis,
2479 3731 2804 3801 cogitatione
2835 3729 3131 3803 prorumpit
3163 3728 3303 3783 velle
3347 3736 3638 3798 conceptum
3656 3733 3696 3777 et
3726 3718 3812 3774 eius

2360 3823 2525 3878 ditur.
2572 3822 2782 3878 Etenim
2829 3821 3181 3893 cogitationes
3218 3820 3438 3883 animae,
3488 3816 3624 3890 quasi
3659 3814 3725 3871 lilii
3756 3818 3812 3863 seu

2362 3917 2575 3970 animae.
2614 3915 2781 3971 Porro
2803 3930 2922 3968 cum
2958 3914 3100 3968 Deus
3131 3912 3425 3967 universali
3445 3910 3715 3985 cogitatione
3733 3915 3812 3956 utan

2360 4010 2691 4064 voluntatem
2714 4008 2933 4075 habeat,
2979 4006 3181 4061 idcirco
3210 4022 3350 4060 unus
3370 4016 3464 4061 est
3498 4003 3626 4059 ﬁlius
3646 3996 3813 4057 ettlniwv

2360 4104 2479 4160 Non
2507 4104 2651 4159 enim
2674 4101 2927 4173 cogitavit
2958 4100 3104 4171 prius
3135 4098 3359 4170 aliquid,
3410 4107 3461 4154 et
3485 4106 3645 4168 postea
3665 4089 3759 4146 aliud
3776 4084 3814 4133 tri

2362 4197 2657 4261 diversum,
2682 4210 2790 4250 non
2820 4193 2979 4249 modo
3008 4194 3359 4247 contrarium.
3419 4190 3557 4247 Unde
3601 4199 3706 4241 unus
3734 4184 3811 4232 tum.

2364 4306 2502 4346 unus
2530 4289 2777 4344 Christus
2803 4304 2819 4354 ;
2850 4287 2901 4342 id
2925 4295 3008 4342 est
3032 4300 3169 4340 unus
3198 4294 3370 4355 pater,
3402 4300 3529 4341 unus
3555 4281 3687 4336 ﬁlius.
3708 4271 3771 4329 Sed
3789 4278 3813 4318 ω

2366 4384 2625 4448 diximus,
2658 4380 2774 4435 hzrc
2803 4395 3019 4451 semper
3045 4379 3295 4435 voluntas
3322 4395 3353 4433 a
3381 4380 3505 4446 Deo,
3542 4388 3589 4432 et
3614 4377 3655 4429 in
3679 4372 3750 4425 Deo
3777 4374 3813 4415 e11
3854 4394 3855 4397 η

2367 4476 2624 4547 potentia,
2649 4484 2699 4530 et
2728 4475 2842 4546 ipsa
2872 4474 2987 4538 Dei,
3032 4480 3087 4529 et
3115 4482 3281 4544 patris
3308 4473 3501 4527 virtute
3541 4471 3671 4543 plena
3702 4472 3737 4517 et
3764 4459 3814 4523 ira”:

2366 4569 2626 4634 existens,
2684 4577 2738 4622 et
2787 4566 2901 4637 ipsa
2944 4581 3064 4638 quae
3093 4565 3194 4621 huc
3215 4565 3426 4621 venerit
3446 4564 3495 4619 in
3526 4559 3815 4621 tnumlumsz’l8
3854 4568 3855 4638 γ

2371 4663 2475 4716 alio
2505 4670 2664 4732 atque
2690 4660 2795 4715 alio
2819 4659 3017 4725 modo;
3049 4667 3100 4714 et
3130 4675 3268 4713 nunc
3315 4659 3370 4713 in
3415 4672 3584 4721 carne,
3630 4663 3744 4722 quam
3770 4640 3815 4692 sit
3854 4640 3855 4703 ἲ

2371 4756 2609 4827 potentia
2631 4770 2727 4810 sua
2750 4752 3032 4818 formavit;
3054 4763 3108 4807 et
3129 4754 3439 4823 mysterium
3462 4757 3656 4821 prepter
3671 4735 3817 4827 mundus

2371 4856 2425 4902 et
2449 4847 2677 4912 animas,
2700 4860 2819 4915 quin
2841 4845 2895 4899 in
2917 4843 3118 4898 mundo
3138 4843 3500 4904 trahebantur,
3524 4822 3817 4907 impleritsi‘ri'
3854 4834 3855 4921 χ

2372 4938 2450 4993 bit
2482 4938 2641 5009 igitur
2667 4937 2859 4992 Paulus
2884 4937 3095 5001 sanctis,
3120 4934 3314 5005 inquit,
3361 4935 3446 5002 qui
3492 4944 3596 4986 sunt
3636 4924 3817 5010 thﬂif‘
3854 4962 3855 5010 ὲ

2368 5000 2605 5100 ﬁdelibus
2628 5029 2682 5084 in
2709 5026 2911 5083 Christo
2940 5000 3087 5082 Jesu.
3131 5000 3469 5083 Cdosuirixit
3511 5022 3616 5077 illos
3653 5025 3694 5071 et
3723 5002 3818 5100 ΙίῖῆίΞῖ

2368 5098 2436 5177 ad
2458 5122 2776 5193 religionem
2821 5130 3179 5190 caeteramque
3232 5116 3442 5173 vivendi
3477 5114 3646 5184 legem,
3690 5098 3820 5197 «Wf’

2369 5223 2583 5271 sanctos
2627 5214 2748 5270 illos
2793 5213 3080 5284 appellavit
3125 5222 3176 5267 et
3209 5210 3392 5266 ﬁdeles
3421 5210 3473 5265 in
3499 5198 3817 5263 Cltristo,iﬂll‘""

2369 5308 2513 5364 Jesu.
2544 5308 2598 5362 ln
2632 5307 2750 5364 aliis
2775 5306 3017 5376 epistolis
3041 5322 3161 5365 eum
3184 5306 3251 5362 ad
3277 5304 3560 5363 Ecclesiam
3592 5310 3635 5355 et
3659 5293 3709 5351 ad
3730 5298 3819 5360 PP”
3854 5290 3855 5293 U

2368 5405 2479 5459 lum
2509 5402 2716 5468 scribit,
2750 5417 2855 5457 non
2878 5400 3100 5471 apponit
3125 5380 3313 5454 sanctis
3338 5406 3386 5452 et
3412 5394 3643 5466 ﬁdelibus;
3689 5394 3727 5439 at
3750 5390 3817 5471 te”
3854 5434 3855 5439 η

2369 5510 2530 5560 nunc,
2559 5495 2682 5565 quia
2708 5493 2833 5549 illos
2859 5492 2926 5548 ad
2957 5493 3128 5562 legem
3166 5490 3396 5545 nominis
3444 5496 3610 5543 tenere
3647 5470 3815 5550 ειιιιὶεδοό

2370 5604 2437 5645 ne
2468 5603 2664 5644 novum
2692 5587 2834 5643 aliud
2856 5587 2997 5657 quod
3027 5594 3179 5643 extra
3202 5599 3395 5643 nomen
3414 5589 3553 5639 esset
3565 5565 3815 5646 aditi"le

2445 5734 2526 5808 (I)
2567 5734 2642 5792 Ita
2672 5733 2832 5793 codd.
2865 5750 2964 5805 pro
3000 5734 3208 5804 aliquis.
