4018 6184
262 249 395 308 i257

1102 249 1167 305 IN
1206 244 1592 307 EPISTOLAM
1625 249 1826 306 PAULI
1862 248 1955 305 AD
2007 250 2340 309 EPHESIOS
2379 252 2581 309 LIBER
2616 254 2655 309 1.

3418 259 3556 313 1258

261 369 511 440 quoniam
536 368 850 424 sanctificati
878 369 986 440 iam
1013 378 1137 425 sunt
1165 369 1267 424 hoc
1296 370 1533 437 nomine,
1583 378 1637 425 et
1663 367 1851 424 fideles
1877 369 1925 426 Α
1953 367 2182 423 nedietus
2196 378 2269 423 est
2296 379 2458 439 pater.
2503 370 2771 438 Quoniam
2791 378 2847 425 et
2890 377 3075 427 uoster
3102 380 3156 427 et
3194 372 3413 440 Christi,
3457 373 3553 426 ad-

262 463 311 517 in
331 461 549 518 Christo
572 472 699 517 sunt
728 479 743 528 ;
775 462 978 518 idcirco
1001 478 1068 519 eo
1098 465 1215 534 ipso
1239 463 1383 533 quod
1409 463 1530 518 illos
1553 465 1604 517 in
1635 461 1849 518 Christo
1943 458 2123 527 junxit
2152 470 2296 529 pater
2321 459 2531 515 Domini
2553 462 2711 515 nostri
2728 460 2855 515 Iesu
2875 459 3087 516 Christi.

262 565 475 612 sanctos
496 564 552 610 et
577 554 766 610 ﬁdeles
790 556 1103 622 nominavit,
1127 556 1360 611 ostendit
1391 555 1512 611 illos
1542 555 1671 610 nihil
1701 554 1849 609 aliud

262 646 460 702 sentire
479 644 701 711 debere,
729 645 832 701 nisi
862 645 1049 702 ἔσως’
1073 646 1371 713 Christum,
1420 648 1575 717 cuius
1630 645 1852 700 nomine

264 738 435 792 sancti
463 747 590 793 sunt
614 748 668 793 et
698 737 904 793 fideles.

333 828 498 885 Vens.
523 830 577 883 2.
600 859 672 871 ——
701 829 883 884 Gratia
910 830 1051 885 vobis
1075 839 1125 884 et
1145 846 1249 901 patr
1289 848 1323 885 a
1364 830 1471 885 Deo
1512 840 1659 900 patre
1679 839 1853 885 nostra

263 938 310 979 et
350 922 569 978 Domino
593 922 721 978 Iesu
759 924 978 980 Christo.
1023 924 1138 979 Duo
1179 932 1306 980 sunt
1349 940 1470 993 qua:
1519 924 1754 979 maxime
1798 933 1855 977 et

265 1017 636 1073 contentiones
684 1018 877 1073 tollunt
911 1027 967 1073 et
1001 1019 1414 1088 praeceptionem
1471 1018 1567 1073 Dei
1613 1018 1848 1086 tradunt,

264 1110 431 1180 gratia
449 1117 503 1164 et
521 1124 649 1180 pax.
664 1107 925 1177 Quoniam
946 1112 1105 1181 igitur
1119 1111 1207 1166 isti
1225 1126 1413 1167 errore
1427 1112 1800 1182 tenebantur(l
1811 1108 1855 1183 ),

264 1202 467 1257 idcirco
487 1210 671 1272 optata
693 1212 775 1258 est
798 1202 906 1258 illis
927 1205 1117 1274 gratia,
1145 1204 1199 1258 id
1217 1212 1300 1259 est
1317 1215 1370 1259 ut
1395 1205 1565 1259 Deum
1583 1204 1852 1271 noverint,

264 1304 317 1351 et
340 1294 499 1365 plene
521 1295 691 1350 Deum
718 1302 775 1350 et
799 1296 1072 1351 Christum
1110 1306 1420 1368 sequantur,
1474 1306 1529 1353 et
1556 1297 1610 1351 in
1639 1296 1857 1353 Christo

264 1390 444 1445 omnia
469 1390 759 1458 collucent,
793 1391 1033 1461 nihilque
1055 1391 1201 1447 aliud
1222 1391 1541 1447 admittant:
1571 1393 1618 1447 si
1641 1390 1855 1459 quidem

260 1483 560 1554 iudaismus
589 1496 697 1538 non
721 1482 913 1540 eodem
968 1484 1132 1540 modo
1160 1492 1264 1550 est,
1317 1492 1375 1539 ut
1421 1499 1525 1539 non
1580 1482 1856 1538 Christum

266 1578 469 1633 laceret
496 1592 510 1630 :
544 1591 650 1631 non
680 1577 823 1642 enim
852 1578 1049 1646 legem,
1080 1578 1174 1633 sed
1206 1575 1613 1647 intelligentiam
1644 1575 1856 1629 vivendi

266 1681 541 1740 acceptam
566 1670 817 1726 aiudais
855 1671 1119 1741 repudiat,
1166 1671 1308 1726 sicut
1355 1678 1478 1739 post
1520 1667 1853 1724 docebimus.

2026 556 2230 612 Deinde
2263 558 2540 627 subiunxit
2558 571 2799 622 causam,
2828 558 3100 627 quomodo
3131 558 3445 615 benedictus
3464 561 3553 630 qui

1950 664 2074 714 nos,
2107 649 2312 719 inquit,
2348 650 2603 704 benedixit
2638 650 2692 704 in
2723 649 2863 704 omni
2886 649 3235 705 benedictione
3257 652 3479 722 spiritali
3501 654 3555 707 in

1949 740 2252 796 caelestibus.
2288 741 2386 796 llic
2418 741 2693 796 hominum
2722 741 3065 798 miserandus
3090 757 3248 799 error
3272 743 3514 799 attendat
3536 784 3552 808 ,

1951 831 2267 889 benedictos
2300 848 2401 889 nos
2427 834 2562 889 dixit
2600 836 2736 890 etin
2778 838 2926 890 omni
2971 835 3349 892 benedictione
3387 836 3555 892 bene-

1953 924 2126 980 dictos
2154 941 2168 977 :
2192 938 2322 995 ergo
2349 925 2480 980 nihil
2511 926 2637 980 mali
2666 927 2772 996 pati
2800 926 2961 982 debet
2985 928 3075 998 qui
3099 927 3417 982 benedictus
3445 938 3551 983 est.

1956 1019 2064 1076 Sed
2109 1020 2234 1090 quid
2278 1019 2357 1091 Η)
2399 1020 2675 1091 adiunxit?
2717 1020 2770 1075 id
2797 1032 2880 1076 est
2924 1022 2978 1075 in
3008 1022 3156 1077 omni
3182 1021 3557 1078 benedictione

1956 1115 2203 1185 spiritali,
2239 1129 2345 1169 non
2374 1116 2595 1170 carnali.
2617 1115 2773 1184 Quod
2802 1117 2846 1169 si
2874 1115 3000 1185 quid
3034 1116 3118 1170 hic
3150 1116 3202 1169 in
3233 1116 3431 1171 mundo
3461 1131 3556 1185 pa—

1958 1209 2119 1264 timur
2156 1208 2419 1263 malorum
2440 1250 2454 1272 ,
2487 1209 2531 1264 si
2563 1208 2691 1277 qttid
2720 1208 2883 1263 etiam
2913 1216 3098 1273 extra,
3139 1221 3248 1262 non
3279 1209 3557 1263 adscriba-

1958 1314 2079 1355 mus
2110 1299 2253 1366 Deo,
2281 1300 2375 1355 sed
2401 1300 2558 1356 nobis
2581 1300 2769 1370 magis.
2793 1299 2943 1355 Tunc
2963 1300 3105 1355 enim
3127 1300 3560 1357 benedictionem

1958 1392 2341 1460 consequimur
2380 1391 2427 1446 si
2462 1392 2734 1461 spiritales
2770 1393 2980 1458 simus,
3028 1401 3085 1447 et
3122 1391 3441 1462 spiritaliter
3471 1407 3558 1447 sa-

1962 1483 2169 1551 piamus
2188 1525 2203 1549 ,
2234 1493 2288 1538 et
2317 1483 2578 1555 spiritalia
2611 1486 2747 1538 bona
2776 1498 3101 1553 qumramus.
3135 1483 3204 1538 Et
3233 1493 3403 1554 potest
3434 1484 3558 1553 qui-

1960 1575 2087 1629 dem
2116 1574 2233 1630 ﬁeri
2258 1585 2315 1630 ut
2342 1578 2459 1631 ha-c
2489 1576 2669 1630 omnia
2703 1576 3029 1641 sentiamus;
3061 1591 3162 1631 nec
3188 1575 3351 1637 obsit,
3371 1576 3416 1629 si
3442 1576 3561 1630 hac

1960 1676 2013 1720 et
2043 1667 2147 1719 alia
2176 1668 2505 1732 sentientes,
2538 1667 2802 1737 patiamur
2832 1676 3010 1721 tamen
3039 1666 3238 1736 aliquid
3267 1666 3478 1721 adversi
3506 1666 3563 1721 in

265 1761 408 1831 Ergo
425 1763 597 1831 gratia
628 1762 800 1824 vobis,
827 1762 1019 1833 inquit,
1050 1772 1105 1816 ut
1135 1761 1450 1831 intelligatis
1470 1760 1660 1825 Deum,
1690 1771 1747 1815 et
1772 1774 1855 1815 se.
1887 1754 1937 1813 Β
1963 1757 2184 1812 mundo.
2213 1757 2454 1828 Namque
2473 1758 2626 1812 multi
2649 1758 2960 1828 spiritaliter
2978 1766 3221 1827 agentes,
3245 1758 3558 1827 spiritaliter

264 1851 495 1908 cundum
527 1851 620 1909 Dei
643 1861 905 1923 praecepta
934 1854 1147 1908 vivatis.
1181 1853 1435 1922 Adiunin
1460 1863 1508 1907 et
1535 1869 1639 1924 pax
1657 1868 1691 1906 α
1713 1850 1820 1906 Deo
1838 1868 1858 1906 :

265 1946 494 2015 quiaqui
522 1946 793 2013 dissentit,
822 1947 1006 2016 utique
1031 1946 1332 2002 discordat:
1385 1960 1517 2015 ergo
1566 1957 1620 1999 ct
1671 1961 1767 2015 pax
1827 1960 1856 2000 a

268 2035 382 2090 Deo
424 2036 599 2102 vobis,
645 2052 769 2091 cum
830 2036 943 2091 Deo
994 2046 1168 2106 patre,
1230 2036 1422 2107 inquit,
1476 2045 1681 2091 nostro.
1730 2036 1859 2091 Vide

268 2135 523 2195 quantum
549 2128 736 2196 gratiae
755 2126 912 2182 datur
932 2142 962 2181 a
994 2129 1129 2191 Deo,
1150 2141 1272 2197 quae
1310 2137 1492 2196 aptata
1550 2138 1633 2182 est
1678 2127 1860 2196 Ephe-

269 2220 394 2275 siis:
413 2220 675 2291 siquidem
709 2221 849 2275 Deus
879 2228 1031 2289 pater
1055 2228 1139 2274 est
1159 2230 1363 2275 noster.
1396 2219 1598 2275 Deinde
1619 2221 1863 2290 adiunxit

271 2313 461 2383 (unum
511 2321 597 2367 est
645 2311 789 2367 enim
839 2311 997 2366 sicuti
1051 2326 1214 2381 supra
1262 2312 1517 2384 diximus)
1546 2324 1596 2367 et
1640 2310 1863 2367 Domina

269 2414 444 2459 nostra
489 2403 619 2459 Iesu
656 2403 878 2461 Christo.
925 2404 1019 2460 Ille
1058 2404 1205 2460 enim
1249 2405 1393 2459 Deus
1417 2416 1521 2469 est,
1579 2405 1667 2460 hic
1717 2407 1860 2461 enim

270 2498 369 2553 Dei
400 2498 638 2567 potentia
669 2507 747 2553 est
782 2498 912 2563 ;ille
939 2504 1107 2567 pater,
1137 2496 1226 2552 hic
1255 2498 1416 2552 illius.
1466 2496 1705 2552 Itasime
1746 2512 1864 2551 om-

271 2589 357 2643 nis
374 2588 471 2644 Dei
496 2588 668 2658 gratia
691 2597 747 2643 et
770 2588 1003 2658 potentia
1034 2589 1087 2643 iu
1122 2587 1335 2643 Christo
1364 2587 1492 2643 Jesu
1519 2596 1620 2644 est.
1669 2587 1773 2642 Per
1801 2588 1866 2643 il—

272 2682 384 2738 lum
413 2680 559 2737 enim
579 2695 701 2736 eum
734 2679 1013 2751 impletum
1043 2681 1116 2737 sit
1172 2680 1487 2752 mysterium
1532 2680 1863 2747 salvationis,

273 2776 327 2832 in
358 2776 477 2846 ipso
521 2784 609 2831 est
650 2775 828 2830 omnis
870 2774 1113 2829 salvatio.
1155 2774 1290 2829 Nam
1325 2782 1381 2830 et
1431 2782 1558 2829 ante
1592 2773 1865 2831 Christum

273 2868 417 2923 idem
448 2867 542 2924 Del
569 2867 732 2930 ﬁlius,
762 2867 817 2923 id
864 2876 946 2923 est
972 2867 1141 2941 λόγος,
1174 2867 1225 2921 id
1249 2877 1332 2923 est
1357 2864 1627 2935 Christus,
1662 2878 1716 2923 et
1744 2868 1864 2938 fuit,

274 2972 329 3019 ct
378 2978 592 3033 semper
619 2972 721 3029 est,
756 2970 810 3018 et
856 2963 981 3029 erit,
1034 2973 1089 3018 et
1118 2978 1213 3032 per
1248 2964 1425 3032 ipsum
1472 2964 1687 3019 condita
1743 2974 1868 3019 sunt

274 3055 475 3111 omnia.
506 3055 610 3110 Sed
641 3054 783 3111 idem
810 3054 929 3124 ipse
955 3055 1008 3109 in
1027 3053 1244 3110 Christo
1265 3054 1387 3121 fuit,
1417 3054 1555 3111 idest
1598 3054 1677 3129 (ﬁ)
1703 3055 1863 3118 Jesu;

1961 1848 2205 1904 viventes
2222 1892 2237 1915 ,
2259 1851 2423 1905 multa
2443 1850 2739 1906 substinent
2762 1850 2985 1905 adversa
2999 1892 3015 1915 ,
3038 1859 3094 1904 ut
3122 1849 3318 1906 Paulus
3338 1891 3355 1915 ,
3387 1857 3444 1904 ut
3464 1849 3564 1905 Pc«

1964 1942 2602 2009 trus,utctetcri.Verum
2628 1943 2716 1997 ubi
2741 1952 2825 1998 est
2847 1943 2931 1996 illa
2960 1941 3284 2009 benedictio,
3313 1958 3438 2013 quae
3466 1959 3564 1996 nos

1963 2032 2275 2088 benedictus
2302 2032 2460 2088 facit?
2483 2035 2575 2090 Dei
2609 2034 2910 2091 benedictio
2934 2052 2948 2087 ;
2975 2050 3081 2089 non
3106 2035 3331 2106 spiritali
3359 2044 3564 2093 tantum

1962 2126 2373 2190 benedictione,
2401 2124 2497 2183 sed
2529 2127 2580 2180 in
2613 2126 2958 2191 ccelestihus,
2992 2126 3042 2181 id
3077 2135 3160 2183 est
3188 2142 3311 2183 cum
3355 2142 3424 2184 ex
3463 2127 3564 2183 hoc

1964 2220 2167 2276 mundo
2212 2220 2523 2276 exierimus.
2563 2220 2705 2290 Ergo
2744 2219 2972 2277 ferenda
3011 2228 3138 2276 sunt
3175 2223 3393 2286 omnia,
3440 2221 3563 2288 quia

1964 2330 2085 2380 qua:
2116 2313 2270 2368 nobis
2300 2314 2679 2381 promittuntur
2705 2328 2772 2369 ex
2800 2313 2891 2369 Dei
2925 2313 3334 2381 benedictione,
3363 2322 3421 2368 et
3448 2314 3562 2383 spi-

1964 2406 2137 2461 ritalia
2157 2415 2276 2460 sunt
2302 2415 2357 2460 et
2377 2405 2431 2460 in
2448 2405 2758 2462 omlestibus
2778 2415 2924 2470 sunt,
2940 2405 2990 2459 id
3004 2415 3088 2461 est
3107 2415 3262 2461 extra
3280 2404 3563 2463 mundum.

1966 2514 2127 2569 supra
2155 2499 2343 2553 eteius.
2386 2498 2451 2554 Et
2496 2498 2613 2554 lucc
2651 2506 2828 2554 tamen
2870 2498 3049 2554 omnia
3072 2540 3086 2561 .
3133 2498 3294 2555 sicuti
3322 2498 3483 2563 dicit,
3513 2498 3565 2552 in

1963 2589 2095 2647 Jesu
2113 2590 2329 2646 Christo
2355 2608 2368 2643 :
2393 2592 2508 2660 ipse
2531 2602 2611 2645 est
2636 2592 2781 2651 enim
2807 2590 3046 2659 spiritus.
3078 2590 3137 2645 Et
3161 2589 3425 2660 spiritalia
3443 2604 3564 2645 cum

1966 2685 2349 2754 promittuntur
2398 2683 2453 2739 in
2496 2681 2712 2740 Christo
2752 2683 3173 2753 pmmittunlur:
3219 2692 3277 2739 ct
3301 2698 3403 2741 nos
3442 2695 3566 2743 tunc

1967 2790 2358 2844 consequemur
2386 2775 2643 2844 spiritalia
2662 2817 2679 2841 ,
2706 2777 2751 2831 si
2777 2774 3052 2832 Christum
3084 2790 3389 2845 sequemur.

2006 2858 2011 2863 ’
2046 2867 2208 2922 Vsus.
2246 2868 2294 2922 4.
2321 2897 2395 2911 —-
2430 2866 2517 2922 Ita
2546 2877 2603 2922 ut
2642 2865 2723 2937 (2)
2759 2866 2907 2938 elegit
2933 2882 3027 2923 nos
3051 2868 3104 2920 in
3136 2868 3252 2933 ipso
3278 2878 3394 2923 ante
3442 2883 3567 2923 con-

1969 2962 2283 3017 stitutionem
2328 2959 2531 3027 mandi,
2576 2970 2631 3015 ut
2680 2966 2902 3015 essemus
2943 2959 3127 3013 sancti.
3174 2958 3252 3019 De
3293 2957 3572 3021 divinitate

1974 3066 2231 3111 tractatus
2257 3066 2369 3119 est,
2405 3065 2461 3112 et
2487 3056 2730 3128 mysterii
2764 3055 2924 3109 totius
2954 3053 3137 3110 brevis
3174 3053 3483 3124 explicatio,
3515 3053 3569 3108 in

280 3159 335 3204 et
364 3159 475 3203 tum
506 3148 756 3204 subvenit
784 3148 942 3203 saluti
973 3148 1211 3203 omnium
1245 3148 1525 3203 hominum
1554 3149 1724 3204 Deum
1770 3163 1864 3204 eo-
1893 3141 1938 3206 C
1971 3164 2079 3215 quo
2109 3157 2375 3217 ponuntur
2407 3147 2557 3212 haec;
2585 3147 2727 3217 quod
2773 3154 2898 3200 ante
2926 3144 3187 3203 mundum
3224 3145 3491 3207 Christus,
3520 3151 3574 3205 tt

259 3240 655 3312 .guoscentium
677 3248 732 3296 et
750 3250 1014 3311 prvecepta
1033 3256 1127 3295 sua
1153 3241 1503 3296 servantium.

347 3333 513 3389 Vsus.
545 3334 602 3390 5.
621 3364 693 3375 -
718 3333 1027 3388 Benedictus
1044 3343 1117 3387 est
1156 3334 1235 3405 (5)
1263 3345 1406 3404 pater
1451 3333 1658 3388 Domini
1708 3335 1868 3388 nostri

272 3429 402 3484 Iesu
425 3425 638 3483 Christi.
693 3426 1029 3498 Magniﬁcum
1059 3436 1433 3497 argumentum
1461 3427 1643 3493 sumit,
1687 3436 1745 3481 ut
1770 3443 1866 3481 ex-

275 3531 442 3591 ponat
462 3536 557 3591 per
584 3519 860 3576 Christum
891 3521 1070 3575 omnia
1106 3519 1265 3586 facta,
1317 3530 1372 3577 et
1422 3521 1715 3589 potentiam
1747 3535 1866 3589 my-

274 3615 451 3670 sterii.
503 3612 564 3669 Id
590 3627 720 3683 ergo
736 3612 916 3683 iunxit
949 3620 1004 3667 ut
1048 3625 1308 3681 quantum
1354 3611 1510 3667 nobis
1552 3611 1869 3681 praestiterit

276 3708 545 3773 Christus,
575 3706 727 3763 idem
758 3707 898 3763 Deus
916 3723 1011 3777 per
1027 3705 1325 3770 Christum,
1355 3716 1742 3777 cognoscerent
1772 3707 1870 3761 ho-

277 3802 473 3863 mines,
497 3808 552 3855 et
573 3801 741 3870 magis
769 3800 988 3868 Ephesii
1021 3818 1033 3853 :
1078 3814 1185 3870 quo
1211 3801 1450 3870 cognito,
1488 3815 1518 3853 a
1547 3800 1745 3855 Christi
1774 3814 1871 3854 no-

278 3896 425 3951 mine
446 3909 552 3948 non
584 3893 918 3949 recederent.
959 3894 1169 3948 Etenim
1189 3909 1347 3962 supra
1376 3893 1514 3947 dixit
1540 3894 1707 3964 gratia
1730 3894 1870 3946 vobis

278 3998 326 4043 et
355 4003 458 4058 pas:
477 4004 510 4041 a
540 3985 650 4041 Dea
678 3996 821 4056 patre
845 3996 1038 4041 nostra.
1082 3985 1152 4039 Et
1177 4001 1299 4040 cum
1330 3984 1558 4040 dixisset
1582 3995 1629 4038 et
1652 3983 1872 4039 Domino

276 4081 404 4137 Iesu
425 4081 647 4146 Christo,
679 4079 806 4151 quid
836 4079 1143 4149 subiungit?
1174 4078 1480 4133 Benedictus
1500 4088 1573 4132 est
1595 4087 1737 4150 pater
1760 4077 1870 4131 Do-

278 4176 409 4230 mini
436 4175 597 4229 nostri
621 4172 747 4228 Iesu
772 4172 981 4228 Christi.
1011 4171 1131 4227 1am
1158 4184 1290 4240 ergo
1337 4171 1385 4225 si
1431 4171 1569 4225 Deus
1623 4180 1676 4225 et
1724 4179 1874 4239 pater

280 4279 467 4326 noster
491 4279 596 4336 est,
623 4268 806 4339 quanti
836 4281 1045 4334 sumus,
1074 4274 1131 4321 et
1154 4264 1345 4336 quanti
1386 4264 1611 4335 gratiam
1662 4264 1874 4333 accepi-

281 4365 443 4419 mus?
495 4361 759 4433 siquidem
805 4358 1020 4414 Christo
1055 4358 1258 4428 cogniti
1312 4372 1518 4423 sumus,
1571 4366 1627 4413 et
1679 4355 1873 4413 fratres

278 4460 479 4519 Christi
502 4459 625 4514 facti
654 4475 668 4513 :
692 4457 954 4528 siquidem
978 4472 1142 4511 unttm
1170 4457 1335 4510 Deum
1360 4462 1565 4525 patrem
1588 4454 1865 4508 habemus.

1971 3241 2112 3310 quod
2138 3240 2366 3295 mundus
2386 3239 2577 3305 factus,
2593 3239 2808 3308 etquod
2831 3249 2955 3295 ante
2974 3237 3232 3293 mundum
3252 3238 3443 3292 anima"
3463 3235 3566 3307 (ὃ),

1970 3342 2026 3387 et
2055 3331 2195 3401 quod
2229 3331 2321 3386 Dei
2351 3331 2702 3401 dispositione
2732 3331 2993 3393 mundus,
3016 3337 3070 3384 et
3104 3328 3244 3398 quod
3275 3329 3366 3383 Dei
3388 3328 3571 3398 dispo-

1969 3424 2165 3480 sitione
2184 3425 2379 3478 anima:
2409 3423 2491 3480 vel
2513 3422 2568 3479 in
2594 3422 2849 3477 mundum
2873 3422 3141 3486 venerint,
3169 3421 3255 3485 vei
3277 3420 3347 3479 de
3372 3421 3570 3477 mundo

1970 3516 2261 3573 liberentur
2318 3534 2330 3567 :
2387 3515 2564 3585 sitque
2611 3516 2859 3572 voluntas
2924 3515 3015 3571 Dei
3064 3530 3225 3571 omne
3279 3514 3423 3583 quod
3481 3530 3573 3584 ge—

1970 3613 2126 3678 ritur,
2197 3620 2251 3667 et
2318 3610 2460 3681 quod
2520 3610 2797 3680 praemium
2844 3611 2916 3665 sit
2965 3609 3260 3666 secundum
3297 3608 3569 3665 Christum

1971 3703 2293 3768 viventibus,
2344 3712 2402 3755 ut
2451 3710 2507 3757 et
2553 3710 2769 3771 peccata
2815 3700 3104 3766 donentur,
3135 3710 3191 3756 et
3239 3697 3571 3768 participatio

1971 3795 2039 3850 sit
2071 3793 2226 3849 nobis
2252 3793 2436 3862 gloria:
2469 3794 2585 3857 Dei;
2617 3793 2684 3846 de
2705 3807 2810 3863 qua
2838 3801 2894 3847 et
2927 3793 2981 3846 in
3005 3791 3123 3849 aliis
3151 3789 3401 3860 epistolis
3429 3799 3572 3849 trac-

1975 3886 2221 3941 tavimus.
2244 3884 2520 3953 Simulque
2540 3884 2626 3939 hic
2639 3884 2872 3954 tangitur
2889 3899 3009 3954 qua!
3029 3898 3261 3946 summa,
3281 3896 3572 3954 quaeram

1971 3981 2042 4035 sit
2068 3978 2230 4035 totius
2263 3977 2535 4049 mysterii;
2575 3977 2660 4033 vel
2700 3977 2957 4037 mundum
2989 3975 3184 4031 factum
3207 3990 3332 4031 esse
3354 4015 3370 4041 ,
3401 3975 3483 4031 vel
3514 3974 3569 4033 iu

1971 4071 2187 4126 Christo
2210 4071 2489 4133 mundum,
2521 4078 2613 4124 aut
2642 4085 2673 4126 a
2701 4068 2918 4126 Christo
2942 4068 3198 4123 mundum
3221 4067 3457 4125 factum:
3488 4065 3572 4122 vel

1973 4166 2179 4220 animas
2208 4165 2259 4218 in
2284 4164 2538 4218 mundum
2561 4163 2774 4229 missas,
2807 4162 2891 4216 vel
2914 4159 3601 4256 anteW

1973 4264 2025 4312 et
2052 4270 2238 4312 rursus
2261 4255 2329 4311 de
2351 4255 2551 4310 mundo
2575 4254 2781 4309 animas
2805 4253 3056 4310 liberatas
3072 4251 3223 4323 Tquze
3249 4251 3465 4323 quidem
3478 4265 3574 4306 oe-

1972 4349 2114 4403 culta
2144 4363 2268 4403 vera
2301 4358 2479 4405 tamen
2506 4356 2562 4403 et
2588 4346 2743 4417 plena
2764 4355 2907 4401 sunt.
2928 4345 3105 4414 Quare
3131 4358 3339 4401 summa
3359 4344 3577 4399 conclu-

1974 4441 2139 4506 ditur,
2161 4440 2302 4510 quod
2329 4440 2544 4497 Christo
2570 4447 2825 4509 operante
2846 4480 2862 4504 ,
2896 4447 2951 4493 et
2988 4454 3082 4502 per
3104 4434 3375 4492 Christum
3394 4477 3409 4500 ,
3438 4444 3492 4490 et
3522 4435 3573 4489 iu

278 4556 386 4612 Sed
413 4555 528 4609 inec
556 4551 735 4607 omnia
760 4524 874 4605 non
903 4549 1005 4604 nisi
1030 4563 1125 4619 per
1153 4524 1447 4603 Christum.
1507 4545 1748 4615 Denique
1789 4545 1868 4600 sic
1900 4524 1954 4583 ἶ)
1980 4532 2230 4599 Christo,
2267 4533 2449 4587 omnia
2481 4531 2896 4587 reconciliantur
2946 4530 3055 4585 Deo
3082 4543 3205 4600 quae
3242 4537 3299 4584 et
3332 4527 3385 4581 in
3425 4526 3580 4619 caelis

283 4647 578 4718 subiungit,
601 4647 724 4717 quia
751 4659 847 4715 per
868 4643 1139 4698 Christum
1160 4651 1215 4697 et
1235 4656 1334 4696 nos
1362 4641 1527 4695 Deum
1550 4646 1756 4709 patrem
1785 4638 1871 4693 ha-

266 4743 497 4799 bemus.
530 4742 629 4808 Qui
649 4738 906 4796 benedixit
930 4752 1022 4792 nos
1044 4739 1096 4791 in
1120 4735 1259 4791 omni
1280 4733 1625 4789 benedictione
1651 4730 1875 4803 spiritali

283 4836 338 4889 in
366 4832 643 4887 ctefestibus
666 4832 719 4886 in
740 4828 944 4885 Christo
972 4827 1116 4884 Iesu.
1150 4826 1295 4897 Ergo
1332 4840 1429 4881 nos
1461 4825 1558 4879 lilii
1586 4822 1872 4885 efficimur,

266 4926 383 4983 sed
413 4926 466 4979 in
486 4923 701 4980 Christo
731 4924 826 4979 filii
858 4940 873 4989 ;
904 4923 955 4978 id
984 4930 1068 4976 est
1085 4922 1130 4976 si
1177 4920 1451 4975 Christum
1503 4919 1787 4983 fateamur,
1830 4917 1877 4972 si

1979 4635 2103 4680 sunt
2131 4635 2184 4680 et
2204 4626 2255 4678 in
2280 4634 2446 4691 terra,
2468 4624 2520 4679 in
2552 4622 2769 4678 Christo
2804 4632 3005 4688 tamen,
3033 4631 3090 4676 ut
3112 4619 3358 4675 omnibus
3379 4617 3444 4671 ad
3468 4617 3582 4688 ple-

1981 4722 2276 4778 nitudinem
2298 4719 2548 4785 redactis,
2566 4717 2743 4772 omnia
2771 4716 2825 4771 in
2847 4715 3097 4771 omnibus
3115 4729 3280 4769 unum
3298 4721 3501 4775 essent,
3523 4718 3580 4765 et

1983 4818 2034 4872 id
2059 4828 2234 4871 tamen
2262 4816 2414 4870 fieret
2442 4828 2535 4884 per
2557 4812 2941 4883 plenitudinem
2969 4808 3259 4876 temporis;
3283 4806 3413 4862 nihil
3434 4808 3576 4860 enim

1979 4910 2346 4973 immaturum,
2368 4906 2499 4961 nihil
2519 4920 2623 4959 non
2642 4902 2969 4967 ordinatum,
2985 4900 3078 4956 sed
3095 4898 3425 4971 plenitudine
3446 4907 3578 4953 teut-

287 5021 436 5077 illum
474 5033 782 5090 sequamur,
800 5018 845 5073 si
881 5019 1055 5088 ipsum
1075 5015 1441 5085 concipiamus
1460 5013 1661 5079 animo,
1686 5013 1730 5067 si
1761 5012 1879 5079 eius
1982 5018 2170 5074 porum
2198 5011 2407 5072 gestum
2434 5008 2517 5055 est
2539 5039 2553 5064 ,
2578 5007 2632 5053 ut
2672 5013 2769 5090 suo
2798 4997 2918 5052 loco
2941 4993 3386 5090 docebitnus._Ad
3412 5006 3576 5090 quam

269 5110 832 5175 administrationem,
865 5124 970 5181 qua
997 5108 1288 5178 complevit
1321 5107 1598 5171 universa,
1647 5116 1701 5160 et
1723 5105 1880 5159 intel-

288 5205 520 5276 ligamus
545 5211 601 5259 et
625 5217 948 5259 veneremur
979 5220 995 5258 :
1031 5210 1088 5257 et
1131 5201 1306 5270 ipsum
1344 5213 1634 5268 sequentes
1681 5212 1882 5268 genere

289 5295 504 5352 vivendi
532 5309 629 5365 per
653 5304 919 5366 praecepta
957 5294 1103 5362 data,
1154 5292 1249 5348 lilii
1282 5290 1566 5348 efficimur.
1620 5290 1763 5362 Ergo
1799 5290 1884 5344 be-

369 5536 451 5606 (l)
490 5536 660 5593 Codd.
693 5536 943 5591 tenebant.

399 5611 429 5664 ὲ
492 5608 661 5664 Codd.
690 5608 764 5661 id.

372 5608 455 5755 (3;
494 5679 574 5755 Ita
599 5678 760 5736 codd.

309 5683 463 5825 viti).
480 5683 565 5806 ἐιέῗ

1984 5093 2369 5165 plenitudinem
2401 5091 2703 5162 Specialiter
2723 5089 3056 5147 descendens
3076 5087 3387 5159 Apostolus,
3405 5084 3582 5157 iungit

2068 5313 2148 5385 (i)
2184 5311 2356 5368 Codd.
2388 5328 2503 5385 cum
2530 5326 2627 5381 pro
2656 5309 2800 5381 quid.

2067 5375 2152 5458 (‘2')
2192 5384 2346 5458 Vulg.
2377 5402 2389 5438 :
2422 5375 2688 5458 Sicut....'.
2718 5390 2837 5435 ante
2863 5381 3040 5435 mundi
3068 5375 3492 5458 constitutionem.

2071 5448 2154 5530 (Ξῖ
2190 5448 2509 5530 Opinioper
2535 5469 2605 5530 se
2619 5452 2775 5518 falsa,
2807 5467 3128 5530 quamquam
3153 5450 3222 5530 ab
3239 5448 3357 5502 aliis
3379 5461 3594 5530 quoque

1999 5517 2270 5585 nonnullis
2298 5517 2539 5583 recitata.
2569 5517 2947 5579 Verumtamen
2966 5517 3295 5583 Victorinus,
3326 5517 3431 5575 col.
3453 5517 3589 5577 HM

2004 5600 2302 5656 subtilitate
2350 5597 2587 5668 quadam,
2624 5594 2992 5668 philosophica
3038 5591 3318 5656 declarat,
3364 5605 3595 5668 quanam

494 5661 760 5736 itawcodd.
790 5686 865 5735 est
887 5719 901 5745 ,
924 5692 1031 5734 non
1062 5677 1234 5744 Deus,
1259 5675 1400 5749 quod
1428 5676 1653 5733 verbum
1682 5674 1903 5733 exhibet
2006 5673 2219 5749 ratione
2263 5661 2458 5726 anima:
2506 5661 2790 5725 videantur
2835 5661 3003 5721 inulto
3043 5673 3169 5720 ante
3206 5676 3437 5732 corpora
3462 5661 3600 5717 exti-

2004 5745 2154 5798 tisse.
