4106 6184
649 237 662 289 l
675 233 779 290 239

1800 223 1806 227 ’
1887 220 2073 275 MAR"
2119 219 2454 276 \‘lC'I‘ORlNl
2498 221 2658 275 AFRI
3724 232 3804 290 lilii

642 352 804 405 etiam
825 344 1091 415 Ephesios
1112 317 1533 400 evocatos'esse,
1557 345 1614 390 ut
1636 336 1811 405 etipsi
1836 339 1886 388 in
1910 334 2236 404 plenitudine
2265 337 2319 397 Α
2344 334 2444 388 nisi
2483 335 2535 388 in
2564 333 2847 388 mundanis
2889 344 2938 388 et
2981 335 3032 389 in
3072 335 3295 391 materie
3330 337 3406 408 (l)
3428 353 3565 408 quant
3588 342 3814 402 SimGraci

645 442 785 505 sint;
811 447 868 492 ut
894 451 960 492 ex
984 437 1082 488 hoc
1103 449 1197 489 eos
1220 431 1466 487 hortetur
1488 445 1550 485 ac
1579 439 1791 484 moneat
1814 427 2010 482 debere
2038 427 2239 482 servari

645 531 895 590 ﬁdem.et
919 533 968 581 in
992 525 1287 586 Christum,
1307 535 1359 575 et
1384 524 1435 576 in
1461 523 1623 576 Deum
1648 520 1827 579 fidem.
1855 521 1928 573 uti
1951 518 2078 574 nihil
2098 518 2240 572 aliud

642 625 897 683 sentiant,
923 622 1020 673 nisi
1045 633 1207 671 omne
1239 618 1575 686 mysterium,
1601 623 1654 666 et
1678 628 1771 681 per
1799 610 2072 664 Christum
2103 619 2156 662 et
2190 612 2239 662 itt

645 717 858 772 Chrtsm
889 731 916 768 a
953 716 1058 768 Deo
1092 713 1407 782 perlectum.
1441 707 1593 776 QuUtl
1615 710 1657 761 si
1682 709 1752 760 ita
1773 717 1872 766 est,
1899 705 2031 759 nihil
2053 705 2244 773 adjun-

646 818 796 880 gant,
821 807 1062 875 nihilque
1093 806 1402 859 existiment
1430 817 1551 857 esse
1582 801 1916 854 faciendum:
1948 801 2244 868 corrigant-

645 917 750 974 que
780 902 906 955 illud
930 942 944 963 ,
978 899 1120 968 quod
1147 897 1471 965 judaismum
1508 894 1906 948 associaverattt
1946 892 2243 959 disciplina:

646 1015 793 1068 pura:
851 996 1080 1066 simplici
1124 995 1191 1048 de
1223 995 1326 1047 fide
1373 993 1424 1046 iit
1457 991 1726 1046 Cbrismm
1769 1000 1818 1043 et
1869 988 2161 1042 salvatione
2191 995 2244 1041 et.

645 1091 964 1144 liberatione
998 1102 1090 1155 per
1121 1086 1392 1138 Christum
1424 1091 1480 1138 et
1506 1099 1569 1136 ex
1602 1083 1692 1135 Dei
1729 1081 2020 1134 voluntate.

712 1183 950 1236 Primum
1001 1182 1158 1249 igitur
1201 1177 1603 1230 consideremus
1633 1175 1774 1244 quod
1823 1175 1891 1226 ita
1926 1174 2132 1227 loeutus
2163 1180 2246 1226 est

639 1275 790 1344 elegit
833 1273 967 1326 Dens
1011 1287 1102 1325 nos
1147 1270 1328 1339 utique
1353 1270 1462 1338 jam
1496 1284 1615 1320 cum
1665 1281 1908 1321 essemus
1941 1267 2020 1335 (l)
2052 1265 2241 1333 elegit;

641 1377 692 1421 et
721 1365 881 1429 elegit
907 1365 958 1418 in
990 1362 1243 1416 Christo:
1273 1378 1400 1430 ergo
1428 1372 1479 1414 et
1503 1376 1623 1426 nos,
1652 1370 1704 1412 et
1732 1358 1980 1411 Christus
2009 1367 2153 1410 aute.
2182 1357 2246 1409 Et

639 1459 768 1529 quid
800 1469 882 1512 est
913 1457 1074 1511 ante?
1101 1457 1283 1525 utique
1309 1471 1374 1508 ex
1401 1465 1624 1508 aeterno.
1663 1453 1776 1507 Hoc
1800 1453 1941 1507 enim
1968 1451 2102 1505 dixit
2129 1461 2246 1503 ante

639 1554 1050 1606 constitutionem
1081 1551 1258 1604 mundi
1283 1566 1300 1603 :
1323 1551 1506 1621 elegit,
1535 1549 1701 1618 inquit
1733 1589 1746 1612 ,
1779 1558 1896 1601 ante
1924 1546 2245 1599 constitutio-

639 1662 752 1700 nem
793 1647 970 1699 nmndi
999 1661 1017 1699 :
1051 1661 1154 1698 non
1207 1645 1370 1713 elegit
1415 1643 1516 1696 nisi
1559 1643 1628 1697 de
1676 1643 1758 1694 his
1802 1641 1890 1710 qtti
1939 1649 2092 1693 erant
2131 1656 2143 1692 :
2193 1647 2245 1692 et

2345 428 2579 482 vocant?
2609 427 2913 482 carnalibus
2943 428 3125 497 enim,
3148 437 3201 484 et
3222 429 3552 484 foraminibus
3569 433 3632 503 (Ξ)
3653 482 3664 498 ,
3688 443 3815 490 etsen-

2346 521 2510 574 tiendi
2546 520 2825 575 virtutibus
2848 562 2862 586 ,
2911 523 3062 591 quasi
3095 523 3310 592 quidam
3360 523 3629 578 intellecms
3660 530 3818 582 nascitur

2347 613 2503 666 fallax
2552 623 2605 666 et
2635 614 2909 682 multiplici
2961 614 3081 667 fuco
3112 614 3385 682 decipiens
3433 617 3656 686 integram
3693 622 3822 673 intelli-

2345 705 2576 774 gentiam
2607 715 2660 760 et
2691 705 2893 760 laedens
2923 707 3153 775 quodam
3186 707 3344 761 modo
3377 724 3464 776 per
3507 709 3718 778 imagines
3734 714 3825 766 veti-

2347 809 2528 853 tatem.
2563 797 2696 853 Cum
2733 800 2798 854 sit
2842 800 3002 869 igitur
3034 801 3226 854 anima:
3259 802 3580 870 naturalc(3)
3602 844 3615 868 ,
3637 804 3829 859 utinlclli-

2345 891 2501 960 gentli
2547 891 2761 961 quidem
2805 901 2994 960 potens
3037 893 3105 946 sit
3131 934 3144 954 ,
3180 892 3521 962 intelligentia
3551 903 3695 950 tamen
3729 897 3831 954 facile

2347 982 2454 1036 labi
2481 984 2744 1038 etcadere
2775 983 2826 1037 in
2856 985 3086 1039 vicinam
3116 986 3365 1039 virtutem
3394 987 3584 1054 possit,
3605 997 3729 1056 atque
3750 990 3834 1041 inia-

2344 1077 2521 1146 ginem
2560 1077 2890 1148 intelligendi
2915 1121 2928 1141 ,
2959 1079 3010 1132 id
3039 1087 3124 1134 est
3151 1094 3367 1133 sensum
3393 1121 3406 1145 ,
3437 1081 3519 1149 qui
3547 1081 3590 1133 in
3627 1084 3777 1136 munda
3795 1103 3834 1140 ει

2348 1181 2534 1225 natura
2569 1181 2712 1225 totus
2741 1180 2861 1238 est,
2895 1184 2952 1227 ttt
3001 1173 3102 1228 hoc
3143 1185 3397 1244 caperet,
3439 1190 3598 1244 neque
3633 1176 3835 1246 aliquando

2346 1272 2665 1330 caperetur;
2699 1279 2861 1332 opera
2897 1264 2989 1318 Dri
3010 1275 3064 1320 et
3097 1266 3370 1320 voluntate
3393 1267 3604 1321 mundus
3626 1266 3835 1330 factusel,

2347 1363 2402 1409 et
2437 1353 2614 1408 omnia
2658 1357 2959 1424 composita
3003 1366 3127 1411 Sunt
3165 1357 3218 1410 in
3269 1357 3512 1411 materia:
3543 1363 3705 1427 quibus
3727 1360 3836 1413 animi

2347 1447 2564 1503 detenta
2614 1459 2998 1519 cngriosceret,
3046 1461 3101 1506 et
3130 1451 3218 1518 qui
3253 1459 3377 1504 sunt
3405 1466 3611 1514 sensus,
3653 1463 3696 1505 et
3731 1469 3838 1522 quan-

2349 1551 2458 1596 ttnn
2481 1545 2721 1597 valeant:
2755 1545 2989 1616 dataque
3017 1546 3104 1600 lex
3133 1561 3162 1600 a
3186 1546 3296 1599 Deo
3316 1557 3394 1598 est
3415 1556 3466 1598 et
3494 1547 3788 1605 monitiottes.
3808 1561 3839 1601 ut

2347 1647 2765 1702 cognosceretur
2799 1637 2939 1692 Deus
2963 1679 2976 1701 ,
3005 1649 3056 1693 et
3085 1647 3502 1708 cognosceretur
3527 1640 3651 1707 quod
3680 1641 3750 1694 Dei
3772 1657 3836 1694 non

639 1740 835 1794 deinde
867 1749 978 1793 tum
1013 1738 1150 1793 dixit
1187 1739 1236 1792 in
1268 1735 1514 1801 Christo,
1561 1734 1610 1788 id
1647 1744 1728 1788 est
1756 1735 1806 1787 in
1840 1734 1954 1802 ipso
1989 1750 2000 1785 :
2036 1745 2165 1801 ergo
2191 1739 2244 1784 et
2274 1727 2321 1786 B
2347 1738 2467 1792 est;
2498 1728 2593 1782 sed
2625 1739 2825 1784 tantum
2859 1731 3012 1786 victze
3040 1731 3236 1786 anima:
3279 1732 3607 1787 sensualibus
3632 1735 3837 1803 potentia,

637 1831 884 1888 Christus
911 1833 1115 1898 fuerat,
1162 1841 1217 1886 et
1248 1846 1345 1886 nos
1377 1832 1431 1884 in
1471 1829 1706 1884 Christo.
1742 1827 1923 1898 Neque
1954 1827 2094 1882 enim
2125 1825 2241 1878 lieri

635 1940 817 2000 potest
861 1939 918 1982 ut
963 1927 1209 1982 Christus
1257 1927 1449 1991 fuerit,
1495 1940 1550 1979 et
1591 1939 1687 1978 nos
1719 1938 1822 1976 non
1869 1921 2149 1975 fuerimus.
2184 1918 2241 1974 Si

638 2025 799 2094 elegit
822 2038 918 2078 uos
942 2025 994 2076 in
1027 2024 1144 2092 ipso
1165 2021 1401 2083 Christo,
1427 2033 1557 2088 ergo
1583 2016 1854 2088 spiritales
1876 2014 2094 2080 fuimus,
2123 2013 2166 2067 si
2190 2014 2242 2067 in

641 2117 860 2173 Christo
901 2116 1102 2170 fuimus
1130 2134 1141 2169 ;
1177 2127 1228 2170 et
1259 2116 1301 2168 si
1335 2113 1534 2168 fuimus
1563 2113 1614 2166 in
1643 2111 1862 2165 Christo
1890 2120 1944 2163 et
1972 2109 2242 2179 spiritales

638 2210 874 2274 fuimus;
916 2210 1111 2263 fuimus
1155 2218 1367 2273 autem,
1413 2218 1469 2260 ut
1525 2215 1708 2276 postea
1761 2204 2068 2274 subiungit,
2127 2212 2246 2255 ante

644 2303 1057 2358 constitutionem
1086 2303 1302 2363 mundi;
1331 2299 1458 2368 quid
1488 2310 1571 2354 est
1600 2313 1775 2353 causa:
1805 2307 1862 2352 ut
1895 2299 1996 2350 ltuc
2025 2295 2242 2349 venire-

642 2411 784 2463 mus,
813 2407 869 2450 et
891 2411 986 2450 cur
1016 2394 1437 2448 constitueretur
1467 2390 1736 2445 mundus?
1765 2390 1809 2443 si
1841 2387 2088 2442 Christus
2125 2402 2242 2440 orn-

640 2487 762 2548 nia,
797 2501 918 2554 quae
954 2494 1012 2539 et
1055 2487 1105 2537 in
1144 2486 1362 2538 aeternis
1390 2491 1515 2536 sunt
1557 2492 1608 2534 et
1650 2481 1702 2534 in
1733 2479 1935 2534 mundo
1957 2521 1971 2542 ,
2005 2479 2119 2546 ipse
2151 2492 2246 2546 per

645 2579 740 2632 Dei
770 2582 1100 2630 voluntatem
1124 2578 1247 2630 fecit
1270 2579 1472 2634 omnia,
1501 2583 1553 2628 et
1575 2575 1752 2626 omnia
1778 2574 1827 2625 in
1855 2571 1972 2640 ipso
1997 2571 2242 2636 fuerunt;

641 2678 698 2725 et
725 2669 939 2722 fuerunt
971 2667 1154 2736 utique
1182 2667 1624 2728 substantialiter,
1653 2665 1762 2735 jam
1797 2680 1902 2718 non
1939 2663 1986 2717 vi
2017 2677 2116 2716 nec
2148 2677 2235 2731 po.

641 2762 806 2817 tentia
848 2775 956 2831 qua
992 2764 1165 2813 futura
1195 2768 1384 2824 erant,
1416 2758 1509 2812 sed
1541 2773 1643 2828 qua
1679 2764 1790 2826 jam
1824 2757 2056 2810 fuerant.
2103 2755 2244 2824 Ergo

642 2867 797 2910 erant
828 2853 1007 2908 onmia
1040 2851 1093 2906 in
1139 2850 1376 2906 Cluisto.
1410 2857 1489 2905 An
1529 2866 1628 2905 cur
1656 2849 2016 2913 constitutus,
2048 2863 2116 2900 an
2148 2862 2244 2901 cur

641 2949 695 3002 in
729 2946 986 3001 mundum
1016 2945 1242 3014 plurima
1274 2945 1378 2999 huc
1409 2953 1691 3006 venerunt,
1723 2943 1915 2996 animis
1949 2950 2004 2994 et
2033 2943 2244 2994 caeteris

640 3039 948 3110 bujusmodi
984 3040 1232 3108 potentiis
1257 3037 1308 3092 in
1339 3038 1554 3091 Christo
1581 3045 1638 3090 ut
1665 3035 1773 3090 dixi
1805 3035 2014 3104 positis,
2040 3033 2244 3103 perfec-

2347 1819 2478 1873 nibil
2508 1820 2607 1874 nisi
2653 1821 2933 1890 mundum,
2971 1824 3271 1888 materiam,
3303 1834 3358 1879 et
3387 1839 3612 1888 carnem,
3651 1833 3695 1878 et
3715 1841 3839 1895 corpus

2348 1912 2400 1966 in
2433 1928 2594 1967 sensu
2638 1912 2936 1979 haberent;
2970 1925 3025 1970 et
3061 1916 3176 1970 bare
3208 1933 3336 1972 vera
3363 1919 3473 1973 sola
3499 1917 3834 1982 crederentur-

2347 2023 2451 2074 que
2483 2007 2689 2062 idonea:
2725 2017 2908 2063 essent
2935 2009 2999 2063 ad
3031 2010 3290 2066 vincenda
3322 2023 3375 2066 et
3407 2011 3672 2079 rumpendi
3699 2013 3832 2066 vincula

2347 2113 2465 2166 (IIIRIE
2495 2098 2730 2152 animam
2768 2102 3110 2156 Continerent
3142 2102 3233 2158 Dei
3265 2104 3503 2172 potentia
3542 2113 3590 2156 et
3615 2103 3832 2160 voluntate:

2352 2205 2410 2248 ut
2439 2210 2533 2249 eas
2562 2195 2817 2250 liberaret
2858 2213 2886 2248 a
2920 2198 3169 2252 sensibus
3196 2209 3248 2253 et
3285 2215 3314 2252 a
3349 2198 3519 2251 fallaci
3552 2197 3718 2251 mundo
3753 2199 3838 2250 mi~il

2350 2287 2515 2341 lilium
2547 2304 2703 2342 suum
2738 2289 3020 2343 Dominum
3048 2298 3289 2344 nostrum
3315 2290 3636 2346 Salvatoretn
3656 2292 3836 2344 Christum

2348 2381 2591 2451 spiritum
2635 2393 2919 2446 sanctum,
2976 2384 3050 2436 uti
3106 2382 3368 2454 mysterio
3410 2382 3660 2452 patefacto
3695 2383 3833 2435 doceret

2351 2475 2581 2544 primum
2606 2475 2730 2544 quid
2765 2485 2918 2543 pater
2947 2485 3090 2530 esset
3115 2492 3130 2539 ;
3161 2475 3359 2530 deinde
3380 2477 3504 2544 quid
3525 2487 3653 2530 esset
3674 2477 3829 2544 spiritus,

2349 2576 2405 2620 et
2431 2567 2558 2636 quid
2589 2566 2903 2636 Spiritaliter
2924 2570 3106 2622 vivere
3126 2611 3141 2635 ,
3175 2576 3230 2623 et
3256 2568 3386 2638 quid
3411 2570 3581 2623 anima
3606 2577 3835 2638 sequeretur.

2350 2669 2403 2716 et
2433 2662 2558 2730 quid
2599 2671 2748 2717 esset
2789 2664 3064 2728 alienum,
3113 2665 3266 2718 sicuti
3297 2663 3481 2719 docui.
3531 2665 3642 2718 ΙΙωο
3670 2672 3731 2718 est
3756 2662 3838 2715 enim

2350 2755 2521 2808 virtus
2557 2753 2881 2816 Christiani.
2912 2757 3224 2812 discernere
3266 2757 3372 2813 ista
3419 2768 3472 2813 et
3511 2769 3837 2827 separare,qtr1:

2349 2854 2475 2898 sunt
2502 2857 2701 2901 :eterna
2723 2888 2738 2910 ,
2785 2864 2907 2919 qua:
2939 2849 3184 2903 mortalia
3206 2892 3220 2916 ,
3266 2867 3392 2920 qua:
3419 2851 3487 2906 ad
3530 2850 3764 2922 perniciem
3783 2847 3838 2899 du-

2349 2947 2470 2992 cant
2497 2979 2510 3001 ,
2541 2954 2661 3008 quae
2692 2940 2758 2994 ad
2783 2941 3034 2996 salutem.

2423 3030 2564 3102 Ergo
2613 3035 2872 3102 mysterio
2902 3034 3046 3105 quod
3099 3034 3185 3090 hic
3232 3035 3510 3105 implevit,
3543 3051 3593 3092 et
3637 3051 3782 3100 carne,
3813 3045 3840 3086 el

640 3135 715 3188 tio
740 3134 984 3204 qtnedam
1013 3133 1189 3186 minor
1217 3131 1338 3186 est?
1362 3131 1460 3184 nisi
1483 3131 1684 3193 omnia,
1708 3145 1827 3199 qua:
1849 3144 1970 3182 esse
1990 3138 2233 3198 possunt,
2264 3126 2310 3188 C
2344 3137 2505 3178 cruce
2531 3164 2544 3187 ,
2577 3135 2630 3178 et
2677 3137 2850 3181 morte
2873 3169 2886 3192 ,
2927 3138 2980 3182 et
3030 3130 3435 3186 resurrectione
3454 3171 3470 3196 ,
3503 3131 3766 3185 subventum
3796 3138 3839 3180 est

639 3230 1011 3293 experiantur,
1035 3236 1388 3294 cognoscant:
1418 3234 1471 3278 et
1489 3225 1564 3278 sic
1580 3224 1706 3293 quid
1732 3222 2089 3290 sequendum,
2109 3220 2234 3289 quid

640 3321 944 3390 eligendum
964 3321 1054 3382 sit,
1077 3319 1313 3382 videant,
1337 3328 1392 3370 et
1421 3328 1713 3384 sequantur
1739 3315 1792 3369 in
1814 3315 2004 3383 Spiritu
2028 3313 2231 3383 utique,

641 3414 731 3479 qui
760 3409 1006 3466 Christus
1035 3417 1156 3464 est:
1182 3411 1320 3463 sicut
1351 3409 1400 3461 vi
1432 3417 1485 3462 et
1513 3422 1608 3461 sua
1634 3409 1872 3476 potentia
1902 3406 2098 3458 anima:
2130 3419 2236 3458 non

641 3500 746 3556 hoc
775 3504 948 3571 ipsum
994 3514 1120 3557 sunt
1149 3501 1290 3571 quod
1321 3502 1545 3570 spiritus
1565 3539 1578 3559 ,
1613 3499 1707 3552 sed
1744 3507 1871 3551 sunt
1913 3509 1968 3550 ut
1997 3497 2238 3566 recipere

637 3595 884 3664 Spiritum
929 3593 1137 3662 possint
1169 3612 1182 3648 :
1217 3608 1323 3648 non
1369 3602 1547 3647 tamen
1575 3593 1626 3645 iit
1659 3608 1724 3646 eo
1762 3590 1841 3662 (Ξ)
1874 3591 2016 3661 quod
2045 3591 2238 3646 anima:

640 3699 786 3752 Sunt,
817 3687 923 3755 iam
955 3689 1177 3756 spiritus
1208 3697 1331 3740 sunt
1361 3686 1462 3756 (3).

713 3781 977 3848 Quoniam
1031 3783 1189 3851 igitur
1220 3781 1339 3834 talis
1369 3789 1556 3835 natura
1597 3781 1896 3834 animarum
1933 3789 2049 3844 est,
2080 3783 2156 3834 uti
2194 3782 2238 3834 si

642 3873 854 3944 integre
881 3882 933 3926 et
972 3871 1224 3942 perfectis
1253 3873 1502 3925 omnibus
1531 3889 1590 3927 se
1618 3883 1776 3942 agat;
1817 3873 1868 3926 id
1911 3884 1993 3926 est
2021 3873 2068 3926 si
2097 3883 2152 3928 et
2181 3889 2239 3927 se

643 3965 891 4032 noverit,
926 3973 980 4020 et
1025 3967 1190 4020 Deum
1243 3963 1412 4028 sciat,
1458 3974 1511 4017 et
1539 3979 1599 4018 ea
1645 3982 1763 4034 quae
1794 3973 1918 4019 sunt
1963 3967 2136 4020 aliena
2169 3969 2238 4019 ita

640 4060 845 4124 discat,
885 4069 942 4113 ut
972 4058 1210 4127 repudiet
1236 4067 1294 4110 ut
1335 4056 1616 4122 excludat,
1653 4057 1844 4110 metito
1876 4059 1931 4110 Iit
1959 4057 2232 4126 perfecta;

640 4163 695 4209 et
725 4153 960 4223 perfecta
1008 4167 1130 4206 cum
1166 4152 1361 4216 fuerit,
1411 4151 1706 4220 repudiatis
1745 4153 1934 4206 alienis
1961 4195 1973 4212 .
2023 4156 2238 4223 cognito

641 4247 784 4311 Deo,
826 4246 1104 4300 scientiam
1139 4245 1348 4313 plenam
1381 4258 1501 4298 cum
1537 4245 1800 4312 receperit
1840 4244 2233 4310 universitatis,

639 4341 898 4394 continuo
930 4337 1160 4392 efficitur
1211 4336 1490 4406 Spil'llalis.
1524 4337 1612 4392 Sic
1642 4339 1802 4392 etiam
1850 4349 1898 4391 et
1930 4338 2091 4391 homo
2119 4380 2134 4404 ,
2183 4348 2237 4393 et

640 4447 801 4486 Omtte
831 4431 972 4502 quod
1012 4430 1174 4482 homo
1214 4437 1314 4482 est.
1347 4426 1480 4482 Cum
1528 4439 1706 4482 autem
1748 4429 2042 4484 secundum
2075 4431 2232 4484 intel-

2342 3221 2568 3273 animis:
2594 3221 2694 3276 etsi
2721 3222 2771 3276 in
2797 3223 3010 3276 Christo
3043 3222 3176 3279 fides
3198 3236 3468 3289 sumatur,
3499 3225 3583 3280 ille
3603 3225 3773 3292 suscipit
3789 3225 3841 3272 lut-

2337 3309 2574 3377 jusmodi
2605 3311 2812 3366 animas
2840 3325 2892 3367 et
2921 3313 3141 3382 adjuvat
3171 3327 3224 3369 et
3251 3315 3469 3372 liberat.
3499 3318 3734 3372 Christum
3753 3314 3837 3367 enim

2343 3405 2598 3470 credere,
2633 3416 2688 3460 et
2719 3407 2770 3460 in
2802 3405 3076 3462 Christum
3111 3408 3269 3464 fidem
3300 3427 3552 3477 sumere,
3580 3413 3677 3482 jam
3709 3409 3840 3478 SplIiL‘l-

2342 3498 2465 3552 liter
2494 3501 2730 3567 sentire,
2764 3511 2818 3556 et
2856 3502 2967 3572 jam
3020 3503 3132 3556 tolli
3164 3519 3193 3558 a
3237 3503 3529 3560 desideriis
3551 3505 3788 3559 carnalibus
3811 3509 3838 3551 et

2344 3593 2747 3648 materialibns:
2779 3605 2833 3650 et
2859 3611 2925 3651 ex
2974 3596 3075 3650 hoc
3106 3598 3271 3652 veluti
3319 3600 3571 3670 cognatio
3609 3594 3837 3661 intelligendi

2345 3699 2442 3736 nos
2464 3683 2642 3755 jungit
2684 3697 2734 3740 et
2766 3687 2935 3741 sociat
2964 3688 3218 3744 Christo:
3251 3703 3303 3745 et
3357 3691 3487 3744 dum
3531 3691 3716 3744 Christo
3738 3689 3834 3740 soce-

2341 3778 2513 3842 verit,
2545 3779 2750 3848 inquit,
2785 3791 2838 3833 ct
2864 3782 2992 3836 Deo.
3024 3783 3126 3836 Per
3149 3784 3421 3838 Christum
3455 3785 3594 3839 enim
3623 3778 3839 3850 Drojunz‘r

2347 3885 2486 3934 mur,
2530 3885 2704 3940 neque
2751 3886 2874 3941 spes
2906 3874 3008 3926 tilla
3055 3874 3244 3928 salutis
3289 3885 3494 3929 nostra:
3544 3876 3634 3928 nisi
3657 3873 3836 3927 Christum

2343 3961 2582 4015 credere.
2616 3964 2725 4017 lloc
2755 3972 2838 4018 est
2877 3966 3188 4034 spiritaliter
3241 3967 3352 4037 jam
3395 3971 3618 4034 sentire,
3645 3977 3690 4022 et
3721 3977 3838 4032 caput

2343 4071 2559 4110 sensum
2586 4099 2600 4123 ,
2625 4067 2679 4112 et
2702 4059 2882 4112 mundi
2912 4068 2967 4113 et
2994 4061 3231 4115 materia:
3258 4063 3498 4117 motibus
3524 4078 3621 4116 non
3641 4056 3834 4128 exagitari:

2343 4149 2536 4217 quibus
2567 4151 2816 4205 omnibus
2840 4150 3000 4205 homo
3022 4160 3168 4207 totus
3196 4155 3248 4207 in
3276 4155 3466 4224 spiritu
3493 4169 3615 4208 vero
3633 4160 3782 4214 est,ct
3800 4163 3833 4196 rt

2344 4241 2444 4297 hoc
2470 4243 2576 4312 jam
2612 4246 2664 4299 in
2691 4243 2908 4299 Christo
2937 4255 3018 4300 est
3051 4248 3187 4300 vita:
3229 4262 3350 4301 cum
3400 4257 3573 4302 autem
3618 4249 3664 4301 in
3699 4244 3835 4298 (Ζιιτίμιει

2343 4335 2444 4387 vita
2471 4342 2580 4398 est;
2607 4336 2716 4404 jam
2765 4338 3022 4408 mysterio
3053 4346 3172 4391 acto
3219 4355 3248 4390 a
3279 4338 3498 4393 Christo
3527 4339 3781 4408 recipimur,
3809 4340 3833 4379 ιι

2342 4444 2436 4498 per
2455 4427 2726 4484 Christum
2752 4431 2804 4485 in
2830 4448 3110 4486 numerum
3138 4434 3367 4488 filiorum
3391 4436 3694 4503 suscipinmr
3713 4447 3734 4483 a
3758 4429 3831 4482 Det.

637 4517 832 4580 lectum
869 4533 1055 4591 potens
1084 4519 1260 4575 anima
1297 4520 1365 4574 sit
1387 4561 1402 4586 ,
1437 4519 1546 4574 falli
1584 4529 1764 4575 autent
1794 4522 2102 4576 intellectus
2145 4539 2237 4592 po-
2262 4521 2314 4581 D
2341 4522 2611 4588 apii-itales
2639 4523 2801 4588 facti,
2835 4533 2892 4578 ιη
2913 4541 3010 4579 nos
3032 4541 3246 4597 quoque
3273 4527 3339 4582 de
3368 4527 3566 4584 mundo
3593 4533 3833 4594 resurgunts

635 4626 777 4685 test;
813 4617 913 4671 nisi
958 4617 1091 4670 sciat
1119 4616 1278 4669 etiarn
1312 4613 1363 4668 id
1397 4613 1538 4684 quod
1586 4615 1820 4669 irnitatttr
1857 4614 2230 4678 intellectum;

642 4727 746 4763 non
778 4720 954 4763 tamen
997 4719 1080 4764 est
1129 4709 1432 4762 intellectus
1458 4707 1503 4760 si
1535 4709 1586 4760 in
1636 4705 1715 4778 (4)
1753 4707 1851 4761 hoc
1881 4709 2023 4776 quod
2056 4709 2189 4761 fallit
2215 4749 2230 4770 ,

639 4800 781 4869 quod
817 4803 1086 4860 mentitur,
1133 4816 1196 4853 ac
1219 4799 1419 4867 decipit
1441 4840 1453 4859 .
1486 4798 1877 4853 animadvertat
1909 4801 2107 4861 anima,
2141 4816 2231 4853 co-

638 4902 880 4962 gnoscat,
909 4903 964 4946 et
997 4894 1261 4963 repudiet,
1285 4900 1339 4946 et
1371 4893 1533 4962 fugiat
1559 4893 1708 4962 quasi
1733 4891 1940 4946 hostem
1965 4904 2017 4945 t'l
2039 4894 2232 4963 tlt't’t‘ll-

636 4992 847 5046 torem,
881 4985 1031 5037 facile
1078 5002 1136 5038 se
1183 4994 1236 5039 et
1266 4985 1513 5038 virtutem
1567 5001 1716 5038 suam
1751 4986 1986 5047 tenebit,
2041 4997 2091 5038 et
2137 5001 2231 5038 co-

635 5088 878 5147 gnoscet,
911 5086 962 5128 et
991 5077 1094 5129 erit
1126 5077 1278 5144 plena
1315 5087 1369 5132 et
1401 5081 1632 5147 perfecta
1677 5080 1727 5132 in
1767 5079 1982 5134 Christo
2004 5120 2018 5144 ,
2054 5079 2104 5132 id
2149 5089 2233 5132 est

632 5169 910 5240 spiritalis.
944 5168 1078 5234 Quid
1111 5180 1192 5224 est
1221 5182 1399 5224 autem
1445 5173 1586 5237 quod
1630 5172 1786 5227 faciat
1824 5173 2228 5228 similitudinem

632 5264 1000 5334 intelligentia:
1023 5304 1036 5328 ,
1065 5272 1120 5317 et
1150 5264 1378 5331 decipiat
1403 5275 1578 5320 tamen
1609 5279 1824 5319 sensum
1851 5307 1867 5334 ,
1898 5268 1986 5336 qui
2020 5282 2125 5320 non
2146 5277 2229 5322 est

703 5431 793 5505 (t)_
823 5433 1024 5505 Nempe
1052 5431 1108 5487 in
1133 5429 1458 5502 cogitatione
1485 5431 1599 5499 Dei,
1631 5442 1690 5487 ut
1715 5433 1843 5490 dicit.
1871 5431 2094 5488 inferius
2119 5431 2222 5488 loc.

626 5503 720 5559 cit.
759 5503 1082 5560 Victorinus.

701 5575 781 5644 (2)
822 5574 989 5628 COdd.
1022 5592 1142 5646 quo.

721 5646 778 5717 5)
815 5646 1100 5717 pistinctio
1131 5648 1247 5706 haec
1274 5646 1640 5707 declarabitur
1665 5663 1812 5706 mox.

713 5715 771 5788 4)
800 5715 968 5773 Codd.
1000 5719 1055 5772 in
1076 5734 1196 5786 qua.

2340 4623 2395 4669 et
2423 4615 2489 4669 de
2530 4625 2701 4670 morte
2735 4634 2828 4686 per
2869 4617 2964 4673 Dei
2991 4620 3350 4685 voluntatem,
3380 4621 3475 4677 sed
3519 4624 3567 4675 iu
3593 4621 3766 4674 Christo
3794 4623 3833 4663 lt-

2341 4725 2484 4761 rnen.
2516 4709 2626 4764 Hoc
2657 4712 2800 4764 enim
2832 4720 2887 4765 et
2937 4728 3097 4777 nunc,
3149 4723 3203 4767 et
3243 4730 3387 4784 saepe
3427 4725 3483 4770 et
3525 4715 3698 4784 ubique
3722 4706 3837 4780 μεθ’

2338 4801 2500 4871 pitur,
2535 4811 2592 4856 ut
2640 4803 2690 4857 in
2719 4804 2934 4859 Christo
2965 4814 3073 4860 tota
3126 4807 3196 4861 sit
3235 4809 3339 4861 vita
3391 4816 3590 4870 nostra,
3635 4814 3724 4860 tota
3746 4814 3833 4869 spe.

2336 4901 2480 4950 totus
2509 4897 2840 4964 intelligendi
2893 4899 3061 4953 labor.
3093 4900 3280 4955 Omnis
3318 4904 3463 4956 enirn
3500 4902 3626 4956 ratio
3650 4896 3836 4953 :eternilt-

2337 4988 2404 5040 tis
2435 4995 2634 5041 nostra:
2663 4998 2718 5043 et
2746 4989 2932 5060 gloria:
2959 4999 3015 5046 et
3058 4993 3369 5048 salvationis
3393 5034 3410 5057 .
3457 5002 3512 5047 et
3539 4993 3746 5049 Christus
3764 4993 3833 5038 est.

2334 5089 2389 5136 et
2416 5081 2467 5134 in
2498 5081 2714 5136 Christo
2750 5092 2867 5148 est,
2917 5085 2960 5138 si
2991 5085 3334 5155 projicientes
3362 5086 3540 5141 omnia
3585 5079 3835 5155 Spil‘ilalllt‘f-

2333 5187 2438 5242 que
2466 5175 2794 5240 sentientes,
2830 5190 3144 5244 separemus
3183 5194 3214 5232 a
3246 5179 3399 5232 nobis
3450 5177 3716 5232 mundanas
3743 5168 3832 5237 eis?

2336 5265 2601 5330 tationes,
2633 5265 2934 5321 mundanus
2968 5267 3194 5324 affectus
3216 5310 3233 5335 ,
3267 5270 3501 5325 carnalia
3526 5259 3832 5340 quodaminodo

2335 5357 2622 5426 desideria,
2652 5361 2893 5414 carnales
2922 5359 3228 5431 dignitates,
3261 5365 3504 5420 carnales
3529 5360 3830 5434 potestates,tl

2333 5450 2517 5505 mundi
2564 5452 2723 5505 etiam
2771 5451 2908 5508 velle
2957 5458 3222 5524 potentias
3261 5457 3346 5512 vel
3394 5456 3676 5528 dignitates.
3717 5451 3828 5504 Omne

2401 5587 2480 5660 (l)
2513 5588 2586 5660 [ta
2616 5587 2797 5655 codd.,
2832 5597 2888 5644 at
2908 5588 3045 5646 infra
3066 5591 3301 5648 materia.

2427 5659 2483 5730 2)
2514 5659 2587 5730 ita
2617 5659 2776 5716 codd.

2427 5667 2483 5730 2)
2514 5667 2587 5714 Ita
2617 5667 2776 5716 codd.

2401 5667 2479 5801 f5)
2509 5729 2676 5788 Codd.
2701 5733 2876 5788 animo
2905 5734 3152 5790 naturali.
