4106 6184
218 256 347 313 l9.“

1074 251 1139 307 ΙΝ
1170 245 1557 307 ΕΡΙΒΤΟΙΑΑΜ
1588 241 1788 302 PAULI
1829 239 1918 295 Alt
1958 235 2288 295 EPHESIOS
2312 232 2514 291 LlBEll
2546 234 2586 290 1.

3373 225 3511 285 ΕΩ

215 378 353 433 enim
379 376 638 449 quidquid
688 373 1016 430 mundanum
1044 381 1166 438 est,
1220 370 1345 425 licet
1391 366 1614 423 cmlesto
1661 363 1732 418 sit
1762 362 1812 416 in
1840 359 2026 420 Asint
2050 356 2226 419 aliud,
2280 355 2332 410 in
2364 369 2611 418 sensum,
2668 351 2759 423 qui
2792 351 2971 407 nutudi
3017 359 3072 407 et
3124 350 3512 408 mundanorum

216 470 415 527 mundo
441 471 605 526 etiam
640 467 724 523 vel
764 465 1046 522 tetlteriunt
1080 463 1162 519 vel
1203 459 1482 533 quodlibet
1508 455 1649 510 aliud
1676 454 1815 508 divi-

214 580 340 621 num
368 563 674 617 nominatur
695 560 989 616 secundum
1022 555 1279 613 mundum
1311 563 1365 610 et
1389 560 1684 614 aeternum,
1717 546 1812 602 sed

218 656 511 713 secundum
543 654 800 709 mundum
824 662 1006 708 tamen
1024 692 1040 715 ,
1065 664 1238 720 neque
1264 646 1504 701 divinum
1532 650 1618 698 est
1640 654 1813 711 neque

214 757 472 804 :eternum
506 758 619 811 est;
652 745 851 801 etenim
898 743 1208 798 materiale:
1254 746 1309 795 et
1347 736 1601 809 quicquid
1646 742 1815 788 mate-

213 843 347 899 riale
367 851 451 899 est
468 885 484 911 ,
503 849 558 897 et
579 839 875 910 temporale
902 844 1059 893 estet
1082 834 1344 891 caducum
1367 838 1422 887 et
1441 828 1808 898 corruptibile.

285 936 427 1006 Ergo
452 936 496 991 si
524 932 740 988 omissis
762 930 1014 985 omnibus
1055 926 1361 988 mundanis,
1392 924 1548 979 sicuti
1575 922 1683 976 dixi
1708 962 1724 986 ,
1758 921 1810 976 in

210 1028 423 1085 Christo
448 1035 559 1084 tota
612 1024 963 1094 intelligentia
1006 1022 1111 1087 sit,
1139 1027 1194 1076 et
1235 1020 1303 1075 de
1333 1017 1546 1074 Christo
1578 1024 1685 1071 tota
1731 1014 1813 1069 in-

211 1122 501 1192 telligentia
536 1130 719 1176 nostra
749 1119 861 1183 sit,
893 1124 948 1172 et
1000 1125 1282 1185 propterea
1318 1126 1414 1183 per
1444 1109 1714 1166 Christum
1742 1106 1812 1162 de

213 1216 339 1271 Deo.
372 1213 522 1270 Unde
566 1212 837 1282 spiritales
861 1252 876 1278 ,
905 1221 958 1264 ut
991 1208 1139 1273 dixi,
1189 1207 1309 1260 facti
1340 1204 1668 1273 resurgimus
1693 1242 1709 1268 ,
1757 1209 1806 1256 et

213 1308 322 1364 Deo
353 1323 447 1375 per
475 1305 745 1362 Christum
768 1303 1065 1375 jungiutur,
1103 1300 1270 1372 ﬁtque
1299 1314 1395 1369 per
1418 1295 1598 1351 omnia
1640 1293 1811 1366 pleni-

206 1399 372 1465 tudo;
395 1415 513 1468 qua:
539 1397 815 1467 plenitudo
837 1395 966 1450 nihil
989 1394 1130 1449 aliud
1152 1402 1235 1447 est
1261 1433 1275 1455 ,
1300 1407 1456 1463 quant
1483 1389 1624 1461 quod
1648 1402 1811 1443 omne

205 1491 349 1564 quod
401 1492 519 1559 ejus
547 1499 664 1556 est,
713 1489 880 1560 ipsius
908 1489 1014 1542 sit:
1064 1485 1205 1541 unde
1233 1500 1354 1539 cum
1403 1483 1597 1537 animae
1641 1477 1808 1551 gradu

208 1583 603 1656 progressionis
632 1599 701 1637 ex
781 1584 936 1651 ipso,
967 1594 1088 1635 cum
1143 1579 1310 1648 ipsius
1354 1584 1569 1638 essent,
1626 1582 1805 1628 tamen

205 1678 329 1748 quia
370 1675 599 1747 quadam
632 1673 1024 1744 longinquitate
1067 1671 1134 1725 ab
1160 1671 1278 1740 ipso
1309 1669 1515 1723 minore
1557 1668 1676 1721 luce
1708 1665 1808 1720 ful-

1916 460 2062 507 totus
2092 459 2209 516 est,
2242 447 2346 503 labi
2377 446 2582 518 poSsint
2624 457 2679 502 et
2711 461 2897 501 rursus
2924 446 3156 502 excitata
3199 446 3392 500 virtute
3422 458 3517 499 ua-

1917 543 2108 608 turali,
2136 550 2190 597 et
2223 542 2387 595 Deum
2417 541 2663 594 noverint
2688 580 2702 603 ,
2728 548 2782 596 et
2804 541 2911 595 Deo
2938 539 3129 593 vicinae
3154 538 3284 604 sint,
3316 548 3371 595 et
3403 539 3512 595 Deo

1914 636 2077 691 veluti
2113 635 2203 690 lilii
2232 633 2496 690 exsistant
2517 650 2533 696 ;
2555 644 2681 687 ante
2707 632 3145 688 constitutionem
3168 632 3350 686 mundi
3373 632 3516 686 Deus

1914 730 2192 787 constituit
2220 729 2338 784 illas
2362 739 2523 798 atque
2546 728 2709 799 elegit
2735 737 2792 782 ιιι
2816 736 3014 782 sancta:
3042 726 3251 794 tierent,
3279 739 3331 782 et
3359 740 3515 780 sanc-

1915 826 2244 881 tilicarentur
2268 838 2283 885 ;
2318 820 2655 890 mundusque
2674 831 2896 892 pr0pter
2918 834 3011 875 eas
3039 827 3123 874 est
3147 819 3468 873 constitutus
3494 833 3511 885 ;

1914 929 1970 976 ιιι
2000 917 2331 974 intellectum
2363 930 2547 971 verum
2579 914 2917 974 susciperent
2942 913 3230 969 mundanis
3259 914 3511 968 omnibus

1915 1029 2011 1085 per
2037 1026 2254 1067 sensum
2276 1050 2292 1075 ,
2321 1009 2411 1079 qui
2443 1007 2699 1078 deceptor
2722 1024 2863 1063 vera:
2893 1008 3260 1078 intelligentia:
3291 1015 3346 1063 et
3376 1008 3513 1062 inte-

1913 1107 2123 1179 gritatis
2142 1121 2205 1161 ac
2234 1103 2493 1158 veritatis.
2523 1102 2580 1157 In
2608 1103 2848 1157 adversis
2868 1103 3011 1157 enim
3037 1101 3511 1171 probaturjustus,

1913 1210 1969 1257 et
2012 1198 2329 1255 intenebris
2380 1196 2590 1259 lumen,
2623 1204 2675 1249 et
2719 1196 2771 1277 in
2821 1194 2957 1248 falso
2995 1194 3223 1248 veritas:
3272 1193 3412 1247 unde
3461 1194 3511 1247 in

1914 1296 2115 1352 mundo
2135 1295 2290 1349 facile
2311 1294 2475 1350 Dcum
2504 1300 2925 1363 cognoscerent,
2955 1296 3009 1343 et
3037 1304 3130 1357 per
3155 1288 3427 1343 Christum
3461 1287 3515 1342 id

1912 1401 1996 1448 est
2022 1407 2116 1460 per
2142 1390 2386 1459 spiritum
2417 1388 2732 1459 spiritaliter
2780 1382 3125 1453 intelligendo
3168 1382 3391 1453 spiritus
3424 1380 3517 1436 lie-

1912 1492 2063 1541 rent:
2111 1483 2212 1538 hoc
2236 1492 2318 1539 est
2346 1483 2489 1537 enim
2535 1477 2882 1547 sanctiﬁcari.
2924 1474 3318 1530 Prwdestinavit
3356 1472 3519 1546 igitur

1914 1577 2053 1632 Deus
2088 1586 2143 1631 ut
2188 1591 2409 1631 essemus
2461 1574 2644 1628 sancti.
2681 1570 3074 1626 Prwdestinavit
3116 1582 3247 1638 ergo
3297 1584 3402 1622 non
3433 1576 3517 1622 est

1911 1670 2011 1725 nisi
2039 1684 2225 1725 eorum
2256 1684 2375 1739 qua:
2402 1675 2559 1732 sunt,
2589 1664 2814 1734 ulquasi
2844 1661 2979 1717 ordo
3012 1660 3228 1732 quidam
3257 1660 3325 1715 sit
3353 1660 3529 1715 εσθαι-ι

201 1771 402 1840 gebant
427 1778 482 1824 et
512 1769 721 1823 minore
767 1767 970 1823 lumine
1013 1782 1118 1820 non
1154 1765 1224 1819 ita
1255 1763 1502 1834 perlecta:
1546 1761 1761 1817 fuerant
1788 1802 1801 1825 ,
1835 1748 1881 1808 B
1912 1772 2014 1818 tus.
2054 1760 2266 1817 Videris
2308 1760 2450 1815 enim
2481 1756 2751 1828 quomodo
2776 1755 2898 1825 quis
2926 1752 3171 1823 accipiat.
3219 1751 3336 1807 Jam
3368 1750 3513 1806 enim

202 1862 254 1918 id
280 1861 515 1937 estquia
545 1862 649 1917 labi
696 1860 763 1915 ab
811 1858 1165 1930 intelligentia
1193 1857 1306 1912 veri
1338 1863 1589 1926 poterant
1638 1854 1691 1908 in
1739 1868 1803 1907 ea

199 1971 320 2025 qtae
343 1954 657 2011 verisimilia
689 1962 845 2008 erant
868 1994 882 2016 ,
916 1962 969 2007 et
999 1966 1028 2004 a
1062 1948 1443 2005 verisimilibus
1469 1947 1523 2001 in
1552 1946 1682 2000 falsa
1703 1985 1718 2012 ,
1752 1943 1805 1998 id

199 2058 285 2105 est
311 2050 364 2104 in
387 2063 449 2104 ea
480 2064 599 2118 quze
624 2061 815 2104 sensus
845 2054 1010 2110 sunt;
1039 2054 1166 2099 sunt
1190 2051 1368 2098 autem
1391 2056 1455 2097 ea
1474 2081 1490 2107 ,
1522 2054 1641 2111 qua:
1671 2038 1802 2103 dixi,

200 2142 286 2199 vel
317 2140 550 2196 mundus
579 2140 663 2196 vel
709 2139 935 2193 materia
964 2137 1046 2192 vel
1077 2137 1257 2191 omnia
1304 2136 1356 2189 iu
1407 2131 1631 2188 mundo.
1682 2131 1807 2185 llmc

205 2231 498 2289 nesciendo
526 2231 705 2287 anima
730 2231 906 2286 minus
935 2228 1168 2299 perlecta
1192 2235 1338 2282 esset
1363 2268 1377 2292 ,
1407 2237 1461 2281 et
1491 2225 1581 2279 tali
1616 2231 1804 2277 natura

202 2332 582 2396 permaneret,
614 2323 659 2378 si
693 2322 791 2377 ista
830 2322 1052 2377 veniens
1091 2326 1441 2391 cognosceret
1469 2326 1524 2372 et
1561 2327 1805 2372 contem-

202 2425 385 2473 neret:
409 2422 466 2470 et
494 2423 552 2468 ιιι
597 2414 831 2485 perfecta
860 2413 929 2467 ab
957 2428 1022 2469 eo
1050 2427 1157 2483 quo
1194 2410 1311 2480 capi
1346 2416 1577 2480 poterat,
1626 2407 1802 2477 adque

201 2510 407 2580 integra
439 2508 775 2575 redderetur,
801 2509 928 2563 fecit
973 2508 1115 2562 Deus
1159 2506 1415 2561 ntundum
1447 2505 1513 2559 ad
1541 2504 1803 2574 cognitio-

201 2619 323 2659 nem
353 2618 607 2658 sensuum
636 2644 651 2670 ,
702 2603 776 2657 uti
828 2601 951 2671 quia
998 2601 1204 2671 magnis
1236 2600 1503 2655 illecebris
1544 2612 1800 2653 sensuum

201 2704 371 2766 capta:
401 2696 598 2750 animm
645 2697 754 2765 jam
790 2695 934 2748 illam
963 2695 1214 2748 virtutem
1261 2691 1480 2746 luminis
1510 2695 1590 2746 sui
1624 2690 1803 2761 perdi-

200 2790 409 2845 derant.
447 2790 657 2861 Quippe
700 2802 827 2844 caro
883 2787 1035 2843 facta:
1082 2795 1137 2843 et
1178 2787 1415 2841 carnalia
1466 2785 1797 2853 sentientes,

200 2885 512 2957 mysterium
541 2900 635 2954 per
664 2884 997 2941 Salvatorem
1021 2881 1345 2951 completum
1373 2889 1478 2947 est,
1513 2882 1587 2934 uti
1617 2888 1672 2934 ιιι
1692 2880 1800 2933 dis-

198 2986 388 3033 cerent
417 2977 662 3031 homines
692 2983 968 3046 parentem
997 2990 1152 3029 suum
1183 3015 1197 3041 ,
1248 2983 1303 3028 et
1343 2973 1408 3027 ad
1437 2973 1688 3028 virtutem
1720 2972 1801 3026 in-

198 3068 472 3140 telligendi
494 3109 509 3133 ,
543 3068 868 3138 contemptis
896 3066 1145 3123 sensibus
1172 3076 1223 3120 et
1266 3066 1486 3120 calcatis
1521 3073 1577 3118 et
1599 3064 1800 3119 contri—

199 3165 269 3219 tis
297 3162 548 3218 otunibus
574 3204 589 3230 ,
614 3164 961 3233 pervenirent
985 3179 998 3216 :
1020 3171 1075 3214 et
1103 3160 1181 3215 sic
1206 3158 1537 3227 perfectione
1564 3172 1659 3226 per
1677 3172 1797 3210 om-
1822 3140 1869 3203 C

199 3257 285 3312 nia
316 3256 583 3326 completa
603 3299 618 3322 ,
665 3265 719 3310 et
749 3254 800 3307 in
841 3253 1091 3308 omnibus
1120 3251 1414 3307 secundum
1443 3249 1714 3304 Christum
1744 3258 1799 3303 et

198 3364 296 3420 per
314 3347 585 3403 Christum
613 3358 667 3401 et
698 3347 749 3401 itt
771 3345 988 3401 Christo
1013 3361 1175 3399 unum
1206 3344 1402 3399 ﬁerent
1428 3345 1675 3397 universa
1700 3360 1713 3395 :
1744 3352 1799 3396 et

196 3442 277 3498 sic
308 3440 581 3512 plenitudo
613 3440 697 3493 illa
720 3480 737 3506 ,
769 3439 927 3493 sicuti
956 3453 1115 3508 supra
1143 3435 1286 3501 dixi,
1319 3433 1556 3504 perfecta
1584 3449 1649 3489 ex
1680 3449 1797 3489 om-

197 3540 355 3597 nibus
385 3539 726 3595 redderetur.

268 3632 473 3688 Haecin
518 3631 603 3687 bis
644 3628 987 3685 sermonibus
1016 3628 1087 3683 ita
1134 3632 1429 3682 tractantur
1459 3624 1531 3679 uti
1564 3624 1797 3678 docean-

199 3734 286 3781 tur
314 3726 562 3780 uuiversa
596 3723 733 3778 laeta
751 3764 765 3787 ,
797 3733 851 3777 et
876 3737 970 3792 per
993 3720 1265 3775 Christum
1296 3719 1434 3775 l‘acla
1459 3760 1473 3783 ,
1499 3726 1554 3773 et
1582 3717 1674 3772 Dei
1703 3731 1798 3786 per

195 3819 467 3877 Christum
502 3819 554 3872 in
590 3818 864 3871 voluntate
892 3815 1158 3883 completa
1186 3831 1199 3867 :
1252 3814 1322 3867 ita
1356 3823 1413 3866 ut
1460 3812 1622 3881 elegit
1651 3824 1751 3864 nos
1774 3851 1791 3875 ,

194 3914 472 3971 benedixit
492 3928 590 3967 nos
619 3912 669 3965 in
694 3911 830 3979 ipso.
858 3908 1013 3965 Unde
1042 3908 1093 3961 id
1121 3908 1316 3976 probas
1338 3906 1360 3958 ?
1383 3907 1507 3976 quia
1535 3904 1794 3957 benedixit

193 4026 288 4065 nos
315 4010 384 4063 ita
413 4017 503 4073 ut,
535 4006 708 4077 inquit
728 4049 740 4070 ,
776 4004 958 4075 elegit.
986 4003 1211 4070 Quando
1234 4012 1412 4055 autem
1441 3999 1641 4069 elegit?
1671 4006 1788 4051 ante

191 4102 609 4159 constitutionem
646 4098 846 4153 mundi.
878 4095 1104 4166 Quando
1135 4103 1311 4149 autem
1355 4092 1630 4147 benedixit
1658 4091 1796 4146 nos?

192 4194 410 4268 quando
450 4194 517 4249 ad
558 4193 716 4249 fidem
748 4192 1076 4246 accessimus
1105 4188 1567 4258 cognovintusque
1598 4192 1799 4257 myste-

192 4293 372 4349 rium:
400 4292 473 4344 ita
497 4298 553 4343 ut
579 4287 731 4359 elegit
777 4302 871 4339 nos
895 4286 949 4338 in
988 4285 1102 4353 ipso
1141 4292 1257 4336 ante
1302 4279 1712 4334 constitutionem
1741 4287 1797 4332 ut

194 4400 419 4439 essemus
461 4381 644 4435 sancti.
678 4376 994 4442 Admoneo,
1032 4386 1088 4429 ut
1134 4389 1279 4444 sa-pe
1317 4371 1606 4434 admonui,
1652 4369 1797 4423 salu-

194 4485 304 4532 tem
358 4484 597 4530 nostram
627 4480 785 4542 atque
828 4484 1043 4525 omnem
1100 4466 1454 4522 :rternitatem
1497 4464 1549 4519 in
1580 4462 1794 4519 Christo

193 4582 319 4623 esse
365 4576 421 4623 et
464 4582 560 4637 per
588 4565 895 4625 Christum;
947 4561 1262 4628 animasque
1310 4565 1525 4613 nostras
1566 4566 1620 4611 et
1667 4565 1793 4637 ante
1820 4534 1871 4594 Ι)

194 4656 379 4713 mundi
418 4633 856 4712 constitutionem
901 4650 1089 4716 fuisse,
1123 4653 1321 4721 quippe
1362 4665 1483 4705 cum
1541 4663 1635 4703 sua
1666 4633 1792 4704 sub-

84 4736 85 4743 “
193 4750 392 4807 stantia
446 4751 499 4804 in
520 4745 1324 4820 Wterint
1355 4744 1454 4815 (l).
1498 4741 1603 4797 Has
1632 4742 1793 4811 igitur

84 4930 87 4959 ί

195 4845 339 4899 Deus
357 4853 480 4897 ante
506 4841 689 4897 mundi
714 4840 1152 4896 constitutionem
1178 4836 1576 4906 praedestinavit
1593 4845 1647 4891 et
1675 4836 1789 4891 ele-

189 4937 268 5009 git
291 4944 350 4990 ιιι
377 4934 869 4990 sanctificarentur:
904 4933 956 4988 id
979 4940 1064 4987 est
1090 4932 1629 5003 acceptiuspiritunm
1657 4947 1792 4987 cun-

192 5030 523 5093 ﬁrmaretur,
555 5027 812 5098 depositis
843 5026 1094 5082 omnibus
1127 5026 1302 5091 vitiis,
1345 5041 1465 5096 qua:
1495 5026 1545 5079 in
1585 5040 1677 5079 eas
1711 5025 1794 5078 in-

189 5121 375 5179 cidere
409 5133 664 5192 possent,
713 5121 934 5193 spiritus
986 5120 1201 5176 ﬁerent.
1232 5118 1366 5174 Cum
1413 5117 1559 5173 enim
1604 5127 1793 5173 natura

265 5261 551 5336 (l)Adltuc
572 5263 802 5318 inculcat
823 5261 1130 5320 Victorinus
1153 5261 1610 5336 pra‘existentiam
1634 5270 1793 5336 a-ter-

191 5334 683 5399 natn'animarutn;
730 5350 891 5405 quem
921 5350 1160 5389 errorem
1188 5334 1274 5388 vix
1323 5339 1414 5387 aut
1461 5348 1528 5387 ne
1556 5334 1639 5386 vix
1669 5334 1790 5402 qui-

188 5408 316 5465 dem
349 5413 540 5476 purgat
566 5421 686 5459 mox
714 5444 728 5466 ,
755 5421 875 5460 cum
901 5410 1107 5460 animas
1136 5405 1381 5476 extitisse
1400 5406 1478 5457 ait
1508 5405 1560 5458 in
1588 5404 1679 5459 Dei
1697 5420 1791 5460 co-

187 5475 473 5551 gitatione.
523 5476 683 5532 Aliud
728 5480 901 5551 enim_
901 5488 985 5532 est
1030 5475 1325 5551 prtevidere
1373 5491 1486 5551 rem
1516 5476 1788 5551 futuram,

190 5545 339 5606 aliud
390 5548 536 5602 illam
581 5550 832 5602 existere.
860 5547 957 5603 Est
999 5545 1175 5602 autem
1223 5547 1467 5601 doctrina
1497 5545 1790 5603 christiana

188 5621 369 5678 creari
399 5637 429 5673 a
463 5620 572 5674 Deo
601 5620 837 5687 singulas
866 5619 1074 5674 animas
1093 5658 1107 5680 ,
1131 5632 1253 5672 cum
1285 5619 1336 5672 in
1355 5618 1656 5687 genitor-um
1693 5633 1790 5672 uu-

189 5708 291 5765 per
329 5690 866 5765 burninutncorpora
908 5690 1287 5747 immittuntur.
1320 5688 1543 5761 Legesis
1571 5687 1785 5746 collect.

188 5757 304 5820 ian
338 5761 401 5819 Τ.
432 5757 473 5817 1.
497 5775 552 5832 p.
575 5759 642 5817 81
665 5757 782 5832 sqq;

1910 1854 2337 1910 substantialiter
2357 1852 2567 1906 fuerant
2586 1892 2600 1916 ,
2633 1849 2791 1905 sicuti
2821 1857 2877 1903 et
2902 1861 3003 1917 ego
3024 1845 3209 1915 judico
3230 1854 3285 1900 et
3313 1841 3510 1898 credo:

1910 1949 2023 2004 sive
2051 1964 2156 2001 nun
2185 1946 2400 2001 fuerant
2420 1961 2484 2000 eo
2509 1945 2672 1999 modo
2692 1985 2708 2010 ,
2738 1939 3192 2013 quemadutodum
3223 1936 3388 1993 credo
3409 1977 3424 2001 ,
3458 1937 3511 1991 in

1909 2056 2003 2096 sua
2028 2040 2326 2095 substantia
2359 2037 2440 2093 vel
2465 2036 2771 2092 existentia.
2804 2034 3018 2089 Etenim
3050 2048 3172 2087 cum
3204 2031 3257 2085 in
3289 2030 3383 2086 Dei
3414 2043 3511 2084 co-

1906 2133 2169 2204 gitatione
2217 2131 2463 2196 fuerant,
2513 2127 2765 2199 cogitatio
2800 2126 2893 2181 Dei
2922 2125 3176 2196 quoniam
3221 2139 3326 2178 non
3380 2121 3513 2176 nihil

1908 2236 2023 2288 est.
2101 2224 2195 2280 sed
2262 2232 2345 2279 est
2389 2233 2534 2279 certa
2582 2220 2863 2276 existentia
2891 2261 2907 2285 ,
2964 2217 3271 2274 necessario
3316 2206 3514 2271 conce-

1907 2318 2143 2375 dendum
2166 2325 2250 2373 est
2288 2325 2345 2371 ut
2377 2306 2570 2385 anima:
2600 2313 2799 2369 fuerint
2829 2313 2881 2368 in
2911 2327 3037 2366 vera
3071 2318 3322 2379 rectaque
3363 2308 3511 2363 exis-

1908 2413 2093 2466 teutia.
2155 2411 2367 2466 Etenim
2419 2418 2599 2463 nostra
2654 2406 2908 2476 cogitatio
2957 2404 3107 2475 quasi
3146 2402 3336 2464 ,ioanis
3390 2409 3509 2466 est;

1906 2521 2006 2558 non
2030 2503 2105 2575 (Ι)
2130 2504 2199 2558 ita
2222 2512 2277 2559 et
2300 2502 2391 2558 Dei
2411 2522 2424 2557 :
2443 2515 2764 2570 quamquam
2780 2498 3099 2568 sapientium
3116 2496 3323 2551 ratione
3346 2494 3507 2549 etiam

1906 2608 2103 2654 nostra.
2145 2597 2532 2669 cogitationes,
2585 2593 2795 2649 nonnisi
2842 2591 3148 2647 existentia:
3204 2598 3329 2645 sunt
3382 2588 3511 2643 sub-

1905 2691 2227 2747 stantialiter
2258 2704 2461 2744 rerum.
2493 2686 2600 2742 Sed
2631 2686 2699 2741 de
2733 2685 2815 2739 his
2843 2699 2906 2738 ac
2935 2683 3005 2738 de
3033 2680 3226 2737 eodem
3275 2688 3512 2735 tractatu

1904 2787 2036 2842 alias
2063 2793 2118 2840 et
2147 2783 2388 2852 pluribus
2416 2778 2822 2853 explicavimus.

1977 2877 2044 2933 Et
2084 2876 2418 2930 immaculati.
2454 2872 2613 2927 Vides
2644 2871 2804 2941 igitur
2833 2876 3092 2941 quantum
3142 2865 3427 2936 adjiciatur
3453 2871 3510 2919 et

1905 2969 2031 3040 quid
2080 2969 2273 3024 habeat
2323 2964 2688 3022 immaculatio
2718 2979 2822 3017 non
2880 2973 3245 3018 utessemus.
3304 2956 3510 3027 inqttit,

1903 3063 1999 3119 sed
2030 3071 2088 3117 ut
2113 3078 2336 3118 essemus
2362 3061 2566 3124 sancti;
2595 3073 2766 3127 neque
2811 3064 2871 3111 ut
2894 3068 3140 3112 essenms
3163 3095 3176 3117 ,
3209 3051 3302 3107 sed
3337 3061 3395 3105 ut
3425 3065 3514 3106 es—

1902 3173 2083 3214 semus
2120 3156 2456 3212 immaculati.
2503 3154 2644 3224 Ergo
2670 3151 2872 3207 macula
2920 3166 3007 3203 res
3035 3148 3241 3218 adjecta
3272 3155 3356 3201 est
3380 3144 3507 3200 sub-

1901 3250 2139 3305 stantim.
2173 3249 2298 3303 Fuit
2322 3261 2452 3317 ergo
2477 3245 2795 3309 substantia,
2826 3240 2921 3297 sed
2955 3240 3127 3312 potuit
3150 3237 3356 3294 maeula
3378 3251 3512 3290 con-

1904 3341 2135 3411 tingere.
2171 3341 2283 3396 Hoc
2316 3336 2719 3411 praedestinavit
2759 3337 2897 3390 Deus
2927 3345 2984 3387 ut
3010 3348 3231 3387 essemus
3260 3332 3509 3385 immacu-

1902 3435 2015 3490 lati.
2045 3434 2194 3490 Licet
2217 3436 2360 3489 enim
2393 3431 2630 3488 nondum
2659 3429 2980 3483 maculasset
3008 3440 3105 3481 nos
3129 3424 3360 3479 mundus
3384 3464 3399 3487 ,
3429 3432 3512 3477 ta-

1901 3544 2023 3584 men
2051 3528 2300 3595 quoniam
2329 3536 2515 3583 natura
2547 3523 2637 3580 tali
2668 3521 2902 3585 fuimus,
2937 3528 2994 3572 ut
3030 3518 3082 3573 itt
3115 3516 3378 3572 maculam
3409 3531 3504 3570 ca-

1899 3623 2031 3678 dere
2077 3638 2395 3691 possemus,
2426 3619 2628 3674 idcirco
2655 3612 3056 3687 prmdeStiuavit
3099 3626 3199 3665 nos
3234 3609 3377 3663 Deus
3398 3650 3412 3669 ,
3442 3615 3501 3662 ιιι

1900 3730 2020 3769 cum
2053 3714 2104 3767 in
2148 3713 2411 3767 maculam
2460 3708 2839 3763 incidissemus
2860 3746 2874 3768 ,
2908 3718 3152 3758 essemus
3184 3698 3508 3755 immaculati

1902 3825 1998 3874 per
2027 3807 2144 3877 ejus
2174 3805 2401 3876 gratitm
2427 3845 2441 3867 ,
2473 3802 2521 3855 id
2553 3812 2634 3855 est
2665 3815 2760 3870 per
2786 3796 3081 3852 Christum.
3113 3790 3505 3864 Cognosceudo

1900 3902 2043 3956 enim
2073 3898 2348 3953 Christum
2377 3938 2391 3961 ,
2423 3905 2475 3950 et
2503 3892 2878 3965 cognoscendo
2908 3892 2961 3945 in
3016 3888 3215 3942 mundo
3238 3928 3253 3954 ,
3295 3896 3351 3940 et
3379 3901 3504 3956 cog-

1902 3991 2175 4050 noscendo
2204 3992 2255 4046 in
2279 3987 2527 4045 sensibus
2550 4028 2563 4051 ,
2592 3996 2646 4040 et
2667 3981 3043 4056 cognoscendo
3066 3982 3117 4034 in
3144 3996 3208 4034 eo
3236 3977 3377 4046 aptod
3400 3976 3497 4031 ad-

1901 4102 2121 4142 versum
2147 4093 2261 4148 est;
2288 4094 2342 4137 et
2369 4078 2742 4151 cognoscendo
2781 4077 2830 4131 in
2866 4074 3102 4129 tenebris
3121 4114 3136 4136 ,
3164 4080 3291 4126 tunc
3309 4085 3493 4125 verum

1900 4181 2078 4234 lumen
2092 4176 2405 4246 accipimus,
2423 4185 2547 4228 tunc
2559 4172 2854 4231 Christum,
2875 4168 2924 4222 id
2945 4175 3030 4222 est
3049 4163 3319 4234 Spiritum,
3336 4162 3496 4218 sumi-

1901 4288 2051 4327 mus:
2083 4280 2139 4325 et
2168 4279 2296 4324 tunc
2316 4267 2533 4338 rejectis
2559 4264 2835 4333 corporeis
2861 4258 3108 4327 maculis,
3136 4256 3186 4310 id
3209 4269 3291 4312 est
3318 4257 3493 4311 sensi-

1902 4364 2003 4419 bus
2022 4361 2347 4427 carnalibus,
2372 4358 2662 4414 existimns
2682 4352 3006 4409 immaculati
3021 4360 3279 4406 etsumus
3301 4350 3497 4404 sancti.

1971 4458 2138 4514 Vens.
2218 4457 2277 4522 5,
2324 4453 2378 4509 6.
2426 4481 2499 4494 ——
2558 4449 2744 4507 Coram
2815 4448 2930 4516 ipso
2986 4447 3038 4499 in
3098 4444 3351 4497 cltarttnte
3399 4440 3500 4511 (Ξ),

1898 4555 2263 4627 prwdestinaus
2326 4565 2420 4603 nos
2478 4547 2557 4618 ('5)
2622 4547 2675 4599 iu
2742 4543 3070 4611 adaptiouem
3135 4539 3363 4608 ﬁliorum
3414 4553 3505 4606 per

1898 4647 2078 4702 Iesum
2135 4642 2433 4707 Christum,
2488 4640 2541 4693 in
2594 4639 2764 4708 ipsum
2834 4631 3110 4688 secundum
3184 4629 3502 4699 prapositum

1897 4740 2176 4797 uoluntatis
2231 4751 2357 4802 sure,
2435 4735 2490 4788 in
2550 4731 2755 4786 laudem
2792 4728 2974 4801 gloria:
3024 4725 3207 4797 gratia:
3260 4738 3384 4778 sunt.
3436 4721 3506 4778 Et

1897 4832 2051 4906 quid,
2067 4829 2348 4899 etquibus,
2371 4834 2427 4881 et
2443 4838 2627 4894 quare,
2653 4832 2706 4876 et
2731 4834 3017 4891 perquem,
3040 4816 3167 4888 quid
3189 4816 3348 4871 etiam
3367 4829 3504 4884 pra:-

1896 4934 2027 4990 stat,
2046 4931 2107 4979 ut
2134 4923 2364 4976 lilioruut
2383 4916 2724 4986 adoptionem
2752 4912 2949 4967 habere
2979 4906 3302 4964 vidcalurde
3324 4906 3499 4973 nobis,

1895 5017 2038 5089 quod
2066 4992 2339 5084 magnum,
2372 5018 2425 5065 et
2454 5021 2780 5079 priestpunm
2811 5014 2864 5059 et
2892 5004 2977 5057 vix
3009 5000 3146 5055 votis
3174 5000 3374 5055 nostris
3399 5013 3500 5070 op-

1896 5110 2058 5168 tabile
2080 5116 2163 5164 est
2182 5116 2237 5161 ut
2258 5104 2493 5171 adoptati
2512 5102 2602 5154 ltlii
2619 5098 2915 5155 videamur.
2942 5094 3147 5164 Quibus
3162 5104 3339 5148 autem
3366 5108 3501 5162 pra:-

1894 5205 2025 5261 stat?
2049 5199 2243 5256 animis
2268 5197 2477 5252 scilicet
2502 5195 2659 5265 longe
2682 5209 2711 5247 a
2741 5191 2935 5247 virtute
2957 5190 3048 5245 Dei
3070 5189 3277 5260 positis,
3300 5186 3497 5256 quippe

1894 5295 1987 5369 qui
2013 5292 2206 5349 cadere
2232 5292 2284 5346 in
2314 5288 2439 5344 vitia
2472 5286 2700 5357 possint,
2725 5285 2922 5355 quippe
2948 5298 3068 5338 cum
3101 5280 3341 5336 inarulas
3361 5276 3498 5331 reci-

1896 5366 2065 5459 piant.
2098 5385 2203 5440 Per
2244 5396 2400 5454 quem
2431 5389 2610 5434 autem
2662 5375 2916 5448 praestat?
2948 5390 3043 5446 per
3086 5374 3269 5429 Jesum
3312 5366 3497 5424 Chris-

1894 5488 2009 5537 tum
2037 5490 2200 5549 atque
2229 5476 2281 5532 in
2312 5476 2506 5546 ipStnt-i.
2537 5474 2718 5541 Quare
2752 5477 2930 5526 autem
2958 5469 3043 5525 vel
3080 5473 3295 5537 propter
3322 5462 3494 5535 quid?

1966 5610 2049 5683 (l)
2076 5608 2375 5683 Xidebatur
2404 5604 2532 5661 mihi
2560 5617 2778 5683 prorsus
2798 5598 3100 5683 addendum
3123 5613 3248 5683 non.

1966 5671 2047 5757 (2)
2076 5680 2228 5757 Y_ul_g.
2258 5696 2279 5757 :_
2301 5678 2368 5757 In
2399 5671 2668 5757 conspectu
2693 5676 2803 5757 ejus
2826 5675 2887 5757 in
2917 5671 3188 5757 charitate.

1972 5742 2052 5827 ξδ’)
2080 5742 2233 5825 Vulg.
2267 5750 2456 5808 habet:
2494 5742 2597 5814 Qui
2618 5742 2993 5818 prcidestinavt't
3023 5756 3115 5797 nos
3137 5779 3155 5811 ,
3187 5748 3293 5798 etct
