4106 6184
713 228 851 285 1245

714 451 961 508 magnum
1011 435 1325 490 beneﬁcium
1378 435 1497 497 dat,
1557 436 1879 506 pra-cipttam
1913 433 2133 501 gloriam
2171 434 2309 489 Deus

712 543 776 584 ex
808 527 908 582 hoc
938 527 1189 597 potentia:
1229 542 1341 581 sua:
1389 526 1642 582 ostendat
1663 569 1675 593 ,
1708 527 1923 597 quando
1966 543 2063 582 nos
2095 526 2228 582 tales
2257 536 2309 580 ct

712 621 764 677 in
797 619 940 674 vitiis
970 617 1049 692 (1)
1078 620 1282 689 positos
1301 629 1351 674 ct
1382 622 1616 690 peccatis
1642 620 1950 674 carnalibus
1975 662 1989 685 ,
2021 627 2076 675 et
2108 619 2311 690 obliga-

712 723 795 769 tos
815 755 829 778 ,
865 726 973 766 non
1000 711 1171 767 solum
1198 712 1423 777 liberat,
1467 721 1521 766 et
1556 712 1767 767 donatis
1797 714 2030 783 peccatis
2058 727 2252 767 \acuos
2282 731 2308 765 τι

704 800 1026 862 Criminibus
1076 805 1289 873 reddit,
1322 805 1417 860 sed
1447 804 1608 860 etiam
1635 805 1855 875 adoptat
1896 814 1957 860 ut
1994 805 2150 859 ﬁlios.
2188 804 2313 860 Hac

714 900 876 970 igitur
900 907 985 952 est
1030 897 1147 951 laus
1177 897 1362 968 gloria:
1387 940 1400 962 ,
1433 908 1482 952 et
1516 899 1702 967 gratia:
1730 898 1876 967 ejus:
1922 897 2138 969 glorize,
2170 898 2311 967 quod

718 998 921 1047 tantum
953 1000 1157 1061 potest:
1181 992 1386 1059 gratim,
1411 992 1551 1061 quod
1583 992 1698 1046 haec
1722 992 1876 1045 nobis
1905 999 2140 1059 prmstat.

786 1082 940 1153 Quod
970 1093 1148 1138 autem
1200 1083 1339 1138 dixit
1388 1085 1440 1139 in
1469 1085 1794 1153 adoptionem
1842 1084 2067 1152 ﬁliorum
2118 1086 2310 1154 plene,

715 1184 884 1241 certe,
918 1175 1167 1244 proprie;
1198 1190 1429 1245 namque
1460 1177 1597 1230 filius
1624 1176 1869 1230 Christus
1895 1218 1910 1241 ,
1938 1183 1992 1231 et
2017 1192 2143 1230 vere
2175 1177 2314 1232 ﬁlius

714 1268 986 1332 Cbrisms,
1015 1276 1070 1322 et
1084 1283 1213 1323 vere
1235 1266 1395 1333 ﬁlius,
1429 1252 1585 1325 sicuti
1610 1284 1754 1340 stepe
1777 1269 1955 1331 docui,
1989 1284 2109 1324 cum
2140 1269 2315 1339 imago

718 1363 812 1419 Dei
840 1372 943 1419 est.
971 1365 1106 1421 Cum
1132 1373 1311 1420 autem
1344 1364 1499 1433 longe
1529 1378 1558 1417 a
1590 1364 1678 1417 Dei
1714 1364 1947 1434 imagine
1968 1363 2077 1417 sint
2098 1363 2312 1429 animm;

719 1466 774 1513 et
794 1474 1005 1513 rursum
1031 1460 1296 1529 accipiant
1316 1457 1511 1513 anima:
1532 1458 1689 1528 longe
1707 1458 1894 1527 positzc
1915 1457 2182 1526 spiritum;
2209 1457 2318 1527 spi—

718 1551 855 1606 ritus
882 1561 1058 1607 autem
1084 1552 1242 1616 lilitts;
1284 1551 1413 1605 ﬁunt
1442 1554 1561 1604 loco
1583 1548 1674 1605 lilii
1705 1550 1931 1604 animm:
1964 1556 2019 1604 et
2046 1565 2167 1602 cum
2200 1550 2317 1603 loco

720 1642 813 1697 ﬁlii
837 1641 1142 1698 efﬁciuntur
1169 1643 1382 1709 :mimze,
1411 1643 1463 1697 in
1490 1644 1832 1712 adoptionem
1867 1642 2096 1696 ﬁliorum
2126 1642 2317 1696 anima:

1940 224 2128 279 Mill"
2174 222 2509 279 VICTORINI
2543 223 2703 279 ΑΠιί

710 343 765 401 itt
792 344 1019 409 laudent,
1054 344 1242 415 inquit,
1275 344 1461 414 gloria!
1498 358 1626 397 sum.
1662 342 1882 407 Gratim,
1914 343 1962 397 id
1994 351 2076 396 cst
2102 350 2157 396 ιιι
2184 357 2303 396 eam
2337 343 2379 399 Δ

3769 239 3851 295 liii

2486 338 2649 395 Vens.
2712 341 2765 395 8.
2821 371 2892 381 -—-
2971 340 3268 397 Secundum
3333 343 3521 399 divitias
3573 348 3714 416 gratia
3759 360 3858 423 let,

2412 448 2513 504 qua
2565 432 2840 486 abundavit
2891 432 3007 505 (i)
3074 436 3126 488 in
3182 435 3327 489 nobis
3362 437 3413 489 in
3464 438 3585 491 omni
3629 442 3806 509 supinus
3834 463 3859 502 ιι

2413 527 2705 598 prudentia.
2775 526 2916 581 Deus
2982 536 3138 598 pater
3182 536 3266 583 est
3328 529 3395 583 ab
3461 530 3564 599 ipso
3610 533 3722 586 enim
3765 540 3859 593 veluti

2414 620 2561 676 fonte
2596 628 2714 676 orta
2747 630 2871 676 sunt
2915 623 3115 676 omnia.
3154 622 3431 690 Quomodo
3474 634 3598 690 orta,
3634 641 3797 697 magnus
3822 633 3863 682 is-

2413 714 2660 770 telleetus
2679 724 2733 771 et
2762 729 2951 785 magna
2972 715 3215 769 doctrina
3242 725 3323 770 est
3345 732 3359 769 :
3380 724 3459 770 est
3478 725 3635 772 tamen
3664 730 3773 773 certa
3791 737 3864 776 m-

2416 809 2601 873 fcss’o,
2630 826 2660 864 a
2690 810 2803 865 Deo
2833 810 3035 865 omnia.
3065 809 3238 864 Porro
3264 820 3437 864 autem
3472 813 3649 877 omnia,
3679 823 3724 869 et
3743 830 3867 885 eum

2416 919 2622 958 summa
2646 912 2790 966 sunt,
2821 913 2875 959 et
2894 919 2954 958 ea
2984 919 3105 974 qua!
3134 904 3363 965 inﬁrma.
3391 912 3445 959 et
3471 919 3526 960 ea
3554 922 3656 976 quae
3680 924 3761 962 non
3782 920 3869 965 rtu-

2417 1012 2505 1063 na,
2527 1002 2581 1050 et
2597 1003 2793 1049 czctera
2815 995 3141 1062 itujusmodi.
3172 997 3305 1051 Cum
3333 997 3473 1051 enim
3491 1000 3646 1052 omnia
3661 999 3770 1065 dico,
3785 1003 3871 1056 inte;

2417 1087 2626 1158 ligenda
2662 1096 2717 1142 et
2746 1088 2979 1152 diversa,
3027 1097 3082 1143 et
3122 1089 3412 1151 contraria,
3442 1098 3495 1145 et
3521 1094 3821 1161 repugnantis;
3847 1110 3871 1147 ti

2416 1180 2596 1234 omnia
2634 1179 2868 1251 denique
2899 1181 3085 1251 utique
3128 1190 3253 1235 sunt
3294 1196 3433 1252 quae,
3472 1184 3549 1236 vel
3577 1184 3803 1252 quomodo,
3832 1189 3872 1240 td

2418 1271 2826 1343 qualiacmnque
2838 1280 2983 1338 sunt;
3008 1289 3125 1343 quzc
3144 1288 3267 1328 cum
3293 1276 3390 1329 ista
3408 1284 3545 1337 sunt,
3562 1286 3872 1337 manentium,

2419 1373 2475 1421 et
2502 1365 2554 1419 iu
2588 1381 2686 1421 suo
2716 1367 2895 1431 modo,
2917 1375 2972 1421 et
3000 1367 3053 1420 in
3083 1367 3405 1435 substantia,
3428 1378 3477 1422 et
3526 1369 3576 1422 in
3594 1383 3674 1423 sua
3691 1384 3754 1433 re,
3779 1382 3871 1424 etSt!

2419 1459 2694 1530 qualitate.
2723 1458 2888 1530 Igitur
2909 1468 2961 1514 et
2997 1475 3118 1514 cum
3139 1459 3334 1530 angeli,
3357 1467 3411 1514 et
3438 1459 3700 1519 daemones.
3723 1471 3763 1517 et
3784 1475 3875 1518 matt-

2418 1553 2520 1617 ria,
2554 1565 2608 1608 et
2629 1554 2919 1620 elementa,
2950 1564 3003 1609 et
3041 1557 3232 1607 animm
3250 1561 3547 1623 emteraque
3566 1554 3875 1625 hajusmodiott-

2423 1648 2506 1704 nia
2528 1664 2752 1719 quaeque
2773 1655 2917 1712 sunt,
2940 1647 3171 1701 habeant
3200 1654 3446 1701 naturam
3473 1662 3633 1707 suam,
3658 1662 3874 1704 emrtth

713 1736 837 1807 jure
851 1746 1111 1805 suscepta:
1126 1752 1247 1791 esse
1261 1737 1526 1806 dicuntur,
1546 1752 1639 1808 per
1654 1737 1819 1792 Deum
1835 1746 2009 1791 tamen
2022 1735 2149 1792 Chri
2160 1748 2313 1807 ~tum,
2348 1738 2395 1798 B
2425 1741 2814 1813 procreationis
2826 1739 2860 1793 b
2880 1739 3026 1793 ibeut
3039 1740 3142 1793 vim
3156 1740 3515 1808 virtutemque
3539 1748 3587 1792 et
3602 1740 3875 1794 conditionem

721 1828 772 1883 id
798 1839 879 1883 est
909 1845 1003 1899 per
1049 1831 1293 1900 spiritum
1322 1873 1334 1894 ,
1367 1832 1456 1901 qui
1484 1840 1566 1886 est
1603 1846 1728 1887 vere
1773 1830 1909 1885 ﬁlius
1932 1872 1947 1897 ,
1995 1837 2049 1884 et
2078 1832 2222 1884 solus
2255 1830 2314 1884 ﬁ-

722 1921 845 1977 lius.
902 1922 957 1978 Si
1001 1939 1130 1995 ergo
1160 1938 1320 1979 verus
1350 1932 1405 1978 et
1433 1926 1618 1989 solus,
1664 1940 1785 1980 cum
1830 1925 2114 1994 recipimus
2161 1922 2317 1979 Chri-

725 2022 865 2070 stum
887 2058 900 2082 ,
936 2016 985 2070 id
1016 2026 1096 2071 est
1128 2017 1396 2086 spiritum,
1423 2018 1658 2087 adoptati
1690 2017 1782 2072 ﬁlii
1813 2032 2020 2083 sumus,
2052 2032 2156 2071 non
2190 2019 2313 2083 ﬁlii;

721 2122 820 2178 per
846 2110 1096 2165 virtutem
1130 2112 1269 2165 enim
1318 2109 1474 2175 Filii,
1505 2128 1600 2165 nos
1627 2110 1892 2166 efﬁcimur
1931 2112 2023 2166 ﬁlii
2060 2128 2071 2165 2
2116 2120 2171 2167 et
2204 2113 2318 2167 haec

722 2209 804 2254 cst
833 2200 1135 2271 adoptatio,
1187 2203 1239 2256 in
1274 2220 1375 2274 qua
1418 2203 1724 2275 graliﬁcavit
1764 2220 1854 2259 nos
1899 2204 1951 2258 in
1993 2204 2176 2258 dilecto
2207 2205 2318 2273 ﬁlio

720 2308 814 2347 suo
838 2336 852 2357 ,
883 2292 933 2347 id
956 2302 1039 2348 est
1059 2296 1282 2363 gratiam
1312 2296 1465 2350 nobis
1490 2298 1767 2366 przcstitit:
1804 2296 1906 2352 hoc
1926 2297 2068 2351 enim
2090 2306 2172 2352 est
2198 2311 2320 2366 gra-

723 2385 964 2442 tiﬁcavit.
993 2386 1097 2442 Sed
1118 2388 1313 2459 ubique
1340 2388 1511 2443 firmat
1535 2432 1549 2454 ,
1579 2398 1633 2445 et
1662 2406 1781 2459 qua:
1809 2391 1879 2445 sit
1906 2390 2071 2460 gratia
2095 2431 2108 2454 ,
2142 2401 2192 2445 et
2224 2406 2321 2462 per

710 2476 884 2547 quem
911 2480 1113 2548 gratia:
1135 2495 1255 2534 nam
1278 2490 1327 2535 et
1353 2497 1445 2551 per
1470 2498 1627 2552 quem
1646 2482 1813 2552 gratia
1837 2490 1921 2535 est
1948 2481 2241 2552 subjungit,
2266 2484 2319 2538 in

726 2568 910 2624 dilecto
929 2571 1040 2635 ﬁlio
1068 2570 1371 2642 suo.Equc
1400 2574 1623 2645 gratiam
1653 2575 1958 2647 subjungit:

803 2660 964 2717 Vens.
999 2664 1050 2717 7.
1080 2693 1152 2705 -—-
1182 2663 1248 2719 In
1267 2681 1364 2736 quo
1387 2666 1626 2721 habemus
1655 2669 2049 2739 redemptionem
2078 2683 2168 2738 per
2197 2682 2317 2722 san-

726 2756 930 2825 guinem
969 2757 1131 2825 ipsius
1176 2757 1252 2831 (2)
1283 2759 1627 2813 remissionem
1655 2772 1994 2828 peccatorum.
2026 2760 2152 2815 Haec
2178 2762 2320 2815 enim

724 2846 892 2915 gratia
916 2857 998 2902 est
1019 2855 1078 2903 ut
1106 2849 1156 2902 in
1183 2848 1398 2904 Christo
1427 2867 1521 2920 per
1540 2852 1658 2920 ejus
1686 2853 1998 2923 sanguinem
2031 2853 2321 2910 habeamus

726 2936 1172 3008 redemptionem,
1202 2953 1254 2996 et
1283 2944 1652 2999 remissionem
1684 2954 2045 3015 peccatorum,
2067 2956 2125 3003 ut
2153 2956 2206 3002 et
2236 2963 2324 3004 re-

727 3032 1006 3087 mittantur
1037 3034 1192 3089 nohis
1222 3046 1436 3105 peccata
1468 3047 1651 3093 nostra
1679 3055 1775 3109 per
1801 3040 1850 3094 id
1889 3041 2030 3109 quod
2060 3042 2177 3111 lege
2202 3057 2324 3097 cru-

2420 1836 2714 1900 maneutia,
2736 1834 2928 1888 animus
2959 1841 3138 1888 tamen
3162 1848 3280 1902 quae
3305 1833 3491 1902 utique
3511 1840 3562 1886 et
3580 1832 3690 1902 ipsa:
3713 1832 3875 1887 interpr

2422 1928 2507 1982 nia
2530 1928 2580 1980 vi
2605 1940 2699 1979 sua
2721 1926 2922 1989 valent,
2945 1938 3050 1977 non
3081 1923 3134 1976 in
3165 1939 3231 1977 co
3262 1931 3620 1993 perseverant,
3643 1925 3875 1977 utestitmm

2420 2028 2582 2091 atque
2635 2017 2991 2073 substantiam
3028 2016 3233 2070 sortitte
3271 2024 3419 2078 sunt,
3451 2015 3544 2070 sed
3581 2015 3660 2069 Dei
3687 2015 3874 2084 potentia:

2423 2113 2700 2167 meliorem
2726 2109 3079 2164 substantiam
3112 2107 3482 2177 provehantur
3502 2126 3515 2162 :
3537 2116 3588 2162 et
3604 2122 3659 2161 es
3677 2106 3874 2160 subnisus

2420 2205 2615 2261 animm
2646 2206 2773 2269 sint,
2805 2203 3026 2273 spiritus
3068 2201 3202 2255 ﬁunt
3244 2202 3344 2271 (2).
3390 2202 3528 2271 Ergo
3556 2202 3659 2254 istae
3684 2200 3875 2253 Deidiut'a

2424 2298 2475 2351 in
2510 2310 2606 2349 nos
2628 2295 2841 2350 collata:
2863 2302 2923 2349 ut
2941 2294 3173 2365 amplius
3199 2292 3504 2347 efﬁciamur
3530 2308 3672 2362 quam
3694 2293 3875 2357 essetet?»

2423 2404 2541 2443 mus
2564 2396 2726 2457 atque
2744 2388 3041 2452 extitimus,
3067 2386 3278 2441 cteteris
3307 2385 3615 2440 conditione
3628 2399 3702 2438 sua
3726 2384 3876 2436 mammi-

2424 2482 2545 2547 bns,
2563 2489 2621 2535 ttt
2640 2493 2791 2534 suam
2808 2480 3160 2533 substantiam
3180 2492 3452 2549 suamque
3465 2478 3750 2549 qualitatem.
3768 2486 3801 2528 ut
3813 2483 3876 2525 snt

2424 2582 2560 2637 orta,
2589 2572 2913 2627 custodiant.
2935 2570 3121 2624 Gratia
3150 2570 3436 2640 magniﬁca
3457 2571 3572 2635 Dei,
3593 2570 3671 2623 Dei
3687 2582 3820 2636 magna
3836 2565 3876 2615 di

2422 2668 2568 2723 vititc
2587 2682 2706 2721 cum
2723 2665 2917 2719 animis
2934 2671 3149 2735 priestat
3166 2663 3267 2718 hoc
3290 2677 3493 2718 munus
3517 2672 3571 2718 ut
3595 2663 3652 2717 ad
3667 2660 3875 2729 κομιωω

2426 2760 2643 2815 veniant
2659 2759 2886 2813 ﬁliorum
2906 2759 3019 2823 Dei,
3037 2757 3327 2827 perJesum
3353 2766 3533 2812 tamen
3565 2752 3876 2814 tlhristamadts

2428 2868 2523 2923 per
2545 2853 2791 2921 spiritum
2812 2851 3072 2921 spiritalia
3093 2851 3415 2913 sentientes,
3439 2858 3496 2904 ut
3509 2850 3708 2920 spiritus
3719 2846 3801 2901 sint.
3818 2844 3875 2895 ista

2428 2956 2554 3001 sunt
2577 2945 2775 2999 divitia!
2804 2945 2941 3015 ejus,
2972 2955 3025 2999 et
3044 2947 3162 3012 ejus
3182 2947 3391 3014 gratiae,
3410 2960 3512 3014 qua
3531 2940 3874 2997 abundantiam
3912 2964 3913 3015 ξ

2430 3040 2619 3095 Merito
2634 3053 2764 3108 ergo
2782 3004 3146 3093 aliundavitwin
3168 3004 3266 3092 tios
3290 3055 3303 3092 :
3324 3004 3667 3108 angelus
3689 3040 3729 3090 in
3749 3048 3792 3087 eo
3806 3030 3875 3099 quoi
3912 3004 3913 3067 ι

727 3125 917 3181 ciﬁtus
945 3135 1048 3182 est.
1071 3127 1181 3183 lloc
1201 3140 1281 3184 est
1307 3130 1449 3184 enim
1476 3148 1570 3201 per
1597 3133 1913 3202 sanguinem
1938 3134 2103 3203 ipsius
2126 3143 2180 3189 et
2208 3134 2319 3205 ipse
2349 3130 2395 3194 C
2425 3140 2509 3187 est
2530 3132 2770 3201 angelus,
2801 3132 3055 3195 manebit;
3083 3131 3317 3199 itemque
3340 3140 3556 3192 caetera,
3572 3130 3670 3183 sive
3683 3127 3724 3180 in
3741 3122 3873 3179 mnu.

729 3235 827 3274 nos
852 3220 1079 3276 redemit
1098 3237 1126 3274 a
1152 3231 1342 3287 morte,
1367 3222 1419 3277 id
1441 3234 1523 3278 est
1541 3239 1569 3276 a
1589 3224 1892 3279 carnalibus
1913 3227 2326 3295 cogitationibus

726 3323 779 3367 et
796 3314 1196 3383 cupiditatibus,
1217 3325 1267 3368 et
1286 3329 1413 3370 suos
1434 3314 1555 3371 fecit
1578 3331 1786 3381 servos,
1812 3318 1863 3371 id
1877 3329 1955 3371 est
1978 3318 2081 3372 sibi
2097 3323 2323 3385 servire,

728 3408 869 3477 quod
895 3418 976 3463 est
1007 3409 1316 3478 spiritaliter
1337 3410 1444 3478 jam
1476 3411 1656 3466 vivere
1679 3428 1692 3463 :
1718 3410 1844 3465 item
1870 3411 1951 3481 (5)
1979 3409 2111 3465 nihil
2138 3426 2328 3467 carna-

729 3501 853 3556 liter
891 3518 1072 3574 agere,
1098 3503 1334 3574 nihilque
1356 3518 1514 3557 sensu
1546 3506 1766 3571 sentire,
1802 3504 1895 3560 sed
1927 3513 2067 3559 totos
2096 3505 2228 3559 verti
2261 3504 2325 3559 ad

732 3595 899 3650 Deum
931 3606 982 3651 et
1017 3597 1282 3651 mundana
1313 3598 1491 3651 omnia
1534 3597 1744 3653 calcare
1768 3641 1783 3664 ,
1815 3608 1868 3653 et
1896 3599 2155 3669 originem
2199 3615 2322 3654 nos.

728 3696 867 3742 tram
889 3699 1133 3757 repetere
1159 3706 1172 3742 :
1206 3688 1307 3744 hoc
1332 3699 1412 3744 est
1442 3690 1584 3745 enim
1615 3690 1807 3745 redimi
1833 3732 1847 3755 ,
1877 3705 1905 3745 a
1935 3691 2244 3762 captivitate
2267 3693 2330 3746 li-

732 3777 929 3832 berari.
958 3779 1127 3833 Porro
1156 3783 1433 3846 captivitas
1463 3797 1565 3837 non
1596 3791 1679 3837 est
1717 3784 1819 3837 nisi
1842 3784 1911 3839 ab
1935 3785 2146 3855 origine
2171 3784 2331 3840 liber-

735 3872 859 3926 tatis
886 3871 936 3924 iu
977 3871 1340 3941 captivitatem
1372 3874 1513 3928 duci.
1548 3875 1688 3945 Ergo
1714 3875 1911 3931 fuimus
1940 3876 2133 3943 liberi,
2167 3877 2218 3932 id
2249 3887 2331 3933 est

732 3963 1188 4035 animundunt:
1237 3965 1330 4019 sed
1361 3966 1590 4021 mundus
1624 3968 2017 4045 ngigplivos
2047 3970 2205 4036 fecit;
2239 3987 2329 4026 na-

732 4064 846 4111 tura
869 4058 1009 4112 enim
1038 4058 1125 4111 tali
1158 4055 1775 4131 fuimuwaderemus
1795 4063 1981 4132 etcapi
2014 4077 2330 4135 possemus:

732 4152 825 4207 sed
860 4152 973 4207 hzcc
1013 4153 1295 4223 captivitas
1325 4152 1391 4209 ad
1444 4156 1727 4211 utilitatem
1760 4165 1995 4213 nostram
2048 4160 2329 4231 provenit:

733 4262 855 4301 nam
891 4249 1119 4317 cognitis
1148 4249 1399 4306 omnibus
1430 4253 1705 4308 servitutis
1734 4255 1886 4309 malis
1904 4263 1958 4310 et
1984 4256 2329 4326 captivitatis,

732 4337 996 4408 redempti
1025 4356 1053 4394 a
1094 4338 1312 4396 Christo
1341 4358 1527 4398 sumus
1553 4364 1566 4400 :
1609 4346 1659 4401 id
1688 4357 1770 4403 est
1814 4348 1882 4403 ad
1911 4359 2153 4404 naturam
2187 4350 2329 4407 illam

731 4432 1011 4503 pristinam
1043 4449 1163 4503 qua:
1192 4433 1346 4488 nobis
1390 4452 1417 4489 a
1453 4436 1561 4492 Deo
1589 4448 1743 4506 erat,
1784 4440 2027 4505 reducti,
2076 4443 2332 4512 spiritali-

2428 3227 2542 3280 sive
2571 3227 2623 3280 in
2646 3225 3021 3290 luminaribus,
3044 3226 3162 3279 sive
3191 3227 3241 3278 in
3263 3226 3484 3280 caeteris
3502 3219 3871 3291 bujusmodireiss.

2428 3335 2547 3390 qua:
2566 3318 2742 3371 omnia
2761 3327 2885 3372 sunt
2905 3333 2933 3370 τι
2958 3319 3066 3372 Deo
3091 3325 3274 3387 parata
3287 3325 3454 3388 atque
3483 3310 3872 3371 conservatum

2432 3419 2608 3464 tamen
2657 3410 2795 3463 inter
2828 3407 3008 3462 omnis
3069 3408 3189 3477 plus
3215 3422 3241 3459 a
3267 3409 3381 3462 Deo
3405 3409 3617 3471 meruit,
3647 3402 3872 3459 stantium

2432 3517 2641 3567 munus,
2684 3512 2737 3555 et
2768 3517 2987 3569 magnas
3016 3500 3252 3566 divitias,
3274 3517 3401 3555 cum
3430 3496 3759 3571 cognoscendo
3780 3495 3869 3545 lien

2432 3596 2526 3649 Dei
2558 3580 2735 3649 tmneu
2768 3593 3041 3647 voluntate
3064 3593 3235 3647 infusa
3264 3594 3368 3647 sibi
3405 3610 3502 3664 per
3519 3591 3749 3648 Christum
3768 3586 3871 3642 hsta

2433 3693 2669 3743 meretur
2694 3696 2752 3741 ut
2775 3687 2914 3742 inter
2944 3686 3083 3741 ﬁlios
3113 3694 3329 3755 accepta
3369 3688 3480 3741 Deo
3503 3687 3657 3740 vicina
3681 3676 3873 3745 silmilia

2432 3782 2485 3836 id
2504 3790 2587 3837 est
2602 3780 2729 3837 Jesu
2761 3778 3000 3847 Cirristo,
3028 3796 3125 3849 per
3154 3782 3325 3850 ipsutn
3351 3781 3618 3837 Christum
3637 3768 3873 3835 tamen“

2431 3873 2682 3930 coita-res
2703 3874 3020 3928 mternitatis
3044 3882 3099 3928 et
3119 3873 3420 3941 majestatis
3443 3887 3493 3929 et
3524 3871 3740 3945 potentia:
3767 3865 3873 3921 ciem

2434 3954 2783 4022 mercturﬁlii
2825 3980 3020 4021 nomen
3054 3973 3109 4020 et
3151 3973 3493 4035 potestatem.
3541 3962 3867 4022 Abundantch

2434 4062 2629 4132 inquit,
2654 4060 2709 4116 in
2733 4076 2851 4116 nos.
2884 4060 3168 4127 Quomodo
3208 4070 3388 4115 autem
3428 4058 3720 4116 abundavit?
3738 4053 3873 4108 οιιιιιὶν

2436 4126 2627 4226 pientin
2659 4166 2705 4209 rt
2742 4155 3033 4225 prudentia.
3066 4154 3204 4209 Vere
3229 4155 3373 4208 enim
3399 4154 3575 4210 omnis
3600 4152 3698 4208 ha‘c
3732 4146 3873 4215 sapiet“
3906 4126 3907 4161 ¹

2436 4257 2520 4303 est
2541 4255 2597 4302 et
2621 4246 2924 4317 prudentia,
2947 4245 3220 4301 Christum
3237 4259 3597 4316 cognoscere;
3616 4238 3865 4314 perChrismI

2438 4344 2607 4398 Deum
2628 4350 2682 4397 et
2710 4340 3010 4407 intelligere
3035 4349 3090 4395 et
3112 4339 3328 4396 videre:
3363 4340 3566 4408 reliqua
3587 4338 3711 4394 enim
3731 4331 3787 4387 vel
3799 4340 3873 4380 su-

2436 4435 2575 4491 dana
2604 4433 2864 4504 sapientia
2897 4433 3017 4488 licet
3042 4450 3059 4487 :
3088 4433 3189 4486 alia
3227 4432 3557 4503 hujusmodi,
3589 4438 3718 4486 estrs
3738 4418 3874 4478 alni“

730 4532 813 4581 ter
834 4526 943 4595 jam
976 4525 1241 4581 vivimus:
1273 4535 1327 4581 et
1351 4542 1417 4583 ex
1445 4529 1545 4584 hoc
1576 4530 1795 4601 spiritus
1825 4544 2014 4587 sumus
2038 4574 2052 4597 ,
2087 4541 2140 4587 et
2169 4546 2331 4605 prop-
2361 4518 2411 4579 D
2439 4531 2582 4584 licet.
2624 4528 2755 4583 Sine
2791 4525 3011 4582 Christo
3044 4533 3246 4591 tamen,
3281 4541 3413 4581 vana
3445 4536 3498 4580 et
3541 4525 3714 4581 misera
3735 4517 3875 4579 53W“

732 4625 877 4674 terea
915 4617 1004 4673 Dei
1036 4616 1163 4687 ﬁlii,
1197 4617 1291 4672 sed
1323 4634 1419 4689 per
1445 4622 1789 4691 adoptionem
1818 4666 1832 4689 ,
1853 4624 2098 4680 remissis
2128 4626 2335 4682 scilicet
2439 4632 2541 4687 est,
2574 4629 2628 4675 et
2655 4622 2834 4676 omnis
2858 4620 3171 4690 prudentia;
3206 4619 3289 4672 illa
3311 4619 3518 4674 scilicet
3539 4608 3875 4678 niuemque”
3906 4620 3907 4635 ‘

736 4710 989 4766 omnibus
1021 4712 1256 4781 peccatis
1285 4713 1519 4770 nostris:
1572 4730 1677 4769 non
1730 4717 1870 4772 enim
1902 4717 2100 4773 virtute
2153 4727 2333 4773 nostra
2438 4714 2712 4771 Christum
2764 4711 3061 4783 cognoscit,
3109 4712 3197 4783 qui
3240 4711 3515 4766 Christum
3554 4696 3878 4792 εεείρίινεῒιίῖίίξδ

738 4807 802 4861 ad
826 4812 1068 4877 spiritum
1101 4812 1304 4867 reversi
1336 4826 1522 4869 sumus
1548 4856 1562 4879 ,
1586 4819 1641 4866 et
1670 4826 1766 4881 per
1795 4811 2110 4884 sanguinem
2132 4811 2333 4868 Christi
2441 4810 2535 4863 ﬁt:
2565 4805 2824 4877 spiritalia
2865 4806 3045 4862 omnia
3086 4804 3325 4876 agendo,
3371 4805 3512 4860 inter
3548 4804 3673 4857 filios

740 4900 986 4969 Spiritum
1015 4905 1339 4974 accepimus.
1391 4904 1532 4977 Ergo
1559 4905 1909 4961 remittuntur
1931 4904 2089 4960 nobis
2117 4912 2335 4976 peccata
2441 4901 2748 4972 suscipitur,
2772 4907 2828 4954 et
2849 4898 3249 4969 quodammodo
3275 4906 3330 4952 et
3356 4899 3472 4967 ipse
3494 4895 3680 4952 existit.
3705 4888 3785 4945 Hac
3806 4888 3879 4977 ιιιαῆ

739 4999 794 5047 et
817 4992 1084 5049 donantur
1110 5012 1205 5067 per
1238 4997 1332 5053 Dei
1360 4976 1584 5068 gratiam
1612 5016 1627 5066 ;
1672 5014 1780 5055 non
1829 5008 2012 5054 nostra
2046 4999 2247 5054 virtute
2274 5013 2338 5055 ca
2438 4996 2496 5051 in
2527 5009 2624 5051 nos
2663 4992 2953 5049 abundavit
2976 4991 3117 5046 Deus
3146 4992 3348 5061 gratia,
3379 4998 3435 5045 et
3462 4989 3605 5044 omni
3637 4976 3879 5052 sapientia.“

740 5085 1056 5155 deponimus
1082 5108 1095 5151 ;
1124 5091 1406 5163 solumque
1436 5092 1536 5149 hoc
1567 5094 1778 5149 virtutis
1803 5103 2000 5149 nostra:
2026 5136 2041 5160 ,
2066 5092 2337 5150 Christum
2442 5090 2587 5145 omni
2618 5086 2932 5157 prudentia;
2962 5093 3019 5140 ut
3039 5099 3231 5156 genus,
3258 5081 3553 5155 sapientia;
3575 5074 3879 5149 “speciem”

741 5178 1004 5247 credere,
1055 5195 1119 5236 ac
1164 5195 1382 5252 propter
1437 5184 1709 5240 Christum
1760 5186 2074 5256 spiritaliter
2120 5187 2339 5244 vivere:
2443 5181 2643 5238 dentia.
3760 5257 3770 5268 .

740 5273 859 5346 ipse
888 5290 1017 5330 vero
1046 5275 1275 5331 remittit
1303 5287 1521 5347 peccata
1539 5321 1555 5346 ,
1589 5279 1703 5348 ipse
1728 5279 1947 5335 redimit
1974 5295 2071 5337 nos
2092 5324 2107 5347 ,
2139 5291 2191 5338 et
2218 5296 2342 5353 gra-
2523 5273 2688 5330 Vsus.
2718 5271 2771 5327 9.
2806 5302 2877 5314 -—
2904 5269 2972 5327 Ut
2999 5270 3144 5326 nobis
3171 5277 3348 5325 notum
3386 5274 3566 5341 faceret
3603 5258 3880 5353 mysteritllfi:

740 5340 869 5423 tiam
910 5368 1004 5424 Dei
1034 5340 1415 5434 commendat,
1449 5379 1507 5424 ut
1532 5340 1883 5426 aeternitatem
1916 5380 1971 5428 et
1996 5340 2338 5432 sanctitaiem
2450 5370 2663 5424 ιυηιοιὶο
2704 5382 2831 5422 δυω-
2883 5365 3048 5421 Νοῑιίε
3097 5373 3277 5420 “imm
3323 5340 3780 5419 δονιηίηίδυδῗπκ

744 5461 1071 5516 immaculati
1090 5460 1203 5532 jam
1234 5459 1431 5516 habere
1454 5462 1745 5532 possimus.
2447 5460 2757 5516 christianis
2787 5458 2876 5530 qui
2907 5457 3080 5526 legem
3113 5454 3449 5526 accepimus?
3480 5452 3581 5508 Nos
3604 5448 3724 5506 enim
3741 5433 3881 5532 insilit:

815 5598 834 5662 (
843 5596 897 5668 1)
928 5516 1317 5654 Codd'invims
1455 5516 1469 5532 ⁵
2448 5570 2571 5613 mus
2619 5516 2935 5627 mysteiium
2970 5550 3266 5607 voluntatis
3309 5548 3424 5617 Dei,
3452 5563 3555 5621 quo
3579 5524 3882 5616 superam”

824 5667 899 5687 ,ω
1160 5668 1223 5687 πυ
1436 5669 1454 5687 .
1621 5669 1655 5687 ..
1765 5684 1803 5687 _,
1836 5685 1867 5687 φ
2620 5669 2758 5687 ,μμ
2809 5685 2818 5687 μ
2851 5666 2977 5687 n___
3006 5664 3425 5687 ,μη-ιημμέ.

820 5667 902 5746 (ἓ)
928 5668 1082 5746 illis;
1107 5689 1118 5724 ε
1140 5668 1285 5746 Eius
1312 5669 1456 5745 quod
1484 5669 1726 5746 sequitur
1752 5684 1985 5731 comma.

2521 5671 2597 5742 (t)
2620 5669 2781 5742 iulg.
2807 5685 2821 5721 :
2849 5666 2978 5742 Qui:
3001 5664 3447 5739 superabundavit.

819 5740 905 5812 (5)
935 5740 1103 5798 Codd.
1133 5743 1288 5798 idem.
1329 5740 1346 5745 ⁷
1563 5740 1578 5746 ⁷
2526 5740 2609 5812 (2)
2634 5740 2805 5796 Codd.
2838 5740 2958 5794 sint.
3425 5768 3431 5775 -

2526 5741 2609 5814 (2)
