4106 6184
302 214 444 270 ﬁlii

1183 211 1247 266 IN
1287 208 1673 266 EPISTOLAM
1716 206 1919 264 PAULI
1951 207 2042 264 AD
2083 206 2417 264 EPIIESIOS
2457 205 2660 264 LIBER
2703 208 2741 263 l.

3466 208 3603 265 19m

301 331 469 403 gratia
496 327 616 400 ejus
646 329 698 383 in
732 342 851 390 nos,
871 338 925 381 ut
958 326 1175 382 divitias
1196 328 1313 396 ejus
1334 340 1788 395 cognosceremus
1808 340 1904 395 per
1930 330 1983 388 Α
2011 336 2207 389 motus,
2238 334 2293 379 et
2323 324 2561 380 onmiutn
2592 341 2770 379 retum
2804 334 2979 379 metu:
3001 363 3015 389 ,
3049 325 3258 380 nonnisi
3292 341 3317 378 a
3378 327 3484 383 Deo
3504 370 3516 390 ,
3551 320 3640 397 et]

298 423 615 494 sanguinem
648 422 872 486 Christi,
898 431 955 475 et
983 437 1075 489 per
1116 420 1490 474 remissionem
1532 427 1896 489 peccatorum.

298 518 468 583 Quam
493 514 709 585 quidem
732 514 1079 579 voluntatem,
1105 514 1244 567 sicut
1265 513 1414 579 dicit,
1437 514 1753 584 mysterium
1774 527 1900 583 prn-

298 608 519 672 dentim,
555 608 637 662 vel
686 607 997 678 mysmrium
1047 606 1339 661 voluntatis
1389 606 1443 659 in
1489 604 1706 661 Christo
1745 605 1896 660 .lesu.

300 699 391 754 Sic
415 699 559 752 enim
584 697 803 766 subiicit
831 697 1112 751 secundum
1137 702 1447 761 voluntatem
1465 714 1616 768 quam
1635 698 1900 769 proposuit

299 791 353 844 in
379 789 475 844 illo
502 791 608 858 (ι).
637 789 753 844 Νοιι
792 790 934 844 enim
964 789 1137 845 solum
1173 792 1497 844 voluntatem
1544 791 1688 857 licet,
1719 790 1812 846 sed
1847 792 1898 845 in

298 884 397 938 illo
439 884 562 938 licet
600 884 930 952 propositam
968 882 1321 938 voluntatem.
1371 882 1561 938 Omnia
1613 884 1756 938 enim
1803 898 1900 953 per

298 977 473 1056 illum,
498 988 550 1031 et
579 976 714 1031 nihil
742 977 956 1042 omnia,
996 977 1237 1047 nihilque
1278 988 1331 1031 et
1363 978 1414 1031 in
1456 978 1716 1048 mysterio
1756 977 1899 1048 quod

298 1068 496 1125 factum
534 1068 604 1125 sit
641 1084 746 1124 non
782 1085 875 1138 per
894 1070 1078 1126 Jesunt
1123 1070 1398 1127 Christum
1426 1089 1439 1125 :
1467 1082 1522 1126 et
1562 1072 1816 1140 mundus,
1846 1081 1902 1128 et

298 1163 354 1216 in
389 1162 612 1226 mundo,
648 1171 703 1218 et
734 1162 981 1218 liberatio
1009 1172 1189 1219 nostra
1212 1205 1227 1230 ,
1263 1173 1320 1220 et
1345 1180 1503 1219 causa
1540 1166 1815 1231 omnium,
1846 1168 1898 1221 in

296 1255 517 1312 Christo
544 1265 693 1324 sunt,
727 1265 783 1312 et
809 1255 1057 1312 Christus
1086 1266 1231 1313 sunt.

370 1346 537 1403 Vsus.
574 1349 659 1406 10.
699 1378 771 1389 -
795 1347 863 1402 Et
894 1349 1004 1403 here
1030 1359 1104 1404 est
1132 1351 1370 1404 voluntas
1411 1350 1506 1404 Dei
1535 1366 1687 1418 quam
1714 1367 1901 1424 propo-

296 1440 398 1494 suit
428 1447 481 1495 in
507 1441 600 1496 illo
621 1439 698 1511 (2)
729 1442 783 1495 in
828 1442 1204 1510 dispensatione
1229 1443 1561 1512 plenitudinis
1593 1453 1895 1514 temporum.

297 1532 542 1589 Ostendit
564 1534 755 1589 ordine
770 1543 960 1589 cuncta
988 1533 1273 1602 disposita,
1298 1545 1354 1588 ut
1377 1534 1707 1602 dispensatio
1729 1536 1895 1590 ﬁeret.

295 1627 425 1681 Item
467 1628 649 1681 omnia
679 1627 843 1681 veluti
884 1636 1263 1695 erogarentur;
1303 1626 1559 1698 quidquid
1592 1628 1734 1682 enim
1783 1626 1895 1694 ﬁet,

2005 434 2100 487 per
2119 419 2307 473 Dento.
2336 418 2518 488 Itaque
2543 417 2786 487 operatio
2810 432 2931 472 cum
2963 431 3137 471 tnouts
3168 419 3257 480 sit,
3288 437 3315 470 ιι
3344 419 3452 473 Duo
3477 442 3485 469 ι
3513 437 3602 488 pe.

2001 512 2141 567 ratio
2187 518 2287 577 est,
2319 510 2439 580 quia
2481 520 2562 566 est
2595 520 2772 565 motus
2812 511 3076 580 Operatio.
3129 510 3350 581 Reliqui
3397 514 3595 567 ctenim

2005 612 2238 671 torpent,
2271 603 2458 671 ignava
2504 611 2650 664 sunt,
2699 603 2921 666 vitiosa,
2967 605 3134 672 pigra.
3174 603 3413 673 Denique
3461 613 3516 658 ttt
3548 604 3599 659 in

2002 704 2205 751 motum
2237 698 2475 764 veniant,
2513 697 2604 751 Dei
2636 695 2880 766 operatio
2912 707 3014 760 est,
3047 712 3141 765 per
3177 696 3360 751 Jesunt
3397 697 3605 752 scilicet

2000 786 2297 841 Christum.
2345 787 2488 858 Ergo
2519 788 2658 842 Deus
2698 789 2897 855 estqui
2941 787 3191 842 universa
3220 797 3493 856 cperatur,
3551 796 3605 843 et

2001 892 2255 950 operantur
2274 882 2572 937 secundum
2594 882 2879 937 consilium
2904 882 3195 937 voluntatis
3222 897 3354 937 sum.
3384 882 3497 938 lloe
3519 883 3601 937 itt-

2003 981 2168 1028 terest
2204 988 2354 1044 ergo,
2388 973 2530 1042 quod
2577 989 2698 1028 eum
2742 973 2884 1028 Deus
2926 982 3204 1042 operatur,
3254 984 3309 1029 et
3353 972 3602 1029 Christus

2000 1074 2295 1135 operatur,
2361 1064 2607 1121 Christus
2671 1077 2924 1135 operatur
2989 1081 3060 1119 ex
3124 1067 3215 1121 Dei
3291 1067 3596 1131 voluntate;

2004 1161 2142 1216 Deus
2232 1166 2522 1231 operatur:
2571 1159 2864 1215 secundum
2948 1159 3234 1215 consilium
3308 1161 3600 1215 voluntat's

2002 1267 2115 1307 sum
2163 1268 2178 1307 :
2228 1253 2426 1307 etenim
2489 1250 2736 1307 Christus
2813 1251 3060 1306 voluntas
3129 1253 3222 1306 Dei
3294 1262 3398 1307 est.
3470 1253 3600 1306 A!iis

2002 1344 2153 1399 libris
2203 1343 2329 1414 quid
2386 1344 2455 1399 sit
2514 1344 2763 1398 voluntas
2828 1343 2944 1407 Dei.
2999 1354 3053 1398 et
3106 1344 3232 1413 quid
3289 1344 3427 1399 Deus
3492 1347 3597 1412 sit,

2003 1438 2142 1491 idem
2176 1453 2242 1492 ne
2288 1453 2355 1492 an
2393 1437 2537 1493 aliud
2577 1439 2682 1503 sit;
2713 1453 2903 1498 unum,
2936 1453 3003 1493 an
3030 1448 3081 1495 et
3111 1437 3276 1504 aliud,
3309 1451 3361 1494 et
3402 1448 3599 1494 castora

2000 1528 2329 1601 hujusmodi,
2359 1541 2409 1585 et
2434 1530 2736 1600 explicasse
2763 1546 2860 1587 nos
2888 1540 3017 1600 puto
3038 1539 3094 1587 et
3131 1530 3476 1588 satisfecisse.
3507 1532 3602 1587 llic

1998 1624 2143 1679 enim
2192 1624 2431 1679 contenti
2488 1639 2608 1679 esse
2656 1624 2884 1695 simplici
2933 1625 3271 1693 expositione
3317 1625 3598 1691 debemus,

292 1718 597 1775 ordinatum
630 1729 742 1774 est:
771 1729 830 1773 ιιι
861 1721 970 1781 ﬁat,
999 1719 1116 1774 sine
1145 1719 1307 1775 dubio
1329 1720 1749 1790 dispensandum
1780 1731 1856 1775 est
1883 1738 1898 1775 :
1931 1714 1979 1774 B
2006 1728 2153 1772 metu
2180 1717 2279 1771 hoc
2326 1727 2380 1771 et
2406 1717 2666 1786 religione
2698 1716 3020 1783 retinentes,
3053 1717 3192 1787 quod
3228 1718 3319 1775 Dei
3354 1718 3600 1773 voluntas

291 1814 521 1868 mundus
548 1824 726 1869 autem
758 1823 812 1868 et
850 1813 1105 1868 omniain
1140 1813 1340 1868 tnundo
1373 1814 1631 1882 disposita
1665 1825 1813 1881 sunt,
1846 1823 1901 1869 et

291 1905 371 1959 sic
415 1904 547 1958 ﬁunt
575 1915 629 1958 et
651 1918 773 1972 quae
800 1905 870 1958 sit
891 1919 1101 1958 summa
1128 1903 1564 1972 dispensationis,
1592 1906 1779 1974 utique
1808 1924 1901 1974 ap-

290 2002 445 2064 paret
467 2009 561 2064 per
584 1996 791 2064 singula
819 2011 938 2064 quae
965 1995 1118 2048 ﬁunt.
1154 1995 1279 2049 Haec
1316 2004 1401 2049 est
1428 2007 1608 2051 autem
1635 1998 1898 2062 plenime

291 2095 599 2155 temporum,
624 2101 745 2140 cum
766 2086 879 2139 suis
900 2087 1201 2155 quibusque
1232 2088 1564 2156 temporibus
1591 2092 1898 2157 pervenitur

290 2179 358 2233 ad
386 2194 675 2243 summam,
699 2194 818 2249 qua:
839 2178 1205 2234 conﬁcitur'ex
1229 2180 1498 2246 omnibus,
1525 2181 1731 2236 scilicet
1764 2182 1898 2237 lihe-

288 2273 429 2327 ratio
449 2281 628 2327 nostra
651 2281 707 2328 et
729 2272 1027 2327 animarum
1051 2273 1313 2338 omnium,
1333 2274 1631 2330 cmlestium
1655 2275 1892 2331 scilicet:

287 2365 381 2420 sed
410 2365 460 2420 id
504 2374 565 2420 ut
597 2365 678 2437 (5)
707 2366 1024 2437 plenitudine
1070 2378 1375 2433 temporum,
1424 2385 1544 2423 eum
1600 2370 1894 2440 implentur

287 2467 548 2526 tempora,
573 2457 702 2512 dum
731 2458 867 2513 ﬁunt
896 2460 991 2543 ista
1018 2474 1137 2529 quze
1164 2459 1232 2515 de
1259 2460 1368 2515 Deo
1393 2460 1652 2531 disposita
1685 2472 1808 2519 sunt
1838 2466 1890 2518 In

285 2546 528 2605 Christo.

356 2638 426 2695 Et
478 2656 568 2711 per
612 2639 869 2696 Christum
912 2651 1202 2700 restaurare
1258 2646 1431 2700 omnia
1482 2648 1535 2701 in
1587 2645 1791 2703 Christo
1844 2657 1892 2704 et

280 2748 395 2803 qua
412 2733 466 2787 in
488 2732 626 2789 ralis
656 2742 799 2799 sunt,
832 2744 880 2789 et
906 2751 1019 2803 qua:
1045 2752 1198 2806 super
1224 2747 1410 2792 terram
1434 2749 1552 2793 sunt
1570 2739 1623 2793 in
1652 2742 1761 2810 ipso
1785 2740 1888 2811 (4).

279 2823 399 2880 Non
428 2826 568 2879 enim
601 2828 781 2880 ornnia
813 2834 1189 2883 restaurantur
1217 2846 1337 2900 quze
1371 2832 1423 2884 in
1454 2830 1671 2885 Christo
1723 2841 1849 2887 sunt
1871 2875 1885 2899 ,

281 2926 336 2969 ct
382 2930 445 2970 ea
501 2916 616 2986 ipsa
671 2933 792 2987 quis
850 2918 903 2973 in
958 2920 1111 2976 caelis
1156 2929 1303 2987 sunt,
1350 2930 1406 2976 et
1449 2938 1514 2978 ea
1561 2938 1683 2993 qua:
1725 2938 1886 2993 supra

280 3013 456 3062 terras
498 3018 660 3074 sunt;
699 3010 793 3064 sed
843 3011 895 3065 in
943 3010 1164 3067 Christo
1212 3030 1333 3081 qum
1379 3028 1501 3069 sunt
1529 3034 1542 3070 :
1569 3027 1692 3071 sunt
1737 3018 1881 3071 enim

2003 1822 2087 1866 est
2131 1810 2399 1875 Christus,
2447 1810 2588 1880 quod
2643 1809 2738 1864 Dei
2782 1810 3027 1864 voluntas
3077 1820 3159 1865 est
3206 1820 3403 1873 motus,
3457 1810 3599 1879 quod

2002 1904 2146 1956 Deus
2176 1901 2356 1955 omnia
2398 1911 2674 1971 operatur,
2706 1901 2829 1971 quia
2861 1901 3000 1956 Deus
3028 1911 3235 1968 motus,
3279 1909 3332 1956 ct
3362 1901 3457 1957 Dei
3509 1918 3602 1955 vo-

2001 1993 2181 2048 luntas
2204 2002 2289 2048 est
2320 2001 2517 2057 motus,
2547 2005 2599 2047 et
2632 1993 2771 2048 Deus
2794 1993 2883 2048 sit.

2071 2086 2236 2142 Vsus.
2274 2087 2361 2142 12.
2390 2117 2458 2127 -
2486 2086 2552 2143 Ut
2575 2087 2733 2141 simus
2756 2087 2808 2139 in
2836 2087 3037 2141 tandem
3068 2086 3247 2157 gloria:
3289 2087 3449 2159 ipsius
3492 2087 3595 2159 (1).

2000 2179 2057 2234 Si
2085 2179 2226 2234 enim
2254 2179 2305 2233 in
2333 2182 2502 2248 ipsum
2532 2178 2826 2243 credimus,
2851 2188 3010 2247 atque
3038 2178 3306 2247 spiritales
3332 2178 3599 2234 efﬁcimur

1998 2273 2275 2344 sequendo
2301 2273 2574 2328 Christum
2603 2314 2619 2337 ,
2657 2272 2860 2327 erimus
2890 2271 2941 2327 in
2971 2271 3182 2326 laudem
3210 2273 3395 2340 gloriae
3430 2273 3597 2342 ipsius

2012 2368 2104 2422 Dei
2134 2367 2221 2437 qui
2262 2376 2380 2421 ante
2418 2365 2735 2435 speravimus
2778 2365 2832 2418 in
2864 2362 3088 2418 Clu-isto.
3124 2362 3383 2420 Ordinem
3427 2365 3591 2420 dedit.

1994 2459 2147 2514 Tune
2166 2460 2370 2513 erimus
2393 2459 2447 2515 in
2486 2458 2690 2512 laudem
2726 2457 2906 2526 gloria:
2928 2456 3113 2525 ipsius,
3142 2473 3263 2511 cum
3293 2458 3597 2525 speraveri-

1993 2568 2111 2605 mus
2142 2552 2193 2605 in
2229 2550 2478 2605 Christo:
2520 2550 2600 2603 vel
2628 2549 2699 2602 illi
2730 2549 2935 2604 erimus
2961 2548 3015 2602 in
3050 2549 3251 2603 laudem
3290 2549 3472 2621 gloria:
3508 2553 3592 2619 ip-

1991 2644 2095 2697 sius
2115 2644 2205 2713 qui
2233 2654 2353 2698 ante
2400 2642 2715 2714 speravimus
2752 2646 2805 2695 in
2853 2639 3077 2696 Christo.
3131 2641 3284 2697 Prius
3332 2650 3419 2698 est
3463 2660 3591 2713 ergo

1990 2750 2212 2805 sperare
2236 2736 2286 2790 in
2311 2735 2550 2799 Christo,
2581 2734 2631 2791 id
2658 2743 2741 2790 est
2780 2733 3052 2791 Christum
3080 2736 3252 2805 sequi,
3284 2747 3338 2792 et
3366 2737 3591 2792 credere

1991 2829 2168 2885 omnia
2190 2828 2455 2897 compleri
2487 2842 2644 2898 posse
2673 2843 2701 2880 τι
2725 2824 2942 2882 Christo
2967 2829 3228 2897 promissa
3254 2845 3267 2894 ;
3302 2837 3358 2885 et
3382 2830 3461 2884 sic
3486 2832 3589 2885 erit

1989 2936 2351 2991 consequens,
2387 2930 2443 2975 ut
2470 2923 2640 2975 simus
2671 2920 2724 2975 in
2745 2920 2958 2975 laudem
2982 2921 3168 2989 gloria:
3194 2921 3288 2976 Dei
3317 2940 3328 2976 :
3358 2924 3505 2992 quia,
3533 2930 3590 2978 ut

1988 3030 2135 3083 smpe
2154 3013 2289 3078 disi,
2321 3029 2415 3083 per
2441 3013 2712 3069 Christum
2739 3011 3014 3067 teternitas
3040 3012 3258 3082 pariter.
3285 3029 3403 3082 quae
3431 3014 3585 3069 nobis

279 3106 335 3154 et
381 3099 486 3154 alia
537 3112 698 3171 atque
735 3101 932 3158 aliena.
978 3104 1344 3177 Quacumque
1389 3124 1518 3178 ergo
1566 3109 1619 3164 in
1659 3108 1880 3165 Christo
1906 3091 1952 3153 (ἶ
1987 3106 2134 3161 salus
2155 3115 2257 3171 est,
2280 3117 2331 3161 et
2360 3105 2448 3160 Dei
2474 3105 2640 3176 gloria
2665 3113 2766 3164 est;
2802 3104 2941 3159 unde
2965 3105 3079 3160 laus
3099 3106 3202 3160 erit
3225 3105 3410 3175 gloria:
3438 3106 3575 3173 ejus.

277 3198 423 3257 sunt,
452 3190 566 3247 luce
604 3203 978 3251 restaurantur
1003 3209 1056 3253 et
1100 3210 1406 3269 resurgunt,
1456 3217 1576 3271 qu:e
1620 3202 1673 3257 in
1720 3205 1874 3259 cunis

275 3298 421 3352 sunt,
454 3300 569 3342 sive
595 3286 650 3341 iu
685 3296 848 3342 terra.
878 3288 998 3359 Ipse
1043 3292 1185 3345 enim
1218 3294 1384 3355 salus,
1416 3294 1528 3361 ipse
1576 3297 1874 3365 renovatio,

233 3376 392 3445 .ipse
418 3379 808 3435 a-ternitaszin
854 3397 960 3450 quo
1007 3390 1061 3436 et
1090 3393 1290 3437 sortem
1336 3387 1611 3441 consecuti
1663 3402 1873 3443 sumus.

275 3468 427 3533 Quod
466 3469 786 3537 oportebat,
817 3470 1081 3540 adiunxit.
1121 3472 1238 3529 Non
1284 3476 1425 3529 enint
1463 3492 1653 3532 onmes
1687 3480 1873 3547 simul,

274 3560 443 3617 sicubi
473 3571 528 3618 et
548 3563 656 3618 alio
676 3563 801 3618 loco
824 3564 1027 3621 dictum
1052 3582 1066 3619 :
1094 3564 1340 3623 Christus
1386 3569 1651 3638 primum;
1680 3572 1875 3629 deinde

274 3669 402 3718 nos;
434 3654 627 3710 deinde
657 3658 861 3713 caeteri.
895 3658 1006 3714 Hoc
1030 3675 1111 3717 est
1142 3677 1272 3731 ergo
1314 3664 1454 3732 quod
1481 3665 1555 3719 ait
1586 3682 1599 3719 :

345 3745 513 3801 Vsus.
549 3749 637 3803 11.
668 3778 737 3788 -
766 3748 973 3804 Sortem
1002 3756 1260 3808 consecuti
1290 3772 1486 3821 sumus,
1526 3758 1876 3827 pradestinati

272 3839 445 3907 utique
479 3840 757 3893 secundum
782 3844 1101 3910 propositum
1123 3848 1234 3912 ejus
1257 3848 1375 3917 (5);
1410 3848 1461 3902 id
1491 3860 1576 3904 est
1612 3852 1733 3919 quis
1766 3867 1875 3921 quo

274 3939 539 3999 tempore,
563 3941 617 3985 et
645 3940 704 3986 ut
724 3947 886 4002 supra
912 3934 1169 3999 diximus;
1197 3946 1251 3991 et
1268 3936 1335 3993 ad
1358 3938 1744 4008 perfectionem
1771 3944 1875 3997 uti-

269 4040 375 4095 que
391 4024 752 4095 pratdestinati
765 4027 875 4097 jam
890 4043 1153 4084 essemus.
1179 4030 1319 4086 Nihil
1339 4032 1482 4087 enim
1499 4043 1604 4101 est,
1624 4036 1766 4106 quod
1792 4038 1867 4106 tit,

269 4117 412 4188 quod
440 4134 548 4173 non
587 4133 617 4173 ιι
648 4117 757 4175 Deo
786 4119 1223 4187 praedestinatum
1253 4125 1355 4188 sit,
1382 4134 1439 4179 et
1462 4134 1586 4181 ante
1615 4128 1874 4198 quodam-

267 4213 430 4268 modo
462 4212 680 4268 factum.
711 4212 867 4271 Nune
894 4217 1223 4274 scnsibiliter
1250 4219 1385 4275 ﬁunt
1409 4236 1529 4293 qua:
1558 4225 1872 4294 spiritaliter

267 4318 297 4359 a
331 4305 445 4361 Deo
475 4315 603 4361 sunt
629 4309 941 4363 constituta.

341 4397 441 4465 Qui
484 4401 723 4456 uniuersa
767 4412 1012 4472 operatur
1042 4402 1123 4474 (6)
1157 4407 1437 4460 secundum
1462 4410 1734 4464 consilium
1780 4427 1867 4466 vo-

2052 3199 2217 3255 Vsns.
2274 3199 2360 3255 15.
2394 3229 2464 3240 -
2511 3199 2575 3254 lu
2607 3216 2703 3270 quo
2732 3209 2780 3253 et
2809 3216 2917 3266 vos,
2948 3200 3125 3253 audito
3157 3199 3306 3253 verbo
3354 3202 3583 3255 veritatis

1979 3290 2229 3363 evangelii
2272 3293 2454 3347 salutis
2512 3301 2688 3346 vestra:
2881 3292 3188 3357 Descendit,
3241 3308 3306 3349 ne
3354 3309 3581 3364 genera-

1978 3385 2103 3440 liter
2134 3384 2266 3441 illud
2308 3396 2469 3453 atque
2496 3402 2602 3438 non
2632 3384 2917 3440 commode
2953 3385 3032 3439 vel
3077 3386 3281 3440 utiliter
3320 3395 3580 3441 tractasse

1977 3477 2277 3544 videretur,
2304 3487 2359 3533 et
2383 3478 2615 3535 aliorum
2653 3479 2797 3534 istud
2829 3487 2974 3535 esset
3008 3478 3350 3546 beneﬁcium,
3389 3494 3494 3533 non
3526 3489 3581 3533 ct

1976 3586 2163 3627 eorum
2195 3571 2260 3625 ad
2291 3582 2427 3640 unos
2465 3571 2720 3641 loquitur.
2767 3572 3027 3642 Adjuaxit
3069 3571 3329 3641 speciale,
3370 3574 3580 3629 scilicet

1975 3662 2120 3733 quod
2175 3661 2243 3717 ad
2300 3662 2563 3732 Ephesios
2605 3664 2891 3733 epistolam
2942 3665 3143 3719 mittit:
3177 3664 3314 3732 hoc,
3366 3667 3572 3736 inquit,

1977 3756 2136 3810 etiam
2162 3766 2397 3811 vestrum
2425 3768 2541 3822 est;
2571 3773 2691 3815 nam
2717 3767 2773 3813 et
2795 3774 2889 3813 vos
2921 3760 2973 3816 in
3007 3759 3107 3815 hoc
3131 3760 3281 3814 estis.
3327 3760 3462 3828 Quid
3493 3771 3576 3817 est

1975 3855 2156 3902 autem
2176 3847 2227 3901 in
2252 3864 2352 3917 quo
2373 3858 2419 3903 et
2449 3849 2575 3904 vos?
2620 3850 2673 3905 in
2704 3849 2922 3907 Christo
2948 3852 3174 3909 scilicet.
3220 3853 3358 3921 Quid
3394 3865 3572 3910 autem

1976 3939 2029 3994 iu
2050 3938 2253 3993 Christo
2272 3940 2298 3994 ?
2322 3940 2464 4010 quod
2493 3942 2674 3999 audito
2689 3945 2837 3998 verba
2864 3946 3090 4001 veritatis
3116 3946 3362 4018 euangelii
3390 3948 3574 4001 salutis

1975 4043 2173 4098 vestrm,
2204 4032 2367 4091 ﬁdem
2396 4038 2563 4092 secuti
2588 4037 2722 4093 estis
2742 4038 2853 4104 jam
2882 4038 2936 4093 in
2961 4038 3195 4094 Christo.
3232 4038 3301 4094 In
3331 4058 3431 4109 quo
3454 4057 3570 4096 cre-

1975 4124 2149 4180 dentes
2194 4127 2382 4197 signati
2424 4128 2543 4185 estis
2573 4128 2776 4198 Spiritu
2822 4131 3178 4200 promissionis
3225 4142 3424 4188 sancto.
3451 4133 3570 4201 Ipsa

1974 4219 2113 4273 ratio
2139 4218 2532 4277 exhortationis
2552 4263 2568 4288 ,
2604 4222 2921 4293 plerumque
2956 4226 3270 4297 mysterium
3298 4243 3312 4291 ;
3345 4227 3570 4282 credere

1975 4308 2029 4363 itt
2053 4306 2349 4375 Christum.
2374 4312 2596 4369 credere
2613 4314 2929 4386 Evangelio,
2956 4316 3059 4375 hoe
3083 4329 3168 4373 est
3191 4318 3358 4375 verbo
3380 4320 3569 4374 verita-

1975 4403 2064 4469 tis,
2099 4404 2271 4473 inquit
2300 4424 2313 4459 :
2348 4405 2401 4465 in
2429 4408 2554 4474 hoc,
2581 4417 2637 4465 et
2666 4425 2761 4467 vos
2786 4411 3050 4467 credentes
3078 4414 3270 4483 signati
3298 4415 3418 4469 estis
3442 4412 3570 4483 Spi-

266 4488 476 4546 luntatis
496 4508 624 4547 sum.
654 4492 755 4560 Qui
796 4494 983 4564 utique
1011 4497 1260 4553 universa
1296 4499 1466 4564 Deus,
1498 4500 1699 4572 inquit,
1732 4519 1864 4573 ope.
1891 4490 1945 4550 D
1969 4498 2074 4553 ritu
2114 4501 2467 4568 promissionis
2497 4514 2676 4557 sancto
2707 4522 2720 4559 :
2747 4513 2803 4559 ut
2826 4505 2937 4574 jam
2970 4514 3026 4560 et
3057 4522 3153 4562 vos
3183 4508 3440 4577 Spiritum
3475 4526 3566 4564 re-

264 4593 414 4636 ratur
443 4597 455 4632 :
488 4586 687 4639 ctenim
714 4582 962 4641 Christus
995 4588 1088 4643 Dei
1113 4590 1310 4646 virtute
1340 4602 1628 4661 cperatur;
1657 4606 1712 4651 et
1738 4613 1859 4652 cum

265 4686 515 4744 operator
539 4677 653 4747 ipse
683 4680 749 4734 sit
774 4720 790 4745 ,
839 4687 1017 4736 tamen
1049 4683 1188 4737 Deus
1221 4699 1315 4754 per
1350 4685 1527 4753 ipsum
1568 4698 1857 4758 operatur:

263 4783 396 4839 ergo
442 4767 584 4826 Deus
628 4779 906 4842 operatur,
954 4783 1010 4829 et
1050 4783 1309 4844 operatur
1344 4779 1617 4835 universa.
1673 4780 1862 4837 Omnis

340 4926 435 5011 (l)
459 4927 640 5011 .Vulg.:
679 4929 978 4987 Secundum
995 4932 1365 5004 beneplacitum
1403 4938 1536 5007 ejus,
1571 4939 1710 5009 quod
1734 4957 1857 5011 pra-

265 5009 435 5061 posutt
459 5009 509 5053 in
531 5017 607 5054 eo.
1690 5025 1695 5030 “
1735 5009 1743 5011 “

338 5069 757 5154 (Ξλῌωςηνοῷιι
784 5089 796 5126 :
827 5072 902 5154 Et
922 5075 1028 5154 [tege
1050 5086 1126 5154 est
1158 5077 1393 5133 voluntas
1424 5077 1520 5133 Dei
1546 5096 1700 5152 quam
1735 5099 1859 5154 pro-

259 5143 509 5219 posuitjn
538 5143 863 5219 illo,_de_sunt
888 5150 944 5219 in
979 5147 1133 5219 Vulg.

334 5213 416 5296 (.5)
442 5212 515 5293 ita
539 5214 697 5296 ettdd.
718 5215 787 5269 Et
809 5218 1023 5296 quidem
1051 5212 1424 5277 obscurissimi
1446 5221 1712 5295 ferreique
1732 5223 1859 5283 Vie-

258 5285 417 5337 torini
446 5285 645 5349 iamdiu
673 5302 755 5340 me
787 5285 961 5344 taedet.

331 5353 410 5424 (At)
441 5355 532 5411 Sic
559 5355 709 5426 Vulg.
739 5358 957 5414 exhibet
989 5361 1126 5416 hanc
1139 5362 1432 5419 secundam
1460 5374 1666 5433 partem
1702 5382 1847 5423 vers.

261 5425 330 5481 10
355 5446 368 5479 :
396 5425 697 5480 Instaurare
715 5432 886 5483 omnia
920 5432 972 5486 in
1016 5431 1449 5491 Christo.‘atmin
1479 5439 1618 5491 caelis
1657 5449 1706 5491 et
1739 5456 1847 5491 ante

261 5449 330 5508 our
355 5449 368 5479 :
396 5449 697 5509 Instaurare
715 5449 886 5511 anima
920 5449 972 5486 m
1016 5449 1242 5502 bltrtsto,
1264 5450 1449 5505 quam
1479 5449 1618 5491 cretis
1657 5449 1706 5493 et
1739 5456 1854 5511 quae

256 5513 313 5552 ιη
344 5507 481 5579 ιειϊέ
501 5509 638 5579 sunt,
668 5515 721 5579 πει
750 5517 882 5571 ipso.
944 5573 955 5579 _

331 5567 412 5652 (
440 5569 638 5652 Vulgz:
672 5567 739 5623 In
765 5567 865 5652 quo
892 5573 1042 5626 etiam
1087 5585 1145 5652 et_
1161 5593 1254 5630 nos
1283 5589 1420 5632 sorte
1453 5582 1616 5636 vocati
1653 5598 1849 5651 sumus,

258 5643 612 5723 pt'ienttestinati
633 5643 910 5723 sefundunt
937 5647 1254 5723 preposition
1281 5653 1412 5723 ejus.

329 5710 409 5784 (6)
437 5711 593 5783 Vulg.
622 5731 633 5766 :
671 5713 775 5783 Qui
794 5710 1044 5785 operatur
1067 5720 1256 5773 omnia.

1970 4591 2227 4659 ceperitis
2251 4602 2499 4651 sanctum
2523 4596 2896 4664 promissionis
2927 4594 3147 4654 Christi.
3178 4601 3283 4656 Sed
3311 4602 3563 4672 quoniam

1970 4682 2116 4737 velut
2160 4684 2303 4738 aliud
2331 4695 2417 4741 est.
2442 4685 2674 4755 Spiritus
2703 4699 2942 4753 sanctus,
2970 4690 3117 4746 aliud
3162 4689 3435 4759 Christus,
3481 4703 3564 4750 ta-

1969 4791 2091 4833 men
2140 4780 2537 4837 consummatio
2580 4795 2635 4837 et
2685 4785 2941 4853 perfectio
2978 4794 3034 4840 et
3081 4788 3236 4855 plena
3290 4789 3562 4857 llberatio,

1968 4865 2203 4937 Spiritus
2226 4878 2444 4926 sanctus
2470 4883 2574 4931 est.
2605 4874 2810 4944 Signati
2840 4877 2981 4942 estis,
3008 4878 3207 4949 inquit,
3254 4880 3306 4933 in
3357 4881 3561 4953 Spiritu

1962 4971 2137 5016 sancto
2160 4964 2514 5032 promissionis
2538 4953 2682 5022 circa
2706 4982 2767 5022 ea
2790 4984 2911 5039 quae
2942 4972 3209 5039 promissa
3239 4982 3366 5029 sunt
3390 4994 3401 5028 :
3428 4990 3562 5046 quo-

1963 5053 2105 5109 niam
2136 5055 2295 5110 nobis
2320 5056 2554 5125 Spiritus
2582 5071 2802 5116 sanctus
2829 5062 3125 5131 promissus
3154 5073 3238 5120 est
3275 5074 3332 5121 et
3358 5067 3516 5122 datus
3544 5086 3556 5121 :

1962 5155 2019 5203 et
2040 5146 2111 5203 de
2135 5163 2202 5203 eo
2242 5149 2319 5204 sic
2358 5152 2634 5221 suhjttngit
2663 5172 2676 5207 :

2034 5238 2197 5296 Vsus.
2234 5239 2316 5296 M.
2348 5272 2417 5282 --
2452 5241 2554 5311 Qui
2591 5254 2663 5299 est
2715 5246 2896 5318 pignus
2925 5249 3237 5305 hwreditatis
3272 5260 3478 5316 nostris,
3506 5252 3558 5305 in

1960 5334 2357 5404 redemptionem
2382 5337 2672 5411 adaptionis
2712 5339 2815 5413 (5),
2843 5342 2898 5397 in
2923 5343 3122 5399 laudem
3165 5344 3344 5414 αισι-ξω
3372 5344 3554 5413 ipsius.

2036 5512 2116 5590 (1)
2150 5514 2302 5590 Υιιξς.
2332 5533 2345 5568 :
2379 5515 2568 5590 Ill...”
2593 5519 2702 5590 ejus
2726 5536 2836 5574 nos.

2038 5585 2116 5659 (2)
2154 5585 2305 5659 Vplg.
2343 5606 2355 5641 :
2390 5586 2455 5642 In
2479 5606 2579 5657 quo
2605 5585 2649 5644 et
2671 5607 2780 5656 vos,
2807 5607 2925 5645 cum
2949 5590 3221 5647 audissetis
3244 5592 3449 5649 verbum
3473 5608 3555 5647 ve-

1958 5656 2132 5733 ritatis
2147 5656 2511 5733 {Euangelium
2536 5662 2720 5715 salutis
2744 5661 2963 5733 vestris).

2035 5729 2116 5803 ('5)
2147 5727 2342 5802 Vulg,
2359 5733 2731 5803 acquisitionis.
