4106 6184
724 213 864 271 iii?

1970 211 2161 268 MAR"
2205 211 2551 270 VICTORINI
2595 212 2756 269 Λῖηί
3752 225 3831 279 liis

720 330 822 401 Qui
851 330 1105 403 Spiritus,
1136 329 1325 401 inquit,
1351 329 1537 399 pignus
1558 336 1632 383 est
1650 327 1962 384 [nereditatis
1992 338 2214 384 NOSIWL’.‘
2244 327 2324 400 ip-
2349 332 2399 390 Λ
2428 326 2811 397 intelligamus,
2843 326 2940 396 spii
2958 325 3059 380 itus
3088 324 3242 379 nobis
3265 337 3294 377 a
3325 322 3429 379 Deo
3447 323 3594 392 datur,
3615 329 3685 385 sed
3709 335 3838 403 suum;

720 442 840 484 sum
861 428 1000 482 enim
1037 425 1192 480 nobis
1226 425 1371 479 misit
1394 424 1542 494 quasi
1569 422 1781 495 pignus,
1808 424 2176 481 hmreditatem
2217 438 2317 479 nos

719 519 1009 590 adepturos
1032 532 1154 573 esse
1178 517 1482 574 cmlestium
1503 528 1559 572 et
1584 517 1899 572 aeternitatis
1918 525 1974 572 et
1987 517 2175 587 gloriae
2202 516 2315 572 Dei.

717 610 832 667 Hoc
853 608 997 664 enim
1018 610 1220 666 dictum
1247 611 1299 665 in
1330 609 1753 680 redemptionem
1778 610 2104 680 adoptionis,
2136 618 2194 664 ut
2222 624 2320 665 nos

717 702 1053 758 redimamur
1073 702 1142 756 ab
1174 703 1290 757 istis
1313 702 1598 757 mundanis
1622 703 1960 773 terrenisque
1982 712 2033 758 et
2065 716 2322 771 corpora-

718 794 859 852 libus
882 804 937 852 et
975 796 1287 851 carnalibus
1310 797 1494 862 malis;
1522 805 1577 851 et
1620 796 1951 852 redimamnr
1994 797 2046 852 in
2071 796 2319 865 adaptio-

718 906 864 955 nem,
891 898 947 946 et
967 890 1060 944 lilii
1084 890 1402 955 existamus,
1427 899 1731 961 qumreutes
1754 892 1924 961 magis
1945 890 2174 961 gloriam
2205 890 2318 946 Dei.

718 982 789 1041 Et
808 985 974 1054 gratia
1003 995 1087 1038 est
1106 999 1225 1054 qua:
1250 984 1497 1039 meritum
1528 995 1769 1037 nostrum
1796 1001 1810 1038 :
1836 986 1975 1037 ultra
2012 983 2154 1037 enim
2204 997 2320 1037 me-

717 1080 876 1136 ritum
901 1093 1096 1133 muuus
1118 1093 1391 1149 magnum,
1420 1077 1561 1148 quod
1587 1077 1847 1145 accipitur
1871 1095 1883 1130 :
1909 1076 2077 1147 gloria
2096 1077 2212 1146 ejus
2238 1083 2322 1130 est

715 1174 805 1245 qui
838 1172 1105 1244 praestitit,
1138 1186 1242 1225 non
1274 1169 1391 1241 ejus
1419 1172 1507 1241 qui
1531 1172 1758 1239 accepit.

775 1265 939 1321 Vsus.
974 1267 1059 1321 15.
1078 1264 1280 1319 —Ideo
1310 1275 1354 1318 et
1384 1279 1476 1332 ego
1501 1263 1677 1317 audita
1707 1261 1809 1332 ﬁde
1836 1272 2001 1315 vestra
2023 1262 2074 1315 in
2099 1259 2320 1315 Domino

716 1358 845 1412 Jesu
864 1356 1067 1412 Christo
1096 1359 1197 1430 (1).
1224 1356 1542 1426 Specialiter
1564 1357 1848 1414 descendit
1872 1352 1951 1428 (ει.)
1972 1354 2036 1409 ad
2065 1354 2320 1409 exhorta-

718 1450 918 1506 tionem
936 1451 1309 1521 Ephesiorum,
1328 1452 1726 1523 siu'nilquecum
1747 1449 1832 1504 illa
1847 1447 2234 1508 admonitione,
2252 1462 2319 1501 ne

717 1544 873 1598 aliter
898 1546 1151 1599 sentiant.
1181 1543 1401 1601 Urbano
1431 1544 1643 1600 dicendi
1669 1558 1867 1614 genere
1893 1541 2091 1607 audita,
2118 1540 2310 1609 inquit,

715 1646 886 1691 vestra
909 1636 1013 1705 [ide
1034 1636 1086 1690 in
1117 1634 1338 1691 Domino
1363 1636 1489 1691 Jesu
1510 1635 1731 1691 Christo.
1782 1634 1906 1688 Ilaec
1932 1634 2074 1689 enim
2103 1646 2311 1686 summa

2419 421 2722 491 sapientia}.

2495 515 2735 585 Denique
2762 514 3024 586 adjungit,
3055 531 3160 570 non
3191 524 3427 570 nostrum
3449 517 3639 586 probans
3658 530 3841 596 essequod

2422 608 2793 679 intelligimus,
2828 608 2907 664 vel
2941 608 3247 678 intelligere
3278 609 3501 662 nitimur.
3531 610 3645 679 Quid
3671 618 3770 670 enim
3785 621 3840 673 ait?

2422 711 2467 756 et
2489 699 2817 755 reuelationis
2838 701 2891 754 in
2911 700 3171 770 agnitione
3195 700 3325 771 ejus,

2497 792 2662 848 Vens.
2688 793 2775 848 18.
2808 823 2875 832 -
2901 794 3229 847 illuminatos
3245 793 3425 848 oculos
3440 795 3595 851 cordis
3615 800 3847 864 vestrisne

2424 886 2563 941 vobis
2585 888 2821 955 spiritum
2836 887 3103 956 sapientia:
3124 898 3169 941 et
3195 889 3517 944 reuelationis.
3535 891 3715 961 Spiritus
3729 902 3849 966 sapies.

2424 981 2511 1035 tia:
2529 991 2611 1036 est
2635 991 2691 1035 ut
2715 984 2827 1052 ipse
2849 997 2947 1036 nos
2969 981 3186 1059 Spiritus
3203 983 3353 1037 faciat
3372 998 3560 1055 sapere,
3581 988 3679 1041 etin
3694 991 3849 1059 nobissit,

2424 1080 2481 1128 et
2498 1073 2650 1143 quasi
2675 1089 2772 1129 nos
2794 1076 2891 1144 ipsi
2922 1090 3016 1144 per
3037 1078 3394 1143 nosmetipsos
3438 1075 3683 1146 szipiamus,
3702 1095 3783 1136 cum
3800 1088 3853 1154 Spi-

2423 1178 2558 1223 ritus
2578 1183 2675 1222 nos
2708 1167 2867 1223 iaciat
2893 1184 3102 1239 sapere.
3126 1169 3297 1224 Porro
3326 1171 3533 1240 spiritus
3557 1175 3854 1241 revelationisu

2424 1260 2700 1316 reveletur
2724 1262 2877 1315 nobis
2900 1262 3051 1330 quasi
3073 1274 3223 1316 estra
3248 1276 3365 1325 nos,
3396 1265 3525 1333 quod
3542 1267 3853 1337 intelligamus

2422 1351 2565 1421 quod
2593 1354 2922 1423 accipiamus
2949 1363 3005 1409 et
3031 1369 3338 1425 sequamur.
3370 1355 3441 1410 lta
3478 1357 3633 1427 aliquo
3654 1361 3768 1414 modo
3783 1364 3854 1418 aliud

2422 1445 2649 1513 spiritus
2671 1456 2752 1501 est
2774 1447 3074 1517 sapientiae,
3091 1447 3232 1502 aliud
3248 1448 3463 1518 spiritus
3481 1451 3854 1508 revelatiuuis.Scii-

2419 1554 2537 1593 mus
2566 1539 2727 1610 igitur
2756 1542 2907 1610 quasi
2939 1540 3150 1597 duobus
3173 1542 3347 1597 modis
3367 1559 3461 1598 nos
3483 1543 3544 1597 ad
3561 1548 3770 1601 veritatem
3783 1551 3855 1603 etsi

2418 1632 2729 1697 mysterium
2765 1631 3135 1701 plenissimum
3164 1635 3462 1703 pervenire,
3483 1636 3556 1690 vel
3578 1637 3857 1707 dutuip~iinld-

716 1742 899 1782 rerum
946 1739 1049 1796 est,
1098 1728 1214 1783 haec
1242 1728 1436 1793 virtus,
1476 1728 1578 1782 hoc
1616 1726 1955 1799 mysterium,
2004 1734 2062 1779 ut
2101 1724 2236 1779 ﬁdes
2264 1724 2317 1778 in
2348 1733 2395 1791 Β
2422 1721 2635 1791 ligimus
2681 1722 2869 1787 Deum,
2901 1733 2955 1778 et
2984 1725 3267 1780 scientiam
3286 1726 3355 1781 de
3381 1727 3562 1782 divinis
3586 1730 3856 1798 Comprehendi-

716 1818 992 1875 Christnm
1018 1820 1201 1877 .lesum
1231 1822 1320 1879 sit.
1366 1821 1498 1890 Qua:
1525 1836 1612 1876 res
1639 1825 1799 1876 etiam
1840 1819 1971 1874 illud
2009 1817 2317 1874 necessario

717 1911 882 1968 habet
907 1923 964 1970 ut
993 1912 1280 1987 diligantur
1309 1929 1500 1970 omnes
1539 1916 1710 1968 Sancti
1752 1913 1842 1983 qui
1874 1911 2031 1968 ﬁdem
2065 1913 2116 1967 in
2147 1910 2311 1967 Chri-

717 2017 863 2066 stum
891 2019 1235 2079 sumpserunt
1261 2019 1314 2064 et
1339 2007 1657 2063 sanctiﬁcati
1688 2015 1832 2063 sunt.
1867 2006 1943 2060 Ita
1971 2006 2036 2073 is,
2062 2004 2153 2077 qui
2183 2003 2318 2059 fide-

716 2104 783 2161 lis
814 2105 868 2158 in
890 2101 1161 2160 Christum
1193 2112 1299 2170 est,
1330 2102 1507 2174 diligit
1536 2111 1775 2168 sanctos,
1806 2100 1859 2156 id
1885 2110 1989 2166 est,
2015 2099 2320 2155 sanctiﬁca-

718 2208 805 2254 tos
835 2210 902 2251 ex
931 2197 1033 2253 lide
1055 2197 1257 2253 Christi
1282 2206 1335 2252 et
1357 2195 1617 2268 mysterio
1647 2193 1919 2265 baptismi.
1954 2193 2094 2264 Ergo
2129 2200 2185 2247 et
2218 2206 2319 2263 ego

717 2292 900 2348 audit-1
949 2290 1050 2345 [ide
1096 2289 1296 2346 Christi
1342 2297 1398 2345 et
1442 2288 1704 2360 mysterio
1754 2286 2041 2358 baptismi;
2085 2299 2215 2354 ergo
2264 2293 2320 2339 et

718 2402 821 2458 ego
851 2383 931 2459 (5)
960 2384 1137 2439 audita
1159 2384 1259 2449 ﬁde
1282 2395 1471 2448 vestra,
1500 2396 1595 2437 vos
1625 2381 1786 2451 diligo
1813 2397 1826 2433 :
1849 2379 2030 2434 audita
2051 2379 2213 2433 etiam
2237 2377 2319 2431 di-

719 2480 958 2535 lectione
977 2487 1177 2544 vestra,
1210 2477 1479 2531 dilectione
1502 2477 1557 2530 in
1582 2484 1806 2539 sanctos,
1830 2488 2049 2543 operam
2075 2471 2238 2536 dabo,
2261 2482 2322 2526 ut

727 2573 929 2643 gratias
958 2557 1121 2641 agam
1146 2584 1242 2640 pro
1270 2570 1384 2625 Deo
1414 2569 1585 2623 vobis.

796 2663 959 2719 Vens.
1005 2662 1094 2717 16.
1120 2692 1192 2703 -
1215 2660 1333 2716 Non
1370 2660 1574 2716 cessabo
1605 2660 1684 2732 (4)
1706 2661 1899 2733 gratias
1922 2676 2078 2731 agens
2118 2675 2212 2729 pro
2233 2674 2320 2712 vo-

720 2756 819 2823 bis,
850 2756 1144 2811 memoriam
1165 2756 1315 2810 vestri
1338 2757 1529 2825 faciens
1550 2757 1601 2809 in
1631 2755 1946 2810 orationibus
1967 2754 2109 2808 meis.
2134 2752 2322 2808 Omnis

717 2853 893 2906 Oratio
915 2865 1073 2921 quam
1103 2848 1310 2920 agimus
1331 2854 1397 2904 ad
1424 2849 1611 2910 Deum.
1644 2860 1732 2904 aut
1756 2847 1824 2903 de
1851 2864 1918 2903 eo
1944 2847 2154 2915 agimus
2180 2845 2322 2922 quod

719 2943 1051 3012 accepimus,
1082 2952 1175 2996 aut
1210 2941 1277 2997 de
1298 2956 1364 2997 eo
1389 2950 1445 2996 ut
1479 2941 1803 3010 accipiamus
1840 2938 2057 3009 aliquid.
2093 2937 2160 2991 Et
2183 2953 2318 3007 quo-

718 3038 863 3093 niam
894 3038 1090 3103 omnis,
1130 3035 1223 3107 qni
1252 3042 1403 3091 oratu
1426 3050 1547 3092 nem
1580 3033 1724 3101 fact,
1758 3034 1928 3105 primo
1960 3047 2057 3101 pro
2087 3046 2145 3086 se
2174 3031 2318 3093 facit,

2424 1829 2562 1879 mus,
2585 1816 2666 1870 vel
2684 1815 2806 1870 dum
2830 1816 3089 1872 revelatio
3106 1817 3351 1889 quaedam
3365 1828 3464 1881 est.
3481 1819 3530 1874 id
3543 1823 3737 1892 eatquasi
3749 1826 3855 1877 euris-

2420 1922 2579 1962 secus
2606 1907 2926 1977 admonitio,
2959 1926 3079 1980 quae
3110 1909 3265 1966 nobis
3293 1912 3524 1966 Ostendit
3547 1912 3683 1967 Deum
3705 1924 3743 1969 et
3766 1914 3855 1968 οιιιιιὶι

2421 2000 2620 2056 divina.
2651 2002 2745 2057 Est
2773 2003 2989 2074 quidem
3022 2005 3162 2075 apud
3192 2005 3451 2075 quosdam
3474 2008 3741 2078 pra'cipuum
3760 2020 3853 2063 etua-

2420 2112 2607 2168 gnum,
2622 2105 2677 2152 et
2694 2098 2843 2168 quasi
2861 2112 2988 2154 vero
3007 2098 3265 2161 vicinum,
3290 2099 3856 2171 revelatiouealiquidpua"

2427 2204 2574 2260 pere;
2599 2190 2692 2245 sed
2729 2198 2821 2245 aut
2856 2190 3053 2253 simile,
3096 2198 3191 2245 aut
3217 2191 3425 2262 paravit
3450 2190 3526 2263 (1)
3554 2192 3697 2247 simile
3721 2194 3856 2262 magna

2423 2292 2649 2336 certum.
2674 2282 2807 2337 Cum
2827 2292 3004 2337 autem
3024 2296 3122 2338 nos
3140 2284 3457 2354 sapientiam
3478 2283 3734 2354 accipimus,
3746 2293 3780 2336 ut
3792 2297 3855 2336 ucs-

2426 2384 2511 2430 tro
2533 2376 2767 2446 ingenio,
2791 2386 2845 2432 et
2870 2386 2928 2429 ιιι
2945 2391 3069 2431 vere
3090 2378 3285 2443 «licam,
3321 2377 3856 2448 etquemadmndumetiin

2425 2468 2514 2525 hic
2534 2469 2769 2540 positum
2797 2478 2880 2526 est
2907 2469 3097 2539 spiritu
3123 2470 3328 2533 divino,
3354 2486 3475 2541 qua:
3498 2471 3741 2527 suntdiviua
3753 2474 3859 2538 capu-

2423 2576 2566 2624 mus,
2597 2562 2737 2616 inter
2763 2578 2861 2619 nos
2880 2564 3087 2618 scilicet
3106 2577 3156 2618 et
3186 2547 3466 2620 nobiscum
3490 2572 3719 2620 tractatum
3731 2564 3855 2633 jamha-

2422 2653 2637 2721 bentes,
2679 2667 2734 2709 et
2780 2664 2836 2710 ut
2882 2659 2959 2710 las
2987 2665 3071 2711 est
3099 2656 3301 2718 dicere,
3330 2658 3443 2728 jam
3488 2659 3627 2728 quasi
3659 2654 3857 2726 suum.

2423 2755 2620 2802 stente.
2645 2748 2755 2802 Oro
2778 2748 2960 2819 igitur,
2997 2756 3055 2803 ut
3081 2748 3168 2805 det
3204 2749 3363 2805 nobis
3393 2751 3621 2821 spiritum
3641 2750 3856 2821 sapientiae

2426 2843 2791 2899 revelationis.
2822 2842 2974 2899 Circa
3004 2859 3163 2914 quam
3195 2860 3336 2911 rem,
3364 2846 3651 2916 subjuuxit;
3684 2844 3812 2899 scilicet
3832 2844 3856 2893 in

2424 2936 2696 3005 agnitione
2723 2936 2860 3006 ejus.
2890 2946 2950 2990 ut
2976 2936 3091 2991 hzec
3118 2937 3190 2990 sit
3212 2938 3497 3007 sapientia,
3525 2946 3575 2993 et
3600 2954 3677 3007 per
3696 2937 3855 2989 haerete

2427 3029 2570 3095 latio,
2601 3030 2651 3084 id
2676 3039 2759 3086 est
2781 3039 2838 3083 ιιι
2856 3030 3020 3086 Deum
3044 3038 3459 3103 cognoscamus,
3483 3028 3856 3101 habeamusqueilit

719 3128 916 3184 deinde
947 3130 1029 3198 (5)
1072 3144 1168 3199 pro
1201 3129 1303 3195 his,
1326 3144 1461 3199 quos
1490 3138 1654 3196 amat,
1689 3129 1766 3183 sic
1807 3126 1879 3181 ait
1904 3127 2098 3181 Paulus
2120 3126 2170 3178 in
2198 3139 2321 3178 ora-
2348 3126 2390 3187 C
2423 3125 2655 3179 minatus
2696 3125 2884 3180 oculos
2927 3125 3110 3180 cordis
3151 3127 3292 3182 circa
3336 3128 3431 3183 Dei
3470 3127 3775 3198 cognitionem.
3794 3123 3853 3183 iis

718 3219 867 3275 tione
907 3221 1246 3286 memoriam,
1271 3220 1462 3293 inquit,
1491 3220 1653 3276 vestri
1680 3219 1835 3276 facio.
1865 3219 2003 3289 Ergo
2029 3227 2112 3274 est
2132 3216 2324 3287 princi-

724 3315 860 3384 palis
890 3313 1086 3381 oratio,
1119 3314 1292 3385 primo
1317 3330 1414 3384 pro
1443 3330 1551 3381 me,
1588 3312 1786 3368 deinde
1827 3313 1987 3368 etiam
2020 3327 2115 3379 pro
2147 3308 2319 3363 vobis.

725 3407 794 3462 Et
839 3408 981 3464 illam
1037 3409 1304 3471 duplicem
1343 3423 1557 3463 cau~am
1604 3408 1876 3478 supponit,
1917 3405 2116 3475 gratias
2157 3416 2323 3473 agens

723 3514 823 3569 pro
850 3500 1022 3555 vobis.
1056 3499 1166 3555 Hoc
1202 3499 1271 3555 de
1297 3500 1572 3570 prteterito
1605 3510 1707 3554 est.
1745 3496 1855 3554 Sed
1885 3496 2161 3563 adiunxit:

798 3590 962 3648 Vsus.
1014 3592 1101 3647 17.
1139 3623 1211 3633 -
1234 3591 1375 3648 Deus
1391 3591 1472 3666 (6)
1499 3592 1704 3647 Domini
1735 3592 1896 3645 nostri
1943 3587 2068 3643 Iesu
2109 3587 2319 3654 Christi,

729 3692 874 3752 pater
901 3683 1080 3753 gloria:
1099 3684 1180 3739 det
1200 3685 1337 3739 vobis
1366 3686 1604 3755 spiritum
1618 3684 1899 3757 sapientiae.
1938 3682 2052 3737 Hoc
2074 3681 2232 3750 igitur
2256 3681 2324 3736 de

726 3772 910 3829 futuro
937 3785 1040 3840 est,
1064 3777 1360 3832 orationem
1390 3777 1571 3834 facere
1609 3792 1730 3832 cum
1759 3775 1934 3845 aliqua
1961 3776 2238 3844 petitione,
2268 3780 2325 3827 ut

724 3881 849 3922 cum
872 3868 923 3921 in
947 3866 1218 3923 Christum
1240 3870 1484 3937 creditis,
1506 3886 1659 3941 agam
1678 3887 1773 3940 pro
1791 3870 1943 3924 vobis
1965 3871 2165 3941 gratias
2181 3869 2319 3923 Deo:

724 3976 1022 4032 rursusque
1048 3978 1196 4017 orem
1228 3971 1283 4018 et
1308 3966 1618 4018 memoriam
1640 3964 1803 4019 vestri
1833 3963 2021 4019 faciam
2049 3963 2099 4015 in
2125 3964 2325 4016 oratio-

649 4096 652 4098 η
725 4056 884 4113 nibus
902 4072 1057 4123 meis,
1080 4066 1140 4112 ut
1169 4057 1308 4112 Deus
1339 4057 1450 4129 (qui
1481 4058 1645 4113 Deus?
1669 4074 1736 4112 ne
1761 4058 2034 4121 aberrent,
2060 4071 2129 4111 ne
2150 4056 2325 4124 suspi-

724 4159 915 4205 ci'ntur
942 4150 1068 4217 alia,
1094 4150 1178 4206 vel
1199 4150 1443 4220 gentilia,
1468 4150 1916 4222 velludarorum),
1946 4148 2103 4213 Deus,
2128 4148 2321 4218 inquit,

728 4241 936 4297 Domini
947 4245 1106 4297 nostri
1118 4242 1240 4298 Iesu
1255 4243 1442 4299 Christi
1456 4255 1617 4316 pater,
1636 4244 1725 4312 qui
1739 4253 1819 4297 est
1834 4254 1984 4312 pater
1995 4242 2203 4313 gloriae.
2218 4241 2293 4295 Pa
2305 4271 2323 4282 -

726 4342 830 4391 test
854 4350 983 4405 ergo
998 4350 1302 4406 separatum
1325 4336 1587 4402 videri,ut
1606 4337 1744 4390 Deus
1772 4335 1981 4389 Domini
2006 4336 2175 4389 nostri
2198 4335 2326 4391 Jesu

724 4425 925 4485 Christi
952 4448 965 4483 :
1002 4430 1116 4499 ipse
1135 4441 1216 4483 est
1244 4432 1385 4483 enim
1416 4430 1555 4484 Deus
1575 4428 1796 4483 Christi:
1824 4444 1954 4499 ergo
1983 4437 2038 4483 et
2068 4428 2326 4483 Dominus

2424 3217 2617 3290 inquit,
2644 3233 2833 3287 precor
2853 3219 3030 3285 vobis,
3053 3227 3113 3274 ut
3130 3220 3314 3274 sciatis
3333 3238 3456 3290 qum.
3478 3221 3544 3276 sit
3566 3236 3671 3290 spes
3687 3217 3854 3273 vocationis

2423 3312 2561 3382 ejus,
2596 3326 2717 3382 qua:
2745 3309 2946 3366 divitim
2971 3313 3157 3382 gloria:
3184 3310 3521 3367 haereditatis
3545 3312 3646 3381 ejus
3677 3312 3717 3365 in
3744 3306 3856 3361 sanos.

2426 3403 2593 3458 Deum
2625 3416 2976 3472 cognoscere,
3023 3418 3272 3474 magnum
3318 3404 3534 3475 quidem
3574 3404 3859 3473 puemitier

2425 3506 2727 3550 rumtamen
2779 3496 2962 3550 nescio
3001 3495 3145 3567 quod
3195 3511 3422 3567 parvum
3471 3496 3653 3552 homini
3690 3493 3857 3564 praui“.

2426 3586 2526 3641 nisi
2567 3588 2682 3657 ipse
2711 3587 2912 3658 aliquid
2939 3597 3320 3660 consequatur,
3352 3601 3514 3661 atque
3549 3589 3701 3660 aliqua
3728 3584 3858 3640 modist

2426 3679 2615 3733 melior
2645 3679 2753 3733 liat.
2791 3680 2930 3749 Ergo
2958 3689 3104 3749 peto,
3139 3682 3334 3751 inquit,
3365 3690 3426 3737 ut
3447 3683 3651 3753 spiritus
3674 3675 3859 3733 vobisd'ls

2423 3770 2704 3839 sapientia:
2731 3780 2784 3827 et
2815 3772 3162 3827 revelatiouis
3192 3774 3243 3828 in
3272 3776 3549 3845 agnitione
3576 3774 3693 3845 ejus,
3714 3780 3752 3825 et
3770 3766 3859 3822 utsii

2427 3862 2670 3918 habeatis
2698 3864 2882 3919 eordis
2908 3866 3071 3921 vestri
3103 3865 3459 3924 illuminatos.

2498 3954 2605 4013 Sed
2636 3957 2913 4027 quoniam,
2959 3967 3021 4013 ut
3045 3958 3178 4024 dixi,
3203 3961 3408 4030 agnitio
3447 3961 3535 4017 Dei
3561 3973 3717 4030 magna
3736 3953 3861 4026 quidem

2425 4064 2588 4121 parva
2619 4059 2796 4105 tamen
2825 4049 2965 4119 apud
2996 4064 3113 4117 nos,
3146 4050 3245 4105 nisi
3272 4051 3471 4108 exinde
3498 4050 3677 4121 aliquid
3696 4048 3859 4116 capias-ti

2427 4143 2691 4214 adjunxit,
2730 4145 2783 4198 in
2823 4145 2934 4213 ipsa
2968 4145 3059 4202 Dei
3082 4146 3357 4217 agnitione
3386 4148 3513 4218 quid
3552 4148 3698 4218 magis
3722 4138 3860 4204 inulla?

2426 4239 2527 4304 tis;
2554 4246 2614 4293 ut
2635 4239 2828 4301 sciatis,
2861 4238 3052 4307 inquit,
3081 4256 3197 4308 qua:
3214 4240 3279 4293 sit
3304 4258 3425 4310 spes
3445 4240 3696 4296 vocationis
3712 4239 3795 4307 :th
3813 4228 3860 4281 Ph

2430 4347 2574 4386 mum
2601 4347 2760 4402 quam
2793 4346 2942 4400 Spem
2973 4331 3267 4388 habeamus
3296 4334 3478 4390 vocati
3505 4351 3518 4388 :
3549 4332 3714 4388 deinde
3731 4339 3809 4397 qua
3826 4318 3861 4369 is

2430 4424 2584 4480 vitias
2609 4440 3029 4495 consequamur,
3061 4434 3119 4481 et
3155 4426 3373 4482 divitias
3396 4428 3603 4498 gloriae;
3629 4438 3725 4496 quae
3743 4412 3859 4474 suni-

726 4532 1026 4589 nostcrest;
1045 4524 1169 4593 quia
1184 4523 1440 4577 Dominus
1456 4533 1655 4589 noster,
1672 4522 2038 4588 estChristus;
2055 4524 2166 4576 etis
2183 4521 2323 4576 Deus
2350 4516 2405 4576 D
2429 4518 2569 4573 vitiae
2598 4520 2784 4588 glorim
2813 4518 3141 4575 turreditatis
3167 4520 3304 4591 ejus,
3336 4532 3395 4576 ut
3425 4532 3481 4576 et
3504 4522 3700 4590 gloriam
3721 4514 3861 4582 civim

725 4623 933 4680 noster,
961 4617 1050 4686 qui
1076 4625 1162 4671 est
1195 4616 1332 4670 Deus
1376 4617 1582 4670 Domini
1619 4617 1788 4671 nostri
1816 4615 1945 4671 Jesu
1967 4614 2190 4680 Christi,
2232 4617 2321 4682 qui

727 4708 886 4778 longe
913 4718 1196 4779 separatus
1225 4719 1311 4765 est
1339 4726 1367 4763 a
1402 4711 1512 4765 Deo
1536 4709 1882 4776 inda-orum;
1912 4710 1958 4764 is
1989 4710 2124 4778 ipse,
2154 4709 2243 4780 qui
2269 4720 2323 4764 et

731 4811 885 4872 pater
906 4804 1112 4876 gloriae.
1156 4805 1295 4874 Ergo
1342 4803 1478 4859 facio
1508 4804 1835 4869 orationem,
1859 4812 1918 4858 ut
1947 4802 2089 4857 Deus
2110 4801 2201 4857 det
2226 4817 2321 4858 vo-

732 4896 815 4952 bis
836 4898 1082 4965 spiritum
1111 4898 1410 4967 sapientiae.
1437 4907 1495 4952 ut
1522 4897 1763 4966 sapiatis,
1788 4904 1843 4952 et
1870 4894 2011 4965 quod
2034 4910 2220 4949 verum
2243 4903 2327 4949 est

727 4989 1058 5059 intelligatis.
1092 4990 1157 5044 Et
1188 4991 1276 5046 hic
1316 4999 1370 5045 et
1398 4989 1642 5061 plurimis
1681 4991 1733 5045 in
1787 4988 1923 5044 locis
1946 4988 2077 5043 satis
2124 4988 2324 5042 contir-

728 5091 933 5137 matum
986 5084 1220 5154 satisque
1254 5094 1459 5140 certum
1483 5093 1536 5138 et
1562 5083 1965 5139 demonstratur
2001 5090 2056 5137 et
2080 5080 2324 5136 ostendi-

729 5187 837 5243 tur,
887 5176 1027 5247 quod
1058 5185 1116 5230 ut
1137 5176 1409 5245 sapiamus
1433 5184 1596 5246 atque
1634 5176 1998 5246 intelligamus
2036 5184 2092 5229 et
2137 5187 2319 5228 verum

798 5292 881 5367 (1)
914 5288 1369 5367 γιιιεζΡνο-ριενςα
1401 5301 1446 5345 et
1477 5308 1569 5363 ego
1614 5291 1827 5349 audiens
1877 5291 2032 5360 [idem
2076 5300 2315 5357 vestram,

724 5360 842 5436 qua:
860 5360 942 5436 ἐει
966 5360 1037 5420 in
1052 5362 1274 5436 Domino
1299 5360 1446 5436 Iesu.

798 5437 881 5508 (2)
911 5435 1084 5494 Codd.
1111 5434 1370 5508 descendi.

801 5503 880 5577 (3)
914 5510 985 5563 Ita
1019 5506 1281 5578 repetitur
1311 5505 1362 5560 in
1393 5503 1554 5560 codd.

823 5579 881 5650 4)
916 5579 1072 5650 Yu‘g.
1103 5593 1265 5650 cesso.

825 5648 882 5722 5)
914 5647 1084 5722 ςυιιιι.
1117 5649 1181 5705 de
1198 5649 1284 5722 Altis
1312 5663 1412 5722 pro
1439 5647 1646 5708 deinde.

810 5666 888 5791 [es
914 5666 1084 5705 unua.
1117 5666 1181 5705 ae
1204 5666 1284 5735 tus
1312 5666 1382 5722 pri

810 5722 864 5789 (6
917 5719 1075 5790 Vulg.
1109 5720 1274 5788 addit,
1304 5729 1382 5778 ιιι.

2427 4626 2715 4681 sequamur
2742 4619 2795 4667 et
2816 4611 3199 4676 hmreditatem,
3231 4623 3290 4669 ut
3312 4614 3451 4669 inter
3477 4614 3604 4669 titius
3628 4616 3856 4667 numerem

2427 4703 2562 4759 Cum
2592 4704 2734 4759 enim
2777 4704 2828 4758 in
2861 4703 3203 4774 adoptionem
3233 4720 3331 4760 nos
3363 4706 3579 4776 recipiat
3605 4705 3741 4773 pietas
3762 4692 3863 4753 Diti."3

2428 4795 2772 4866 adoptionem
2832 4797 3065 4852 ﬁliorum
3115 4812 3358 4863 suorum,
3408 4797 3726 4866 hzeredesque
3763 4792 3862 4843 sint!“

2430 4889 2673 4944 IitDl'CdBS
2698 4898 2901 4955 autem,
2931 4904 3036 4944 non
3066 4897 3124 4945 ut
3155 4891 3209 4945 in
3232 4890 3515 4946 mundanis
3535 4899 3629 4949 est.
3653 4886 3865 4956 eum!“

2426 4981 2579 5051 cujus
2607 4983 2729 5053 quis
2761 4983 2935 5038 haeres
2962 4992 3064 5044 est,
3094 4984 3237 5054 quod
3271 4985 3424 5040 nefas
3466 4983 3711 5039 intellectu
3738 4987 3775 5031 et
3798 4971 3867 5025 diti

2427 5085 2542 5139 est;
2575 5074 2670 5130 sed
2698 5085 2755 5128 ut
2787 5075 2838 5129 in
2868 5075 2969 5138 his,
3003 5074 3071 5131 de
3100 5076 3274 5138 bonis.
3304 5077 3472 5149 utqui
3502 5074 3715 5132 ha'redcs
3731 5063 3867 5124 suam

2428 5165 2689 5234 heamur;
2734 5177 2788 5220 ut
2820 5167 3016 5236 quibus
3049 5167 3203 5224 bonis
3235 5170 3372 5225 Deus
3401 5171 3583 5235 utitur,
3610 5163 3866 5222 ιιειιεωιιιε

2424 5259 2583 5315 bonis
2604 5268 2838 5323 utamur,
2868 5261 3039 5316 simus
3063 5263 3114 5317 in
3138 5263 3327 5331 gloria,
3353 5265 3523 5319 simus
3542 5258 3717 5317 aeterni.
3738 5252 3868 5309 iis“?1

2423 5351 2731 5407 hmreditas.
2761 5352 2893 5408 Nam
2920 5363 3120 5410 etcum
3148 5355 3365 5412 Christo
3394 5348 3867 5411 cuhzrredessumwi

2425 5445 2676 5501 Christus
2702 5446 2843 5502 Deus
2865 5454 2982 5502 est:
3008 5461 3137 5519 ergo
3155 5464 3276 5504 cum
3310 5449 3421 5504 Deo
3445 5448 3667 5504 haeredes
3684 5439 3865 5499 divitias

2426 5537 2612 5611 gloriae
2642 5539 2759 5609 ejus
2786 5554 2994 5597 sumus.
3026 5541 3131 5598 Sed
3174 5541 3293 5599 haec
3320 5544 3495 5600 omnia
3534 5550 3645 5599 sunt
3676 5540 3717 5594 in
3744 5526 3865 5590 sardi

2503 5721 2585 5795 (1)
2614 5721 2693 5779 Ita
2711 5721 2870 5781 codd.
