4106 6184
206 278 342 334 124.)

1103 275 1168 331 ΙΝ
1207 275 1588 332 EPISTULAM
1629 272 1832 330 PAULI
1862 275 1953 331 AD
1993 273 2324 330 EPHESIOS
2375 273 2578 330 LIBER
2619 273 2657 328 l.

3355 273 3382 328 1
3393 269 3495 326 250

203 396 252 450 id
275 404 355 450 est
384 396 432 448 in
466 394 548 450 his
571 395 660 466 qui
681 395 995 450 sanetilicati
1023 403 1148 450 sunt
1170 395 1444 466 mysterio,
1473 393 1672 448 Christi
1701 409 1795 448 no-
1823 395 1876 455 Α
1903 393 2076 462 Supra
2116 409 2336 456 omnem,
2374 391 2564 460 ittquit,
2607 391 2990 458 principatum;
3038 397 3095 441 ιιι
3137 388 3313 443 nullus
3355 390 3494 446 alius

203 491 368 545 mine.
401 489 846 545 l’robatissitnum
881 489 982 543 hoc
1011 504 1140 557 ergo
1167 496 1292 558 peto
1313 499 1369 544 ut
1392 487 1789 552 illumincmini,

203 591 254 636 et
281 582 464 636 sciatis
496 580 596 635 hoc
623 598 870 650 magnum
897 581 1234 639 beneﬁcium.
1271 591 1324 634 ut
1354 581 1601 647 imploret
1625 591 1675 635 et
1705 595 1793 633 ro-

202 684 311 743 get,
357 683 412 727 ιιι
444 674 596 728 nobis
627 673 876 730 adventet
912 674 1154 742 Spiritus,
1187 674 1275 743 qui
1319 689 1416 727 nos
1447 673 1548 728 hoc
1580 672 1790 728 doceat.

203 765 268 820 Et
317 779 416 820 nos
442 765 654 836 quidem
699 781 794 836 pro
825 766 979 820 nobis
1020 766 1329 838 frequenter
1366 765 1467 820 hoc
1513 765 1745 834 petimus
1778 783 1792 819 :

202 872 386 912 verum
435 874 540 912 non
587 874 807 928 parvutn
837 857 1154 913 beneﬁcium
1202 867 1417 928 praestat
1453 858 1542 912 ille
1570 857 1661 926 qui
1687 857 1794 927 jam

201 950 456 1005 emeritus
490 950 698 1004 Domini
725 960 777 1005 et
807 949 1176 1004 Sanctificatus
1206 959 1306 1004 est.
1336 949 1478 1004 ldetn
1511 951 1684 1019 ipsum
1717 964 1797 1004 ro-

201 1056 287 1116 gat
303 1045 457 1099 nobis
477 1045 757 1113 provenire
779 1044 919 1114 quod
944 1058 1040 1098 nos
1053 1043 1296 1114 cupimus
1314 1052 1368 1098 et
1391 1059 1656 1114 rogamus.
1685 1043 1796 1100 lloc

202 1154 330 1208 ergo
357 1137 606 1206 Ephesiis
641 1153 701 1191 sc
745 1137 824 1209 (l)
860 1150 1116 1206 pra‘stare
1161 1137 1359 1191 Paulus
1383 1146 1791 1192 commemorat.

275 1229 438 1285 Vens.
492 1229 577 1292 19,
609 1229 698 1284 20.
755 1259 826 1270 --
860 1228 924 1287 Et
969 1245 1080 1299 qua:
1109 1230 1172 1282 sit
1224 1229 1505 1283 sublimitas
1537 1231 1794 1299 magnitu-

201 1324 335 1378 dinis
364 1325 564 1378 virtutis
595 1328 703 1394 ejus
731 1323 782 1376 in
813 1339 899 1375 vos
925 1324 1011 1391 qui
1054 1323 1341 1377 credtdistis
1367 1324 1640 1376 secundum
1676 1339 1796 1390 ape-

201 1417 447 1469 rrttionem
481 1415 738 1484 potestatis
775 1416 976 1468 virtutis
1017 1417 1147 1486 ejus.
1176 1431 1328 1484 quam
1371 1424 1612 1480 aperatus
1637 1425 1708 1468 est
1741 1415 1793 1467 itt

203 1510 406 1564 Christo
433 1508 535 1581 (2).
571 1509 700 1575 lloe,
737 1509 930 1579 inquit,
963 1509 1014 1562 in
1042 1509 1378 1562 orationibus
1405 1508 1537 1561 meis
1567 1518 1710 1576 pcto,
1743 1518 1793 1561 ut

202 1605 283 1656 det
323 1602 460 1656 vobis
489 1602 722 1663 spiritum
749 1601 1017 1670 sapientia:
1046 1611 1092 1652 et
1119 1600 1436 1653 reuelationis
1465 1615 1483 1652 :
1517 1599 1641 1652 item
1673 1607 1793 1668 pcto

200 1706 258 1751 ιιι
305 1697 485 1750 sciatis
529 1712 651 1766 qua:
687 1695 753 1750 sit
794 1709 918 1764 spes
947 1694 1263 1759 vocatonis,
1298 1708 1418 1762 qua:
1467 1691 1696 1754 divitize;
1741 1701 1795 1746 et

1897 487 2170 557 princeps,
2215 486 2326 540 sive
2357 483 2660 537 mundanus
2690 483 2805 537 sive
2846 497 3002 551 supra
3045 481 3323 546 mundum,
3355 498 3490 536 non-

1899 579 1999 632 nisi
2032 579 2252 632 inferior
2273 576 2488 632 Christo
2517 577 2606 630 sil.
2643 575 2709 630 Et
2731 592 2889 646 supra
2912 592 3135 640 omnem,
3172 577 3364 646 inquit,
3396 593 3492 648 po-

1897 681 2149 735 testatem,
2181 679 2234 725 ct
2270 686 2432 740 supra
2459 687 2659 723 omnem
2697 671 2954 736 virtutem,
2985 686 3144 740 supra
3174 687 3373 724 omnem
3403 669 3498 723 do-

1897 764 2250 829 minationem,
2281 775 2338 818 ct
2365 781 2523 832 supra
2548 779 2696 817 omne
2721 781 2919 818 nomen.
2953 763 3105 832 Quod
3139 779 3330 818 nomen
3355 766 3377 815 ’ἰ
3412 763 3496 818 vel

1898 858 1949 912 itt
2001 869 2166 922 terra,
2215 858 2264 912 id
2305 869 2385 912 est
2418 859 2469 912 in
2511 859 2735 925 saculo,
2774 859 3141 923 nominatum;
3172 862 3254 912 vel
3305 858 3356 911 itt
3395 855 3498 911 hoc

1897 951 2122 1016 mundo,
2152 951 2236 1006 vel
2259 953 2420 1006 etiam
2448 954 2498 1006 itt
2529 954 2729 1007 futuro.
2757 953 2886 1008 ltem
2911 953 3037 1024 quid
3067 963 3148 1008 est
3177 954 3319 1023 quod
3362 967 3498 1022 prac-

1897 1046 2214 1116 SIitit?qnod
2235 1047 2412 1100 omnia
2437 1047 2666 1116 subjecit
2687 1047 2914 1118 pedibus
2935 1048 3074 1117 ejus,
3089 1057 3141 1102 et
3159 1046 3300 1116 qttod
3323 1047 3494 1116 ipsum

1896 1139 2045 1193 dedit
2070 1150 2228 1207 caput
2258 1156 2378 1194 esse
2405 1155 2564 1209 supra
2593 1156 2808 1194 omnem
2842 1141 3170 1195 Eeelesiam:
3198 1154 3356 1209 quam
3381 1139 3499 1209 qni—

1899 1230 2016 1290 dent
2066 1235 2276 1298 deﬁnit,
2325 1246 2382 1289 ιιι
2419 1236 2780 1304 intelligamus
2809 1236 2934 1306 quid
2979 1237 3047 1290 sit
3088 1236 3332 1291 Ecele~ia
3377 1250 3498 1304 qua:

1897 1341 2091 1395 corpus
2136 1337 2218 1382 est
2265 1328 2434 1392 illius;
2478 1329 2528 1383 id
2579 1339 2661 1382 est
2711 1345 2829 1397 qua:
2871 1330 3124 1383 membra.
3159 1329 3335 1382 omnia
3373 1336 3501 1382 sont.

1897 1416 2118 1483 Christi,
2169 1419 2406 1474 Ecclesia
2449 1430 2560 1485 est;
2600 1420 2720 1491 quia
2763 1421 2874 1490 ip-a
2921 1420 3184 1490 plenitudo
3225 1423 3360 1493 ejus,
3405 1421 3496 1491 qui

1897 1512 2077 1566 Omnia
2112 1513 2162 1565 itt
2197 1513 2446 1567 omnibus
2477 1513 2822 1582 aditnpletur.

1973 1602 2096 1656 llzec
2136 1617 2265 1672 ergo
2290 1619 2411 1658 cum
2442 1605 2754 1673 prmstiterit
2787 1605 2924 1658 Deus
2957 1613 3104 1658 tanta
3147 1615 3199 1659 et
3241 1614 3348 1659 tam
3389 1619 3502 1658 ma-

1897 1695 2086 1765 gniﬁca
2114 1696 2352 1761 Christo,
2400 1710 2448 1751 et
2500 1698 2800 1768 impleverit
2838 1699 2978 1753 circa
3023 1698 3296 1753 Christum
3339 1716 3498 1769 quem

199 1789 328 1843 item
379 1799 433 1843 ιιι
471 1789 652 1843 sciatis
702 1804 820 1858 qnze
873 1787 944 1841 sit
972 1787 1294 1840 sublimitas.
1355 1784 1589 1854 Exponit
1629 1785 1796 1854 ipsam
1828 1787 1876 1846 B
1906 1791 2264 1855 resuscitavit,
2298 1807 2486 1860 magna
2537 1793 2719 1862 utique
2749 1794 2992 1862 operatio
3023 1795 3303 1863 potestatis
3334 1795 3502 1848 vim]-

199 1885 579 1939 sublimitatem
611 1901 624 1936 :
657 1881 1044 1951 magnitudinis,
1080 1881 1268 1948 inquit.
1293 1879 1397 1936 Sed
1424 1896 1542 1948 quas
1574 1888 1658 1934 est
1698 1881 1794 1932 ista

201 1976 550 2047 magnitudo?
585 1975 783 2029 virtutis
809 1975 1023 2044 adjecit.
1054 1973 1185 2026 Item
1224 1988 1341 2041 qum
1369 1979 1454 2026 est
1475 1973 1570 2024 ista
1595 1972 1799 2025 virtus?

201 2085 322 2138 qum
351 2079 433 2122 est
485 2069 536 2121 in
569 2067 739 2129 vobis,
769 2077 859 2120 aut
904 2068 954 2119 in
987 2080 1104 2130 vos,
1135 2063 1279 2134 quod
1312 2062 1465 2117 vobis
1494 2064 1636 2116 illam
1667 2077 1796 2130 pra:-

204 2171 330 2217 stat.
358 2161 489 2229 Quze
516 2173 596 2214 est
627 2175 804 2214 autem
840 2160 952 2228 ipsa
981 2159 1152 2212 virtus
1187 2173 1343 2227 quam
1369 2157 1521 2211 vobis
1545 2157 1799 2225 praistat?

203 2267 259 2310 ut
291 2253 524 2310 credatis
545 2255 594 2308 in
624 2270 748 2309 cum
773 2262 827 2308 et
852 2252 1087 2306 credatis
1108 2250 1400 2304 secundum
1429 2248 1798 2320 operationem

203 2347 483 2417 potesmtis
508 2346 724 2401 virtutis
751 2347 888 2414 ejus.
923 2343 1084 2398 Multa
1112 2355 1293 2398 autem
1320 2343 1564 2412 operatio
1587 2351 1671 2398 est
1693 2343 1801 2397 vir—

202 2441 332 2494 tutis
364 2440 452 2493 Dei
483 2456 495 2491 :
531 2439 728 2494 etenim
759 2436 1019 2509 quidquid
1050 2452 1145 2506 per
1169 2434 1443 2490 Christum
1467 2433 1666 2490 factum
1691 2444 1792 2499 est,

202 2533 355 2603 quasi
395 2531 637 2600 operatio
667 2530 865 2584 Christi
897 2538 1002 2592 est,
1039 2537 1094 2582 ut
1131 2527 1359 2582 mundus
1393 2538 1446 2582 et
1477 2528 1650 2580 omnia
1680 2540 1802 2595 qua:

203 2638 255 2681 ct
288 2642 384 2696 per
410 2643 530 2680 eum
560 2625 695 2679 farta
719 2634 863 2680 sunt.
895 2624 1096 2678 Tamen
1125 2623 1366 2694 operatio
1391 2621 1484 2675 Dei
1509 2635 1630 2675 vera
1656 2629 1801 2674 certa

201 2720 470 2788 simulque
501 2718 803 2788 magniﬁca,
833 2734 990 2788 quam
1021 2725 1274 2786 operatus
1295 2723 1380 2769 est
1408 2716 1458 2767 itt
1481 2712 1719 2767 Christo.

277 2813 562 2882 Subju-igit
599 2824 780 2866 autem
817 2828 935 2878 qua:
977 2811 1045 2865 sit
1087 2810 1174 2864 illa
1217 2807 1461 2875 Operatio
1508 2806 1602 2860 Dei
1641 2821 1800 2875 quant

203 2916 458 2977 operatus
486 2906 537 2960 in
583 2906 801 2959 Christo
841 2916 920 2959 est
952 2903 1204 2957 suscitans
1242 2901 1389 2954 illum
1418 2917 1448 2952 a
1479 2900 1712 2966 mortuis,
1756 2907 1804 2952 et

202 3001 514 3056 constituens
543 2999 692 3053 illttttt
723 3000 774 3052 in
801 2999 1013 3054 dextera
1033 3000 1085 3052 in
1114 2998 1250 3051 cwlis
1276 2997 1376 3067 (5).

278 3095 444 3151 VERS.
463 3095 524 3148 *2-1
543 3136 556 3159 ,
573 3095 664 3156 22,
679 3093 770 3148 25.
787 3123 857 3136 --
872 3093 1046 3159 Supra
1067 3108 1264 3146 onmem
1285 3090 1634 3160 principatum
1653 3097 1700 3142 et
1721 3104 1807 3160 po-

1903 1881 1968 1934 lis
1997 1881 2112 1948 ejus
2141 1891 2244 1947 est,
2272 1898 2432 1953 quam
2467 1883 2549 1954 (l)
2594 1895 2677 1939 est
2720 1895 2970 1953 Operatus
3000 1886 3049 1939 iu
3092 1886 3327 1942 Christo.
3356 1887 3502 1955 Quo-

1903 1974 2045 2027 niam
2074 1989 2265 2029 sensus
2296 1985 2539 2042 apparet,
2581 1985 2634 2030 et
2665 1992 2871 2030 summa
2901 1977 3175 2044 dictionis,
3220 1994 3362 2033 nunc
3392 1980 3502 2032 sin-

1901 2066 2022 2137 gula
2076 2077 2449 2122 retractemus.
2500 2068 2767 2122 Snscitans
2812 2071 2960 2123 illum
3017 2089 3049 2124 a
3097 2072 3307 2126 mortuis
3358 2070 3500 2140 quod

1902 2161 2077 2231 palam
2106 2172 2337 2230 gestum,
2381 2163 2632 2232 quodque
2654 2163 2904 2220 omnibus
2949 2165 3268 2221 teSIimoniis
3294 2166 3500 2222 clarum

1903 2263 2006 2319 est,
2056 2255 2194 2309 Deus
2237 2253 2507 2309 Christum
2541 2255 2746 2321 Jesum,
2793 2259 2880 2327 qtti
2914 2258 3010 2312 fuit
3039 2258 3089 2311 in
3134 2275 3318 2323 carne,
3352 2274 3500 2313 tuor-

1906 2355 2050 2399 tuum
2079 2347 2213 2401 etin
2259 2363 2420 2403 cruce
2466 2348 2732 2404 sublatum
2766 2349 3102 2404 resnscitavit
3140 2353 3300 2404 tertio
3343 2351 3428 2405 die
3472 2366 3503 2405 a

1904 2447 2148 2493 mortuis.
2200 2439 2346 2494 Lici-t
2390 2440 2620 2509 simplici
2662 2441 2939 2496 intellectu
2972 2443 3211 2513 mysterii
3258 2445 3394 2498 ratio
3435 2443 3505 2498 sit

1904 2536 2206 2604 magnilica,
2261 2544 2436 2589 tamen
2489 2535 2802 2589 suscitatutn
2851 2550 2970 2590 esse
3000 2553 3028 2588 a
3079 2551 3181 2589 n10!
3201 2539 3323 2601 tuis,
3370 2535 3504 2591 nihil

1904 2625 2080 2696 egi~se
2127 2637 2354 2680 n'tortem
2396 2627 2562 2690 illam,
2595 2642 2755 2697 quam
2789 2626 3033 2681 homines
3079 2628 3367 2694 sustinent,
3415 2627 3505 2684 vel

1907 2734 2002 2787 per
2042 2718 2378 2784 violentiam,
2411 2720 2496 2774 vel
2527 2735 2620 2788 per
2649 2720 2888 2789 corporis
2911 2721 3308 2786 necessitatem,
3338 2719 3503 2775 Deunt

1907 2812 2009 2866 hoc
2049 2812 2352 2877 sustulisse,
2396 2822 2454 2867 ut
2500 2828 2646 2867 mors
2682 2829 2787 2866 non
2821 2813 3044 2878 valeret,
3087 2829 3276 2882 magna
3321 2817 3506 2883 utique

1908 2905 2079 2958 virtus
2103 2905 2217 2967 Dei,
2245 2920 2433 2973 tttagna
2457 2913 2716 2974 pote~tas,
2743 2920 2928 2974 magna
2953 2906 3215 2974 operatio.
3245 2905 3350 2961 Sed
3371 2921 3507 2976 quo-

1911 2997 2052 3050 niam
2086 3012 2229 3066 satpe
2257 2997 2337 3051 vel
2361 2997 2487 3066 qud
2517 2997 2582 3050 sit
2606 2996 2874 3060 Christus,
2903 2997 2983 3050 vel
3009 2997 3135 3065 quid
3166 2998 3234 3052 sit
3264 2998 3314 3051 in
3343 3014 3508 3054 carne

1910 3088 2058 3142 illum
2108 3104 2250 3153 esse,
2298 3089 2382 3143 vel
2413 3089 2539 3159 quid
2583 3090 2650 3143 sit
2690 3090 2740 3142 itt
2781 3105 2993 3145 crucem
3037 3091 3186 3144 illum
3235 3092 3506 3148 sublatum

201 3199 434 3244 testatem
465 3198 509 3241 et
552 3189 785 3240 virtutem
809 3196 857 3238 et
901 3185 1314 3244 dominationem,
1349 3191 1394 3236 et
1439 3198 1586 3235 omne
1627 3197 1809 3234 nomen
1835 3165 1878 3230 C
1913 3195 2056 3246 esse,
2083 3181 2167 3234 vel
2197 3180 2416 3250 quidsit
2448 3181 2820 3236 resuscitatunt
2848 3197 2990 3245 esse,
3024 3183 3223 3251 sacpius
3248 3182 3505 3251 diximus,

200 3283 343 3356 quod
371 3283 658 3334 nominatur
683 3297 782 3332 non
810 3277 976 3332 solum
1004 3279 1053 3330 in
1087 3276 1180 3329 hoc
1203 3275 1388 3329 sa'culo
1416 3291 1433 3327 :
1462 3275 1550 3327 sed
1578 3273 1726 3325 etiam
1757 3273 1808 3324 in

201 3381 403 3448 futuro,
428 3384 472 3427 et
495 3373 665 3427 omnia
687 3371 897 3441 subjecit
917 3371 1006 3424 sub
1035 3370 1245 3438 pedibus
1267 3372 1398 3441 ejus,
1423 3376 1470 3420 et
1492 3367 1656 3431 ipsum
1674 3367 1811 3418 dedit

203 3480 360 3539 caput
381 3483 531 3539 super
553 3481 750 3519 onmem
778 3462 1086 3525 Ecclesium,
1111 3477 1222 3528 qua:
1246 3471 1316 3513 est
1333 3474 1518 3529 corpus
1542 3458 1680 3510 illius
1703 3456 1808 3529 (4),

205 3562 471 3634 plenitudo
517 3562 628 3631 ejus
654 3555 757 3627 (ὅ),
787 3556 872 3625 qui
900 3554 1070 3608 omnia
1105 3553 1156 3606 in
1203 3551 1436 3605 ontnibus
1475 3549 1806 3617 adimpletur.

207 3651 530 3715 Secundum,
553 3650 748 3718 inquit,
764 3647 1108 3715 operationem
1123 3646 1384 3713 potestatis
1398 3643 1594 3697 virtutis
1612 3642 1701 3694 Dei
1716 3655 1813 3694 vos

201 3746 534 3805 credidistis.
559 3745 839 3799 listantetn
861 3741 1102 3808 Operatio
1119 3739 1334 3794 virtutis
1349 3738 1461 3793 Dei.
1477 3737 1810 3806 Quamquam

208 3843 268 3896 in
300 3836 560 3908 principio
587 3835 676 3889 illa
701 3834 1007 3891 sittnisisse
1034 3831 1332 3896 Christum,
1362 3830 1442 3884 vel
1472 3829 1559 3884 illa
1597 3839 1814 3897 propter

202 3931 420 3988 animas
448 3928 744 3998 subjectum
779 3926 1034 3980 tnnndutn
1066 3925 1288 3989 iecisse;
1320 3922 1571 3992 qu0uiam
1616 3919 1718 3974 hoc
1761 3927 1816 3974 et.

204 4027 376 4081 altum
407 4033 460 4077 et
491 4021 824 4076 reconditum
863 4019 932 4073 ab
965 4019 1045 4073 his
1077 4019 1242 4072 rebus
1271 4032 1392 4087 qua:
1422 4025 1608 4084 aperte
1643 4011 1817 4066 mani-

205 4118 368 4174 festa:
396 4123 551 4183 sunt;
582 4113 782 4182 quippe
811 4127 930 4182 quae
956 4121 1122 4181 gesta:
1152 4109 1230 4180 (6)
1260 4117 1407 4172 sunt,
1436 4117 1490 4161 et
1520 4117 1686 4176 gestat
1715 4119 1812 4157 nu-

209 4226 331 4282 per,
363 4217 415 4264 et
453 4221 577 4262 ante
604 4208 792 4262 erutos
817 4203 995 4259 adhuc
1030 4213 1334 4257 versantur.
1371 4200 1500 4256 Inde
1530 4198 1694 4253 sumit
1720 4192 1835 4253 ex?

211 4303 538 4375 positionem
564 4299 776 4354 virtutis
801 4299 916 4361 Dei,
937 4313 1095 4368 quant
1119 4304 1376 4366 operatus
1398 4305 1481 4349 est
1504 4294 1556 4347 itt
1577 4292 1812 4349 Christo.

210 4400 344 4467 Qua:
373 4400 461 4454 illa
491 4397 612 4454 est?
636 4412 703 4452 ex
731 4393 1140 4452 resnsdtatione
1170 4407 1196 4445 a
1231 4390 1480 4444 mortuis.
1512 4391 1645 4443 Cum
1669 4388 1813 4443 enim

213 4493 555 4552 resuscitat-it
590 4508 619 4545 a
664 4490 890 4546 mortuis
925 4487 1220 4551 Christum,
1259 4500 1417 4555 quant
1464 4494 1649 4553 utique
1679 4481 1815 4535 vidi-

1915 3273 2016 3326 boc
2063 3274 2299 3328 breviter
2335 3273 2688 3328 admonemus
2728 3291 2740 3326 :
2794 3291 2916 3328 ttatn
2965 3276 3204 3346 mysterii
3252 3275 3508 3346 plenioris

1913 3370 2072 3432 ratio,
2124 3378 2177 3424 et
2208 3384 2235 3420 a
2281 3369 2436 3422 nobis
2467 3368 2520 3422 in
2561 3367 2644 3421 his
2693 3368 2844 3422 libris
2873 3384 3016 3438 saepe
3063 3379 3286 3423 tractata
3318 3377 3421 3434 est,
3454 3376 3510 3424 et

1913 3465 2035 3518 alibi
2063 3465 2270 3533 plenius
2293 3464 2577 3532 explicata.
2622 3462 2722 3518 l’er
2747 3461 3046 3526 Christum,
3082 3461 3131 3516 id
3167 3472 3250 3518 est
3279 3479 3372 3532 per
3397 3462 3510 3531 spi-

1915 3557 2073 3608 ritum
2106 3564 2372 3609 recreatas
2401 3556 2607 3609 animas
2632 3565 2687 3610 et
2715 3555 2966 3610 liberatas
2997 3570 3140 3621 esse,
3186 3563 3244 3608 ut
3275 3555 3326 3608 in
3357 3570 3509 3609 suam

1915 3647 2176 3718 Originem
2230 3657 2652 3712 reverterentur,
2701 3655 2755 3702 et
2807 3659 3018 3714 peccata
3071 3648 3406 3714 tollerentur,
3457 3647 3511 3703 in

1915 3758 2033 3811 qua:
2066 3742 2225 3808 lapsa:
2256 3740 2448 3794 anima:
2477 3739 2708 3795 fuerant.
2757 3740 3018 3806 Quoniam
3051 3753 3228 3796 autent
3262 3741 3511 3797 homines

1917 3833 2095 3886 vivere
2118 3849 2222 3885 ttott
2248 3842 2492 3902 poterant
2519 3848 2611 3901 per
2633 3833 2812 3887 carnis
2836 3833 3284 3899 imbecillitatem,
3315 3833 3512 3888 missus

1917 3934 1999 3980 est
2023 3925 2292 3991 Christus,
2327 3924 2376 3979 id
2401 3935 2484 3980 est
2512 3927 2752 3995 spiritus,
2785 3939 2836 3982 et
2870 3922 3242 3997 intelligentia,
3275 3934 3329 3980 et
3359 3941 3514 3979 reve-

1918 4018 2198 4083 lationutn,
2231 4018 2468 4073 omnium
2497 4019 2797 4074 divinarum
2829 4036 3031 4085 rerum,
3060 4030 3114 4073 et
3141 4021 3263 4072 vita:
3294 4028 3513 4072 artcrna:

1918 4109 2160 4179 spiritus,
2187 4119 2245 4165 ut
2284 4125 2379 4181 per
2419 4113 2535 4181 ejus
2579 4111 2920 4183 mysterium,
2952 4119 3007 4166 et
3053 4125 3146 4179 per
3173 4107 3510 4179 corporalem

1919 4213 2146 4258 tuortem
2171 4204 2502 4259 resuscitata:
2526 4204 2720 4258 anima:
2745 4201 2813 4257 ad
2839 4203 3088 4258 virtutem
3120 4201 3396 4257 cmlestem
3427 4217 3515 4257 re-

1918 4297 2100 4352 dirent
2132 4314 2144 4349 :
2179 4297 2444 4368 simulque
2473 4312 2660 4368 passus
2691 4306 2920 4352 mortem
2951 4296 3127 4351 crucis
3161 4294 3430 4361 Christus,
3459 4303 3515 4350 et

1918 4388 2381 4445 resuscitationem
2431 4406 2460 4445 a
2513 4401 2665 4461 patre
2709 4391 3030 4460 suscipiens,
3084 4389 3368 4459 imaginem
3419 4402 3517 4457 per

1920 4482 2233 4550 mysterium
2259 4482 2527 4552 praeberet
2550 4483 2744 4538 animis
2772 4483 3022 4538 omnibus
3053 4481 3118 4536 ad
3146 4479 3516 4536 resuscitatio—

215 4604 357 4653 ntus,
401 4603 591 4657 magna
639 4586 824 4655 urique
871 4583 1115 4652 operatio
1156 4592 1236 4636 est
1284 4580 1565 4649 potestatis
1605 4577 1816 4630 virtutis
1843 4561 1893 4622 D
1921 4591 2064 4629 nem.
2097 4575 2292 4630 Verum
2323 4575 2458 4641 lucc,
2488 4587 2538 4629 ut
2565 4575 2720 4641 dixit,
2750 4586 2803 4630 et
2829 4577 3010 4646 aliquo
3040 4587 3300 4644 tempore.

219 4683 334 4736 Dei.
389 4681 588 4735 Deinde
634 4679 750 4733 haec
791 4694 910 4747 qua:
939 4685 1228 4731 consecuta
1271 4681 1396 4728 sunt
1429 4682 1610 4742 postea
1653 4687 1814 4740 quam

218 4775 496 4831 suscitavit
540 4790 566 4825 a
601 4771 850 4836 mortuis,
889 4769 1167 4823 constituit
1210 4767 1358 4820 illum
1389 4767 1440 4820 in
1472 4764 1692 4818 dextera
1719 4779 1816 4819 sua

221 4866 272 4921 itt
307 4866 476 4922 emIis.
517 4867 759 4936 Magnum
791 4864 979 4933 utique
1006 4861 1130 4924 hoc,
1171 4870 1374 4914 tantum
1416 4856 1677 4911 honorent
1717 4855 1808 4911 tle-

221 4963 388 5028 disse,
419 4972 614 5016 lautam
644 4961 1001 5029 maiestatem,
1033 4966 1090 5010 ttt
1119 4963 1173 5010 et
1203 4955 1253 5008 in
1285 4952 1437 5009 caelis
1463 4967 1586 5006 cum
1619 4953 1819 5004 consti-

221 5066 417 5123 tueret,
447 5066 501 5112 et
520 5056 570 5110 in
593 5055 808 5110 dextera
831 5069 925 5108 sua
953 5052 1331 5106 eottstitueret.
1359 5047 1554 5101 Parum
1581 5044 1683 5099 hoc
1703 5053 1816 5098 est:

293 5216 374 5279 (l)
414 5211 585 5268 Codd.
623 5211 836 5282 Epltessi
865 5211 998 5281 ipsa.
1171 5276 1181 5282 ῃ
1496 5271 1524 5282 ,ν
1589 5270 1600 5282 ⁸
1695 5270 1707 5281 .

419 5285 572 5358 Vulg.
606 5270 677 5336 Εἰ
701 5297 811 5358 qua:
837 5270 900 5358 sit
928 5276 1305 5358 supereminens
1334 5270 1634 5358 magnitudo
1660 5270 1818 5358 virtu-

222 5358 286 5411 tis
303 5347 416 5430 ejus
435 5357 485 5408 in
508 5347 616 5417 tios,
649 5347 735 5430 qui
764 5352 1038 5416 credimus,
1061 5347 1338 5403 secundum
1361 5347 1707 5415 Operationem
1726 5357 1820 5413 po-

223 5427 392 5482 tentiae
421 5429 623 5481 virtutis
653 5427 782 5490 eius.

297 5501 374 5571 (3)
419 5496 574 5568 Vulg.
600 5516 612 5550 :
643 5484 1088 5571 suscitans-illum
1113 5507 1144 5544 a
1181 5486 1416 5553 mortuis,
1439 5495 1485 5542 et
1511 5484 1820 5540 constituens

224 5571 293 5626 ad
313 5564 573 5624 dexteram
593 5584 738 5622 suam
767 5572 820 5620 t'n
844 5564 1146 5620 caelestibus.

322 5640 378 5712 4)
418 5640 574 5712 Vulg.
606 5639 755 5694 addit
780 5646 847 5693 et.

323 5711 380 5784 5)
418 5711 586 5784 Codd.
613 5712 677 5765 ei.

300 5783 378 5859 (6)
421 5783 592 5840 Codd.
625 5789 824 5853 egesttc.

1999 4667 2064 4720 Et
2093 4669 2399 4722 constituens
2442 4667 2589 4720 illunt
2630 4669 2682 4721 in
2725 4668 2931 4722 dextera
2959 4684 3052 4721 sua
3081 4668 3133 4720 in
3161 4665 3322 4720 caelis.
3368 4663 3518 4733 Quo-

1923 4761 2066 4815 niam
2098 4761 2345 4817 Christus
2369 4760 2461 4814 Dei
2485 4768 2663 4814 motus
2691 4746 3015 4824 esu-motus
3043 4767 3218 4814 autem
3249 4759 3301 4812 in
3329 4773 3520 4827 opera-

1926 4858 2068 4912 tione
2093 4868 2206 4920 est;
2236 4855 2475 4924 operatio
2497 4870 2627 4909 vero
2650 4862 2827 4908 motus
2849 4869 3063 4923 semper
3085 4853 3136 4907 itt
3161 4852 3378 4908 dextera
3402 4861 3516 4919 est;

1923 4951 2122 5005 idcirco
2151 4949 2398 5004 Christus
2443 4947 2495 5001 itt
2542 4949 2760 5005 dextera
2809 4945 2903 5001 Dei
2945 4956 3027 5000 est
3069 4946 3392 5001 constitutus
3436 4943 3518 5016 (Ξ)

1924 5058 2082 5112 supra
2131 5056 2348 5097 Omnem
2400 5038 2755 5110 principatum
2809 5049 2863 5094 et
2913 5045 3252 5109 potestatem.
3308 5036 3521 5091 Primus

1923 5136 2067 5190 enim
2099 5144 2278 5191 motus
2307 5133 2568 5199 omnium,
2601 5145 2779 5189 motus
2801 5141 2884 5188 est
2907 5131 3127 5186 Christi.
3178 5129 3520 5198 Principatus

1923 5245 2053 5286 vero
2077 5238 2132 5285 et
2172 5236 2464 5299 potestates
2491 5236 2544 5282 et
2575 5227 2800 5284 virtutes
2825 5236 2879 5282 et
2917 5225 3314 5281 dominationes
3342 5233 3519 5277 motus

1925 5333 2044 5378 sunt
2081 5338 2257 5377 rerum
2290 5319 2638 5392 agendarum,
2663 5321 2777 5376 sive
2807 5320 2858 5374 in
2882 5319 3100 5383 divinis,
3129 5319 3243 5370 sive
3264 5314 3316 5367 in
3350 5326 3521 5366 saecu-

1931 5417 2150 5474 laribus.
2181 5414 2287 5471 Sed
2313 5430 2434 5471 cum
2461 5412 2583 5469 fons
2609 5417 2679 5468 sit
2699 5421 2754 5468 et
2778 5411 2929 5483 origo
2951 5419 3005 5467 et
3033 5404 3330 5480 principale
3359 5416 3520 5458 omne

2021 5622 2080 5763 ἐξ
2500 5684 2834 5759 ingeniosam
2883 5676 3136 5736 Victorini
3193 5675 3520 5743 interpreta-

1931 5767 2161 5822 tionem.
