4106 6184
731 224 865 285 1251

1988 223 2179 286 MAR"
2220 224 2563 285 VICTORINI
2599 217 2764 285 AFRI
3749 255 3815 311 ma

728 347 869 415 ψιοά
893 355 1158 412 movetur,
1185 346 1385 403 idcirco
1413 360 1572 417 supra
1589 361 1808 403 omnem
1833 350 2191 418 principatum
2221 363 2315 417 po-
2342 351 2393 410 Α
2418 349 2832 418 appellationem
2867 349 2951 405 vel
2993 349 3377 418 substantiam,
3407 355 3479 408 vel
3505 360 3720 424 quamlibet
3742 364 3824 423 decc

729 443 862 495 situs
890 447 973 493 est
994 434 1263 506 Christus,
1292 448 1348 494 ut
1366 454 1528 509 supra
1557 454 1774 494 omnem
1801 439 2320 509 potestatem.Aliud

725 542 900 585 autent
927 530 1257 601 principatus
1286 540 1390 597 est,
1420 531 1566 587 aliud
1594 542 1830 602 potestas
1856 549 1869 586 :
1903 532 2235 604 principatus
2265 532 2317 586 in

724 633 846 679 actu
872 636 977 691 est,
1002 633 1240 695 potestas
1266 625 1320 680 in
1350 628 1547 681 virtute
1572 639 1675 696 qua
1704 640 1826 681 esse
1858 636 2053 696 potest,
2087 641 2190 679 non
2213 639 2317 695 qua

718 719 829 787 jam
876 728 979 783 cst,
1031 718 1123 774 sed
1171 732 1274 788 qua
1320 718 1519 788 aliquid
1562 733 1685 773 esse
1728 727 1921 788 potest.
1958 715 2092 773 Cum
2137 726 2316 771 autem

722 810 966 866 Christus
1000 813 1110 881 ipsa
1154 810 1305 882 origo
1344 821 1426 866 εει
1468 813 1731 878 omnium,
1762 824 1814 867 et
1862 811 1914 866 in
1946 826 2011 866 co
2049 820 2133 867 est
2175 812 2316 881 quod

722 904 957 975 putentia
1000 914 1103 971 εει,
1129 918 1287 974 supra
1315 919 1527 959 omnem
1561 911 1646 960 est
1688 912 2030 975 potestatem.
2080 904 2319 975 Itemque

721 1015 840 1053 cum
872 997 987 1052 fons
1016 1000 1086 1053 sit
1116 998 1352 1053 omnium
1385 1009 1635 1065 actuum;
1678 1007 1830 1054 actus
1856 1007 2034 1054 autem
2060 1007 2144 1054 est
2171 998 2319 1070 prin-

720 1092 957 1159 cipatns;
981 1105 1142 1161 supra
1164 1106 1378 1146 omnem
1404 1092 1757 1161 principatum
1779 1100 1879 1145 est.
1905 1091 2035 1146 Item
2060 1091 2313 1161 quoniam

720 1182 832 1236 sive
857 1198 977 1237 cum
1011 1192 1115 1249 est,
1145 1193 1201 1239 et
1230 1192 1406 1253 potest
1428 1197 1548 1239 esse
1572 1182 1718 1239 aliud
1750 1182 1817 1238 ad
1848 1186 2045 1253 ipsum,
2078 1187 2314 1253 potentia

717 1285 821 1339 est,
853 1286 905 1329 ει
932 1287 1104 1345 potest
1126 1286 1250 1332 ante
1279 1290 1437 1347 quam
1466 1279 1609 1333 actio
1631 1285 1736 1343 est,
1762 1290 1883 1331 esse
1909 1290 2068 1345 supra
2096 1289 2314 1331 omnem

718 1371 1026 1435 actionem;
1074 1372 1124 1424 in
1172 1369 1254 1424 his
1282 1370 1532 1425 omnibus
1560 1370 1650 1427 vel
1681 1370 1732 1424 in
1764 1369 2084 1440 principatu,
2127 1370 2214 1423 vel
2260 1369 2315 1424 in

719 1470 983 1531 potestate
1004 1462 1174 1518 virtus
1201 1472 1312 1517 est:
1347 1461 1398 1517 id
1432 1473 1511 1517 εει
1544 1469 1600 1516 ει
1644 1471 1767 1517 ante
1809 1471 2023 1527 actum;
2056 1470 2114 1515 ut
2142 1460 2315 1532 possit

716 1569 837 1609 esse
867 1561 921 1608 et
950 1554 1065 1624 ipse
1097 1554 1449 1625 principatus.
1485 1553 1689 1609 Idcirco
1719 1555 1974 1624 quoniam
2002 1567 2166 1623 supra
2199 1554 2315 1608 inec

714 1651 892 1701 omnia
933 1657 1015 1702 est
1052 1648 1318 1713 Christus,
1363 1658 1419 1704 et
1447 1657 1529 1703 est
1571 1662 1732 1720 supra
1777 1663 1992 1703 onmem
2035 1648 2310 1712 virtutem,

2425 444 2940 510 pronuntiationem,
2972 453 3027 498 et
3048 443 3357 501 eﬂ‘ationem
3388 446 3475 519 (l).

2496 533 2564 589 Et
2594 535 2765 589 omnia
2795 536 3006 605 subjecit
3030 537 3245 607 pedibus
3265 538 3396 608 ejus.
3430 538 3578 595 Multis
3595 552 3637 596 el
3653 547 3758 601 rariis
3774 564 3827 603 uo-

2420 626 2504 680 dis
2534 642 2636 681 una
2681 629 2847 682 virtus
2888 629 3204 701 intelligitur
3227 671 3241 696 ,
3291 646 3409 701 qua:
3448 632 3646 689 Christus
3676 647 3747 701 est,
3775 643 3828 694 site

2422 728 2620 785 motus,
2651 720 2767 774 sive
2814 721 3066 783 verhum,
3100 722 3213 776 sive
3259 720 3493 776 Christus
3531 726 3686 790 primus
3718 731 3833 784 unitu-

2420 816 2567 879 salis,
2601 830 2697 885 per
2723 831 2879 885 quem
2912 815 3092 870 omnia
3128 817 3282 879 ﬁunt,
3318 815 3446 871 facta
3471 826 3593 882 sunt,
3622 818 3831 876 futurumst

2420 906 2611 960 Merito
2635 921 2764 977 ergo
2809 908 2990 961 omnia
3018 908 3253 975 subjecit
3293 908 3430 963 Deus
3462 909 3550 963 sub
3577 910 3741 979 pedibus
3769 914 3835 983 cits

2420 996 2630 1052 Etenim
2662 999 2968 1068 progressio
2987 1014 3017 1052 a
3044 999 3154 1054 Deo
3189 997 3452 1063 Christus,
3478 1009 3526 1054 et
3546 1018 3621 1069 per
3634 1010 3837 1072 cunctam

2417 1089 2624 1159 gressio
2658 1089 2904 1145 Christus
2942 1099 3046 1156 est,
3074 1102 3128 1145 et
3169 1092 3349 1145 omnia
3378 1105 3489 1160 qua:
3515 1103 3840 1160 provenerunt.u

2418 1195 2538 1249 qua:
2561 1180 2792 1236 redeunt
2818 1181 2872 1235 in
2908 1182 3100 1247 Deum,
3138 1182 3307 1252 ipsius
3339 1183 3554 1251 potentia
3582 1183 3838 1240 redeuntltta

2423 1271 2503 1343 (2)
2531 1287 2660 1344 ergo
2688 1275 2869 1328 omnia
2898 1272 3111 1330 actione
3139 1273 3383 1344 subjecta
3408 1286 3516 1329 sunt
3540 1275 3623 1330 sub
3643 1277 3841 1347 peduciu

2417 1362 2486 1417 Et
2526 1365 2695 1433 ipsum
2738 1364 2877 1418 dedit
2917 1374 3073 1434 caput
3108 1381 3262 1437 super
3289 1381 3483 1419 omnem
3511 1365 3743 1422 Ecclesium.
3768 1368 3841 1422 ltiti

2418 1457 2740 1523 Ecclesiam,
2771 1473 2961 1514 omnes
2990 1462 3199 1513 animas
3226 1460 3429 1515 dicunt.
3456 1461 3579 1533 Ergo
3601 1461 3842 1532 CitriSilBJlii

2417 1550 2636 1619 spiritus
2663 1560 2770 1616 est,
2803 1566 2898 1620 per
2923 1566 3085 1618 quem
3129 1552 3326 1606 animm
3374 1553 3529 1608 Deum
3569 1563 3843 1622 cognoscente

2416 1644 2687 1714 spiritales
2715 1642 3045 1710 efﬁciuntur,
3077 1655 3132 1701 et
3152 1646 3445 1701 liberantur
3464 1663 3490 1700 a
3507 1648 3713 1718 qualitate
3731 1652 3843 1705 anima.

716 1740 838 1793 inde
862 1742 1114 1810 quoniam
1145 1756 1333 1795 omnes
1357 1742 1463 1797 illa:
1494 1751 1783 1812 potestates
1805 1743 1887 1797 vel
1917 1741 2201 1796 mundana:
2224 1741 2314 1797 vel
2344 1736 2394 1797 B
2421 1745 2478 1789 ul
2502 1736 2612 1804 iam
2641 1751 2748 1790 non
2770 1745 3067 1802 mittentur,
3096 1753 3272 1808 neque
3304 1749 3363 1793 ut
3392 1738 3631 1804 labantur,
3653 1740 3845 1809 ultimat-

713 1835 965 1889 coclestes
993 1837 1075 1889 vel
1106 1835 1241 1891 ultra
1271 1836 1324 1891 in
1352 1837 1590 1903 internis,
1621 1836 1705 1891 vel
1735 1850 1923 1892 omnes
1953 1837 2305 1908 principatus,

712 1927 793 1981 vel
826 1942 1013 1982 eximes
1059 1927 1283 1983 virtutes
1315 1942 1435 1998 qua!
1476 1928 1900 1983 dominationem
1945 1937 2127 1984 tenent
2165 1929 2306 1983 circa

712 2035 875 2073 unam
930 2035 1155 2091 qucque
1209 2019 1291 2093 (l)
1344 2022 1486 2075 enim
1532 2019 1899 2075 dominantur.
1942 2020 2085 2075 Fons
2127 2031 2305 2076 autem

706 2113 953 2168 Christus
997 2122 1080 2169 est
1126 2115 1366 2169 omnitun
1392 2132 1407 2168 :
1438 2113 1634 2169 exinde
1675 2113 1816 2167 enim
1864 2115 2065 2178 omnia,
2108 2113 2308 2183 quippe

706 2206 795 2276 qui
825 2215 977 2276 pater
997 2207 1161 2263 totius
1185 2216 1363 2262 motus
1389 2215 1506 2273 est;
1532 2217 1586 2262 et
1609 2208 1724 2260 luce
1745 2206 1926 2261 omnia
1948 2216 2126 2261 motus
2152 2214 2304 2272 sunt;

708 2302 868 2354 etiam
900 2314 1059 2370 supra
1084 2300 1509 2356 dominationem
1538 2315 1754 2356 otnuem
1786 2299 2031 2355 Christus
2060 2308 2164 2356 εει.

784 2391 847 2445 Et
876 2409 1025 2446 onme
1039 2408 1241 2446 nomen.
1282 2392 1473 2447 Omnia
1486 2393 1697 2462 quidem
1718 2394 1933 2447 nomina
1952 2407 1982 2446 a
2000 2392 2311 2463 posteriori-

705 2484 803 2538 ints
821 2485 1037 2539 inventa
1063 2492 1208 2551 sunt,
1242 2493 1296 2539 et
1308 2485 1539 2539 maxime
1552 2484 1620 2538 ab
1641 2483 1725 2537 his
1742 2483 1904 2553 quiin
1924 2484 2124 2538 mundo
2156 2493 2304 2549 sunt,

702 2579 786 2631 vel
801 2577 1104 2632 hominibus
1117 2578 1200 2632 vel
1219 2576 1529 2647 angelis,vel
1548 2576 2134 2646 potestatibus.Etenim
2149 2585 2309 2632 teter—

701 2686 764 2724 n.
785 2668 872 2724 illa
893 2671 1094 2736 omnia,
1112 2683 1198 2724 res
1220 2671 1349 2739 ipsm
1369 2678 1515 2736 sunt,
1529 2677 1583 2722 et
1596 2669 1846 2739 potentim
1860 2669 2122 2735 viventes,
2139 2679 2305 2725 teter-

699 2778 803 2829 nzc,
825 2764 1200 2833 intelligentes,
1225 2777 1341 2832 quae
1360 2761 1783 2817 substantialitcr
1798 2762 2300 2834 cognoscunturﬁ).

696 2852 911 2908 Nullum
944 2854 1101 2924 igitur
1130 2854 1199 2908 ibi
1231 2869 1426 2909 nomen
1466 2866 1569 2920 est,
1601 2854 1697 2909 sed
1737 2855 1952 2909 nomina
1992 2852 2094 2907 illis
2125 2854 2304 2908 addita

698 2955 884 3000 nostro
899 2945 1315 3010 vocabulosunt,
1330 2948 1413 3000 vel
1430 2958 1608 3001 neatra
1628 2947 1827 3018 lingua,
1847 2945 1927 3002 vel
1945 2954 2003 3001 ut
2016 2945 2125 3000 dixi
2141 2961 2308 3017 ange-

699 3036 896 3101 lorum,
918 3052 1105 3093 eorum
1124 3045 1303 3094 tamen
1326 3038 1416 3109 qui
1448 3037 1719 3093 inmundo
1746 3046 1891 3092 sunt.
1925 3038 2092 3093 Porro
2120 3044 2299 3094 autem

2411 1829 2594 1884 ritales
2620 1828 2776 1884 factae
2794 1845 2887 1899 per
2912 1830 3163 1900 spiritum
3192 1830 3484 1899 Christum,
3511 1833 3559 1888 in
3583 1849 3705 1904 quem
3724 1836 3843 1888 credes

2413 1932 2514 1987 tes,
2543 1923 2855 1992 spiritaliter
2896 1926 3162 1992 sentiunt,
3192 1934 3249 1980 et
3287 1927 3369 1981 sic
3415 1929 3464 1980 in
3509 1927 3588 1981 Dei
3624 1929 3842 1995 cognitiones

2414 2016 2660 2074 veniunt.
2691 2016 2806 2072 Hoc
2846 2017 3010 2072 modo
3036 2018 3286 2074 Christus
3317 2028 3479 2089 caput
3517 2028 3591 2075 est
3610 2036 3844 2086 stipam

2412 2107 2722 2175 Ecclesium,
2746 2126 2866 2181 quin
2888 2120 2971 2166 est
2988 2127 3188 2183 corpus
3208 2113 3374 2167 illius.
3401 2113 3615 2169 Ecclesia
3634 2114 3766 2174 omnis.
3781 2114 3842 2166 itu

2411 2204 2584 2257 omnis
2611 2204 2815 2267 anima,
2856 2204 2951 2260 sed
2979 2205 3259 2270 salvanda,
3290 2215 3346 2259 et
3377 2205 3501 2261 inde
3534 2204 3845 2260 substantiam:-

2411 2295 2544 2350 hens
2572 2296 2641 2351 de
2669 2296 2907 2361 mternis,
2940 2312 3036 2368 per
3062 2313 3221 2368 quam
3249 2300 3435 2369 vigent
3458 2299 3647 2363 omnis;
3669 2299 3846 2353 etsietsi-

2412 2404 2506 2446 nes
2548 2391 2739 2446 animm
2769 2408 2866 2462 per
2891 2390 3162 2447 Christum
3211 2395 3372 2449 sicuti
3423 2391 3844 2464 l'rcquenterdixiuts

2412 2482 2553 2554 Ergo
2580 2499 2739 2539 omne
2768 2499 2964 2554 corpus
2980 2482 3179 2540 Christi
3208 2487 3394 2541 anima
3418 2496 3502 2542 est
3525 2488 3670 2541 omais
3684 2498 3779 2553 quam
3796 2496 3849 2534 ec-

2409 2579 2628 2634 clesiam
2653 2581 2968 2634 nominavit.
2990 2577 3263 2635 Plenitudo
3277 2582 3416 2649 ejus,
3438 2582 3487 2636 id
3506 2589 3585 2636 est
3601 2581 3685 2650 ipsa
3698 2575 3846 2632 Ecclesia.

2409 2689 2527 2743 qua:
2549 2687 2744 2742 corpus
2772 2678 2861 2728 est
2902 2672 3065 2727 illius.
3098 2673 3390 2729 Plenitudo
3436 2682 3518 2730 est
3539 2673 3657 2742 ejus,
3677 2672 3737 2739 qui
3752 2666 3848 2722 omnia

2410 2768 2461 2820 in
2491 2765 2740 2820 omnibus
2783 2765 3130 2838 adimpletur.
3172 2765 3427 2822 Christus
3464 2767 3699 2838 plenitudo
3725 2761 3845 2827 estis

2408 2861 2583 2914 omnis
2604 2859 2879 2928 plenitudo
2898 2859 3245 2931 adimpletur.
3267 2860 3447 2918 Omne
3471 2873 3633 2918 autem
3649 2856 3850 2931 quotlibe-

2409 2951 2603 3019 pletur,
2634 2950 2957 3006 exinanitur.
2985 2951 3231 3007 Christus
3258 2964 3443 3009 autem
3482 2963 3537 3009 et
3562 2952 3781 3009 exinanitis
3794 2956 3845 3007 esi.

2405 3043 2489 3097 vel
2519 3042 2636 3113 ipse
2664 3057 2724 3098 se
2752 3044 3068 3112 exittanivit,
3101 3053 3156 3100 et
3185 3060 3380 3100 rursus
3408 3046 3703 3115 recuperatis
3716 3039 3847 3096 cum

694 3145 815 3185 cum
861 3131 951 3186 ille
979 3131 1226 3188 Christus
1263 3134 1485 3202 spiritus
1526 3130 1741 3187 divinus
1769 3141 1826 3188 et
1849 3143 2070 3188 sanctus
2094 3142 2153 3188 et
2196 3134 2289 3189 Dei
2319 3126 2365 3190 C
2397 3150 2493 3205 per
2536 3136 2853 3206 mySterium
2885 3137 3210 3207 salvatisque
3249 3137 3454 3193 animis
3498 3136 3736 3198 universis,
3763 3129 3847 3183 alii

692 3222 831 3277 illius
865 3222 979 3279 lucc
1037 3226 1252 3280 nomina
1292 3240 1319 3279 a
1351 3226 1507 3280 nobis
1541 3228 1788 3297 accipiat,
1818 3227 1953 3282 ultra
1990 3235 2075 3282 est
2107 3235 2288 3283 tamen

691 3330 850 3384 quam
890 3316 1009 3370 haec
1038 3317 1216 3371 omnia
1260 3318 1517 3372 vocabula
1565 3318 1875 3374 viderentur
1899 3318 2172 3389 imposita.
2218 3319 2287 3374 Et

691 3407 906 3477 quidem
946 3412 1180 3479 quodam
1230 3411 1347 3465 loco
1397 3410 1669 3481 tetigimus
1715 3411 1856 3482 quod
1891 3427 2086 3468 nomen
2126 3426 2290 3468 omne

692 3512 806 3570 post
838 3503 1076 3571 genitum
1118 3512 1220 3572 est,
1269 3513 1324 3558 et
1362 3515 1444 3559 est
1472 3504 1524 3557 in
1574 3504 1705 3574 ipsis
1734 3504 2040 3560 nominibus
2088 3520 2286 3562 nomen

690 3594 1009 3663 principale,
1055 3595 1197 3665 quod
1239 3610 1367 3652 vere
1409 3610 1571 3667 supra
1610 3600 1793 3651 omnia
1836 3597 2052 3652 nomina
2095 3606 2202 3664 est,
2234 3608 2289 3654 et

690 3686 834 3741 unde
853 3687 1033 3741 omnia
1062 3689 1276 3744 nomina
1304 3700 1450 3755 sunt,
1483 3689 1626 3759 quod
1662 3704 1835 3760 grmce
1867 3687 1935 3745 ὢν
1961 3689 2160 3745 dicitur
2183 3692 2282 3762 (3).

691 3782 760 3833 At
790 3794 920 3833 vero
941 3778 1188 3836 Christus
1213 3790 1267 3836 et
1290 3796 1450 3851 supra
1483 3783 1655 3852 ipsum
1687 3781 1755 3837 ὧν
1787 3791 1870 3838 εει
1897 3799 1911 3835 :
1942 3798 2072 3854 ergo
2101 3792 2157 3837 et
2196 3798 2288 3837 sn-

690 3889 784 3944 pra
812 3874 992 3929 omnia
1024 3873 1260 3927 nomina.
1294 3874 1401 3929 Sed
1429 3874 1557 3929 illud
1594 3874 1661 3931 ὢν
1684 3876 1735 3929 in
1763 3876 1978 3931 internis
2006 3888 2128 3942 est;
2158 3887 2210 3931 et
2239 3876 2285 3930 si

688 3966 741 4021 in
772 3965 991 4021 :cteruis
1020 3974 1124 4031 est,
1157 3973 1211 4020 et
1227 3962 1474 4021 Christus
1490 3979 1648 4036 supra
1665 3965 1731 4021 at
1743 3977 1846 4032 εει,
1866 3969 2060 4023 merito
2080 3967 2283 4023 dictum

686 4075 847 4131 supra
878 4074 1039 4116 omne
1070 4063 1448 4131 nomen,qu
1463 4060 2079 4117 nominaturnonsnlum
2108 4061 2157 4114 in
2184 4061 2284 4117 hoc

687 4156 907 4222 smcuio,
927 4156 1019 4212 sed
1043 4157 1206 4212 etiam
1226 4158 1276 4212 in
1295 4166 1493 4212 tuturo.
1512 4156 1704 4211 Acrius
1723 4164 1777 4209 et
1798 4156 2040 4210 acutius:
2065 4155 2282 4209 nomina

686 4252 828 4306 enim
855 4251 965 4320 jam
992 4251 1129 4306 iacta
1142 4253 1322 4307 omnia
1346 4260 1631 4322 sunt,qute
1658 4266 1756 4322 per
1799 4252 2130 4307 intellectum
2156 4252 2279 4321 litigi

684 4352 978 4416 potuerunt
1022 4343 1089 4398 ad
1134 4345 1538 4414 expressionem
1580 4358 1763 4398 earum
1812 4359 1992 4398 rerum
2034 4356 2167 4414 quas
2196 4342 2276 4415 (4)

684 4438 1043 4509 intelligemus
1063 4438 1321 4508 cepimus.
1351 4435 1460 4493 Sed
1484 4434 1735 4506 quoniam
1762 4434 1928 4491 multa
1957 4434 2132 4490 futura
2154 4444 2281 4489 sunt

2394 3228 2570 3297 pietur
2613 3227 2675 3287 in,
2694 3229 2965 3283 omnibus.
3001 3226 3129 3284 Ideo
3172 3244 3302 3300 ergo
3340 3221 3849 3299 plenitudoesLSedi'!

2393 3322 2604 3378 locutus
2628 3333 2712 3378 est
2741 3323 2961 3391 Paulus,
2995 3335 3052 3379 ut
3089 3325 3297 3381 diceret
3330 3326 3624 3381 Ecclesium
3647 3316 3846 3389 carpunt"

2392 3429 2531 3480 esse;
2557 3415 2710 3486 cujus
2727 3416 2809 3486 (5)
2836 3417 3112 3486 plenitudo
3128 3426 3228 3484 est,
3260 3418 3438 3486 inquit
3465 3436 3478 3471 :
3505 3426 3558 3471 et
3582 3409 3850 3487 pleniudoeiﬁ

2391 3519 2494 3572 est,
2524 3510 2610 3580 qui
2642 3511 2820 3565 omnia
2854 3510 2905 3565 in
2934 3512 3186 3566 omnibus
3206 3511 3553 3582 adimpletur.
3587 3510 3652 3563 De
3665 3497 3847 3562 duobusiﬁ

2390 3604 2593 3668 verbis,
2624 3603 2956 3672 plenitudine
2993 3612 3049 3658 et
3074 3606 3401 3675 capacitate,
3437 3603 3493 3659 in
3519 3603 3630 3658 aliis
3660 3599 3850 3655 libris"e

2389 3694 2692 3750 diSIinctius
2719 3703 2773 3750 et
2803 3695 3011 3765 plenius
3034 3695 3364 3766 explicatum
3398 3706 3505 3752 est.
3535 3684 3847 3761 Qucmadnm

2391 3786 2537 3842 Deus
2574 3787 2852 3857 plenitudo
2883 3796 3088 3843 tantum
3109 3787 3212 3860 (4).
3239 3788 3684 3860 quemadmodum
3700 3781 3850 3838 cuius

2388 3886 2443 3933 et
2465 3879 2734 3949 capacitas
2759 3889 2813 3934 et
2836 3879 3135 3950 plenitudo.
3167 3880 3292 3936 Haec
3330 3881 3522 3937 omnia
3548 3880 3611 3934 ad
3632 3871 3849 3946 magniﬁce-

2388 3972 2513 4026 tiam
2541 3971 2739 4026 Christi
2771 3979 2828 4027 et
2873 3970 2940 4026 ad
2967 3972 3261 4042 potentiam
3302 3971 3456 4027 dicta
3506 3972 3604 4027 hoc
3644 3974 3780 4039 agunt.
3804 3960 3852 4012 ιιι

2388 4063 2635 4134 probant,
2670 4063 2803 4117 nihil
2826 4062 2962 4118 ultra
2988 4062 3392 4133 accipiendum,
3423 4063 3556 4118 nihil
3581 4069 3709 4116 extra
3726 4050 3851 4110 sentia-

2385 4156 2545 4223 dum;
2576 4171 2642 4211 ac
2673 4166 2953 4227 proriterea
2986 4173 3170 4213 errare
3192 4157 3486 4227 Ephesios,
3517 4158 3561 4213 si
3578 4154 3852 4228 quidpiam

2384 4248 2697 4320 adiungant,
2721 4256 2775 4302 et
2794 4264 2863 4304 ex
2881 4248 3125 4304 doctrina
3154 4250 3237 4304 vel
3263 4249 3580 4305 indecorum
3601 4247 3675 4301 vel
3695 4237 3849 4298 mundi!1

2382 4339 2651 4396 associcnt
2676 4358 2689 4392 :
2723 4340 2866 4397 unde
2893 4338 2958 4396 ad
2987 4340 3206 4396 eosdem
3237 4356 3386 4397 nunc
3417 4341 3581 4407 redit,
3608 4332 3853 4409 utquamir

2383 4440 2494 4497 net,
2518 4430 2627 4501 jam
2654 4431 2708 4486 in
2736 4430 3014 4487 Christum
3041 4441 3311 4502 receptos,
3340 4440 3403 4487 et
3420 4432 3682 4487 Christum
3704 4421 3853 4488 W

683 4503 943 4599 nova,'et-
969 4533 1020 4588 in
1054 4503 1144 4588 illo
1188 4532 1388 4589 smeulo
1436 4503 1603 4601 magis
1629 4545 1793 4598 nova,
1832 4529 1975 4599 quod
2018 4529 2276 4584 sarculum
2304 4514 2359 4575 D
2385 4530 2487 4585 tea.
2520 4522 2654 4576 nihil
2695 4523 2839 4577 aliud
2866 4538 3029 4593 quam
3076 4523 3475 4594 plenitudinem
3504 4520 3689 4578 Christi
3715 4503 3854 4589 (δμῶ’

684 4625 919 4680 futurum
944 4634 1046 4688 est,
1076 4640 1196 4681 cum
1221 4624 1597 4681 iudicabuntur
1621 4623 1835 4688 omnia;
1868 4620 2062 4691 quibus
2090 4621 2276 4690 utique

681 4718 841 4769 relms
871 4716 1108 4772 nondum
1140 4717 1390 4786 cognitis,
1425 4716 1641 4771 nomina
1663 4714 1901 4770 nondum
1931 4731 1959 4766 a
1990 4713 2145 4768 nobis
2174 4713 2277 4767 im-

681 4807 852 4874 posita
878 4818 1032 4874 sunt;
1065 4823 1239 4880 neque
1274 4808 1417 4864 enim
1460 4817 1719 4879 possunt;
1764 4807 1963 4878 quippe
1991 4820 2111 4861 cum
2149 4815 2272 4861 uota

679 4912 787 4951 non
814 4898 952 4964 sint;
983 4915 1143 4970 supra
1170 4903 1281 4971 ipsa
1303 4916 1517 4973 quoque
1538 4901 1758 4956 nomina
1785 4916 1907 4971 quae
1940 4899 2121 4954 futura
2148 4907 2274 4954 sunt

679 4992 998 5061 prmpositus
1038 5001 1122 5047 est
1165 4993 1448 5048 Christus:
1479 4994 1550 5047 ita
1590 5000 1647 5049 et
1683 4993 1737 5048 in
1778 4991 1942 5048 rebus
1972 4993 2179 5061 primus
2207 5004 2272 5046 ac

675 5097 940 5149 Samium,
959 5084 1169 5153 quando
1185 5099 1345 5155 supra
1367 5098 1557 5139 eomes
1577 5093 1891 5154 potestates,
1914 5083 2268 5154 principatus,

676 5188 728 5233 et
752 5178 977 5248 reliqua.
1005 5174 1100 5230 Est
1124 5191 1283 5247 supra
1304 5176 1483 5232 omnia
1506 5177 1745 5244 nomina,
1766 5176 1983 5248 quando
2005 5186 2059 5232 ει
2083 5177 2139 5232 in
2164 5175 2270 5231 hoc

674 5269 874 5326 szrculo
913 5267 1120 5324 nullum
1151 5282 1345 5324 nomen
1384 5269 1438 5324 ei
1482 5266 1677 5322 merito
1703 5267 1965 5337 applicari
1994 5267 2186 5338 possit,
2212 5276 2271 5323 et

674 5361 853 5418 omnia
882 5376 1002 5432 qua}
1042 5358 1218 5415 futura
1258 5367 1382 5414 sunt
1410 5358 1651 5424 nomina,
1682 5359 1822 5413 intra
1862 5359 1982 5428 ejus
2004 5369 2136 5415 sunt
2178 5359 2263 5415 vel

741 5520 820 5593 (l)
858 5521 934 5593 Ita
966 5538 1187 5593 prorsus
1214 5522 1409 5592 legitur
1434 5521 1490 5575 in
1518 5519 1678 5576 codd.

725 5589 821 5663 '(2)
860 5589 1029 5666 Codd.
1062 5589 1435 5666 cognoscentes.

747 5666 823 5735 (ε)
865 5664 1032 5735 Exod.
1062 5663 1150 5731 ut;
1182 5663 1269 5719 is.

732 5734 821 5805 (At)
862 5734 1028 5791 Codd.
1058 5751 1185 5804 quae.
1220 5736 1333 5792 Nisi
1361 5736 1530 5792 mavis
1553 5735 1753 5792 referre
1778 5736 1844 5791 ad
1876 5737 2113 5792 nomina.

2382 4630 2512 4686 pere
2536 4614 2753 4671 debere.
3847 4688 3854 4695 .

2453 4709 2606 4765 CAP.
2636 4709 2703 4765 ii.
2721 4739 2789 4751 —
2806 4710 2973 4767 Vsus.
3010 4712 3063 4779 l,
3084 4711 3140 4766 2.
3162 4742 3236 4752 —
3265 4711 3329 4767 Et
3356 4728 3449 4767 nos
3466 4726 3581 4766 cum
3607 4704 3856 4764 malum

2381 4800 2583 4856 delictis
2608 4812 2656 4855 et
2681 4803 2901 4873 pereatis
2944 4805 3144 4870 vestris,
3167 4804 3225 4858 in
3266 4804 3459 4874 quibus
3487 4797 3737 4874 aliquandi?
3765 4788 3857 4843 ai"

2377 4893 2520 4948 lastis
2544 4895 2826 4948 secundum
2851 4896 3097 4951 naculum
3117 4895 3276 4966 hujus
3300 4896 3511 4960 mundi,
3540 4891 3773 4951 secundum

2375 4985 2538 5053 cipem
2562 4988 2823 5055 potestatis
2847 4989 3001 5055 aeris,
3028 4989 3240 5059 spiritus
3262 4992 3349 5060 qui
3378 4998 3623 5060 operatur
3646 4988 3692 5041 in
3714 4981 3802 5051 ﬁliis
3821 4977 3855 5039 li"

2374 5076 2695 5147 difﬁdentia.
2732 5077 2900 5133 'l‘otus
2948 5080 3034 5134 hic
3078 5095 3268 5135 sensus
3308 5082 3622 5154 jungendus
3658 5083 3743 5137 est.
3771 5060 3859 5125 διὰ

2373 5170 2622 5240 Ephesiis
2649 5170 2793 5243 quod
2825 5172 2877 5226 in
2900 5173 3137 5242 peccatis
3164 5172 3354 5230 fuerint
3383 5192 3401 5241 ;
3432 5185 3493 5232 et
3510 5175 3577 5231 de
3603 5187 3658 5229 se
3678 5154 3858 5239 ipse!"

2376 5260 2572 5318 Paulus
2598 5261 2653 5317 in
2687 5262 2971 5320 desideriis
3007 5263 3186 5321 carnis
3224 5276 3278 5322 et
3300 5266 3359 5323 in
3393 5266 3636 5325 consiliis
3662 5252 3858 5319 ratiumii

2449 5383 2527 5453 (l)
2569 5383 2643 5438 ita
2673 5384 2830 5440 codd.

2448 5455 2529 5525 (Ξ)
2564 5455 2736 5510 Codd.
2769 5456 2923 5525 idern,
2956 5467 3016 5513 ut
3040 5460 3189 5516 alibi.

2445 5525 2527 5600 (ὅ)
2569 5525 2752 5600 Codd.
2773 5530 3036 5600 cujusque.

2446 5596 2527 5669 (i)
2569 5596 2626 5651 In
2657 5596 3105 5669 coddfrepetitur
3132 5602 3422 5669 plenitudo.

2442 5668 2525 5740 (5)
2566 5668 2735 5740 Codd.
2768 5668 3083 5738 plenitudine
3109 5668 3395 5728 Christum.

2446 5738 2525 5808 (ti)
2570 5738 2748 5810 Vulg.,
2781 5743 2833 5795 in
2862 5742 3015 5806 ﬁlios.
