4106 6184
216 251 345 307 1255

1062 250 1127 306 IN
1167 249 1549 308 EPIS'I‘OLAM
1588 244 1794 303 PAULI
1827 246 1921 303 AD
1959 246 2292 305 EPttEStos
2328 234 2535 305 Lmen
2578 246 2619 305 ι.

3367 244 3504 309 125i

215 367 383 421 fuerit.
431 365 545 432 llis,
588 367 828 436 inquam,
859 365 1132 432 omnibus,
1171 364 1501 437 jungendum
1542 374 1627 420 est
1667 362 1793 417 illud
1824 361 1879 423 A
1901 375 2092 419 cussus
2122 362 2226 437 (1).
2254 363 2389 420 Nam
2418 379 2539 419 cum
2571 374 2726 435 poela
2758 364 2838 439 (2)
2870 374 3152 422 ventorum
3176 367 3507 424 describeret

214 460 345 530 quod
379 460 538 524 Dcus,
566 461 651 530 qui
683 459 832 515 dives
858 471 941 514 est
973 461 1022 513 in
1051 461 1441 525 misericordia,
1475 459 1654 515 salvos
1677 475 1797 512 (ιιιι⁶

214 569 305 609 nes
334 553 539 621 fecerit,
567 563 621 608 et
651 553 823 623 ipsum
851 552 1097 619 Paulum,
1130 563 1184 608 et
1212 552 1495 622 Ephesios.
1526 552 1615 607 Sic
1648 552 1796 606 enim

214 646 498 711 concludit,
528 646 681 716 cujus
704 648 873 717 gratia
900 651 1031 701 estis
1070 646 1200 700 salvi
1234 644 1376 710 facti,
1410 661 1529 700 cum
1561 645 1802 700 ambula-

215 737 341 793 retis
363 736 557 792 mortui
577 737 785 792 delictis
806 754 820 803 ;
845 748 900 792 et
922 753 1017 792 vos
1036 754 1157 792 cum
1181 738 1582 793 ambulaveritis
1602 737 1799 791 mortui

214 831 420 887 delictis
449 843 502 887 et
535 833 768 903 peccatis
796 834 1007 887 vestris.
1058 833 1390 903 Frequenter
1414 832 1621 897 monui,
1655 848 1803 887 mor-

219 934 318 980 tem
344 926 539 995 duplici
567 927 726 981 modo
754 928 941 996 accipi,
972 927 1115 980 illam
1142 942 1299 981 unam
1325 937 1527 992 uolatu,
1549 941 1671 981 cum
1699 926 1804 980 line

218 1021 424 1075 vivendi
450 1021 501 1074 in
533 1021 733 1076 nmudo
756 1022 934 1077 anima
965 1031 1243 1092 separatur
1267 1040 1295 1075 a
1324 1036 1588 1090 corpore;
1619 1020 1800 1084 aliam,

215 1130 333 1169 cum
360 1116 410 1169 in
442 1116 555 1184 ipso
580 1131 808 1187 corpore
837 1116 1150 1182 constituta,
1184 1114 1449 1171 desideria
1491 1114 1669 1169 carnis
1694 1113 1808 1183 agit

214 1217 369 1277 atque
397 1206 452 1262 in
482 1209 711 1276 peccatis
741 1209 887 1264 vivit.
934 1207 1052 1275 Vos,
1083 1209 1274 1280 inquit,
1309 1225 1425 1263 cum
1462 1208 1635 1263 essetis
1669 1223 1807 1261 mor-

216 1300 403 1356 tuizet
441 1300 743 1371 designavit
791 1302 977 1357 mortis
1006 1317 1199 1371 genus,
1250 1302 1446 1356 delictis
1494 1311 1540 1355 et
1588 1302 1808 1371 peccatis

215 1392 413 1460 vestris,
445 1393 496 1447 in
516 1394 696 1462 quibus
722 1393 998 1464 aliquando
1022 1394 1324 1447 ambulastis
1341 1394 1621 1447 secundum
1646 1407 1810 1447 sarcu-

215 1485 321 1538 lum
348 1485 501 1558 hujus
532 1487 728 1541 mundi.
761 1487 1007 1543 Ostendit
1027 1503 1147 1558 qua:
1177 1497 1301 1541 sunt
1335 1497 1573 1556 peccata,
1602 1485 1813 1541 scilicet

216 1576 485 1634 desideria
518 1580 570 1633 in
624 1580 846 1645 mundo,
877 1580 945 1636 de
984 1580 1209 1645 mundo,
1240 1578 1571 1644 divitiarum,
1605 1578 1690 1633 vel
1718 1593 1811 1634 vo-

217 1671 435 1725 luntatis
462 1672 539 1726 vel
567 1673 805 1728 scientia:
825 1672 1128 1739 mundame,
1156 1672 1239 1728 vel
1261 1672 1535 1743 religionis
1563 1672 1631 1727 de
1658 1687 1812 1726 mun-

1903 466 2248 526 potestatem,
2277 476 2380 530 qua
2405 467 2624 529 possent
2651 460 2831 513 omnia
2863 459 3194 516 confundere
3223 461 3323 515 nisi
3352 476 3527 532 rege-.

1901 562 2108 616 rentur,
2131 553 2181 605 in
2209 567 2388 607 aerem
2408 553 2542 607 dixit
2561 561 2750 607 cuncta
2774 553 3036 619 converti,
3055 553 3099 608 si
3124 554 3263 609 venti
3279 552 3508 608 habeant

1904 642 2125 698 liberam
2159 654 2496 713 poteSIatem.

1998 758 2057 824 [fit
2080 759 2249 824 l‘aciat,
2276 760 2427 808 maria
2449 772 2507 809 ac
2532 768 2692 810 terras
2708 758 2986 824 etnlumque
3012 758 3302 823 profundum

1998 820 2190 885 Quippe
2215 822 2375 872 ferant
2400 824 2550 886 rapidi
2570 837 2762 887 secum,
2788 820 3090 886 verrantque
3119 836 3209 886 per
3232 837 3396 873 auras.

1907 925 2106 980 Horum
2130 928 2399 997 separatio
2427 928 2656 1001 singulo:
2674 945 2787 994 um,
2818 930 2998 985 mundi
3021 929 3306 1000 diSpositio
3328 947 3342 983 :
3368 930 3511 985 sicut

1907 1018 2120 1089 Moyses
2147 1019 2351 1082 docuit.
2390 1023 2480 1091 qui
2522 1023 2789 1091 separavit
2825 1038 2993 1093 aquas
3023 1024 3075 1078 in
3103 1024 3366 1093 principio
3408 1039 3508 1095 per

1917 1111 2011 1165 Dei
2044 1111 2303 1177 verbum;
2334 1114 2605 1181 separavit
2629 1122 2687 1168 et
2716 1123 2933 1179 terram.
2967 1116 3235 1185 separavit
3274 1125 3330 1172 et
3355 1116 3514 1187 spiri-

1913 1212 2045 1258 tum.
2100 1203 2241 1276 Ergo
2286 1205 2477 1261 merito
2524 1207 2764 1262 materiai
2810 1208 3072 1278 spiritus,
3101 1211 3242 1265 aeris
3282 1210 3504 1280 spiritus

1911 1297 2128 1353 dicitur.

1988 1388 2149 1446 Vens.
2178 1392 2230 1446 5.
2260 1421 2333 1432 -—
2361 1390 2427 1447 In
2459 1392 2639 1463 quibus
2668 1404 2714 1449 et
2744 1411 2836 1449 nos
2861 1411 3032 1450 omnes
3084 1395 3360 1462 aliquando
3390 1412 3513 1451 con-

1915 1484 2100 1537 versati
2120 1501 2317 1539 sumus.
2349 1486 2427 1542 Ne
2452 1487 2699 1558 injuriam
2727 1488 2977 1558 Ephesiis
3005 1490 3226 1559 faceret,
3249 1492 3340 1563 qui
3362 1492 3514 1548 dixe-

1916 1586 2000 1630 rat
2027 1594 2145 1632 cum
2187 1582 2361 1635 essetis
2388 1582 2577 1635 mortui
2614 1583 2811 1638 delictis
2850 1601 2910 1637 ac
2939 1587 3181 1655 peccatis,
3214 1587 3512 1642 secundum

1915 1670 2163 1740 spiritum
2189 1675 2332 1729 aeris
2359 1675 2730 1741 ambulantes;
2761 1677 3003 1746 adjunxit
3029 1679 3188 1733 etiam
3221 1694 3279 1733 se
3307 1690 3363 1734 et
3409 1694 3516 1735 ca:-

213 1765 309 1827 do,
357 1774 409 1817 et
457 1775 650 1820 caetera
696 1765 854 1836 hujus
902 1765 1086 1820 mundi
1131 1783 1250 1834 qua:
1296 1766 1529 1819 animam
1582 1764 1813 1834 perdunt
1844 1755 1888 1815 Β
1918 1772 2097 1831 teres;
2128 1773 2188 1819 ιιι
2214 1767 2502 1838 aliquando
2535 1770 2842 1824 conversati
2862 1786 3050 1825 omnes
3081 1772 3509 1826 sintsecundum

214 1866 483 1913 errantem
507 1874 536 1912 a
564 1861 787 1914 scientia
820 1862 1078 1916 veritatis.
1101 1860 1256 1927 Quod
1276 1873 1456 1914 autem
1483 1859 1620 1914 dixit
1648 1876 1814 1913 saxu-

215 1952 326 2007 lum
352 1952 503 2022 hujus
532 1954 731 2020 mundi,
760 1961 887 2008 sunt
904 1953 1049 2009 enim
1082 1964 1136 2009 et
1171 1954 1472 2022 superiora,
1505 1962 1559 2007 et
1588 1953 1679 2006 illa
1710 1967 1816 2006 sa:-

218 2043 341 2098 cula
372 2054 593 2107 aeterna,
641 2060 761 2114 qua:
805 2044 1074 2114 quomodo
1116 2043 1507 2113 intelligantur,
1557 2051 1614 2097 et
1655 2058 1815 2111 quam

219 2134 637 2204 signiﬁcantium
689 2136 939 2200 habeant,
965 2136 1083 2190 aliis
1111 2151 1140 2189 a
1172 2151 1257 2190 me
1286 2135 1435 2189 libris
1474 2141 1559 2190 est
1584 2134 1814 2204 replica-

222 2238 359 2283 tttm.
395 2228 663 2284 Samnium
689 2228 849 2300 hujus
874 2228 1057 2284 mundi
1084 2239 1263 2284 autem
1292 2230 1466 2283 omnis
1493 2229 1642 2299 regio
1664 2245 1819 2283 mun-

220 2320 386 2385 dana,
437 2321 516 2375 vel
560 2322 736 2377 omnis
775 2323 1027 2389 mundus,
1074 2323 1129 2377 in
1174 2323 1374 2377 tnuudo
1428 2334 1605 2378 motus
1637 2338 1819 2379 rerum

223 2424 440 2481 tempus
472 2413 668 2469 facietis
698 2423 752 2469 et
782 2415 1077 2470 involvens.
1109 2415 1224 2471 Non
1247 2415 1438 2471 eodem
1462 2416 1621 2470 modo
1649 2431 1823 2470 saecu-

220 2508 334 2561 lum
372 2507 424 2561 in
465 2508 684 2562 :etemis
703 2520 785 2563 est
812 2528 826 2563 :
857 2525 977 2565 esse
1020 2523 1199 2565 autem
1240 2521 1565 2566 aeternorum
1595 2511 1819 2577 smcula,

219 2601 389 2656 etiam
421 2601 618 2656 Paulus
647 2602 961 2669 declaravit,
992 2615 1046 2659 et
1074 2619 1265 2659 omnes
1304 2602 1580 2674 prophetae
1606 2621 1618 2657 :
1647 2603 1817 2673 siquia

217 2696 348 2751 dem
382 2695 578 2750 dicitur
613 2704 670 2750 et
697 2695 1004 2765 frequenter
1030 2696 1228 2751 dicitur
1262 2695 1550 2752 benedictus
1590 2694 1727 2748 Deus
1769 2695 1825 2748 in

217 2790 419 2844 uacula
446 2789 769 2843 saeculorum.
816 2789 1028 2844 Etenim
1071 2790 1328 2845 saeculum
1372 2790 1586 2854 linitur;
1628 2787 1826 2843 smcula

216 2894 410 2937 autem
455 2883 814 2949 saeculorum,
862 2892 919 2938 et
967 2882 1036 2938 de
1083 2883 1300 2937 aeternis
1354 2892 1408 2939 et
1461 2884 1514 2937 in
1556 2891 1820 2936 aeternum

212 2984 371 3034 sunt.

295 3070 606 3126 Secundum
649 3072 927 3143 principem
965 3072 1225 3143 potestatis
1264 3070 1420 3134 aeris,
1470 3069 1689 3139 spiritus
1738 3065 1829 3136 qui

1920 1858 2058 1913 hanc
2093 1860 2280 1925 vitam,
2314 1878 2474 1932 quam
2504 1862 2779 1934 subjungit
2816 1865 2869 1919 in
2901 1865 3166 1920 desideriis
3192 1866 3364 1920 carnis
3396 1881 3518 1920 nos-

1920 1962 2034 2017 trw,
2083 1953 2324 2018 facientes
2372 1954 2685 2010 uoluntatem
2729 1958 2900 2011 carnis
2947 1967 3137 2013 nostra:
3164 1968 3209 2012 et
3254 1959 3517 2013 consilio-

1920 2059 2033 2098 rum
2060 2044 2163 2117 (ὅ).
2201 2045 2327 2101 lla‘c
2353 2056 2477 2101 sunt
2518 2048 2660 2103 circa
2689 2064 2813 2120 quae
2855 2049 3016 2105 habet
3058 2051 3310 2121 princeps
3338 2061 3519 2120 potes-

1923 2136 2048 2191 tatis
2075 2138 2222 2192 aeris
2252 2140 2647 2207 operationem,
2695 2141 2791 2197 sed
2834 2142 2888 2196 in
2937 2142 3078 2197 lilios
3104 2142 3431 2209 dillidentes,
3463 2152 3524 2198 ut

1922 2227 2191 2285 desideria
2209 2233 2390 2285 carnis
2422 2231 2673 2297 habeant,
2705 2234 2904 2289 faciant
2938 2235 3118 2289 carnis
3162 2237 3519 2303 voluntatem,

1925 2332 1981 2377 et
2002 2322 2228 2378 consilia
2272 2325 2490 2379 carnis:
2523 2341 2644 2394 quze
2673 2327 2763 2397 qui
2812 2328 3091 2398 abjeccrit,
3115 2329 3225 2398 jam
3268 2329 3436 2384 Deum
3466 2336 3525 2385 et

1924 2417 2223 2484 cognoscit,
2252 2428 2307 2472 et
2334 2419 2614 2487 sequitur;
2651 2421 2784 2475 nihil
2804 2422 2869 2477 de
2891 2428 3073 2478 carnis
3098 2424 3352 2492 operibus
3376 2422 3528 2495 cogi—

1928 2515 2066 2564 tatis.
2102 2508 2172 2565 Et
2198 2526 2401 2566 eramus
2430 2514 2688 2568 naturales
2717 2513 2796 2586 (4)
2826 2517 2925 2584 ﬁlii
2944 2518 3055 2582 im,
3085 2518 3217 2572 sicut
3261 2528 3308 2571 et
3327 2520 3520 2574 ueteri.

1928 2600 2191 2669 Quoniam
2234 2615 2289 2659 et
2332 2607 2573 2663 consiliis
2614 2609 2795 2664 carnis
2834 2620 2887 2665 et
2916 2626 2982 2665 ex
3022 2610 3309 2668 desideriis
3341 2614 3527 2669 viven-

1931 2699 2014 2748 tes
2044 2692 2155 2765 (5);
2183 2712 2410 2762 eramus,
2438 2698 2631 2768 inquit,
2664 2700 2763 2768 ﬁlii
2797 2700 2890 2755 ira:
2915 2705 3209 2769 naturales;
3236 2703 3290 2759 id
3326 2715 3410 2761 est
3436 2720 3524 2761 se-

1904 2787 2165 2866 cundum
2194 2798 2438 2845 naturam
2469 2795 2649 2847 carnis
2676 2793 2839 2862 geniti
2863 2805 2917 2848 et
2943 2798 3220 2850 materne:
3248 2798 3361 2866 ipsa
3383 2799 3527 2853 enim

1932 2888 2121 2933 natura
2144 2888 2246 2935 est.
2276 2880 2393 2936 Non
2422 2884 2567 2938 enim
2595 2883 2833 2939 divinam
2866 2894 3112 2942 naturam
3149 2887 3401 2956 dicimus,
3432 2890 3530 2945 sed

1934 2986 2052 3027 eam
2084 2990 2203 3042 qua:
2231 2975 2502 3032 mundana
2543 2986 2627 3033 est
2651 2993 2664 3031 :
2691 2986 2747 3034 et
2777 2979 3098 3052 ubicumque
3139 2983 3285 3038 nasci
3324 2992 3428 3047 est,
3463 2983 3535 3038 ibi

1936 3075 2128 3119 natura
2167 3065 2384 3123 dicitur.
2433 3069 2574 3138 Ergo
2610 3069 2662 3123 in
2701 3072 3093 3141 superioribus,
3126 3075 3251 3144 quia
3296 3075 3532 3146 ingenita

215 3182 369 3221 nunc
400 3175 657 3235 operatur
690 3167 740 3220 in
764 3167 885 3235 ﬁliis
911 3167 1201 3236 diffidentia
1225 3165 1327 3237 (l).
1354 3164 1455 3231 Qui
1478 3164 1715 3218 ambulat
1740 3177 1828 3217 se-
1852 3146 1899 3209 C
1932 3169 2057 3211 sunt
2091 3159 2294 3226 omnia,
2325 3175 2449 3217 cum
2490 3161 2741 3218 dicuntur
2771 3165 3016 3234 quaedam
3059 3168 3262 3236 genita,
3300 3167 3534 3238 quodam

210 3257 467 3313 cundum
516 3258 769 3313 saeculum
812 3258 970 3328 hujus
1014 3258 1223 3322 mundi,
1269 3258 1508 3311 ambulat
1548 3255 1828 3310 secundum

209 3351 521 3421 principem
551 3351 809 3419 potestatis
835 3351 1091 3421 aeris,qui
1118 3361 1201 3406 est
1222 3350 1444 3420 Spiritus
1475 3350 1701 3404 ﬁliorum
1726 3346 1832 3402 dif-

208 3445 464 3500 ﬁdentiae
497 3444 602 3517 (Ξ).
634 3444 765 3501 Cum
794 3446 900 3500 duo
914 3446 1026 3501 sint
1056 3446 1143 3500 lux
1176 3455 1231 3501 ει
1259 3445 1518 3509 tenebrat,
1552 3444 1750 3499 veritas
1772 3453 1827 3498 et

203 3542 449 3607 falsitas,
494 3539 689 3595 bonum
724 3549 780 3595 et
819 3538 1039 3605 malitia,
1072 3554 1179 3594 non
1210 3540 1279 3593 ita
1312 3547 1367 3593 ut
1407 3554 1470 3593 ex
1502 3553 1657 3607 mque
1684 3536 1827 3600 sint;

201 3650 390 3704 neque
422 3635 584 3689 enim
613 3632 690 3687 las
735 3643 820 3687 est
854 3631 1052 3703 aliquid
1083 3632 1196 3686 Deo
1235 3631 1316 3685 vel
1363 3647 1455 3700 per
1496 3630 1830 3685 contrarium

200 3725 559 3795 comparati.
609 3724 700 3781 Sic
726 3727 1053 3795 accipiamus
1090 3734 1146 3779 et
1180 3725 1421 3794 spiritus.
1469 3740 1634 3779 unum
1684 3723 1830 3787 lidei,

206 3823 459 3876 alterum
494 3818 827 3873 difﬁdentiae.
863 3818 1095 3888 Spiritus
1121 3831 1337 3874 satanas
1364 3831 1416 3874 et
1448 3819 1568 3886 ejus
1586 3818 1835 3874 diabolus

207 3916 307 3971 hic
349 3913 723 3970 substantiam
754 3912 820 3967 de
848 3927 974 3967 aere
1004 3912 1187 3975 habet,
1220 3911 1269 3965 id
1293 3920 1378 3965 est
1407 3911 1476 3966 de
1520 3911 1643 3982 hyle
1673 3921 1834 3980 atque

173 3985 187 3999 ’
208 4008 485 4072 materia,
515 4014 574 4060 et
604 4013 918 4075 potestatem
947 4006 997 4058 in
1020 4006 1132 4072 ipsa
1156 4004 1401 4069 materia,
1436 4005 1518 4058 vel
1550 4003 1602 4057 in
1624 4019 1718 4059 eos
1741 4001 1834 4073 qui

207 4101 594 4159 materialiter
613 4099 871 4154 sentiunt.
909 4098 1004 4153 Est
1034 4113 1167 4168 ergo
1198 4098 1288 4153 ille
1313 4099 1563 4168 princeps
1589 4096 1707 4168 ejus
1736 4112 1833 4167 po-

1910 3251 2195 3320 ‘Inysterio
2215 3251 2591 3324 intelliguntur
2614 3255 2818 3324 genita,
2851 3273 2958 3312 non
2988 3274 3053 3313 eo
3074 3259 3237 3315 modo
3273 3260 3534 3329 quemad-

1935 3344 2153 3399 modum
2187 3348 2239 3400 in
2266 3348 2467 3402 mundo
2490 3366 2503 3400 :
2528 3347 2618 3403 ubi
2645 3350 2788 3404 enim
2820 3361 2903 3405 est
2930 3362 3140 3417 natura,
3170 3352 3240 3408 ibi
3272 3352 3352 3424 (6)
3373 3368 3537 3424 gene-

1936 3437 2074 3492 ratio
2099 3454 2111 3490 :
2135 3441 2412 3507 generatio
2439 3449 2619 3496 autem
2641 3453 2744 3506 cst,
2771 3457 2893 3497 cum
2923 3443 2992 3497 ab
3024 3458 3090 3498 eo
3112 3443 3254 3513 quod
3283 3459 3389 3499 non
3416 3445 3537 3512 fuit,

1936 3529 2134 3597 aliquid
2158 3546 2281 3587 esse
2302 3531 2523 3601 incipit;
2574 3544 2665 3588 aut
2696 3535 2764 3587 ab
2793 3549 2858 3589 eo
2884 3535 3025 3604 quod
3054 3535 3211 3590 aliter
3242 3535 3360 3601 fuit,
3389 3536 3537 3591 aliud

1937 3638 2059 3678 arise
2088 3625 2304 3695 incipit;
2333 3628 2471 3681 sicut
2488 3627 2555 3681 de
2584 3628 2794 3683 semine
2830 3628 3014 3693 homo,
3042 3630 3125 3684 vel
3166 3628 3396 3701 virgulta
3430 3630 3537 3686 alia

1939 3716 2007 3770 de
2036 3719 2267 3781 semine,
2296 3728 2599 3788 caeteraque
2624 3719 2727 3772 alia
2754 3720 3026 3775 animalia.
3057 3724 3123 3776 At
3152 3737 3281 3778 vero
3300 3722 3357 3778 in
3380 3731 3540 3779 aeter-

1942 3808 2046 3870 nis,
2079 3811 2332 3877 quoniam
2364 3825 2712 3880 qumcumque
2733 3810 2821 3866 illa
2847 3811 3024 3867 divina
3045 3825 3192 3880 sunt,
3222 3816 3374 3885 quasi
3405 3833 3540 3888 qua-

1942 3898 2064 3952 dam
2087 3899 2413 3956 discretione
2438 3917 2699 3971 apparere
2727 3903 3009 3974 incipiunt,
3040 3906 3162 3961 ideo
3192 3908 3352 3962 veluti
3370 3924 3537 3978 genc-
3615 3894 3620 3900 ’

1941 4003 2056 4048 rata
2102 3995 2356 4050 dicuntur
2396 4010 2564 4051 :cum
2615 4007 2792 4051 tamen
2838 3998 3032 4054 eadem
3082 4000 3280 4056 virtute
3322 4001 3450 4070 sint,
3483 4012 3538 4059 et

1944 4088 2135 4144 eadem
2177 4089 2472 4144 substantia
2519 4107 2622 4161 qua
2667 4090 2905 4157 inierunt,
2936 4092 3141 4148 idcirco
3184 4102 3245 4149 ut
3275 4102 3538 4164 generata

1948 4197 2053 4236 non
2082 4192 2225 4237 sunt.
2275 4182 2460 4253 Neque
2484 4184 2629 4239 enim
2658 4200 2783 4241 cum
2816 4186 2957 4242 Deus
2984 4188 3165 4243 omnia
3214 4186 3404 4245 fecerit
3442 4205 3540 4245 na-

1947 4281 2088 4340 tura,
2121 4290 2226 4330 non
2255 4290 2316 4330 ea
2345 4291 2464 4345 qua!
2485 4288 2688 4333 aeterna
2718 4276 2846 4334 fecit
2872 4294 2938 4334 ex
2966 4280 3208 4341 aeternis.
3241 4290 3298 4337 ut
3327 4280 3535 4350 habuit;

206 4195 437 4252 testatis
459 4207 589 4263 quae
618 4189 672 4245 in
703 4205 828 4245 aere
867 4197 972 4255 est,
1002 4188 1053 4244 id
1075 4199 1158 4244 est
1184 4191 1236 4245 in
1278 4190 1497 4245 materia
1523 4206 1538 4243 :
1561 4189 1653 4260 qui
1692 4189 1839 4258 prin-

201 4306 345 4360 ceps
384 4286 626 4356 Spiritus
657 4292 757 4345 est.
790 4282 885 4338 sed
917 4282 1102 4337 utdixi
1134 4282 1410 4348 materize;
1442 4291 1499 4338 et
1523 4283 1573 4336 in
1597 4280 1838 4336 materiis

204 4399 362 4440 nunc
404 4388 700 4451 operatur,
728 4377 781 4431 in
810 4376 933 4445 ﬁliis
953 4375 1245 4447 difﬁdentia:
1270 4390 1289 4429 :
1321 4373 1372 4429 id
1392 4387 1474 4431 est
1504 4390 1691 4430 eorum
1721 4374 1840 4427 ani-
1944 4367 2041 4422 Sed
2082 4366 2449 4423 tantummodo
2485 4369 2647 4424 veluti
2691 4372 2983 4440 separavit,
3014 4381 3068 4427 et
3096 4373 3307 4444 singula
3336 4374 3540 4430 consti-

204 4494 334 4535 mos
371 4483 557 4537 tenet,
592 4482 647 4526 et
671 4471 741 4524 ibi
763 4469 1082 4523 dominatur.
1108 4468 1252 4538 Ergo
1268 4468 1357 4538 qui
1384 4467 1513 4522 vivit
1538 4465 1833 4523 secundum
1948 4458 2048 4513 tuit
2071 4478 2085 4512 ς
2111 4475 2230 4528 (tua:
2258 4469 2452 4529 quanta
2498 4470 2552 4515 et
2579 4460 2759 4531 qualia
2787 4463 2917 4527 sint,
2945 4464 3068 4520 aliis
3105 4464 3257 4520 libris
3287 4465 3540 4537 intelligi~

200 4573 488 4631 εινειιιιιω
547 4566 709 4635 hujus
752 4564 965 4631 mundi,
1012 4564 1147 4618 vivit
1194 4561 1489 4617 secundum
1540 4562 1836 4631 principem
1864 4539 1919 4599 D
1945 4568 2090 4608 Inus.
2127 4553 2274 4608 Nunc
2302 4553 2386 4608 vel
2413 4550 2685 4608 Christum
2716 4554 2799 4609 vel
2829 4556 3052 4627 angelos
3083 4557 3167 4613 vel
3194 4558 3404 4613 animas
3431 4574 3541 4615 ca:-

206 4663 517 4737 porestatis
551 4660 696 4714 aeris
726 4658 977 4726 spiritus,
1010 4657 1098 4726 qui
1148 4672 1289 4711 nunc
1326 4667 1581 4727 operatur
1620 4659 1673 4709 in
1715 4657 1840 4727 ﬁliis
1941 4655 2162 4715 tcrthue
2205 4647 2408 4711 titnnia,
2438 4663 2560 4717 quae
2604 4655 2806 4702 aeterna
2838 4660 2984 4714 sunt,
3031 4650 3083 4704 in
3126 4651 3344 4706 aeternis
3387 4652 3543 4722 quasi

202 4753 662 4831 diﬁdentinEst
681 4762 858 4806 autem
882 4751 1039 4806 lectio
1056 4750 1277 4820 duplex,
1302 4750 1521 4820 spiritus
1540 4753 1838 4821 operantis,

1943 4739 2118 4805 genita
2147 4739 2464 4808 accipimus,
2497 4754 2618 4793 cum
2640 4739 2799 4810 longe
2826 4741 2984 4795 aliter
2999 4742 3280 4811 generatio
3299 4745 3390 4810 sit,
3420 4761 3542 4816 qute

203 4829 539 4919 erepit-itus
567 4845 659 4913 qui
691 4859 834 4898 nunc
869 4854 1143 4912 operatur.
1179 4844 1334 4897 Aeris
1366 4853 1545 4899 autem
1573 4844 1659 4898 vel
1688 4844 1837 4913 prin-

1943 4829 1998 4883 in
2026 4830 2226 4884 mundo
2261 4840 2367 4885 est.
2400 4830 2543 4900 Ergo
2573 4846 2811 4897 eramus,
2864 4832 3058 4902 inquit,
3106 4834 3375 4890 naturales
3409 4837 3540 4903 lilii;

203 4946 396 5014 cipe",
450 4940 541 4994 νϐι
597 4938 844 5006 smmum
889 4939 1126 4993 malem,
1157 4953 1255 4992 ηοε
1294 4939 1511 5007 quidem
1557 4936 1793 4991 diximus
1819 4952 1836 4993 ε
1946 4924 1996 4977 id
2013 4933 2097 4978 est
2118 4938 2212 4993 per
2242 4933 2484 4977 naturam
2516 4921 2660 4978 facti.
2693 4923 2799 4979 Sed
2829 4924 2919 4979 lilii
2948 4924 3141 4995 cujus?
3170 4941 3276 4982 non
3307 4925 3423 4994 Déi.
3444 4929 3545 4986 sed

201 5040 357 5097 ratio
390 5045 589 5089 tamen
618 5032 913 5087 vehemens
941 5032 1031 5086 illa
1051 5040 1134 5086 cst
1160 5033 1305 5102 quod
1328 5032 1443 5101 ipse
1462 5040 1545 5084 est
1564 5030 1703 5083 inter
1730 5029 1838 5083 ele-

1946 5014 2075 5068 irm:
2103 5017 2216 5083 ipse
2245 5016 2386 5069 enim
2427 5014 2788 5079 adversarius.
2821 5017 2910 5087 qui
2938 5026 3024 5073 est
3051 5019 3149 5083 ira,
3197 5036 3297 5076 nos
3322 5036 3390 5077 ex
3431 5037 3547 5078 ma-

202 5139 401 5188 mentn
435 5126 836 5196 princeps,aer
862 5122 1223 5181 scilicet.Nam
1250 5132 1308 5177 et
1330 5122 1468 5193 ignis
1488 5136 1580 5175 aer
1608 5119 1842 5190 agitatus
1947 5110 2082 5162 tcria
2109 5108 2207 5163 sibi
2253 5107 2633 5163 vindicaverat.
2676 5110 2784 5174 Sic,
2816 5110 3003 5180 inquit,
3056 5128 3258 5168 eramus
3300 5129 3397 5169 nos
3442 5114 3545 5184 ﬁlii

201 5236 314 5289 est,
339 5231 401 5279 et
422 5232 573 5289 aqua
606 5230 704 5269 aer
731 5217 1013 5273 humectus
1042 5227 1147 5283 est,
1175 5226 1317 5273 terra
1338 5232 1431 5271 aer
1454 5215 1628 5270 siccus
1668 5224 1724 5269 et
1750 5228 1838 5269 so-

1950 5200 2064 5266 irw,
2091 5200 2221 5254 sicut
2244 5200 2434 5254 ceteri.
2468 5198 2605 5255 Sunt
2646 5200 2791 5256 enim
2819 5202 3036 5272 proprie
3061 5202 3157 5259 lilii
3191 5204 3309 5275 irai,
3354 5206 3444 5276 qui
3474 5220 3544 5261 ex

202 5319 358 5376 lidus
390 5336 405 5370 ε
440 5311 541 5382 (illi
585 5308 634 5361 Si
682 5310 861 5364 ⁰¹Ῐ¹¹¹Ῑ³
904 5325 1088 5366 secum
1128 5309 1345 5375 h‘d’eat’
1398 5309 1511 5377 ipse
1541 5314 1626 5362 θ³ί
1651 5306 1842 5374 Chaos,
2025 5336 2105 5404 (ιι)
2144 5337 2313 5392 Codd.
2344 5353 2621 5392 successus.

198 5415 255 5472 id
282 5421 371 5470 est
409 5402 695 5466 tenebrae,
725 5412 780 5458 et
809 5405 1031 5459 materia
1073 5404 1437 5459 tenebrarum.
1472 5400 1614 5471 Ignis
1656 5407 1840 5456 autem
2034 5400 2106 5482 ’2)
2150 5408 2333 5479 Virgil.
2364 5408 2493 5465 Ain.
2529 5425 2564 5475 ι,
2595 5408 2687 5465 58.

199 5509 403 5554 ..ιιι-ίαν
450 5513 556 5554 aer
607 5501 670 5550 et
694 5494 893 5551 ctelum
923 5504 1031 5554 est.
1059 5496 1150 5554 aui
1179 5503 1268 5552 est
1286 5509 1380 5550 aer
1402 5493 1698 5554 agitatione
1724 5508 1850 5550 suc—
2026 5411 2104 5554 i5)
2147 5481 2302 5553 VUIS-
2340 5500 2353 5537 ε
2383 5476 2657 5537 Faciem“
2702 5481 3013 5540 υθινηιαιεῖη
3052 5482 3195 5538 “mi

198 5509 403 5582 purior
450 5513 556 5556 aer
607 5501 670 5550 et
694 5494 893 5551 etelum
923 5504 1031 5562 est,
1059 5496 1150 5566 qui
1179 5503 1268 5552 est
1286 5509 1380 5550 aer
1402 5493 1698 5565 agitatione
1724 5508 1838 5550 suc-

1951 5554 1992 5608 t.
2027 5476 2104 5554 (ὅ)
2147 5476 2302 5553 Vulg.
2340 5476 2657 5537 :Facientes
2702 5481 3013 5540 uoluntatem
3052 5482 3220 5538 carnis
3261 5489 3307 5538 et
3348 5484 3547 5557 cogita.

1974 5570 2168 5609 tonum.

314 5645 330 5699 Ι
407 5632 596 5694 Codd.
634 5628 967 5695 cii/ferentia.
2029 5625 2110 5736 (ιζ
2155 5624 2310 5694 Vulg.
2339 5641 2353 5677 :
2379 5623 2446 5677 Et
2465 5640 2669 5679 eramus
2694 5636 2884 5681 natura
2905 5625 3005 5696 ﬁlii
3030 5625 3191 5680 ira...

279 5644 364 5736 (Αἱ
417 5712 641 5736 ειη-ευρ
675 5701 819 5736 ιιΛιΙΑ
892 5700 1193 5736 amunia.
1264 5700 1371 5736 Qad
1414 5709 1592 5736 Iomnn
1634 5707 1756 5736 ml.
1794 5707 1850 5736 at
2027 5700 2085 5736 [ξς
2149 5694 2297 5736 Codri
2351 5695 2627 5736 minantibus

417 5712 645 5790 “ursus
674 5701 841 5790 codd.
890 5700 1211 5790 diﬁ'erentite.
1263 5700 1372 5758 Sed
1414 5709 1593 5758 tamen
1631 5707 1756 5757 ante
1794 5707 1852 5756 et
2351 5695 2646 5790 ξζῄζεηείθνδ·

196 5739 645 5869 ρυὲῗθεὲξιῖίῖδῑ
673 5739 1211 5844 agitaram“
1263 5739 1372 5758 π
1795 5739 1852 5756 υ·
2027 5739 2110 5842 ξξς
2149 5739 2318 5825 asas:
2349 5739 2453 5821 an“.
