4106 6184
747 213 887 271 1255

1978 219 2171 276 MAR"
2216 221 2554 279 VICTORINI
2596 224 2757 280 ΛΡΜ

3813 245 3893 300 liii

743 329 846 385 hoc
873 331 1069 385 mundo
1103 350 1115 385 :
1148 331 1284 385 sicut
1322 330 1388 387 de
1418 331 1758 401 quihusdixit
1785 337 1914 387 sicut
1934 338 2104 389 ueteri
2129 347 2184 388 ut
2216 352 2333 396 nos.
2369 339 2418 397 Α
2521 336 2682 392 Vens.
2718 339 2773 394 8.
2807 370 2877 379 ——
2905 339 3042 394 Nam
3072 344 3240 413 gratia
3273 345 3451 398 salvati
3477 348 3582 400 estis
3618 367 3690 417 per
3711 353 3814 419 ﬁdem
3840 362 3894 420 τι),

739 425 830 494 qui
859 440 925 479 ex
951 425 1041 478 illo
1063 421 1260 479 mundo
1288 441 1474 479 sumus
1504 426 1642 481 male
1665 427 1940 492 viventes;
1967 429 2016 481 id
2050 440 2133 483 est
2152 445 2345 485 secun-

738 513 864 568 dum
890 529 1106 570 carnem
1139 517 1460 580 viveremus,
1495 519 1648 588 quasi
1693 518 1782 571 lilii
1826 518 1957 580 inn;
1987 521 2344 590 quemadmo-

735 605 864 662 dum
887 610 1072 664 vivunt
1099 609 1190 664 lilii
1219 609 1311 664 ira:
1336 652 1349 675 ,
1397 610 1499 665 hoc
1526 620 1609 666 est
1636 612 1773 665 sicut
1797 614 2001 666 c:cteri.

811 702 973 758 Vens.
1004 704 1060 759 4.
1093 735 1165 746 —-
1197 704 1332 760 Deus
1362 715 1556 772 autem,
1583 707 1674 776 qui
1719 706 1856 760 dives
1885 716 1957 760 est
1985 716 2032 760 et
2069 709 2119 760 in
2148 707 2347 761 miseri-

735 797 934 864 cordia,
965 807 1172 870 pmpter
1201 799 1414 852 multam
1458 799 1759 852 charitatem
1785 815 1932 852 suam
1973 801 2244 854 miseratus
2271 810 2344 853 est

735 905 828 945 nos
859 888 960 962 (Ι).
993 889 1131 946 Vere
1161 891 1303 945 enim
1324 890 1524 945 divitiae
1552 906 1760 962 magna:
1789 900 1915 945 sunt
1945 891 2038 945 Dei
2069 893 2214 946 circa
2247 891 2347 945 rui-

735 982 1106 1038 sericordiam.
1139 981 1272 1038 Cum
1304 985 1450 1039 enim
1475 1000 1572 1038 nos
1616 984 1857 1053 peccatis
1903 984 2105 1039 nostris
2135 985 2342 1039 alienos

736 1079 1052 1134 fecissemus
1076 1078 1154 1149 (‘2)
1179 1094 1204 1130 a
1245 1078 1375 1142 Deo,
1406 1094 1528 1133 cum
1553 1093 1797 1134 essemus
1814 1095 1877 1134 ex
1901 1079 2165 1148 superiori
2191 1096 2343 1132 mun-

735 1171 828 1234 do,
862 1171 950 1225 ille
971 1171 1139 1242 gratia
1183 1188 1277 1226 sua
1319 1171 1526 1226 donans
1571 1181 1812 1242 peccata,
1853 1173 2136 1242 indulgens
2177 1173 2339 1228 etiam

733 1265 963 1330 deliciis,
995 1282 1092 1321 nos
1115 1267 1212 1321 sibi
1235 1265 1461 1321 redemit
1477 1283 1571 1336 per
1592 1268 1757 1320 lilium
1783 1281 1959 1331 suum;
1985 1266 2067 1320 cui
2091 1282 2212 1321 cum
2234 1283 2340 1322 non

737 1361 975 1430 pepercit
1005 1370 1062 1414 ut
1086 1376 1183 1415 nos
1211 1362 1482 1426 liberaret,
1514 1376 1718 1430 magna:
1745 1361 1860 1414 sine
1890 1359 2054 1414 dubio
2072 1371 2197 1414 sunt
2223 1361 2341 1430 ejus

735 1454 956 1515 divitiae,
974 1470 1161 1526 magna
1187 1456 1346 1510 etiam
1361 1455 1616 1508 charilas.
1641 1453 1910 1519 Quantum
1929 1453 2073 1506 enim
2091 1461 2174 1508 est
2192 1469 2340 1506 amo-

734 1547 808 1600 ris
825 1546 941 1613 ejus
963 1545 1014 1598 in
1036 1561 1157 1612 nos,
1183 1560 1303 1599 cum
1326 1544 1489 1598 lilium
1514 1559 1666 1598 suum
1684 1552 1904 1612 propter
1928 1556 2025 1596 nos
2047 1542 2339 1596 cxinanivit

737 1648 793 1692 ut
822 1653 921 1691 nos
947 1639 1234 1693 redimeret
1257 1637 1504 1706 passione
1541 1637 1677 1690 sua?
1711 1636 1835 1689 Haec
1858 1635 2017 1704 igitur
2045 1633 2300 1689 charitas.

2456 430 2759 501 Explicavit
2794 444 3002 502 aperte,
3034 437 3174 506 quod
3205 455 3232 488 a
3268 438 3417 490 nobis
3440 440 3558 493 lides
3581 441 3780 500 debeatur
3803 467 3811 499 :
3831 461 3894 504 tan-

2454 531 2566 577 tum
2599 534 2777 580 autem
2797 525 3046 588 debetur,
3075 536 3132 581 ut
3170 529 3450 584 credamus
3478 530 3528 586 in
3551 531 3742 590 Christo.
3761 538 3854 606 Quod
3873 547 3893 598 si

2452 617 2546 682 ita,
2591 619 2767 673 solum
2802 618 2904 674 hoc
2934 630 3180 676 nostrum
3211 632 3320 688 est;
3353 639 3454 678 non
3485 630 3653 680 merito
3671 643 3807 683 nosm)
3825 636 3892 689 salii

2449 725 2660 778 sumus,
2689 713 2782 766 sed
2806 713 2896 768 Dei
2926 715 3118 783 gratia.
3149 717 3384 788 Denique
3410 719 3483 775 sic
3503 719 3753 793 adjnngitet
3771 727 3893 781 horna

2450 817 2513 856 ex
2537 803 2710 867 vobis;
2742 804 2836 858 Dei
2865 805 3059 860 donum
3105 819 3174 862 est
3209 825 3227 862 :

2524 894 2688 949 Vens.
2726 897 2780 951 9.
2819 928 2890 938 —
2935 897 3059 952 Non
3089 917 3153 954 ea:
3185 901 3437 973 aperibus,
3479 921 3536 958 ne
3551 906 3646 970 quis
3671 910 3771 977 forte
3790 912 3893 980 gloris-

2447 997 2532 1041 ιω.
2565 988 2668 1060 (ε),
2701 990 2856 1058 ρ..οά
2907 991 3041 1046 salvi
3090 1009 3296 1059 sumus,
3346 998 3531 1064 gratia,
3562 998 3719 1066 inquit,
3746 999 3810 1054 Dei
3830 1017 3893 1057 est:

2448 1079 2520 1133 ita
2551 1089 2606 1134 et
2644 1096 2758 1147 vos,
2793 1082 3034 1153 Ephesii,
3083 1085 3225 1156 quod
3255 1086 3394 1141 salvi
3443 1088 3581 1153 estis,
3605 1106 3692 1144 non
3711 1108 3761 1145 cx
3789 1095 3892 1152 volas;

2448 1171 2541 1227 Dei
2597 1173 2798 1228 donum
2845 1185 2929 1230 est
2960 1196 2972 1228 :
3006 1193 3181 1246 neque
3235 1195 3298 1232 ex
3363 1180 3599 1250 operilms
3652 1186 3892 1249 vestris,sal

2447 1262 2540 1316 Dei
2581 1266 2749 1334 gratia
2784 1275 2906 1334 est,
2963 1279 3017 1322 et
3071 1269 3163 1323 Dei
3227 1269 3426 1324 donum
3479 1280 3575 1335 est,
3623 1289 3708 1326 non
3748 1277 3891 1330 meum

2445 1365 2690 1409 nostrum
2737 1357 2837 1427 (5).
2875 1359 3034 1412 Aliud
3075 1374 3199 1414 esse
3237 1376 3420 1430 opera,
3469 1363 3598 1415 aliud
3627 1365 3891 1420 ineritumnos-

2447 1455 2588 1502 trum
2624 1467 2636 1502 :
2672 1451 2814 1504 unde
2847 1453 3120 1521 separavit
3150 1471 3250 1507 non
3299 1470 3362 1507 ex
3401 1454 3535 1507 vobis
3569 1456 3756 1511 dicendo
3784 1475 3889 1513 naua

2455 1541 2696 1610 operibus
2725 1559 2744 1596 :
2773 1552 2967 1612 pra-ter
2998 1560 3158 1614 opera
3198 1547 3398 1600 ctenim
3420 1587 3435 1612 ,
3483 1563 3592 1617 qua:
3626 1550 3805 1617 quotidie
3824 1569 3887 1618 ρηε

2445 1635 2618 1690 benda
2660 1645 2788 1691 sunt
2829 1639 2878 1692 in
2911 1638 3113 1692 olliciis
3143 1641 3192 1694 in
3226 1657 3519 1710 pauperes,
3546 1651 3594 1695 ct
3628 1652 3777 1697 ca'lera
3800 1645 3886 1698 liene-

812 1729 971 1784 V'Ens.
1005 1730 1057 1784 5.
1101 1759 1169 1770 --
1205 1729 1267 1782 Et
1317 1746 1431 1782 cum
1459 1729 1648 1782 mortui
1688 1743 1907 1781 essemus
1950 1727 2189 1795 peccatis,
2219 1743 2337 1780 con-
2374 1736 2421 1796 Β
2453 1726 2613 1782 facta.
2645 1729 2748 1784 Sed
2777 1732 2937 1784 etiam
2971 1747 3095 1786 cum
3120 1749 3243 1787 csse
3276 1735 3444 1803 possit
3481 1735 3698 1788 meritum
3727 1752 3771 1789 ex
3793 1741 3885 1790 allici

735 1821 1000 1888 vivi/icavit
1039 1839 1132 1876 nos
1182 1823 1236 1874 in
1266 1820 1491 1875 Christo.
1538 1821 1671 1889 Quia
1712 1821 1946 1875 Charitas
1993 1819 2106 1884 Dei,
2142 1821 2334 1889 inquit,

732 1926 934 1970 manet.
971 1914 1114 1981 H;cc,
1148 1915 1342 1984 inquit,
1374 1924 1456 1969 est
1486 1914 1752 1979 charitas;
1790 1917 1870 1968 ha:
1919 1925 2046 1968 sunt
2093 1913 2331 1977 divitizc;

733 2014 791 2060 ut
819 2021 940 2060 cum
984 2007 1280 2062 substantia
1327 2023 1390 2061 ex
1423 2007 1642 2061 aeternis
1687 2007 1840 2060 nobis
1879 2015 2060 2071 esset,
2112 2015 2166 2060 et
2211 2021 2332 2059 cum

731 2101 927 2155 mortui
946 2116 1187 2155 essemus
1205 2100 1462 2171 peccatis,
1484 2098 1778 2154 redimeret
1797 2113 1896 2152 nos
1917 2114 2008 2167 per
2029 2099 2332 2168 passionem

729 2197 931 2256 Chriin
961 2238 974 2262 ,
1024 2206 1078 2250 et
1124 2198 1302 2251 salvos
1344 2195 1570 2251 faceret.
1615 2194 1878 2263 Quoniam
1931 2204 2108 2249 autem
2154 2194 2334 2264 passio

729 2294 952 2360 Christi,
985 2291 1328 2346 mortiﬁcatio
1358 2299 1442 2345 est
1475 2297 1847 2360 peccatorum;
1881 2290 2209 2344 resurrectio
2236 2304 2333 2343 auc

729 2397 837 2443 tem
868 2385 1092 2449 Christi,
1126 2385 1451 2440 resurrectio
1479 2393 1563 2438 est
1595 2395 1810 2446 nostra;
1859 2383 1933 2437 ait
1962 2383 2331 2451 conviviﬁcavit

728 2498 822 2535 nos
853 2482 906 2534 in
922 2477 1146 2544 Christo,
1187 2478 1238 2532 id
1260 2488 1342 2532 est
1369 2477 1434 2531 ad
1467 2477 1630 2530 vitam
1660 2485 1914 2529 a‘lcrnam
1935 2475 2201 2540 resdtnit;
2235 2475 2328 2530 sed

729 2587 828 2643 per
855 2569 1127 2626 Christum
1158 2573 1303 2641 cujus
1324 2569 1491 2638 gratia
1518 2569 1634 2621 estis
1664 2567 1793 2621 salvi
1820 2567 1943 2638 facti
1966 2565 2067 2638 (ὅ).
2101 2564 2332 2621 Conclu-

727 2663 958 2736 sitquod
990 2664 1219 2717 maxime
1250 2660 1610 2716 necessarium
1629 2668 1682 2714 et
1700 2660 1765 2713 ad
1787 2674 1974 2713 omnes
1994 2669 2046 2712 et
2066 2659 2130 2712 ad
2157 2658 2330 2728 Ephe-

726 2757 837 2811 sios
871 2756 989 2820 fuit,
1025 2763 1082 2808 ut
1111 2754 1240 2808 nihil
1286 2763 1438 2808 extra
1467 2751 1738 2807 Christum
1772 2751 2131 2820 accipiamus;
2165 2751 2330 2822 siqui-

729 2849 852 2904 dem
883 2849 998 2919 ejus
1043 2847 1218 2920 gratia
1248 2846 1382 2901 salvi
1413 2861 1618 2900 sumus.
1652 2845 1794 2915 Ergo
1826 2856 1879 2899 et
1919 2861 2037 2910 vos,
2087 2846 2326 2916 Ephesii,

725 2945 895 3015 gratia
938 2942 1136 2998 Christi
1169 2943 1299 2996 salvi
1351 2941 1497 3004 facti,
1532 2939 1662 2994 nihil
1703 2950 1860 2994 extra
1893 2939 2162 3009 accipere,
2193 2941 2323 2996 nihil

724 3049 986 3092 externum
1015 3037 1068 3091 in
1099 3036 1360 3106 religione
1385 3044 1439 3090 et
1470 3034 1574 3089 lide
1599 3033 1798 3089 habere
1824 3033 2051 3088 debetis.

2444 1829 2497 1874 et
2533 1822 2814 1892 religione,
2867 1838 2932 1878 ex
2977 1827 3230 1880 castitate
3263 1835 3318 1880 et
3346 1827 3666 1890 abstinentia;
3707 1845 3781 1881 non
3811 1831 3880 1882 Clliﬁi

2443 1929 2622 1984 neque
2649 1916 2907 1985 operibus
2946 1919 3144 1973 Vestris
3191 1929 3367 1988 potest
3401 1921 3498 1993 (4).
3542 1921 3689 1991 Opera
3718 1924 3784 1976 ista
3809 1933 3879 1974 Stllll.

2442 2004 2571 2060 Ideo
2601 2017 2888 2077 utrumque
2914 2011 3177 2066 conclusit
3203 2029 3303 2066 non
3332 2031 3396 2067 ea:
3422 2015 3572 2077 vobis,
3593 2032 3721 2084 neque
3737 2019 3878 2080 (πομπ-

2439 2097 2556 2163 bus,
2574 2108 2628 2152 et
2651 2099 2848 2169 adjecit
2873 2118 2934 2155 ne
2956 2104 3068 2172 quis
3090 2104 3365 2174 glorietur.
3393 2105 3575 2161 Nescio
3594 2109 3794 2177 quomodo
3807 2125 3876 2161 eum

2439 2190 2527 2258 qui
2587 2193 2842 2259 operibus
2889 2195 3001 2249 suis
3052 2197 3324 2251 redditum
3377 2200 3612 2253 meritum
3653 2207 3876 2268 ρυι·ιι,διιυε1

2440 2282 2557 2335 vult
2585 2298 2730 2349 esse,
2764 2301 2871 2339 non
2906 2290 3223 2357 pra-stantis
3259 2307 3274 2346 :
3303 2302 3357 2346 et
3389 2291 3505 2346 h:ec
3525 2292 3707 2360 jactatio
3724 2301 3789 2344 Cal.

2513 2373 2678 2430 Vens.
2731 2377 2814 2431 10.
2851 2408 2923 2418 -—-
2954 2378 3126 2452 Ipsius
3181 2384 3315 2437 enim
3366 2384 3644 2456 ﬁgmentum
3681 2400 3791 2438 suam
3817 2383 3871 2448 li}.

2444 2469 2601 2520 creati
2635 2470 2684 2521 in
2715 2469 2938 2526 Christo.
2968 2473 3086 2542 Ipse
3117 2477 3378 2547 mysterio
3423 2479 3637 2548 quodam
3661 2494 3722 2531 nos
3741 2475 3831 2528 litui!
3848 2485 3874 2526 et

2438 2557 2688 2614 formavit
2719 2563 2768 2614 in
2795 2561 3037 2630 ChriSIo,
3075 2576 3132 2619 ut
3158 2584 3277 2621 cum
3315 2568 3410 2621 illo
3449 2580 3870 2640 resurgereuiusmm

2436 2649 2529 2703 illo
2559 2651 2802 2708 lucredes
2830 2670 2952 2712 esse
2987 2673 3269 2727 possemus
3299 2704 3315 2725 ,
3367 2662 3636 2717 credentes
3675 2663 3710 2714 in
3739 2658 3867 2713 Cirrata.

2434 2741 2502 2796 1η
2528 2761 2684 2813 opera
2708 2753 2840 2802 bona
2863 2766 2977 2820 qua:
3005 2754 3202 2820 paravit
3231 2751 3395 2808 Deus.
3422 2754 3636 2815 Paravit,
3655 2750 3866 2814 crearitis-

2435 2840 2604 2889 mavit
2629 2838 2679 2890 in
2713 2837 2932 2896 Christo
2963 2843 3107 2898 Deus
3129 2861 3291 2914 opera
3323 2847 3426 2916 (6),
3463 2847 3637 2916 inquit,
3662 2843 3865 2899 hortandi.

2433 2937 2519 2980 Cet
2549 2944 2668 2998 quae
2693 2930 2869 2986 futura
2902 2944 3046 3003 suat,
3094 2953 3163 2990 an
3196 2936 3312 2992 haec
3340 2955 3460 3009 qua:
3489 2955 3616 2993 nunc
3644 2938 3710 2991 hic
3735 2932 3861 3005 agimus?

2432 3019 2540 3074 Sed
2583 3035 2636 3079 et
2664 3026 2778 3082 sive
2807 3045 2928 3099 qua:
2959 3031 3139 3086 futura
3179 3042 3308 3087 sunt
3352 3035 3696 3106 intelligamus,
3723 3033 3859 3096 siml“

805 3131 965 3186 Vens.
1003 3129 1056 3184 6.
1103 3158 1175 3170 —
1206 3127 1270 3181 Et
1295 3127 1448 3182 simul
1475 3127 1758 3192 suscitavit,
1798 3135 1842 3180 et
1879 3125 2031 3181 simul
2060 3125 2328 3181 collocavit
2355 3127 2400 3192 C

2230 3127 2328 3180 αυξι
2355 3127 2400 3192 C
2436 3133 2578 3173 nunc
2606 3131 2752 3186 sunt,
2783 3122 2922 3178 bona
2956 3128 3141 3198 utique
3168 3139 3317 3195 sunt,
3353 3138 3517 3186 teStes
3545 3133 3590 3184 in
3624 3129 3851 3185 Christum:

720 3229 774 3281 in
804 3226 942 3280 culis
965 3223 1069 3293 (4).
1101 3223 1211 3277 lloc
1238 3232 1483 3274 sanctum
1511 3221 1839 3290 plenumque
1863 3219 2175 3291 mysterium
2204 3226 2338 3284 est,‘

720 3327 778 3374 ut
807 3317 966 3372 fidem
1003 3314 1295 3370 habeamus
1316 3312 1370 3366 in
1405 3309 1641 3375 Christo,
1678 3327 1782 3365 non
1817 3325 1915 3365 nos
1946 3326 2086 3364 nunc
2123 3311 2318 3365 mereri

722 3411 1130 3466 suscitationem
1176 3408 1257 3462 vel
1293 3421 1457 3476 regna
1484 3404 1756 3466 ctelestia;
1789 3405 1883 3459 sed
1914 3419 2035 3459 cum
2075 3403 2319 3460 Christus

720 3505 1014 3558 suscitatus
1039 3543 1054 3568 ,
1105 3511 1230 3554 tunc
1263 3512 1361 3552 nos
1399 3496 1705 3551 suscitatos.
1750 3495 1861 3550 lloc
1889 3496 2030 3548 enim
2063 3495 2136 3548 ait
2163 3497 2317 3551 simul

716 3597 1001 3652 suscitavit.
1040 3593 1196 3660 Item,
1225 3603 1270 3647 et
1297 3591 1452 3647 simul
1479 3590 1746 3644 collocavit
1774 3590 1825 3642 in
1852 3589 2151 3643 carleslibus.
2178 3590 2311 3645 Cum

715 3689 859 3746 enim
882 3686 1168 3742 collocavit
1191 3686 1488 3750 Christum,
1512 3685 1668 3738 simul
1699 3683 1986 3738 collocavit
2007 3687 2169 3739 etiam
2192 3700 2308 3752 eos,

716 3783 805 3854 qui
832 3783 882 3836 in
905 3781 1120 3836 Christo
1150 3790 1274 3834 sunt
1301 3791 1354 3836 et
1374 3789 1551 3835 erunt.
1584 3779 1640 3834 In
1675 3779 1988 3836 coelestibus
2008 3821 2022 3844 ,

790 3874 950 3930 Vens.
1004 3875 1150 3929 7.—
1197 3872 1263 3926 Ut
1295 3873 1573 3927 ostenderet
1626 3873 1678 3925 in
1707 3874 1908 3927 sarculis
1953 3875 2309 3945 supervenien-

709 3967 840 4022 tibus
867 3964 1336 4037 superabundantes
1366 3963 1568 4018 divitias
1599 3964 1776 4034 gloriae
1830 3981 1938 4019 sua:
1961 3966 2058 4036 (5),
2090 3967 2140 4020 in
2165 3967 2309 4022 boui-

708 4071 814 4115 tate
832 4075 985 4132 super
1023 4076 1138 4123 nos,
1166 4057 1218 4111 in
1239 4055 1558 4127 Clu'islo(6).
1577 4055 1689 4110 Non
1713 4057 1854 4112 enim
1886 4057 2040 4113 nobis
2071 4057 2305 4115 reddidit

704 4151 956 4206 meritum
983 4168 996 4204 :
1018 4149 1217 4221 quippe
1233 4166 1356 4206 cum
1378 4164 1483 4204 non
1511 4151 1614 4204 hoc
1645 4150 1849 4204 meritis
1870 4165 1968 4205 nos
1986 4153 2300 4222 accipimus,

703 4244 798 4301 sed
835 4244 928 4299 Dei
957 4245 1128 4315 gratia
1159 4253 1212 4298 et
1241 4244 1499 4297 bonitate.
1535 4242 1824 4298 Suscitavit
1851 4259 1980 4314 ergo
2014 4259 2110 4299 nos
2139 4245 2301 4300 simul

702 4336 756 4392 in
788 4335 1004 4392 Christo
1047 4350 1210 4390 causa
1251 4334 1506 4390 boiiitatis
1531 4349 1662 4396 sum,
1695 4343 1747 4386 et
1775 4336 1948 4401 gratia
1977 4351 2094 4403 qua:
2131 4345 2213 4390 est
2244 4337 2298 4393 in

697 4430 941 4494 Christo,
962 4438 1020 4484 nt
1041 4427 1352 4482 ostenderet
1381 4425 1578 4481 futuris
1605 4427 1818 4481 saeculis
1844 4429 2299 4496 etsupervenien-

699 4524 842 4580 tilms
869 4523 1084 4577 divitias
1127 4536 1271 4576 suas.
1305 4518 1448 4587 Quas
1479 4519 1734 4574 divitias?
1774 4522 2000 4591 gratiam
2037 4521 2293 4578 bonitatis
2321 4531 2374 4592 ι)
2404 4527 2512 4572 tum
2545 4523 2802 4590 cogitare.
2837 4522 2948 4578 Hoc
2992 4523 3306 4595 frequenter
3348 4526 3580 4597 exposui.
3620 4505 3830 4589 Utiqueiﬁlli

695 4633 858 4686 super
881 4633 1000 4672 nos.
1031 4614 1137 4671 Sed
1160 4615 1338 4670 omnia
1371 4616 1504 4680 lure,
1541 4624 1597 4668 ut
1625 4630 1768 4684 saepe
1798 4624 1980 4670 monet
2007 4627 2058 4670 et
2091 4631 2189 4684 ego
2211 4615 2294 4670 in-

694 4712 871 4777 sinuo,
913 4711 964 4765 in
1004 4709 1244 4766 Christo.
1276 4709 1351 4764 Ibi
1379 4707 1461 4780 (7)
1496 4717 1578 4762 est
1609 4709 1753 4763 enim
1784 4723 1946 4764 omne
1973 4709 2289 4781 mysterium

695 4803 1109 4857 resurrectionis
1152 4813 1206 4856 ct
1251 4811 1452 4856 nostrae
1479 4810 1535 4854 et
1574 4799 1836 4854 onmium.
1886 4801 1987 4856 Per
2013 4801 2286 4856 Christum

693 4896 840 4951 enim
871 4896 1286 4951 reconciliantur
1307 4897 1486 4951 omnia
1515 4913 1528 4948 :
1556 4895 1670 4964 ipse
1689 4896 1832 4950 enim
1851 4895 2019 4966 janua
2039 4906 2142 4963 est,
2173 4895 2288 4966 ipse

693 4989 1021 5044 resurrectio
1044 5029 1059 5056 ,
1095 4990 1209 5060 ipse
1236 4990 1340 5044 vita
1369 5032 1384 5058 ,
1412 5001 1467 5045 et
1503 4988 1570 5044 ad
1600 4988 1812 5046 Patrem
1857 4991 1961 5046 via.

761 5169 845 5239 (1)
886 5167 1045 5239 Vulg.
1075 5185 1088 5222 :
1123 5167 1327 5226 Deus...
1354 5183 1560 5242 prapter
1586 5171 1795 5226 nimiam
1833 5171 2152 5240 charitatem,
2177 5188 2280 5243 qua

688 5243 869 5298 dilexit
897 5257 1009 5296 nos.

755 5313 836 5386 (‘2‘,
879 5313 1049 5386 Codd.
1081 5311 1294 5386 fecisset.

867 5343 1457 5459 ἤξίῗεῗοειὲἷὶἰῗζρναιίε
1483 5385 1604 5459 estis
1638 5385 1840 5438 saluati.

779 5454 835 5528 4)
866 5454 1014 5528 Vulg.
1044 5475 1058 5513 :
1091 5454 1159 5510 Et
1179 5454 1618 5511 conresuscitavit
1640 5499 1654 5524 ,
1687 5467 1731 5511 et
1774 5458 2044 5512 consedere
2072 5459 2190 5529 fecit
2220 5459 2272 5514 in

683 5531 988 5594 coelestibus,
1020 5540 1129 5585 etc.

752 5599 834 5738 (5)
866 5599 1022 5670 Vulg.
1055 5619 1068 5654 :
1101 5599 1294 5683 Gratia:
1317 5616 1443 5656 sure.

780 5671 836 5738 6)
868 5671 1024 5738 Vulg.
1048 5672 1194 5727 addit
1226 5671 1373 5728 Jesu.

780 5671 836 5814 6)
868 5671 1024 5739 Vulg.
1048 5672 1194 5727 addit
1226 5671 1373 5728 Jesu.

780 5745 810 5796 7
861 5742 1030 5799 Codd.
1058 5744 1162 5797 ubi.

757 5742 834 5814 (7)
861 5742 1030 5799 Codd.
1058 5744 1162 5797 ubi.

2375 5463 2430 5517 in
2455 5454 2658 5545 Cliristo
2668 5454 2811 5545 "Iesu
2841 5471 2890 5545 in
2921 5454 3156 5538 aperibus
3173 5454 3472 5545 iatn-eam
3487 5454 3728 5544 ρέωραταείι
3743 5454 3834 5545 θειιῆ

2377 5545 2433 5588 ut
2460 5537 2513 5588 in
2546 5535 2650 5590 illis
2677 5535 3014 5594 ambulemus.

2371 5751 2575 5818 quando
2605 5766 2691 5806 vos
2707 5761 2879 5823 gentes
2899 5751 2952 5809 in
2983 5751 3152 5812 carne.

2425 3209 2493 3263 Et
2523 3211 2689 3266 videri
2740 3227 2916 3284 potest
2964 3217 3032 3272 de
3081 3221 3446 3287 praesentibus
3488 3223 3663 3277 dixisse
3696 3218 3854 3291 «ipenlnsi

2424 3303 2621 3373 quippe
2638 3321 2759 3360 cum
2781 3310 2847 3362 ita
2872 3309 3145 3380 snbjungit
3171 3323 3228 3368 ut
3255 3314 3368 3369 illis
3395 3318 3700 3370 ambulemus;

2499 3396 2658 3453 Vens.
2687 3399 2773 3452 Η.
2795 3430 2867 3441 —
2890 3401 3144 3458 Memores
3172 3406 3224 3458 in
3245 3406 3378 3477 ipsis
3400 3407 3501 3480 (7),
3528 3405 3851 3478 inquinandi":

2422 3490 2601 3560 utjam
2617 3493 2804 3547 eodem
2830 3495 2992 3550 modo
3006 3498 3334 3557 vivamus.d
3353 3501 3537 3557 eadem
3549 3517 3682 3571 Opera
3700 3500 3847 3551 lactans.

2417 3599 2536 3652 quae
2563 3583 2702 3640 bona
2732 3596 2874 3641 sunt.
2929 3589 3136 3660 Quippe
3161 3591 3270 3662 jam
3309 3595 3562 3665 lignunlo
3608 3609 3686 3648 suo
3710 3592 3846 3645 Decimi

2415 3677 2616 3730 creavit
2658 3679 2708 3731 in
2740 3677 2978 3746 Christo,
3003 3692 3059 3736 ut
3081 3684 3246 3738 simus
3292 3702 3587 3742 memores:
3612 3701 3665 3740 ac
3695 3690 3844 3754 pﬂ'lW
3876 3751 3877 3756 η

2413 3763 2572 3822 ﬁdem
2603 3780 2884 3826 servantes
2905 3813 2920 3838 ,
2954 3773 3006 3827 in
3050 3774 3182 3844 ipsis
3208 3779 3324 3845 jam
3368 3778 3610 3848 operibus
3632 3774 3840 3830 ambulare

2416 3862 2484 3917 Et
2508 3879 2594 3918 vos
2617 3867 2708 3936 qui
2729 3868 3009 3938 aliquando
3031 3871 3184 3924 eratis
3202 3882 3376 3942 gentes
3399 3875 3450 3926 in
3475 3889 3628 3927 carne.
3650 3861 3840 3937 Utvque‘l“

2408 3955 2543 4009 dixit
2590 3959 2936 4028 ambulemus,
2969 3962 3167 4032 adjecit
3195 3974 3242 4018 et
3290 3981 3379 4019 vos
3424 3967 3583 4030 utique
3619 3959 3797 4018 milia
3821 3956 3840 4000 ἐι

2409 4049 2553 4105 bonis
2577 4055 2815 4122 operibus
2843 4071 2958 4126 qua:
2978 4059 3178 4126 paravit
3209 4058 3376 4115 Deus.
3405 4061 3512 4116 Vos
3535 4102 3548 4125 ,
3576 4051 3836 4127 inquitqriu
3867 4047 3869 4113 1

2405 4146 2609 4215 quando
2641 4149 2795 4203 eratis
2822 4161 2994 4219 gentes
3026 4151 3077 4205 in
3107 4168 3282 4218 carne,
3319 4153 3371 4208 id
3395 4161 3478 4209 est
3505 4152 3726 4223 gentiliter
3741 4153 3837 4200 εευιιί·

2404 4237 2574 4303 batis;
2608 4248 2662 4293 et
2694 4249 2979 4311 propterea
3006 4245 3314 4310 carnaliter,
3348 4247 3400 4301 id
3421 4256 3502 4302 est
3527 4245 3677 4300 carnis
3697 4235 3834 4294 desiitm

2403 4330 2690 4387 iacientes.
2714 4335 2810 4388 Cui
2841 4337 3170 4392 contrarium
3199 4338 3328 4394 illud
3371 4349 3483 4406 est,
3509 4353 3615 4394 esse
3649 4336 3688 4390 in
3705 4330 3832 4386 Christ“-

2400 4423 2450 4480 id
2471 4435 2553 4480 est
2583 4426 2935 4492 Spiritualiter
2963 4430 3146 4486 vivere
3167 4474 3181 4498 ,
3219 4441 3273 4487 et
3296 4435 3473 4487 omnia
3506 4415 3830 4486 secunduinspiﬂ'

2398 4620 2498 4674 est,
2549 4611 2616 4666 de
2657 4612 2767 4668 Deo
2811 4616 3074 4686 cogitare,
3128 4618 3178 4670 in
3232 4618 3343 4672 Deo
3389 4632 3614 4688 sperare,
3652 4597 3855 4688 habcuii

2399 4703 2564 4758 Demu
2595 4705 2857 4773 animum,
2889 4709 3113 4765 tendere
3143 4710 3209 4764 ad
3243 4711 3474 4776 Patrem,
3496 4694 3853 4780 Cognoscereliﬂl

2395 4797 2715 4854 :ctcrnitatis
2749 4809 2949 4856 nostra:
2971 4801 3268 4870 Christum,
3297 4804 3514 4860 credere
3534 4818 3616 4872 per
3635 4800 3720 4868 ejus
3737 4799 3827 4844 usus

2393 4893 2688 4946 rectionem
2714 4909 2813 4947 nos
2836 4899 3220 4952 resurrexisse.

2467 4984 2567 5052 Qui
2588 4986 2815 5040 dicimini
2844 4991 3156 5059 praeputium
3183 4991 3244 5044 ab
3274 5008 3331 5046 ea
3358 5007 3472 5062 qua:
3494 4990 3655 5044 dicitur
3675 4968 3824 5036 cirum;

2463 5106 2545 5183 ii)
2572 5107 2737 5183 Χίης.
2765 5128 2777 5162 ε
2813 5109 2989 5183 Gratia
3019 5114 3153 5167 enim
3179 5116 3294 5169 estis
3315 5116 3492 5170 salraa‘
3519 5130 3599 5183 per
3618 5107 3741 5183 ﬁdem.

2460 5177 2538 5255 (ἓ)
2572 5177 2728 5255 Ῡιιιγέλ.
2763 5200 2776 5237 :
2814 5181 2934 5237 Non
2965 5201 3030 5238 ea:
3052 5187 3358 5254 operibus...
3391 5197 3444 5242 ut
3471 5177 3530 5241 ne
3548 5184 3641 5255 quis
3662 5177 3818 5251 glorianti

2483 5250 2540 5317 5)
2570 5252 2740 5305 Codd.
2771 5256 2950 5308 merito
2976 5251 3174 5312 nostro.

2480 5319 2535 5390 4)
2567 5323 2637 5376 lla
2665 5325 2822 5378 codd.

2736 5371 2908 5450 “habet
2939 5415 2951 5451 :
2982 5397 3158 5466 Ipsius
3184 5404 3312 5455 enim
3342 5418 3511 5456 sumus
3535 5371 3834 5471 Ῑιιιτιιιηιετζξξίξ⁵

3834 3795 3876 3856 -ι

3834 3859 3873 3939 ¹1

3834 3951 3871 4027 ι1

3834 4047 3869 4113 1

3861 4321 3863 4371 1

3859 4409 3861 4457 1

3857 4485 3859 4543 1

3853 4565 3857 4646 1

3851 4651 3855 4724 1

3843 5099 3845 5147 1

3841 5191 3843 5233 1

3837 5337 3839 5407 1

3834 5439 3837 5506 1

2460 5552 2513 5588 m
2546 5549 2650 5590 ruis
2677 5549 3014 5594 ambulemus.

2448 5606 2526 5678 (6)
2556 5608 2724 5663 (lodd.
2752 5611 2806 5663 in
2834 5627 3013 5678 opera.
3742 5669 3749 5678 ,
3829 5549 3835 5678 1

2448 5669 2714 5754 1⁷),νυ11ζο
2746 5700 2757 5734 ε
2791 5669 3014 5753 Propter
3035 5687 3193 5754 quod,
3226 5705 3460 5744 memores
3484 5694 3630 5746 estote,
3657 5669 3804 5747 qui“

3825 3795 3876 3865 δι

3825 3859 3873 3939 ³1

3827 3951 3871 4050 ι(

3825 4139 3867 4199 -1

3825 4229 3865 4285 Il

3825 4321 3863 4383 Il

3825 4409 3861 4457 .l

3825 4485 3859 4555 11

3825 4565 3857 4646 il

3825 4651 3855 4737 pl

3843 5099 3845 5147 Ι

3841 5191 3843 5233 |

3839 5249 3841 5321 1

3830 5337 3839 5412 ,1

3829 5439 3837 5751 1
