4106 6184
314 170 447 226 I957

1270 171 1336 228 IN
1377 171 1767 232 EPISTOLAM
1807 174 1900 232 AD
1940 172 2274 234 EPHESIOS
2311 172 2515 233 LIBER
2556 173 2599 231 I.

3472 178 3613 238 I258

317 285 396 339 sio
425 286 479 338 in
507 298 662 338 carne
686 298 841 339 manu
882 283 1040 354 facta.
1081 283 1200 347 Vos.
1244 287 1450 358 inquit,
1481 292 1634 344 eratis
1663 301 1832 363 gentes
1855 292 1908 346 in
1935 297 1985 358 Α
2013 294 2175 347 missa
2195 304 2323 348 sunt
2348 294 2398 348 in
2424 302 2625 348 interna
2651 293 2761 347 vita
2788 298 2842 347 et
2863 290 2956 346 Dei
2983 291 3064 365 (I)
3093 292 3289 364 gloria.

308 393 463 432 carne
483 378 610 433 dicti
641 379 720 448 (I)
765 378 834 433 ab
865 378 946 433 his
977 379 1066 448 qui
1104 380 1408 435 circumcisi
1444 393 1589 448 sunt,
1624 383 1676 437 id
1701 394 1784 438 est
1813 383 1907 439 Ju-

309 469 463 536 dteis,
491 486 612 542 qua:
642 472 983 527 circumcisio
1014 488 1174 527 manu
1206 473 1341 528 facta
1368 485 1474 529 est.
1508 475 1590 530 Ab
1618 475 1720 531 hac
1747 477 1906 543 igitur

308 565 749 633 circumcisione,
782 565 831 620 id
855 575 937 621 est
970 581 997 620 a
1030 566 1231 622 Iudaeis
1257 609 1271 634 ,
1302 582 1398 622 vos
1420 567 1660 623 dicimini
1693 585 1905 640 praepu-

308 667 477 734 tium;
512 667 564 722 id
595 676 679 723 est
706 666 797 738 qui
837 667 1143 724 circumcisi
1193 685 1299 725 non
1345 670 1498 725 esds.
1545 669 1675 726 Cum
1722 681 1900 728 autem

306 761 460 829 dixit,
493 761 633 833 quod
653 762 996 818 circumcisio
1021 779 1142 834 quae
1167 780 1329 818 manu
1348 763 1490 820 facta
1518 776 1620 831 est,
1647 781 1743 820 vos
1766 781 1904 836 prae-

306 855 513 926 putium
546 856 828 921 nominat;
858 856 1084 927 intelligi
1112 857 1307 925 voluit,
1335 872 1442 912 non
1472 873 1594 914 esse
1615 875 1643 912 a
1678 858 1788 914 Deo
1806 858 1902 914 da-

304 952 412 1001 tam
460 946 934 1002 circumcisionem
965 945 1070 1019 (2),
1111 964 1231 1020 qua:
1274 965 1438 1005 manu
1486 951 1623 1005 facta
1655 960 1772 1016 est;
1804 951 1897 1006 sed

303 1055 423 1096 esse
452 1039 676 1096 alteram
703 1041 1179 1098 circumcisionem
1204 1059 1326 1113 quae
1354 1044 1553 1098 mentis
1583 1053 1700 1111 est,
1729 1053 1782 1100 et
1804 1046 1898 1101 de-

302 1132 622 1188 sideriorum
653 1135 916 1200 omnium,
946 1143 1000 1190 et
1024 1143 1370 1205 peccatorum
1395 1137 1658 1202 omnium,
1685 1147 1744 1191 ut
1769 1152 1896 1194 vere

299 1225 558 1281 mundum
585 1241 615 1280 a
637 1241 696 1282 se
719 1225 1094 1294 circumcidat,
1119 1238 1172 1284 et
1193 1237 1408 1299 separet
1431 1227 1692 1283 desideria
1717 1229 1894 1284 carnis

299 1317 573 1374 universa.
609 1318 747 1388 Quid
779 1320 924 1374 enim
962 1319 1181 1389 prodest
1217 1334 1435 1375 carnem
1466 1319 1889 1388 circumcidere,

297 1424 417 1465 cum
451 1410 620 1480 magis
642 1411 828 1466 vitium
853 1427 1012 1466 omne
1034 1427 1129 1481 per
1154 1411 1365 1468 animos
1385 1422 1596 1467 crescat
1612 1429 1676 1467 ex
1704 1414 1891 1469 carne?

295 1501 390 1556 Illa
420 1502 604 1573 igitur,
625 1519 744 1573 quae
766 1520 830 1558 ex
848 1519 1011 1558 carne
1037 1512 1256 1574 peccata
1282 1511 1427 1565 sunt.
1453 1495 1888 1560 circumcidenda

293 1603 457 1651 sunt:
489 1603 545 1650 et
575 1596 692 1652 hmo
719 1596 1062 1652 circumcisio
1093 1612 1198 1651 non
1245 1612 1408 1651 manu
1438 1597 1579 1652 facta
1619 1598 1754 1664 erit,
1789 1597 1886 1654 sed

2089 387 2251 442 Vsus.
2279 387 2597 442 I5.——Nunc
2627 395 2796 440 autem
2822 386 2876 438 in
2905 384 3108 440 Christo
3142 387 3220 458 (Ξ)
3241 404 3327 442 vos
3347 430 3361 455 ,
3393 390 3480 458 qui
3514 392 3612 444 ali-

2009 479 2212 543 quando
2235 479 2384 551 longe
2399 479 2575 543 eratis,
2604 479 2727 547 {acti
2748 481 2866 531 estis
2884 496 3043 550 prope
3064 479 3115 532 in
3137 481 3384 551 sanguine
3396 481 3603 539 Christi.

2008 568 2195 626 Omnis
2209 574 2527 642 oratio,qu:e
2541 571 2968 626 exhortationem
2991 581 3284 642 teuet,post
3299 575 3606 644 generalem

2006 661 2426 732 disputationem
2459 671 2679 719 revocat
2704 665 3026 719 sententiam
3050 665 3114 720 ad
3133 679 3226 720 eos
3240 665 3306 719 ad
3329 682 3466 736 quos
3489 667 3606 738 epi-

2004 754 2197 808 stolam
2227 755 2436 819 scribit,
2469 755 2534 808 ad
2558 755 2822 823 Ephesius
2848 755 3075 812 scilicet.
3108 757 3272 828 Ergo,
3298 757 3491 829 inquit,
3521 773 3609 816 vos

2004 859 2220 915 quoque
2249 847 2336 917 qui
2379 847 2662 916 aliquando
2693 848 2844 918 longe
2882 849 3036 902 eratis
3062 890 3078 916 ,
3125 849 3175 903 id
3220 859 3305 904 est
3331 851 3563 922 gentiles
3587 894 3604 920 ,

2008 953 2151 992 nunc
2201 947 2382 993 autem
2437 939 2488 993 in
2539 939 2754 995 Christo
2807 942 2931 1012 facti
2980 942 3098 995 estis
3155 944 3609 1012 quemadmodum

2009 1045 2170 1100 prope
2192 1030 2244 1082 in
2267 1033 2518 1100 sanguine
2546 1028 2739 1085 Christi
2767 1048 2784 1085 :
2804 1033 3056 1101 quoniam
3085 1049 3189 1088 non
3213 1050 3376 1104 opera
3400 1045 3605 1101 nostra,

2005 1136 2181 1190 neque
2209 1121 2430 1190 Ephesii
2458 1137 2554 1177 sua
2588 1139 2754 1193 prope
2779 1124 2910 1193 sint,
2942 1134 2997 1179 et
3018 1126 3070 1180 in
3099 1125 3317 1182 Christo
3339 1126 3481 1193 sint;
3508 1128 3604 1185 sed

2001 1214 2273 1284 sanguine,
2302 1213 2492 1285 inquit,
2525 1213 2739 1271 Christi.

2069 1305 2232 1362 Vsus.
2270 1307 2355 1361 14.
2385 1338 2458 1348 -—-
2485 1306 2552 1363 Et
2599 1309 2819 1378 exponit
2868 1309 2994 1377 quid
3042 1311 3174 1367 illud
3215 1321 3300 1368 est
3341 1314 3463 1384 quia
3507 1330 3602 1384 per

1994 1401 2309 1469 sanguinem
2335 1400 2534 1456 Christi
2565 1402 2617 1455 in
2638 1401 2854 1459 Christo
2879 1417 3085 1471 sumus,
3118 1406 3373 1475 perﬁdem
3399 1417 3600 1463 tamen.

1991 1491 2114 1562 Ipse
2163 1504 2236 1550 est
2287 1498 2420 1550 enim
2474 1514 2579 1568 pax
2624 1508 2817 1555 nostra.
2868 1499 2973 1554 Per
3015 1502 3327 1573 mysterium
3393 1503 3593 1559 etenim

1992 1587 2112 1655 ejus
2155 1590 2485 1644 reconciliati
2524 1593 2634 1648 Deo
2659 1608 2847 1648 sumus
2876 1596 3037 1648 etiam
3071 1611 3177 1650 nou
3219 1596 3381 1652 alieni
3423 1614 3600 1668 neque

290 1687 465 1744 anima
493 1698 550 1745 ει
570 1690 784 1760 spiritu.
820 1689 932 1746 Hoc
956 1700 1137 1746 autem
1167 1691 1292 1747 ideo
1317 1691 1518 1747 dictum
1546 1735 1561 1758 ’
1594 1707 1661 1748 ne
1694 1691 1892 1761 pudeat
1919 1693 1967 1752 B
1997 1681 2313 1738 adversarii.
2339 1683 2474 1739 Cum
2507 1685 2651 1740 enim
2683 1687 2820 1740 alios
2850 1689 3186 1754 colebamus,
3221 1701 3277 1746 et
3296 1691 3454 1745 idolis
3481 1706 3598 1746 ser-

290 1779 414 1837 illos
433 1782 574 1852 quod
601 1785 920 1854 praeputium
943 1783 1195 1839 dicuntur
1220 1803 1232 1837 :
1260 1799 1369 1839 non
1396 1783 1538 1839 enim
1563 1794 1653 1838 aut
1675 1783 1776 1838 hoc
1808 1783 1886 1856 (5)

285 1881 437 1930 extra
467 1874 785 1944 religionem
832 1876 922 1930 Dei
952 1887 1034 1932 est
1061 1919 1076 1942 ,
1107 1887 1200 1931 aut
1243 1892 1373 1933 vere
1415 1877 1644 1943 dicitur;
1687 1878 1887 1948 quippe

285 1979 408 2020 cum
431 1981 460 2019 a
482 1964 710 2034 Iudaeis,
729 1985 852 2023 cum
875 1968 1085 2025 dicatur
1107 1969 1248 2024 idem
1272 1969 1340 2023 ab
1367 1984 1428 2024 ea
1451 1971 1884 2037 circumcisione,

289 2074 409 2129 qua:
435 2073 598 2113 manu
641 2060 779 2115 facta
822 2070 945 2116 est:
979 2077 1102 2116 cum
1150 2061 1341 2117 melior
1369 2062 1439 2116 sit
1475 2071 1528 2117 et
1568 2061 1748 2116 verior
1776 2064 1884 2118 cir-

282 2152 563 2219 cumcisio,
592 2167 752 2221 quam
783 2151 974 2208 fecerit
1001 2151 1180 2207 anima
1225 2161 1281 2208 et
1308 2152 1528 2223 Spiritus
1558 2192 1572 2219 ,
1603 2153 1887 2210 circumci-

282 2242 419 2300 dens
445 2244 626 2299 carnis
664 2245 845 2299 omnia
895 2254 1164 2314 peccata.-

352 2337 521 2394 Vsns.
550 2338 977 2406 IZ.—Quoniam
1004 2341 1160 2394 eratis
1188 2338 1280 2394 illo
1302 2349 1522 2412 tempore
1534 2339 1879 2397 sineChristo.

282 2428 418 2486 Cum
458 2430 598 2486 enim
645 2437 834 2502 gentes
859 2435 1044 2500 eratis,
1077 2433 1262 2503 utique
1283 2434 1399 2488 sine
1427 2433 1644 2490 Christo
1673 2436 1839 2492 eratis
1866 2454 1880 2490 :

280 2531 463 2594 itaque
511 2540 727 2595 semper
776 2525 1054 2594 Christus;
1099 2528 1192 2582 sed
1240 2529 1565 2600 quicumque
1615 2531 1886 2602 receperit

276 2615 568 2688 Christum,
595 2620 646 2674 in
673 2634 798 2676 eum
829 2621 1118 2691 sumpserit
1152 2620 1344 2686 Iidem;
1394 2630 1521 2677 tunc
1569 2624 1720 2694 quasi
1773 2623 1881 2678 cir-

273 2713 546 2770 CUIDCISIIS
576 2720 682 2776 est,
711 2720 765 2767 et
812 2721 940 2767 tunc
969 2712 1070 2768 erit
1106 2712 1157 2766 in
1188 2713 1626 2781 circumcisione,
1651 2712 1745 2769 sed
1774 2730 1880 2768 non

277 2824 440 2864 manu
486 2808 647 2864 facta.
705 2810 845 2880 Ergo
887 2808 1008 2864 ideo
1054 2809 1376 2880 praeputium
1407 2809 1594 2876 eratis,
1626 2810 1880 2880 quoniam

277 2916 384 2955 non
432 2900 596 2956 eratis
632 2916 753 2956 cum
793 2899 1029 2956 Christo.
1063 2902 1126 2956 Et
1148 2901 1250 2956 hoc
1279 2901 1541 2972 adjungit,
1574 2917 1680 2956 non
1717 2901 1881 2956 eratis

276 2994 388 3050 veri
413 2992 584 3048 Judaei
617 2993 827 3048 alienati
852 3010 883 3047 a
923 2995 1305 3049 conversatione
1345 2993 1531 3049 Israel.
1567 2993 1707 3049 Vera
1736 2993 1879 3049 enim

1993 1774 2306 1844 viebamus,
2340 1777 2494 1846 quasi
2542 1777 2744 1832 bellum
2787 1777 3117 1835 hahehamus
3144 1796 3264 1836 cum
3307 1781 3502 1850 Patre,
3547 1783 3601 1838 id

1997 1872 2081 1920 est
2112 1880 2232 1920 cum
2269 1867 2398 1922 Deo.
2447 1871 2517 1923 At
2565 1869 2776 1926 medius
2819 1869 3070 1928 Christus
3109 1874 3367 1945 mysterio
3409 1891 3506 1930 suo
3545 1882 3602 1931 et

1992 1959 2246 2027 passione
2274 1963 2648 2018 reconciliavit
2672 1979 2771 2018 nos
2799 1965 2849 2018 in
2881 1981 2959 2021 se.
2987 1967 3126 2037 Ergo
3155 1984 3264 2037 pax-
3284 1978 3482 2036 nostra,
3510 1969 3599 2040 qui

1992 2052 2114 2121 fecit
2139 2063 2354 2122 utraque
2390 2071 2586 2120 unum;
2616 2067 2662 2110 et
2685 2057 2907 2111 medium
2941 2062 3187 2131 parietem
3228 2063 3460 2118 materia:
3482 2063 3597 2119 sol-

1993 2155 2135 2206 vens,
2181 2145 2480 2200 inimicitias
2517 2148 2571 2201 in
2610 2165 2765 2202 carne
2793 2166 2907 2203 sua.

2065 2231 2226 2290 VERS.
2250 2235 2600 2309 15.—Legem
2618 2241 2995 2309 mandatorum,
3011 2243 3063 2296 in
3083 2244 3298 2299 decretis
3318 2263 3588 2304 evacuatis.

1988 2323 2120 2390 Pax,
2148 2327 2339 2397 inquit,
2368 2339 2548 2384 nostra
2571 2327 2818 2386 Christus
2839 2343 2920 2388 est
2948 2351 2960 2387 :
2980 2349 3140 2404 quem
3159 2343 3215 2390 et
3232 2336 3358 2391 alibi
3385 2339 3593 2393 media-

1987 2423 2157 2471 torem
2199 2420 2452 2487 appellat.
2476 2420 2594 2492 Ipse
2621 2423 2764 2478 enim
2796 2440 2854 2480 se
2884 2425 3206 2496 interposuit
3249 2428 3389 2483 inter
3415 2430 3587 2486 divisa

1985 2526 2171 2582 regna,
2193 2529 2312 2569 eum
2335 2516 2528 2569 animae
2549 2533 2578 2570 a
2610 2516 2703 2571 Dei
2729 2516 2876 2573 I‘oute
2893 2530 3050 2585 natas,
3085 2521 3139 2574 in
3162 2519 3265 2575 hoc
3288 2523 3488 2576 mundo
3508 2531 3591 2580 te-

1985 2614 2213 2660 neantur
2227 2606 2308 2661 vel
2331 2615 2646 2665 tenerentur
2671 2628 2682 2664 :
2701 2619 2756 2663 ut
2778 2611 3140 2669 intercederet
3160 2614 3369 2668 medius
3387 2616 3586 2684 paries,

1984 2698 2134 2767 quasi
2167 2713 2338 2769 saepes
2363 2716 2425 2755 ac
2455 2701 2820 2770 maceria,per
2843 2703 3122 2758 illecebras
3153 2706 3331 2760 carnis
3346 2716 3398 2761 et
3431 2723 3587 2764 mun-

1983 2787 2153 2845 danas
2180 2791 2519 2862 cupiditates.
2549 2793 2796 2848 Christus
2826 2799 3086 2865 mysterio
3117 2810 3214 2850 suo
3242 2806 3298 2852 et
3328 2813 3490 2854 carne
3534 2809 3593 2856 et

1997 2883 2250 2951 passione
2280 2893 2334 2938 et
2363 2883 2646 2955 disciplina
2672 2886 2906 2941 medium
2934 2888 3090 2942 istum
3112 2891 3367 2958 parietem
3399 2893 3584 2958 Solvit,

1983 2974 2034 3030 id
2065 2985 2149 3031 est
2169 2977 2390 3033 vincens
2421 2993 2638 3034 carnem
2661 2990 2715 3034 et
2740 2979 3053 3036 vincendam
3083 2983 3307 3050 docens,
3329 2996 3384 3041 et
3403 2989 3588 3044 mundi

276 3086 396 3158 ejus
422 3086 784 3153 conversatio,
817 3087 862 3140 si
916 3085 1213 3142 secundum
1259 3086 1504 3156 spiritum
1543 3086 1841 3141 sentiamus
1863 3127 1877 3152 ,

1985 3070 2311 3139 cupiditates
2337 3072 2552 3128 solvens
2583 3088 2647 3130 ac
2673 3073 2960 3130 solvendas
2983 3075 3211 3145 docens,
3236 3079 3470 3136 medium
3494 3097 3587 3152 pa-

276 3192 333 3237 et
361 3180 657 3238 secundum
697 3179 944 3251 spiritum
973 3181 1236 3248 vivamus,
1268 3190 1321 3236 et
1351 3179 1566 3236 Christo
1593 3181 1878 3236 circumci-

275 3272 466 3330 damur
494 3289 524 3328 a
553 3273 858 3329 carnalibus
891 3272 1193 3329 desideriis.

347 3385 416 3440 Et
455 3386 677 3459 hospites
707 3394 1122 3440 testamentorum
1141 3426 1155 3451 ,
1196 3386 1555 3459 promissionis
1582 3401 1765 3441 eorum
1794 3383 1876 3457 (5)

273 3496 417 3552 spem
436 3496 541 3534 non
567 3479 828 3544 habentes,
854 3489 898 3534 et
919 3479 1029 3534 sine
1061 3477 1170 3533 Deo
1190 3480 1244 3533 in
1271 3480 1368 3534 hoc
1391 3481 1606 3534 mundo.
1636 3477 1747 3532 I-Ioc
1767 3487 1872 3544 est,

273 3585 466 3648 gentes
493 3578 696 3639 eratis;
727 3581 784 3630 et
806 3575 929 3645 quia
960 3574 1094 3629 nihil
1123 3573 1366 3645 agebatis
1395 3589 1515 3628 cum
1538 3570 1788 3638 Christo,
1820 3579 1876 3627 et

273 3669 437 3726 eratis
464 3671 581 3724 sine
600 3668 848 3734 Christo,
875 3666 1099 3728 idcirco,
1131 3666 1324 3737 inquit,
1351 3681 1454 3722 non
1479 3665 1646 3721 eratis
1669 3667 1720 3720 iu
1744 3681 1874 3720 con-

274 3764 582 3819 versatione
610 3760 809 3824 Israel,
853 3759 1053 3815 idcirco
1087 3758 1327 3827 hospites
1372 3759 1536 3814 eratis
1582 3767 1873 3813 testamen-

274 3865 475 3921 torum,
506 3852 559 3908 id
580 3860 667 3908 est
694 3851 910 3906 alienati
943 3859 1288 3906 testamento.
1306 3849 1444 3918 Quid
1472 3859 1555 3905 est
1581 3858 1872 3905 testamen-

276 3948 425 4005 tum?
453 3963 483 4001 a
515 3945 876 4016 promissione
894 3950 1370 4010 testamentorum;
1405 3944 1507 3998 hoc
1537 3953 1617 3998 est
1644 3943 1872 4013 promis-

273 4039 448 4096 siouis
474 4052 660 4094 eorum
705 4052 826 4108 quae
870 4035 1010 4090 Deus
1049 4033 1372 4105 promiserat
1416 4051 1511 4105 per
1542 4043 1866 4091 testamenta

273 4147 392 4199 sua,
414 4131 464 4187 id
492 4139 576 4187 est
602 4146 697 4200 per
721 4129 1034 4199 prophetas,
1067 4143 1218 4199 spem
1251 4144 1358 4184 non
1388 4128 1649 4186 habentes
1678 4147 1692 4183 :
1723 4128 1868 4184 scili-

273 4232 362 4282 cet
402 4221 778 4292 promissionis
821 4236 1010 4276 eorum
1063 4235 1212 4291 spem
1263 4235 1368 4276 non
1416 4219 1696 4276 habentes.
1731 4219 1863 4275 Cum

272 4321 417 4377 enim
466 4318 660 4374 essetis
699 4316 817 4371 sine
856 4313 1074 4370 Christo
1118 4331 1224 4370 non
1278 4313 1428 4369 vobis
1474 4312 1864 4384 promittebatis

271 4426 422 4483 spem
471 4407 842 4481 promissionis
885 4422 1074 4462 eorum
1124 4414 1570 4462 testamentorum
1609 4423 1622 4460 :
1664 4405 1862 4474 quippe

271 4519 392 4559 cum
423 4503 490 4558 ab
519 4501 601 4557 his
633 4500 872 4570 hospites
901 4499 1094 4554 essetis
1120 4509 1174 4555 et
1198 4497 1359 4554 alieni
1381 4539 1396 4563 ,
1440 4507 1493 4552 et
1521 4498 1716 4554 essetis
1745 4499 1826 4551 sin

270 4597 408 4660 Deo,
431 4597 480 4651 id
521 4603 605 4651 est
645 4596 763 4652 sine
788 4591 1028 4649 Christo.
1060 4595 1148 4651 Sic
1178 4596 1322 4649 enim
1355 4592 1490 4648 dixit
1534 4610 1650 4647 cum
1694 4593 1866 4647 essetis

269 4695 381 4748 sine
394 4689 618 4746 Christo.
642 4689 783 4744 Ecce
799 4687 952 4743 ethic
972 4691 1134 4744 lleum
1153 4687 1428 4741 Christum
1447 4685 1737 4755 appellavit
1756 4683 1862 4756 (5).

270 4783 476 4838 Deinde
499 4791 678 4852 potest
699 4780 920 4848 intelligi
943 4779 1061 4835 siue
1085 4781 1215 4844 Deo,
1245 4779 1366 4850 quia
1391 4795 1456 4834 ex
1482 4777 1698 4833 Christo
1722 4777 1862 4832 Deus

271 4883 374 4930 est.
417 4875 594 4929 Eratis
622 4881 802 4929 autem
837 4873 888 4926 in
923 4871 1024 4927 hoc
1055 4870 1253 4925 tnundo
1282 4871 1398 4926 sine
1432 4870 1561 4924 Deo.
1592 4870 1718 4925 Sine
1748 4869 1860 4925 Deo

270 4968 405 5021 vivit
426 5007 444 5033 ,
477 4976 530 5020 et
561 4964 758 5034 ItoSpes
803 4971 888 5018 est
915 4979 944 5018 a
984 4964 1262 5034 promissis
1294 4972 1735 5019 testamentorum
1761 5003 1776 5029 ,
1805 4969 1862 5017 et

269 5058 410 5115 alius
437 5073 469 5114 a
490 5072 620 5114 vero
649 5056 834 5123 Israel,
863 5056 950 5112 cui
969 5056 1165 5112 ccelum
1188 5063 1425 5126 etregua
1451 5055 1712 5111 caelorum
1737 5069 1858 5124 pro-

368 5252 423 5324 I)
448 5251 619 5324 Codd.
642 5252 731 5324 qui
759 5267 856 5322 pro
876 5252 1016 5309 dicti.

368 5253 394 5309 I
448 5252 619 5310 Codd.
642 5252 731 5324 qui
759 5267 856 5322 pro
876 5252 1016 5309 dicti.

341 5252 425 5397 (2;
458 5323 662 5397 Nempe
692 5339 999 5380 sermonem
1027 5338 1131 5380 non
1164 5338 1285 5381 esse
1309 5323 1378 5379 de
1419 5322 1510 5378 illa
1539 5329 1724 5378 vetere
1748 5319 1856 5376 cir-

265 5395 619 5454 conicisiiitie.

341 5468 422 5538 (5)
451 5465 620 5522 Codd.
649 5481 712 5538 ex
740 5466 852 5520 hoc.

341 5537 422 5612 (1)
458 5538 650 5612 Eorum
678 5537 830 5593 deest
853 5539 905 5593 in
933 5537 1091 5612 Vulg.

341 5604 422 5682 (5)
461 5609 597 5682 Nota
638 5625 823 5665 rursus
863 5604 1488 5682 prmclzirum_Victorini
1524 5607 1592 5666 de
1639 5604 1856 5663 Christo

266 5680 381 5740 Deo
405 5680 818 5747 testimonium;
845 5690 899 5736 et
931 5680 1107 5735 recole
1126 5680 1231 5735 col.
1271 5680 1424 5737 1M7.

747 5775 1021 5838 PATBOL.
1057 5773 1223 5835 VIII.

1984 3163 2175 3218 rietem
2208 3166 2426 3220 sustulit
2454 3183 2468 3221 :
2502 3167 2553 3221 in
2587 3183 2754 3223 carne
2787 3180 2988 3234 tamen,
3019 3170 3212 3239 inquit,
3244 3187 3371 3229 suas
3403 3174 3583 3230 inimi-

1982 3257 2139 3312 citias
2169 3259 2358 3329 utique
2388 3258 2625 3316 solvens.
2669 3259 2812 3332 Ergo
2855 3277 2960 3316 non
3001 3266 3171 3318 nostri
3221 3265 3422 3321 laboris
3451 3276 3575 3335 est,

1980 3348 2122 3418 quod
2155 3363 2304 3419 szepe
2344 3365 2562 3416 moneo,
2594 3358 2653 3404 ut
2673 3365 2770 3405 nos
2811 3352 3119 3416 solvamus;
3165 3355 3258 3408 sed
3300 3356 3410 3410 sola
3443 3356 3578 3412 Iides

1984 3440 2037 3495 in
2069 3441 2340 3496 Christum
2387 3442 2543 3497 nobis
2573 3443 2722 3498 salus
2750 3452 2852 3498 est.
2883 3443 2980 3499 Ille
3017 3445 3158 3499 enim
3191 3446 3351 3502 solvit
3389 3462 3582 3505 omnes

1979 3534 2284 3591 inimicitias
2311 3537 2362 3591 in
2391 3552 2556 3592 carne
2578 3552 2693 3592 sua.
2725 3537 2853 3595 Item
2883 3539 3045 3594 solvit
3073 3550 3127 3595 et
3156 3542 3327 3612 legem
3359 3544 3580 3599 manda-

1976 3636 2178 3693 torum,
2227 3630 2277 3682 in
2309 3629 2525 3684 decretis
2570 3646 2824 3685 evacuatis
2865 3647 3007 3697 eam,
3041 3641 3098 3687 ut
3125 3649 3236 3689 non
3279 3651 3374 3705 per
3412 3651 3578 3706 opera

1975 3737 2153 3792 neque
2180 3737 2280 3792 per
2320 3723 2566 3778 sabbata.
2600 3723 2719 3792 Ipsa
2752 3725 2896 3778 enim
2925 3725 3144 3782 decreta
3187 3739 3308 3782 sunt
3354 3729 3408 3784 in
3459 3730 3578 3802 lege

1975 3814 2199 3885 ipsaque
2224 3815 2474 3882 mandata
2510 3834 2523 3869 :
2557 3832 2700 3873 nunc
2719 3817 2823 3890 (5),
2850 3818 3087 3888 inquam,
3115 3821 3419 3890 hujusmodi
3449 3841 3579 3893 pra:-

1973 3917 2128 3977 cepta
2160 3908 2626 3978 Observationum,
2659 3927 2777 3981 qua:
2801 3915 3091 3969 carnaliter
3115 3914 3389 3973 intellecta
3426 3928 3574 3986 sunt,

1972 4005 2256 4059 evacuavit
2283 4003 2550 4060 Christus.
2580 4005 2785 4072 Quibus
2810 4007 3084 4062 evacuatis
3105 4050 3119 4074 ,
3150 4009 3390 4066 medium
3422 4011 3570 4081 quod

1972 4097 2375 4165 intercesserat,
2397 4097 2664 4154 sublatura
2690 4111 2792 4154 est:
2814 4115 2912 4154 nec
2929 4099 3125 4155 animm
3144 4101 3254 4171 jam
3276 4101 3581 4173 impediun-

1973 4198 2059 4244 tur
2087 4189 2240 4260 quasi
2264 4189 2478 4261 objecto
2504 4190 2725 4254 mundo,
2757 4189 2809 4246 id
2828 4201 2913 4246 est
2941 4191 3320 4262 cupiditatibus
3351 4197 3577 4251 munda-

1973 4279 2080 4345 nis,
2114 4289 2168 4336 et
2200 4281 2586 4349 intellectibus,
2619 4289 2674 4336 et
2695 4281 2988 4337 desideriis
3014 4283 3217 4340 scilicet
3241 4288 3568 4357 carnalibus,

1967 4389 2035 4430 ne
2065 4374 2285 4429 videant
2309 4375 2499 4440 Deum,
2530 4383 2884 4444 cegnOSeant.
2915 4387 3229 4444 sequantur,
3256 4379 3414 4433 etiam
3443 4395 3568 4436 cum

1832 4511 1861 4551 θ
1888 4473 1942 4534 Ι)
1969 4481 2033 4522 eo
2061 4467 2244 4536 juncta
2274 4468 2405 4522 sint.
2437 4467 2549 4522 Hoc
2575 4469 2717 4522 enim
2741 4466 2899 4523 docet
2926 4475 2980 4522 ut
3007 4468 3109 4522 duo
3130 4469 3368 4524 conderet
3405 4472 3456 4525 in
3478 4489 3565 4526 se-

1968 4558 2204 4626 metipso,
2229 4557 2281 4611 in
2313 4575 2417 4612 uno
2446 4573 2572 4612 novo
2612 4558 2817 4611 homine
2845 4557 3038 4626 faciens
3092 4577 3269 4628 pacem
3306 4561 3406 4631 (4).
3442 4561 3561 4619 Dixi

1967 4665 2105 4719 quos
2134 4649 2274 4714 duo;
2305 4649 2549 4711 animas,
2579 4657 2632 4703 et
2661 4650 2940 4716 superiora
2971 4648 3084 4712 illa,
3119 4659 3319 4706 interna
3360 4654 3565 4712 scilicet

1965 4751 2021 4797 et
2049 4742 2334 4812 spiritalia.
2369 4743 2504 4796 Cum
2539 4740 2618 4811 (5)
2649 4741 2762 4810 ipse
2793 4741 3062 4807 Salvator,
3109 4745 3198 4812 qui
3229 4745 3446 4816 spiritus
3477 4759 3563 4804 est

1973 4842 2027 4889 et
2058 4844 2279 4888 sanctus
2311 4833 2570 4903 Spiritus,
2603 4831 2656 4887 in
2688 4833 2898 4886 animas
2925 4833 3221 4897 descendit,
3248 4837 3426 4904 junxit
3454 4841 3562 4896 duo

1969 4926 2250 4995 superiora
2286 4923 2546 4993 spiritalia
2567 4967 2580 4990 ,
2615 4932 2669 4980 et
2698 4925 2904 4978 animus
2936 4926 3206 4995 spiritales
3244 4943 3363 4983 csse
3394 4931 3519 4988 fecit
3539 4978 3554 5002 ,

1964 5025 2021 5073 et
2047 5017 2290 5072 condidit
2322 5018 2375 5071 in
2407 5017 2699 5087 semetipso
2731 5016 2784 5071 in
2813 5032 2940 5082 uno,
2976 5020 3184 5090 inquit,
3214 5036 3353 5077 novo
3377 5025 3556 5081 homi-

1965 5125 2055 5165 ne.
2077 5107 2258 5164 Novus
2284 5115 2464 5164 autem
2487 5109 2576 5179 qui
2603 5118 2687 5164 est
2711 5108 2911 5164 homo?
2935 5110 3193 5181 spiritalis
3209 5130 3221 5165 ;
3237 5122 3390 5171 vetus
3408 5116 3550 5173 enim

1963 5202 2213 5260 animalis
2235 5210 2338 5268 est,
2373 5211 2428 5257 et
2458 5199 2660 5258 exinde
2684 5201 2934 5257 carnalis.

2030 5315 2111 5389 (Il
2141 5305 2308 5389 Codd.
2347 5314 2476 5389 Deo.

2031 5385 2112 5455 (Ξ)
2143 5387 2296 5455 Vulg.
2326 5388 2475 5442 addit
2499 5385 2643 5440 Jesu.

2034 5458 2114 5532 (5)
2142 5458 2310 5532 Codd.
2328 5476 2465 5532 non,
2494 5461 2720 5532 inquam,
2758 5474 2846 5532 per
2875 5459 3192 5532 hujusmodi,
3223 5467 3329 5516 elc.

2033 5527 2111 5602 (4)
2143 5530 2212 5584 At
2241 5529 2398 5600 Vulg.
2431 5527 2586 5608 habet
2625 5549 2637 5583 :
2673 5527 2911 5608 Ut_l)eus
2940 5527 3135 5584 'condat
3178 5533 3232 5584 in
3278 5537 3547 5608 semetipso

1961 5603 2015 5657 in
2038 5600 2198 5656 unum
2228 5618 2414 5656 nouum
2441 5602 2695 5657 hominem
2732 5600 2924 5670 faciens
2956 5617 3150 5668 pacem.

2036 5672 2115 5745 (ὅ)
2147 5674 2314 5730 Codd.
2339 5690 2456 5745 quo.

2959 5761 3122 5824 lsO»
