4106 6184
428 227 568 289 1159

1645 224 1837 282 MAR"
1904 218 2246 281 VICTORINI
2287 223 2448 281 AFBI

3587 222 3725 280 19.60

498 344 743 411 Faciens,
769 341 959 413 inquit,
994 339 1271 410 pacem:id
1299 349 1384 396 est
1411 339 1651 396 discissis
1676 348 1732 395 et
1757 339 2020 412 separatis
2049 339 2098 401 Α
2125 340 2523 409 quodammodo
2565 354 2813 412 geramus
2860 341 2912 396 in
2945 338 3138 397 Deum.
3191 338 3307 397 Hoc
3335 344 3441 407 est,
3484 338 3727 413 inquam,

426 450 483 498 et
529 436 888 512 pugnantibus
908 476 924 501 ,
958 433 1008 490 id
1038 444 1121 490 est
1148 433 1345 488 animis
1371 433 1439 488 ad
1485 441 1697 488 terrena
1725 432 1945 503 dilapsis
1972 441 2027 487 et

425 543 640 590 terrena
668 528 1038 600 sequentibus,
1057 536 1113 584 et
1144 527 1342 583 idcirco
1364 527 1788 599 repugnantibus
1804 525 1888 580 his
1908 541 2025 597 quae

431 625 668 682 coelestia
699 632 825 694 sunt
855 631 908 677 et
936 619 1228 693 spiritalia;
1255 635 1463 692 pacem,
1497 619 1687 690 inquit,
1721 618 1864 684 fecit;
1897 617 2022 673 dum

422 713 1062 787 reconciliavitspiritalia
1092 723 1147 769 et
1176 713 1385 779 Deum;
1425 721 1481 768 ut
1503 712 1614 782 j-um
1648 728 1812 766 unum
1844 710 2024 764 animo

424 810 685 878 sentiant,
721 825 884 869 unum
927 808 1128 872 colant,
1155 823 1320 861 unum
1343 806 1472 873 sint,
1499 804 1707 861 scilicet
1734 801 2021 875 spiritales.

498 905 665 962 Vens.
725 900 819 959 16.
850 933 921 943 -
947 900 1014 956 Ει
1052 910 1109 955 ut
1157 899 1411 955 exhiberet
1456 908 1500 953 et
1540 894 1892 953 reconciliaret
1916 912 2025 950 am-

421 1002 508 1055 bos
548 999 602 1053 in
656 1013 759 1051 uno
814 1011 1060 1068 corpore,
1118 995 1228 1050 Deo
1279 990 1380 1065 (1).
1412 991 1675 1064 Jungens,
1715 988 1927 1062 inquit,
1967 998 2025 1043 ut

421 1092 662 1151 diximus
693 1101 746 1146 et
777 1090 989 1146 animas
1018 1101 1070 1145 et
1093 1087 1342 1159 spiritum
1366 1128 1381 1153 ,
1413 1102 1602 1156 pacem
1628 1084 1764 1143 fecit
1794 1103 1809 1140 :
1842 1095 1900 1141 ut
1927 1099 2023 1139 ex-

420 1185 636 1241 hiberet
664 1182 990 1254 conjunctos
1010 1181 1148 1237 dnos
1175 1182 1295 1236 illos
1321 1180 1594 1251 quondam
1621 1188 1928 1250 separatos,
1968 1186 2024 1233 et

423 1277 802 1335 reconciliaret
817 1276 950 1332 Deo.
976 1273 1045 1330 In
1075 1291 1200 1341 uno,
1228 1273 1425 1345 inquit,
1451 1288 1702 1344 corpore;
1739 1271 1791 1327 id
1813 1279 1898 1326 est
1919 1311 1933 1335 ,
1963 1278 2022 1324 ut

418 1370 534 1440 ipsa
567 1369 743 1424 anima
775 1367 887 1439 jam
922 1368 1144 1439 spiritus
1182 1381 1304 1421 cum
1336 1373 1513 1432 esset,
1544 1373 1599 1419 et
1637 1364 1751 1434 ipse
1796 1362 2021 1434 spiritus

418 1480 539 1520 cum
564 1463 675 1537 iam
700 1462 935 1518 animam
960 1461 1062 1516 sibi
1092 1460 1413 1528 vindicaret,
1437 1467 1585 1516 esset
1607 1474 1772 1513 unum
1794 1472 2017 1529 corpus,

417 1556 560 1628 quod
592 1557 764 1612 fuerat
790 1564 948 1610 antea
980 1562 1313 1629 separatum.
1363 1551 1469 1609 Sed
1515 1552 1601 1606 hic
1638 1566 1836 1622 corpus
1879 1551 2021 1607 acci-

417 1650 629 1725 piamus
660 1648 787 1703 item
829 1647 1226 1719 cepulationem
1255 1686 1271 1713 ,
1314 1656 1372 1699 ut
1411 1642 1773 1700 substantiam
1820 1656 2015 1710 unam;

2130 449 2315 505 pacem
2346 434 2716 507 evangelizare
2758 449 2945 490 rursus
2984 433 3129 506 quod
3164 433 3301 489 dixit
3335 440 3391 488 et
3414 434 3505 505 qui
3539 434 3690 506 longe
3712 475 3729 502 ,

2128 534 2181 580 et
2212 526 2290 580 his
2318 527 2409 599 qui
2428 529 2577 592 iuxta
2603 527 2668 583 ad
2698 527 2749 583 id
2778 526 3119 585 referendum
3152 527 3299 598 quod
3325 538 3409 583 est
3439 525 3647 582 Iudaeis
3677 534 3734 583 et

2127 618 2401 689 gentibus.
2436 620 2680 692 Namque
2717 622 2873 692 juxta
2921 631 3046 677 sunt
3081 616 3253 676 Judaei
3302 616 3531 685 scilicet,
3572 618 3733 691 lange

2128 719 2307 767 autem
2335 722 2546 783 gentes.
2578 713 2650 768 At
2677 728 2805 770 vero
2835 714 3086 785 quoniam
3110 714 3226 784 ipse
3247 712 3494 770 Salvator
3520 714 3733 786 accepit

2128 806 2462 877 evangelium
2496 814 2555 862 ut
2602 808 2654 862 in
2693 816 2882 880 gentes
2911 808 3284 878 pronuntiaret
3320 807 3519 873 Deum,
3550 808 3731 879 primo

2127 892 2256 952 illud
2288 901 2495 969 posuit;
2537 909 2595 956 ιιι
2632 915 2761 957 vere
2805 902 2966 956 etiam
3016 900 3263 958 Christus
3311 899 3605 958 adveniens
3647 903 3732 958 his

2127 990 2504 1058 pronuntiaret
2545 1006 2752 1062 pacem,
2792 990 2881 1063 qui
2911 991 3069 1065 longe
3104 1001 3252 1061 stmt,
3285 994 3336 1050 id
3361 1003 3444 1052 est
3474 996 3729 1067 gentibus

2126 1082 2261 1138 sicut
2283 1083 2464 1140 multis
2510 1086 2673 1142 rebus
2702 1087 3024 1143 ostenditur.
3060 1086 3193 1143 Nam
3231 1097 3287 1145 et
3331 1090 3588 1147 meliores
3629 1090 3731 1147 lilii

2125 1175 2379 1233 dicuntur
2420 1180 2509 1250 qui
2557 1194 2623 1235 ex
2669 1181 2919 1252 gentibus
2967 1182 3035 1237 ad
3083 1182 3459 1239 credulitatem
3500 1184 3730 1239 veniunt

2123 1285 2282 1340 quam
2312 1286 2378 1327 ex
2422 1269 2641 1329 Judaais.
2676 1272 3060 1332 Verumtamen
3094 1292 3160 1332 ne
3188 1285 3241 1333 et
3271 1276 3375 1334 illis
3414 1286 3725 1350 negaretur,

2122 1358 2437 1433 adiunctum
2467 1373 2522 1419 et
2551 1364 2631 1420 his
2650 1365 2740 1436 qui
2753 1369 2913 1439 juxta
2937 1378 3077 1422 sunt.
3643 1419 3648 1423 .

2193 1453 2360 1511 Vens.
2404 1455 2492 1514 18.
2549 1487 2621 1500 —-
2649 1455 2906 1525 Quoniam
2934 1476 3026 1531 per
3062 1461 3233 1533 ipsum
3267 1479 3526 1519 accessum
3569 1464 3726 1521 habe-

2122 1561 2236 1601 mus
2266 1548 2467 1619 utrique
2489 1551 2544 1606 in
2578 1568 2681 1607 uno
2707 1552 2892 1625 spiritu
2928 1552 2997 1608 ad
3019 1562 3216 1627 patrem
3242 1554 3342 1630 (1).
3389 1555 3624 1629 Utrique,
3664 1567 3727 1613 ut

2122 1641 2255 1710 dixi,
2287 1652 2342 1698 et
2382 1642 2553 1701 Judaei
2586 1654 2641 1702 et
2664 1656 2858 1719 gentes
2886 1663 2982 1719 per
3029 1651 3205 1719 ipsum
3235 1648 3511 1709 Christum
3558 1652 3729 1709 habe—

415 1742 557 1817 quod
588 1749 674 1796 est
701 1740 927 1797 cteleste
956 1752 1154 1810 corpus
1189 1746 1245 1793 et
1272 1738 1325 1791 in
1367 1737 1609 1792 aeternis.
1644 1734 1853 1806 Corpus
1882 1750 2017 1808 quo-
2050 1734 2097 1797 Β
2125 1748 2246 1790 ηιιιε
2287 1750 2562 1791 accessum
2611 1736 2678 1791 ad
2712 1748 2940 1809 patrem.
2989 1738 3095 1795 Sed
3151 1740 3464 1812 quomodo?
3512 1742 3567 1797 in
3615 1758 3727 1799 uno

416 1831 577 1893 modo
607 1830 812 1886 dictum
840 1829 960 1887 est?
989 1829 1057 1884 de
1099 1828 1326 1885 Domino
1357 1836 1544 1885 nostro
1583 1825 1714 1883 Jesu
1761 1824 2012 1894 Christo;

415 1923 557 1996 quod
608 1922 908 1997 corporalis
953 1921 1258 1978 substantia
1296 1928 1381 1975 est
1406 1920 1656 1975 Christus
1685 1917 2016 1990 corporalis-

414 2030 519 2087 que
559 2013 833 2087 lnajestas.
885 2012 986 2067 Per
1030 2030 1236 2068 carnem
1272 2012 1583 2081 interﬁciens
1620 2012 1916 2066 inimicitias
1962 2011 2016 2066 in

414 2108 708 2178 semetipso.
741 2106 853 2162 Hoc
881 2116 1061 2163 autem
1110 2116 1198 2163 est
1244 2105 1561 2179 mysterium
1603 2105 1782 2162 crucis
1812 2148 1827 2171 ,
1873 2113 1930 2160 ut
1960 2104 2013 2160 in

413 2218 629 2275 ptenam
660 2203 983 2258 tollerentur
1011 2200 1215 2268 omnia,
1242 2215 1363 2272 quae
1392 2198 1609 2257 inimica
1653 2207 1781 2255 sunt
1819 2196 2015 2257 animis

412 2306 466 2353 et
492 2296 711 2369 Spiritui
740 2304 961 2360 nostro;
995 2292 1049 2350 id
1078 2303 1163 2350 est
1189 2292 1461 2355 desideria
1491 2293 1759 2348 mundana
1786 2333 1801 2359 ,
1834 2291 2021 2347 carnis

417 2387 770 2461 cupiditates,
799 2388 1028 2458 ipsaque
1056 2400 1183 2443 caro
1214 2383 1448 2455 quodam
1473 2383 1635 2438 modo
1656 2390 1914 2452 corrupta
1935 2391 2016 2435 at-

409 2498 515 2556 que
541 2482 759 2537 vitiosa.
790 2480 894 2536 Per
917 2495 1135 2535 carnem
1167 2495 1297 2551 ergo
1332 2475 1581 2533 Christus
1612 2475 1883 2531 interfecit
1911 2474 2014 2530 ini—

408 2577 666 2641 micitias,
689 2575 742 2631 id
767 2585 852 2632 est
878 2575 1059 2632 omnia
1088 2573 1314 2630 adversa
1336 2573 1553 2629 animis.
1578 2572 1645 2627 Et
1674 2571 1762 2629 ubi
1790 2569 2014 2629 interfe-

408 2673 517 2730 cit?
545 2674 602 2728 in
630 2670 922 2742 semetipso.
956 2669 1082 2733 ideo
1109 2669 1255 2725 enim
1283 2667 1579 2743 assumpsit
1604 2681 1851 2735 carnem,
1876 2677 1933 2722 ut
1955 2666 2009 2721 in

408 2766 703 2836 semetipso
728 2765 975 2821 vinceret
1003 2777 1254 2828 carnem;
1284 2770 1341 2817 et
1370 2761 1450 2817 sic
1488 2776 1583 2831 per
1611 2774 1830 2817 carnem
1861 2758 2015 2816 carni

2119 1827 2308 1897 spiritu
2330 1829 2495 1896 enim,
2524 1830 2615 1900 qui
2642 1827 2890 1887 Christus
2921 1841 3044 1888 est:
3076 1833 3204 1889 dum
3247 1834 3303 1889 in
3331 1833 3509 1906 ipsum
3541 1834 3725 1893 credi-

2118 1934 2271 1988 mus,
2304 1920 2354 1975 in
2400 1936 2497 1977 nos
2525 1921 2797 1988 illabitur,
2830 1932 2887 1980 et
2916 1924 3082 1980 Deum
3127 1927 3428 1995 sentimus,
3459 1936 3518 1985 et
3554 1929 3728 1986 Deum

2117 2015 2516 2086 cegnoscimus,
2559 2024 2616 2072 et
2646 2016 2820 2075 Deum
2845 2019 3096 2076 colimus.
3129 2019 3272 2093 Ergo
3299 2021 3353 2077 in
3383 2026 3501 2093 ipso
3529 2024 3729 2095 spiritu

2116 2105 2185 2162 ad
2214 2117 2423 2177 patrem
2454 2117 2513 2165 ut
2540 2109 2723 2167 venire
2755 2112 3047 2185 possimus,
3072 2128 3171 2185 per
3200 2114 3472 2171 Christum
3510 2098 3729 2190 utrique

2114 2202 2301 2258 venire
2328 2203 2644 2274 poterimus.
2670 2203 2854 2277 Itaque
2880 2205 3057 2263 Judaei
3088 2207 3195 2262 nisi
3228 2223 3324 2278 per
3352 2205 3625 2266 Christum
3653 2211 3727 2267 ad

2117 2302 2327 2363 patrem
2368 2296 2556 2352 venire
2601 2307 2861 2367 possunt;
2911 2300 3364 2371 quemadmodum
3422 2310 3477 2358 et
3532 2313 3727 2377 gentes

2115 2385 2263 2440 nullo
2301 2386 2407 2442 alio
2442 2387 2779 2445 extrinsecus
2819 2390 2902 2446 vel
2947 2390 3129 2459 idolo,
3183 2392 3271 2448 vel
3314 2395 3586 2466 potentia,
3631 2398 3723 2454 vel

2114 2475 2374 2548 qualibet,
2406 2486 2464 2532 ut
2498 2477 2598 2549 ipsi
2628 2479 2927 2549 nominant,
2968 2483 3274 2554 majestate.

2192 2566 2353 2625 Vnus.
2390 2568 2701 2645 i9.—-Ergo
2717 2575 2833 2646 jam
2851 2590 2951 2627 non
2965 2575 3083 2629 estis
3105 2574 3326 2645 hospites
3354 2586 3402 2632 et
3420 2575 3602 2633 incolae
3618 2576 3729 2651 (Ξ),

2115 2661 2206 2716 sed
2222 2663 2343 2717 estis
2362 2663 2493 2720 cives
2525 2677 2821 2721 sanctorum
2841 2677 2887 2722 et
2909 2668 3172 2723 domestici
3207 2666 3322 2724 Dei.
3352 2667 3633 2728 Cuncludit
3655 2672 3733 2729 ad

2111 2757 2374 2826 speciem,
2385 2758 2738 2830 Ephesiorum
2753 2761 3130 2833 seilicet,qund
3145 2779 3251 2818 non
3266 2760 3374 2820 sint
3385 2765 3546 2821 etiam
3563 2765 3731 2822 alieni

410 2857 720 2930 prodesset,
747 2852 1127 2911 interﬁciendo
1153 2852 1555 2923 corruptionem
1585 2848 1800 2916 carnis;
1830 2858 1888 2905 et
1915 2864 2012 2920 per
2114 2861 2287 2919 neque
2309 2849 2500 2905 incolae
2535 2865 2710 2922 neque
2745 2851 3007 2925 hospites.
3038 2854 3140 2922 Qui
3157 2855 3300 2910 enim
3314 2857 3730 2927 peregrinantur

411 2952 867 3013 resurrectionem
894 2991 911 3018 ,
940 2947 1269 3011 assumendo
1306 2962 1496 3019 puram
1541 2954 1704 3017 atque
1747 2956 2009 3001 aeternam
2111 2954 2142 2995 a
2170 2941 2299 3007 Deo,
2324 2942 2646 3012 quoniamin
2672 2942 2762 2999 Dei
2785 2944 3039 3016 operibus
3053 2955 3292 3013 manent,
3310 2946 3361 3002 id
3382 2949 3544 3004 estin
3570 2964 3730 3005 mun-

411 3063 634 3107 carnctn
662 3056 823 3117 atque
851 3059 1014 3101 omne
1042 3057 1242 3114 corpus
1270 3041 1523 3108 deitatis;
1545 3056 1667 3096 cum
1689 3040 1869 3096 omnia
1897 3042 2011 3110 spi-
2054 3115 2079 3117 ῃ
2109 3032 2202 3098 do.
2240 3033 2479 3104 hospites
2501 3042 2556 3090 et
2584 3035 2775 3092 incolae
2800 3046 2928 3093 sunt
2957 3046 3015 3092 ut
3038 3039 3246 3109 possint
3267 3054 3391 3096 esse
3416 3038 3722 3111 domestici,

415 3138 555 3197 ritus
582 3115 903 3203 iiantisicut
929 3135 1114 3193 multis
1143 3134 1276 3190 locis
1301 3142 1356 3190 et
1381 3132 1579 3188 Paulus
1606 3132 1802 3200 docet,
1836 3140 1891 3188 et
1918 3145 2007 3188 res
2035 3115 2081 3181 C
2114 3125 2330 3182 Etenim
2359 3128 2402 3182 si
2432 3138 2488 3183 et
2506 3126 2846 3185 daemonibus
2873 3130 3231 3186 immolabuut
3257 3129 3361 3206 (3).
3396 3142 3583 3204 postea
3606 3126 3746 3190 (ιω-⁸

407 3233 522 3304 ipsa
549 3232 892 3291 manifestata
916 3239 1019 3286 est.
1046 3228 1103 3285 In
1134 3243 1241 3300 quo
1262 3228 1423 3284 etiam
1449 3226 1603 3295 illud,
1634 3225 1781 3296 quod
1809 3224 2007 3296 ubique

405 3324 755 3381 ostendamus
785 3323 972 3388 velim,
993 3321 1116 3392 quia
1150 3318 1410 3377 Dominus
1432 3328 1615 3376 noster
1664 3317 1821 3374 Jesus
1845 3316 2004 3373 Chri-

402 3426 520 3475 stus
559 3417 717 3477 istam
746 3416 915 3486 ipsam
953 3412 1186 3483 quodam
1209 3410 1370 3471 modo
1394 3410 1574 3466 carnis
1604 3418 1659 3464 et
1683 3408 1870 3465 mundi
1910 3424 2009 3479 pu-

404 3528 566 3582 gnam
608 3512 737 3568 vicit
763 3552 783 3578 ,
810 3508 1103 3582 superavit.
1129 3508 1387 3569 Nostrum
1421 3521 1559 3577 pene
1585 3506 1696 3578 jam
1725 3506 1857 3561 nihil
1886 3513 2009 3572 est,

405 3604 513 3661 nisi
548 3604 724 3661 solum
772 3601 996 3661 credere
1032 3602 1123 3673 qui
1169 3599 1448 3672 superavit
1493 3599 1699 3657 omnia.
1751 3597 1877 3652 llaec
1924 3606 2008 3652 est

407 3700 556 3757 enim
585 3699 737 3768 plena
765 3697 1015 3762 salvatio,
1035 3694 1312 3755 Christum
1343 3694 1457 3755 haec
1481 3693 1699 3758 vicisse,
1726 3691 2003 3749 Christum

406 3792 531 3851 ideo
564 3793 623 3846 in
650 3807 814 3851 cruce
852 3791 1122 3847 sublatum
1165 3805 1321 3851 esse,
1363 3788 1643 3843 Christum
1668 3786 1791 3841 ideo
1822 3800 2004 3840 resur-

410 3890 642 3952 rexisse,
674 3892 735 3940 ut
756 3883 916 3938 nobis
944 3883 999 3936 in
1036 3898 1157 3937 eum
1194 3880 1545 3937 credentibus
1574 3879 1720 3936 salus
1741 3919 1756 3944 ,
1786 3877 2005 3935 mterni-

408 3988 489 4035 tas
518 3986 576 4035 et
603 3977 863 4035 caelorum
892 3973 1060 4043 gloria
1093 3981 1393 4043 pararetur.

476 4069 641 4127 Vens.
674 4069 757 4123 17.
804 4095 876 4106 -
903 4064 969 4120 Et
998 4065 1200 4120 veniens
1239 4062 1606 4133 evaitgelizavit
1640 4078 1817 4133 pacem
1857 4061 2006 4116 nobis

403 4165 488 4236 qui
507 4164 739 4234 longe,et
752 4175 928 4232 pacem
948 4158 1027 4212 his
1048 4159 1133 4229 qui
1144 4156 1301 4225 juxta
1326 4152 1425 4227 (2).
1440 4194 1474 4208 ..
1505 4153 1732 4208 Omnem
1757 4161 1935 4208 actum
1949 4163 2003 4208 et

404 4257 690 4310 adventum
723 4250 932 4307 Domini
963 4248 1257 4305 Salvatoris
1290 4263 1383 4317 per
1419 4262 1481 4302 ea
1518 4262 1636 4318 quae
1666 4258 1922 4318 geruntur
1948 4254 2004 4302 et

400 4343 639 4419 gerenda
664 4353 812 4407 sunt,
841 4339 1110 4410 exprimit.
1132 4337 1408 4394 Adventus
1435 4338 1575 4391 enim
1611 4337 1817 4391 Domini
1842 4352 2004 4392 evan-

401 4437 652 4510 gelizavit
677 4450 889 4506 pacem,
922 4431 978 4487 id
1014 4441 1099 4488 est
1137 4442 1193 4486 ut
1221 4428 1702 4485 reconciliarentur
1732 4427 1998 4496 homines,

2112 3218 2302 3276 dentes
2335 3230 2390 3277 et
2432 3231 2720 3291 sequentes
2759 3222 2962 3289 Deum,
3002 3234 3129 3279 sunt
3160 3223 3477 3294 domestici,
3526 3223 3625 3282 sed
3665 3226 3727 3282 in

2113 3315 2336 3373 mundo.
2383 3316 2533 3373 Nunc
2580 3326 2759 3374 autem
2813 3316 2906 3391 qui
2942 3333 3049 3374 non
3092 3317 3342 3386 credunt,
3391 3317 3431 3373 ii
3474 3318 3723 3390 ltospites

2111 3419 2240 3464 sunt
2276 3418 2333 3465 et
2380 3409 2591 3464 inculte.
2639 3409 2811 3465 Porro
2836 3410 2981 3481 quod
3024 3410 3393 3468 emciuditad
3424 3410 3711 3484 Ephesios,

2110 3505 2159 3558 si
2186 3503 2279 3574 qui
2319 3504 2485 3558 Deum
2507 3502 2817 3568 crediderit,
2854 3514 2910 3559 et
2940 3519 3038 3574 per
3062 3494 3347 3560 Christum
3365 3518 3433 3562 so
3452 3506 3523 3561 ad
3545 3505 3719 3562 Deum

2111 3596 2385 3666 pertinere
2408 3597 2746 3666 cognoverit,
2773 3611 2951 3668 neque
2970 3596 3171 3669 hospes
3192 3606 3373 3670 neque
3389 3599 3573 3653 incola
3591 3606 3676 3654 est
3697 3614 3717 3665 ;

2111 3689 2233 3744 estis
2255 3702 2405 3759 ergo,
2431 3688 2624 3760 inquit,
2649 3684 2893 3759 Ephesii,
2920 3691 3051 3746 cives
3071 3699 3367 3747 sanum
3384 3704 3431 3746 α
3449 3691 3719 3746 deum

2109 3778 2229 3835 Dei.
2262 3780 2321 3835 In
2357 3796 2519 3835 unam
2559 3780 2703 3835 enim
2737 3781 3034 3848 civitatem,
3064 3782 3115 3838 id
3142 3792 3228 3839 est
3266 3784 3529 3840 amittam
3558 3782 3713 3840 illam

2109 3874 2449 3941 superiorum
2490 3873 2843 3943 divitiarum,
2890 3888 3051 3945 quam
3106 3875 3441 3932 Hierusalem
3487 3885 3713 3946 vocant,

2109 3967 2440 4022 conveniunt
2466 3981 2679 4035 omnes,
2703 3976 2759 4023 et
2783 3978 2915 4023 sum
2938 3969 3073 4024 ciues
3095 3978 3397 4025 sanctorum
3421 3980 3471 4026 et
3497 3969 3719 4026 Deida-

2109 4060 2306 4114 mestici
2325 4076 2345 4115 :
2370 4061 2621 4130 quoniam
2664 4062 2721 4115 iu
2767 4061 2960 4118 eadem
2982 4063 3207 4120 civitate
3230 4064 3375 4122 Deus
3398 4064 3562 4120 voluti
3588 4079 3715 4120 rec-

2110 4161 2274 4207 toret
2324 4153 2574 4208 dominus
2615 4161 2670 4210 et
2722 4154 2971 4227 princeps
3006 4162 3111 4212 est.
3162 4157 3329 4215 [idem
3374 4170 3513 4230 ergo
3536 4158 3714 4213 dum

2107 4244 2225 4297 stici
2250 4242 2366 4299 Dei.
2576 4246 2582 4251 ”

2178 4336 2317 4405 Quid
2359 4347 2538 4395 autem
2583 4339 2951 4413 intelligamus
2992 4344 3129 4399 cives
3175 4347 3513 4402 ultumum?
3556 4347 3709 4418 quasi

2105 4429 2255 4485 aliud
2298 4443 2456 4487 erunt
2501 4434 2584 4489 isti
2632 4435 2722 4504 qui
2757 4434 2902 4492 cives
2955 4435 3239 4507 dicuntur,
3276 4446 3333 4494 et
3384 4438 3533 4495 aliud
3578 4446 3708 4494 sunt

400 4509 650 4602 totusque
694 4525 925 4585 mundus
968 4539 1062 4595 per
1105 4522 1314 4578 animas
1355 4522 1409 4577 in
1456 4521 1625 4576 Deum
1682 4520 1998 4590 respiciens,
2029 4509 2086 4570 D
2107 4524 2297 4578 sancti.
2328 4523 2480 4592 Quod
2507 4526 2551 4580 si
2583 4528 2657 4581 ita
2682 4537 2787 4593 est,
2818 4528 2910 4599 qui
2941 4538 3068 4585 sunt
3096 4532 3290 4600 sancti,
3321 4541 3377 4589 et
3405 4531 3498 4602 qui
3520 4531 3712 4587 cives?

400 4625 535 4685 nihil
560 4622 771 4685 adversi
800 4616 879 4692 (ὅ)
907 4615 1153 4685 sentiret,
1174 4616 1398 4672 haberet
1420 4629 1628 4686 pacem.
1647 4612 1801 4683 Quod
1819 4623 1998 4670 autem

398 4718 535 4774 dixit
563 4716 707 4787 quod
723 4715 891 4779 Deus,
917 4710 972 4766 id
993 4720 1078 4766 est
1102 4709 1375 4775 Salvator,
1406 4707 1629 4767 veniens
1658 4705 1996 4777 evangeliza-

402 4811 512 4875 vit;
551 4823 713 4864 omne
738 4802 993 4876 quidquid
1034 4801 1174 4857 bene
1208 4809 1293 4856 est
1327 4807 1383 4855 et
1428 4796 1626 4852 bonum
1664 4798 1994 4869 pronuntiat,

397 4900 736 4971 evangelium
757 4897 968 4953 dicitur.
996 4892 1164 4950 Deum
1196 4891 1340 4947 enim
1372 4890 1653 4971 nuntiare,
1687 4898 1742 4943 et
1772 4888 1909 4943 Deus
1940 4894 1998 4942 ut

395 4968 757 5065 cognoscatur
781 4989 1011 5053 docere,
1051 4992 1107 5041 et
1138 4983 1192 5040 in
1222 4982 1388 5039 Deum
1414 4968 1821 5037 conversionem
1852 4995 1993 5034 nun-

397 5087 558 5153 tiare,
587 5081 959 5153 evangelizare
983 5087 1067 5137 eat
1110 5094 1123 5130 ι
1155 5085 1210 5132 et
1237 5073 1341 5133 hoc
1369 5082 1453 5130 est
1493 5072 1865 5146 evangelizare
1903 5088 1997 5143 pa-

396 5178 536 5244 cem,
572 5186 631 5233 ut
665 5156 771 5230 non
814 5169 1245 5229 discordantibus
1271 5168 1467 5225 animis
1502 5176 1557 5224 et
1576 5184 1765 5223 errore
1794 5168 1992 5238 depra-

395 5272 554 5339 vatis,
586 5270 713 5326 dmn
742 5266 1007 5322 servimus
1037 5261 1121 5318 vel
1164 5260 1357 5332 hylicis
1384 5260 1757 5330 potestatibus,
1788 5256 1988 5313 bellum

465 5384 545 5458 (l)
575 5384 734 5458 Vulg.
778 5396 883 5458 non
913 5379 1075 5458 habet
1102 5386 1157 5431 ut
1185 5375 1439 5458 exhiberet
1465 5416 1481 5441 ,
1522 5374 1619 5430 sed
1652 5383 1882 5436 tantum.
1908 5372 1986 5458 .Et

388 5445 884 5513 rec‘oricitiet‘ambos
914 5453 967 5506 in
992 5464 1096 5504 uno
1123 5462 1355 5516 corpore,
1389 5445 1499 5503 Deo
1524 5463 1615 5517 per
1640 5462 1873 5513 crucem,
1901 5447 1984 5502 ξπ.

389 5528 641 5598 terﬁrietts
666 5524 962 5598 inimicitias
988 5519 1365 5598 in_semetipso.

462 5588 538 5672 (Ξ)
583 5595 740 5672 νιιΙβἶ
789 5614 809 5672 ι
846 5593 914 5651 Et
949 5589 1554 5672 ueniensneuangelizauit
1598 5605 1771 5660 pacem
1815 5588 1977 5655 vobis,

382 5660 478 5743 qui
495 5660 644 5743 longe
665 5660 855 5743 fuistis,
886 5675 930 5719 et
950 5678 1134 5743 pacem
1152 5661 1237 5728 iis,
1268 5660 1356 5730 qui
1380 5676 1557 5731 ιιι-θρα.

447 5742 526 5816 (ὅ)
564 5738 736 5797 Codd.
762 5738 1009 5797 adversis.

2106 4615 2512 4688 intelligendum
2553 4631 2681 4691 puto
2731 4634 2951 4680 sanctos
2998 4630 3250 4697 posuisse
3309 4627 3591 4698 apostolos
3650 4634 3708 4683 et

2105 4712 2397 4782 prophetas
2430 4724 2483 4769 et
2516 4723 2776 4782 αξιοι-οε,
2819 4717 2912 4788 qui
2949 4719 3120 4775 Deum
3147 4728 3240 4775 aut
3273 4722 3423 4791 passi
3447 4730 3576 4776 sunt
3611 4729 3710 4776 aut

2102 4802 2385 4869 viderunt;
2414 4805 2515 4861 hoc
2539 4817 2622 4863 est
2648 4809 2741 4879 qui
2761 4809 3099 4867 inhabitante
3118 4811 3172 4867 iu
3194 4825 3256 4868 se
3276 4812 3491 4884 spiritu,
3520 4812 3704 4869 divina

2104 4895 2268 4952 locuti
2296 4908 2443 4965 sunt,
2488 4909 2578 4953 aut
2621 4909 2940 4970 prmsentem
2970 4904 3153 4975 aiiquo
3194 4904 3361 4961 modo
3407 4904 3700 4972 viderunt;

2103 4990 2285 5060 aliquo
2316 4992 2479 5047 modo
2502 4993 2634 5059 dixi,
2668 4995 2752 5051 vel
2795 5012 2891 5068 per
2910 5012 3149 5064 carnem,
3179 4999 3263 5055 vel
3307 5013 3404 5070 per
3424 5000 3698 5072 spiritum,

2106 5089 2163 5136 ιιι
2189 5082 2490 5150 Abraham,
2518 5096 2570 5141 ut
2603 5090 2902 5158 apostolus,
2931 5098 2988 5146 nt
3009 5092 3193 5148 caeteri
3215 5091 3250 5146 ii
3275 5106 3371 5163 per
3396 5107 3615 5150 carnem
3643 5105 3702 5151 et

2103 5190 2198 5245 per
2222 5176 2493 5245 spiritum,
2521 5187 2578 5233 ut
2599 5195 2789 5238 omnes
2811 5183 3074 5253 apostoli:
3111 5183 3163 5239 hi
3193 5199 3324 5256 ergo
3352 5186 3523 5242 sancti
3550 5196 3698 5242 sunt.

2101 5268 2202 5337 Qui
2243 5278 2421 5325 autem
2451 5271 2678 5328 credunt
2722 5274 2774 5329 in
2810 5272 3087 5331 Christum
3114 5276 3455 5335 sinebam.
3490 5277 3697 5351 aliquo,

2095 5365 2229 5420 cives
2256 5376 2379 5422 sunt
2405 5378 2699 5424 sanctorum
2737 5380 2788 5426 et
2831 5372 3094 5428 damestici
3124 5368 3244 5430 Dei.

2164 5524 2244 5608 (.l)
2274 5524 2445 5608 .Vulg.
2473 5543 2512 5608 εκ
2524 5527 2780 5608 Quoniam
2817 5547 2907 5600 per
2939 5531 3111 5601 ipsum
3142 5531 3387 5591 habemus
3432 5551 3694 5595 accessum

2090 5594 2241 5672 ambo
2268 5597 2320 5672 ig
2342 5594 2446 5672 uno
2474 5598 2674 5672 Spiritu
2697 5601 2767 5656 ad
2786 5594 3008 5672 putrem.

2160 5666 2239 5742 (ἓ)
2280 5666 2388 5742 [ξι-ιι
2412 5666 2617 5742 inedire,
2644 5666 2797 5742 vnlgI
2817 5671 3005 5742 habet,
3027 5674 3258 5732 advena.

2160 5737 2238 5808 (ὅ)
2277 5738 2449 5795 Codd.
2479 5737 2798 5798 indicabunt.
