4106 6184
371 210 503 269 1261

1373 224 1438 282 IN
1483 230 1865 290 EPISTULAM
1904 224 1998 292 AD
2043 236 2374 304 EPIIESIOS
2414 246 2616 305 LIBER
2657 244 2698 307 l.

3526 260 3668 328 {9.62

440 328 2045 419 Vsas.20.-Superwdiﬁcatisuprafundamentumaposto-A
2074 355 2212 423 mis,
2272 359 2557 434 solumque
2607 363 2882 422 Christum
2942 367 3012 425 ibi
3075 372 3283 432 animas
3331 381 3671 444 coaediﬁcare

367 422 551 475 torum.
583 422 726 481 Satis
748 426 861 495 ipse
892 426 1204 498 declaravit,
1236 434 1377 489 aliud
1398 450 1523 492 esse
1548 448 1788 505 sanctos,
1820 441 1964 498 aliud

368 512 512 570 vices
540 533 553 568 :
580 517 844 588 siquidem
872 523 1328 592 supermdiﬁcatos
1342 526 1479 583 dixit
1508 530 1641 587 istos
1657 547 1816 604 supra
1849 536 1969 591 l'nu-

368 602 681 663 damentnm
703 613 1089 681 apostolorum.
1120 615 1249 672 ltem
1274 629 1329 674 ut
1365 630 1627 691 pmcepta
1654 602 1739 678 vel
1775 625 1963 681 obser-

368 713 496 755 vare
516 700 766 770 debeant,
792 704 874 761 vel
890 704 959 761 ad
982 708 1070 763 Dei
1093 710 1873 782 cognitionem.veladeultum
1903 733 1966 775 ac

370 791 703 861 religionem.
733 790 890 851 Jesns
916 798 1182 865 Christus,
1217 813 1273 857 et
1302 815 1568 875 praecepta
1591 804 1732 877 ejus,
1776 809 1967 865 tunda-

370 896 551 940 menta
583 898 710 944 sunt
739 892 1100 960 apostolorum
1133 913 1147 950 :
1179 910 1299 968 quae
1341 897 1686 957 fundamenta
1728 919 1966 975 supera:-

370 976 733 1037 dilieationem
762 981 962 1039 habent
986 988 1097 1055 jam
1125 1003 1187 1043 ex
1223 990 1330 1046 vita
1367 1003 1419 1046 et
1447 1009 1512 1047 ex
1546 995 1786 1050 tuoribus
1818 1005 1870 1050 et
1899 1011 1966 1052 ex

368 1083 573 1139 genere
609 1073 819 1130 vivendi
848 1085 903 1130 et
936 1077 1238 1150 disciplina.
1281 1082 1523 1140 Primum
1570 1094 1745 1143 tamen
1776 1086 1966 1144 funda-

370 1172 611 1218 mentum
650 1167 830 1224 estad
879 1171 1038 1228 vitam
1081 1188 1101 1228 τ
1133 1183 1362 1242 οωιοινει,
1408 1176 1482 1231 ad
1512 1178 1883 1235 exornandum
1911 1190 1969 1237 et

367 1256 829 1316 emdilieandum.
882 1262 1155 1330 Primum,
1198 1268 1397 1340 inquit,
1430 1267 1836 1329 fundamentum
1884 1284 1967 1331 est

367 1346 641 1406 Christum
667 1352 909 1421 credere,
943 1367 997 1413 et
1023 1359 1075 1414 in
1106 1374 1172 1415 eo
1198 1376 1350 1431 spem
1374 1362 1596 1433 habere,
1626 1373 1681 1421 et
1708 1366 1762 1422 in
1795 1367 1965 1423 Deum

370 1439 530 1495 ﬁdem
572 1443 804 1500 mittere.
859 1444 971 1505 Hoc
1008 1460 1191 1507 autem
1227 1452 1422 1510 docent
1464 1458 1725 1526 apostoli;
1767 1468 1821 1515 et
1864 1461 1967 1516 hoc

368 1540 451 1586 est
476 1532 883 1594 hindament‘um
907 1541 1068 1597 etiam
1106 1542 1488 1614 prophetarum
1523 1567 1536 1603 :
1577 1547 1719 1605 bono
1749 1549 1962 1619 ordine,

368 1627 662 1684 secundum
692 1631 827 1688 iilnd
867 1634 1009 1705 quod
1037 1650 1196 1708 supra
1228 1632 1421 1708 divisi,
1468 1650 1523 1697 ιιι
1563 1652 1780 1700 sanctos
1819 1644 1965 1700 dice-

366 1732 485 1774 rem
514 1729 568 1775 et
592 1737 687 1778 eos
724 1724 823 1795 qui
850 1726 1099 1783 videram
1129 1738 1182 1784 et
1210 1744 1306 1786 eos
1334 1731 1429 1803 qui
1470 1734 1717 1806 spiritum
1769 1736 1963 1792 tolera-
1990 1738 2045 1803 Β
2066 1745 2468 1815 autquimultos
2481 1750 2695 1808 labores
2709 1764 2962 1828 etptenas
2983 1724 3300 1832 toleravifet

368 1818 561 1869 verunt
579 1813 680 1889 (ιι).
731 1814 992 1874 Viderunt
1023 1821 1169 1877 enim
1199 1825 1451 1894 apostoli,
1481 1827 1728 1897 spiritum
1760 1828 1964 1886 habue-

368 1913 491 1958 runt
532 1908 826 1977 prophetae.
876 1908 1182 1968 Secundum
1226 1915 1388 1985 igitur
1436 1929 1699 1989 pracepta
1740 1932 1962 1990 aposto-

368 1998 551 2053 lorum
594 2007 650 2056 et
691 2004 1070 2073 prophetarum
1112 2008 1255 2078 (qua:
1306 2024 1571 2083 praecepta
1614 2012 1837 2085 Christi)
1881 2026 1964 2073 est

366 2091 736 2162 annuutiatio,
780 2104 835 2150 et
865 2107 949 2152 est
990 2096 1398 2158 fundamentum
1451 2106 1614 2161 totius
1645 2109 1964 2166 :eternitalis

368 2190 425 2236 ct
452 2183 589 2253 spei.

441 2292 1035 2372 Suprrwtﬁﬁcati‘estis,
1069 2307 1261 2379 inquit,
1299 2312 1352 2365 in
1381 2313 1494 2384 ipso
1523 2317 1767 2387 angulari
1791 2317 1967 2388 lapide

366 2384 493 2443 .l‘esu
514 2388 739 2447 Christo.
770 2395 954 2452 Omnis
985 2394 1255 2457 medietas
1277 2403 1418 2458 inter
1442 2404 1550 2460 duo
1588 2384 1802 2477 semper
1823 2384 1968 2478 posi-

369 2486 440 2534 ta.
475 2475 620 2550 l'lznc,
649 2483 754 2538 duo
776 2488 1059 2559 antjuugit
1083 2501 1171 2545 ant
1200 2504 1433 2563 separat.
1458 2495 1565 2552 Sed
1590 2497 1677 2553 ubi
1697 2475 1966 2568 separatio

368 2583 449 2629 est
495 2578 709 2644 animis,
740 2576 813 2635 ibi
856 2578 936 2654 (2)
978 2582 1210 2640 mundus
1251 2591 1485 2663 φραγμὸς
1525 2588 1754 2659 dicitur,
1786 2592 1841 2646 id
1884 2602 1973 2649 est

367 2671 620 2723 maceria.
651 2666 751 2726 Ubi
780 2683 961 2728 autem
1006 2672 1217 2746 junctio
1243 2678 1456 2746 animis,
1492 2680 1741 2737 Christus
1778 2692 1881 2749 est,
1913 2696 1969 2739 et

368 2759 502 2830 lapis
529 2762 1026 2837 dicituraogularis,
1054 2770 1308 2841 quoniam
1333 2786 1463 2828 vere
1487 2772 1762 2845 angularis
1789 2774 1963 2845 lapis:

368 2861 419 2907 et
445 2853 491 2907 is
533 2866 617 2910 est
664 2861 753 2928 qui
802 2859 853 2914 in
904 2861 1076 2930 primo
1106 2862 1397 2919 collocatus
1443 2876 1570 2928 est;
1612 2883 1741 2924 vere
1771 2869 1967 2940 angulo

369 2938 772 3002 fundamentum
806 2951 1058 3020 positum,
1082 2954 1294 3009 duobus
1314 2956 1571 3013 lateribus
1591 2958 1792 3030 jungit.
1817 2938 1966 3017 llunc

369 3035 602 3107 lapidem
632 3042 1001 3117 ἀκρογωνιαῖον
1033 3046 1321 3117 appellavit
1364 3066 1376 3102 :
1434 3066 1541 3105 non
1573 3052 1717 3106 enim
1761 3061 1964 3108 tantum

2073 447 2249 505 adhuc
2276 448 2439 521 dicat,
2473 466 2531 510 ut
2556 458 2811 528 templum
2843 460 2975 516 [iant
3004 462 3137 520 Dei?

2141 538 2294 597 CAP.
2316 542 2645 604 Ill.—V£as.
2682 550 2732 616 l,
2764 552 2894 607 2.-
2919 553 3088 630 Hujus
3108 561 3183 615 rei
3202 566 3372 631 gratia
3398 584 3493 639 ego
3516 569 3662 626 Pau-

2068 628 2148 687 lus
2177 635 2374 692 vinctus
2401 636 2592 695 Christi
2634 641 2738 716 (l),
2782 662 2876 714 pro
2916 628 3055 705 vobis
3101 628 3375 723 geniibus:
3405 628 3450 714 si
3497 671 3668 719 tamen

2067 727 2284 784 audistis
2313 729 2694 804 dispositionem
2749 737 2841 792 Dei
2876 747 3076 811 gt'alite.
3110 745 3405 817 Supererat
3443 762 3499 809 ut
3541 770 3667 813 cum

2068 816 2135 874 de
2162 822 2321 878 rebus
2351 824 2560 882 locutus
2588 842 2753 899 esset,
2785 832 2927 904 quod
2959 852 3083 906 spes
3127 842 3306 897 omnis
3346 844 3397 899 in
3426 846 3669 914 Christo,

2067 910 2145 968 sic
2169 924 2223 969 et
2254 915 2445 985 spiritu
2480 922 2883 981 coaediﬁcentur
2914 943 3124 995 omnes,
3165 942 3220 988 ut
3249 934 3358 991 sint
3387 937 3668 998 habitacu-

2068 1005 2175 1059 lum
2208 1004 2337 1073 Dei;
2372 1022 2670 1080 snpererat,
2705 1015 2941 1087 inquam,
2974 1030 3029 1074 ut
3066 1021 3115 1077 id
3147 1023 3370 1082 doceret
3392 1030 3512 1100 quis
3551 1033 3667 1102 ipse

2068 1105 2244 1162 esset;
2271 1114 2338 1154 an
2371 1101 2485 1170 ipse
2516 1103 2765 1173 impleret
2794 1111 3274 1173 coaediﬁcatiouem
3315 1138 3408 1190 per
3433 1138 3666 1198 evange-

2068 1184 2220 1255 lium,
2247 1189 2508 1264 daretque
2541 1198 2803 1254 rationetn
2831 1206 3168 1263 auctoritatis
3190 1225 3303 1266 sua:
3326 1223 3381 1267 ut
3405 1215 3455 1269 ei
3477 1184 3667 1274 crede-

2069 1291 2233 1336 retur.
2272 1280 2384 1339 Hoc
2406 1286 2566 1357 igitur
2586 1288 2829 1363 adjungit
2856 1296 3033 1365 hujus,
3068 1299 3260 1370 inquit,
3286 1306 3478 1375 gratia,
3506 1309 3556 1364 id
3580 1322 3667 1367 est

2070 1382 2127 1428 ut
2162 1373 2521 1433 habitaculum
2552 1381 2644 1438 Dei
2670 1383 2722 1437 in
2753 1385 2943 1455 spiritu
2967 1373 3331 1451 aediﬁcemini.
3371 1373 3488 1454 Non
3518 1403 3665 1459 enim

2070 1473 2272 1520 tantum
2299 1467 2544 1538 Ephesiis
2567 1472 2729 1542 istud,
2770 1477 2864 1533 sed
2891 1482 3143 1539 omnibus
3170 1484 3371 1544 dictum
3410 1491 3665 1552 audiatis.

2070 1556 2316 1631 Denique
2365 1581 2458 1633 pro
2506 1568 2665 1634 vobis,
2717 1571 2911 1643 inquit,
2962 1578 3199 1647 gentibus
3246 1584 3444 1640 uinctus
3475 1585 3666 1644 Christi

2067 1647 2300 1720 Paulus;
2323 1654 2549 1722 vinctus,
2577 1664 2982 1721 autassociatus
2997 1664 3071 1722 ad
3087 1674 3420 1743 evangelium
3442 1674 3665 1748 Christi,

3305 1767 3416 1840 λιιι-ο
3428 1772 3580 1828 vobis
3594 1782 3668 1829 to-

2066 1834 2317 1904 lerarem,
2343 1844 2671 1900 annuntians
2693 1842 2963 1906 Christum
2985 1870 2998 1906 :
3017 1856 3187 1912 etsim
3209 1860 3417 1916 vinctus
3428 1860 3664 1932 Christi;

2066 1930 2154 2000 qui
2186 1933 2556 1992 annuutiando
2579 1935 2878 2007 Christum,
2909 1945 3142 2016 vinciar;
3178 1952 3272 2007 sed
3300 1966 3523 2027 propter
3549 1930 3667 2015 vos.

2065 2019 2122 2075 Id
2152 2031 2210 2076 ut
2240 2025 2467 2092 probare
2496 2028 2789 2098 videretur,
2815 2050 2875 2091 se
2895 2052 2991 2107 pro
3019 2042 3268 2110 gentibus
3287 2019 3525 2103 vinetum
3546 2065 3671 2108 esse

2067 2112 2289 2183 Christi,
2314 2115 2511 2188 adjecit
2551 2126 2792 2194 mysterii
2817 2144 2941 2200 erga
2979 2146 3039 2187 se
3071 2130 3236 2190 habiti
3266 2138 3351 2209 (2)
3379 2139 3562 2197 ﬁdem.
3604 2143 3669 2201 Si

2068 2213 2237 2307 tamen
2263 2249 2277 2274 ,
2321 2207 2526 2280 inquit,
2577 2214 2795 2272 audistis
2839 2207 3282 2294 dispensationem
3322 2207 3423 2289 Dei
3464 2238 3664 2307 gratim.

2070 2290 2126 2349 l'd
2151 2305 2256 2363 est,
2285 2299 2328 2354 si
2360 2313 2439 2357 est
2467 2307 2740 2376 cognitum
2771 2290 3068 2385 vobisquaa
3093 2322 3259 2389 gratia
3285 2290 3667 2399 disposita

2068 2384 2121 2442 id
2145 2398 2229 2445 est
2249 2395 2521 2463 quomodo
2542 2415 2638 2468 per
2664 2417 2749 2457 me
2770 2384 3111 2478 evangelium
3132 2384 3440 2474 ordinattim
3469 2422 3562 2489 sit,
3608 2384 3667 2480 υί

2066 2487 2420 2543 annuntietnr
2463 2486 2607 2547 Dens
2649 2512 2743 2565 per
2784 2497 3084 2573 Christum,
3129 2516 3186 2562 et
3231 2507 3432 2569 Christi
3476 2486 3671 2587 virtus,

2067 2592 2187 2646 quae
2215 2577 2382 2635 virtus
2415 2576 2507 2637 Dei
2531 2593 2632 2639 est.
2677 2587 2808 2656 Qua:
2832 2592 2954 2647 data
2992 2606 3066 2652 est
3105 2600 3231 2654 mihi
3274 2604 3329 2657 in
3359 2622 3445 2662 vos
3476 2608 3554 2680 (5)
3590 2576 3674 2665 se:-

2068 2668 2292 2724 cundum
2349 2673 2731 2733 reuelationem.
2793 2682 3033 2753 Etenim,
3088 2691 3230 2747 sicut
3288 2695 3402 2767 ipse
3467 2668 3671 2761 [Saulus

2069 2762 2256 2817 multis
2287 2764 2421 2821 locis
2448 2781 2736 2840 memorat,
2770 2790 2876 2831 non
2908 2780 2976 2832 ab
3002 2762 3333 2855 hominibus,
3371 2806 3545 2864 neque
3574 2811 3671 2866 per

2071 2851 2319 2910 homines
2346 2861 2661 2930 mysterium
2684 2869 2891 2937 accepit
2928 2880 3023 2925 aut
3051 2874 3259 2943 didicit,
3300 2851 3395 2936 sed
3432 2851 3672 2944 revelata

2070 2942 2150 2998 illi
2171 2957 2363 3004 cuneta
2389 2962 2535 3005 sunt.
2569 2951 2682 3011 lloc
2705 2958 2844 3012 enim
2874 2959 3039 3028 dixit,
3070 2942 3300 3036 gratiam
3326 2971 3427 3028 sibi
3463 2942 3668 3046 datam,

2069 3034 2165 3090 sed
2221 3053 2315 3108 per
2371 3043 2774 3102 rex-elationem.
2823 3047 2940 3119 Quo
2991 3053 3043 3108 in
3076 3034 3213 3114 loco
3262 3061 3489 3137 intelligi
3545 3034 3673 3125 licet

367 3130 657 3200 anguium,
691 3132 784 3189 sed
809 3136 898 3205 qui
918 3137 1122 3206 primus
1142 3150 1196 3195 et
1216 3155 1459 3197 summus
1479 3152 1583 3209 es"
1610 3145 1752 3200 unde
1784 3146 1972 3220 incipit
1995 3118 2041 3182 C
2072 3128 2425 3221 christianum
2480 3151 2545 3192 ex
2595 3142 2927 3200 revelatione
2955 3145 3071 3203 ﬁeri
3110 3162 3293 3221 posse,
3339 3165 3395 3212 et
3434 3160 3670 3218 maxime

370 3224 775 3284 fundamentum
820 3230 1021 3301 anguli,
1075 3236 1165 3304 qui
1208 3235 1312 3290 duo
1355 3237 1534 3309 jungit
1570 3249 1625 3295 et
1658 3242 1875 3313 copulat
1913 3252 1969 3298 et

371 3332 536 3374 unum
567 3310 763 3380 reddit.
796 3320 1007 3381 Etenim
1034 3326 1167 3394 duo,
1197 3328 1355 3386 sicuti
1386 3331 1642 3399 diximus,
1683 3336 1770 3391 vel
1801 3351 1964 3408 supe-

367 3411 541 3465 riores
580 3413 818 3480 animas,
850 3420 972 3488 quae
1018 3420 1178 3475 etiam
1206 3436 1327 3477 cum
1367 3421 1584 3479 Christo
1618 3420 1870 3494 fuerunt;
1913 3437 1967 3483 et

367 3504 496 3559 istas
528 3520 647 3576 quae
678 3507 765 3564 hic
792 3520 917 3564 sunt
946 3521 1165 3578 sanctm,
1199 3524 1253 3570 et
1279 3514 1548 3588 mysteriis
1568 3513 1841 3574 Christum
1872 3519 1966 3576 ha-

367 3597 590 3666 bentes;
621 3598 872 3673 velipsas
912 3604 1029 3660 illas
1059 3621 1251 3663 onmes
1281 3608 1478 3664 Christi
1518 3611 1758 3678 animas,
1801 3614 1962 3670 etiam

366 3693 603 3760 gentium
632 3696 860 3763 animas,
893 3713 1013 3769 qua:
1053 3698 1353 3771 junguntur
1391 3702 1484 3757 illo
1510 3703 1753 3775 angulari
1786 3704 1969 3777 lapide

364 3780 492 3838 Jesu
517 3782 753 3842 Christo.

440 3872 601 3933 Vens.
632 3877 827 3948 21,22.
857 3912 925 3931 r—
951 3878 1019 3936 In
1044 3900 1143 3954 quo
1172 3894 1429 3941 structura
1482 3887 1559 3963 (5)
1603 3903 1866 3962 compacta
1916 3892 1970 3946 in

364 3969 607 4038 templum
661 3976 898 4026 sanctum
934 3972 989 4026 in
1028 3972 1271 4030 Domino.
1319 3975 1519 4034 Omnes
1575 3981 1718 4035 enim
1774 3982 1969 4038 animm

364 4060 638 4130 collectie,
704 4079 1000 4137 omnesque
1066 4066 1312 4125 homines
1373 4071 1644 4142 spiritales
1705 4071 1783 4146 (4)
1847 4077 1971 4131 red-

363 4148 458 4210 diti
515 4171 611 4226 per
660 4155 931 4214 Christum
975 4160 1286 4230 Struuntur,
1346 4164 1434 4219 ubi
1486 4160 1624 4220 Dens
1666 4166 1965 4235 inhabitet,

363 4250 512 4318 quasi
555 4252 811 4321 templum
849 4264 1129 4321 sanctum;
1165 4265 1222 4311 ut
1258 4270 1379 4313 cum
1434 4259 1488 4314 in
1531 4259 1782 4316 omnibus
1831 4263 1971 4319 inest.

362 4341 628 4410 Cllrisms,
657 4354 710 4401 et
752 4360 873 4400 cum
906 4355 989 4402 est
1026 4346 1080 4403 in
1132 4345 1350 4406 Christo
1383 4352 1545 4419 Deus,
1601 4369 1790 4410 omnes
1834 4364 1969 4410 tem-

364 4438 506 4510 plum
554 4443 663 4498 sint
712 4458 805 4512 per
847 4442 1117 4503 Christum
1172 4448 1286 4504 Dei.
1314 4442 1383 4505 In
1433 4468 1532 4522 quo
1574 4462 1619 4506 et
1652 4468 1741 4507 eos
1781 4453 1965 4507 catuli-

2076 3219 2209 3310 lieri.
2240 3218 2459 3283 Electus
2495 3229 2712 3300 quidem
2743 3246 2848 3303 est,
2881 3247 2935 3292 et
2965 3255 3056 3295 vas
3082 3218 3363 3303 electionis
3385 3248 3560 3308 dictus
3588 3258 3677 3310 est

2075 3304 2304 3382 Paulus;
2338 3331 2709 3379 verumtamen
2734 3327 2856 3397 quia
2886 3326 2977 3385 Dei
3002 3338 3237 3401 potentia
3271 3340 3525 3399 omnibus
3549 3355 3669 3401 mo-

2071 3406 2156 3461 dis
2189 3411 2415 3478 gratiam
2447 3428 2598 3470 suam
2644 3418 2936 3487 ministrat,
2961 3423 3324 3500 intelligamus
3364 3448 3488 3492 esse
3511 3436 3671 3493 istam

2072 3494 2364 3571 legitimam
2405 3507 2781 3568 mandatorum
2828 3494 3544 3598 Salvatoris'diseiplinam,
3587 3526 3676 3589 uti'

2072 3607 2388 3651 renascatur
2414 3597 2577 3655 homo
2602 3619 2695 3673 per
2717 3608 2962 3677 spiritum
2986 3620 3040 3667 et
3067 3629 3285 3687 aquam,
3304 3631 3355 3676 et
3374 3623 3453 3679 sic
3468 3597 3673 3684 Christi

2074 3688 2322 3757 spiritum
2357 3693 2600 3763 recipiat.
2630 3697 2737 3754 Sed
2767 3700 2817 3756 id
2841 3713 2895 3758 et
2928 3705 2997 3761 ab
3027 3706 3335 3769 hominibus
3363 3723 3420 3772 et
3446 3733 3541 3788 per
3568 3719 3668 3778 bo-

2074 3784 2265 3861 miues.
2312 3786 2455 3842 [stud
2499 3805 2631 3846 vero
2651 3794 2793 3863 quod
2822 3795 2990 3855 Paulo
3032 3806 3282 3871 provenit
3323 3784 3671 3884 (quamquam

2075 3876 2195 3945 hoc,
2240 3888 2297 3934 ut
2325 3882 2612 3940 mstimatio
2656 3898 2841 3944 nostra
2888 3900 2991 3961 est,
3019 3899 3215 3953 meruit
3248 3876 3420 3976 solitis)
3463 3876 3669 3976 tamen,

2074 3980 2131 4024 ut
2155 3968 2285 4040 dixi,
2332 3974 2590 4031 revelatio
2624 3978 2714 4035 Dei
2747 3980 3009 4051 ejusmodi
3042 3995 3133 4043 aut
3179 3991 3285 4046 alio
3318 3968 3481 4051 simili
3510 4000 3676 4057 modo

2074 4079 2171 4135 per
2194 4066 2285 4122 Dei
2310 4068 2533 4138 gratiam
2578 4071 2692 4128 lieri
2735 4086 2929 4146 potest.
2971 4078 3122 4137 Unde
3149 4098 3254 4139 non
3286 4097 3372 4142 est
3397 4089 3673 4164 abnegau-

2072 4156 2175 4214 dus
2197 4173 2226 4214 a
2256 4159 2451 4217 Christi
2474 4165 2669 4235 gratia,
2701 4169 2784 4223 cui
2814 4171 3074 4229 revelatio
3098 4191 3193 4245 per
3213 4177 3417 4236 Christi
3436 4156 3667 4253 gratiam

2070 4249 2192 4306 data
2216 4251 2305 4317 sit,
2332 4262 2387 4307 ut
2409 4255 2603 4324 spiritu
2626 4260 3023 4331 compleretur;
3050 4276 3104 4322 et
3130 4266 3330 4327 Christi
3359 4249 3669 4346 cognitione

2071 4358 2169 4414 per
2187 4345 2567 4403 revelationem
2596 4351 2797 4419 habita,
2820 4354 3138 4415 deserviret.

2146 4437 2309 4496 Vsus.
2339 4441 2393 4509 5,
2422 4441 2476 4497 4.
2498 4472 2570 4485 --
2587 4442 2641 4498 Ν
2645 4456 2783 4500 otum
2802 4448 2924 4502 milti
2937 4452 3129 4521 factum
3148 4464 3219 4509 est
3235 4462 3530 4529 mysterium
3561 4464 3669 4537 (4),

361 4506 586 4602 licemini
649 4506 724 4589 in-
758 4537 1102 4594 habitaculum
1160 4536 1261 4596 Dei
1321 4542 1375 4595 in
1432 4506 1638 4613 spiritu.
1699 4543 1767 4600 Ut
1820 4558 1964 4615 saepe

2381 4506 2387 4509 _
2937 4506 2950 4521 .
3152 4506 3213 4509 -ν
3235 4506 3530 4529 "'a"""'"'
3562 4506 3619 4533 ιτ
3650 4506 3669 4532 9

2070 4531 2202 4586 sicut
2222 4536 2528 4604 anteseripsi
2558 4541 2612 4590 in
2638 4539 2871 4606 modico;
2892 4553 3046 4611 prout
3068 4548 3306 4616 potuistis
3338 4551 3558 4624 legentes
3585 4506 3669 4629 (si)

362 4626 540 4694 docui,
590 4631 656 4684 ad
700 4631 959 4702 speciem,
1004 4633 1057 4690 id
1080 4645 1163 4689 est
1210 4634 1279 4690 ad
1314 4637 1598 4708 Ephesios,
1645 4654 1759 4695 rem
1784 4648 1958 4706 vocat,

363 4731 502 4778 utet
556 4723 653 4795 ipsi
698 4725 945 4782 mdilicati
997 4727 1049 4782 in
1096 4728 1286 4785 eodem
1338 4732 1535 4803 angulo
1592 4734 1721 4799 sint,
1770 4733 1821 4787 id
1878 4743 1962 4789 est

364 4812 415 4870 iu
459 4817 648 4887 spiritu
685 4816 909 4887 Christi,
944 4830 1002 4875 ut
1047 4833 1101 4877 et
1153 4823 1256 4892 ipsi
1291 4823 1654 4883 habitaculum
1688 4827 1794 4883 sint
1842 4826 1957 4883 Dei.

363 4902 548 4981 Magna
575 4922 753 4966 autem
783 4912 1175 4979 moderatione,
1206 4924 1265 4971 ut
1289 4918 1593 4974 exhortatio
1626 4920 1775 4977 lieret
1804 4939 1816 4975 :
1852 4936 1958 4976 non

362 5004 507 5060 enim
532 5004 641 5073 jam
689 5004 853 5059 tactos
883 5005 1034 5073 dicit,
1074 5007 1170 5062 sed
1208 5008 1387 5066 adhuc
1432 5011 1687 5068 :edilieari
1734 5031 1747 5067 :
1799 5013 1959 5069 deest

363 5090 507 5152 enim
552 5090 687 5162 illis;
735 5097 1013 5154 ctideirco
1044 5099 1298 5156 admonet
1343 5111 1395 5157 et
1441 5101 1712 5159 hortatur.
1740 5102 1954 5161 Etcum

358 5184 872 5244 ‘illbshahitaenluin
923 5192 1013 5246 Dei
1057 5192 1110 5247 in
1142 5192 1336 5264 spiritu
1382 5192 1545 5261 dicat,
1594 5197 1779 5266 utique
1827 5199 1956 5269 quid

362 5283 479 5354 agit“
501 5281 666 5348 aliud;
718 5282 827 5337 nisi
871 5289 929 5337 ut
952 5282 1109 5339 aliud“
1139 5282 1421 5357 quodlibet
1456 5282 1703 5345 exdud‘at
1735 5304 1805 5346 ex
1842 5290 1962 5346 aui-

438 5445 517 5519 (l)
558 5446 634 5519 lta
662 5446 823 5519 codd.

441 5516 522 5588 (2)
560 5516 732 5588 Codd.
765 5526 825 5588 ut
841 5532 939 5588 pro
968 5519 1058 5575 ibi.

362 5584 387 5662 Ἀ
441 5582 521 5661 (3)
558 5582 710 5662 Vitl’g.
746 5606 760 5644 :
792 5582 857 5641 l‘ii
875 5606 972 5657 quo
991 5590 1163 5662 omnis
1188 5588 1464 5662 aediﬁcatio
1481 5602 1779 5651 constructa
1795 5595 1974 5651 crescit

369 5658 422 5713 in
451 5658 699 5729 templum
724 5668 958 5714 sanctum
979 5660 1032 5714 in
1053 5661 1281 5717 domino.

444 5729 527 5803 (ιι)
564 5729 735 5786 Codd.
762 5731 1083 5801 spiritaliter.

2059 4624 2342 4695 intelligere
2392 4628 2715 4695 prudentiam
2778 4647 2943 4686 meam
3010 4636 3063 4688 in
3136 4641 3378 4709 mysterio
3432 4624 3655 4703 Christi.

2070 4712 2137 4772 Et
2168 4718 2254 4774 hic
2284 4733 2495 4789 quoque
2528 4721 2793 4776 admoneo
2824 4725 3243 4786 revelationibus
3273 4747 3435 4802 posse
3475 4741 3668 4809 cogni-

2070 4822 2183 4867 tum
2212 4828 2332 4868 esse
2361 4813 2676 4885 mysterium
2716 4815 2919 4874 Christi
2954 4838 2966 4873 :
2999 4831 3054 4876 et
3096 4822 3220 4880 licet
3264 4828 3407 4884 circa
3440 4829 3665 4890 Paulum

2069 4922 2134 4961 ex
2164 4907 2427 4963 electione
2458 4908 2666 4963 Domini
2698 4910 2944 4967 videatur
2989 4913 3289 4985 impletum,
3322 4929 3503 4980 tamen
3534 4942 3672 4996 quo-

2070 4997 2213 5051 niam
2268 4998 2461 5053 electio
2505 4998 2711 5054 Domiui
2756 5001 2923 5058 libera
2972 5015 3089 5074 est,
3141 5009 3303 5067 etiam
3349 5012 3490 5069 circa
3533 5016 3671 5073 alios

2065 5098 2244 5162 potest
2272 5099 2331 5146 ut
2374 5107 2479 5147 non
2509 5092 2577 5148 ab
2607 5095 2915 5153 hominibus
2946 5115 3120 5171 neque
3162 5119 3257 5173 per
3294 5105 3539 5166 homines
3576 5112 3672 5169 ﬁat

2066 5185 2304 5257 cognitio
2344 5201 2489 5242 verae
2530 5188 2807 5261 plenaeque
2849 5190 3084 5250 deitatis.
3128 5196 3317 5270 Magna
3355 5204 3570 5274 quidem
3611 5213 3669 5262 et

2142 5312 2222 5385 (l)
2265 5312 2419 5402 Vulg.
2451 5313 2601 5369 addit
2638 5313 2785 5385 Iesu,
2809 5325 2867 5372 es
2906 5333 3004 5390 pro
3047 5321 3439 5396 dispositith
3480 5327 3667 5402 habet,

2070 5385 2522 5441 dispensationem.

2166 5455 2224 5525 2)
2260 5456 2433 5513 Codd.
2467 5458 2690 5513 habenti.

2172 5528 2228 5593 3)
2271 5528 2421 5599 Vulg.
2452 5530 2509 5584 in
2538 5529 2700 5586 vobis.

2148 5533 2228 5671 (ὁ)
2267 5598 2460 5671 Vulg.,
2519 5600 2700 5657 Sacrat

2081 5669 2109 5723 ὁ
2150 5597 2228 5682 (4)
2267 5597 2460 5671 Vulg,
2519 5600 2961 5674 Sacramenta»,
2993 5608 3126 5662 sicut
3175 5624 3347 5679 supra
3376 5614 3563 5685 satiust
3615 5615 3672 5673 in

2114 5686 2239 5723 rem.

2114 5686 2239 5725 retu.

2157 5739 2236 5813 (5)
2276 5740 2446 5798 Codd.
2488 5742 2835 5817 intellegentes
2859 5765 2878 5814 ;
2905 5726 3009 5803 sed.
3031 5757 3176 5807 recte
3203 5751 3341 5810 infra
3364 5755 3605 5828 legentes.
