4106 6184
534 176 675 233 1265

1789 164 1983 225 MAR“
2026 164 2367 226 VICTORINI
2406 164 2566 224 AFlll

3637 172 3743 234 δξθι

527 291 686 345 unica
718 285 977 360 dignatio,
1010 294 1065 342 ct
1094 284 1338 340 fortassis
1366 297 1431 340 ex
1466 289 1618 354 parte
1647 281 1791 353 qttod
1826 283 1919 337 liat
1947 282 2124 347 hodie,
2161 286 2205 345 Α
2234 290 2411 338 autem
2446 295 2628 337 notum
2657 290 2712 337 et
2754 279 3053 355 prephctis,
3101 280 3190 353 qui
3230 281 3317 339 lilii
3346 283 3590 343 hominum
3620 304 3748 359 sunt;

529 381 878 438 concedatur.
923 379 1133 432 Etenim
1180 393 1300 432 cum
1351 377 1465 446 ipse
1508 376 1736 441 dixerit,
1770 375 1812 428 si
1862 375 2126 443 proiilieta

530 476 726 546 aliquis
767 482 821 528 et
848 472 915 526 de
943 471 1135 527 eodem
1166 470 1302 524 alios
1333 469 1432 524 sibi
1465 468 1756 523 revelatum
1793 465 2011 529 dixerit,
2044 480 2129 519 se-

531 568 657 624 deat
683 574 736 620 et
773 574 1061 635 cognoscat
1089 562 1180 633 qui
1225 561 1533 632 prophetat,
1587 570 1643 614 ut
1673 556 1921 613 audiatur
1964 558 2009 612 is
2037 556 2129 627 qui

527 660 635 717 sibi
663 659 955 715 revelatum
987 658 1144 722 dicit;
1177 671 1305 725 ergo
1334 664 1389 710 et
1419 653 1640 709 revelari
1676 660 1880 721 potest;
1912 649 2128 721 etquod

527 766 705 826 parte,
732 752 924 808 eodem
954 750 1115 806 modo
1141 751 1301 804 etiam
1334 749 1385 803 in
1410 758 1542 803 toto.
1578 744 1788 801 Etenim
1814 744 2126 816 mysterium

527 849 743 906 Domini
794 857 850 904 et
899 845 994 901 Dei
1049 846 1299 899 voluntas
1345 844 1397 897 in
1456 841 1600 896 omni
1636 839 1926 910 potentiam
1974 851 2127 891 suam

527 942 808 1000 extendit:
842 949 898 997 et
922 941 1070 994 illum
1104 952 1264 1007 posse
1294 936 1496 1001 omnia,
1530 941 1583 989 et
1614 934 1751 987 velle
1779 948 1898 1002 qua:
1929 937 2127 999 potest,

526 1034 775 1105 accipere
812 1031 1106 1095 debemus;
1141 1037 1194 1084 et
1233 1028 1350 1081 lizrc
1378 1026 1600 1081 alterius
1639 1011 1956 1093 tiu?‘-stiotiis
1993 1020 2120 1076 sint.

525 1127 683 1183 Nunc
728 1125 1019 1181 revelatum
1066 1121 1166 1177 sibi
1214 1121 1529 1192 mysterium
1572 1114 1806 1171 ostendit
1843 1113 1952 1187 (l);
2005 1126 2128 1167 cum

526 1218 663 1275 dixit
699 1218 896 1272 Paulus
932 1216 984 1270 id
1024 1230 1082 1269 se
1122 1213 1405 1282 scripsisse
1434 1209 1705 1281 Ephesiis,
1738 1207 1794 1263 id
1831 1216 1914 1263 est
1956 1209 2127 1277 ipsum

527 1311 885 1383 mysterium;
924 1322 1029 1363 non
1069 1304 1488 1369 revelationem,
1534 1301 1629 1357 sed
1657 1298 1801 1371 quod
1832 1299 2128 1356 revelatum

529 1413 651 1466 est,
683 1401 787 1457 hoc
832 1408 916 1456 est
962 1397 1296 1471 mysterium.
1332 1395 1556 1465 Scripsi,
1606 1393 1798 1463 inquit,
1847 1390 1940 1447 sed
1968 1390 2131 1446 immo

528 1495 686 1561 dico;
716 1505 770 1551 et
815 1503 874 1550 ut
923 1492 1206 1563 potuistis,
1246 1489 1445 1561 inquit,
1480 1489 1697 1560 legentes
1726 1486 2040 1558 intelligere,
2076 1484 2128 1538 in

525 1598 785 1659 quantum
834 1585 1082 1656 potuistis
1132 1582 1467 1653 prudentiam
1500 1594 1707 1645 meam;
1762 1579 1814 1632 in
1873 1573 2130 1647 mysterio

2233 376 2698 445 adjunsitnotum,
2730 374 2825 430 sed
2852 376 2903 428 in
2933 374 3168 443 Spiritu;
3198 375 3246 430 id
3265 385 3344 431 est
3366 394 3476 432 cum
3495 380 3635 437 alllati
3655 386 3754 454 Spi-

2230 469 2339 522 ritu
2370 467 2683 540 mysterium
2718 468 3086 539 loquerentur.

2306 559 2469 615 Vens.
2506 560 2559 615 6.
2592 590 2665 601 -—
2694 559 2829 630 Ipsis
2860 572 3037 616 tamen
3061 576 3167 616 non
3199 572 3375 617 notum
3401 563 3511 632 luit,
3535 566 3646 622 Esse
3664 587 3761 641 gett-

2235 660 2307 705 tes
2336 650 2623 706 cohecredes
2649 662 2695 705 et
2731 653 3121 722 concorporales
3162 666 3205 708 et
3235 657 3494 728 participes
3517 662 3760 728 promissio~

2233 747 2314 800 nis
2339 749 2450 820 ejus
2482 747 2535 800 in
2573 745 2776 802 Christo
2806 764 2897 819 per
2929 747 3262 820 Evangelium
3292 750 3392 824 (l).
3422 752 3525 809 lloc
3547 766 3620 811 est
3648 758 3763 828 quod

2236 839 2339 894 sibi
2385 840 2700 911 mysterium
2744 848 2926 896 notum
2970 841 3169 897 lactmn
3212 858 3332 900 esse
3355 845 3501 913 dixit,
3540 852 3765 921 simulque

2233 931 2395 986 etiam
2439 933 2630 987 srmetis
2657 935 2904 1004 apostolis
2948 946 3003 990 et
3039 938 3299 1008 prophetis
3326 939 3380 992 in
3420 940 3622 1011 Spiritu,
3649 943 3766 1013 quod

2232 1034 2284 1078 et
2325 1035 2516 1095 gentes
2544 1024 2859 1082 cohaeretles
2887 1036 3015 1083 sunt
3052 1028 3106 1083 in
3159 1027 3370 1087 Christo
3419 1042 3472 1087 et
3512 1047 3765 1105 concorpo-

2232 1117 2396 1183 rales,
2422 1117 2472 1172 id
2501 1128 2585 1174 est
2624 1118 2865 1189 ejusdem
2895 1120 3047 1192 quasi
3074 1123 3319 1192 corporis
3346 1140 3360 1177 :
3389 1123 3524 1194 quod
3547 1139 3672 1197 saepe
3711 1128 3767 1183 ita

2233 1220 2498 1265 memorat
2525 1221 2582 1266 ut
2624 1225 2815 1268 omnes
2853 1214 3048 1268 anima:
3075 1224 3276 1272 sanctae
3299 1224 3355 1272 et
3375 1216 3593 1273 liberatae
3617 1218 3703 1291 (2),
3725 1229 3769 1276 et

2233 1301 2439 1357 Christi
2480 1302 2671 1373 spiritu
2695 1306 2921 1373 junctae,
2960 1321 3125 1361 unum
3175 1322 3512 1377 corpusesse
3545 1308 3765 1366 dicantur.

2234 1391 2449 1448 Exinde
2487 1409 2620 1466 ergo
2648 1394 2937 1465 participes
2979 1398 3352 1467 promissionis
3378 1398 3491 1471 ejus
3525 1400 3573 1455 in
3596 1400 3769 1458 Christo

2238 1496 2367 1541 sunt
2392 1487 2555 1543 etiam
2585 1495 2793 1558 gentes.
2816 1487 2932 1543 Non
2955 1490 3099 1545 enim
3123 1489 3274 1547 solus
3293 1490 3473 1557 Israel,
3492 1492 3577 1548 sed
3600 1500 3650 1550 et
3664 1509 3767 1566 gen-

2236 1587 2340 1646 tes,
2394 1594 2513 1650 qua:
2564 1579 2617 1634 iu
2663 1579 2881 1636 Christo
2925 1596 3024 1653 per
3063 1584 3394 1655 evangelium
3419 1596 3767 1658 concorporatat

523 1681 725 1738 Christi
748 1678 1109 1750 prudentiam.
1147 1674 1440 1732 Scientiam
1472 1675 1651 1743 posuit
1683 1686 1788 1725 non
1833 1670 1978 1725 illam
2006 1683 2125 1739 qua:
2156 1677 2206 1739 Β
2231 1671 2468 1739 luerunt,
2501 1673 2788 1743 participes
2814 1675 3226 1745 promissionis;
3257 1676 3399 1747 quod
3420 1687 3652 1735 aeternam
3676 1680 3766 1750 gloo

520 1774 786 1846 praevidet
809 1786 903 1826 sua
934 1769 1172 1841 petentia
1199 1783 1319 1839 qua:
1349 1775 1494 1832 sunt,
1526 1781 1645 1836 qua:
1670 1763 1849 1819 futura
1872 1769 1998 1819 sunt
2021 1776 2125 1817 ra-

520 1864 836 1921 tiocinando
865 1862 1075 1918 invenit
1105 1857 1586 1929 etcompreheudit
1611 1856 1802 1912 :athic
1818 1855 2120 1919 scientiam,

517 1960 858 2034 prudentiam
906 1956 1230 2014 nominavit.
1283 1953 1401 2010 Non
1446 1952 1590 2008 enim
1637 1967 1736 2024 per
1781 1948 2121 2020 prudentiam

517 2063 877 2119 consecutus;
909 2052 1002 2109 sed
1034 2057 1219 2122 postea
1248 2063 1408 2120 quam
1440 2055 1762 2101 consecutus
1789 2052 1891 2108 est,
1924 2042 2124 2098 habere

517 2148 687 2218 caspit
729 2145 1091 2216 prudentiam.
1126 2142 1367 2212 Denique
1409 2139 1784 2211 prudentiam,
1829 2135 2034 2207 inquit,
2069 2136 2120 2191 in

517 2239 784 2312 mysterio
812 2237 1043 2303 Christi;
1088 2236 1138 2291 id
1168 2245 1253 2291 est
1300 2234 1353 2289 in
1404 2251 1470 2289 eo
1501 2232 1643 2303 quod
1685 2232 1930 2302 percepi,
1978 2229 2122 2302 quod

515 2333 651 2389 mihi
678 2331 975 2387 revelatum
1008 2336 1112 2394 est,
1138 2325 1279 2398 quod
1310 2324 1440 2380 mitti
1473 2335 1657 2379 notmn
1700 2323 1896 2377 factum
1923 2331 2039 2388 est;
2070 2321 2121 2376 id

515 2436 597 2483 est
626 2426 679 2480 in
708 2440 773 2479 eo
796 2421 900 2495 (2),
940 2422 1081 2493 quod
1120 2420 1313 2476 doctus
1344 2418 1412 2471 sit
1445 2415 1747 2487 prudentia,
1794 2414 1846 2469 in
1883 2427 1949 2468 eo
1978 2411 2121 2483 quod

511 2516 617 2572 sibi
639 2515 934 2571 revelatum
959 2523 1039 2567 est
1070 2510 1156 2565 vel
1188 2509 1474 2572 memoria,
1502 2507 1586 2560 vel
1614 2506 1837 2560 scicntia
1857 2544 1871 2569 ,
1908 2505 1994 2558 vel
2034 2503 2118 2557 in-

514 2607 833 2679 telligentia.
868 2603 964 2660 Hae
1003 2603 1146 2658 enim
1179 2611 1305 2656 sunt
1334 2611 1517 2670 partes
1557 2596 1853 2668 prudentize
1892 2594 1905 2648 ἑ
1948 2594 2020 2650 ita
2066 2602 2122 2650 et

515 2700 670 2754 locus
699 2696 1000 2768 prudentia:
1046 2702 1151 2759 est,
1195 2702 1251 2748 et
1298 2702 1475 2745 tamen
1506 2705 1610 2744 non
1654 2704 1749 2760 per
1778 2687 2117 2758 prudentiam

514 2786 834 2864 mysterium
862 2786 1118 2858 consequi
1144 2799 1451 2855 possumus,
1479 2784 1573 2838 sed
1599 2798 1692 2853 per
1713 2782 2117 2837 revelationem.

540 2894 543 2897 '
590 2882 759 2938 Vens.
792 2880 848 2936 5.
886 2909 957 2922 -
988 2880 1139 2944 Quod
1185 2876 1304 2930 aliis
1335 2874 1745 2947 generationibus
1773 2890 1875 2928 non
1901 2872 2002 2943 fuit
2028 2887 2118 2926 no-

516 2986 625 3031 tum
655 2974 734 3048 ('5)
766 2974 889 3044 [iliis
933 2972 1213 3027 hominum.
1270 2969 1457 3023 Potest
1508 2966 1609 3023 hoc
1657 2966 1724 3021 ad
1781 2964 2118 3036 prudentiam

2228 1766 2362 1820 riam
2412 1766 2780 1833 merebuntur,
2828 1768 2971 1839 quod
3022 1768 3211 1837 vitam,
3259 1771 3403 1843 quod
3443 1773 3764 1832 remissionem

2231 1868 2596 1929 peccatorum,
2629 1869 2684 1916 et
2712 1869 2932 1929 caetera,
2963 1879 3082 1933 qua:
3102 1875 3157 1920 et
3186 1865 3327 1921 Dens
3352 1877 3404 1921 et
3424 1865 3647 1923 Salvator
3664 1885 3762 1939 pro-

2229 1950 2372 2005 misit
2414 1966 2475 2007 se
2524 1952 2895 2021 sequentibus.
2933 1954 3074 2027 Ergo
3108 1972 3301 2014 omnes
3345 1974 3439 2027 per
3475 1962 3763 2031 evangelium

2228 2044 2605 2113 promissionis
2630 2048 2921 2118 participes
2950 2049 3003 2103 in
3029 2050 3248 2107 Christo
3277 2062 3418 2108 sunt.

2300 2139 2464 2195 Vens.
2498 2139 2863 2213 7,8.—Cujus
2900 2146 3066 2212 factus
3093 2161 3209 2199 sum
3251 2162 3346 2217 ego
3382 2147 3593 2203 minister
3615 2165 3765 2204 secun-

2226 2230 2349 2285 dum
2378 2232 2567 2286 donum
2588 2234 2898 2305 Operationis
2936 2233 3054 2301 Dei,
3084 2252 3202 2304 qua:
3228 2238 3356 2291 data
3395 2238 3514 2292 mihi
3536 2250 3602 2293 est
3621 2256 3767 2295 secun-

2235 2324 2355 2379 dum
2377 2327 2695 2395 operationes
2715 2328 2912 2383 virtutis
2929 2331 3041 2402 ejus
3067 2327 3171 2402 (5).
3202 2329 3465 2392 Minister.
3488 2332 3764 2403 inquit,sum

2228 2417 2489 2487 evangelii
2517 2418 2686 2474 lactus
2717 2419 2903 2490 ipsius,
2932 2437 3027 2491 per
3046 2421 3188 2492 quod
3216 2423 3274 2478 in
3302 2423 3509 2479 Clirism
3531 2424 3766 2496 participes

2232 2508 2605 2578 promissionis
2626 2524 2680 2568 et
2700 2522 2890 2584 gentes
2912 2524 2963 2568 et
2984 2512 3146 2570 Israel
3177 2529 3370 2572 sumus
3386 2535 3398 2571 :
3414 2517 3556 2587 cujus
3581 2532 3768 2589 evange-

2226 2602 2283 2658 lii
2309 2620 2409 2676 ego
2432 2606 2695 2673 minister,
2720 2606 2890 2662 lactus
2912 2619 3091 2663 autem
3113 2608 3263 2665 dono
3279 2611 3461 2682 gratia:
3480 2611 3585 2668 Dei.
3601 2611 3768 2682 Ubique

2223 2697 2371 2752 enim
2411 2715 2515 2753 non
2542 2715 2638 2754 nos
2662 2700 2869 2756 meritis
2893 2702 3092 2757 nostris
3112 2701 3213 2759 hoc
3227 2705 3496 2775 accipere.
3526 2705 3610 2761 sed
3633 2705 3767 2776 gratis

2227 2791 2350 2858 Dei,
2382 2801 2649 2848 memorat
2666 2792 2895 2862 Paulus;
2924 2803 2982 2849 ut
3004 2794 3181 2851 dantis
3218 2796 3316 2866 sit,
3349 2815 3451 2854 non
3488 2798 3767 2869 accipientis,

2225 2882 2479 2953 quidquid
2498 2885 2684 2955 gratia:
2701 2885 2881 2941 datur.
2907 2887 3059 2953 Quod
3081 2898 3268 2946 autem
3286 2891 3522 2961 adjunxit
3541 2891 3789 2946 secundum

2226 2977 2569 3046 Operationem
2614 2978 2813 3032 virtutis
2857 2980 2967 3051 ejus
2991 3020 3006 3045 ,
3044 2990 3099 3036 et
3135 2979 3238 3037 hoc
3301 2998 3511 3054 quoque
3561 2983 3655 3037 Deo
3695 2981 3770 3036 tri-

517 3077 892 3141 aigumemum
940 3080 1082 3131 esse,
1114 3063 1211 3118 ."li
1261 3061 1372 3116 De"
1413 3061 1710 3116 τενθιτιιυηι
1760 3059 1834 3113 im
1864 3058 1955 3125 δίεν
1996 3058 2118 3128 quia
2146 3066 2192 3130 C
2230 3068 2378 3135 buit;
2412 3076 2470 3123 ut
2494 3068 2541 3123 si
2569 3069 2695 3140 quid
2725 3086 2825 3141 ego
2850 3086 3065 3143 operer,
3097 3073 3276 3130 virtus
3310 3074 3403 3131 Dei
3426 3076 3512 3132 sit.
3537 3075 3640 3130 Non
3658 3074 3774 3131 enim

515 3164 756 3235 prudens
819 3167 935 3217 erat
994 3168 1049 3215 et
1100 3158 1375 3228 percipere
1440 3162 1653 3225 poterat
1703 3152 2116 3217 revelationem,

516 3258 873 3331 mysterium;
904 3261 961 3310 et
985 3252 1133 3308 solus
1167 3250 1357 3305 meruit
1388 3256 1610 3319 propter
1638 3246 1976 3318 prudentiam
2004 3261 2121 3317 my-

521 3350 748 3407 sterium
790 3361 970 3414 nosse,
1021 3344 1158 3418 quod
1201 3343 1317 3397 aliis
1357 3341 1765 3414 generationibus
1796 3352 1970 3394 notum
2020 3355 2122 3393 non

519 3443 619 3515 fuit
646 3441 768 3512 ﬁliis
791 3438 1074 3495 hominum.
1095 3434 1233 3502 Quid
1260 3443 1344 3489 est
1368 3433 1484 3487 aliis
1504 3431 1908 3504 generationibus
1924 3431 1951 3484 ?
1970 3429 2020 3484 id
2040 3438 2124 3486 est

518 3545 646 3591 ante
674 3549 794 3590 mea
838 3542 1079 3602 tempora
1111 3527 1213 3601 (4).
1255 3526 1645 3583 Geaerationes
1681 3526 1849 3589 enim,
1885 3525 2040 3579 sicuti
2069 3525 2121 3579 in

519 3626 802 3697 evangelio
850 3624 1046 3679 lectum
1092 3631 1196 3688 est,
1227 3618 1378 3689 quasi
1430 3633 1523 3689 per
1571 3617 1816 3672 homines
1857 3626 2119 3686 tempora.

520 3718 687 3784 Nulli,
716 3716 915 3787 inquit,
943 3730 1130 3771 eorum
1154 3712 1245 3784 qui
1268 3720 1393 3767 ante
1422 3726 1509 3767 me
1540 3712 1590 3765 in
1618 3709 1969 3782 generatione
2004 3708 2122 3764 luc-

521 3818 652 3869 runt
677 3810 768 3864 lilii
790 3808 1064 3862 hominum
1086 3823 1102 3872 ;
1122 3804 1277 3869 nulli,
1304 3803 1495 3874 inquit,
1514 3812 1698 3857 notum
1728 3801 1824 3857 fuit
1843 3801 1911 3858 de
1926 3811 2127 3874 myste-

523 3901 632 3958 rio.
687 3898 843 3970 Quod
892 3898 962 3953 sit
1010 3896 1349 3968 mySIerium,
1397 3892 1538 3965 quod
1578 3894 1877 3949 revelatum
1922 3893 2023 3949 sibi
2071 3902 2127 3949 et

527 4004 715 4050 notum
748 3993 945 4046 tactum
974 3986 1171 4043 Paulus
1195 3985 1345 4050 dicit,
1377 4000 1520 4054 stepe
1559 3984 1719 4039 locuti
1742 3998 1947 4040 smnus.
1971 3983 2125 4055 Adji-

531 4086 726 4143 cicorlo
751 4094 931 4139 autem
961 4082 1085 4150 ﬁliis
1116 4080 1378 4134 hominum
1412 4077 1646 4132 ostendit
1667 4078 1895 4133 fortasse
1924 4085 2128 4149 myste-

528 4180 672 4235 rium
720 4175 854 4231 illud
900 4183 1186 4244 antequam
1236 4170 1405 4227 Paulo
1471 4169 1767 4225 revelatum
1841 4179 1958 4235 est,
2010 4167 2128 4225 lieri

527 4269 774 4343 potuisse
800 4276 856 4321 ut
883 4266 1182 4321 revelatum
1223 4263 1292 4317 sit
1311 4261 1516 4333 angelis
1535 4278 1550 4328 ;
1568 4261 1619 4317 id
1648 4272 1729 4318 est
1752 4278 1856 4318 non
1885 4261 2011 4318 ﬁliis
2028 4260 2129 4317 ho-

533 4365 765 4425 minuto,
798 4361 927 4415 sicut
952 4374 1091 4413 nunc
1111 4358 1386 4413 revelatum
1414 4364 1488 4410 est
1509 4357 1697 4410 sanctis
1720 4359 1830 4430 ejus
1858 4356 2124 4425 apostolis.

2227 3161 2279 3216 in
2314 3173 2407 3216 me
2454 3177 2570 3217 mea
2616 3161 2787 3219 virtus
2821 3179 3096 3235 operatur,
3141 3166 3238 3222 sed
3284 3167 3397 3224 Dei.
3422 3167 3676 3237 Quomodo
3700 3182 3776 3222 att-

2228 3259 2334 3307 tcm
2378 3261 2663 3324 utrumque
2686 3254 2870 3325 jungat
2924 3266 2981 3312 et
3023 3257 3151 3326 quid
3186 3271 3469 3331 sequatur,
3498 3260 3777 3333 perspicien-

2225 3344 2353 3400 dum
2385 3345 2671 3417 diligenter
2691 3348 3070 3421 est.Atljungit
3100 3353 3242 3407 enim
3276 3371 3290 3407 :
3320 3352 3451 3409 Mihi
3479 3356 3667 3410 minimo
3690 3368 3776 3408 ont-

2227 3439 2367 3494 nium
2395 3451 2690 3496 sanctorum
2713 3443 2835 3497 data
2860 3454 2933 3499 est
2955 3446 3065 3501 lucc
3092 3448 3341 3519 gratia...
3371 3450 3427 3504 Si
3454 3449 3674 3520 operatio
3688 3448 3777 3519 jam

2228 3535 2438 3605 agentis
2466 3545 2569 3603 est,
2616 3548 2671 3593 et
2709 3536 3002 3594 secundum
3040 3540 3415 3611 operationem
3444 3544 3560 3600 data
3585 3555 3654 3598 est
3680 3556 3776 3611 grs-

2233 3627 2324 3691 tia,
2359 3628 2608 3683 tueritum
2653 3639 2737 3685 est
2783 3631 2933 3700 prius
2964 3634 3264 3701 cperantis,
3293 3644 3351 3692 et
3379 3636 3458 3692 sic
3494 3635 3667 3706 gratia.
3692 3629 3777 3689 Sed

2232 3712 2392 3789 supra
2420 3719 2574 3784 dixit,
2601 3721 2897 3777 secundum
2926 3722 3126 3780 douttm
3156 3727 3350 3798 gratia:
3380 3727 3472 3783 Dei
3499 3727 3777 3782 datamesss

2228 3809 2369 3866 hanc
2407 3811 2657 3883 gratiam,
2687 3824 2744 3868 ut
2781 3815 3028 3872 miuiSter
3054 3827 3200 3873 esset
3224 3818 3490 3889 evangelii
3521 3836 3535 3874 :
3562 3817 3653 3875 soli
3678 3828 3781 3871 vero

2230 3905 2498 3973 posterius
2539 3903 2661 3960 data
2707 3914 2812 3973 est,
2847 3923 2950 3978 qua
2981 3924 3123 3964 nunc
3169 3922 3453 3981 operator,
3493 3921 3546 3968 et
3568 3918 3781 3982 operatur

2229 3996 2426 4053 virtute
2453 3997 2570 4064 Dei,
2598 4008 2654 4056 et
2681 3998 2879 4057 dicitur
2899 4012 3104 4075 propter
3125 4007 3474 4074 operationem
3506 4003 3687 4061 uirtutis
3703 4000 3782 4058 Dei

2231 4087 2351 4141 data
2397 4099 2473 4144 est
2507 4092 2698 4162 gratia.
2747 4090 2886 4161 Quid
2916 4094 3116 4164 igitur?
3156 4098 3404 4166 operatio
3439 4107 3560 4153 ante
3590 4095 3781 4168 gratiam

2230 4180 2354 4237 data
2395 4184 2519 4238 est?
2569 4199 2638 4239 au
2686 4187 3093 4257 postea'gratia
3139 4188 3435 4249 data?Sed
3462 4206 3579 4248 cum
3624 4189 3785 4246 dicitur

2230 4275 2601 4345 operationem
2648 4279 2862 4336 virtutis
2891 4279 2985 4336 Dei
3030 4279 3174 4352 esse,
3201 4283 3312 4352 jam
3357 4285 3479 4341 data
3524 4293 3604 4342 est
3624 4281 3781 4357 gratis.

2234 4366 2553 4439 Rursusque
2588 4384 2711 4427 cum
2754 4371 2970 4439 dicitur,
3002 4375 3300 4433 secundum
3327 4377 3422 4434 Dei
3465 4378 3676 4450 gratiam
3699 4373 3787 4430 lac-

531 4460 698 4518 Plene
721 4455 960 4528 mysterii
978 4452 1321 4510 concordiam
1341 4450 1480 4521 quod
1504 4466 1666 4506 unum
1697 4452 1766 4505 sit
1786 4459 1943 4517 atque
1962 4449 2125 4515 idem,
2155 4460 2210 4521 1)
2234 4462 2349 4516 tum
2382 4463 2687 4519 ministrum
2730 4479 2852 4521 esse
2880 4465 3125 4534 paulum,
3176 4478 3304 4527 ante
3344 4449 3697 4541 operationem
3722 4466 3787 4519 ίη,

534 4552 678 4625 quod
703 4550 805 4607 sibi
830 4549 1124 4605 revelatum
1141 4553 1227 4601 est
1245 4553 1297 4600 et
1318 4543 1600 4614 apostolis,
1629 4542 1805 4599 docet.
1827 4541 1904 4598 Ne
1927 4541 2129 4598 discor-

538 4649 630 4706 det
652 4657 707 4703 et
738 4662 842 4700 non
868 4644 1007 4699 idem
1036 4641 1280 4697 videatur
1306 4654 1426 4695 esse
1451 4655 1544 4710 per
1570 4645 1909 4709 praesentiam
1929 4636 2131 4696 Christi

539 4738 793 4795 traditum
824 4734 1115 4806 apostolis,
1150 4730 1293 4805 quod
1322 4732 1438 4801 ipse
1471 4731 1571 4786 sibi
1610 4747 1705 4801 per
1744 4730 2128 4786 revelationcm

537 4830 795 4887 traditum
841 4827 1007 4892 dixit;
1066 4824 1341 4896 conjungit
1384 4822 1435 4879 id
1483 4823 1582 4878 sibi
1640 4823 1937 4879 revelatum
1988 4821 2129 4894 quod

538 4922 742 4980 sanctis
766 4918 1044 4990 apostolis.
1073 4917 1270 4972 Parum
1323 4925 1444 4971 est:
1479 4913 1664 4985 adjicit
1706 4924 1754 4970 et
1794 4916 2055 4985 prophetis
2079 4917 2133 4970 in

537 5015 745 5087 spiritu.
798 5010 969 5067 Acute
1009 5019 1063 5064 et
1093 5008 1446 5064 vehementer
1477 5025 1491 5062 :
1520 5009 1718 5063 etenim
1751 5010 2007 5078 propheta
2039 5006 2131 5076 qui

538 5102 857 5180 mySIerium
886 5101 1093 5155 locutus
1120 5110 1223 5166 est,
1256 5099 1308 5153 in
1343 5097 1543 5168 Spiritu
1573 5098 1645 5154 illi
1692 5099 1987 5155 revelatum
2009 5107 2129 5166 est;

525 5196 855 5272 'mystcrium
886 5194 1001 5265 ipse
1029 5206 1136 5246 non
1170 5194 1345 5247 scivit.
1379 5192 1512 5258 Quia
1539 5191 1672 5246 dixit
1697 5192 1818 5247 liliis
1853 5194 2130 5249 hominum

536 5289 837 5351 revelatum
865 5300 975 5341 non
1016 5282 1181 5338 luisse
1215 5298 1389 5353 neque
1419 5293 1606 5339 notum
1640 5286 2000 5356 mysterium;
2035 5286 2135 5343 luit

637 5444 689 5515 l)
729 5441 897 5515 Codd.
928 5450 975 5496 et
1004 5455 1095 5495 nos
1114 5452 1210 5508 pro
1237 5439 1474 5494 ostendit.

634 5512 691 5584 2)
729 5513 897 5571 Codd.
931 5515 1118 5584 factum
1144 5526 1260 5584 gnte
1281 5521 1354 5565 est
1374 5520 1542 5567 autem
1561 5512 1615 5566 in
1634 5528 1711 5568 eo.

634 5583 691 5656 ὅ)
731 5585 889 5656 Vulg.
916 5583 1020 5640 non
1043 5592 1117 5639 est
1140 5583 1390 5656 agnitum.

632 5654 689 5726 ι)
729 5654 898 5714 Codd.
928 5664 1045 5711 ante
1066 5654 1190 5711 meis
1215 5654 1540 5726 temporibus.

608 5445 632 5733 Ξ

2239 4552 2524 4624 telligimus
2548 4554 2731 4611 datum
2757 4554 2980 4624 donum,
3005 4569 3063 4614 ut
3084 4559 3332 4616 minister
3349 4570 3527 4628 esset;
3552 4569 3604 4617 et
3622 4559 3787 4616 donum

2235 4643 2330 4699 Del
2363 4644 2441 4717 (4)
2472 4661 2597 4702 esse
2623 4647 2851 4718 gratiam
2897 4650 3041 4720 quod
3072 4651 3318 4709 minister
3340 4663 3444 4710 est.
3488 4653 3604 4709 Jam
3632 4667 3691 4708 ex
3714 4663 3790 4704 ac-

2232 4749 2386 4808 cepta
2416 4739 2586 4807 gratia
2616 4740 2846 4798 ministri
2869 4756 2991 4799 cum
3019 4757 3304 4816 operetur;
3328 4756 3384 4803 et
3406 4747 3496 4803 illa
3523 4746 3681 4820 gratis
3704 4750 3789 4808 est,

2236 4839 2294 4883 ut
2332 4832 2573 4900 operatio
2600 4831 2719 4902 ejus
2767 4848 2837 4890 ex
2887 4836 3082 4892 virtute
3110 4836 3204 4893 Dei
3230 4838 3323 4894 sit.
3375 4837 3452 4895 ita
3487 4850 3543 4895 ut
3582 4838 3795 4895 minister

2233 4932 2399 4988 esset,
2449 4924 2651 4982 donum
2699 4927 2790 4984 Dei
2821 4926 2963 4995 fuit;
2988 4940 3046 4985 ut
3072 4941 3218 4987 esset
3259 4934 3506 5005 operatio
3537 4933 3624 4989 Dei
3651 4931 3796 4986 virtus

2237 5020 2287 5073 in
2332 5034 2421 5086 eo,
2461 5020 2630 5091 gratia
2666 5021 2757 5077 Dei
2791 5020 2909 5079 luit.
2943 5021 3076 5078 Mihi
3105 5025 3262 5098 igitur
3287 5029 3796 5083 amniumsanctoruin

2235 5110 2445 5165 minimo
2471 5111 2578 5166 haec
2606 5113 2728 5168 data
2759 5122 2853 5181 est,
2892 5114 3083 5186 inquit,
3117 5117 3304 5189 gratia.
3339 5120 3476 5188 Quae
3505 5119 3590 5175 illa
3614 5109 3796 5191 gratia?

2314 5235 2391 5306 (1)
2427 5235 2582 5303 Vll'tt.
2618 5253 2632 5289 :
2663 5237 2846 5295 Gentes
2878 5256 2988 5296 esse
3028 5239 3316 5297 cohatredes
3355 5252 3404 5297 et
3440 5237 3798 5307 concorporqu

2240 5314 2288 5384 et
2310 5308 2698 5384 compar-tieipes
2737 5312 3091 5382 promissionis
3114 5315 3228 5384 ejus
3265 5315 3321 5369 in
3350 5312 3552 5370 Christo
3577 5309 3694 5369 Iesu
3721 5322 3799 5383 per

2236 5376 2595 5449 Evangelium.

2339 5448 2401 5518 2)’
2426 5448 2598 5506 Codd.
2624 5451 2848 5508 libertas.

2311 5448 2392 5595 g5)
2429 5520 2581 5595 Vulg.
2610 5520 2773 5595 Cujus
2811 5528 2848 5595 ft

2336 5519 2392 5591 5)
2429 5520 2581 5608 Vulg.
2610 5520 2773 5608 Eujus
2811 5528 2981 5595 factus
3018 5542 3132 5608 sum
3158 5527 3388 5585 minister
3417 5527 3690 5608 secundum
3718 5523 3798 5581 de-

2238 5591 2566 5672 nuin‘gratite
2599 5591 2701 5672 D_ei
2925 5598 3206 5656 secundum
3231 5600 3639 5672 operationem...

2308 5663 2400 5736 (Δ)
2417 5664 2587 5722 Codd.
2614 5663 2778 5723 Deus.
