4106 6184
385 297 526 358 120ἴί

1361 305 1426 360 ΙΝ
1469 305 1858 363 I'II‘ISTOLAM
1925 309 2014 362 AD
2055 309 2385 365 EI‘IIESIDS
2423 311 2625 366 LIBER
2665 311 2704 366 l.

3541 313 3678 371 1.66

377 419 672 476 secundum
694 421 1062 500 operationem
1086 421 1296 475 virtutis
1315 422 1588 491 ejnsinter
1607 433 1792 494 gentes
1813 439 1975 479 evan-
2004 427 2054 487 Α
2082 435 2135 480 et
2184 437 2379 480 etetcra
2423 443 2542 497 qua:
2573 427 2863 496 snhjungit.
2918 427 2974 480 In
3007 443 3112 498 quo
3160 428 3322 497 igitur
3363 429 3679 498 mysterium

377 513 626 584 gehzare.
643 512 778 581 Quid
794 522 970 567 autem
989 515 1376 584 evangelizare,
1391 515 1603 585 subjicit
1621 535 1633 570 :
1651 531 1756 571 non
1771 527 1980 586 aposto-

381 607 556 661 lorum
574 607 813 673 miuimo,
837 607 930 660 sed
953 619 1282 672 sanctorum,
1311 609 1500 679 inquit.
1523 609 1705 664 Sancti
1733 614 1895 674 enim,
1926 621 1979 665 ct

379 697 486 752 title
507 708 560 753 et
584 699 772 768 spiritu
796 701 962 755 sancti
986 743 1000 766 ,
1027 703 1424 770 suntapostoli,
1443 701 1636 772 quilnts
1667 703 1976 758 mandatum

379 798 465 844 est
489 791 846 860 evangelium.
883 789 1422 861 lttcontpreltensibiles
1445 795 1647 847 divitias
1670 794 1850 848 Cltristi
1877 795 1974 865 (l).

379 880 512 950 Quae
536 883 676 936 enim
706 883 1011 937 autdivilia:
1035 886 1169 938 tales
1189 900 1310 939 esse
1339 898 1579 952 possunt,
1606 897 1697 938 aut
1722 885 1979 954 quemad-

381 974 596 1028 modum
611 975 994 1044 comprehendi
1011 975 1132 1030 divit
1145 977 1229 1039 ize,
1246 993 1363 1046 qua:
1378 977 1730 1040 suntCht-isti,
1748 994 1866 1049 qute
1881 995 1978 1033 nos

379 1065 573 1120 faciant
588 1066 680 1120 Dei
697 1067 1116 1130 lilios,:eternam
1132 1069 1293 1122 vitam
1309 1078 1370 1122 trt
1382 1069 1560 1132 huant,
1578 1082 1791 1136 corrupt
1803 1071 1976 1124 ioncm

378 1174 591 1212 onmem
614 1159 881 1224 auferant,
917 1169 1143 1215 mortem
1175 1161 1343 1228 ipsam
1374 1161 1716 1226 interﬁciant,
1749 1161 1798 1215 in
1828 1163 1978 1217 malis

377 1264 499 1306 esse
519 1249 743 1318 faciant,
768 1262 981 1322 peccata
997 1252 1198 1308 donent
1222 1254 1425 1307 omnia?
1449 1253 1590 1322 Ergo
1612 1269 1818 1322 magna:
1845 1254 1979 1310 divi-

377 1343 488 1411 tiae,
516 1355 569 1400 et
594 1346 644 1399 in
670 1346 918 1401 tollendis
936 1348 1089 1401 malis
1109 1346 1437 1418 indulgentia
1470 1357 1831 1418 peccatorum,
1855 1357 1907 1402 ct
1925 1349 1976 1402 in

380 1435 573 1492 dandis
604 1437 779 1506 bonis,
813 1449 867 1495 et
896 1440 1055 1496 tantis
1082 1440 1258 1508 bonis,
1290 1455 1410 1510 qua:
1438 1454 1597 1510 supra
1622 1439 1756 1507 dixi,
1789 1449 1844 1495 et
1872 1441 1976 1495 alia

383 1530 530 1585 talia.

455 1625 620 1681 Vens.
656 1625 708 1682 9.
749 1626 913 1682 —Et
961 1629 1258 1683 illuminare
1309 1645 1480 1684 omnes
1526 1645 1641 1700 qua:
1688 1631 1753 1683 sit
1806 1630 1979 1701 dispo-

379 1719 496 1774 sitio
543 1718 624 1790 (ἓ)
672 1723 918 1791 mysterii.
954 1721 1134 1776 Ordo:
1168 1721 1290 1774 data
1330 1730 1414 1775 est
1458 1721 1586 1775 mihi
1629 1722 1799 1792 gratia
1838 1721 1979 1776 inter

2085 518 2186 574 hoc
2217 518 2592 573 absconditum
2625 519 2749 573 est?
2786 521 2836 572 in
2877 517 3010 573 Deo.
3037 519 3092 574 In
3117 535 3222 590 quo
3251 520 3359 575 Deo
3381 519 3404 573 ?
3425 521 3514 590 qui
3558 519 3680 574 uni-

2086 627 2241 666 versa
2295 613 2518 667 creavit.
2578 611 2633 666 Si
2685 613 2827 666 enim
2886 629 2980 682 per
3033 613 3207 682 ipsum
3253 614 3548 668 revelatum
3598 624 3684 670 est

2083 703 2398 776 mysterimn
2432 705 2483 758 in
2511 704 2626 773 ipso
2664 704 3037 758 ahsconditmn
3066 719 3081 768 ;
3117 703 3216 757 l'uit
3239 714 3417 759 atttem
3444 706 3680 758 abscon-

2082 797 2250 849 ditum
2285 807 2572 866 antequam
2605 796 2832 858 veniret,
2878 796 3174 851 revelatum
3217 806 3300 852 est
3327 807 3678 868 posteaquam

2081 890 2246 943 venit.
2270 889 2401 955 Quis
2424 891 2522 944 iste
2539 893 2654 943 est?
2676 891 2763 959 qui
2791 891 3061 956 universa,
3087 891 3278 958 inquit,
3297 893 3518 946 ereavit.
3538 891 3682 961 Ergo

2081 991 2292 1035 creatur
2317 981 2441 1034 lit-et
2470 982 2607 1034 Deus
2627 983 2940 1050 accipiatur,
2966 983 3059 1036 Sed
3090 999 3182 1050 per
3202 983 3472 1036 Christum
3495 994 3675 1037 tamen

2082 1083 2296 1128 Creator
2325 1073 2482 1129 Deus.
2506 1074 2729 1128 Creator
2747 1075 2886 1128 enim
2918 1092 3022 1128 non
3051 1076 3302 1129 Convenit
3334 1074 3561 1147 Deo(l),
3585 1075 3685 1130 sed

2080 1167 2331 1222 convenit
2355 1166 2590 1232 Christo,
2624 1177 2678 1221 et
2706 1167 2783 1220 sic
2815 1184 2908 1236 per
2936 1167 3208 1222 Christum
3235 1169 3362 1222 Deo.
3396 1167 3492 1221 Ille
3534 1168 3683 1222 enim

2080 1259 2259 1329 genuit
2285 1257 2557 1313 Christum
2613 1276 2628 1314 :
2673 1261 2920 1313 Christus
2969 1259 3370 1313 creavitmnnia
3401 1259 3518 1328 ipso
3569 1259 3685 1314 Dco

2081 1360 2336 1419 onerante
2365 1358 2419 1404 et
2451 1366 2543 1419 per
2572 1365 2631 1405 se
2654 1359 2892 1405 creante.
2925 1350 3000 1404 Ita
3021 1367 3182 1403 umtm
3211 1360 3294 1404 est
3324 1351 3463 1417 quod
3501 1360 3683 1404 creata

2080 1452 2205 1496 sunt
2235 1442 2434 1505 omnia,
2471 1452 2525 1497 et
2572 1444 2639 1497 ab
2682 1459 2786 1495 uno
2838 1454 3013 1497 creata
3059 1453 3201 1498 sunt.
3235 1445 3290 1499 Si
3335 1443 3550 1511 quidem
3582 1443 3676 1499 Dei

2081 1534 2247 1604 patris
2267 1549 2428 1604 opera
2460 1549 2554 1603 per
2579 1534 2850 1589 Christum
2878 1546 3055 1590 creata
3089 1547 3213 1590 sunt
3242 1536 3440 1591 omnia.

2157 1625 2316 1680 Vens.
2352 1626 2439 1680 lll.
2467 1657 2538 1666 —
2568 1625 2636 1680 Ut
2680 1627 3008 1682 innotesceret
3029 1628 3434 1701 principibus(;t)
3465 1640 3512 1683 et
3543 1639 3684 1700 pote-

2079 1717 2293 1771 statibus
2319 1714 2379 1772 in
2394 1718 2675 1789 ctelestibus
2699 1737 2788 1790 per
2819 1719 3099 1773 Ecclesium
3127 1721 3454 1791 multiformis
3475 1722 3684 1790 sapien-

380 1821 567 1881 gcntes
595 1813 966 1883 cvangelizare
1004 1824 1056 1869 et
1099 1813 1405 1868 illuminare
1435 1829 1647 1869 omnes.
1682 1813 1736 1867 In
1783 1830 1884 1883 qua
1920 1829 1978 1867 re
2010 1814 2057 1872 B
2085 1811 2154 1863 tia
2201 1810 2313 1864 Dei.
2367 1811 2479 1866 lloc
2525 1823 2609 1866 est
2659 1812 2972 1883 mysterium
3020 1812 3161 1882 quod
3208 1814 3583 1868 absconditum
3627 1815 3685 1869 in

376 1905 708 1960 illuminare?
737 1906 862 1976 qttid
895 1908 964 1960 sit
993 1907 1257 1977 dispositio
1284 1908 1546 1976 mysterii;
1579 1917 1637 1960 ιιι
1664 1923 1770 1960 non
1799 1905 1978 1959 solum

378 1999 696 2069 mysterium
726 1999 1096 2069 evangelizeut
1125 1999 1217 2053 sed
1251 2009 1306 2052 et
1327 1999 1720 2062 illuminent,id
1748 2007 1832 2052 est
1854 2013 1980 2066 ape-

378 2092 522 2146 riant
547 2107 666 2160 qua:
713 2091 782 2146 sit
822 2091 1110 2162 dispositio
1138 2093 1402 2163 mysterii.
1438 2091 1590 2160 Quod
1627 2101 1805 2147 autem
1847 2091 1981 2146 dixit

375 2179 677 2236 illuminare
704 2198 876 2237 omnes
904 2183 1148 2237 tennitet
1176 2181 1344 2238 Israel
1397 2194 1449 2237 et
1497 2192 1708 2254 gentes.
1758 2184 1983 2253 Accepit

377 2273 524 2328 enim
551 2275 667 2328 sine
692 2275 856 2329 dnhio
883 2277 933 2329 in
964 2284 1152 2347 gentes
1181 2275 1554 2346 evangelium;
1582 2276 1678 2331 sed
1709 2283 1766 2332 et
1805 2275 1978 2330 Judmi

380 2368 670 2424 illuminari
720 2379 964 2440 possunt,
995 2372 1036 2424 si
1065 2379 1380 2440 sequantur,
1425 2370 1470 2424 si
1518 2370 1791 2425 obcdiant.
1836 2369 1975 2438 Quid

377 2470 559 2515 autem
591 2461 660 2515 sit
701 2462 972 2530 dispositio
1010 2463 1258 2532 mysterti,
1293 2463 1667 2532 exponendum
1705 2472 1819 2527 est;
1851 2477 1984 2532 quo-

378 2553 524 2608 niam
554 2553 862 2609 illuminare
889 2570 947 2609 sc
979 2553 1116 2608 dixit
1149 2556 1364 2609 Paulus.
1397 2555 1501 2611 Sed
1547 2556 1597 2610 id
1631 2557 1684 2611 in
1711 2559 1983 2627 sequenti-

382 2647 486 2701 bus
508 2646 801 2702 declaravit
828 2647 1112 2701 absconditi
1137 2666 1168 2702 a
1194 2647 1398 2726 siccatis
1426 2650 1478 2702 in
1509 2648 1635 2702 Deo.
1675 2649 1801 2703 Data
1827 2650 1980 2731 mihi,

384 2740 578 2810 inquit,
616 2739 759 2794 inter
784 2752 972 2810 gentes
1001 2751 1085 2796 est
1107 2743 1300 2810 gratia,
1331 2759 1503 2796 omnes
1533 2743 1826 2798 illuminare
1868 2760 1984 2814 qum

382 2831 450 2886 sit
477 2832 740 2902 dispositio
770 2835 1018 2904 mysterii.
1052 2832 1219 2902 Cujus
1247 2835 1488 2906 mysterii
1512 2835 1534 2889 ?
1581 2836 1722 2906 quod
1745 2836 1981 2890 abscon-

385 2926 556 2980 ditum
579 2935 683 2989 est,
715 2927 908 2997 inquit,
942 2942 970 2979 a
994 2927 1208 2982 szeculis
1234 2928 1286 2981 in
1321 2929 1453 2983 Deo.

457 3017 595 3085 Quid
623 3030 700 3074 est
723 3035 753 3073 a
780 3019 1008 3085 sarculis,
1035 3031 1087 3075 et
1108 3021 1228 3091 quid
1261 3022 1310 3075 in
1342 3023 1480 3088 Deo;
1513 3021 1638 3092 quid
1658 3031 1731 3076 est
1754 3022 1980 3077 abscon-

381 3112 552 3166 ditutn
571 3127 585 3176 ;
604 3121 658 3165 et
674 3112 944 3182 quomodo
957 3113 1326 3169 absconditum
1347 3113 1610 3180 ;hreviter
1625 3114 1975 3184 explicemus.

2085 1902 2218 1968 Deo,
2250 1903 2300 1956 id
2333 1914 2416 1956 est
2460 1905 2511 1956 in
2543 1902 2784 1968 Christo,
2837 1905 2978 1975 quod
3029 1915 3216 1976 postea
3261 1906 3554 1960 revelatum
3600 1917 3686 1962 est

2086 2009 2192 2048 non
2222 1995 2420 2049 animis
2453 1994 2534 2066 (5)
2567 1996 2660 2049 sed
2693 1995 3025 2061 hominibus,
3066 2012 3240 2066 neque
3273 2005 3476 2052 tantum
3509 1997 3684 2052 homi-

2085 2087 2242 2141 nibns
2272 2087 2365 2141 sed
2396 2087 2630 2141 omnibus
2656 2088 2974 2158 principibus
3011 2099 3056 2143 et
3095 2091 3429 2161 potestatibus
3456 2091 3506 2143 in
3532 2091 3682 2145 caele—

2084 2178 2264 2244 stibus,
2300 2189 2353 2234 et
2387 2181 2679 2235 revelatum
2708 2193 2785 2235 εει
2815 2197 2912 2250 per
2949 2181 3269 2250 Ecclesiam,
3299 2184 3442 2254 quod
3474 2183 3685 2239 scilicet

2088 2289 2183 2344 per
2223 2277 2539 2347 mysterium
2570 2275 2834 2343 sapientia
2882 2276 2971 2330 Dei
3000 2287 3104 2330 est.
3144 2276 3276 2331 Cum
3319 2289 3497 2332 autent
3545 2278 3682 2332 dixit

2086 2367 2407 2437 principibus
2438 2379 2482 2421 et
2511 2368 2843 2438 potestatibus
2882 2369 2934 2421 itt
2971 2369 3253 2423 caelestibus
3293 2369 3516 2437 intelligi
3557 2369 3683 2423 licet

2087 2458 2193 2514 illis
2217 2461 2508 2514 revelatum
2541 2475 2647 2514 non
2677 2475 2821 2525 esse,
2853 2477 2972 2531 qua;
2998 2461 3240 2516 adversa:
3284 2471 3406 2516 sunt
3442 2481 3454 2516 :
3481 2461 3538 2516 in
3567 2477 3678 2517 eo:-

2085 2550 2307 2605 lestibus
2329 2551 2491 2617 enim,
2523 2551 2714 2623 inquit.
2758 2554 2824 2607 Et
2868 2551 3011 2623 quod
3043 2553 3174 2607 dixit
3223 2569 3320 2623 per
3357 2553 3678 2622 Ecclesiam,

2087 2643 2140 2697 id
2170 2654 2249 2697 est
2273 2659 2367 2714 per
2391 2645 2630 2699 membra
2663 2645 2753 2699 Dei
2781 2647 2978 2706 omnia,
3000 2660 3094 2714 per
3111 2646 3349 2701 membra
3378 2644 3600 2712 Christi,
3624 2657 3681 2702 et

2087 2749 2182 2804 per
2227 2751 2440 2790 omnem
2479 2735 2714 2789 animam
2753 2738 3025 2808 mysteriis
3070 2738 3187 2808 ejus
3217 2738 3454 2794 indutam
3487 2738 3590 2812 (4),
3624 2748 3683 2793 et

2086 2827 2138 2881 in
2165 2827 2334 2897 ipsum
2366 2843 2513 2897 spem
2544 2827 2943 2883 habentemJta
2971 2842 3230 2900 quantum
3267 2832 3468 2886 ltomini
3493 2835 3676 2887 datum

2084 2921 2175 2986 sit,
2207 2919 2428 2990 intelligi
2451 2920 2598 2974 licet.
2621 2921 2676 2972 Si
2703 2920 2920 2990 quidem
2949 2938 3052 2975 non
3074 2922 3340 2989 principes
3369 2935 3421 2978 et
3451 2933 3680 2992 potesta-

2085 3021 2162 3067 tes
2195 3012 2612 3080 iit-coelestibus,
2647 3014 2747 3083 ipsi
2773 3013 3090 3083 sapientiam
3123 3015 3219 3070 Dei
3248 3015 3556 3071 hominibus
3582 3016 3679 3071 dc-

2081 3108 2289 3164 clarant
2315 3125 2330 3173 ;
2371 3110 2465 3162 sed
2494 3126 2583 3178 per
2611 3107 2913 3177 Ecclesiuttt,
2937 3109 2987 3164 id
3014 3120 3098 3164 est
3127 3127 3220 3180 per
3248 3126 3342 3166 cos
3383 3113 3471 3183 qui
3503 3127 3679 3166 mem-

380 3206 425 3260 Α
446 3205 571 3271 Deo,
595 3205 683 3274 qni
701 3216 854 3274 pater
874 3207 1190 3275 estprimns,
1207 3207 1416 3275 genitus
1434 3207 1776 3262 estChristus
1792 3208 1880 3278 qui
1899 3218 1980 3263 est
2008 3191 2053 3253 C
2087 3203 2180 3256 bra
2210 3211 2334 3256 sunt
2359 3199 2580 3267 Christi,
2610 3203 3034 3256 sanctiﬁcatione
3057 3203 3108 3256 in
3135 3203 3260 3269 lltle,
3309 3211 3603 3273 potestates
3624 3214 3680 3258 et

381 3299 564 3353 lumen
581 3313 649 3354 ex
669 3299 888 3362 lumine,
909 3309 963 3356 et
981 3301 1118 3356 Deus
1137 3316 1201 3355 ex
1226 3301 1336 3355 Deo
1353 3300 1454 3372 (5),
1479 3301 1568 3372 qui
1589 3303 1743 3358 .lcsns
1765 3311 1865 3368 est,
1890 3303 1980 3372 qui

384 3391 523 3447 Deus
551 3406 615 3447 ex
639 3393 748 3447 Deo
764 3403 844 3449 est
873 3393 976 3466 (4).
1000 3393 1171 3449 Nemo
1193 3410 1278 3450 me
1299 3395 1439 3450 velut
1457 3395 1682 3451 alterum
1710 3397 1873 3450 Deum
1902 3395 1983 3450 di-

379 3499 505 3540 cere
526 3485 827 3550 existimet;
859 3487 952 3542 sed
988 3489 1057 3542 ita
1085 3487 1218 3542 ordo
1249 3487 1497 3558 loquendi
1531 3488 1748 3557 ﬂagitat.
1773 3487 1828 3542 lu
1857 3489 1979 3554 hoc,

378 3576 618 3648 inquam,
648 3577 888 3645 Christo,
912 3580 1002 3650 qui
1028 3579 1170 3634 Deus
1196 3596 1262 3635 ex
1287 3579 1394 3635 Deo
1415 3589 1517 3644 est,
1541 3581 1717 3634 omnia
1745 3579 1979 3650 perfecta

380 3679 532 3734 sunt,
557 3679 610 3724 et
641 3685 736 3740 per
769 3671 966 3741 ipsum,
1001 3673 1213 3738 omnia;
1247 3672 1340 3727 sed
1371 3671 1512 3742 quod
1546 3687 1688 3726 nunc
1729 3687 1979 3727 necessa-

379 3761 521 3816 rium
565 3769 669 3828 est,
718 3763 770 3816 in
822 3764 939 3832 ipso
986 3764 1186 3818 omnia.
1227 3764 1316 3819 Sic
1347 3763 1490 3818 enim
1535 3763 1760 3827 dictum,
1793 3771 1847 3817 et
1886 3778 1981 3832 per

379 3854 580 3925 ipsum,
611 3863 666 3908 et
694 3853 746 3910 in
777 3855 912 3925 ipso.
940 3855 996 3910 Si
1019 3856 1178 3926 igitur
1201 3857 1254 3909 in
1283 3857 1399 3924 ipso
1421 3855 1621 3919 omnia,
1653 3871 1979 3925 quamquam

381 3961 480 4018 per
509 3949 682 4017 ipsum
711 3949 914 4017 omnia,
945 3949 1040 4004 sed
1076 3949 1212 4003 Deus
1236 3950 1289 4002 in
1321 3948 1436 4016 ipso
1462 3947 1638 4000 omnia
1672 3947 1784 4017 (5);
1817 3949 1978 4002 etiam

381 4040 484 4094 hoc
514 4040 827 4112 mysterium
858 4051 961 4104 est,
989 4052 1041 4096 et
1066 4041 1119 4095 in
1161 4041 1279 4110 ip<o
1308 4040 1704 4096 absconditum.
1729 4039 1978 4096 Abscon-

377 4131 550 4186 ditum
579 4144 758 4188 autem
807 4135 1038 4203 quibus?
1071 4149 1098 4187 a
1132 4132 1362 4186 sarculis.
1395 4130 1642 4186 Christus
1671 4133 1812 4187 enim
1855 4132 1979 4188 uni-

379 4225 594 4295 genitus
621 4225 711 4279 Dei
735 4226 896 4290 lilius,
930 4235 982 4281 et
1019 4225 1086 4280 ah
1118 4227 1234 4296 ipso
1280 4225 1483 4296 reliqua
1516 4235 1692 4279 creata
1737 4235 1899 4280 sunt:
1926 4225 1980 4281 id

379 4326 462 4372 est
497 4332 592 4387 per
614 4318 788 4386 ipsum
823 4319 920 4374 Dei
951 4335 1111 4391 upera
1138 4320 1189 4374 in
1223 4320 1340 4389 ipso
1375 4331 1634 4388 operante
1657 4335 1752 4388 per
1781 4320 1975 4391 ipsum.

378 4407 574 4463 Omnia
620 4412 814 4465 sarcula
869 4413 1034 4483 igitur
1082 4414 1380 4484 posteriora
1425 4411 1678 4480 Christo;
1721 4413 1919 4485 quippe
1947 4429 1978 4470 a

378 4499 601 4556 Christo
627 4501 787 4558 facta.
822 4503 961 4558 Nihil
1002 4506 1160 4576 igitur
1188 4513 1313 4561 ante
1347 4504 1644 4569 Christum,
1688 4518 1787 4560 nec
1815 4521 1976 4576 supe-

2087 3294 2354 3363 principes
2385 3294 2435 3347 itt
2475 3293 2792 3349 coelestibus
2841 3295 3162 3365 sapientiam
3215 3295 3309 3349 Dei
3345 3307 3680 3366 cognoscunt

2084 3386 2282 3441 editam
2329 3400 2452 3441 esse
2499 3401 2593 3453 per
2639 3385 2930 3440 hominem.
2979 3388 3194 3442 Discere
3239 3398 3293 3442 ct
3334 3403 3560 3443 noscere
3600 3386 3679 3458 (5)

2084 3481 2245 3535 etiam
2293 3480 2623 3550 principibus
2654 3480 2837 3534 mttndi
2869 3490 2924 3536 et
2957 3481 3307 3548 potestatibus
3361 3481 3681 3551 sapientiam

2085 3574 2204 3640 Dei,
2235 3573 2406 3629 facilis
2455 3575 2560 3628 erit
2600 3572 2822 3642 agnitio,
2857 3575 2902 3627 si
2935 3574 3022 3627 ubi
3054 3572 3216 3627 homo
3242 3574 3334 3639 sit,
3367 3582 3422 3629 et
3462 3573 3549 3628 ubi
3579 3573 3679 3627 Ita-

2083 3671 2208 3725 beat
2232 3668 2549 3739 principium
2576 3668 2886 3732 didicerint,
2919 3670 3292 3738 cognoverint,
3323 3683 3418 3738 per
3449 3667 3681 3738 prophe-

2085 3772 2192 3816 tam
2235 3762 2573 3817 Ezechieletn
2603 3776 2724 3815 cum
2766 3760 3002 3828 loquitur
3043 3761 3110 3816 de
3140 3761 3443 3822 cherubin;
3484 3761 3537 3815 in
3570 3776 3679 3832 quo

2083 3855 2220 3910 visio
2247 3865 2348 3916 est,
2373 3853 2826 3922 quemadmodum
2849 3855 2995 3909 locus
3023 3855 3137 3924 ipse
3161 3864 3362 3910 certam
3390 3854 3686 3926 expositio-

2085 3964 2207 4003 nem
2238 3947 2531 4002 desiderat.
2567 3947 2811 4002 Bretiter
2833 3962 2962 4015 ergo
2992 3948 3232 4020 mysterii
3253 3961 3444 4002 omnes
3474 3955 3676 4017 partes,

2083 4054 2216 4110 quas
2242 4057 2340 4094 nos
2386 4057 2544 4111 supra
2571 4042 2832 4106 diximus,
2873 4043 3044 4113 tetigit
3085 4041 3312 4096 dicendo
3350 4042 3680 4112 multiformis

2084 4134 2337 4204 sapientia
2367 4132 2463 4187 Dei
2489 4151 2503 4189 :
2535 4134 2616 4190 vel
2646 4134 2788 4205 quod
2821 4133 2985 4188 lilium
3020 4133 3185 4196 misit,
3226 4134 3315 4189 vel
3344 4133 3486 4204 quod
3529 4143 3679 4188 tanta

2084 4224 2338 4294 majestas
2365 4225 2510 4279 servi
2540 4225 2770 4279 l‘ormam
2791 4228 3049 4294 suscepit,
3082 4225 3166 4280 vel
3189 4225 3331 4296 quod
3357 4234 3499 4280 tanta
3523 4225 3680 4293 signa

2083 4317 2223 4372 tacta
2254 4324 2403 4381 sunt,
2431 4317 2514 4372 vel
2543 4318 2685 4386 quod
2719 4317 2985 4387 promissa
3026 4326 3174 4372 tanta
3215 4328 3361 4385 sunt,
3392 4317 3679 4388 indulgen-

2085 4407 2156 4463 tia
2189 4410 2445 4478 peccatis,
2474 4417 2530 4463 et
2553 4410 2841 4482 promissio
2867 4411 3144 4466 ccelormn.
3171 4411 3302 4466 Item
3325 4421 3524 4466 a-tcrna
3566 4411 3680 4465 vita

2083 4507 2137 4555 et
2161 4500 2478 4570 gloriﬁcatio
2496 4512 2549 4556 et
2577 4502 2863 4557 haereditas
2887 4503 3043 4556 sinutl
3075 4519 3196 4557 cum
3219 4505 3412 4559 eodem
3437 4501 3675 4569 Christo,

377 4593 524 4648 riora
555 4606 680 4648 ante
701 4596 994 4651 Christum.
1020 4597 1176 4652 Nullo
1199 4599 1458 4668 temporis
1479 4598 1702 4655 exordio
1730 4597 1978 4654 Christus

2084 4601 2136 4648 et
2176 4592 2417 4660 ejusdem
2449 4603 2568 4662 post
2608 4605 2837 4648 mortem
2884 4595 3231 4657 resurremio,
3265 4605 3318 4649 et
3363 4596 3474 4666 ipsa
3508 4609 3676 4663 mors,

380 4695 538 4742 natus
563 4704 629 4743 ex
659 4689 785 4744 Deo.
819 4689 910 4744 llis
940 4691 1099 4760 igitur
1132 4691 1366 4759 saeculis,
1399 4693 1525 4746 item
1558 4694 1625 4746 ab
1653 4693 1736 4747 his
1773 4693 1824 4747 in
1866 4693 1977 4749 Deo

379 4780 696 4852 mysterium
728 4782 1102 4837 absconditum
1143 4792 1249 4850 est,
1280 4793 1350 4838 -ιιι
1375 4785 1490 4838 suis
1516 4784 1850 4854 temporibus
1887 4799 1975 4839 re-

381 4875 608 4940 veletur,
646 4875 737 4931 Dei
764 4877 928 4931 lilium
954 4875 1226 4931 Christum
1252 4879 1456 4942 venire,
1482 4893 1701 4932 carnem
1730 4877 1974 4946 induere,

385 4982 728 5037 succurrere,
774 4970 1009 5026 liberare
1041 4970 1334 5035 hominem,
1382 4971 1586 5026 donate
1624 4979 1876 5040 peccata,
1925 4972 1976 5026 in

390 5070 592 5116 mterna
622 5075 676 5117 et
696 5062 938 5120 cmlestia
979 5063 1189 5132 tollere,
1219 5061 1534 5133 justilicare,
1578 5074 1631 5118 et
1659 5063 1979 5136 gloritlcare,

467 5241 548 5314 (I)
585 5240 736 5311 Vttlg.
775 5259 787 5292 :
820 5240 1207 5313 lnvestigabiles
1227 5241 1432 5296 divitias
1453 5238 1662 5314 Christi.

461 5310 538 5382 (‘2)
561 5315 662 5366 Pro
692 5310 957 5382 dispositio
977 5310 1224 5384 mysterii,
1268 5314 1418 5384 Vulg.
1467 5310 1634 5368 habet
1671 5310 1986 5383 dispensatio

383 5389 708 5438 sacramenti.

386 5525 425 5528 μ
460 5456 538 5528 (ὅ)
571 5455 812 5528 Respicit
837 5453 1146 5510 Victorinus
1180 5455 1249 5528 ad
1289 5453 1517 5525 symboli
1543 5453 1758 5528 ΙδέῇετιξηίΔ
1791 5453 1979 5508 verba.

382 5525 708 5597 Et'quidem
733 5568 746 5590 ,
795 5542 960 5596 puero
993 5528 1076 5581 vel
1127 5527 1528 5597 adolescentulo
1562 5525 1859 5597 Victorino,
1893 5539 1984 5579 ce-

383 5595 692 5680 lebrabatur
717 5595 967 5666 ttta’gnum
991 5597 1120 5653 illud
1147 5597 1340 5652 Nicaea:
1369 5613 1466 5668 pro
1485 5595 1684 5652 Christi
1700 5596 1982 5654 divinitate

379 5673 690 5724 coneﬂhnn.

457 5738 536 5810 (4)
569 5741 724 5809 Atqui
758 5737 861 5793 hoc
889 5739 997 5808 jam
1028 5739 1264 5810 dixeras,
1294 5739 1572 5797 Victoriae
1597 5739 1690 5794 mi.

455 5809 537 5882 (5)
569 5810 642 5866 Ita
675 5824 897 5881 prorsus
926 5820 1005 5870 εει
1037 5811 1089 5866 in
1120 5809 1276 5866 codd.

2081 4693 2136 4740 et
2167 4694 2357 4738 eastern
2382 4683 2708 4754 hujusmodi,
2742 4684 3082 4739 multiformis
3112 4697 3195 4741 est
3214 4685 3470 4755 sapientia
3508 4686 3624 4741 Dei.

2153 4777 2317 4833 Vens.
2365 4778 2450 4832 ll.
2481 4806 2552 4818 ~—
2582 4776 2876 4832 Secundum
2908 4779 3301 4848 prae/initiatum
3344 4779 3674 4847 satculorum,

2081 4888 2234 4940 quam
2255 4873 2374 4940 fecit
2398 4872 2450 4924 in
2481 4869 2684 4926 Christo
2713 4869 2840 4926 Iesu
2866 4872 3085 4927 Domino
3117 4883 3314 4926 nostra.
3345 4873 3421 4928 Ex
3453 4873 3554 4928 hoc
3581 4888 3680 4943 ap-

2082 4973 2233 5035 paret
2271 4963 2400 5034 quid
2431 4965 2501 5018 sit
2550 4963 2604 5017 in
2639 4964 2747 5018 Deo
2792 4965 3162 5020 absconditum
3193 4980 3316 5020 esse
3363 4967 3678 5038 mysterium

2085 5053 2132 5108 si
2169 5055 2384 5125 quidem
2414 5054 2665 5124 adjunxit
2704 5055 2983 5110 secundum
3022 5059 3412 5127 prteﬁttitionem
3451 5057 3674 5113 uetula-

2162 5167 2241 5239 (l)
2284 5168 2416 5235 Quis
2464 5168 2540 5224 sic
2587 5168 2853 5238 loquitur,
2907 5177 2964 5222 ttt
3012 5169 3130 5224 heic
3178 5169 3520 5226 Victorinus?
3563 5169 3678 5225 Deo

2090 5240 2532 5311 cerlerconvenit
2561 5239 2820 5294 creaturis
2852 5240 3160 5311 appellatio.
3199 5240 3536 5308 Caeteroquiu
3579 5255 3679 5295 cur

2090 5310 2295 5384 crezttio
2346 5309 2415 5364 de
2466 5309 2575 5363 lilio
2640 5311 2747 5365 Deo
2797 5309 2992 5376 saq'ti'tts
3039 5330 3197 5384 quam
3251 5313 3328 5384 de,
3376 5322 3522 5378 patre
3568 5313 3678 5366 Deo

2095 5380 2452 5451 prtedicetnr;
2483 5397 2579 5452 seu
2613 5385 2786 5450 patitts
2823 5399 2920 5437 cur
2960 5380 3109 5452 pater
3161 5399 3254 5452 per
3282 5383 3445 5436 lilittttt
3489 5395 3675 5437 creare

2091 5453 2334 5519 dientur,
2390 5451 2658 5506 subtiliter
2721 5451 2970 5523 disputat
3005 5451 3227 5509 Photins
3277 5468 3306 5506 a
3367 5467 3451 5506 mc
3505 5467 3676 5522 nuper

2090 5523 2269 5580 editus
2288 5523 2614 5595 atnphiloclt.
2642 5523 2761 5578 188.
2789 5525 2928 5580 Coll.
2956 5537 3066 5582 vat.
3092 5525 3153 5580 T.
3183 5525 3222 5580 I.
3256 5539 3312 5595 p.
3341 5523 3468 5580 328.
3501 5537 3619 5594 Sqq.

2161 5595 2242 5667 (2)
2277 5593 2457 5667 Vulg.,
2495 5596 2880 5667 principatibus.

2165 5665 2245 5740 (5)
2277 5665 2540 5741 ξιιιίευᾱᾴ.
2560 5667 2710 5741 Num
2739 5683 2835 5738 pro
2865 5666 3100 5741 angelis!

2159 5737 2244 5808 (4)
2274 5737 2448 5808 Malim
2477 5739 2743 5792 imbutant.

2163 5806 2241 5879 (ὸ)
2271 5806 2440 5865 Codd.
2475 5819 2747 5864 notescere.
