4106 6184
416 243 556 308 19/37
1677 239 1868 296 MAR“
1913 241 2258 300 Vi-(ZTORINI
2287 243 2446 302 AFRI

413 361 948 417 rum.Certisetenim
967 361 1177 416 smculis
1195 360 1565 418 determinatis
1581 368 1741 430 atque
1755 358 2020 414 conclusis
2046 365 2092 424 Α
2203 359 2362 414 Vens.
2401 359 2486 412 iri.
2536 387 2606 397 —
2635 356 2810 430 Hujus
2839 358 2916 414 rei
2943 358 3114 428 gratia
3141 359 3296 428 ﬂecto
3321 374 3490 428 genua
3531 361 3604 414 ad
3633 377 3732 428 pa—

420 468 683 524 apparere
733 453 1042 530 mysterium
1075 469 1168 523 per
1207 451 1550 524 praesentiam
1583 450 1816 518 Domini,
1837 451 1890 504 in
1919 466 2023 524 quo
2129 461 2255 506 trem
2281 449 2626 506 dominich
2651 447 2859 504 Christi.
2891 447 3056 522 Cujus
3099 450 3174 504 rei
3207 450 3373 522 gratia
3399 449 3608 510 scilicet
3633 452 3734 504 tri-

423 547 797 602 absconditum
828 547 1145 622 mysterium
1167 545 1282 602 fuit.
1303 546 1406 602 Per
1433 545 1608 616 ipsum
1629 544 1774 602 enim
1797 545 2024 600 revelari
2127 543 2432 600 bulationes
2463 557 2562 620 pro
2591 542 2744 598 vobis
2771 541 3035 598 sustineo.
3073 539 3252 612 Hujus
3275 543 3349 598 rei
3375 544 3545 612 gratia
3579 543 3736 612 ﬂecto

428 641 677 695 debuerit
706 639 756 694 in
799 655 906 712 quo
931 639 1300 694 absconditum
1323 639 1437 694 fuit.
1469 637 1583 692 iioc
1617 637 1758 692 enim
1783 635 2026 706 adjtmxit
2127 651 2332 708 genua;
2363 634 2414 690 id
2445 646 2526 690 est
2555 634 2709 704 plene
2737 649 2888 704 rogo,
2917 644 2970 688 et
2993 650 3125 704 rogo
3155 643 3350 705 patrem
3373 634 3605 701 Domini,
3633 653 3735 706 pa-

3589 244 3730 300 iiiis

427 751 580 804 quam
603 733 948 806 deﬁnitionem
975 733 1282 788 stvculorum
1307 732 1426 804 fecit
1455 733 1506 784 in
1531 727 1734 786 Christo
1761 728 1888 784 Iesu
1919 728 2024 784 Do-

429 827 569 880 mino
586 825 902 894 ηοω-ωριιο
919 835 1158 894 tempore
1174 833 1480 894 appareret,
1497 837 1603 894 quo
1619 831 1857 894 tempore
1871 835 2024 876 reve-

425 920 632 976 laretur
645 918 982 992 mysterium,
1001 934 1107 988 quo
1127 917 1272 972 salus
1289 923 1344 970 et
1361 913 1606 970 liberatio
1623 912 2024 968 ostenderetur.

499 1010 664 1068 Vsus.
701 1010 788 1066 12.
833 1040 902 1048 —-
925 1007 990 1062 In
1033 1025 1132 1078 quo
1175 1008 1418 1062 habemus
1459 1005 1741 1060 libertatem
1763 1014 1810 1060 et
1831 1005 2028 1060 aditum

423 1101 481 1155 in
510 1101 820 1170 conﬁdentia
859 1117 950 1170 per
973 1101 1134 1170 fidem
1163 1099 1324 1170 ipsius
1347 1098 1450 1168 (l).
1483 1097 1633 1152 Licet
1673 1097 1724 1152 in
1769 1096 2029 1168 mysterio

425 1193 732 1266 praesentiae
753 1194 964 1248 Domini
987 1193 1155 1247 nostri
1169 1191 1294 1248 Jesu
1313 1190 1509 1246 Christi
1527 1200 1582 1246 et
1603 1188 1900 1260 redemptio
1924 1189 2034 1246 iac-

425 1300 477 1344 ta
500 1290 571 1344 sit
589 1299 642 1344 et
663 1290 808 1344 salus
833 1289 978 1352 data,
1008 1301 1216 1346 summa
1242 1297 1440 1352 tamen,
1460 1297 1511 1340 ct
1535 1300 1662 1342 vere
1689 1285 1756 1356 (si
1786 1283 2033 1338 attenda-

427 1384 576 1450 mus)
599 1382 712 1438 hatc
728 1397 935 1440 summa
952 1382 1063 1435 sola
1087 1389 1188 1446 est,
1213 1389 1358 1434 certe
1381 1379 1630 1446 maxima,
1655 1377 1798 1449 quod
1815 1377 2034 1438 libertas

430 1474 589 1530 nobis
619 1473 744 1528 data
785 1481 884 1526 est.
912 1472 1124 1526 Etenim
1155 1471 1327 1548 pressi
1364 1470 1669 1540 captivitate
1699 1483 1804 1524 nou
1826 1467 2038 1522 valeba-

431 1581 554 1620 ntus
583 1581 680 1636 per
703 1566 875 1636 legem
913 1564 1188 1632 resistere,
1220 1563 1356 1618 sicut
1383 1561 1498 1632 ipso
1521 1561 1655 1616 dicit
1677 1559 1818 1629 quod
1851 1569 2036 1616 nostra

431 1657 718 1714 inﬁrmitas
743 1671 972 1726 corpore
1033 1656 1285 1712 resistere
1307 1669 1413 1710 non
1439 1655 1658 1714 valeret.
1697 1652 1852 1708 Venit
1877 1653 2040 1724 igitur

429 1759 493 1804 ut
516 1751 754 1804 vinceret
783 1763 1024 1814 carnem,
1057 1757 1111 1802 et
1155 1754 1386 1804 mortem
1435 1761 1533 1824 per
1582 1753 1809 1800 mortem
1863 1760 1877 1796 :

431 1841 596 1906 victa,
649 1839 778 1898 iecit
829 1839 1086 1916 possibile
1127 1839 1285 1894 nobis
1325 1853 1466 1904 esse,
1507 1837 1654 1914 quod
1701 1836 2039 1908 impossibile

435 1933 810 1990 credebamus.
847 1937 973 1986 Data
1003 1946 1134 2003 ergo
1161 1931 1379 1988 libertas
1403 1941 1510 1998 est,
1543 1939 1598 1986 et
1621 1929 1778 1988 datus
1812 1929 1880 1984 ad
1911 1943 2040 1984 con-

437 2027 712 2082 ﬁdentiam
741 2024 915 2088 aditus
943 2041 1041 2100 per
1071 2023 1231 2086 ﬁdem
1261 2023 1450 2096 ipsius,
1477 2023 1577 2080 hoc
1616 2033 1700 2080 est
1728 2037 1850 2078 cum
1881 2022 2045 2078 ﬁdem

427 2105 498 2176 (in
525 2122 698 2192 ipsum
727 2119 1008 2178 habemus.
1035 2117 1238 2186 Monui,
1262 2125 1317 2174 et
1357 2130 1502 2192 saepe
1529 2115 1738 2180 mortui,
1769 2129 1888 2170 eam
1921 2128 2043 2174 esse

437 2210 657 2286 jauuam
683 2207 1016 2272 liberationis
1039 2215 1262 2272 nostrae,
1286 2206 1333 2260 si
1356 2207 1408 2260 itt
1429 2203 1703 2260 Christum
1723 2205 2042 2260 credamus:

437 2305 758 2376 mysterium
783 2304 926 2358 enim
943 2302 1060 2374 ejus
1087 2301 1338 2356 liberavit
1360 2315 1478 2366 nos,
1503 2300 1548 2362 si
1576 2314 1698 2354 eum
1732 2310 2044 2370 sequamur.

445 2398 598 2454 Tunc
625 2397 770 2452 enim
811 2393 1058 2474 proderit
1103 2393 1258 2449 nobis
1304 2393 1422 2470 ejus
1454 2407 1602 2447 mors
1645 2403 1698 2446 et
1724 2390 1840 2466 ejus
1869 2403 2050 2444 resur-

449 2491 642 2556 rectio,
677 2489 722 2544 si
745 2487 907 2543 ﬁdem
930 2489 981 2542 iu
1004 2503 1125 2544 eum
1152 2486 1479 2550 habeamus;
1503 2483 1644 2560 quod
1674 2484 1853 2538 omnia
1883 2496 2048 2556 [trop-

437 2583 534 2636 1.er
585 2597 685 2636 nos
721 2590 778 2640 et
822 2579 945 2638 fecit
973 2587 1026 2634 et
1057 2592 1247 2650 passus
1277 2585 1379 2633 est.
1420 2573 1766 2640 Conﬁdamus
1794 2588 1944 2646 ergo,
1975 2575 2053 2628 si-

453 2673 563 2729 cuti
595 2670 888 2750 subjuugit.

521 2763 689 2820 Vens.
726 2761 810 2816 15.
865 2793 936 2801 —
967 2759 1189 2832 Propter
1208 2759 1347 2832 quod
1367 2767 1482 2830 peto
1514 2774 1576 2812 ne
1596 2757 1848 2826 deficiatis
1875 2757 1928 2810 in
1963 2758 2057 2812 tri-

453 2857 794 2920 bulationibus
825 2856 945 2909 meis
971 2871 1066 2928 pro
1097 2853 1276 2920 vobis;
1299 2868 1411 2924 quin
1437 2860 1508 2906 est
1530 2851 1698 2924 gloria
1729 2859 1914 2908 vestra.
1948 2851 2055 2906 Ex-

451 2951 814 3008 hortationem
844 2965 1002 3021 quam
1022 2948 1177 3004 debet
1203 2949 1472 3012 omnibus,
1499 2957 1556 3000 ut
1585 2960 1679 3002 eos
1709 2945 2056 3000 conﬁrmatos

456 3046 728 3110 redderet,
746 3044 872 3097 inse
888 3042 1176 3096 revocavit.
1195 3041 1418 3110 Propter
1447 3039 1604 3112 hanc,
1624 3037 1814 3112 inquit,
1839 3049 2055 3094 causam

2132 737 2256 782 trem
2275 725 2480 780 Domini
2505 725 2580 800 (Ι)
2605 727 2762 782 nostri
2783 725 2813 778 ,Ι
2821 743 2910 780 esu
2929 724 3142 782 Christi.
3166 725 3354 786 Omnis
3369 727 3590 798 quidem
3605 742 3740 799 ope-

2131 819 2268 874 ratio
2289 833 2385 890 per
2417 815 2693 874 Chrismtn
2726 826 2780 872 et
2817 820 2994 874 omnis
3021 819 3193 886 actio;
3235 819 3332 876 sed
3369 821 3648 890 quoniam,
3677 830 3742 876 ut

2131 925 2278 981 saepe
2309 911 2636 978 monuimus,
2667 910 3089 970 tttittisteriorttm
3127 910 3352 982 Spiritus
3387 911 3737 980 Christilest;

2133 1005 2331 1074 quippe
2359 1003 2474 1074 ipse
2503 992 2860 1058 ministerium
2893 1001 2988 1058 Dei
3015 1012 3128 1072 est,
3159 1013 3214 1058 et
3242 1005 3424 1068 omnia
3455 1005 3598 1058 Deus
3643 1020 3745 1076 per

2135 1096 2349 1166 ipsum;
2381 1096 2582 1154 idcirco
2625 1097 2692 1151 ad
2725 1106 2955 1166 patrem,
2999 1095 3193 1168 inquit,
3219 1098 3368 1168 ﬂecto
3399 1113 3586 1168 genua.
3619 1098 3744 1167 ipse

2137 1191 2280 1246 enim
2313 1189 2607 1260 rogandus,
2649 1189 2727 1244 uti
2761 1188 3103 1258 misereatur,
3149 1200 3202 1246 et
3243 1189 3545 1258 subveniat,
3577 1191 3742 1246 ﬁdem

2137 1291 2376 1340 nostram
2417 1281 2632 1352 dirigat,
2667 1290 2924 1352 operetur
2949 1279 3004 1336 in
3031 1278 3249 1340 Christo
3271 1281 3451 1350 nobis,
3477 1290 3542 1340 ut
3565 1283 3746 1352 ipsum

2141 1372 2418 1434 Chrismm
2449 1389 2761 1446 sequamur,
2781 1385 2943 1446 atque
2957 1373 3014 1430 iu
3047 1389 3172 1436 eum
3197 1373 3361 1438 ﬁdem
3393 1375 3652 1440 habentes
3675 1376 3748 1436 ad

2141 1467 2406 1538 promissa
2450 1466 2736 1535 pervenire
2767 1467 3056 1535 possimus.
3090 1465 3318 1520 Precum
3343 1477 3526 1522 autent
3561 1478 3616 1526 et
3655 1485 3746 1526 ro-

2141 1559 2372 1634 gationis
2419 1560 2612 1630 plenus
2651 1558 2902 1628 habitus,
2933 1573 3106 1630 genua
3155 1560 3397 1624 ﬂectere.
3429 1560 3550 1620 Non
3571 1561 3752 1622 solum

2143 1655 2287 1716 enim
2333 1653 2514 1710 animo
2559 1652 2778 1716 ﬂectere
2831 1667 2933 1710 nos
2974 1651 3236 1714 debemus
3273 1653 3330 1708 in
3373 1667 3566 1724 preces
3591 1696 3608 1720 ,
3649 1655 3753 1716 sed

1936 1757 2042 1822 qua
2070 1761 2120 1826 Β
2149 1747 2312 1806 etiam
2337 1759 2570 1814 corpore
2595 1745 2742 1802 nulla
2769 1754 2924 1820 parte
2944 1745 3136 1802 altiore
3173 1747 3372 1812 simus,
3406 1747 3490 1802 vel
3521 1748 3754 1820 imagine

2147 1837 2478 1902 altitudinis,
2521 1837 2606 1894 vel
2651 1836 2794 1908 quod
2837 1837 3148 1908 superbiam
3195 1838 3278 1910 (9.)
3323 1839 3524 1896 habere
3565 1841 3752 1898 videa-

2145 1946 2270 1986 mur
2300 1928 2403 2000 (5).
2439 1928 2680 2000 Denique
2722 1929 2829 1988 alio
2861 1929 2979 1984 loco
3009 1946 3024 1982 :
3053 1930 3289 1986 servabit
3333 1930 3440 1990 sibi
3487 1933 3628 1988 Deus
3673 1943 3756 1990 tot

2147 2021 2317 2080 millia
2341 2022 2618 2076 hominum
2635 2020 2734 2096 qui
2763 2035 2870 2076 non
2899 2019 3102 2080 ﬂexere
3139 2035 3317 2096 genua
3345 2033 3473 2078 ante
3497 2022 3626 2078 Baal
3647 2021 3752 2094 (4).

2222 2114 2386 2172 Vsus.
2411 2112 2659 2170 i5.—Ea:
2677 2130 2775 2186 quo
2791 2116 2956 2170 omnis
2967 2116 3248 2186 pater-nitas
3263 2116 3316 2170 in
3329 2116 3472 2174 caelis
3489 2116 3602 2172 etin
3615 2097 3758 2170 terra

2149 2209 2465 2264 nominatur.
2493 2207 2713 2270 Scilicet
2757 2223 2821 2268 ex
2863 2219 3014 2278 patre
3061 2209 3198 2278 Deo,
3245 2220 3301 2266 et
3343 2218 3498 2280 patre
3541 2208 3758 2270 Domini

2123 2301 2329 2360 'nostri
2359 2300 2487 2358 Jesu
2526 2301 2728 2358 Christi
2775 2317 2792 2358 :
2831 2302 2944 2373 ipse
2989 2302 3134 2356 enim
3179 2311 3352 2373 pater,
3399 2304 3516 2372 ipse
3549 2304 3758 2374 primus

2153 2406 2325 2474 pater,
2359 2404 2413 2452 et
2443 2395 2512 2452 ab
2537 2395 2657 2468 ipso
2681 2395 3008 2470 quicumque
3035 2403 3189 2468 pater
3215 2404 3339 2464 est,
3365 2403 3522 2468 pater
3547 2403 3630 2452 est
3653 2412 3758 2452 uo-

2155 2489 2409 2542 minatus.
2461 2487 2530 2550 Et
2575 2497 2754 2546 tamen
2799 2487 2902 2544 hoc
2941 2489 3263 2548 vocabulum
3309 2488 3400 2544 vel
3443 2496 3684 2560 potestas
3723 2505 3758 2542 a

2155 2581 2335 2662 primo
2381 2581 2492 2638 Deo
2531 2591 2704 2654 patre,
2751 2582 2900 2640 velut
2945 2597 2976 2640 a
3023 2581 3193 2656 fonte,
3231 2583 3480 2650 deﬂuxit.
3529 2584 3660 2642 Nam
3703 2594 3764 2640 et

2157 2673 2408 2736 Christus
2433 2685 2588 2746 pater
2615 2675 2858 2730 omnium
2893 2687 3014 2744 quae
3061 2684 3240 2736 creata
3281 2684 3407 2732 sunt
3439 2693 3453 2730 :
3483 2691 3578 2752 per
3607 2676 3768 2732 Chri-

2158 2777 2304 2824 stum
2327 2768 2472 2824 enim
2513 2777 2694 2822 creata
2733 2776 2861 2822 sunt
2903 2766 3101 2822 omnia.
3143 2767 3279 2828 Item
3307 2779 3362 2828 et
3407 2769 3463 2826 in
3491 2767 3766 2840 mysteriis

2163 2869 2314 2930 pater
2342 2857 2443 2932 (5).
2476 2857 2544 2914 Et
2576 2858 2772 2916 Paulus
2799 2860 3033 2928 quodam
3063 2861 3225 2916 modo
3251 2869 3406 2936 pater
3441 2879 3454 2914 :
3491 2862 3766 2932 siquidem

2162 2954 2297 3008 dixit
2319 2951 2412 3006 ﬁlii
2449 2953 2552 3006 mei
2583 2952 2715 3006 estis
2745 2968 2760 3006 :
2793 2966 2914 3024 ego,
2949 2951 3144 3022 inquit,
3187 2951 3241 3018 in
3267 2951 3485 3018 Christo
3509 2951 3638 3018 Iesu
3669 2969 3770 3022 per

2163 3043 2502 3116 evangelium
2535 3058 2628 3100 vos
2657 3043 2843 3124 genui.
2905 3045 3145 3118 Denique
3183 3045 3479 3126 paternitas
3523 3046 3574 3104 iu
3611 3048 3772 3106 cretis

458 3137 666 3193 scilicet
713 3138 836 3214 quia
879 3133 1006 3188 mihi
1053 3131 1276 3188 minimo
1323 3129 1563 3186 omnium
1595 3139 1902 3188 sanctorum
1935 3129 2055 3182 data
2085 3147 2130 3208 ρ
2164 3137 2409 3194 Christus
2459 3147 2543 3196 est
2573 3155 2588 3198 ;
2615 3137 2669 3196 in
2715 3146 2856 3196 terra
2899 3137 3212 3208 paternitas,
3256 3139 3340 3198 vel
3385 3139 3639 3208 θυοδιοϋ,
3685 3141 3771 3196 vel

462 3243 546 3287 est
577 3233 690 3294 haac
721 3231 889 3302 gratia
919 3230 1058 3282 inter
1083 3236 1269 3296 gentes
1299 3225 1692 3296 evangelizare,
1721 3235 1776 3280 ct
1815 3234 2007 3280 caetera
2035 3241 2050 3290 ;

461 3339 686 3398 propter
718 3323 882 3402 quod,
920 3319 970 3375 id
1000 3331 1081 3375 est
1117 3330 1334 3398 propter
1363 3320 1517 3376 istam
1548 3332 1787 3386 causam,
1839 3327 1960 3388 peto
1991 3333 2060 3372 ne

463 3417 722 3472 deﬁciatis
751 3415 805 3470 in
852 3411 1280 3470 tribulationibus
1321 3410 1474 3463 meis.
1520 3409 1742 3462 Multum
1779 3409 1924 3463 enim
1969 3409 2062 3478 qui

470 3509 695 3566 Paulum
722 3514 1022 3580 sequuntur
1045 3501 1252 3578 fatigari
1283 3511 1500 3570 possent
1533 3501 1586 3554 in
1617 3499 1738 3564 ﬁde,
1763 3513 1884 3554 cum
1905 3499 2062 3556 audi-

469 3613 592 3664 rent
613 3602 858 3659 euutdcm
892 3600 1110 3654 Paulum
1147 3596 1814 3652 tribulatiouessustinere.
1836 3594 1893 3650 Si
1919 3596 2062 3649 enim

467 3699 561 3754 ille
582 3695 673 3768 qui
695 3693 974 3766 prtedicat,
1017 3693 1109 3764 qui
1145 3689 1502 3762 evangelizat,
1539 3689 1686 3760 quia
1711 3689 1824 3744 Deo
1861 3690 2066 3765 electus

467 3799 572 3854 est,
604 3787 770 3842 multa
795 3787 1004 3852 tolerat,
1031 3785 1282 3856 fatigatur
1313 3783 1589 3856 periculis,
1619 3783 1893 3838 laboribus
1926 3783 2066 3836 mul-

467 3883 645 3956 tisque
665 3881 786 3936 aliis
800 3879 1230 3940 tribulationibus
1245 3895 1259 3944 ;
1277 3879 1522 3944 multum,
1537 3878 1775 3950 inquam,
1790 3877 2070 3932 deterren-

471 3990 559 4032 tur
575 3975 651 4030 illi
674 3981 764 4048 qui
792 3989 913 4029 euut
931 3982 1249 4048 sequuntur,
1277 3980 1334 4026 et
1351 3971 1505 4026 tidem
1521 3987 1661 4042 pene
1679 3987 1784 4026 non
1807 3971 2068 4042 integram

474 4065 979 4140 incipiunthahere,
1003 4062 1308 4142 quodquasi
1335 4071 1388 4124 et
1427 4064 1526 4134 ipsi
1555 4062 1846 4136 periclitari
1865 4063 2074 4142 possint

474 4173 530 4217 et
554 4160 789 4232 graviter
819 4155 1062 4214 laborare
1086 4173 1101 4224 ;
1127 4158 1172 4210 si
1194 4155 1411 4228 quidem
1436 4155 1526 4210 ille
1555 4155 1644 4228 qui
1665 4155 1996 4226 evangelizat
2022 4162 2076 4210 et

473 4253 754 4326 praedicat,
785 4259 868 4305 est
897 4257 1058 4304 tanta:
1085 4247 1273 4324 gratia:
1305 4245 1384 4324 (ἲ)
1419 4249 1469 4304 in
1503 4247 1953 4308 tribulationibus,
1996 4247 2077 4301 Sit

477 4360 608 4422 ergo
647 4353 796 4418 peto,
843 4341 1032 4412 inquit,
1065 4350 1284 4412 propter
1322 4339 1375 4392 id
1416 4337 1560 4410 quod
1607 4337 1740 4392 utihi
1779 4337 2074 4398 revelatum

479 4448 584 4506 est,
620 4447 676 4494 ut
701 4452 802 4490 non
825 4449 910 4488 vos
939 4433 1192 4506 deﬁciatis
1220 4432 1275 4486 in
1304 4430 1720 4486 tribulationibus
1747 4431 1870 4486 meis
1904 4445 1921 4483 :
1945 4444 2078 4500 quas

2163 3233 2486 3304 quicumque
2515 3231 2870 3304 evangelieat,
2893 3231 2977 3290 vel
3000 3234 3090 3302 qui
3119 3231 3281 3298 tradit
3301 3237 3642 3308 mysterium.
3675 3234 3772 3290 llis

2163 3323 2306 3386 enim
2339 3321 2514 3388 modis
2541 3331 2704 3394 atque
2731 3322 2851 3376 aliis
2883 3322 3067 3384 multis
3085 3324 3180 3386 lilii
3201 3324 3458 3386 dicuntur
3487 3325 3577 3404 qui
3603 3324 3770 3382 ﬁdem

2165 3419 2456 3492 accipiunt,
2488 3416 2643 3470 etilli
2669 3427 2852 3488 patres
2891 3417 2979 3486 qui
3011 3417 3248 3478 tradunt.
3279 3418 3582 3486 Paternitas
3607 3421 3772 3492 igitur

2168 3508 2345 3568 omnis
2375 3522 2404 3560 a
2437 3505 2550 3560 Deo
2567 3517 2720 3578 patre
2739 3505 3122 3582 proﬁciscitur.

2241 3599 2408 3658 Vsus.
2439 3599 2526 3666 16,
2557 3598 2644 3653 17.
2713 3629 2783 3639 ——
2831 3597 2900 3656 Ut
2939 3602 3023 3662 det
3069 3602 3206 3658 vobis
3247 3604 3527 3662 secundum
3569 3605 3772 3662 dit-iiiis

2169 3691 2350 3766 gloriae
2391 3705 2498 3744 sua:
2539 3690 2724 3744 virtute
2761 3693 3042 3764 confer-tari
3075 3691 3151 3765 (6)
3191 3709 3282 3766 per
3319 3695 3560 3766 spiritum
3597 3712 3768 3766 mutu,

2171 3788 2226 3842 in
2255 3785 2492 3840 interiore
2529 3785 2737 3844 homine
2765 3785 2842 3856 (7)
2875 3802 2890 3840 :
2921 3785 3150 3844 habitare
3197 3785 3460 3844 Christum
3495 3805 3588 3860 per
3615 3791 3774 3860 ﬁdem

2173 3877 2227 3932 in
2247 3875 2482 3934 cordibus
2510 3876 2706 3936 uestris.
2739 3876 2886 3946 Quas
2908 3892 3098 3950 preces
3127 3879 3323 3938 habeat
3353 3895 3452 3958 pro
3477 3881 3732 3952 Ephesiis
3752 3925 3770 3951 ,

2174 3971 2478 4040 expressit;
2513 3981 2570 4026 ut
2596 3970 2690 4026 det
2719 3971 2890 4038 vobis,
2923 3971 3134 4048 inquit,
3165 3973 3376 4030 divitias
3413 3974 3594 4046 gloria
3615 3994 3628 4028 :
3651 3991 3774 4034 eas-

2175 4080 2284 4140 que
2317 4063 2532 4120 divitias
2567 4063 2800 4120 ostendit
2833 4063 3061 4134 gloriam
3099 4065 3216 4132 Dei,
3245 4066 3441 4122 virtute
3481 4068 3772 4124 00ntortari

2178 4174 2277 4240 per
2305 4158 2561 4229 Spirituut
2587 4171 2780 4228 suum,
2811 4157 2885 4212 uti
2911 4155 3081 4212 fortes
3125 4157 3414 4214 adversum
3455 4171 3672 4214 carnem
3719 4167 3776 4214 et

2178 4253 2358 4312 carnis
2386 4251 2652 4308 desideria
2691 4252 2820 4320 sint,
2856 4261 2911 4308 et
2955 4251 3240 4312 adversum
3283 4261 3578 4326 potestates
3617 4253 3772 4324 hujus

2181 4345 2366 4406 mundi
2419 4345 2819 4416 iniquissimas;
2869 4344 3012 4414 quod
3057 4345 3116 4400 ﬁt
3151 4353 3207 4402 et
3235 4344 3380 4416 quod
3410 4346 3652 4418 provenit
3679 4363 3772 4418 per

2182 4437 2444 4512 Spiritum
2493 4437 2607 4492 Dei.
2655 4436 3117 4512 Quemadmodum
3161 4445 3344 4494 autem
3383 4453 3482 4508 per
3519 4438 3770 4510 Spiritum

481 4541 664 4585 tamen
711 4525 1085 4582 tribulationes
1130 4539 1235 4578 non
1283 4537 1408 4577 meo
1455 4521 1647 4576 merito
1678 4521 1872 4592 patior,
1903 4537 2080 4592 neque
2103 4535 2156 4596 Ι)
2184 4529 2279 4586 Dei
2303 4527 2698 4598 conformatur,
2715 4528 2769 4584 id
2794 4537 2876 4590 est
2905 4529 3071 4584 fortes
3099 4530 3434 4586 redduntur?
3457 4532 3512 4586 in
3541 4533 3774 4588 interiore

481 4639 602 4680 mea
628 4636 821 4688 causa;
851 4619 946 4676 sed
973 4615 1224 4690 quoniam
1249 4631 1344 4670 vos
1371 4615 1456 4670 vel
1488 4613 1685 4669 inﬁrmi
1711 4614 1763 4668 iit
1793 4613 1898 4668 ﬁde
1925 4607 2078 4682 estis,

479 4717 566 4770 vel
594 4713 770 4768 adhuc
806 4709 1107 4790 trcpidatis,
1148 4719 1206 4765 et
1231 4709 1414 4764 nescio
1456 4707 1728 4784 quomodo
1757 4709 1862 4763 alia
1891 4707 2082 4778 adjun-

463 4805 634 4877 ‘gitis.
683 4805 890 4860 Idcirco
919 4819 1018 4878 ego
1075 4803 1448 4862 tribulationes
1477 4803 1740 4869 sustineo,
1771 4799 1958 4858 volens
1985 4816 2081 4856 vos

483 4897 552 4952 ad
595 4895 934 4968 disciplinam
987 4911 1169 4952 veram
1209 4896 1753 4966 observationemque
1803 4908 2076 4962 revocare.

482 4999 585 5044 uta
606 4985 820 5042 Christo
840 5005 907 5044 ne
925 4988 1210 5054 recedatis;
1227 4986 1440 5042 nihilad
1457 4986 1732 5042 Christum
1756 4987 2078 5060 adjungatis,

483 5081 656 5137 solam
685 5093 835 5149 spem
876 5081 943 5135 de
968 5077 1186 5136 Christo
1219 5079 1480 5135 habeatis.
1513 5079 1640 5136 Haec
1671 5095 1775 5148 non
1797 5093 1881 5135 est
1914 5081 2080 5152 gloria

482 5183 663 5228 vestra
687 5187 702 5238 ;
729 5185 864 5238 mea,
893 5171 1084 5240 inquit.
1113 5173 1255 5244 Ergo
1281 5171 1658 5236 tribulatioues
1703 5174 1952 5242 quoniam
1985 5187 2082 5244 pro

483 5267 640 5326 vobis
659 5278 820 5334 sunt;
849 5265 1048 5338 gloria,
1077 5266 1270 5336 inquit,
1309 5273 1485 5322 vestra
1525 5275 1625 5334 est,
1659 5276 1716 5322 ut
1743 5267 1812 5322 ad
1854 5267 2083 5338 gloriam

487 5375 578 5414 nte
611 5358 915 5425 laborante,
945 5367 1224 5427 operante,
1243 5372 1340 5426 per
1371 5357 1748 5417 tribulationes
1765 5361 2083 5428 exercitato,

489 5451 556 5506 ad
583 5451 810 5521 gloriam
839 5460 1073 5508 vestram
1105 5450 1290 5504 venire
1320 5449 1555 5524 possitis.

566 5583 835 5660 (ιλγυιε.
869 5602 880 5637 :
907 5583 983 5660 In
999 5600 1098 5656 quo
1120 5584 1365 5660 habemus
1385 5585 1650 5660 ﬁduciam,
1677 5595 1724 5642 et
1747 5601 2006 5648 accessum
2031 5588 2086 5643 in

492 5656 804 5725 conﬁdentia
833 5670 923 5726 per
948 5657 1104 5725 ﬁdem
1134 5659 1268 5728 ejus.

561 5729 643 5800 (ἲ)
681 5739 756 5808 ita
778 5742 936 5800 codd-

2185 4624 2408 4692 homine,
2449 4623 2642 4694 inquit,
2684 4621 2914 4678 habitare
2957 4623 3234 4678 Christum.
3269 4623 3518 4680 Christus
3553 4625 3694 4684 enim
3723 4626 3774 4680 in

2183 4717 2404 4776 homine
2441 4717 2720 4786 interiore,
2761 4714 2814 4774 id
2835 4724 2919 4788 est
2941 4716 2992 4770 in
3014 4716 3213 4784 anima,
3240 4732 3362 4772 cum
3393 4717 3634 4774 habitare
3659 4731 3772 4774 cm-

2182 4811 2344 4886 perit,
2367 4811 2538 4866 fortes
2559 4811 2756 4866 virtute
2779 4824 2875 4880 per
2899 4809 3154 4879 Spiritum
3175 4809 3474 4868 redduntur
3495 4810 3770 4866 homines:

2185 4903 2530 4976 expelluntur
2553 4902 2694 4960 enim
2725 4903 2904 4960 omnia
2929 4917 3050 4976 qua:
3075 4903 3300 4960 adversa
3325 4913 3468 4960 sunt.
3501 4903 3776 4974 Quomodo

2185 5006 2363 5058 autem
2396 4994 2603 5056 habitet
2627 4993 2876 5052 Christus
2915 4997 2968 5054 in
3005 4996 3262 5054 interiore
3285 4996 3526 5068 homine,
3553 4996 3776 5068 subjecit

2260 5158 2340 5232 (i)
2381 5157 2454 5232 ita
2476 5159 2678 5232 repetit
2707 5173 2858 5232 more
2879 5173 2977 5214 suo
3002 5107 3333 5216 Victtirinus.

2259 5229 2327 5306 (ὲκ
2377 5229 2838 5302 (ἔοόάξειῳετὺὶω.

2263 5240 2347 5375 (ὃ)
2387 5301 2649 5375 Notemus
2683 5301 2838 5358 Victo:

2263 5301 2360 5386 (‘5).
2387 5301 2649 5386 linteatus
2683 5301 2938 5358 Victorini
2964 5301 3266 5359 doctrinam
3284 5301 3354 5360 de
3373 5305 3638 5364 amntium
3659 5318 3778 5360 coro

2192 5373 2362 5454 parati
2391 5373 2594 5428 habitu.

2484 5443 2618 5514 Reg!
2647 5457 2759 5518 xix!
2927 5449 2993 5503 ad
3019 5448 3178 5516 Rom-
3205 5463 3282 5516 xlv
3309 5449 3362 5506 ί·

2265 5514 2349 5590 (5)
2387 5515 2588 5639 Nempe
2617 5515 2708 5590 qui
2751 5514 2944 5584 initiat,
2989 5514 3140 5592 pater
3177 5514 3376 5578 dicitur
3417 5519 3626 5588 initiati.
3675 5517 3782 5575 Re-

2265 5593 2313 5641 le
2337 5587 2444 5641 col.
2477 5587 2503 5640 1
2545 5587 2648 5641 84.
2679 5593 2790 5640 not.
2819 5585 2875 5641 2.

2193 5593 2313 5650 cole
2337 5593 2444 5644 col.
2477 5593 2648 5653 1184,
2679 5593 2790 5640 not.
2819 5593 2875 5641 2.

2265 5657 2344 5733 (ti)
2384 5657 2565 5733 Ϊυζεη
2588 5657 2928 5733 corroborari.

2267 5729 2350 5802 (7)
2389 5729 2569 5802 Vulg,
2592 5729 2647 5783 in
2669 5729 2962 5796 interiorem
2991 5733 3265 5810 hominem.
