4106 6184
411 221 553 279 1269

1416 215 1482 271 IN
1522 211 1911 270 EPISTOLAM
1949 213 2047 269 AD
2086 210 2418 269 EPIIESIOS
2456 212 2659 269 LIBER
2699 214 2739 268 1.

3577 221 3716 276 {£70

412 350 504 403 per
528 335 707 406 ﬁdem,
737 336 913 408 inquit
935 378 950 405 ,
982 336 1035 390 in
1061 334 1296 393 cordibus
1335 332 1535 390 vestris.
1568 330 1710 402 Ergo
1745 328 1917 385 facilis
1950 335 2006 383 et
2033 327 2083 391 Α
2109 326 2352 401 Longum
2395 337 2478 383 est
2503 328 2644 399 quod
2687 329 3001 401 producitur
3040 334 3191 403 quasi
3236 343 3421 409 contra
3454 350 3572 391 nos.
3608 337 3705 391 La-

412 426 696 500 magniliea
721 442 814 491 res
840 437 925 487 est
954 446 967 482 :
992 427 1163 484 facilis
1187 428 1241 484 in
1265 441 1332 484 eo
1351 423 1495 499 quod
1522 423 1653 480 fides
1672 422 1787 477 sola
1817 419 2006 492 implet

411 529 617 581 tantum
643 537 842 587 munus
878 532 936 579 et
978 531 1186 583 tantum
1208 520 1551 586 beneﬁcium,
1582 528 1638 575 ut
1669 518 1720 575 in
1748 515 2003 574 cordibus

410 615 610 671 nostris
645 613 890 673 Christus
935 614 1159 672 habitet.
1203 614 1320 683 Quo
1352 611 1629 671 habitante
1657 608 1783 681 quid
1813 622 2004 665 conse-

409 708 664 779 quimur?
695 716 754 762 ut
780 706 1034 764 fortiores
1060 708 1232 763 simus
1261 723 1358 779 per
1398 706 1680 777 Spiritum,
1714 714 1768 760 et
1797 704 1877 760 sic
1908 702 2002 757 ha-

407 802 631 859 beamus
655 802 872 863 divitias
893 802 1078 873 gloria:
1104 802 1220 868 Dei,
1254 810 1309 857 et
1332 801 1499 859 fortes
1524 798 1715 855 redditi
1744 796 1880 853 nihil
1908 810 2001 871 pe-

407 895 566 951 riculi
592 896 972 962 Sustineamus,
987 905 1399 951 contemnamus
1423 892 1701 953 mundum,
1723 888 2000 947 vincamus

405 1000 598 1047 omnes
624 986 986 1058 iniquissimtis
1014 994 1330 1058 potestates.
1376 984 1470 1042 Hae
1494 993 1620 1041 sunt
1649 982 1852 1039 divitia:
1880 982 1995 1038 Dei.

402 1076 692 1148 Speremus
731 1079 890 1137 etiam
918 1078 1147 1151 gloriam
1184 1087 1241 1134 et
1288 1076 1763 1151 repromissionem
1789 1076 1842 1129 in
1864 1074 1996 1130 veri-

401 1180 502 1229 tate
526 1171 608 1245 (l)
630 1174 849 1233 redimi
871 1184 921 1230 et
942 1174 1167 1246 luridati.
1192 1172 1482 1231 Maximum
1510 1179 1836 1242 praeceptum
1869 1169 1994 1238 hoc,

399 1273 457 1322 et
478 1266 679 1337 ubique
702 1280 733 1323 a
765 1265 932 1326 Paulo
959 1265 1191 1337 positum
1213 1305 1230 1333 ,
1262 1272 1318 1323 et
1352 1279 1385 1321 a
1426 1279 1516 1319 me
1552 1263 1606 1318 in
1630 1260 1996 1318 admonitione

397 1359 595 1429 sapius
613 1359 969 1419 constitutum
989 1375 1002 1412 :
1026 1359 1151 1430 quia
1181 1357 1410 1414 ﬁrmitas
1426 1363 1481 1413 et
1500 1354 1922 1420 ﬁrmamentum,
1940 1361 1995 1409 et

396 1458 542 1508 totus
558 1451 754 1511 anima
780 1449 848 1507 ad
876 1449 1233 1512 aiternitatem
1256 1456 1450 1516 status,
1472 1448 1527 1502 in
1551 1446 1760 1505 veritate
1784 1453 1887 1510 est,
1924 1443 1993 1501 de

390 1540 674 1613 qua‘saepe
711 1540 825 1602 dixi
851 1559 866 1597 :
897 1557 1020 1613 qua:
1056 1552 1113 1596 et
1154 1540 1210 1599 in
1252 1540 1420 1596 Deum
1446 1548 1502 1595 et
1523 1538 1574 1594 in
1599 1536 1875 1594 Christum
1906 1544 1991 1592 est

390 1631 648 1699 charitas,
659 1641 718 1691 et
730 1633 876 1695 circa
900 1631 1167 1691 homines.
1189 1630 1317 1691 llaec
1338 1629 1626 1687 radicatam
1640 1627 1807 1685 efﬁcit
1828 1627 1988 1686 ﬁdem

388 1730 629 1783 nostram
656 1733 715 1781 et
738 1723 1035 1781 fundatam.

461 1812 623 1873 Vens.
660 1814 751 1883 l8,
781 1815 867 1875 l9.
917 1843 989 1858 --
1016 1813 1087 1873 Ut
1113 1815 1328 1887 possitis
1364 1812 1830 1885 caupreltendere
1857 1826 1980 1868 cum

383 1905 635 1963 omnibus
665 1905 889 1977 sanctis,
920 1921 1043 1980 quae
1068 1907 1144 1964 sit
1170 1905 1395 1961 latitudo
1436 1916 1491 1960 et
1528 1902 1806 1976 longitudo
1830 1913 1883 1959 et
1904 1903 1984 1957 al-

385 1995 557 2053 titudo
584 1994 664 2067 (2)
690 2006 748 2057 et
773 1998 1119 2069 profundum.
1148 1998 1297 2054 Scire
1342 1998 1495 2053 etiam
1529 1997 1982 2070 superentinentem

380 2080 607 2147 scientia
629 2090 927 2149 charitatent
961 2089 1089 2147 Jesu
1127 2088 1338 2146 Christi.
1383 2089 1611 2147 Prccum
1649 2102 1889 2155 suarum,
1924 2100 1982 2145 ut

380 2182 513 2251 dixi,
537 2198 801 2245 summam
820 2186 1097 2257 exposuit;
1136 2183 1278 2255 quod
1307 2194 1459 2257 roget
1484 2183 1648 2239 Deum
1679 2190 1734 2238 ut
1760 2182 1981 2254 Ephesii

377 2286 798 2348 consequantur.
830 2277 889 2341 In
914 2293 1023 2350 quo
1045 2292 1151 2335 non
1185 2276 1433 2348 Ephesiis
1464 2283 1678 2333 tantum
1701 2275 1806 2331 hoc
1832 2274 1979 2331 acci-

375 2368 633 2440 piendum
664 2379 748 2427 est
789 2370 995 2439 precari
1023 2367 1272 2437 Paulum,
1300 2383 1462 2443 quam
1504 2368 1753 2427 omnibus
1792 2369 1882 2445 qui
1924 2368 1976 2423 in

376 2458 649 2523 Christum
694 2459 944 2523 credunt.
995 2460 1199 2521 Prester
1245 2461 1407 2533 igitur
1458 2462 1591 2531 ista,
1644 2474 1764 2537 quae
1816 2473 1977 2531 supra

373 2550 642 2618 diximus;
672 2559 923 2625 precatur
947 2561 1004 2609 et
1033 2546 1207 2624 rogat,
1236 2561 1292 2607 ut
1315 2550 1567 2629 Ephesiis
1587 2550 1786 2607 tribuat
1814 2549 1972 2616 Deus,

372 2644 506 2703 illud
543 2660 762 2718 quoque
786 2645 934 2718 quod
961 2653 1047 2701 est
1070 2645 1367 2701 maximum
1417 2644 1495 2699 uti
1539 2645 1819 2700 scientiam
1848 2658 1979 2698 con-

384 2749 717 2809 sequantur,
774 2738 1149 2804 altitudinem,
1203 2735 1644 2810 profunditatem.
1722 2733 1980 2790 Precatnr

374 2832 541 2891 etiam
582 2840 642 2891 ut
678 2840 1081 2905 consequantur
1111 2830 1335 2905 Ephesii
1382 2829 1701 2885 charitatem
1732 2826 1973 2898 Christi;

369 2940 494 2996 quae
512 2924 748 2981 charitas
787 2939 950 2995 supra
988 2922 1268 2983 scientiam
1300 2921 1558 2992 praevalet
1585 2933 1639 2977 et
1665 2923 1969 2991 superemi.

368 3026 493 3084 net,
535 3017 761 3087 plusque
799 3015 869 3073 ad
905 3016 1134 3075 salutem
1183 3015 1430 3085 prolicit,
1480 3026 1535 3072 et
1581 3014 1647 3069 ad
1697 3018 1975 3070 aeternita-

2109 428 2220 474 tutn
2271 412 2412 490 quod
2450 414 2598 491 juxta
2629 436 2730 478 nos
2758 438 2852 493 per
2878 432 3103 495 utraque
3123 423 3292 481 latera
3316 426 3577 484 tenditur.
3613 430 3708 484 Al-

2108 520 2242 579 tum,
2272 522 2331 568 ut
2361 510 2494 577 dixi,
2539 514 2681 585 quod
2707 516 2775 571 ad
2807 519 3083 588 superiora
3118 520 3354 589 pertinet
3382 529 3437 577 et
3460 514 3530 577 ad
3565 523 3702 580 infe-

2105 606 2268 661 riora.
2303 605 2399 663 Hic
2443 606 2605 679 igitur
2638 610 2943 680 composuit
2975 611 3308 669 altitudinem
3339 624 3394 670 et
3422 616 3703 687 profundi-

2103 705 2289 754 tatem.
2322 697 2499 770 lpsum
2541 700 2682 771 quod
2726 716 2827 757 nos
2857 703 3021 758 altum
3050 702 3304 773 diximus,
3340 707 3394 761 in
3433 702 3538 763 duo
3569 709 3704 764 divi.

2102 789 2203 857 sit;
2245 799 2302 844 ut
2329 790 2493 846 altum
2534 792 2742 849 diceret
2765 794 2906 865 quod
2946 792 3000 851 in
3045 798 3433 867 superioribus,
3478 811 3532 856 et
3577 812 3703 871 pro-

2102 882 2324 941 fundum
2349 885 2489 956 quod
2513 885 2565 942 iu
2594 885 2966 944 inferioribus.
3001 890 3076 944 Ita
3105 891 3270 947 altum
3303 892 3571 962 dividens,
3596 893 3703 949 duo

2100 975 2420 1043 collocavit,
2450 987 2505 1033 et
2537 976 2674 1033 facta
2718 986 2842 1033 sunt
2868 989 3119 1050 quatuor,
3146 995 3266 1054 quae
3294 984 3392 1038 tria
3433 996 3558 1039 sunt
3596 1001 3696 1056 per

2100 1082 2368 1125 naturam.
2394 1070 2536 1139 Ergo
2563 1067 2680 1127 haec
2715 1070 2877 1125 veluti
2920 1088 3170 1129 mensura
3195 1088 3469 1147 corporea:
3497 1077 3698 1133 intelli-

2097 1163 2291 1234 gentiae
2314 1164 2515 1219 homini
2538 1163 2775 1219 interiori
2794 1164 3109 1220 insinuanda
3125 1177 3176 1221 et
3200 1167 3571 1238 perspicienda
3590 1181 3668 1225 est
3681 1214 3694 1237 ,

2099 1266 2157 1312 ut
2178 1257 2321 1313 circa
2348 1258 2513 1313 Deum
2543 1257 2657 1312 hzcc
2684 1258 3191 1316 animadvertantur.
3225 1258 3359 1316 Cum
3382 1264 3525 1317 enim
3546 1260 3690 1321 Deus

2096 1366 2194 1423 per
2221 1351 2399 1406 omnia
2429 1360 2482 1406 et
2517 1351 2570 1404 in
2615 1350 2865 1405 omnibus
2893 1350 2984 1419 sit,
3006 1362 3060 1407 et
3080 1353 3149 1407 sit
3174 1353 3379 1420 omnia,
3410 1366 3465 1410 et
3492 1371 3555 1410 ex
3585 1371 3694 1426 quo

2094 1453 2223 1500 sunt
2259 1443 2465 1512 omnia,
2493 1451 2547 1499 et
2580 1459 2674 1515 per
2698 1460 2855 1516 quem
2900 1442 3026 1501 sunt
3064 1447 3267 1515 omnia,
3306 1456 3361 1504 et
3390 1463 3553 1521 super
3579 1467 3699 1506 om-

2094 1540 2205 1603 nia,
2246 1536 2353 1591 illic
2382 1546 2465 1592 est
2509 1537 2751 1592 scientiae
2794 1537 2947 1592 labor
2978 1539 3408 1597 animadvertere
3452 1550 3506 1597 et
3554 1543 3695 1599 scire

2091 1644 2212 1698 qua:
2256 1629 2326 1683 sit
2371 1629 2668 1700 longitudo,
2710 1646 2829 1700 qua:
2875 1630 3123 1699 latitudo,
3157 1646 3277 1703 quae
3326 1634 3683 1705 profunditas.

2014 1732 2065 1795 Β
2091 1722 2219 1790 Qua;
2260 1722 2440 1777 omnia
2477 1722 2929 1796 quemadmodum
2972 1725 3080 1791 sint
3106 1724 3190 1781 vel
3227 1725 3451 1798 intelligi
3481 1729 3687 1798 possint

2085 1814 2381 1869 secundum
2436 1816 2777 1886 partitionem
2830 1817 2985 1871 istam
3024 1826 3125 1873 :et
3160 1817 3383 1891 intelligi
3438 1819 3495 1874 in
3555 1820 3689 1885 Deo,

2086 1893 2243 1959 aliior
2287 1904 2529 1975 aliusque
2585 1914 2842 1961 tractatus
2888 1918 2989 1963 est.
3039 1904 3280 1979 Denique
3310 1922 3582 1980 precatur,
3626 1924 3687 1967 nt

2086 1996 2308 2069 Ephesii
2359 1997 2474 2054 haec
2517 1996 2856 2069 intelligant:
2887 2008 2942 2054 et
2972 2015 3039 2054 ne
3078 2000 3385 2072 desperatio
3428 2005 3500 2058 sit
3538 2003 3681 2075 quod

2086 2089 2187 2143 ista
2210 2089 2433 2159 intelligi
2464 2089 2686 2145 minime
2709 2090 2937 2161 possint,
2964 2092 3205 2162 adiunxit
3230 2113 3242 2147 :
3276 2104 3329 2149 ut
3353 2098 3688 2163 comprehen-

2086 2179 2208 2235 dere
2244 2180 2473 2251 possitis,
2506 2180 2698 2251 inquit,
2741 2198 2855 2235 cum
2896 2184 3106 2239 sanctis.
3160 2185 3301 2256 Ergo
3330 2188 3499 2242 sancti
3531 2202 3683 2243 curn-

2086 2273 2448 2346 prehendttnt,
2497 2287 2551 2328 et
2580 2275 2775 2344 exponi
2817 2270 2933 2329 haec
2962 2286 3201 2345 possunt.
3235 2274 3343 2333 Sed
3385 2281 3486 2334 hoc
3509 2277 3591 2350 (1)
3628 2289 3683 2334 ttt

2085 2364 2450 2422 dixialterius
2479 2376 2564 2422 est
2600 2369 2802 2437 operis,
2851 2374 2905 2421 ct
2932 2378 3139 2438 magna:
3179 2379 3340 2440 atque
3381 2369 3562 2425 arduae
3590 2387 3687 2426 csa

2085 2458 2392 2529 positionis,
2434 2457 2563 2512 scire
2608 2458 3063 2529 supereminentem
3104 2458 3330 2515 scientia!
3381 2462 3681 2517 charitatem

2084 2550 2295 2605 Christi.
2325 2546 2724 2606 Attendcndum
2753 2548 3099 2606 vehementer
3128 2558 3182 2607 et
3224 2561 3404 2620 acute,
3452 2554 3595 2624 quod
3626 2556 3678 2608 in

2080 2644 2333 2716 precibus
2383 2644 2484 2698 hoc
2525 2651 2645 2698 oret
2686 2641 2907 2709 Paulus,
2949 2648 3006 2698 ut
3058 2643 3277 2716 Ephesii
3326 2644 3428 2701 hoc
3463 2661 3681 2718 quoque

2082 2738 2297 2804 sciant,
2351 2737 2494 2809 quod
2546 2736 2780 2791 charitas
2827 2733 3026 2791 Christi
3086 2737 3487 2808 superemineat
3532 2740 3682 2794 omni

2082 2828 2342 2885 scientiae.
2388 2827 2500 2885 Hoc
2525 2839 2664 2898 orat,
2709 2827 2958 2897 inquam,
2990 2828 3182 2897 sciant,
3229 2831 3322 2901 qui
3363 2833 3508 2887 enim
3553 2835 3674 2902 scit,

2082 2921 2226 2993 quod
2253 2921 2652 2992 superemineat
2678 2921 2824 2978 omni
2850 2922 3089 2978 scientia:
3118 2922 3374 2991 charitas,
3400 2927 3558 2995 plene
3578 2926 3681 2983 im-

2086 3015 2195 3087 plet
2213 3013 2531 3069 cltaritatem
2554 3014 2604 3069 in
2624 3014 2915 3069 Christum.
2940 3013 3054 3070 Non
3079 3014 3239 3087 igitur
3250 3022 3366 3071 orat
3381 3022 3437 3072 ut
3449 3016 3669 3087 faciant,

367 3116 476 3165 tetu
508 3106 589 3180 (5)
616 3109 833 3179 animis,
857 3108 906 3164 si
946 3107 1111 3179 aliqui
1136 3106 1215 3181 (4)
1257 3107 1570 3165 charitatem
1590 3108 1656 3165 in
1684 3107 1961 3165 Christum
1990 3088 2035 3151 Ο
2069 3109 2192 3180 quia
2221 3108 2595 3178 consequitur;
2626 3107 2719 3162 sed
2745 3116 2883 3173 orat,
2913 3118 2970 3162 ut
2995 3110 3187 3163 sciant.
3243 3107 3311 3163 Ut
3357 3109 3676 3182 impleamini

364 3202 644 3272 Suscipiat.
686 3201 763 3257 Ita
807 3216 930 3258 cum
979 3203 1226 3260 docuerit
1272 3201 1378 3277 (ὅ)
1432 3202 1528 3257 tria
1580 3203 1964 3274 perfectionem

362 3295 774 3353 christianitatis
788 3296 1035 3367 implere,
1064 3294 1249 3364 fidem,
1275 3295 1585 3364 scientiam,
1608 3295 1962 3365 charitatem;

362 3385 543 3445 omnia
589 3385 827 3451 breviter
875 3384 961 3443 hic
997 3387 1318 3458 complexus
1357 3396 1469 3455 est;
1497 3397 1659 3458 atque
1690 3388 1742 3444 in
1786 3389 1966 3465 preci-

362 3477 464 3541 bus
508 3492 570 3543 se
614 3479 817 3537 habere
860 3478 1180 3549 declaravit,
1236 3489 1294 3535 ut
1338 3479 1587 3552 Ephesiis
1638 3479 1756 3536 haec
1819 3481 1963 3539 Deus

360 3578 602 3641 praestet.
640 3569 776 3633 Nam
812 3571 884 3627 de
922 3570 1030 3631 lide
1067 3572 1147 3629 sic
1192 3573 1409 3629 locutus
1444 3581 1567 3628 est:
1600 3571 1959 3644 utghabeatis,

360 3660 557 3730 inquit,
580 3660 633 3717 in
659 3662 920 3719 interiore
946 3663 1166 3721 homine
1195 3662 1468 3720 Christum
1507 3662 1837 3724 habitantem
1865 3680 1961 3737 per

360 3751 522 3809 ﬁdem
546 3753 603 3811 in
630 3754 884 3811 cordibus
911 3755 1128 3813 vestris.
1174 3756 1308 3812 Item
1346 3756 1415 3812 de
1443 3758 1669 3813 scientia
1700 3759 1781 3815 sic
1811 3757 1960 3815 locu-

360 3855 447 3907 tus
473 3855 559 3904 est
585 3865 599 3901 :
634 3858 689 3902 ut
716 3850 924 3920 possitis
952 3851 1378 3921 comprehendere
1402 3868 1519 3906 cum
1545 3854 1776 3909 omnibus
1802 3871 1956 3910 sanc-

359 3940 424 3994 tis
439 3938 796 4005 latitudinem.
813 3940 1222 4013 longitudinem,
1243 3943 1602 4013 altitudinem,
1625 3946 1957 4015 profundita-

358 4037 489 4087 tem.
517 4031 648 4087 ltetn
686 4030 756 4088 de
790 4031 1056 4089 charitate
1085 4035 1164 4089 sic
1190 4034 1434 4106 adjungit
1462 4052 1477 4090 :
1509 4036 1650 4095 scire
1675 4038 1835 4094 etiam
1868 4054 1958 4094 su-

360 4124 788 4195 peretninentem
810 4126 1052 4182 scientiae
1068 4124 1408 4184 charitatem.
1438 4128 1506 4185 Et
1529 4129 1627 4186 tria
1651 4132 1829 4201 posuit
1862 4150 1875 4186 :
1900 4145 1956 4191 et

357 4216 624 4286 ordinem,
657 4227 712 4274 et
739 4218 865 4291 quid
913 4219 1085 4292 magis
1122 4220 1323 4276 valeret
1363 4222 1620 4279 ostendit.
1654 4223 1777 4280 Tria
1805 4240 1952 4295 sunt,

356 4309 514 4378 lides,
537 4313 783 4381 scientia,
810 4313 1066 4371 charitas.
1103 4314 1251 4372 Ordo
1278 4324 1384 4384 est,
1416 4328 1475 4372 ut
1504 4317 1651 4391 prior
1681 4319 1812 4376 fides
1832 4322 1904 4377 sit
1935 4339 1950 4378 :

355 4405 447 4474 qui
474 4403 617 4461 enim
639 4405 832 4472 credit,
854 4405 902 4462 is
925 4406 994 4462 ad
1021 4406 1299 4464 scientiam
1325 4411 1489 4464 venit.
1517 4407 1610 4466 Sic
1650 4412 1794 4467 enim
1832 4413 1949 4471 dic-

2070 3201 2207 3255 omni
2239 3198 2554 3271 plenitudine
2578 3198 2675 3253 Dei
2705 3198 2808 3270 (2).
2841 3200 3030 3255 Omnia
3062 3198 3203 3267 tunc,
3233 3206 3350 3272 quac
3374 3216 3474 3272 pro
3494 3200 3674 3272 Ephe-

2068 3293 2163 3347 siis
2197 3296 2319 3347 orat
2348 3288 2564 3357 Paulus,
2598 3289 2898 3345 confortari
2942 3292 2994 3345 in
3032 3293 3246 3362 spiritu,
3278 3290 3572 3348 confortari
3616 3295 3668 3348 lh

2072 3383 2320 3440 interiori
2368 3381 2607 3450 homine,
2632 3388 2686 3438 et
2717 3382 2958 3438 habitare
2982 3381 3255 3439 Christum
3282 3393 3382 3455 per
3406 3378 3589 3451 ﬁdem,
3616 3392 3673 3440 et

2071 3480 2338 3539 charitate
2363 3481 2616 3547 radicari,
2663 3481 3127 3551 comprehendere
3153 3491 3275 3538 cum
3318 3484 3520 3540 sanctis
3546 3485 3670 3540 lati-

2070 3577 2332 3645 tudinem,
2356 3573 2773 3646 longitudinem,
2792 3574 3152 3643 altitudinem,
3179 3576 3538 3648 prol’uhdu'm;
3562 3579 3664 3632 sci-

2065 3685 2126 3726 re
2155 3669 2318 3725 etiam
2351 3667 2494 3739 quod
2526 3667 2930 3737 superemineat
2964 3670 3204 3725 scientiae
3252 3667 3451 3725 Christi
3489 3669 3668 3727 chari-

2065 3770 2176 3827 tas;
2210 3760 2324 3814 haec
2355 3768 2435 3814 est
2462 3758 2738 3829 plenitudo
2767 3758 2881 3823 Dei,
2914 3760 3055 3831 quod
3081 3759 3255 3816 Graeci
3294 3762 3547 3840 πλήρωμα
3578 3760 3660 3816 di-

2061 3862 2210 3918 cunt,
2243 3851 2293 3906 id
2322 3860 2406 3907 est
2436 3849 2842 3921 perfectionem,
2876 3852 2958 3907 cui
2990 3852 3119 3907 nihil
3144 3852 3284 3909 desit
3310 3870 3325 3909 :
3350 3870 3510 3925 quam
3545 3854 3661 3924 plc-

2062 3942 2357 4000 nitudinem
2384 3942 2634 3999 Christus
2688 3944 2946 4017 mysterio
2984 3960 3084 4000 suo
3124 3954 3396 4016 operatur,
3439 3944 3648 4015 implet,

2060 4046 2116 4094 et
2143 4037 2417 4108 implevit;
2443 4047 2500 4093 ut
2520 4034 2680 4092 faciat
2704 4038 2836 4094 illud
2857 4036 2997 4094 Deus
3018 4039 3071 4093 in
3096 4039 3267 4094 omnia
3291 4048 3337 4094 et
3355 4056 3444 4109 per
3465 4039 3657 4095 omnia.

2060 4129 2188 4186 Haec
2212 4130 2356 4186 enim
2382 4139 2471 4187 est
2497 4128 2793 4201 plenitudo.

2130 4221 2297 4281 Vsus.
2329 4223 2421 4292 20,
2446 4223 2538 4279 21.
2592 4254 2661 4263 -
2683 4222 2750 4277 Ei
2778 4232 2950 4280 autem
2973 4226 3060 4296 qui
3090 4234 3252 4296 potest
3295 4241 3448 4295 super
3483 4228 3658 4282 omnia

2056 4315 2225 4385 facem
2239 4316 2584 4371 abundantius
2602 4332 2753 4389 quam
2774 4316 2993 4383 petimus
3023 4327 3078 4371 ut
3099 4316 3451 4390 intelligimus,
3474 4335 3655 4374 secan-

2057 4407 2182 4463 dum
2234 4409 2468 4463 virtutem
2506 4424 2622 4479 qute
2657 4418 2899 4477 operatur
2934 4408 2987 4462 in
3035 4423 3115 4463 me
3142 4407 3223 4480 (5)
3260 4409 3360 4481 ipsi
3387 4410 3553 4481 gloria
3599 4410 3654 4465 in

357 4504 468 4552 tum
489 4506 610 4553 est:
642 4499 689 4556 si
714 4499 1077 4568 credideritis,
1110 4512 1237 4558 tunc
1266 4502 1595 4575 intelligetis.
1627 4504 1757 4560 Post
1776 4506 1952 4563 scien-
1983 4498 2034 4561 D
2061 4502 2263 4557 Christo
2283 4499 2411 4558 Jesu
2433 4544 2447 4570 ,
2491 4512 2536 4557 et
2564 4503 2616 4557 in
2646 4500 2898 4567 Ecclesia,
2922 4511 2967 4556 et
2998 4503 3050 4556 in
3081 4519 3253 4557 omnes
3305 4505 3655 4575 generationes

354 4593 483 4651 tiam
515 4596 848 4668 prteponitur
867 4596 1120 4653 omnibus
1146 4597 1384 4655 charitas
1404 4598 1605 4656 Christi
1630 4616 1644 4653 :
1668 4601 1784 4656 sola
1803 4602 1947 4658 enim

353 4688 592 4747 charitas
630 4689 686 4745 in
722 4687 995 4747 Christum
1040 4699 1092 4746 et
1113 4688 1193 4762 (6)
1225 4690 1576 4759 desiderium,
1610 4700 1664 4748 et
1691 4706 1862 4763 amor,
1896 4704 1951 4753 et

352 4779 579 4839 affectus
601 4790 657 4843 et
683 4781 971 4854 cupiditas,
1009 4782 1185 4841 elevat
1220 4792 1276 4841 et
1309 4783 1502 4841 liberat
1535 4784 1767 4843 animas.
1809 4788 1951 4861 Ergo

350 4877 721 4946 supereminet
744 4878 862 4937 chat
881 4879 982 4935 itas
1001 4879 1304 4939 scientiam.

422 4968 577 5041 Quod
608 4978 791 5027 autem
816 4979 1044 5043 quatuor
1082 4973 1283 5044 posuit,
1322 4989 1445 5045 qua:
1488 4976 1713 5035 scientia
1752 4976 1954 5035 debeat

350 5060 847 5133 comprehendere;
879 5065 1197 5125 naturaliter
1225 5067 1442 5139 quidem
1481 5071 1580 5125 tria
1610 5078 1738 5125 sunt
1770 5087 1783 5124 :
1826 5085 1948 5133 nam

351 5169 605 5217 mensura
644 5157 891 5228 corporis
917 5155 1081 5215 habet
1111 5159 1232 5229 tria,
1263 5160 1502 5231 longum,
1535 5161 1730 5229 latum,
1756 5161 1942 5219 altum.

350 5247 534 5309 Altum
560 5258 743 5311 autem
773 5256 878 5305 tam
909 5249 963 5304 in
999 5251 1249 5322 superius
1290 5267 1452 5323 quam
1488 5252 1544 5309 in
1569 5253 1792 5311 inferius
1836 5263 1943 5313 est.

419 5360 473 5435 (1

418 5434 477 5568 ἓξ

446 5506 477 5558 5

444 5573 478 5629 4

421 5579 478 5716 ii

421 5720 477 5789 (6

483 5360 501 5434 )
541 5361 724 5434 Vulg,
755 5362 810 5417 in
828 5362 1094 5423 chariton.

545 5432 720 5502 Vulg.,
741 5433 888 5491 addit
910 5445 957 5489 et
975 5436 1280 5495 sublimitas.

540 5504 759 5558 Scilicet
786 5504 1019 5561 beatam.

541 5572 615 5654 ita
834 5591 940 5654 pro
957 5578 1168 5649 aliquis,
1183 5578 1413 5654 antiquo
1432 5597 1604 5641 more.

482 5642 491 5645 ’
540 5642 712 5698 Codd.
733 5642 1012 5702 docuerim.

480 5650 500 5788 ἔ
529 5712 700 5773 Codd.
731 5719 784 5771 in
816 5732 914 5788 pro
941 5729 1012 5785 et,

529 5712 700 5773 Codd.
731 5719 784 5771 in
816 5732 914 5790 pro
941 5729 1015 5785 et,

479 5437 500 5645 ξ

2053 4595 2230 4651 διεσαιί
2278 4596 2602 4655 saeculorum.
2633 4594 2778 4651 Ordo
2798 4609 2991 4650 sensus
3017 4593 3171 4649 istius
3203 4614 3213 4647 :
3248 4594 3297 4650 ei
3329 4602 3505 4649 autem
3537 4595 3653 4667 glo-

2054 4689 2135 4743 ria
2166 4687 2218 4742 in
2238 4684 2455 4743 Christo
2483 4686 2631 4752 Jesu,
2653 4696 2706 4742 et
2725 4686 2895 4757 gloria
2926 4686 2978 4740 in
3007 4684 3274 4754 Ecclesia,
3299 4695 3353 4743 et
3377 4687 3429 4742 in
3461 4698 3651 4745 omnes

2052 4780 2432 4851 generationes
2461 4780 2512 4834 in
2532 4778 2727 4834 saecula
2753 4776 3212 4834 sazculorum.Ctti
3237 4786 3415 4835 autem
3443 4781 3650 4852 gloria?

2054 4872 2126 4939 ei,
2161 4873 2351 4944 inquit,
2393 4872 2483 4944 qui
2524 4880 2701 4943 potest
2742 4886 2902 4942 super
2932 4871 3112 4926 omnia
3154 4870 3333 4928 facere
3367 4870 3648 4928 abundan-

2053 4966 2160 5019 tius
2187 4980 2348 5034 quam
2379 4964 2610 5034 petimus
2658 4974 2748 5018 aut
2799 4963 3164 5034 intelligimus.
3211 4963 3320 5020 Nos
3356 4965 3501 5021 enim
3546 4982 3643 5036 pro

2054 5059 2207 5114 vobis
2238 5058 2354 5114 haec
2381 5073 2620 5123 oramus,
2662 5066 2719 5113 ut
2742 5058 2840 5113 ista
2864 5057 3092 5126 faciatis,
3111 5069 3164 5113 et
3185 5058 3282 5113 ista
3311 5059 3642 5131 intelligetis.

2052 5150 2108 5207 Si
2135 5151 2255 5223 quis
2288 5162 2467 5206 autem
2499 5152 2619 5221 plus
2647 5152 2843 5221 poterit
2872 5161 2929 5206 et
2966 5146 3324 5208 abundantius
3368 5151 3567 5222 poterit
3590 5162 3646 5207 et

2049 5257 2210 5314 supra
2242 5242 2358 5299 hinc
2404 5242 2584 5299 omnia
2614 5244 2829 5314 poterit,
2857 5257 3018 5316 supra
3050 5244 3258 5301 scilicet
3300 5257 3461 5313 quam
3504 5244 3644 5313 peti-

2052 5350 2173 5393 mus
2203 5346 2299 5392 aut
2334 5336 2704 5408 intelligimus,
2728 5335 2803 5390 illi
2832 5336 3020 5407 gloria.
3068 5336 3119 5392 Is
3160 5346 3341 5394 autem
3361 5335 3451 5405 qui
3479 5348 3642 5406 supra

2158 5510 2207 5584 ι)
2234 5506 2404 5568 Codd.
2448 5529 2604 5584 nunc.

2158 5510 2207 5584 Ι)
2234 5510 2404 5568 Codd.
2448 5529 2604 5568 nunc.

2120 5510 2203 5726 ἕξ)
2225 5584 2407 5655 Vulg.,
2435 5582 2502 5639 In
2524 5600 2720 5668 omnem
2744 5585 3112 5668 plenitudinem
3125 5578 3241 5641 Dei.
3286 5657 3298 5668 .

2150 5658 2204 5726 5)
2241 5656 2394 5726 Vulg.
2426 5676 2439 5712 ς
2470 5656 2536 5711 Ει
2562 5667 2729 5711 autem
2747 5673 2834 5726 qui
2855 5668 3032 5726 potens
3068 5665 3139 5711 est
3162 5673 3295 5715 omni

2150 5658 2208 5780 δὲ
2241 5656 2394 5727 Vulg.
2426 5676 2439 5712 :
2470 5656 2536 5711 Ei
2562 5667 2729 5711 autem
2745 5656 2834 5727 qui
2855 5668 3032 5727 potens
3068 5665 3139 5711 est
3162 5657 3331 5715 omnia
3355 5660 3526 5731 facere
3553 5675 3642 5717 su-

2150 5744 2175 5780 a
2215 5728 2468 5780 undanter
2490 5744 2643 5780 auom
2671 5733 3003 5780 uetimus.....
3035 5736 3275 5780 oneratur
3293 5730 3347 5780 in
3372 5730 3535 5780 nobis.

2052 5728 2468 5797 perabundanter
2490 5744 2643 5803 quam
2670 5733 3003 5799 petimus.....
3035 5736 3275 5799 operatur
3293 5728 3535 5787 in‘nobis.
