4106 6184
541 273 675 331 ΗΠ

1774 267 1967 324 MAR"
2011 261 2352 320 VlC'l‘ORlNl
2391 260 2552 318 ΔΕΜ

3652 269 3754 327 mi
3809 231 3816 254 ³

538 402 596 450 et
623 388 980 448 abundantius
1017 402 1179 459 supra
1223 388 1443 458 poterit,
1484 387 1670 459 utique
1704 385 1902 458 poterit
1941 395 2134 438 secun-
2161 381 2210 440 A
2238 377 2498 432 unitatem
2567 374 2786 447 spiritus
2868 374 3184 430 servandam
3257 377 3308 431 in
3375 377 3565 434 vinculo
3626 384 3756 451 pacis,

543 482 671 539 dum
705 481 955 535 virtutem
987 494 1106 548 qua:
1136 488 1392 550 operatur
1423 479 1475 534 in
1507 477 1684 544 nobis,
1708 473 2003 532 secundum
2033 472 2141 526 vir-

541 583 713 630 tutem
742 571 950 628 scilicet
980 571 1072 625 Dei
1107 581 1162 626 et
1187 571 1386 626 Christi
1434 570 1645 626 Domini
1697 568 1866 624 nostri
1897 609 1911 633 ,
1949 580 2143 622 secun-

542 669 671 723 dum
699 683 816 723 eam
845 667 989 722 enim
1018 681 1235 736 operor.
1269 666 1336 721 Et
1377 666 1465 720 ille
1508 665 1667 735 igitur
1695 661 1991 718 secundum
2019 674 2147 720 eam,

539 759 793 814 virtutem
837 767 1112 828 operatur,
1143 773 1261 828 qum
1287 765 1370 812 est
1396 757 1448 810 in
1499 755 1674 811 nobis.
1729 753 1895 825 lgitur
1933 751 2004 816 ei,
2047 751 2136 820 qui

537 864 698 919 supra
728 848 905 902 omnia
932 847 1047 902 haec
1076 856 1251 916 potest
1272 846 1447 902 facere
1473 844 1837 902 abundantius
1863 856 2024 913 quam
2047 856 2141 912 pe-

541 942 704 997 timus
734 949 826 995 aut
855 939 1224 1010 intelligimus,
1281 939 1451 1009 gloria
1496 939 1568 992 sit
1599 937 1650 991 in
1679 935 1897 990 Christo
1923 933 2050 988 Jesu
2087 944 2142 987 et

536 1037 595 1091 in
625 1035 804 1088 omnia
839 1032 1057 1098 Sa-cula,
1089 1041 1145 1086 et
1182 1032 1233 1086 in
1267 1030 1413 1086 omni
1460 1029 1722 1086 Ecclesia.
1748 1028 1931 1081 Potest
1964 1035 2141 1081 tamen

539 1128 645 1182 hoc
672 1136 839 1182 totum
875 1126 940 1181 ad
974 1126 1138 1181 Deum
1168 1125 1380 1181 referri.
1405 1124 1522 1194 Ipse
1561 1124 1707 1179 enim
1737 1130 1913 1193 potest
1955 1136 2144 1192 supcr-

543 1220 908 1276 abundatttitts
950 1219 1048 1272 ista
1076 1217 1354 1273 facere.Et
1382 1217 1479 1286 ipsi
1511 1216 1702 1287 gloria.

618 1311 772 1367 CAP.
796 1311 885 1367 IV.
900 1341 972 1351 -
989 1310 1151 1366 Vens.
1172 1313 1222 1364 1.
1244 1310 1538 1364 —0bsecro
1565 1307 1644 1381 (1)
1667 1325 1752 1362 vos
1765 1323 1856 1378 ego
1872 1308 2066 1361 vinctus
2092 1307 2142 1359 in

542 1405 789 1472 Domino,
820 1416 874 1458 ut
901 1405 1054 1476 digne
1079 1404 1348 1459 ambuletis
1379 1404 1640 1456 vocatione
1669 1418 1770 1469 qua
1804 1403 1966 1454 vocati
2001 1401 2140 1464 estis,

553 1514 667 1552 cum
693 1498 831 1551 onmi
859 1497 1144 1550 humilitate
1166 1506 1212 1550 et
1239 1495 1631 1549 mansuetudine
1655 1503 1701 1547 et
1730 1493 1997 1565 patientia.
2047 1491 2144 1545 llic

548 1592 697 1645 locus
723 1588 1115 1644 exhortationis
1160 1598 1244 1642 est
1286 1596 1340 1641 et
1380 1585 1782 1649 admonitionis,
1832 1584 1990 1654 simul
2021 1597 2143 1638 cum

543 1683 795 1754 precibus
825 1680 1107 1736 humiliter
1133 1689 1187 1734 et
1215 1677 1706 1742 commendatione,
1741 1685 1796 1730 ut
1824 1683 1879 1730 et
1912 1676 2012 1738 ipsi
2035 1675 2140 1729 tol-

2243 472 2389 542 quod
2416 471 2490 526 ita
2515 479 2570 526 et
2599 470 2684 525 isti
2730 469 2902 524 vocati
2931 469 2981 522 in
3027 483 3129 523 una
3170 484 3262 540 spe
3287 488 3301 524 :
3326 485 3422 526 non
3460 473 3586 527 enim
3624 473 3761 531 diver-

2243 579 2357 619 sam
2388 578 2537 634 spem
2564 561 2784 626 habent,
2809 561 2903 616 sed
2935 575 3096 616 unam
3118 577 3321 626 omnes,
3353 562 3438 632 qui
3473 565 3624 621 vocati
3650 577 3761 634 sunt,

2245 655 2632 726 promissorum
2665 653 2778 707 Dei.
2815 653 2945 720 Qua:
2971 663 3147 708 autem
3188 654 3437 724 promissa
3466 667 3593 720 sunt,
3622 670 3765 715 notum

2245 757 2327 801 est
2349 746 2618 801 omnibus.

2319 838 2479 893 Vens.
2516 839 2570 905 5,
2603 838 2658 892 6.
2714 869 2783 880 υ-
2811 837 2962 893 Unus
3009 837 3281 906 Dominus,
3325 855 3421 893 una
3459 841 3603 908 ﬁdes,
3641 858 3769 898 unum

2245 931 2528 1001 baptisma,
2575 947 2712 986 unus
2759 931 2919 994 Deus,
2965 940 3021 986 et
3063 940 3212 1001 pater
3258 933 3503 998 omnium,
3535 933 3616 1004 qui
3647 950 3770 1004 supra

2245 1024 2445 1089 omnia,
2497 1035 2550 1079 et
2596 1040 2692 1089 per
2737 1040 2927 1080 omnes
2981 1028 3031 1079 in
3079 1026 3326 1080 omnibus
3370 1027 3513 1082 nobis
3551 1029 3638 1099 (l).
3674 1028 3774 1084 Late

2247 1125 2414 1186 patet,
2445 1127 2498 1172 et
2539 1117 2767 1188 simplex
2807 1126 2986 1173 tamen
3019 1128 3100 1173 est
3133 1119 3232 1172 iste
3261 1129 3534 1184 tractatus;
3563 1137 3674 1175 unus
3698 1121 3776 1176 Do-

2248 1211 2437 1274 minus,
2464 1207 2514 1262 id
2538 1219 2621 1263 est
2643 1208 2893 1263 Christus
2916 1227 2930 1272 ;
2960 1226 3064 1262 una
3086 1209 3233 1278 ﬁdes,
3259 1210 3437 1278 utique
3461 1211 3510 1264 in
3534 1210 3771 1277 Christum,

2248 1311 2302 1357 et
2330 1304 2381 1355 in
2416 1303 2610 1366 Deum;
2637 1317 2798 1354 unum
2819 1302 3106 1370 baptisma;
3135 1317 3240 1356 non
3271 1303 3411 1357 enim
3433 1302 3574 1358 aliter
3591 1303 3773 1369 abaliis;

2248 1409 2422 1465 neque
2450 1394 2491 1450 si
2520 1395 2679 1448 aliter
2702 1399 2773 1448 ab
2793 1393 2932 1461 aliis,
2959 1393 3253 1463 baptisma;
3284 1395 3375 1447 sed
3398 1394 3518 1448 illud
3543 1394 3774 1464 baptisma,

2251 1488 2394 1559 quod
2423 1489 2474 1542 in
2504 1489 2668 1542 Deum
2698 1497 2901 1557 patrem
2931 1498 2984 1542 et
3014 1488 3064 1541 in
3094 1489 3371 1542 Dominum
3393 1497 3614 1542 nostrum
3635 1487 3778 1543 lesmn

2246 1577 2521 1634 Christum
2550 1577 2742 1634 Filium
2783 1587 2837 1633 et
2874 1578 3135 1648 Spiritum
3179 1588 3420 1634 sanctum
3446 1579 3607 1633 datur.
3648 1578 3780 1634 Aliter

2249 1687 2381 1743 ergo
2408 1673 2591 1727 datum
2638 1672 2903 1742 baptisma
2942 1686 3048 1726 non
3079 1680 3180 1726 est.
3218 1671 3357 1741 Ergo
3384 1687 3531 1724 unum
3558 1670 3775 1743 baptisma,

541 1774 736 1839 lerent,
760 1788 882 1828 cum
905 1782 960 1828 et
981 1773 1154 1841 ipsum
1179 1771 1397 1826 videant
1420 1771 1684 1841 patienter
1701 1768 1868 1823 multa
1891 1767 2141 1822 tolerare.
2179 1778 2226 1837 Β
2253 1784 2385 1822 unus
2418 1764 2555 1820 Deus
2579 1783 2598 1820 :
2628 1767 2884 1835 quoniam
2917 1765 3017 1821 etsi
3048 1776 3104 1821 et
3135 1766 3274 1820 ﬁlius
3309 1766 3446 1820 Deus
3477 1775 3663 1830 tamen,
3685 1765 3779 1834 quia

541 1866 685 1937 Ego,
731 1864 939 1934 inquit,
989 1880 1075 1918 vos
1101 1867 1306 1919 obsecro
1333 1863 1527 1917 vinctus
1557 1863 1609 1914 in
1658 1859 1906 1924 Domino,
1942 1867 2000 1914 ut
2023 1874 2144 1914 cum

545 1958 711 2012 multa
741 1956 965 2012 tolerem
1000 1955 1154 2028 (nam
1180 1964 1236 2010 et
1260 1954 1470 2009 vincula
1515 1963 1570 2008 et
1603 1954 1745 2008 varia
1796 1954 2044 2008 toleravit
2089 1962 2143 2008 et

540 2064 731 2120 passus
755 2045 868 2119 est)
888 2066 901 2111 ;
921 2063 1042 2104 cum
1063 2063 1216 2119 ergo,
1242 2049 1434 2118 inquit,
1450 2048 1662 2101 vinctus
1690 2047 1741 2100 in
1767 2046 1996 2102 Domino
2019 2046 2143 2114 sim,

538 2141 592 2198 id
616 2152 695 2198 ρει
724 2150 943 2212 propter
967 2141 1275 2207 Dominum,
1294 2155 1394 2210 ego
1414 2142 1530 2211 ipse
1553 2139 1642 2210 qui
1673 2154 1868 2194 moneo
1885 2140 1936 2194 in
1964 2140 2144 2194 multis

541 2235 773 2303 patiens,
794 2247 990 2289 moneo
1016 2242 1072 2286 ut
1094 2233 1250 2304 digne
1272 2231 1544 2286 ambuletis
1567 2247 1629 2286 ea
1653 2231 1861 2286 scilicet
1886 2231 2147 2286 vocatione

535 2342 634 2396 qua
674 2326 792 2380 estis
818 2327 1001 2381 vocati.
1033 2323 1190 2395 Saepe
1220 2325 1366 2379 enim
1407 2323 1647 2380 diximus
1677 2325 1856 2379 vocari
1891 2324 2138 2380 homines

538 2419 636 2475 Dei
673 2419 865 2490 gratia.
899 2419 1011 2474 Hac
1040 2419 1210 2473 vocati
1255 2418 1366 2488 jam
1394 2432 1490 2472 vos
1526 2419 1832 2483 vocatione,
1865 2419 1992 2486 quia
2032 2421 2143 2487 jam

539 2512 708 2566 Deum
759 2511 1082 2581 cognoscitis
1102 2522 1157 2565 et
1181 2510 1456 2564 Christum
1499 2509 1807 2575 Dominum,
1839 2510 1939 2564 hac
1981 2525 2144 2566 voca-

537 2603 686 2658 tione
707 2601 865 2671 digne
877 2601 1166 2656 ambulate.
1186 2601 1959 2670 Suhjungitquemadmodum.

612 2695 772 2749 Vens.
799 2693 853 2760 2,
872 2695 925 2758 '5,
946 2693 1206 2748 L—Cum
1234 2695 1371 2747 omni
1387 2693 1673 2747 humilitate
1692 2704 1738 2746 et
1760 2694 2150 2749 mansuetudine

541 2797 588 2842 et
617 2787 880 2858 patientia.
924 2786 987 2840 Et
1008 2785 1091 2857 (2)
1122 2784 1456 2839 tolerantiam
1485 2786 1707 2838 multam
1738 2785 1904 2854 ponit,
1923 2800 1989 2839 ne
2015 2784 2150 2841 elle-

543 2887 752 2944 rautur,
786 2892 853 2932 ne
869 2876 1228 2947 superbisint.
1247 2875 1428 2931 Primo
1451 2876 1618 2947 posita
1644 2875 1938 2942 humilitas,
1957 2876 2153 2932 deinde

540 2971 916 3028 mansuetudo.
973 2971 1257 3026 liumilitas
1309 2971 1471 3025 animi
1500 2969 1732 3040 dejectio
1761 2983 1862 3027 est.
1914 2969 2149 3026 Frenum

539 3070 809 3142 superbiae
834 3079 888 3124 et
914 3068 1260 3124 immanitatis
1287 3067 1392 3138 (ὅ),
1414 3065 1772 3120 mansuetudo
1798 3075 1900 3121 est.
1927 3068 1995 3121 At
2023 3080 2151 3121 vero

2248 1857 2302 1911 in
2333 1857 2441 1911 ﬁlio
2472 1858 2630 1922 Deus,
2656 1863 2712 1912 et
2735 1864 2885 1927 pater
2919 1856 3079 1923 Deus,
3111 1873 3250 1911 unus
3275 1857 3430 1912 Deus.
3463 1854 3588 1910 Item
3617 1857 3714 1923 quia
3739 1855 3781 1910 in

2250 1948 2362 2004 Deo
2391 1949 2553 2014 ﬁlius,
2590 1963 2727 2003 unus
2755 1965 2882 2017 ergo
2911 1950 3072 2005 Deus.
3099 1951 3202 2018 Qui
3238 1950 3412 2005 Deus?
3440 1958 3596 2018 pater,
3622 1950 3780 2018 inquit,

2250 2042 2426 2108 Deus;
2461 2042 2582 2113 quia
2610 2042 2724 2113 ipse
2745 2053 2829 2098 est
2849 2060 2940 2115 per
2963 2045 3158 2111 omnia,
3186 2054 3242 2099 et
3270 2043 3386 2114 ipse
3408 2052 3487 2099 est
3506 2045 3554 2097 in
3578 2044 3781 2106 omnibus,

2252 2145 2306 2190 et
2341 2151 2503 2206 supra
2545 2150 2736 2191 omnes
2762 2151 2929 2206 :_crgo
2956 2151 3098 2191 unus
3126 2140 3289 2202 Deus,
3317 2137 3408 2208 qui
3449 2147 3578 2207 pater
3609 2145 3667 2190 est
3702 2152 3785 2188 om-

2251 2229 2414 2296 nium,
2445 2227 2536 2299 qui
2563 2244 2722 2298 supra
2752 2243 2962 2296 omnes,
2995 2239 3050 2284 et
3074 2245 3173 2300 per
3201 2245 3414 2298 omnes,
3439 2239 3490 2285 et
3516 2230 3562 2284 in
3589 2229 3784 2284 omnibus

2251 2321 2427 2376 nobis.
2478 2321 2838 2376 Attendamus
2879 2332 3058 2378 autem
3105 2323 3355 2379 ordinem
3399 2323 3788 2394 diligenter'cnn-

2250 2429 2469 2469 nexum.
2499 2412 2653 2470 Unus
2687 2415 2944 2469 Dominus
2969 2432 2981 2469 :
3005 2416 3073 2470 ab
3101 2417 3220 2485 ipso
3251 2418 3434 2487 capit,
3463 2432 3549 2487 per
3573 2431 3704 2486 quem
3727 2416 3788 2468 in-

2251 2506 2382 2576 cipit
2433 2507 2611 2561 omnis
2651 2506 3036 2572 christianitas,
3083 2518 3137 2562 et
3183 2509 3459 2579 ingressus
3486 2509 3547 2563 ad
3575 2507 3789 2563 liberatio-

2253 2613 2397 2652 nem.
2427 2597 2560 2652 Cum
2603 2600 2746 2653 enim
2786 2597 3060 2654 Christum
3103 2600 3226 2668 quis
3257 2600 3572 2670 cognoverit,
3599 2608 3705 2654 tunc
3725 2612 3788 2651 se-

2251 2691 2432 2761 quitur
2455 2699 2511 2745 ttt
2537 2693 2587 2745 in
2611 2707 2733 2746 eum
2766 2691 2899 2747 ﬁdes
2920 2692 3010 2759 sit,
3035 2701 3090 2748 et
3116 2695 3348 2764 reliqua.
3375 2693 3484 2750 Una
3507 2695 3556 2749 in
3573 2691 3788 2747 Christum

2253 2783 2415 2850 ﬁdes;
2475 2785 2672 2840 deinde
2727 2787 3068 2842 consecratio
3123 2786 3269 2857 ejus.
3327 2787 3495 2844 Unum
3548 2785 3785 2856 baptisma;

2252 2875 2449 2932 deinde
2475 2876 2810 2947 conjunctio.
2848 2877 2994 2933 Unus
3027 2878 3190 2942 Dcus,
3230 2889 3386 2949 pater
3406 2878 3645 2942 omnium,
3666 2889 3790 2944 super

2253 2971 2456 3035 omnia,
2495 2986 2589 3038 per
2620 2970 2821 3033 omnia,
2856 2971 2907 3023 in
2937 2969 3209 3024 omnibus.
3247 2971 3489 3039 Quatuor
3521 2969 3790 3040 posuitzest

2253 3064 2396 3118 enim
2439 3064 2603 3129 Deus,
2642 3063 2767 3134 quia
2807 3079 2966 3118 causa
3011 3080 3025 3116 :
3065 3072 3218 3134 pater
3259 3066 3518 3130 omnium,
3546 3062 3652 3133 quia
3685 3060 3791 3113 ultra

533 3177 656 3233 quae
682 3162 923 3232 sequitur
961 3160 1242 3232 patientia,
1288 3163 1338 3214 in
1375 3174 1440 3214 eo
1466 3157 1608 3226 quod
1638 3157 1889 3225 tolerant,
1925 3158 1969 3212 si
2003 3158 2128 3227 quid
2155 3165 2202 3229 ί]
2237 3169 2408 3226 ipsum
2447 3156 2580 3211 nihil
2623 3175 2634 3210 :
2682 3171 2840 3225 supra
2877 3156 3088 3220 omnia,
3127 3157 3255 3226 quia
3301 3157 3472 3222 actio;
3521 3170 3606 3227 per
3629 3151 3786 3217 omnia,

537 3255 746 3311 adversi
774 3255 1046 3311 evenerit.
1077 3255 1134 3308 ln
1169 3251 1459 3322 prioribus,
1492 3267 1560 3305 ne
1589 3261 1876 3306 vereantur
1906 3249 1983 3324 (4)
2011 3251 2140 3322 pati,

533 3349 644 3405 duo
668 3349 863 3419 posita,
902 3348 1181 3404 humilitas
1211 3355 1266 3402 et
1308 3345 1686 3401 mansuetudo.
1719 3345 1774 3400 lu
1809 3345 1893 3400 his
1914 3363 2034 3416 qua:
2050 3362 2144 3401 se-

533 3452 793 3514 quuntur,
834 3442 877 3496 si
910 3441 1052 3510 passi
1106 3438 1327 3503 fuerint,
1368 3439 1556 3507 quales
1585 3437 1694 3491 sint
1727 3437 2004 3505 patientia,
2056 3437 2142 3492 in-

534 3536 670 3606 quit.
708 3534 911 3590 Deinde
945 3532 1088 3603 quod
1119 3531 1395 3601 subjungit
1421 3546 1535 3582 cum
1562 3529 1701 3582 omni
1727 3528 2146 3598 magnanimitate

532 3625 633 3699 (5).
662 3625 786 3680 Haec
815 3624 957 3679 enim
982 3622 1399 3695 magnanimitas
1417 3621 1469 3676 in
1495 3623 1598 3676 hoc
1625 3630 1729 3683 est,
1755 3628 1812 3674 ut
1838 3635 1944 3674 non
1969 3620 2141 3675 solum

532 3717 803 3787 patienter
829 3716 972 3772 feras
1004 3717 1102 3787 (6).
1129 3716 1224 3770 sed
1258 3725 1439 3770 erecto
1462 3715 1644 3768 animo
1670 3728 1886 3784 semper
1911 3714 2006 3768 sis.
2041 3713 2145 3768 De-

530 3811 696 3880 nique
721 3811 823 3863 hoc
853 3809 1152 3878 subjungit,
1179 3817 1234 3862 ut
1277 3809 1320 3861 si
1369 3821 1557 3876 passus
1590 3801 2066 3875 l'ueris'patienter,
2091 3815 2144 3860 et

533 3902 948 3972 magnanimiter
972 3900 1117 3954 feras
1141 3898 1440 3966 stt/ferentes
1464 3899 1636 3952 omnia
1655 3915 1982 3967 qumcumque
2007 3901 2143 3952 acci-

535 3995 700 4049 derint
713 4003 973 4066 portantes
986 3993 1198 4046 invicem
1220 3992 1272 4046 in
1303 3991 1570 4046 charitate.
1603 3991 1788 4046 Petest
1813 4003 1867 4046 et
1893 3992 1958 4047 ad
1988 3992 2144 4059 su/fe-

532 4101 698 4144 rentes
744 4089 961 4142 invicem
1010 4088 1064 4140 in
1124 4086 1396 4153 charitate,
1457 4086 1670 4142 rel'erri.
1731 4086 1916 4141 Potest
1964 4096 2142 4143 tamen

534 4181 742 4250 integer
795 4193 917 4234 esse
987 4192 1179 4233 sensus
1240 4178 1330 4248 qui
1395 4179 1636 4246 sequitur
1688 4195 1702 4231 :
1757 4178 1982 4234 Solliciti
2034 4197 2143 4234 ser-

533 4270 717 4325 vandae
761 4270 970 4324 unitatis
1021 4269 1234 4340 spiritus
1291 4269 1347 4322 in
1377 4269 1577 4323 vinculo
1606 4271 1751 4339 pacis
1779 4271 1880 4341 (7).
1919 4269 1991 4326 Ut.
2033 4273 2143 4342 spi-

533 4367 670 4418 ritus
699 4362 960 4417 unitatem
989 4361 1239 4427 servetis,
1290 4370 1383 4414 aut
1427 4377 1591 4416 unum
1637 4363 1882 4433 spiritum
1915 4366 2142 4420 servetis

531 4455 812 4512 servanda:
835 4455 984 4526 pacis
1005 4464 1060 4509 et
1085 4455 1138 4509 iu
1173 4454 1384 4510 vinculo
1406 4456 1574 4524 pacis,
1611 4458 1800 4510 hortor
1828 4471 1924 4512 vos
1948 4469 2002 4513 ut
2033 4461 2142 4516 sol-

2251 3250 2375 3321 quia
2407 3250 2578 3304 unitio
2606 3259 2662 3305 et
2692 3249 2958 3304 connexio
2987 3249 3038 3304 in
3076 3249 3352 3305 omnibus.

2323 3343 2488 3398 Vens.
2520 3344 2574 3398 7.
2626 3372 2698 3382 —-
2727 3341 3013 3413 Unicuique
3034 3352 3207 3397 autem
3227 3352 3457 3397 nostrum
3480 3341 3591 3394 data
3617 3347 3678 3392 est
3699 3350 3790 3406 gra-

2249 3439 2321 3489 tia‘
2355 3436 2634 3490 secundum
2658 3451 2951 3489 mensuram
2987 3435 3285 3490 donationis
3310 3434 3516 3490 Christi.
3547 3433 3648 3488 Hoc
3675 3429 3790 3498 adjec

2247 3527 2324 3583 cit
2356 3546 2368 3581 :
2401 3528 2525 3583 hinc
2570 3528 2715 3584 enim
2748 3537 2925 3597 potest
2967 3528 3304 3598 impatientia
3349 3528 3495 3583 nasci
3523 3525 3598 3581 vel
3635 3519 3786 3591 injuria

2254 3619 2388 3673 ﬁeri.
2425 3619 2494 3673 Et
2526 3633 2647 3674 cum
2699 3630 2912 3673 moneat
2953 3618 3314 3674 humilitatem
3360 3629 3416 3675 et
3451 3617 3726 3689 patientiam
3749 3619 3787 3665 et

2247 3719 2467 3778 caetera,
2491 3712 2753 3766 rationem
2777 3711 2868 3765 dat
2889 3723 2944 3765 ut
2977 3713 3348 3782 unusquisque
3373 3712 3571 3782 patiens
3592 3721 3696 3762 esse
3716 3703 3786 3758 de-

2249 3805 2372 3859 beat
2391 3813 2445 3858 et
2468 3805 2874 3872 magnanimis,
2901 3804 3023 3874 quia
3061 3807 3361 3860 secundum
3399 3815 3678 3860 mensuram
3712 3798 3788 3852 deo

2249 3897 2481 3951 nationis
2507 3895 2704 3952 Christi
2737 3899 3024 3968 unicuique
3067 3879 3314 3952 nostrum
3365 3898 3486 3952 data
3522 3904 3599 3951 est
3632 3890 3785 3963 gratia-

2247 3989 2378 4044 Cnm
2413 3990 2571 4059 igitur
2601 3989 2702 4044 alia
2728 3991 2846 4044 aliis
2873 3990 2997 4044 data
3023 3993 3114 4056 sit,
3144 4007 3324 4061 neque
3367 3988 3686 4046 invidendum
3708 3994 3787 4047 εει,

2248 4099 2424 4152 neque
2454 4084 2755 4154 negandum
2793 4094 2910 4146 est;
2954 4101 3052 4140 nec
3090 4085 3236 4154 quod
3268 4086 3406 4141 alius
3435 4085 3614 4148 habet,
3638 4080 3788 4133 dolen-

2245 4178 2404 4243 dum;
2439 4193 2537 4232 nec
2574 4179 2716 4248 quod
2746 4179 2975 4248 quisque
3007 4178 3187 4244 habet,
3224 4196 3334 4235 non
3365 4178 3612 4235 dandum.
3639 4174 3688 4231 Si
3718 4172 3790 4225 du-

2247 4272 2393 4325 natio
2435 4286 2564 4342 ergo
2608 4271 2812 4328 Christi
2843 4283 2925 4327 est
2966 4273 3266 4329 secundum
3306 4289 3603 4330 mensuram
3641 4267 3788 4341 gratia:

2247 4363 2532 4434 unicuique
2559 4362 2698 4418 datae
2728 4362 2831 4433 (ἓ),
2862 4379 3049 4420 omnes
3081 4367 3314 4423 invicem
3339 4383 3438 4424 nos
3463 4366 3703 4422 charitate
3723 4374 3789 4412 ac-

2245 4456 2426 4525 cipere
2455 4456 2739 4520 debemus,
2771 4465 2824 4512 et
2854 4458 3084 4515 suﬁ‘erre
3109 4460 3527 4531 magnanimiter
3553 4467 3605 4513 et
3627 4453 3790 4527 patien-

534 4546 662 4602 liciti
695 4546 831 4602 sitis.
865 4547 964 4601 Dat
999 4556 1178 4601 tamen
1205 4547 1443 4601 rationes
1471 4563 1638 4618 quare
1661 4549 1879 4604 unitatis
1918 4550 2140 4622 spiritus
2164 4559 2220 4621 Ι)
2248 4554 2331 4602 ter
2353 4547 2532 4602 omnia
2548 4563 2669 4602 cum
2690 4549 3238 4606 mansuetudinecum
3258 4551 3571 4607 humilitate.

532 4640 587 4694 in
637 4640 850 4696 vinculo
884 4641 1098 4696 solliciti
1142 4655 1265 4696 esse
1303 4639 1540 4695 debent:
1586 4640 1759 4697 Unum
1808 4660 2028 4716 corpus,
2085 4647 2136 4702 in

534 4733 690 4803 quit,
733 4743 781 4787 et
835 4750 969 4789 unus
1016 4734 1245 4807 spiritus.
1289 4733 1424 4801 Quia
1477 4749 1643 4788 unum
1676 4751 1870 4806 corpus
1901 4745 1983 4792 est
2029 4748 2136 4794 tota

540 4823 785 4878 Ecclesia
807 4834 861 4879 et
881 4841 1020 4880 unus
1051 4827 1292 4894 spiritus.
1340 4823 1428 4878 Ita
1452 4835 1505 4880 ut
1533 4836 1579 4880 et
1607 4828 1771 4881 vocati
1797 4829 1914 4883 estis
1942 4830 1994 4883 in
2035 4847 2138 4886 una

535 4930 627 4985 spe
665 4915 942 4971 vocationis
997 4926 1193 4973 vestris.
1252 4917 1322 4972 Et
1374 4916 1478 4974 hoc
1531 4931 1905 4990 argumentum
1949 4931 2032 4979 est
2069 4923 2137 4980 ad

607 5113 689 5190 (ᾖ)
716 5112 876 5190 Vulg.
907 5113 1056 5190 addit
1080 5117 1269 5190 itaque.

605 5185 684 5260 (2)
716 5186 885 5260 (90¢!-
919 5185 1007 5260 94-

607 5257 688 5332 (5)
718 5258 886 5336 Codd.
911 5257 1003 5336 illa
1030 5258 1292 5313 humilitas
1312 5257 1472 5313 animi
1487 5258 1705 5329 dejectio
1729 5271 1802 5317 est
1819 5265 1930 5332 fera
1959 5279 2137 5336 super-

537 5329 627 5383 bia‘
640 5341 687 5383 et
714 5330 1047 5385 immanitate.

634 5403 688 5470 4)
717 5398 887 5456 Codd.
910 5409 1222 5457 mereantur.

631 5469 684 5541 5)
717 5472 839 5546 llirc
882 5473 1040 5546 verba
1071 5488 1187 5527 cum
1230 5473 1368 5546 omni
1409 5474 1845 5546 magnanimitate,
1897 5475 2035 5533 sicut
2079 5487 2135 5533 et

534 5541 836 5668 sequentia,
876 5543 1175 5613 sufferentes
1218 5545 1420 5616 omnia,
1453 5541 1585 5618 εἷα,
1627 5563 1735 5603 non
1782 5547 2031 5618 leguntur
2074 5549 2132 5606 in

535 5627 604 5668 vu
629 5630 681 5668 it.

535 5627 684 5827 vuig.)
710 5682 880 5740 Codd.
905 5685 1106 5771 eﬁeras.

631 5757 684 5826 7)
720 5754 877 5827 Vulg.
914 5775 927 5814 :
956 5759 1106 5817 Sollu

631 5757 684 5826 7)
720 5754 877 5829 Vulg.
914 5754 1183 5819 :Solliciti
1209 5777 1410 5821 servare
1436 5762 1686 5822 unitatem
1715 5762 2016 5837 Spiritus...

2314 4638 2522 4696 νεκεὸ
2531 4639 2731 4696 .—Pro
2737 4651 2844 4710 pter
2857 4645 2992 4713 quod
3003 4643 3125 4698 dicit
3141 4646 3422 4700 ascendens
3431 4645 3483 4698 in
3495 4641 3789 4700 altitudinem,

2243 4731 2496 4803 captiuam
2530 4732 2678 4787 duxit
2697 4735 3056 4804 captivitatem,
3083 4746 3129 4791 et
3170 4737 3314 4792 dedit
3355 4740 3491 4792 dona
3525 4731 3791 4790 hominibus.

2244 4824 2560 4894 Exemplum
2604 4826 2671 4880 ad
2721 4826 2822 4882 hoc
2850 4827 3036 4884 datum
3067 4837 3150 4885 est
3192 4831 3317 4901 quia
3360 4830 3495 4885 dixit
3539 4823 3792 4883 secundum

2243 4932 2551 4972 mensuram
2565 4918 2869 4974 donationis
2882 4919 3100 4976 Christi.
3126 4922 3320 4977 Probat
3332 4933 3507 4978 autem
3520 4917 3794 4976 donationes

2243 5024 2366 5065 esse
2389 5008 2612 5079 Christi,
2654 5011 2781 5066 dato
2812 5013 3064 5084 exemplo
3089 5013 3156 5070 de
3196 5017 3410 5085 psalmo
3446 5030 3605 5078 vau,
3641 5013 3687 5065 in
3710 5019 3796 5079 quo

2241 5101 2402 5158 docet
2441 5103 2714 5160 Christum
2748 5105 3032 5162 Dominum
3063 5118 3310 5162 nostrum
3347 5107 3529 5164 Jesum
3569 5107 3619 5161 in
3645 5101 3796 5157 altitu-

2241 5193 2422 5251 dinem
2448 5197 2777 5266 ascendisse,
2808 5205 2864 5252 et
2889 5200 3156 5270 captivam
3183 5199 3413 5256 duxisse
3432 5198 3792 5270 captivitatem:

2242 5286 2295 5342 id
2340 5297 2424 5343 est
2462 5288 2629 5356 illam,
2672 5305 2792 5361 quae
2839 5305 2936 5346 nos
2978 5292 3220 5362 captivos
3270 5293 3419 5360 fecit,
3471 5289 3794 5362 captivitatem

2241 5385 2505 5454 captivam
2533 5383 2747 5452 fecisse,
2790 5395 2846 5440 et
2885 5384 3030 5440 illam
3072 5387 3431 5458 oppressisse,
3469 5397 3522 5442 et
3559 5385 3630 5440 sic
3668 5378 3794 5436 nobis

2239 5473 2379 5530 dona
2407 5475 2640 5533 dedisse.
2672 5477 2816 5549 Ergo
2836 5477 2882 5534 si
2912 5478 3036 5534 data
3065 5481 3219 5538 nobis
3240 5479 3386 5536 dona
3408 5488 3532 5535 sunt
3551 5493 3579 5532 a
3601 5471 3794 5532 Domino

2311 5621 2392 5694 (1)
2420 5621 2576 5700 Vulg.
2615 5641 2627 5676 :
2659 5623 2762 5700 Qui
2790 5633 2864 5678 est
2905 5641 3060 5697 super
3105 5642 3301 5696 omnes,
3349 5637 3399 5682 et
3432 5642 3524 5700 per
3556 5622 3729 5688 omnia,
3754 5623 3792 5670 τι

2237 5695 2290 5749 in
2321 5693 2552 5748 omnibus
2583 5697 2743 5749 nobis.

2309 5764 2388 5836 (2)
2413 5764 2584 5822 Codd.
2615 5769 2782 5837 gratia
2811 5767 3081 5840 unicuique
3105 5772 3246 5829 data.
