4106 6184
229 175 301 250 .5”

229 293 236 306 ⁸
307 329 446 387 ιειιδ

1239 331 1303 386 IN
1344 327 1726 386 EPISTOLAM
1769 327 1860 383 AD
1901 326 2236 384 EPIIESIOS
2278 327 2478 384 LIBER
2522 330 2580 384 ll.

3463 330 3604 393 1274

304 464 508 522 nostro,
537 457 625 528 qui
651 460 906 531 mysterio
929 473 1026 514 suo
1047 457 1310 528 captivam
1331 456 1694 525 captivitatem
1717 455 1890 522 duxit,
1921 455 2118 516 Acaro
2168 465 2275 518 est;
2331 456 2470 523 quod
2520 464 2687 510 autent
2741 473 2805 512 ea:
2855 458 3039 531 spiritu
3085 462 3338 528 nascitur,
3391 461 3600 530 spiritus

301 549 545 606 ascendit
595 552 644 604 in
688 553 1048 618 altitudinem,
1093 551 1335 607 liberatis
1379 549 1564 614 nobis,
1598 558 1654 605 et
1687 549 1893 620 captiva

303 643 440 698 facta
482 645 812 716 captivitate,
849 645 995 700 dedit
1033 645 1171 700 dona
1212 644 1562 698 hominibus:
1595 657 1689 712 per
1735 656 1895 712 quem

299 736 529 806 gratiam
582 737 701 807 ejus
743 738 1040 799 consecuti,
1091 739 1302 793 diversa
1350 750 1654 806 ageremus,
1705 735 1894 788 deilica

299 830 509 892 omnia;
537 830 677 884 sicut
705 839 884 899 postea
916 829 1064 893 dicit,
1096 839 1152 883 ut
1183 829 1269 883 alii
1313 837 1494 882 essent
1523 825 1776 897 apostoli,
1805 825 1895 879 alii

298 922 661 992 evangelistae,
692 921 784 976 alii
813 923 1110 992 prophetm,
1135 932 1188 976 et
1214 921 1438 992 reliqua.
1461 920 1586 975 llzcc
1607 935 1734 991 ergo
1754 919 1894 973 dona

299 1023 441 1069 sunt.
473 1011 602 1068 Cum
636 1025 816 1068 autem
849 1031 875 1068 a
898 1015 1114 1069 Christo
1135 1013 1252 1068 hmc
1274 1014 1442 1084 gratia
1468 1012 1749 1082 unicuique
1772 1011 1894 1065 data

299 1109 367 1163 sit
397 1107 692 1162 secundum
726 1122 1033 1162 mensuram
1065 1106 1374 1162 donationis
1402 1105 1520 1176 ejus
1539 1147 1553 1168 .
1581 1119 1740 1160 nemo
1763 1103 1896 1158 alte—

296 1201 409 1255 rius
441 1199 599 1254 debet
639 1207 733 1254 aut
775 1200 1013 1254 invidere
1042 1201 1228 1270 gratiae
1266 1208 1356 1253 aut
1402 1213 1547 1263 sum;
1577 1198 1670 1252 sed
1710 1197 1891 1252 omnia

297 1293 443 1364 paria
482 1292 558 1365 (l)
589 1294 818 1350 invicem
844 1293 974 1350 dare
999 1304 1054 1349 et
1084 1295 1329 1357 credere,
1360 1302 1414 1349 et
1445 1292 1694 1347 universa
1721 1291 1897 1347 humi-

297 1387 419 1442 liter
450 1397 504 1442 et
542 1405 662 1444 cum
694 1389 1108 1444 mansuetudine
1153 1400 1352 1444 etcum
1401 1388 1657 1458 patientia
1686 1399 1739 1442 et
1779 1404 1895 1441 ma-

295 1482 645 1550 gnanimitate
676 1482 918 1548 snlferre,
950 1483 1336 1538 conservandae
1378 1500 1533 1537 causa
1574 1481 1796 1535 unitatis
1842 1481 1894 1535 in

297 1575 488 1642 spiritu
521 1577 762 1642 unitatis,
808 1578 857 1630 in
899 1577 1116 1632 vinculo
1157 1578 1334 1648 pacis;
1363 1585 1421 1630 ιιι
1459 1587 1512 1630 et
1548 1575 1894 1630 concordiam

299 1665 615 1734 habeamus,
643 1679 696 1724 et
727 1684 910 1739 pacem
945 1685 1247 1737 servemus,
1277 1669 1423 1725 nulla
1453 1669 1723 1724 discordia
1769 1684 1893 1739 per-

300 1757 549 1814 turbante
577 1760 788 1815 animos
815 1772 1054 1817 nostros.

777 1919 984 1974 LIBER
1024 1919 1406 1976 SECUNDUS.

367 2053 594 2124 Oportet
625 2071 766 2110 nunc
797 2056 1322 2126 interpretationem,
1355 2072 1458 2127 qua
1487 2073 1628 2114 nunc
1667 2060 1889 2126 utimur,

291 2147 488 2216 exequi
541 2158 701 2218 atque
742 2149 1017 2219 complere
1068 2149 1118 2203 in
1166 2148 1251 2203 his
1305 2150 1484 2204 verbis
1526 2166 1645 2221 quae
1690 2150 1891 2206 Paulus

288 2241 553 2312 adjungil,
575 2251 626 2295 et
646 2242 954 2296 necessario
977 2242 1241 2314 adjungit,
1263 2244 1387 2313 quia
1411 2257 1574 2313 snpra
1599 2259 1693 2314 per
1714 2260 1890 2300 exem-

288 2335 441 2406 plum
472 2335 676 2401 docuit,
708 2335 850 2405 quod
887 2335 1186 2390 ascendens
1229 2336 1280 2389 in
1324 2335 1684 2401 altitudinem,
1721 2337 1890 2408 capti-

288 2445 414 2485 vam
463 2430 617 2485 duxit
654 2430 1042 2500 captivitatem,
1088 2439 1142 2484 et
1185 2429 1331 2484 dedit
1369 2429 1506 2484 dona
1555 2430 1882 2485 hominilms.

286 2521 519 2591 Pr0pter
559 2522 681 2588 hoc,
731 2523 968 2592 inquam,
1020 2523 1328 2591 exeuiplum
1375 2531 1586 2596 tractat,
1633 2524 1886 2592 quoniam

285 2615 380 2684 qui
411 2615 654 2670 ascendit
684 2615 866 2685 utique
895 2615 1209 2681 descendit;
1252 2615 1392 2685 quod
1426 2615 1642 2686 quidem
1686 2626 1885 2687 myste-

285 2709 428 2762 rium
460 2707 566 2762 late
595 2715 780 2777 patet,
825 2706 1093 2776 habetque
1119 2707 1258 2762 alios
1297 2709 1347 2761 iu
1394 2708 1494 2761 ista
1526 2708 1886 2778 explicatione

286 2809 570 2855 tractatus.
631 2799 768 2867 Quid
819 2801 890 2854 sit
942 2799 1271 2867 ascendere,
1326 2808 1382 2855 et
1431 2801 1882 2871 quemadmodum

283 2893 629 2949 descenderit
680 2893 732 2947 in
787 2892 1040 2948 inferiora
1093 2903 1274 2959 terrte,
1329 2903 1382 2947 et
1430 2893 1882 2963 quemadmodum

281 2985 593 3042 ascenderit
630 3001 793 3056 super
831 3001 1020 3041 omnes
1049 2988 1225 3042 caelos
1267 2987 1431 3056 (quod
1464 2997 1546 3040 est
1588 2986 1883 3042 vehemen-

283 3079 441 3145 tius),
467 3079 612 3134 omni
636 3094 764 3132 cura
783 3089 946 3148 atque
963 3079 1111 3133 omni
1131 3079 1406 3150 diligentia
1428 3080 1880 3149 perspiciendum.

281 3171 563 3235 Ascendit,
597 3172 792 3242 inquit,
822 3182 880 3226 ut
909 3173 1159 3242 impleret
1187 3174 1388 3227 omnia.
1413 3174 1550 3241 Quid
1575 3183 1657 3228 est
1678 3173 1880 3229 adven-

2001 559 2093 604 est.
2131 550 2365 620 Spiritus
2399 560 2580 607 autem
2607 551 2675 607 de
2704 553 2956 622 supernis
2982 563 3093 620 est;
3123 569 3251 626 ergo
3278 554 3498 624 spiritus
3533 553 3600 608 ad

2000 655 2234 710 superna
2267 642 2423 697 redit.
2449 642 2582 697 Nam
2608 653 2662 699 et
2691 659 2812 698 cum
2846 645 3175 700 resurrectio
3209 644 3387 710 fuerit,
3421 644 3604 700 omnia

2000 733 2220 802 spiritus
2247 744 2436 801 erunt;
2469 749 2520 790 et
2555 746 2695 791 totus
2724 735 2888 791 homo
2925 737 3144 808 spiritus
3176 737 3370 805 factus,
3405 738 3459 792 in
3492 753 3605 793 coe-

2001 825 2110 879 lum
2139 827 2413 894 ascendet,
2441 829 2644 883 scilicet
2672 844 2764 898 per
2787 829 3056 899 spiritum.
3074 830 3216 901 Ergo
3232 831 3602 885 necessarium

2000 916 2196 973 factum
2225 929 2310 975 est
2337 929 2394 974 ut
2419 921 2508 991 qui
2538 921 2781 976 ascendit
2814 921 2867 976 in
2897 923 3115 987 cmltnn,
3138 911 3254 992 ipse
3291 923 3359 979 sit
3383 923 3473 994 qui
3511 922 3610 981 dc-

2000 1011 2231 1066 scendit.
2256 1009 2505 1067 Christus
2526 1029 2675 1084 ergo,
2705 1013 2772 1069 de
2789 1029 2896 1086 quo
2917 1014 3120 1069 dictum
3143 1024 3246 1078 est,
3267 1015 3391 1084 quia
3414 1030 3605 1070 ascen-

1998 1106 2077 1161 dit
2122 1105 2174 1159 in
2216 1106 2435 1170 coelum,
2486 1106 2803 1176 intelligitur
2848 1107 2991 1176 quod
3033 1105 3378 1162 descenderit
3419 1126 3433 1163 :
3473 1108 3604 1162 etsi

1999 1197 2299 1263 descendit,
2335 1197 2517 1268 utique
2561 1199 2611 1251 iu
2650 1207 2807 1252 terra:
2851 1199 3105 1253 interiora
3145 1198 3463 1275 descendit;
3493 1214 3602 1254 non

1999 1290 2176 1345 solum
2207 1293 2257 1345 in
2289 1300 2505 1356 terram,
2537 1290 2630 1346 sed
2661 1291 2712 1344 in
2748 1289 3002 1346 inferiora
3033 1299 3210 1345 teme.
3253 1291 3474 1346 Lectum
3519 1301 3603 1346 est

2000 1383 2166 1450 enim,
2199 1385 2319 1452 quia
2351 1385 2401 1438 in
2449 1384 2713 1439 infernum
2755 1384 3035 1440 descendit
3070 1384 3318 1441 Salvator
3347 1385 3599 1455 passione

2001 1476 2087 1530 illa
2112 1476 2308 1544 crucis,
2339 1489 2391 1531 ut
2421 1493 2635 1533 omnem
2665 1479 2897 1532 animum
2928 1479 3206 1546 liberaret,
3236 1489 3290 1536 et
3321 1494 3385 1536 ex
3419 1482 3594 1535 omni-

1997 1570 2100 1626 bus
2127 1571 2256 1624 locis
2285 1570 2573 1626 redimeret
2604 1572 2844 1626 membra
2877 1586 2993 1626 sua.

2072 1662 2237 1718 Vens.
2270 1663 2356 1718 10.
2410 1694 2470 1703 -
2506 1664 2605 1732 Qui
2639 1664 2920 1729 descendit,
2960 1666 3070 1733 ipse
3108 1675 3184 1720 est
3221 1665 3308 1736 qui
3351 1666 3601 1720 ascendit.

1999 1755 2213 1826 Repetit
2258 1759 2430 1827 ipsum
2473 1771 2690 1812 sensum
2723 1755 2846 1825 quia
2884 1773 2941 1812 se
2971 1757 3197 1813 invicem
3231 1756 3378 1828 ligat,
3408 1769 3463 1812 ut
3507 1758 3602 1813 ille
3668 1821 3674 1826 η

1922 1853 1969 1912 Β
1997 1852 2086 1920 qui
2129 1852 2390 1915 ascendit,
2436 1851 2780 1907 descenderit
2809 1869 2822 1905 :
2855 1860 2908 1906 et
2946 1865 3133 1906 rursus
3161 1852 3252 1923 qui
3299 1852 3604 1920 descendit,

1995 1943 2318 1998 ascenderit.
2348 1943 2452 1998 Sed
2483 1953 2538 1998 ut
2565 1944 2812 2012 superior
2837 1958 3028 1999 sensus
3051 1944 3306 2007 ostendit,
3331 1943 3454 2015 quia
3475 1960 3599 2000 cum

1993 2033 2273 2089 descendit
2307 2035 2560 2089 Dominus
2591 2045 2796 2099 noster,
2830 2037 2879 2089 in
2908 2036 3158 2091 inferiora
3189 2044 3346 2092 terrm
3370 2035 3600 2091 descen-

1994 2127 2094 2197 dit,
2130 2144 2316 2183 rursus
2346 2128 2612 2198 adjnnsit,
2645 2128 2769 2198 quia
2802 2128 2918 2196 ipse
2949 2139 3065 2191 est,
3097 2129 3186 2199 qui
3218 2128 3462 2184 ascendit
3499 2129 3596 2183 sed

1993 2223 2236 2277 ascendit
2265 2239 2430 2292 super
2469 2238 2659 2277 omnes
2688 2222 2876 2278 caelos.
2911 2222 2982 2277 lta
3013 2222 3145 2276 nihil
3181 2238 3404 2277 vacuum
3436 2221 3596 2278 Chri-

1992 2326 2076 2368 sm
2105 2324 2190 2370 est
2221 2332 2232 2368 :
2267 2314 2532 2386 siquidem
2564 2327 2618 2368 et
2646 2313 2926 2369 descendit
2959 2315 3010 2368 in
3042 2314 3296 2369 inferiora
3327 2325 3513 2381 terra},
3545 2325 3599 2371 et

1991 2407 2232 2462 ascendit
2288 2423 2454 2478 super
2485 2408 2673 2463 caelos.
2713 2407 2860 2474 Quos
2887 2407 3092 2462 caelos?
3139 2407 3294 2462 multi
3345 2416 3454 2462 tres
3507 2407 3592 2462 di—

1990 2510 2148 2564 cnnt;
2173 2500 2262 2554 alii
2296 2501 2510 2570 plures;
2534 2516 2718 2554 verum
2745 2498 2874 2553 mihi
2896 2500 3160 2554 sententia
3186 2508 3291 2565 est,
3318 2508 3426 2553 tres
3449 2513 3589 2554 esse.

1988 2595 2263 2666 Siquidem
2298 2606 2349 2649 et
2386 2597 2501 2662 ipse
2549 2595 2742 2649 Paulus
2784 2605 2992 2666 raptum
3024 2611 3083 2650 se
3125 2595 3256 2650 dicit
3285 2609 3447 2666 Super
3487 2605 3595 2650 ter-

1991 2689 2120 2742 tium
2143 2689 2364 2745 cmlum.
2390 2688 2453 2742 Et
2475 2688 2553 2742 sic
2570 2689 2731 2743 etiam
2752 2689 2966 2758 quidam
2995 2687 3191 2743 docent
3210 2703 3370 2758 supra
3393 2698 3588 2744 terram

1988 2797 2109 2838 esse
2165 2799 2330 2853 aquas
2383 2785 2532 2853 quasi
2582 2784 2810 2853 primum
2860 2784 3054 2836 coelum
3099 2801 3110 2835 :
3158 2781 3355 2836 deinde
3410 2783 3588 2837 ﬁrma-

1987 2885 2227 2932 mentum
2261 2875 2457 2944 ipsum,
2484 2876 2624 2945 quod
2658 2875 2957 2945 appellatur
2982 2874 3178 2930 caelum
3208 2874 3438 2928 :deinde
3467 2891 3589 2929 rur-

1985 2983 2078 3022 sus
2105 2969 2238 3024 alias
2266 2983 2455 3038 aquas,
2485 2967 2697 3022 tertium
2730 2968 2924 3022 caelum
2958 2967 3038 3039 (Ι)
3075 2986 3088 3019 :
3123 2965 3190 3020 dc
3218 2981 3324 3034 quo
3356 2976 3589 3022 tractatu

1981 3061 2092 3131 jam
2125 3061 2292 3115 multa
2334 3059 2568 3114 diximus
2624 3060 2673 3113 in
2708 3060 3000 3129 ιιιιιξιειὶιο.
3036 3057 3233 3114 Verum
3264 3059 3390 3128 quid
3423 3059 3588 3113 inter-

1985 3153 2108 3208 eSt?
2161 3151 2411 3208 Christus
2460 3153 2550 3222 qui
2602 3153 2889 3218 ascendit,
2956 3167 3122 3222 super
3168 3167 3359 3207 onmes
3418 3153 3590 3210 emlos

284 3275 394 3330 ms,
428 3275 478 3318 ει
508 3263 632 3334 quid
663 3273 746 3317 es;
777 3263 1014 3318 reditus?
1041 3273 1099 3318 ,η
1126 3265 1258 3330 δίκε,
1288 3281 1514 3336 magnus
1551 3267 1650 3321 istc
1685 3276 1880 3321 mem.
1910 3243 1955 3305 C
1988 3243 2248 3297 ascendit.
2286 3243 2397 3298 Illic
2445 3245 2588 3298 enim
2629 3244 2738 3314 jam
2783 3243 3057 3298 :cternitas
3103 3253 3202 3311 est,
3247 3254 3303 3298 ct
3344 3245 3447 3298 vita
3495 3245 3588 3300 illa

282 3368 372 3414 lus
417 3368 530 3423 est;
577 3371 913 3428 magnusque
958 3359 1118 3412 etiam
1169 3357 1277 3422 ille,
1324 3357 1598 3428 quomodo
1644 3358 1886 3428 implevit

279 3451 487 3515 omnia,
521 3461 577 3507 et
602 3451 771 3522 magis
795 3451 1009 3506 rediens
1037 3451 1283 3522 implevit
1311 3452 1510 3506 omnia.
1543 3451 1622 3509 Ac
1657 3454 1702 3506 si
1733 3466 1884 3506 com-

281 3545 444 3616 plecti
486 3545 642 3599 velitn
665 3554 722 3600 et
749 3559 1025 3610 enarrare,
1061 3560 1164 3598 non
1204 3543 1333 3598 sinit
1361 3543 1542 3615 Operis
1570 3542 1882 3614 magnitudo

281 3648 341 3691 ut
369 3638 423 3691 in
456 3637 555 3692 ista
587 3647 759 3706 parte,
791 3653 893 3707 qua
923 3636 1430 3691 commentationem
1464 3636 1766 3706 simplicem
1794 3634 1879 3690 fa-

278 3729 498 3794 cimus,
547 3744 668 3798 pars
719 3730 818 3783 ista
872 3739 1118 3799 ponatur.
1170 3727 1419 3783 Arbitror
1461 3727 1528 3783 de
1571 3728 1674 3782 isto
1718 3742 1880 3782 sensu

279 3824 496 3890 istotpte
529 3831 751 3876 tractatu
790 3821 984 3876 librum
1029 3822 1261 3892 aliquem
1309 3836 1430 3877 esse
1475 3821 1876 3890 complendum,

278 3931 445 3987 quem
475 3915 738 3983 permissu
768 3914 860 3967 Dei
884 3917 994 3982 jam
1025 3913 1308 3984 aggrediar
1339 3914 1436 3984 (2),
1467 3923 1524 3967 ut
1563 3915 1741 3968 omnia
1784 3928 1880 3968 ne-

277 4007 516 4064 cessaria
549 4005 612 4059 ad
653 4005 806 4061 istius
831 4005 974 4060 modi
1008 4005 1409 4074 intelligentiam
1439 4005 1595 4060 liberi
1630 4022 1660 4061 a
1690 4020 1878 4062 neces-

276 4102 443 4157 sitate
473 4099 931 4170 in'erpretalionis
963 4099 1238 4154 valeamus
1265 4099 1510 4170 implere.
1537 4099 1690 4155 Nunc
1720 4101 1877 4172 igitur

276 4191 601 4261 simpliciter
651 4189 976 4246 admonendi
1033 4191 1194 4247 modo
1251 4192 1348 4247 ista
1400 4192 1743 4266 breviterque
1790 4194 1875 4250 di-

273 4298 485 4340 CCIDIIS.

349 4376 504 4433 CAP.
537 4377 624 4433 lV.
641 4408 712 4420 -—
735 4377 893 4434 Vens.
926 4377 977 4433 9.
1024 4409 1094 4418 —-
1117 4379 1270 4446 Quod
1289 4388 1460 4434 autem
1485 4382 1727 4447 ascendit,
1752 4381 1876 4449 quid

267 4483 348 4529 est
377 4473 476 4527 nisi
491 4473 578 4542 qui
601 4480 647 4526 et
669 4471 929 4526 descendit
970 4473 1023 4526 in
1041 4475 1290 4545 inferiora
1320 4484 1468 4530 teme
1491 4474 1610 4547 (5)?
1632 4475 1871 4531 Positum

268 4577 359 4623 est
410 4567 461 4621 in
507 4567 712 4636 psalmo
755 4567 1036 4622 ascendens
1084 4569 1402 4623 altitudinem
1443 4585 1507 4624 ex
1552 4585 1658 4639 quo
1706 4571 1872 4627 verbo

1989 3336 2433 3406 incorruptibilis,
2463 3346 2515 3392 et
2547 3338 2725 3391 omnia
2754 3352 2818 3391 ex
2845 3338 3034 3407 spiritu
3059 3337 3311 3392 viventia.
3341 3337 3463 3392 llrrc
3489 3353 3589 3391 au-

1988 3441 2095 3487 tem
2125 3431 2232 3485 alio
2270 3431 2430 3486 modo
2475 3447 2532 3485 se
2565 3431 2832 3486 habebant
2881 3447 3050 3499 usque
3089 3431 3140 3485 in
3173 3431 3583 3487 descensionem

1985 3523 2182 3579 Christi
2215 3543 2226 3577 :
2258 3541 2377 3595 qua:
2406 3525 2609 3592 omnia,
2642 3527 2899 3597 mysterio
2926 3535 3101 3595 gesto,
3129 3537 3248 3593 post
3278 3529 3583 3596 passionem

1984 3616 2186 3672 Christi
2226 3617 2277 3671 in
2316 3617 2690 3672 ascensionem
2723 3617 2951 3672 salutem
2983 3626 3338 3685 acceperunt,
3369 3627 3423 3672 et
3455 3633 3580 3687 per-

1985 3707 2120 3762 fecta
2152 3718 2294 3763 sunt.
2329 3709 2442 3762 Hoc
2471 3718 2554 3762 est
2580 3709 2723 3762 enim
2763 3709 2905 3778 quod
2937 3710 3246 3780 subjungit,
3277 3721 3330 3764 ut
3351 3711 3584 3783 impleret

1983 3802 2174 3864 omnia,
2201 3802 2253 3855 id
2272 3811 2352 3856 est
2371 3801 2603 3871 perfecta
2629 3801 2874 3857 redderet
2895 3811 2949 3857 et
2972 3805 3147 3871 plena,
3173 3814 3228 3856 ut
3253 3803 3382 3858 nihil
3405 3803 3584 3858 minus

1983 3904 2150 3948 esset.
2177 3892 2318 3963 Ergo
2349 3895 2528 3962 passio
2549 3893 2635 3947 illa
2661 3881 2861 3949 Christi
2889 3905 2941 3948 ct
2968 3897 3292 3951 resurrectio
3313 3904 3369 3951 et
3394 3911 3585 3951 ascen-

1982 3988 2086 4055 sio,
2118 3987 2373 4058 perfectio
2401 3995 2485 4042 est
2512 3988 2750 4043 omnium
2785 3997 2888 4043 tam
2923 3991 2974 4043 in
3007 3989 3207 4043 mundo
3235 4005 3356 4059 qua:
3381 3990 3581 4044 Salvari

1983 4091 2222 4150 possent,
2267 4097 2424 4152 quam
2465 4082 2516 4136 in
2555 4083 2794 4146 :eternis,
2843 4093 2897 4137 et
2941 4097 3108 4153 super
3153 4099 3343 4137 onmes
3386 4083 3579 4139 caelos.

1979 4173 2134 4242 Quod
2164 4174 2476 4246 mysterium
2514 4174 2824 4243 plenissime
2854 4175 3010 4227 unius
3055 4174 3178 4229 libri
3218 4175 3580 4244 explicatione

1981 4267 2349 4321 tractavimus.
2395 4266 2499 4320 Aut
2546 4266 2803 4335 numquid
2848 4265 2930 4340 (2)
2977 4265 3078 4320 hoc
3117 4267 3487 4337 intelligimus,
3522 4275 3580 4322 ut

1979 4359 2224 4429 impleret
2251 4358 2428 4414 omnia
2461 4374 2580 4430 qua:
2609 4358 2657 4413 ei
2689 4359 2938 4413 mandata
2961 4369 3089 4416 sunt
3115 4367 3174 4414 ut
3199 4358 3330 4414 nihil
3356 4361 3426 4415 ibi
3456 4377 3579 4415 cor-

1977 4453 2200 4514 rexcrit,
2241 4451 2371 4505 nihil
2412 4451 2482 4505 ibi
2529 4450 2824 4521 perfectura
2853 4452 3182 4507 reddiderit?
3211 4453 3304 4507 sed
3336 4452 3580 4508 ascendit

1977 4559 2139 4612 supra
2167 4544 2354 4611 etelos,
2390 4553 2446 4597 ut
2497 4559 2658 4598 omne
2693 4545 3010 4616 mysterium
3049 4545 3334 4613 impleret;
3370 4553 3424 4598 et
3475 4544 3574 4600 de-

265 4661 556 4732 capiamns
583 4660 993 4730 intelligentiam
1023 4661 1146 4730 quia
1175 4661 1219 4716 is
1240 4661 1507 4725 ascendit,
1532 4663 1624 4731 qui
1646 4662 1868 4718 descen-
1899 4635 1952 4695 Ῑ)
1976 4635 2337 4732 δεθηάίίνδθλδ
2370 4645 2429 4690 ω
2451 4635 2712 4732 imple”?
2735 4635 3014 4732 Ψθίθειθξθ
3045 4636 3250 4690 “mea
3276 4644 3328 4689 et
3355 4635 3570 4732 Ρθτίεῖθ·

266 4755 372 4809 dit.
405 4753 601 4808 Natura
639 4753 839 4808 etenim
872 4753 947 4808 rei
977 4753 1056 4808 sic
1098 4769 1156 4807 se
1185 4753 1364 4819 habet,
1406 4763 1465 4810 ut
1491 4755 1788 4810 ascendere
1814 4757 1865 4812 in

264 4852 468 4902 castum
502 4862 606 4901 non
645 4847 815 4916 possit
846 4846 947 4901 nisi
977 4848 1064 4915 qui
1096 4845 1221 4902 inde
1247 4847 1547 4903 descendit.
1584 4849 1693 4905 Hoc
1723 4851 1867 4907 circa

262 4939 514 4996 caelestia
545 4957 558 4993 :
587 4955 710 4992 nam
754 4939 896 4993 circa
939 4939 1040 4993 alia
1084 4939 1394 5008 hujusmodi
1437 4951 1648 4996 terrena
1693 4951 1869 5010 potest

259 5032 465 5103 aliquis
497 5031 811 5095 ascendere,
840 5030 930 5100 qui
963 5044 1071 5084 non
1113 5029 1434 5086 descendit:
1461 5031 1555 5087 sed
1583 5033 1633 5087 in
1666 5034 1862 5089 caelum

256 5135 428 5196 atque
457 5125 508 5179 in
539 5124 706 5182 cmlos
735 5137 895 5178 nemo
924 5121 1188 5188 ascendit,
1222 5123 1322 5177 nisi
1352 5123 1440 5192 qui
1474 5123 1597 5180 inde
1635 5124 1860 5181 descen-

257 5222 364 5277 dit.
398 5219 488 5275 Sic
515 5220 657 5274 enim
701 5217 950 5274 Salvator
977 5217 1031 5272 in
1056 5199 1351 5288 Evangelio
1392 5217 1528 5273 dixit
1560 5236 1574 5272 :
1607 5219 1708 5274 nisi
1740 5221 1860 5290 quis

254 5323 486 5374 renatus
525 5313 704 5379 fuerit,
738 5328 844 5368 non
880 5320 1059 5382 potest
1102 5326 1329 5383 regnum
1365 5311 1456 5365 Dei
1496 5321 1699 5368 tenere.
1749 5314 1856 5370 De-

253 5407 390 5466 inde
436 5406 754 5476 subjunxit,
810 5404 1063 5476 quoniam
1117 5403 1257 5476 quod
1304 5419 1366 5458 ra:
1413 5419 1566 5459 carne
1603 5406 1851 5473 nascitur,

327 5561 412 5634 (ι)
438 5561 608 5616 Codd.
637 5561 822 5630 putria.

328 5630 426 5708 (2),
447 5634 777 5708 Adnoletnus
804 5630 1126 5699 promissum
1151 5646 1182 5687 a
1206 5630 1484 5688 Victorino
1520 5649 1678 5703 opus,
1711 5640 1852 5708 quod

242 5709 302 5764 in
337 5704 503 5758 editis
535 5717 638 5758 non
667 5711 964 5772 comparet.

323 5776 408 5845 (5)
437 5775 590 5846 Vulg.
626 5791 640 5829 :
669 5775 879 5845 quod
909 5775 1030 5848 quia
1055 5783 1101 5830 et
1134 5773 1391 5833 descendit
1419 5778 1639 5848 primum
1681 5779 1733 5836 in
1763 5779 1848 5835 in-

236 5850 466 5921 feriores
496 5855 672 5921 partes
703 5857 870 5903 teri-tv.

1974 4731 2120 4785 tione
2147 4740 2199 4785 et
2219 4730 2310 4786 Dei
2336 4730 2536 4784 lumine
2564 4739 2616 4784 et
2640 4729 2925 4784 charitate.
2955 4730 3253 4784 Descensus
3282 4729 3424 4783 enim
3456 4728 3574 4799 ejus

1972 4835 2026 4882 et
2056 4840 2309 4882 ascensus
2333 4823 2656 4879 illuminavit
2681 4825 2948 4879 universa.
2980 4823 3144 4892 Magis
3164 4833 3343 4878 autem
3377 4824 3576 4878 illumi-

1973 4921 2138 4987 navit,
2169 4935 2290 4973 cum
2319 4917 2562 4973 ascendit
2588 4916 2854 4986 perfectus
2883 4924 2936 4970 et
2961 4915 3323 4970 sanetilicatus
3343 4931 3370 4969 a
3393 4925 3570 4986 patre.

1970 5015 2160 5069 Omnia
2190 5023 2373 5067 sancta
2407 5012 2532 5066 facit
2562 5027 2657 5081 per
2688 5011 2917 5066 reditum
2948 5025 3124 5078 suum,
3154 5020 3206 5064 et
3236 5009 3376 5065 unde
3405 5009 3566 5078 redit,

1967 5114 2023 5162 et
2040 5120 2315 5175 quousque
2337 5104 2494 5158 redit.

2039 5195 2205 5252 Vens.
2256 5197 2344 5252 Η.
2379 5227 2449 5236 -—
2477 5195 2546 5250 Et
2575 5197 2684 5267 ipse
2706 5197 2844 5250 dedit
2872 5196 3118 5266 quosdam
3139 5194 3344 5266 quidem
3362 5201 3568 5265 aposto-

1966 5292 2065 5357 los,
2097 5291 2345 5361 quosdam
2366 5299 2534 5344 autem
2565 5289 2860 5360 prophetas.
2885 5287 3020 5344 Hinc
3043 5288 3228 5359 incipit
3255 5289 3392 5342 dona
3419 5285 3565 5340 varia

2036 5494 2115 5565 (1)
2145 5493 2404 5549 Notabilis
2435 5492 2549 5548 haec
2586 5490 2844 5565 Victorini
2885 5490 3148 5565 doctrina.
3186 5483 3339 5554 Quod
3380 5491 3562 5565 autem

1961 5559 2123 5639 ait'se
2151 5566 2277 5639 alibi
2306 5566 2373 5619 de
2405 5565 2502 5618 hac
2533 5580 2592 5619 re
2619 5563 2929 5639 scripsisse,
2965 5559 3201 5639 intellige
3226 5564 3564 5639 commenta:

1961 5637 2099 5710 rium
2143 5638 2210 5710 ab
2253 5653 2341 5702 eo,
2375 5646 2432 5690 ut
2480 5645 2631 5710 puto,
2673 5625 2974 5710 confectum
3012 5631 3068 5686 in
3111 5625 3394 5710 epistolam
3429 5641 3462 5680 ιι
3493 5625 3563 5707 ad

1959 5709 2292 5772 Corinthios,
2329 5698 2391 5762 Vin
2439 5698 2543 5778 qua
2590 5698 2789 5762 Paulus
2834 5704 3027 5760 dicitur
3069 5710 3254 5772 raptus
3301 5698 3466 5754 fuisse
3505 5698 3560 5752 in

1957 5781 2173 5837 tertium
2201 5779 2417 5836 cmlum.

2031 5851 2109 5924 (Ω)
2147 5850 2317 5909 Codd.
2348 5851 2576 5906 animum
2601 5848 2740 5920 quid.
