4106 6184
603 263 641 321 ’1
654 262 761 318 275

1831 262 2026 323 “Mill
2071 260 2413 319 VICTOBINI
2452 259 2615 319 ΛΕΜ

3700 276 3721 326 l
3735 278 3804 330 176

617 389 952 437 enumerare,
989 373 1054 427 de
1084 374 1276 444 quibus
1318 389 1479 444 supra
1510 374 1667 442 dixit,
1698 374 1839 446 quod
1878 374 2029 437 dedit
2070 376 2209 431 Deus
2234 380 2283 441 Α
2313 388 2427 430 mas
2446 372 2512 429 ad
2542 373 2699 429 ﬁdem
2722 373 3043 432 confirment
3068 395 3080 430 :
3103 377 3438 435 hoccstcnim
3453 395 3624 445 corpus
3638 384 3807 442 Christi.

614 466 756 522 dona
785 464 1108 531 hominibus,
1143 473 1200 520 ut
1238 481 1427 521 omnes
1466 465 1702 522 habeant
1738 468 1875 522 dona
1920 466 2037 534 Dei,
2068 467 2211 538 quod

614 575 777 632 supra
806 559 1100 627 tractabat;
1132 568 1187 615 et
1210 558 1387 615 nullus
1411 561 1564 619 alteri
1595 560 1850 623 inrideat.
1872 562 2006 617 Sunt
2033 571 2210 616 autem

615 650 755 706 dona
784 649 920 717 haec,
951 651 1203 722 apostoli,
1230 650 1527 723 prophetae,
1552 651 1915 724 evangelistae,
1944 661 2209 724 pastores,

615 739 892 814 magistri,
928 741 1193 810 ministri;
1225 756 1360 815 quos
1397 757 1587 798 omnes
1617 753 1915 801 enumerat.
1951 741 2007 797 in
2039 743 2214 817 primo

618 844 799 890 tamen
848 832 1125 903 apostolos
1172 835 1371 905 posuit,
1420 834 1617 890 deinde
1663 836 1972 907 prophetas.
2023 833 2213 891 Mirum

615 935 795 982 autem
824 925 1036 982 videtur
1072 925 1212 997 quod
1243 943 1365 982 cum
1397 924 1599 982 dictum
1642 928 1712 983 sit
1753 941 1922 997 usque
1959 925 2027 981 ad
2057 924 2216 981 Chri-

616 1028 763 1075 stum
794 1021 1083 1090 prophetas
1110 1033 1250 1083 eSse,
1285 1021 1398 1090 ipse
1423 1017 1672 1074 Christus
1712 1018 1918 1074 scilicet
1947 1018 2134 1074 fecerit
2161 1028 2217 1075 et

617 1111 932 1185 prophetas.
964 1113 1089 1167 Post
1119 1112 1395 1183 apostolus
1431 1116 1610 1183 posuit
1649 1110 1938 1185 prophetas
1971 1122 2027 1167 et
2054 1128 2219 1168 evan-

615 1203 861 1277 geliSIas.
915 1203 1052 1277 Quid
1105 1204 1264 1277 igitur
1315 1204 1709 1277 intelligimus?
1766 1204 2058 1277 pr0phetas
2110 1222 2218 1261 non

618 1298 763 1354 solos
792 1296 914 1352 illos
941 1297 1069 1365 dici,
1098 1298 1191 1369 qui
1232 1297 1424 1368 spiritu
1472 1297 1563 1351 Dei
1608 1308 1851 1368 accepto,
1896 1298 1965 1353 de
2005 1295 2219 1354 Christo

619 1390 877 1446 dixerunt
905 1400 957 1445 et
987 1389 1055 1445 de
1086 1389 1203 1461 ejus
1230 1389 1485 1459 adventu,
1518 1388 1587 1445 de
1616 1390 1808 1461 quibus
1840 1400 1988 1447 recte
2016 1388 2219 1447 dictum

619 1499 779 1554 usque
805 1483 873 1538 ad
886 1480 1144 1537 Christum
1159 1482 1590 1555 praphetaz:quia
1603 1500 1722 1537 cum
1737 1481 2003 1552 venitille,
2018 1483 2086 1539 de
2114 1498 2221 1556 quo

619 1576 897 1650 prophetat-
923 1586 1096 1641 erant,
1124 1577 1241 1632 sine
1270 1576 1433 1631 dubio
1453 1575 1563 1647 jam
1594 1591 1759 1651 quare
1788 1576 2061 1647 propheta:
2089 1576 2217 1641 sint,

619 1683 779 1724 causa
809 1668 951 1723 nulla
999 1677 1103 1723 est.
1134 1668 1280 1737 Quos
1310 1666 1471 1738 igitur
1514 1666 1800 1740 prophetas
1831 1666 2221 1737 intelligimus?

2390 465 2554 521 Vens.
2609 466 2696 521 15.
2743 496 2816 507 -
2857 465 3032 522 Donec
3083 485 3405 527 occurramus
3447 487 3597 528 omnes
3621 475 3665 530 in
3687 480 3809 531 unita-

2315 568 2412 613 tem
2438 558 2560 627 ﬁdei
2582 599 2597 626 ,
2628 567 2675 612 et
2703 560 3011 631 agnitionem
3031 561 3237 633 Christi,
3271 563 3323 619 in
3342 563 3492 619 virum
3514 566 3758 639 perfectum,
3775 572 3811 626 is

2315 668 2603 707 mensuram
2650 652 2815 707 (etatis
2838 652 3169 725 plenitudinis
3194 654 3395 711 Christi.
3418 655 3570 712 Pleno
3595 662 3810 733 mysterio,

2316 743 2457 816 quod
2481 742 2679 800 factum
2707 746 2811 812 sit,
2840 753 2895 800 et
2925 755 3143 816 prOpter
3169 746 3292 815 quid
3320 747 3504 805 factum
3530 750 3626 819 sit,
3651 758 3697 806 et
3725 755 3814 825 quid

2316 835 2550 893 futurum
2580 837 2650 892 sit
2672 834 2777 911 (l),
2805 838 3075 910 exposuit.
3109 832 3244 911 Quid
3273 839 3459 896 factum
3480 841 3579 911 sit,
3607 843 3724 913 quod
3756 846 3818 901 de-

2317 930 2532 988 scendit
2553 940 2608 987 et
2636 932 2878 988 ascendit
2904 930 3152 989 Christus
3170 975 3186 1000 ,
3217 942 3273 990 et
3291 930 3427 1002 quod
3454 933 3560 1004 ipse
3582 933 3708 994 dedit
3728 953 3820 1009 apo-

2318 1025 2486 1080 stolos
2507 1035 2557 1081 et
2571 1026 2864 1103 pr0phetas
2878 1033 2934 1079 et
2954 1036 3197 1082 caeteros.
3216 1025 3411 1081 Deinde
3421 1026 3640 1097 adiunxit
3652 1040 3821 1105 propter

2319 1133 2480 1190 quam
2508 1132 2725 1173 causam
2746 1118 2811 1171 ad
2826 1121 3312 1172 consummationem
3329 1160 3345 1187 ,
3373 1117 3553 1189 inquit,
3572 1131 3818 1176 sanctorum.

2320 1207 2459 1278 Quid
2485 1209 2572 1263 illa
2595 1209 2996 1264 consummatio
3033 1206 3155 1265 est?
3211 1208 3351 1285 quod
3393 1207 3631 1281 subjecit,
3667 1221 3714 1267 ut
3742 1229 3823 1281 per-

2322 1296 2477 1356 fectis
2503 1302 2703 1356 sanctis
2730 1300 2981 1357 omnibus
3005 1301 3058 1355 in
3087 1300 3341 1357 unitatem
3370 1296 3512 1368 fidei,
3544 1310 3594 1356 et
3616 1318 3700 1356 una
3730 1301 3824 1360 lides

2322 1391 2465 1463 apud
2489 1406 2681 1447 omnes
2704 1393 2804 1459 sit,
2832 1400 2889 1448 et
2919 1392 2971 1449 in
3003 1392 3325 1464 agnitionem
3374 1392 3557 1448 Christi
3576 1434 3591 1460 ,
3615 1402 3665 1447 ut
3687 1408 3824 1452 omnes

2323 1501 2677 1559 agnoscamus
2727 1484 2999 1542 Christum
3026 1503 3039 1539 :
3071 1486 3143 1541 ibi
3192 1487 3332 1541 enim
3378 1486 3544 1544 otnnis
3592 1495 3665 1542 est
3702 1488 3824 1545 salus.

2327 1578 2528 1636 Deinde
2554 1578 2696 1650 quod
2727 1577 2964 1634 futurum
2992 1578 3091 1645 sit,
3116 1586 3174 1634 ut
3200 1593 3537 1635 occurramus
3581 1588 3628 1632 et
3656 1593 3826 1634 concur-

2324 1688 2507 1729 ramus
2532 1672 2584 1727 in
2612 1672 2785 1727 virum
2819 1670 3113 1743 perfectum
3144 1691 3157 1728 :
3190 1670 3419 1742 perfecta
3449 1672 3581 1727 enim
3602 1669 3744 1726 anima
3762 1689 3828 1745 per

618 1777 754 1834 quos
778 1761 975 1818 Christi
1009 1761 1153 1817 dono
1181 1762 1467 1832 prOphetas
1497 1775 1618 1817 esse
1647 1759 1813 1827 dicit;
1846 1758 1965 1815 illos
1995 1760 2221 1826 scilicet,
2254 1775 2304 1837 Β
2333 1766 2491 1821 [idem
2523 1774 2578 1821 ct
2605 1783 2697 1835 per
2721 1764 2995 1820 Christum
3024 1765 3318 1837 cognitum,
3354 1764 3434 1819 vir
3460 1763 3694 1834 perfectus
3708 1764 3828 1819 elfici-

618 1854 708 1927 qui
736 1855 803 1910 de
830 1854 940 1910 Deo
961 1863 1210 1923 tractant,
1231 1865 1283 1910 et
1302 1853 1503 1926 Spiritu
1519 1853 1661 1926 pleni
1687 1853 1924 1909 divinam
1944 1862 2221 1924 exponunt

619 1945 983 2023 disciplinam.
1062 1947 1173 2002 Hoc
1236 1948 1397 2003 etiam
1447 1948 1499 2003 in
1544 1945 1910 2018 superioribus
1964 1945 2218 2002 diximus.

697 2040 859 2097 Vsus.
891 2040 980 2095 12.
1008 2073 1075 2083 -
1110 2042 1252 2096 Alios
1307 2058 1425 2097 vero
1470 2041 1826 2113 evangelistas,
1875 2041 2006 2095 alios
2051 2052 2222 2096 autem

619 2143 848 2204 pastores
900 2145 946 2189 et
996 2135 1267 2207 magistros
1312 2134 1416 2209 (1),
1459 2134 1528 2188 ad
1573 2133 2056 2189 consummationem
2097 2148 2219 2186 stm-

619 2241 819 2283 ctorum
872 2228 927 2282 in
982 2246 1109 2301 opus
1162 2229 1451 2299 ministerii,
1499 2230 1552 2284 in
1581 2227 1972 2299 wdiﬁcationem
1993 2226 2222 2301 corporis

618 2318 824 2375 Christi.
849 2319 1127 2393 Loquendi
1154 2320 1222 2378 de
1243 2321 1358 2394 lege
1381 2320 1566 2394 gratia:
1594 2336 1793 2397 genera
1815 2322 2051 2394 quinque
2072 2330 2218 2387 sunt;

616 2411 764 2482 loqui
796 2410 1013 2483 linguis,
1049 2412 1194 2485 loqui
1224 2414 1573 2479 revelatione,
1607 2412 1751 2484 loqui
1782 2413 2029 2479 scientia,
2065 2413 2211 2484 loqui

618 2506 924 2578 prophetia,
966 2506 1114 2580 loqui
1157 2506 1423 2561 doctrina.
1460 2507 1584 2562 Hmc
1624 2508 1785 2576 plene
1814 2508 1880 2561 ad
1910 2506 2220 2563 Corinthios

618 2600 674 2655 in
705 2599 898 2668 pritna.
931 2598 1129 2655 Verum
1156 2607 1357 2671 praater
1386 2598 1522 2666 haec,
1555 2599 1699 2655 aliud
1726 2608 1810 2657 est
1833 2599 2219 2672 evangelistam

620 2709 762 2762 esse,
786 2694 839 2749 id
860 2706 940 2751 est
964 2710 1086 2768 qua:
1109 2693 1356 2750 Chrisms
1374 2693 1559 2751 fecerit
1578 2711 1820 2765 narrare,
1842 2704 1896 2752 et
1916 2697 1983 2753 de
2000 2697 2220 2753 Christo

616 2788 939 2843 annuntiare
966 2787 1144 2858 ipsum
1168 2787 1453 2844 colendum
1478 2803 1634 2857 esse;
1661 2789 1763 2844 hoc
1783 2797 1867 2844 est
1887 2790 2030 2845 enim
2056 2804 2218 2846 evan.

611 2883 863 2952 gelistam
902 2897 1044 2938 esse.
1080 2881 1221 2954 Ergo
1252 2882 1377 2939 fecit
1402 2880 1647 2939 Christus
1675 2882 1821 2939 dono
1848 2899 1947 2939 suo
1985 2899 2215 2957 evange-

617 2974 770 3032 listas
803 2994 817 3031 :
851 2975 979 3031 fecit
1015 2977 1177 3032 etiam
1218 2988 1271 3031 et
1306 2985 1551 3049 pastores
1577 2987 1631 3032 et
1659 2978 1966 3047 magistros,
1993 2980 2080 3048 qui
2127 2994 2216 3034 re-

614 3077 748 3140 gunt
787 3066 1043 3125 Ecclesia:
1080 3070 1357 3141 p0puluni.
1391 3068 1492 3137 Qui
1532 3068 1929 3140 administrant,
1968 3081 2214 3143 pastores

2328 1870 2412 1913 tur
2437 1859 2540 1930 (2).
2573 1859 2664 1913 Sic
2689 1866 2745 1913 et
2775 1857 3037 1930 propheta
3067 1857 3233 1912 David
3262 1855 3331 1912 de
3354 1858 3534 1912 eadem
3561 1856 3710 1910 anima
3743 1870 3827 1924 per-

2323 1951 2458 2007 fecta
2482 1950 2536 2006 in
2567 1953 2739 2021 primo
2760 1951 2967 2021 psalmo
2996 1948 3175 2019 posuit
3203 1968 3215 2002 :
3241 1947 3413 2004 beatus
3439 1949 3512 2002 vir
3536 1949 3613 2019 qui
3631 1965 3711 2001 non
3742 1947 3829 2000 abiit

2316 2044 2376 2099 in
2404 2045 2616 2100 consilio
2644 2045 2933 2115 impiorum.
2965 2043 3032 2099 Et
3060 2043 3278 2098 beatum
3309 2084 3324 2105 ,
3358 2041 3558 2112 inquit,
3607 2050 3653 2096 et
3703 2041 3828 2095 virum

2322 2137 2660 2193 nominavit:
2695 2144 2751 2192 et
2779 2134 2895 2191 haec
2923 2144 3007 2190 est
3028 2147 3282 2190 mensura
3303 2133 3473 2188 :etatis
3494 2144 3542 2188 et
3562 2130 3829 2203 plenitudinis

2319 2229 2557 2296 Christi;
2588 2229 2832 2285 collectis
2875 2226 3127 2283 omnibus
3168 2225 3460 2291 membris,
3504 2230 3555 2280 et
3585 2226 3682 2280 viro
3717 2224 3830 2295 pleno

2321 2320 2570 2389 reddito,
2656 2320 2710 2376 in
2779 2317 3005 2391 singulis
3068 2319 3251 2375 ornnis
3327 2316 3589 2390 plenitudo
3648 2316 3828 2373 redditur

2317 2409 2542 2468 Christi.

2391 2503 2562 2561 Vens.
2611 2505 2699 2561 id.
2749 2533 2819 2546 —
2848 2503 2917 2559 Ut
2942 2504 3079 2559 ultra
3121 2502 3204 2576 (3)
3236 2516 3343 2558 non
3368 2503 3521 2558 simas
3552 2500 3719 2572 parvuli
3734 2500 3829 2569 ﬂac-

2323 2611 2542 2655 tuantes.
2569 2596 2703 2653 Cum
2725 2599 2869 2655 enim
2892 2612 2997 2652 non
3036 2610 3225 2653 sumus
3276 2596 3525 2669 perfecti,
3565 2594 3732 2666 parvuli
3767 2605 3830 2643 su-

2322 2708 2480 2748 mus:
2525 2702 2582 2749 et
2619 2706 2744 2747 cum
2787 2689 2998 2761 parvuli
3024 2703 3246 2745 eramus
3267 2731 3283 2755 ,
3307 2688 3671 2744 lluctuabamus
3703 2704 3713 2737 :
3744 2698 3830 2738 cum

2320 2792 2499 2840 autem
2523 2783 2629 2838 fide
2657 2781 3061 2847 confirmamur,
3117 2794 3225 2834 non
3280 2779 3605 2836 fluctuamus.
3635 2776 3740 2831 Cum
3766 2786 3831 2827 co-

2318 2874 2631 2947 gnoscimus
2650 2873 2921 2929 Christum
2957 2913 2972 2937 ,
2996 2871 3094 2926 viri
3117 2870 3412 2928 efficimur.
3436 2868 3500 2924 Et
3518 2872 3623 2943 jam
3645 2880 3725 2920 non
3745 2879 3833 2936 par-

2320 2968 2872 3038 vuiicircumferamur
2923 2965 3063 3020 omni
3118 2966 3272 3020 uento
3312 2965 3579 3030 doctrinm,
3604 2958 3833 3031 lunt-quina

2321 3061 2614 3126 hominum,
2646 3061 2699 3114 in
2725 3059 2951 3125 astutia,
2979 3054 3048 3112 ad
3071 3060 3357 3114 remedium
3404 3056 3481 3131 (ι)
3528 3055 3708 3111 erroris.
3739 3051 3832 3106 Cum

616 3160 754 3217 dixit
782 3179 795 3217 :
828 3165 1113 3234 magistros
1138 3178 1289 3230 vero,
1311 3161 1403 3234 qui
1428 3163 1643 3223 docent.
1668 3162 1782 3219 Non
1806 3166 1948 3221 enim
1970 3141 2218 3239 pastores

2211 3185 2218 3221 ε
2246 3165 2294 3231 C
2326 3154 2468 3211 enim
2493 3153 2713 3224 perfecti
2742 3167 2849 3208 non
2871 3165 3057 3208 sumus
3077 3193 3092 3217 ,
3128 3159 3185 3206 et
3210 3152 3270 3207 in
3294 3150 3399 3207 fide
3420 3150 3632 3205 labimur
3718 3141 3832 3239 sscit-

618 3257 705 3315 hic
730 3275 761 3315 a
791 3259 1082 3330 pascendo,
1106 3275 1278 3331 neque
1295 3261 1361 3316 ad
1377 3260 1526 3317 cibos
1541 3259 1902 3327 referendum,
1917 3261 2012 3317 sed
2029 3260 2097 3317 ad
2121 3277 2217 3335 gu-

616 3350 983 3419 bernandum,
1015 3363 1071 3408 ut
1101 3362 1350 3423 pastores
1376 3355 1645 3425 appellant
1672 3355 1987 3426 episcopos;
2017 3365 2074 3411 et
2102 3357 2218 3435 ipse

616 3442 869 3500 Christus
909 3457 1114 3517 pastor,
1153 3447 1299 3518 quod
1336 3461 1474 3503 oves
1520 3448 1797 3505 :estimata:
1838 3458 1965 3504 sunt
2001 3449 2216 3511 aninue.

615 3536 897 3609 Magistros
942 3554 1091 3606 vero,
1143 3551 1202 3595 ut
1242 3538 1476 3595 diximus
1515 3538 1860 3613 (quamquam
1905 3541 2067 3596 etiam
2118 3542 2217 3612 ipsi

618 3639 885 3699 pastores,
922 3631 1161 3703 magistri
1194 3632 1406 3703 pecoris
1435 3630 1704 3697 dicantur,
1736 3632 1887 3703 quasi
1916 3632 2216 3707 praepositi)

618 3728 798 3776 tamen
830 3722 1080 3778 doctores
1107 3723 1466 3796 intelligamus
1496 3723 1780 3796 magistros
1805 3724 1998 3783 dictos.

693 3813 819 3868 llaec
840 3826 1017 3870 tamen
1046 3817 1226 3871 omnia
1257 3817 1424 3883 dixit,
1454 3816 1574 3874 ideo
1601 3818 1746 3874 dono
1779 3817 1871 3873 Dei
1923 3819 2219 3876 constituta

619 3906 1082 3962 utconsummatio
1120 3908 1189 3961 sit
1204 3920 1537 3977 sanctorum,
1559 3909 1608 3964 id
1641 3918 1724 3966 est
1748 3909 2031 3981 perfectio.
2051 3909 2217 3969 Sanc-

620 4009 705 4058 tus
733 4016 879 4072 saepe
907 4001 1035 4073 quid
1058 4002 1322 4073 signiticet
1341 4044 1356 4069 ,
1382 4003 1571 4070 docui,
1606 4003 1657 4059 id
1684 4013 1770 4060 est
1795 4005 1887 4076 qui
1941 4004 2101 4060 fidem
2128 4020 2211 4061 ac~

617 4095 866 4167 ceperint
891 4103 945 4149 et
985 4095 1307 4152 sanetiticati
1361 4095 1553 4165 Spiritu
1583 4096 1709 4153 sint.
1740 4095 1804 4153 lii
1834 4112 1962 4169 ergo
1991 4108 2047 4153 ut
2087 4113 2219 4154 con-

618 4193 980 4252 summentur,
1014 4185 1065 4241 id
1087 4198 1169 4242 est
1196 4187 1562 4259 perficiantur,
1590 4188 1733 4244 dono
1750 4188 1953 4247 Christi
1975 4191 2217 4249 instituta

619 4287 746 4334 sunt
776 4275 1084 4347 hujusmodi
1134 4288 1189 4335 et
1242 4280 1495 4351 mysteria
1544 4290 1600 4337 et
1646 4276 1980 4350 ministeria,
2023 4284 2217 4355 quibus

619 4368 880 4441 perfectio
906 4381 958 4426 et
987 4372 1383 4428 consummatio
1403 4375 1643 4431 omnium
1694 4384 2025 4433 sanctorum.
2084 4377 2216 4436 Nam

618 4464 742 4536 quia
793 4464 1022 4534 apostoli
1073 4475 1298 4536 possunt
1320 4481 1481 4539 agere
1530 4478 1586 4525 et
1632 4468 1830 4525 docere
1872 4478 1927 4525 et
1953 4471 2216 4543 evangeli-

2324 3249 2497 3305 lamus
2523 3256 2579 3303 et
2606 3246 2773 3304 multa
2821 3259 2920 3302 nos
2951 3244 3277 3315 perturbant
3298 3260 3313 3310 ;
3338 3258 3456 3299 cum
3499 3256 3589 3312 per
3629 3235 3834 3295 doctrinis

2319 3342 2580 3413 plurimas
2609 3339 3005 3401 discurrentes,
3038 3344 3199 3391 vento
3230 3332 3559 3405 intelligendi
3587 3328 3712 3384 vario
3751 3325 3829 3393 agi-

2320 3443 2520 3490 tamur.
2550 3432 2681 3500 Qua:
2710 3431 2954 3487 doctrina
2973 3471 2989 3497 ,
3041 3430 3285 3499 nequitia
3313 3436 3400 3483 est
3429 3426 3678 3483 hominum
3699 3428 3743 3475 et
3757 3417 3832 3473 calo

2319 3524 2502 3581 lldltas
2522 3537 2574 3580 et
2603 3523 2797 3579 astutia
2822 3564 2838 3591 ,
2868 3531 2924 3577 et
2942 3524 3093 3591 quasi
3118 3521 3368 3592 quaedam
3400 3517 3622 3576 remedia
3646 3511 3831 3570 erroris:

2321 3628 2382 3676 ut
2404 3617 2547 3690 quod
2572 3617 2777 3687 sentis,
2802 3618 2953 3688 quasi
2983 3617 3349 3687 quorumdam
3391 3610 3686 3685 sapientium
3721 3618 3834 3661 sem

2320 3726 2375 3774 et
2399 3714 2747 3787 intelligentia
2771 3713 2975 3769 sentire
3000 3710 3226 3778 credas;
3278 3720 3334 3767 et
3380 3709 3451 3764 sit
3505 3703 3684 3763 erroris
3702 3700 3832 3754 tnire-

2320 3815 2556 3872 medium
2589 3811 2897 3869 intellectus
2934 3807 3167 3866 alienus.
3197 3807 3331 3877 Quae
3371 3807 3547 3864 omnia
3593 3792 3835 3859 dimittenda

2319 3917 2479 3975 sunt,
2540 3914 2597 3963 ut
2643 3905 2729 3962 his
2766 3904 2973 3960 duabus
3016 3902 3178 3959 rebus
3206 3901 3397 3957 refecti
3436 3900 3691 3962 simus,et
3716 3891 3835 3944 tinnit

2318 4002 2712 4076 compleamus,
2746 3999 2849 4056 fide
2869 3998 3075 4055 scilicet
3102 4006 3156 4053 et
3199 3997 3474 4069 agnitione
3498 3989 3701 4081 Christi.

2318 4113 2425 4170 que
2444 4094 2561 4153 haec
2589 4095 2754 4150 veluti
2804 4091 2912 4148 duo
2959 4089 3166 4147 scilicet
3192 4088 3329 4145 fides
3381 4084 3607 4151 Christi,
3648 4079 3777 4135 idest
3802 4079 3837 4170 ia

2316 4164 2589 4249 Christum
2610 4231 2628 4259 ,
2656 4197 2710 4245 et
2732 4187 2935 4257 agnitio
2957 4183 3198 4252 Christi,
3253 4185 3471 4241 beatum
3525 4176 3738 4235 faciunt:
3777 4164 3839 4238 qui

2317 4286 2402 4341 vir
2425 4284 2612 4339 beatus
2640 4296 2748 4336 non
2777 4279 3030 4345 fluctuat,
3061 4293 3166 4334 nou
3193 4275 3572 4333 circumfertur
3620 4264 3835 4325 doctrina,

2316 4377 2370 4433 in
2400 4373 2634 4446 nequitia
2662 4369 2962 4427 hominum.
2987 4367 3119 4426 Haec
3143 4369 3218 4424 ita
3238 4368 3417 4440 tetigit
3441 4364 3623 4422 beatus
3642 4354 3836 4432 propheta

2319 4469 2487 4526 David
2510 4468 2563 4524 in
2586 4465 2777 4523 eodem
2801 4466 2975 4537 primo
3004 4462 3212 4534 psalmo
3238 4478 3252 4515 :
3302 4477 3427 4516 nam
3446 4460 3643 4521 beatus,
3684 4447 3839 4519 inquit.

618 4572 743 4613 zare
764 4600 778 4624 ,
810 4567 1183 4614 verumtamen
1225 4567 1451 4630 possunt
1493 4570 1548 4616 et
1591 4559 1682 4615 alii
1731 4560 1847 4617 hmo
1896 4559 2103 4633 facere,
2155 4570 2211 4619 et
2234 4553 2289 4621 D
2312 4566 2389 4621 air
2410 4578 2596 4635 :quem
2625 4575 2723 4615 nos
2750 4558 2978 4616 dicimus
3001 4557 3116 4614 ﬁeri
3145 4555 3249 4611 fide
3279 4563 3335 4610 et
3359 4552 3559 4610 Christi
3576 4545 3840 4620 cognitione;

618 4651 847 4721 apostoli
874 4662 1053 4708 tamen
1080 4669 1186 4709 nou
1214 4665 1376 4717 sunt;
1427 4669 1558 4727 ergo
1583 4664 1890 4725 separatum
1933 4666 2016 4713 est
2067 4658 2212 4731 quod

621 4749 850 4818 apostoli
879 4749 968 4804 alii
992 4757 1153 4819 sunt,
1198 4751 1289 4806 alii
1321 4750 1633 4824 prophetae,
1689 4752 1781 4808 alii
1835 4753 2210 4824 evangelista},

621 4838 711 4893 alii
743 4840 937 4909 duces,
968 4855 1130 4916 atque
1155 4843 1429 4901 doctores.
1462 4844 1660 4902 Verum
1691 4844 1777 4904 his
1813 4847 2067 4903 omnibus
2093 4863 2214 4920 per-

621 4931 783 4989 fectio
812 4932 871 4988 ﬁt
894 4940 1395 5011 consummatioque
1422 4950 1730 4996 sanctorum
1758 4981 1774 5008 ,
1816 4956 1913 5017 per
1971 4957 2036 4999 ea
2095 4958 2213 5014 qua:

622 5025 725 5097 ipsi
755 5037 953 5098 agunt,
984 5040 1039 5086 ct
1067 5047 1162 5102 per
1177 5049 1238 5089 ea
1255 5050 1377 5105 quae
1398 5034 1486 5089 alii
1503 5046 1686 5104 agunt.
1707 5035 1839 5092 Nam
1872 5039 2209 5111 mysterium.

622 5120 678 5178 id
703 5120 786 5175 est
811 5120 954 5191 quod
977 5138 1076 5180 nos
1106 5124 1366 5193 facimus;
1415 5127 1702 5185 mdificatio
1732 5138 1912 5187 autem
1963 5132 2212 5205 corporis

621 5210 860 5283 Christi,
892 5214 943 5270 id
989 5224 1075 5271 est
1118 5217 1263 5287 quod
1305 5219 1452 5275 circa
1479 5219 1617 5278 alios
1639 5220 1886 5279 facimus.
1932 5224 2075 5295 Ergo
2123 5224 2214 5281 illa

622 5312 802 5368 omnia
829 5310 1037 5368 duabus
1063 5310 1132 5368 de
1160 5315 1340 5370 causis
1368 5323 1423 5370 et
1442 5315 1652 5374 duobus
1695 5317 1979 5375 eli‘ectibus
2023 5319 2102 5393 (Ξ)
2132 5318 2215 5375 in-

620 5408 806 5465 stituta
833 5417 962 5465 sunt
986 5422 1084 5483 per
1102 5406 1305 5464 donum
1333 5408 1553 5478 Christi,
1586 5419 1643 5466 ut
1672 5408 1894 5482 praesint
1923 5413 2214 5486 mysteriis,

620 5509 683 5556 ut
703 5500 801 5571 ipsi
829 5512 987 5572 agant
1009 5543 1025 5568 ,
1058 5511 1116 5556 ut
1140 5498 1371 5558 ministri
1395 5501 1534 5570 sint,
1559 5501 1704 5573 quod
1735 5518 1937 5574 supra;
1988 5515 2043 5560 et
2087 5505 2219 5563 tedi-

621 5592 785 5650 tlcent
802 5607 1001 5665 corpus
1025 5591 1244 5663 Christi,
1277 5593 1330 5650 id
1346 5604 1432 5650 est
1458 5595 1775 5663 Ecclesiam,
1801 5603 1857 5651 et
1886 5610 2074 5653 utnues
2097 5599 2219 5653 ani-

695 5711 713 5774 (
724 5709 777 5852 1;
805 5707 960 5778 Vulg.
992 5709 1054 5765 Et
1080 5708 1331 5766 doctores.

695 5782 753 5852 (2
799 5780 971 5837 Codd.
1005 5793 1052 5839 et
1078 5783 1182 5839 duo
1207 5783 1331 5851 ell‘ec

695 5780 777 5855 (2)
799 5780 971 5837 Codd.
1005 5793 1052 5839 et
1078 5783 1182 5839 duo
1207 5783 1431 5871 effectus.

2314 4659 2404 4730 qui
2421 4658 2590 4713 nescit
2624 4654 2918 4719 doctrinas,
2952 4648 3427 4722 nescitnequitiam
3447 4657 3502 4704 et
3518 4644 3844 4735 erroresttltlof

2315 4767 2529 4808 errores
2555 4750 2936 4820 doctrinasque
2955 4748 3034 4802 sic
3053 4753 3337 4803 enumerat
3360 4741 3527 4799 David
3546 4732 3747 4795 dicendo
3762 4748 3773 4783 ι
3787 4732 3844 4799 συί

2316 4858 2419 4898 non
2441 4841 2562 4895 abiit
2581 4842 2635 4895 in
2649 4840 2866 4895 consilio
2877 4838 3178 4911 impiorum,
3201 4847 3249 4890 et
3274 4837 3331 4890 in
3356 4835 3438 4889 via
3454 4841 3746 4907 peccatorum
3775 4835 3845 4911 tto!

2316 4935 2484 5001 stetit,
2508 4940 2554 4989 et
2573 4933 2627 4988 in
2653 4931 2898 4989 cathedra
2940 4910 3241 5004 pestilentia
3268 4944 3372 4983 non
3402 4926 3548 4983 sedit.
3573 4922 3626 4979 In
3651 4910 3846 4975 cathedra

2318 5025 2640 5100 pestilentiae
2669 5025 2859 5081 sedere
2878 5065 2893 5092 ,
2923 5028 3007 5080 est
3035 5022 3234 5078 docere
3254 5019 3537 5076 hmreticas
3562 5011 3845 5105 disciplinas:

2322 5120 2471 5178 abire
2498 5118 2551 5176 in
2581 5118 2867 5176 consilium
2886 5117 3171 5189 impiorum
3195 5156 3211 5186 ,
3241 5120 3331 5172 est
3367 5112 3421 5169 iu
3468 5106 3692 5181 nequitia
3717 5102 3848 5157 hami.

2396 5278 2478 5347 fl)
2497 5276 2668 5333 Codd.
2686 5282 2781 5331 est.

2393 5346 2476 5421 (2)
2502 5348 2673 5421 Codd.
2698 5346 2962 5421 elﬁciatur.

2396 5420 2907 5494 (5')}iuls-wiem-
3184 5486 3196 5494 .
3486 5481 3499 5494 .

2500 5476 2764 5567 Notabilis
2782 5476 3052 5567 Victorini
3072 5486 3235 5567 lectio
3253 5499 3270 5550 ;
3297 5497 3464 5567 quum
3486 5476 3850 5567 inIgrfecojilJff

2323 5542 3030 5641 τῇ’τὶὖέέίξῖἶέίῖινκείᾳξῖη
3065 5542 3278 5641 νξι¹ε³ιδ
3316 5542 3510 5641 ἓυιιειξῖ
3535 5542 3852 5641 ’ἔιὲῗῐξξὶῗέλῖῗξζ

2327 5610 2725 5693 mataras
2740 5610 2947 5704 mare
2970 5610 3283 5704 aetatium
3306 5625 3421 5704 iam
3439 5625 3516 5679 sic
3540 5610 3848 5704 ειιξῑίοειξιὲξφ

2328 5709 2543 5766 videtur
2553 5723 2619 5764 ex
2639 5693 2896 5762 Victorini
2908 5702 3217 5774 magisterio
3231 5739 3247 5766 ,
3267 5693 3326 5754 ut
3339 5693 3848 5755 circanmntioerrom.

2334 5779 2403 5846 sit
2450 5778 2729 5837 remedium
2758 5775 3001 5843 adversus
3024 5786 3263 5829 errorem.
