4106 6184
310 302 451 360 ΗΠ

1230 298 1296 356 ιΝ
1339 295 1728 353 ΕΙἾΞΤΟΙΑΜ
1770 293 1860 351 ΔΙ)
1900 291 2233 350 EI‘IIESIOS
2271 293 2475 353 LIBER
2516 296 2578 351 Ii.

3460 293 3600 349 i978

305 438 437 479 num
469 422 710 481 versari:
742 431 889 479 stare
919 422 970 476 in
1004 422 1084 477 ria
1114 430 1494 493 peccatorum,
1529 426 1614 477 est
1632 418 1685 482 in
1706 415 1899 472 astutia
1922 415 1978 481 Α
2005 413 2227 469 mundo.
2271 414 2512 485 Namque
2560 413 2604 468 si
2646 412 2878 469 mundus
2927 411 3161 467 tenebrae
3211 420 3328 464 sunt
3350 452 3364 476 ,
3429 420 3481 464 ct
3533 413 3599 463 de

307 519 511 576 versari
541 517 605 572 ad
638 517 935 573 remedium
982 516 1203 572 erroris.

266 660 277 666 -
378 610 545 675 γωδ.
582 609 673 677 15,
704 607 1155 673 “iw—Veritatem
1179 616 1351 664 autem
1376 605 1623 677 facientes
1643 604 1697 661 in
1726 602 1900 663 citari-

300 712 443 772 μιιε,
496 718 777 775 augeamus
826 699 904 777 (i)
958 701 1011 756 in
1058 698 1260 777 ipsum;
1283 699 1487 762 omnia.
1515 698 1705 777 quiest
1746 705 1902 771 caput

306 794 567 853 Christus.
626 792 943 855 Exhortatio
1000 799 1113 858 cst,
1172 791 1296 862 quia
1354 788 1468 845 vult
1523 787 1790 861 Ephesios
1847 791 1898 841 in

300 883 572 945 charilate
598 897 720 939 esse
741 924 756 948 ,
787 890 841 937 ct
867 880 1053 943 omnia
1082 880 1376 939 secundum
1410 878 1696 936 veritatem
1715 891 1898 950 agere,

298 988 363 1043 et
406 976 575 1049 magis
608 975 885 1032 cumulare
927 991 1049 1047 qua:
1095 982 1279 1046 agunt.
1339 972 1450 1028 Hoc
1478 980 1563 1027 est
1604 984 1901 1043 augeamus

300 1069 484 1131 munia
507 1110 526 1137 ,
549 1066 643 1131 sed
668 1082 966 1143 augeamus
999 1067 1175 1123 omnia
1205 1067 1259 1121 in
1297 1065 1473 1136 ipsum
1503 1063 1809 1133 Christum,
1843 1072 1901 1117 ιιι

276 1158 437 1217 nihil
499 1166 922 1231 extraoagatnr,
969 1158 1071 1215 nisi
1123 1157 1193 1219 de
1252 1154 1617 1215 conﬁrmanda
1682 1154 1789 1210 ﬁde
1843 1153 1897 1209 in

297 1250 576 1311 Christum
620 1251 749 1324 :qui
793 1249 1039 1307 Christus
1095 1259 1217 1319 est,
1265 1250 1478 1321 inquit,
1530 1256 1712 1320 caput.
1761 1245 1895 1302 Cum

299 1343 447 1407 enim
477 1358 543 1398 ex
568 1344 748 1415 capite
779 1344 961 1403 omnia
986 1342 1225 1401 membra
1280 1351 1575 1419 regantur;
1619 1351 1675 1397 et
1721 1341 1897 1397 omnis

294 1433 549 1499 Ecclesia
576 1449 607 1491 a
626 1434 847 1493 Christo
874 1435 1097 1506 regitur;
1125 1434 1174 1491 id
1196 1444 1279 1490 est
1304 1433 1481 1491 omnis
1505 1432 1683 1488 anima
1710 1443 1895 1488 sancta

268 1535 354 1591 .et
408 1525 607 1589 ﬁdelis.
658 1526 802 1598 Ergo
851 1538 1011 1599 caput
1062 1536 1147 1584 est
1202 1523 1473 1593 Christus,
1517 1542 1580 1580 ea:
1600 1542 1699 1598 quo
1735 1536 1896 1580 totum

268 1634 485 1689 corpus
558 1630 878 1691 compactum
953 1630 1001 1677 et
1067 1635 1352 1677 connexum
1384 1634 1480 1688 per
1527 1635 1726 1673 omnem
1763 1620 1895 1691 jun-

290 1721 495 1769 cturam
564 1711 1089 1776 subministrationis,
1159 1712 1213 1766 in
1267 1727 1507 1765 mensura
1559 1711 1894 1781 uniuscuius-

2004 505 2207 562 mundo
2248 505 2508 581 quidquid
2562 506 2895 577 intelligitur.
2952 505 3193 574 Denique
3254 503 3594 572 subiunctum

2004 600 2214 655 alienati
2237 617 2267 653 α
2297 600 2398 653 rita
2423 597 2519 653 Dei
2538 614 2657 668 qua:
2685 599 2790 655 vita
2816 608 2897 655 est
2929 598 3246 657 Christianis
3274 614 3396 653 cum
3429 598 3595 652 Deum

2004 702 2054 746 et
2082 691 2265 746 colunt
2310 698 2365 745 et
2401 690 2726 760 intelligunt.
2763 689 2874 746 Iioc
2893 690 3023 745 dicit
3047 707 3077 743 a
3098 690 3198 744 vita
3224 688 3318 742 Dei
3342 703 3458 757 qum
3484 688 3594 743 lico

2002 783 2230 840 debetur
2249 798 2277 837 a
2303 781 2477 838 nobis.
2506 781 2575 838 Et
2602 782 2872 854 subiungit
2905 791 3125 852 propter
3145 780 3557 851 intelligentiam
3581 797 3594 833 :

2003 873 2129 930 hinc
2172 873 2312 930 enim
2369 875 2529 929 alieni
2584 889 2614 928 a
2669 876 2773 928 vita
2831 872 2924 929 Dei
2974 887 3194 940 sumus,
3250 888 3371 930 cum
3424 872 3593 926 Deum

2000 968 2308 1047 ignoramus
2362 983 2377 1022 :
2426 982 2546 1022 cum
2597 978 2772 1022 autem
2820 966 3223 1036 cognoscimus,
3270 967 3431 1019 vitam
3496 962 3592 1019 Dei

2001 1059 2241 1130 agimus,
2277 1065 2332 1113 et
2353 1057 2512 1113 vitam
2536 1073 2566 1113 a
2596 1059 2704 1113 Deo
2752 1072 3028 1113 meremur
3064 1056 3236 1122 illam,
3288 1069 3409 1126 quae
3462 1069 3591 1109 vere

1996 1150 2097 1208 'Dei
2173 1150 2279 1211 vita
2356 1157 2480 1221 est,
2534 1165 2692 1220 quam
2770 1148 2925 1205 nobis
2998 1148 3247 1204 Christus
3326 1147 3592 1218 pollicitus

1998 1258 2101 1303 est.
2171 1243 2302 1301 Hmc
2364 1254 2575 1310 autem,
2634 1243 2835 1315 inquit,
2891 1242 2945 1297 iu
3011 1243 3142 1313 ipsis
3198 1257 3292 1312 per
3317 1242 3591 1296 caecitatem

1999 1337 2171 1393 cordis
2196 1353 2374 1392 eorum
2406 1351 2569 1392 :cum
2590 1351 2777 1391 eorum
2809 1351 2904 1391 cor
2931 1345 3192 1391 caecatum
3224 1343 3308 1390 est
3332 1333 3587 1400 tenebris,

1998 1431 2198 1503 cogitat
2226 1441 2280 1486 et
2300 1439 2544 1486 versatur
2567 1432 2622 1485 in
2650 1430 2923 1495 tenebris,
2972 1439 3028 1486 et
3076 1430 3235 1485 istam
3264 1428 3589 1484 mundanam

1997 1522 2315 1592 sapientiam
2330 1538 2448 1595 qua:
2469 1521 2808 1579 tenebrarum
2833 1523 3095 1594 sapientia
3109 1531 3210 1589 est,
3226 1523 3455 1578 aestimat
3472 1536 3592 1578 θμεο

1998 1616 2340 1688 sapientiam.

2074 1706 2233 1764 Vnus.
2267 1706 2352 1763 i9.
2387 1736 2457 1748 ——
2488 1705 2728 1779 Denique
2770 1707 3077 1777 huiusmodi
3112 1707 3443 1764 intellectum
3473 1723 3594 1779 quae

292 1820 393 1874 que
412 1805 578 1875 partis
595 1844 614 1873 ,
643 1805 1009 1863 incrementum
1052 1803 1285 1877 corporis
1307 1802 1386 1878 (2)
1414 1803 1466 1858 in
1492 1804 1888 1875 aediﬁcationem
1916 1800 1967 1861 B
1995 1816 2080 1856 res
2100 1811 2485 1871 consequatur,
2509 1801 2745 1861 ostendit
2771 1820 2783 1854 ε
2822 1801 2923 1870 Qui
2950 1802 3272 1870 desperantes
3299 1801 3595 1873 semetipsos

293 1896 377 1953 sui
396 1897 454 1953 in
481 1896 801 1951 charitate...
832 1895 1081 1953 Diximus
1134 1895 1278 1968 quod
1319 1904 1480 1971 caput
1521 1905 1625 1965 est,
1674 1911 1738 1953 ex
1784 1912 1891 1969 quo

290 2003 600 2045 connexum
631 1998 714 2047 est
735 2004 897 2045 omne
925 2004 1125 2061 corpus
1175 1998 1231 2043 et
1271 1999 1630 2059 compactum.
1674 1989 1816 2060 Ergo
1844 1988 1892 2044 si

293 2079 543 2141 Christus
572 2092 730 2150 caput
759 2090 903 2136 estet
921 2079 1248 2161 principium
1261 2090 1316 2135 et
1337 2079 1458 2135 fons
1483 2091 1536 2135 ct
1554 2079 1693 2136 unde
1709 2081 1889 2136 omnia

289 2184 555 2247 reguntur
581 2175 821 2233 tnentbra
840 2215 859 2243 ,
885 2190 1007 2251 qua:
1025 2185 1149 2230 sunt
1171 2175 1223 2229 in
1254 2188 1483 2246 corpore
1532 2190 1629 2244 per
1673 2189 1890 2229 omnem

287 2264 634 2337 juncturam;
688 2274 847 2320 acute
899 2264 988 2322 hic
1034 2265 1440 2337 accipiendum,
1500 2276 1560 2323 ut
1619 2265 1891 2338 quomodo

286 2358 535 2421 membra
563 2355 773 2435 singula
792 2357 1048 2428 iunctura
1076 2356 1401 2414 cohaerentia
1428 2358 1657 2414 diversis
1690 2359 1746 2413 in
1795 2359 1892 2412 ad-

254 2451 779 2525 Vministratiouibus
811 2452 974 2506 totius
1002 2451 1248 2523 corporis
1272 2466 1585 2506 mensuram
1620 2448 1830 2511 iaciunt
1867 2467 1881 2518 ;

286 2543 370 2599 sic
401 2553 452 2607 et
478 2541 535 2601 in
560 2543 799 2599 Ecclesia
819 2584 836 2609 ,
865 2541 1071 2615 singula
1102 2559 1330 2617 qumque
1368 2544 1607 2599 membra
1642 2543 1888 2598 ministe-

287 2634 496 2693 riorum
539 2637 681 2693 circa
706 2636 1190 2695 sanctiﬁcationem
1210 2638 1473 2711 mysterii,
1494 2635 1705 2693 etcirca
1728 2636 1889 2691 ﬁdem

287 2729 519 2801 Christi,
539 2729 823 2802 iuncturas
851 2741 1112 2807 prtestant
1131 2775 1147 2800 ,
1177 2742 1229 2787 et
1258 2745 1459 2804 corpus
1502 2746 1656 2788 suum
1680 2729 1733 2785 in
1761 2729 1891 2785 cha-

282 2821 448 2883 ritate
474 2822 854 2897 constringunt
873 2831 1034 2895 atqne
1061 2822 1331 2879 tedilicant
1364 2840 1376 2876 :
1424 2823 1498 2878 ita
1542 2831 1597 2878 et
1646 2823 1888 2879 membra

188 2906 196 2913 ’
282 2925 473 2973 nostra
490 2956 505 2985 ,
533 2915 703 2973 veluti
730 2898 1054 2977 naturaliter
1080 2933 1242 2983 nexa,
1262 2928 1425 2991 atque
1447 2934 1633 2974 amore
1652 2920 1889 2989 genuino

280 3008 389 3069 sibi
420 3008 745 3066 cohaerentia
767 3051 784 3079 ,
811 3010 1205 3075 incrementum
1236 3013 1451 3087 corpori
1479 3021 1737 3084 praestant
1776 3013 1889 3069 suis

281 3100 532 3181 partibus
564 3117 578 3154 :
605 3101 758 3159 sicet
788 3103 965 3159 omnia
992 3103 1322 3173 ministeria,
1356 3120 1474 3175 qua:
1505 3117 1631 3160 sunt
1679 3105 1735 3159 in
1784 3106 1885 3160 Ec-

1995 1892 2317 1945 tradiderunt
2342 1892 2697 1960 impudicitia},
2729 1894 2782 1948 in
2812 1894 3161 1963 Operationern
3183 1895 3346 1947 omnis
3372 1895 3594 1948 immun-

1996 1982 2137 2036 dititc
2164 1992 2208 2036 et
2236 1983 2466 2037 avaritia:
2490 1983 2589 2055 (ι).
2618 1984 2691 2037 De
2718 1984 2965 2054 gentibus
2994 1985 3250 2054 loquitur,
3277 1985 3469 2055 quibus
3495 2000 3592 2039 cm-

1995 2083 2172 2130 catum
2196 2090 2290 2129 cor
2310 2085 2393 2130 cst
2419 2118 2433 2142 ,
2455 2085 2512 2131 et
2543 2076 2674 2131 nihil
2702 2086 2922 2147 sperant
2942 2120 2957 2144 ,
2989 2077 3040 2132 id
3066 2088 3149 2133 est
3175 2079 3431 2133 mortales
3452 2094 3510 2133 se
3541 2090 3595 2134 et

1996 2164 2236 2221 fatentur
2262 2175 2319 2223 et
2344 2168 2575 2238 probant
2599 2186 2613 2235 ;
2645 2184 2821 2241 neque
2843 2170 2910 2224 dc
2938 2170 3242 2225 mternitate
3273 2186 3365 2225 sua
3390 2171 3589 2236 aliquid

1995 2258 2225 2315 credunt
2273 2272 2288 2313 :
2337 2272 2399 2314 ac
2452 2270 2738 2330 propterea
2784 2261 2949 2315 vitam
2978 2262 3187 2328 mundi,
3221 2262 3373 2330 quasi
3402 2278 3463 2317 ea
3486 2262 3589 2319 irui

1993 2351 2275 2419 volentes,
2328 2362 2383 2408 et
2424 2353 2669 2425 rapiunt,
2720 2362 2776 2409 et
2820 2352 3104 2410 libidinose
3146 2354 3365 2419 vivunt,
3392 2364 3589 2410 etcum

1993 2442 2323 2514 impudicitia
2356 2453 2672 2500 exercentes
2698 2488 2713 2511 ,
2745 2456 2801 2500 ut
2822 2447 3080 2512 credunt,
3130 2446 3456 2517 voluptatem
3505 2445 3585 2519 (2)

1992 2534 2225 2591 habendi
2252 2535 2464 2607 cupidi,
2496 2547 2551 2592 et
2575 2538 2633 2592 in
2664 2553 2760 2593 usu
2788 2536 3000 2594 vivendi
3028 2538 3174 2594 ducti
3196 2538 3446 2594 omnibus
3468 2548 3589 2594 tur-

1994 2627 2229 2698 pissimis
2249 2629 2637 2699 voiuptatihus.

2066 2721 2229 2777 Vsus.
2261 2722 2353 2789 20,
2385 2721 2475 2777 21.
2509 2754 2580 2764 -
2616 2722 2721 2779 Vos
2748 2735 2916 2779 autem
2942 2741 3043 2779 non
3057 2725 3132 2779 ita
3160 2724 3411 2780 didicistis
3439 2724 3590 2780 Citri-

1991 2823 2158 2880 stnm;
2193 2816 2239 2870 si
2283 2826 2451 2870 tamen
2475 2817 2694 2871 audistis
2738 2817 2889 2872 illum
2919 2828 2963 2872 et
2997 2820 3050 2872 in
3072 2818 3455 2873 iitocredidistis
3483 2819 3583 2890 (5).

1993 2907 2192 2963 Contra
2252 2907 2523 2980 Ephesios
2580 2909 2740 2965 docet
2781 2926 2886 2965 non
2935 2911 3010 2965 ita
3043 2912 3223 2967 vivere
3254 2923 3310 2967 ut
3355 2922 3543 2983 gentes
3581 2930 3595 2966 :

1992 3001 2189 3073 quippe
2239 3003 2327 3074 qui
2360 3002 2643 3058 didicerint
2697 3000 3017 3059 Christum:
3063 3004 3185 3075 quia
3230 3002 3483 3059 Christus
3530 3015 3585 3060 ut

1992 3096 2325 3152 immortales
2379 3112 2478 3153 nos
2504 3097 2737 3165 faceret,
2785 3100 2896 3170 egit
2924 3099 3261 3170 mysterium,
3297 3109 3492 3169 praesto
3529 3099 3583 3154 in

283 3188 473 3257 clesia,
504 3205 706 3264 corpus
725 3200 809 3247 est
836 3191 919 3275 (5)
948 3191 1181 3265 Christi,
1226 3196 1269 3250 si
1294 3211 1353 3249 se
1381 3195 1610 3251 invicem
1638 3197 1690 3252 in
1713 3197 1887 3252 chari-
1918 3194 1961 3257 C
1992 3203 2159 3245 carne
2188 3192 2318 3256 fuit,
2372 3192 2531 3247 docui
2560 3200 2619 3246 ut
2664 3206 3113 3264 cognosceremus
3148 3201 3378 3265 patrem,
3427 3204 3483 3250 et
3534 3195 3586 3249 in

285 3292 396 3341 tate
432 3283 657 3366 diligant
685 3285 975 3340 servientis
997 3286 1181 3359 capiti,
1216 3285 1268 3341 id
1288 3294 1373 3341 est
1398 3285 1636 3342 Christo.

362 3376 526 3433 Vens.
564 3378 650 3445 i7,
670 3375 1078 3451 iS.-—Hocergo
1100 3377 1215 3433 dico
1227 3389 1273 3433 et
1302 3379 1544 3449 testiﬁcor
1566 3382 1617 3434 in
1643 3378 1886 3447 Domino,

284 3478 345 3525 ut
372 3485 475 3524 non
492 3470 722 3541 amplius
743 3469 1044 3539 ambuletis,
1072 3470 1201 3531 sicut
1223 3481 1267 3527 et
1291 3482 1463 3544 gentes
1493 3470 1757 3526 ambulant
1779 3471 1885 3545 (4).

285 3562 458 3619 Sicuti
483 3578 699 3634 semper
728 3560 925 3631 docui,
969 3563 1277 3621 exhortatio
1303 3562 1503 3636 duplex
1532 3574 1616 3619 est
1643 3581 1656 3619 :
1682 3574 1738 3629 et
1759 3562 1887 3641 quid

282 3669 392 3709 non
425 3653 760 3722 iaciendum,
787 3669 948 3729 supra
983 3655 1151 3724 dixit;
1192 3657 1321 3729 quid
1349 3656 1689 3726 iaciendum,
1744 3672 1889 3714 nunc

281 3746 579 3817 subiungit.
602 3744 741 3817 Quid
763 3763 872 3802 non
896 3746 1241 3816 faciendum;
1290 3765 1358 3805 ne
1380 3790 1394 3819 ,
1438 3750 1611 3823 inquit
1634 3791 1648 3813 .
1699 3750 1889 3805 ambu-

284 3840 406 3901 letis
429 3848 486 3894 ut
514 3850 726 3915 gentes.
758 3839 912 3911 Hoc,
946 3842 1152 3914 inquit,
1174 3841 1297 3897 dico
1344 3852 1399 3898 et
1451 3842 1556 3899 hoc
1584 3853 1773 3910 testor,
1832 3852 1889 3900 et

244 3998 249 4007 δ
282 3940 457 3988 testor
486 3932 541 3985 in
574 3931 824 4002 Domino,
857 3930 910 3987 id
943 3942 1026 3987 est
1050 3932 1283 3989 adhibeo
1311 3933 1674 3990 testimonium
1700 3934 1886 3993 Domi-

282 4023 383 4091 ni,
432 4023 578 4095 quod
637 4038 854 4079 moneo.
912 4025 1011 4080 ilic
1057 4034 1114 4081 et
1136 4035 1311 4082 terror
1352 4037 1477 4082 est:
1521 4028 1886 4084 exhortationi

282 4115 427 4171 enim
457 4115 657 4170 mixtus
688 4123 883 4182 terror,
913 4117 1320 4187 persuasionem
1344 4116 1555 4175 facilem
1579 4119 1722 4176 facit.
1748 4117 1884 4175 Cum

280 4220 462 4269 autem
520 4207 690 4277 dixit,
747 4215 808 4263 ut
860 4223 971 4265 non
1019 4209 1250 4285 amplius
1295 4211 1620 4277 ambuletis,
1650 4212 1887 4270 ostendit

280 4302 407 4359 illos
434 4303 525 4358 diu
556 4302 893 4373 ambulasse,
925 4312 978 4358 et
1004 4301 1075 4357 ita
1105 4313 1160 4358 ut
1179 4312 1371 4375 gentes
1391 4304 1610 4360 vixisse.
1643 4304 1761 4374 Quo
1790 4321 1887 4360 au-

282 4403 393 4448 tem
443 4394 608 4450 modo
654 4403 715 4449 ut
763 4403 994 4466 gentes,
1048 4394 1166 4467 ipse
1214 4396 1511 4467 supponit:
1570 4397 1886 4453 in‘vanitate

279 4487 464 4542 mentis
491 4503 603 4542 suae
632 4486 749 4560 (5);
782 4488 1038 4542 obscurati
1066 4487 1326 4544 intellectu
1356 4488 1455 4561 (6),
1481 4488 1692 4545 alienati
1718 4509 1751 4545 a
1779 4493 1884 4546 vita

1990 3284 2167 3353 ipsum
2227 3282 2387 3340 iidem
2437 3285 2806 3353 haberemus,
2856 3299 2909 3343 et
2963 3297 3048 3343 est
3101 3288 3378 3345 mternitas
3431 3289 3586 3345 nobis

1986 3376 2295 3434 viventibus
2324 3381 2618 3435 secundum
2650 3380 2766 3451 eius
2797 3382 3068 3438 mandata.
3128 3383 3236 3439 Vos
3283 3384 3446 3455 igitur
3477 3400 3581 3438 non

1991 3471 2064 3525 ita
2086 3470 2351 3527 didicistis
2372 3514 2387 3539 ,
2411 3484 2468 3527 ut
2489 3485 2674 3541 gentes
2703 3491 2715 3526 :
2749 3473 2947 3544 quippe
3001 3475 3123 3545 quia
3169 3490 3266 3529 vos
3311 3476 3583 3530 Christum

1984 3561 2214 3617 audistis
2234 3563 2300 3637 (si
2327 3573 2497 3619 tamen
2516 3566 2732 3621 audistis
2760 3563 2932 3637 ilium)
2962 3564 3016 3620 id
3046 3576 3131 3621 est
3160 3567 3504 3622 intellexistis
3533 3576 3587 3623 et

1986 3654 2313 3709 credidistis.
2340 3655 2456 3711 Hoc
2485 3667 2567 3711 est
2594 3658 2741 3712 enim
2771 3657 2915 3728 quod
2940 3657 3204 3728 adiunxit,
3236 3660 3401 3730 quiin
3431 3661 3583 3717 illum

1988 3748 2294 3803 credidistis
2348 3767 2362 3803 :
2412 3748 2571 3819 quia,
2619 3757 2682 3805 ut
2722 3749 2956 3807 diximus
2984 3761 3041 3807 et
3086 3752 3319 3808 dicimus
3349 3769 3583 3824 semper,

1986 3840 2213 3897 credere
2239 3843 2291 3897 in
2321 3839 2595 3897 Christum
2621 3885 2636 3908 ,
2661 3845 3064 3901 immortalitem
3088 3848 3346 3918 consequi
3376 3858 3459 3903 est
3482 3889 3499 3914 ,
3529 3858 3586 3903 et

1986 3933 2153 3987 vitam
2179 3941 2439 3989 aeternam
2466 3936 2700 4003 mereri;
2724 3936 2844 4007 ipse
2869 3937 3013 3992 enim
3039 3950 3121 3994 est
3141 3939 3246 3993 vita
3270 3980 3286 4006 ,
3312 3941 3427 4009 ipse
3445 3940 3534 3996 ius
3565 3982 3580 4006 ,

1986 4024 2104 4095 ipse
2132 4025 2439 4095 aeternitas,
2492 4028 2606 4097 ipse
2651 4030 2742 4099 qui
2793 4038 3025 4085 mortem
3074 4031 3238 4084 vincit
3259 4039 3314 4085 et
3335 4033 3498 4095 vicit,
3531 4041 3587 4086 et

1987 4116 2144 4173 nobis
2171 4117 2330 4185 vicit,
2357 4131 2456 4189 per
2484 4122 2802 4192 mysterium
2832 4124 2977 4193 quod
3006 4123 3272 4192 implevit.

2059 4207 2222 4264 Vens.
2251 4209 2344 4266 ΞΩ.
2372 4239 2446 4252 --
2467 4211 2635 4268 Sicuti
2654 4222 2729 4269 est
2751 4215 2939 4269 ueritas
2966 4214 3021 4269 in
3040 4212 3205 4283 Iesu;
3232 4216 3473 4286 deponite
3497 4232 3586 4283 eos

1983 4302 2264 4356 secundum
2284 4305 2506 4374 priorem
2523 4308 2955 4362 commotionem
2972 4308 3048 4379 (ι)
3062 4316 3276 4364 veterem
3299 4309 3552 4363 hominem
3568 4352 3583 4377 ,

1982 4395 2073 4466 qui
2133 4398 2481 4471 corrurnpitnr
2541 4400 2821 4454 secundum
2874 4401 3128 4456 desideria
3177 4404 3366 4459 erroris
3448 4407 3585 4458 Ante

1981 4485 2182 4544 Christi
2202 4488 2490 4546 adventum
2514 4506 2669 4547 error
2696 4493 2874 4548 omnis
2903 4501 2959 4548 et
2987 4508 3123 4548 vana
3151 4495 3415 4564 sapientia
3436 4492 3535 4548 fuit
3565 4535 3580 4560 ,

278 4578 402 4645 Dei,
419 4590 630 4652 propter
644 4579 989 4651 ignorantiam
1010 4595 1125 4653 quae
1140 4592 1213 4636 est
1241 4581 1292 4635 in
1308 4581 1460 4653 ipsis,
1489 4599 1579 4654 per
1604 4585 1883 4647 cwcitatem
1909 4578 1960 4639 D
1986 4582 2253 4638 mundana
2279 4582 2425 4653 hac,
2459 4594 2663 4640 mtcrna
2693 4586 2963 4641 aestimare
2991 4603 3006 4652 ;
3040 4587 3333 4642 secundum
3362 4602 3580 4642 carnem

277 4672 449 4728 cordis
510 4689 707 4728 eorum.
776 4673 1059 4749 Expressit
1105 4689 1223 4744 quae
1279 4676 1351 4731 sit
1398 4678 1791 4748 vitagentium;
1825 4687 1886 4735 ut

276 4767 404 4822 vani
463 4768 590 4833 sint,
631 4767 831 4837 inquit,
887 4778 941 4823 et
1000 4777 1181 4823 mente
1225 4784 1332 4825 non
1363 4771 1598 4842 sapiant,
1627 4783 1682 4828 et
1724 4773 1883 4828 intel-

276 4860 485 4917 lectum
513 4874 669 4915 suum
708 4859 1000 4916 obscurent
1020 4857 1107 4931 (7)
1134 4878 1148 4912 :
1179 4859 1316 4931 quod
1365 4872 1437 4918 est
1478 4862 1756 4919 intellectu
1783 4878 1882 4921 suo

277 4952 349 5010 de
423 4952 532 5009 Deo
597 4950 727 5007 nihil
782 4952 1022 5029 cogitare
1058 4993 1075 5020 ,
1120 4965 1285 5008 sensu
1335 4952 1459 5009 duci
1513 4964 1569 5011 et
1618 4955 1778 5014 rebus
1823 4957 1878 5014 itt

348 5081 428 5152 (1)
452 5080 635 5153 Ἴως..
658 5080 959 5137 Cresconius
984 5082 1040 5137 in
1068 5081 1161 5137 illo
1184 5099 1275 5153 per
1292 5084 1468 5140 omnia
1483 5127 1500 5153 ,
1532 5093 1638 5142 etc.

351 5153 431 5225 (2)
497 5152 680 5222 Vulg.,
734 5153 1030 5226 Secundum
1090 5152 1437 5226 Operationem
1483 5158 1537 5215 in
1590 5173 1877 5215 mensuram

274 5224 937 5301 uniuscujusquemembri,
970 5224 1298 5298 augmentum
1325 5229 1554 5301 corporis
1581 5228 1728 5301 facit,
1767 5236 1872 5285 etc.

350 5294 430 5368 (3)
460 5294 536 5350 lia
563 5294 722 5368 codd.
754 5310 851 5365 pro
873 5306 1013 5368 sunt.

320 5365 431 5495 ἱ
478 5368 617 5424 Sunt
653 5365 741 5421 hic
782 5367 1026 5440 quasdam
1057 5368 1329 5424 variantes
1350 5368 1406 5425 in
1435 5368 1594 5441 Vulg.
1619 5371 1773 5442 quasi
1802 5371 1874 5429 ibi

277 5455 423 5495 V108.

374 5508 429 5578 5)
462 5508 643 5578 Vulg.,
677 5505 746 5562 In
772 5509 995 5566 conﬂate
1022 5527 1199 5569 sensus
1218 5512 1321 5573 sui.

374 5512 429 5578 5)
462 5512 643 5578 Vulg.,
677 5512 746 5562 In
772 5512 995 5566 conﬂate
1022 5527 1199 5569 sensus
1218 5512 1321 5573 sui.

350 5512 623 5652 (ϐλγιιις.
661 5577 945 5652 :Tenebris
1001 5581 1326 5639 obscuratum
1372 5581 1614 5641 habentes
1641 5587 1875 5650 intellec-

280 5649 409 5708 tum.
440 5650 494 5705 In
518 5649 873 5739 Isequeniibus
892 5666 989 5721 pro
1009 5656 1063 5710 in
1087 5657 1234 5728 ἱράς.
1269 5653 1431 5723 habet
1455 5657 1511 5715 in
1540 5658 1666 5733 illis,
1705 5672 1759 5729 οι
1779 5681 1879 5739 pro

271 5739 455 5799 eorum
464 5765 491 5799 ι
515 5723 711 5799 legitur
728 5723 972 5799 ipsorum.

352 5739 455 5779 rum
515 5737 566 5781 te
604 5737 943 5799 tturtpsorum

352 5794 431 5869 (7)
655 5794 943 5853 obscurum.

1986 4677 2205 4745 vivere;
2238 4677 2381 4733 hunc
2400 4679 2585 4733 mundi
2605 4694 2786 4751 regem
2807 4721 2822 4746 ,
2846 4679 3012 4735 Deum
3035 4682 3281 4737 credere.
3304 4682 3399 4737 ilic
3427 4691 3585 4736 vetus

1985 4769 2148 4827 homo
2177 4780 2279 4828 est.
2313 4772 2496 4840 Hunc,
2524 4773 2727 4845 inquit,
2759 4774 3014 4845 deponite
3035 4816 3049 4839 ,
3081 4776 3221 4830 sicut
3254 4785 3339 4831 est
3381 4776 3581 4832 veritas

1985 4866 2038 4921 lu
2068 4867 2226 4933 Jesu;
2259 4869 2516 4939 quoniam
2540 4869 2591 4923 in
2623 4869 2743 4925 aliis
2763 4870 2963 4924 veritas
2987 4884 3090 4925 nou
3123 4882 3224 4926 est.
3252 4870 3307 4925 lu
3330 4870 3458 4926 Jesu
3478 4886 3576 4925 au-

1985 4969 2092 5016 tem
2115 4961 2349 5017 veritas:
2381 4978 2501 5033 quae
2527 4961 2688 5017 Jesus
2715 4960 2936 5029 docuit,
2967 4978 3029 5018 ea
3053 4978 3178 5019 vera
3224 4972 3382 5017 sunt:
3401 4971 3458 5018 et
3491 4963 3577 5020 hic

1985 5071 2156 5112 novus
2184 5056 2371 5123 homo,
2390 5057 2687 5113 secundum
2708 5073 2869 5129 quem
2904 5059 3086 5115 vivere
3106 5058 3385 5115 debemus.
3410 5058 3577 5115 Vetus

1982 5165 2112 5223 ergo
2138 5150 2232 5206 ille
2258 5151 2361 5223 (5),
2383 5161 2438 5207 et
2466 5152 2615 5222 prior
2642 5151 2986 5208 conversatio
3004 5151 3343 5223 deponatur:
3375 5154 3574 5225 etenim

1979 5242 2072 5299 ille
2082 5245 2426 5314 corrumpitur
2446 5244 2725 5300 secundum
2743 5243 2998 5299 desideria
3019 5246 3227 5302 erroris.
3243 5243 3413 5301 Toms
3430 5244 3574 5300 enim

1978 5336 2047 5394 ad
2095 5350 2292 5407 corpus
2341 5351 2636 5393 conversus
2685 5351 2950 5408 corporea
2977 5337 3282 5397 testitnabat
3307 5338 3484 5393 omnia
3518 5343 3573 5392 et

2055 5450 2139 5523 (1)
2161 5452 2339 5523 Vulg.,
2361 5449 2425 5508 In
2453 5445 2740 5511 avaritiam.

2058 5454 2107 5523 (1
2161 5452 2257 5509 Vul
2294 5450 2425 5521 .,In
2453 5450 2740 5511 avaritiam.

2058 5450 2139 5669 (ἓξ
2167 5469 2344 5625 Οοίῗιιῖ
2370 5525 2647 5608 voluptate.
2826 5598 2839 5610 ⁸
2942 5596 2955 5608 .

2081 5597 2114 5669 ὅ
2163 5594 2344 5669 Vulg”
2369 5594 2436 5669 Et
2464 5613 2517 5650 tn
2540 5612 2651 5666 ipso
2673 5595 2837 5651 edocti
2863 5603 2953 5650 est:

2081 5594 2135 5664 5)
2163 5594 2344 5665 Vttlg.:
2369 5594 2436 5650 Et
2464 5594 2517 5650 in
2540 5596 2651 5666 ipso
2673 5595 2839 5651 edocti
2863 5596 3000 5650 estis.

2058 5665 2349 5752 (4).Vulg.:
2376 5665 2648 5740 Deponere
2695 5683 2783 5723 vos
2822 5668 3099 5724 secundum
3148 5665 3420 5741 pristinam
3440 5680 3568 5723 con-

1984 5754 2335 5801 versationem.

2062 5813 2142 5901 (5)
2169 5810 2338 5868 Homo
2366 5812 2589 5887 scilicet.
