4106 6184
642 289 780 345 1279

1875 285 2069 340 manu
2113 283 2458 340 VlC'fOlllNl
2503 283 2663 339 arm
2856 281 2871 286 “
2948 248 2955 255 ’
3721 297 3817 353 tua

641 407 898 466 carnalia.
934 406 1070 462 llinc
1112 420 1326 463 errores
1351 383 1584 476 et'quasi
1614 405 1877 478 sapientia
1923 406 2189 462 mundana
2213 449 2227 473 ,
2256 411 2306 471 Α
2334 420 2434 462 nos
2465 421 2667 477 corpus
2692 421 2910 474 sumus;
2940 416 2997 463 et
3018 407 3260 478 corporis
3283 407 3462 480 singuli
3486 408 3708 477 membra;
3731 430 3823 485 ergo

641 515 762 556 cum
792 498 970 554 omnia
1003 514 1125 569 qua:
1156 499 1207 552 in
1242 498 1443 553 mundo
1474 507 1634 563 sunt,
1667 513 1772 553 non
1793 499 2085 554 secundum
2121 498 2232 570 spi-

641 594 802 650 ritum
831 593 962 649 (iant
993 611 1006 647 :
1039 603 1164 650 ante
1185 591 1385 649 Christi
1411 601 1588 649 tamen
1617 592 1941 657 adventum;
1968 608 2110 648 nunc
2138 609 2234 647 auo

641 695 748 743 tem
773 700 956 758 pOSlea
985 702 1142 758 quam
1163 701 1260 742 nos
1281 685 1465 741 docuit
1495 685 1582 741 illa
1610 693 1833 755 acterna,
1862 687 2098 757 sapimus
2114 699 2234 755 qua:

639 783 900 854 Spiritalia
917 792 1062 838 sunt.
1078 780 1174 837 llic
1196 791 1297 848 est,
1319 780 1514 848 utdixi,
1535 779 1695 835 homo
1715 795 1906 848 novus,
1931 781 2022 851 qui
2053 781 2130 836 sic
2157 782 2235 836 vi-

640 880 719 934 vit
748 888 804 934 et
822 877 900 932 sic
917 878 1078 949 sapit.

712 968 878 1024 Vnus.
912 968 983 1025 23
1006 1011 1021 1034 ,
1051 967 1143 1024 24.
1171 998 1241 1008 -
1273 966 1605 1023 Renocamini
1649 977 1816 1022 autem
1843 967 2027 1036 spiritu
2053 970 2235 1022 mentis

639 1071 850 1124 vestrm.
901 1071 949 1115 et
1003 1061 1196 1115 induite
1244 1077 1426 1115 novum
1486 1060 1769 1128 hominem,
1820 1063 1907 1132 qui
1957 1065 2235 1117 secundum

640 1157 875 1226 spiritum
901 1156 982 1226 (1)
1008 1166 1207 1209 creatus
1251 1164 1322 1208 est
1364 1155 1416 1207 in
1442 1153 1646 1226 justitia
1693 1162 1738 1207 et
1793 1155 2060 1210 sanctitate
2104 1156 2235 1209 veri-

642 1251 826 1304 tatis...
863 1248 930 1303 Ut
957 1248 1088 1314 dixi,
1123 1261 1294 1302 novus
1324 1245 1487 1300 homo
1513 1255 1630 1312 est,
1658 1245 1748 1315 qui
1795 1245 2091 1302 secundum
2120 1247 2235 1316 spi-

640 1342 804 1396 ritum
826 1340 984 1410 sapit.
1003 1340 1113 1394 Iloc
1133 1339 1205 1393 ait
1223 1359 1234 1391 ;
1251 1338 1566 1393 renovamini
1585 1338 1770 1407 spiritu
1787 1337 1967 1392 utentis
1991 1347 2232 1392 vestrm...

640 1433 716 1490 Ita
747 1435 926 1490 anima
959 1433 1169 1500 melior,
1198 1448 1326 1501 pura
1351 1474 1363 1496 ,
1397 1432 1635 1502 integra;
1696 1446 1848 1486 mens
1879 1445 2008 1484 vero
2050 1429 2238 1485 fortior

555 1519 562 1527 ’
639 1526 862 1596 spiritus
913 1535 994 1580 est
1045 1523 1150 1596 (2).
1210 1523 1549 1578 Renouamini
1590 1538 1751 1592 ergo,
1796 1523 1998 1593 inquit,
2052 1523 2238 1590 spiritu

639 1621 823 1677 mentis
851 1628 1066 1686 vestrm;
1097 1628 1143 1672 et
1183 1617 1383 1672 induite
1401 1633 1583 1672 novum
1617 1619 1900 1685 hominem,
1932 1626 1989 1673 ut
2011 1619 2122 1687 jam
2153 1633 2239 1673 se-

640 1710 876 1767 cundum
914 1711 1089 1780 ipsum
1139 1711 1368 1774 vivatis;
1429 1711 1520 1781 qui
1568 1711 1826 1780 spiritalis
1863 1721 2121 1778 est,cum
2171 1726 2238 1765 ex

2337 498 2474 554 alter
2499 499 2721 554 alterius
2749 499 2989 554 membra
3018 514 3223 557 sumus.

2412 591 2668 646 Vensﬂﬁ.
2679 590 3042 647 --Irascimini
3055 605 3220 647 autem
3237 590 3312 663 (l)
3323 602 3385 657 ,et
3398 591 3539 647 nolite
3550 597 3825 662 peccare.Sttb-

2334 682 2506 754 jungit
2525 686 2723 740 monita
2741 701 2859 754 qum
2881 685 3047 739 multa
3063 696 3206 750 sunt;
3225 701 3434 740 sumens
3447 689 3677 753 tatnen,ad
3693 704 3822 747 exem-

2340 776 2484 847 plttnt
2503 775 2749 850 (2),quod
2767 779 2994 848 positum
3006 790 3092 833 est
3109 781 3159 834 in
3176 781 3827 848 psalmoquarto,sumensini-

2341 868 2470 923 tium
2491 880 2896 940 praeceptorum.
2926 869 3121 925 Verum
3144 869 3256 924 haec
3272 869 3465 931 dividit,
3482 883 3530 923 ut
3554 873 3828 939 primummo-

2341 976 2459 1017 neat
2478 962 2734 1017 Ecclesia:
2749 963 3019 1018 hominem
3039 963 3089 1018 id
3111 971 3193 1018 est
3209 961 3559 1028 christianum,
3573 981 3672 1034 quzc
3685 966 3830 1035 agenda

2340 1063 2393 1109 et
2407 1069 2525 1124 qua!
2539 1069 2642 1108 non
2660 1055 2864 1125 agenda
2890 1072 2903 1108 :
2923 1055 3118 1110 deinde
3134 1065 3366 1120 moneat,
3385 1068 3494 1124 qua:
3508 1055 3621 1109 viris
3633 1056 3831 1124 agendaet

2342 1146 2596 1200 uxoribus
2626 1148 2886 1211 invicem;
2917 1145 3113 1201 deinde
3141 1162 3258 1216 qutc
3287 1147 3512 1216 patrihus
3535 1157 3582 1200 et
3614 1149 3713 1201 liliis
3733 1149 3830 1203 invi-

2340 1255 2456 1295 cem
2483 1257 2496 1305 ;
2527 1240 2724 1297 deinde
2751 1256 2870 1312 qua:
2900 1241 3071 1295 servis
3098 1251 3152 1296 et
3180 1240 3406 1296 dominis
3433 1257 3444 1293 :
3468 1251 3664 1310 postque
3689 1243 3832 1295 exhor-

2344 1337 2473 1389 tatio
2503 1344 2614 1401 est,
2645 1350 2764 1405 quae
2805 1334 3048 1390 facienda
3085 1335 3405 1405 generaliter
3433 1333 3668 1388 omnibus.
3693 1333 3832 1388 Verum

2344 1437 2398 1480 ιιι
2420 1442 2477 1480 se
2498 1427 2631 1480 ordo
2661 1425 2981 1491 contexerit,
3019 1426 3087 1479 ita
3111 1437 3165 1479 et
3192 1440 3290 1479 nos
3313 1424 3439 1478 locis
3463 1424 3677 1494 singulis,
3701 1433 3742 1478 et
3758 1439 3835 1478 ino-

2342 1521 2452 1575 nita
2483 1518 2940 1583 enumerabimus,
2973 1527 3027 1574 et
3054 1519 3291 1573 rationes
3322 1515 3536 1587 singulis
3565 1516 3834 1585 propriasin-

2346 1613 2694 1683 tellectnsqne
2735 1613 3042 1668 reddemus.
3087 1615 3165 1667 Ac
3207 1613 3378 1681 primo
3407 1608 3724 1665 ecclesiastico
3753 1609 3832 1663 viro

2343 1705 2638 1761 christiano
2659 1705 2752 1761 dat
2775 1707 2975 1760 monita
3000 1705 3136 1773 hzrc,
3167 1720 3234 1760 ne
3263 1705 3516 1759 irascatur
3539 1720 3552 1768 ;
3573 1712 3650 1757 aut
3669 1703 3705 1758 si
3723 1703 3839 1758 iratus

638 1802 832 1873 spiritu
851 1802 1024 1872 sapit;
1049 1802 1138 1873 qui
1194 1802 1310 1872 ipse
1339 1801 1428 1856 ille
1459 1800 1620 1856 homo
1649 1800 1906 1871 spiritalis
1941 1801 2237 1856 secundum
2270 1805 2314 1864 Β
2345 1800 2612 1867 fuerit,ne
2629 1811 2812 1872 peccet
2837 1815 2929 1871 per
2951 1801 3102 1855 iram.
3135 1800 3335 1855 Deinde
3362 1814 3426 1853 ne
3446 1799 3530 1853 diu
3557 1799 3669 1852 iram
3691 1806 3833 1861 teneat,

637 1895 807 1952 Deum
828 1905 1042 1952 creatus
1068 1905 1184 1961 est,
1217 1895 1267 1950 id
1300 1905 1383 1950 est
1407 1895 1556 1965 juxta
1588 1896 1755 1950 Deum
1783 1914 1796 1950 :
1822 1895 2093 1965 quomodo
2119 1897 2236 1952 dic-

638 1999 750 2045 tum
781 1998 897 2056 est,
926 1988 1188 2044 faciamus
1225 1988 1498 2044 hominem
1527 1988 1593 2042 ad
1625 1989 1912 2061 imaginem
1960 1997 2015 2043 et
2047 1990 2240 2044 simili-

640 2082 880 2138 tudinem
915 2093 1178 2137 nostram.
1205 2081 1324 2136 Non
1348 2093 1527 2136 autem
1559 2081 1764 2136 vultum
1797 2083 1937 2136 Deus
1961 2079 2124 2138 habet
2145 2091 2238 2137 aut

641 2177 831 2233 laciem
857 2176 958 2249 (3):
993 2176 1090 2232 sed
1117 2175 1570 2247 quemadmodum
1608 2176 1746 2231 Deus
1774 2175 1996 2246 spiritus
2018 2184 2102 2230 est
2123 2219 2138 2244 ,
2163 2175 2233 2229 ita

641 2278 695 2326 et
721 2285 822 2324 nos
845 2269 1141 2324 secundum
1177 2269 1342 2324 Deum
1364 2269 1531 2323 creati
1561 2283 1747 2324 sumus
1769 2310 1783 2334 ,
1841 2278 1895 2322 ut
1939 2267 2234 2324 secundum

640 2363 890 2432 Spiritum
931 2362 1236 2432 sapiamus;
1263 2361 1315 2416 id
1355 2372 1438 2417 est
1473 2359 1607 2416 nihil
1649 2361 1961 2427 carnaliter,
2008 2361 2141 2416 nihil
2183 2362 2233 2416 in

641 2457 868 2513 mundo.
900 2456 1142 2526 Denique
1162 2455 1291 2527 quid
1317 2465 1400 2512 est
1427 2457 1721 2512 secundum
1758 2457 1966 2512 Domini
1995 2465 2234 2512 creatum

641 2567 763 2607 esse
794 2551 1064 2606 hominem
1089 2591 1105 2618 ,
1133 2550 1250 2621 ipse
1276 2551 1411 2605 dixit
1433 2551 1485 2605 in
1505 2551 1773 2608 sanctitate
1799 2562 1845 2606 et
1859 2553 2064 2622 justitia
2085 2561 2130 2606 et
2155 2570 2238 2608 ve-

637 2646 791 2701 ritate
823 2660 841 2698 :
869 2642 920 2698 id
949 2652 1030 2698 est
1056 2685 1070 2710 ,
1103 2650 1162 2697 ut
1181 2643 1250 2698 sit
1274 2645 1487 2713 justus,
1522 2653 1580 2699 ut
1597 2643 1665 2700 sit
1682 2654 1931 2714 sanctus,
1963 2645 2034 2700 sit
2063 2653 2119 2700 et
2149 2661 2239 2700 ve-

638 2757 768 2797 rus:
819 2741 1020 2798 etenim
1069 2743 1158 2812 qui
1207 2740 1536 2796 mundanum
1580 2741 1661 2813 (4)
1703 2742 1878 2811 sapit,
1939 2742 2235 2798 secundum

638 2849 854 2891 carnem
870 2837 1144 2906 sapitzqui
1174 2834 1468 2892 secundum
1494 2852 1713 2892 carnem
1735 2837 1895 2906 sapit,
1917 2852 2101 2892 verum
2130 2852 2237 2892 non

639 2928 779 2998 sapit
827 2943 998 3000 neque
1040 2930 1262 2996 justum,
1320 2945 1494 3000 neque
1520 2940 1782 2984 sanctum.
1816 2930 1957 3002 Ergo
1986 2930 2236 3000 quoniam

639 3022 861 3090 Spiritus
915 3022 1248 3089 sanctificat,
1290 3023 1509 3093 spiritus
1565 3024 1796 3079 vivificat
1847 3034 1902 3079 et
1943 3023 2237 3092 justilicat,

641 3115 860 3185 spiritus
881 3117 970 3186 qui
995 3131 1121 3173 vere
1144 3129 1250 3182 εει,
1270 3127 1320 3171 et
1344 3132 1557 3188 semper
1579 3129 1684 3182 est,
1702 3128 1756 3173 ct
1774 3119 1946 3187 magis
1961 3118 2107 3173 solus
2134 3127 2236 3183 est,

2343 1897 2438 1954 sed
2462 1897 2601 1952 intra
2625 1897 2767 1951 diem
2802 1897 2935 1951 iram
2966 1911 3118 1950 suam
3151 1895 3318 1950 finiat.
3358 1893 3549 1948 Deinde
3577 1906 3720 1962 neque
3738 1891 3836 1945 lurto

2346 1990 2490 2044 vivat
2511 1999 2566 2044 et
2597 1990 2749 2044 furtis
2779 2005 2998 2060 operam
3023 1989 3134 2055 det,
3162 1987 3260 2044 sed
3289 1988 3451 2058 magis
3475 1985 3688 2041 manibus
3707 1999 3841 2054 Opere-

2341 2091 2426 2136 tur
2455 2083 2522 2137 ad
2555 2084 2774 2148 victum,
2803 2091 2857 2136 et
2883 2081 3007 2137 inde
3029 2083 3189 2136 etiam
3229 2080 3350 2134 aliis
3387 2079 3436 2133 iu
3465 2079 3838 2134 necessitatcsuc-

2338 2187 2539 2229 currat.
2575 2175 2778 2230 Deinde
2802 2190 2868 2229 ne
2899 2173 3068 2229 malos
3109 2187 3394 2228 sermones
3425 2173 3616 2243 aliquos
3639 2169 3837 2241 proferat,

2339 2269 2432 2324 sed
2457 2269 2628 2340 magis
2647 2268 2848 2335 bonos;
2872 2276 2925 2322 ct
2957 2267 3186 2322 :edilicet
3207 2266 3460 2330 alterum,
3492 2274 3542 2319 et
3566 2279 3657 2318 non
3677 2263 3841 2317 alterum

2339 2361 2659 2416 contristet:
2685 2370 2743 2415 ut
2774 2360 2916 2415 nulla
2947 2362 2998 2414 itt
3031 2360 3212 2414 animo
3245 2356 3542 2414 amaritudo
3567 2358 3626 2413 sit
3650 2375 3659 2408 :
3679 2365 3722 2410 ut
3743 2353 3842 2408 nulla

2341 2454 2415 2509 ira
2435 2496 2450 2520 ,
2480 2453 2628 2509 nulla
2666 2453 2960 2522 indignatio
2982 2495 2996 2517 ,
3043 2453 3221 2508 nullus
3248 2453 3478 2517 clamor,
3509 2451 3634 2506 nulla
3659 2448 3842 2519 blasphe-

2340 2548 2445 2602 mia
2463 2565 2477 2602 :
2495 2556 2552 2601 ut
2573 2562 2632 2602 se
2659 2547 2888 2600 invicem
2911 2545 3142 2616 benigne
3167 2555 3382 2610 ament;
3408 2544 3511 2598 sint
3532 2540 3843 2603 misericordes;

2344 2647 2556 2710 peccata
2589 2640 2690 2693 sibi
2735 2639 2969 2692 invicem
3001 2637 3244 2703 donent,
3271 2636 3428 2691 sicuti
3470 2635 3595 2690 Deus
3620 2633 3664 2687 in
3693 2630 3845 2686 Christo

2340 2730 2560 2786 donavit
2586 2729 2737 2785 nobis
2770 2738 3023 2799 peccata;
3056 2739 3116 2782 ut
3142 2727 3371 2799 diligant
3398 2742 3487 2792 se;
3517 2734 3568 2780 ut
3592 2722 3732 2794 pudici
3747 2721 3844 2784 sint;

2342 2832 2401 2879 ut
2437 2823 2506 2878 ab
2536 2822 2787 2877 omnibus
2814 2820 3030 2887 mundi,
3061 2829 3116 2875 et
3142 2820 3209 2874 ab
3241 2819 3490 2884 avaritia.
3529 2825 3580 2874 et
3617 2832 3642 2871 a
3681 2815 3846 2884 turpitu-

2344 2917 2468 2972 dine
2496 2958 2510 2981 ,
2543 2931 2573 2970 a
2608 2915 2936 2985 lurpiloquio
2963 2955 2978 2979 ,
3003 2929 3032 2966 a
3060 2913 3391 2968 scurrilitate
3416 2911 3566 2966 alieni
3589 2909 3675 2963 sint
3697 2924 3708 2970 ;
3730 2904 3847 2970 magis

2342 3009 2542 3080 gratias
2592 3017 2751 3078 agant
2777 3023 2789 3059 :
2815 3006 3012 3061 etenim
3049 3005 3183 3060 tales
3213 3019 3400 3060 mores
3420 3046 3433 3070 ,
3459 3003 3506 3058 id
3531 3012 3605 3058 est
3627 3000 3670 3055 in
3691 2997 3794 3052 vitiis
3813 3003 3848 3049 et

2349 3103 2584 3174 peccatis
2615 3101 2797 3174 positi,
2827 3115 3050 3170 regnum
3082 3097 3289 3154 Christi
3320 3113 3423 3154 non
3455 3096 3709 3152 habebunt.
3731 3102 3848 3159 neque

640 3208 760 3280 ipse
793 3218 876 3264 est
901 3210 1115 3265 veritas.
1136 3209 1263 3265 Haec
1282 3210 1440 3280 igitur
1458 3212 1634 3266 omnia
1648 3211 1725 3267 sic
1745 3211 2124 3284 intelligentes,
2141 3225 2239 3266 no-

2227 3242 2239 3252 .
2267 3193 2313 3257 C
2344 3196 2712 3252 haereditatem
2756 3196 2810 3250 in
2854 3209 3021 3265 regno
3046 3193 3272 3248 Christi.
3323 3192 3518 3248 Deinde
3562 3195 3714 3243 monet
3733 3201 3780 3238 ne
3805 3182 3848 3284 ab

641 3319 767 3359 vum
805 3303 1079 3360 hominem
1120 3303 1379 3373 induunt,
1425 3307 1669 3362 renovati
1708 3307 1760 3362 in
1803 3308 1996 3379 spiritu
2041 3309 2236 3365 mentis

640 3411 774 3452 ευιιι.

714 3488 881 3546 Vsus.
909 3491 999 3549 ‘25.
1029 3522 1098 3532 —
1141 3490 1360 3564 Pr0pter
1381 3491 1518 3562 quod
1539 3491 1846 3563 deponentes
1886 3495 2231 3563 mendacium,

641 3587 907 3658 loquimini
930 3587 1191 3641 ueritatem
1215 3586 1561 3654 unusquisque
1579 3603 1695 3640 cum
1719 3589 1953 3660 proximo
1973 3605 2087 3656 suo,
2113 3605 2237 3659 quo-

640 3679 780 3733 niam
795 3695 972 3732 sumus
988 3679 1118 3732 alter
1139 3679 1350 3733 alterius
1369 3676 1450 3750 (ἕ)
1474 3679 1717 3733 membra.
1733 3679 2016 3734 Concludit
2036 3679 2235 3735 exhor-

643 3770 900 3824 tationem
935 3771 1000 3824 ad
1031 3771 1209 3826 omnia
1243 3772 1540 3841 superiora,
1575 3772 1772 3840 quibus
1801 3781 1855 3826 et
1883 3772 2086 3828 divisas
2113 3788 2238 3844 gra-

643 3864 745 3918 tias
791 3863 1057 3927 docebat,
1089 3873 1142 3919 et
1184 3879 1400 3918 omnem
1449 3864 1720 3920 hominem
1765 3865 1994 3922 tolerare
2037 3867 2236 3923 debere

641 3958 870 4014 alterum
903 3959 1130 4023 socium,
1159 3967 1213 4012 et
1237 3960 1531 4028 patientem
1554 3971 1675 4012 esse
1696 3973 1816 4012 cum
1838 3959 1984 4013 omni
2017 3974 2237 4028 magna-

640 4051 975 4116 nimitate,et
1006 4050 1326 4106 suﬂ‘erentcs
1347 4048 1571 4104 invicem
1598 4049 1650 4103 in
1682 4050 1963 4107 charitate.
1982 4051 2123 4122 Ergo
2150 4051 2235 4106 hic

639 4142 1010 4206 mendacium,
1048 4142 1251 4213 inquit,
1277 4141 1530 4212 deponite
1555 4159 1569 4198 :
1597 4157 1757 4198 nemo
1782 4144 2008 4198 alterum
2039 4143 2187 4198 fallat
2218 4163 2232 4198 :

641 4235 906 4306 loquimini
925 4237 1184 4290 veritatem
1206 4252 1227 4301 ;
1255 4245 1309 4290 et
1335 4235 1698 4306 unusquisque
1716 4251 1837 4294 cum
1862 4239 2116 4306 proximo
2137 4252 2235 4292 suo

638 4328 784 4399 quod
812 4343 998 4383 verum
1029 4338 1112 4384 est
1138 4337 1280 4398 agat,
1307 4328 1484 4394 faciat,
1510 4329 1791 4399 loquatur:
1815 4328 1950 4384 nihil
1976 4345 2070 4400 per
2093 4329 2237 4385 fran-

637 4419 760 4476 dcm
790 4464 804 4487 ,
835 4421 965 4477 nihil
1011 4436 1108 4491 per
1135 4419 1422 4477 fallaciam.
1455 4421 1520 4475 Et
1556 4421 1647 4492 qui
1675 4420 1812 4476 dixit
1838 4437 1962 4478 cum
1989 4423 2234 4493 proximo

636 4529 758 4582 suo,
787 4513 1029 4584 adjunxit
1049 4512 1300 4582 quoniam
1331 4527 1518 4568 sumus
1546 4513 1682 4570 alter
1708 4514 1933 4570 alterius
1964 4515 2226 4570 membra.

2340 3290 2461 3346 aliis
2493 3307 2588 3361 per
2609 3305 2889 3346 sermones
2913 3291 3266 3354 seducantur,
3294 3288 3431 3343 idest
3453 3286 3529 3340 vel
3550 3285 3611 3338 ab
3636 3277 3848 3338 hatreticis,

2342 3384 2424 3439 vel
2472 3381 2540 3437 ab
2594 3380 2948 3451 irreligiosis,
3002 3379 3087 3434 vel
3134 3380 3200 3435 ab
3243 3380 3327 3434 his
3353 3392 3486 3449 quos
3530 3376 3649 3430 filios
3685 3368 3851 3441 appellat

2339 3473 2652 3530 tentationis
2678 3483 2732 3528 et
2762 3471 3108 3537 diffidentiae;
3139 3487 3278 3543 quos
3312 3480 3477 3528 terret
3503 3512 3516 3532 ,
3557 3465 3678 3538 quod
3710 3466 3750 3519 itt
3772 3461 3851 3514 illos

2343 3574 2567 3622 ventura
2612 3567 2679 3620 sit
2720 3566 2798 3619 ira
2832 3565 2946 3620 Dei.
2986 3564 3193 3619 Deinde
3224 3581 3295 3619 ne
3325 3561 3850 3620 communicemusope-

2340 3658 2488 3714 ribus
2531 3657 2684 3713 malis
2728 3657 3074 3712 infructuosis
3102 3675 3114 3711 :
3141 3659 3424 3730 magisque
3454 3656 3570 3711 illos
3605 3652 3822 3721 obiurgant

2337 3753 2427 3822 qui
2462 3761 2682 3822 peccant
2710 3762 2759 3808 et
2795 3753 2950 3807 malis
2989 3751 3228 3806 moribus
3263 3753 3485 3817 vivunt,
3517 3758 3566 3804 et
3589 3746 3851 3801 ntanilestettt

2339 3861 2524 3901 eorum
2551 3853 2798 3914 peccata;
2832 3855 2883 3899 et
2914 3845 3098 3898 vivant
3129 3852 3187 3898 ιιι
3219 3845 3494 3915 sapientes
3524 3858 3619 3896 non
3645 3848 3693 3892 ut
3716 3837 3855 3902 impru-

2338 3941 2551 4006 dentes,
2604 3939 2728 3994 vino
2775 3939 3102 4005 abstineant,
3153 3939 3325 3994 mullo
3357 3938 3523 4009 magis
3568 3924 3852 4004 loquanturin

2339 4035 2564 4104 spiritu,
2604 4033 2656 4087 in
2704 4033 2946 4102 psalmis,
2982 4033 3032 4086 in
3067 4031 3284 4103 hymnis
3313 4031 3558 4096 canticis,
3586 4038 3634 4082 et
3668 4020 3797 4093 magis
3817 4017 3851 4070 in

2337 4127 2500 4181 corde
2529 4125 2628 4180 ista
2661 4124 2789 4179 fiant
2816 4145 2826 4176 :
2856 4125 3080 4179 Domino
3111 4125 3314 4194 gratias
3341 4132 3536 4195 agant,
3563 4129 3612 4175 et
3637 4122 3759 4186 agant
3786 4120 3848 4179 pro

2339 4217 2590 4271 omnibus
2613 4218 2664 4270 in
2689 4216 2908 4272 nomine
2933 4215 3026 4271 Dei
3043 4224 3097 4270 et
3129 4217 3344 4270 Domini
3367 4214 3531 4270 nostri
3555 4213 3668 4269 Jesu
3685 4200 3854 4263 Christi:

2337 4309 2563 4380 subjecti
2595 4309 2694 4363 sibi
2714 4310 2822 4364 sint
2850 4309 3075 4364 invicem
3109 4308 3162 4364 in
3193 4309 3391 4364 timore
3418 4306 3627 4363 Christi.
3661 4300 3854 4356 llaecsunl

2337 4403 2514 4458 omnia
2548 4412 2811 4473 prmcepta
2842 4401 3212 4458 ecclesiastico
3227 4404 3345 4456 viro
3362 4401 3503 4456 data.
3524 4399 3641 4455 Post
3658 4384 3858 4460 subjunil‘

2336 4511 2457 4566 quae
2476 4497 2584 4551 sint
2599 4495 2932 4552 observanda
2949 4495 3347 4559 tnulieribns,id
3366 4507 3446 4550 est
3460 4493 3578 4547 viris
3592 4501 3637 4546 et
3651 4483 3854 4542 uxoribus.

637 4578 754 4664 δίε
778 4578 1039 4679 οιέυνη
1067 4578 1256 4664 -υηυῐη
1287 4623 1522 4680 θοι-ρης,
1572 4617 1627 4664 οι
1678 4625 1815 4665 unus
1865 4610 2120 4682 spiritus,
2178 4621 2234 4667 ρι
2259 4587 2310 4649 D
2408 4587 2561 4643 Nunc
2590 4587 2656 4641 ad
2688 4587 2895 4658 singula
2925 4597 3286 4643 revertamur.
3323 4585 3610 4641 Irascimini
3643 4578 3859 4682 antetulit!

637 4699 763 4754 item
812 4699 1037 4770 reliqua.
1069 4700 1309 4756 Ecclesia
1339 4700 1481 4754 enim
1512 4716 1633 4755 cum
1685 4717 1849 4756 unum
1891 4716 2085 4773 corpus
2120 4703 2229 4770 sit,

635 4801 692 4847 et
730 4808 918 4848 omnes
965 4795 1016 4848 in
1054 4793 1292 4850 Ecclesia
1332 4811 1498 4850 unum
1539 4810 1737 4865 corpus
1765 4793 2002 4860 faciant,
2037 4797 2230 4869 singuli

638 4896 819 4955 partes
849 4897 975 4942 sunt
1003 4888 1280 4945 Ecclesiae.
1302 4886 1444 4959 Ergo
1473 4889 1697 4944 alterius
1720 4889 2018 4945 membrum
2046 4901 2151 4956 est,
2177 4901 2232 4946 et

635 4976 717 5032 sic
744 4993 903 5032 unum
932 4995 1127 5050 corpus
1149 4981 1377 5036 efficitur
1399 4981 1500 5051 (6),
1532 4990 1588 5037 ιιι
1617 4987 1730 5053 ipse
1758 4983 1907 5048 dicit,
1939 4983 2226 5040 Ecclesiae:

635 5070 789 5140 cujus
815 5072 1084 5135 Ecclesiae,
1109 5074 1159 5129 id
1179 5085 1258 5132 est
1281 5077 1520 5130 omnium
1540 5077 1837 5131 animarum
1863 5077 2018 5134 fidem
2042 5077 2236 5133 haben-

637 5163 768 5220 tium
788 5163 841 5219 in
862 5165 1055 5232 Deum,
1071 5166 1248 5238 hujus,
1272 5170 1511 5240 inquam.
1535 5177 1694 5238 caput
1712 5170 2072 5227 estChristus.
2092 5171 2234 5244 Ergo

707 5286 789 5430 ξι)
823 5286 1001 5358 Vulg.,
1035 5285 1135 5354 Qui
1160 5289 1440 5343 secundum
1468 5288 1654 5343 Dettm.

732 5358 788 5430 '2.)
843 5358 960 5415 Jam
1030 5370 1179 5413 retro
1242 5360 1488 5415 distinxit
1552 5360 1654 5416 Vic‘

732 5358 788 5431 '2.)
843 5358 960 5415 Jam
1030 5370 1179 5431 retro
1242 5360 1488 5415 distinxit
1552 5360 1858 5417 Victorinus
1909 5364 2141 5420 animam
2197 5379 2228 5421 a

636 5429 828 5501 Spiritu
850 5474 864 5495 ,
895 5429 1189 5486 secundum
1213 5445 1365 5485 suam
1391 5431 1676 5501 quamdam
1703 5432 2078 5489 subtilitatem.

709 5500 790 5563 (3)
819 5503 968 5557 Hunc
990 5503 1165 5558 locum
1194 5517 1349 5559 suum
1372 5503 1818 5560 commemoravit
1834 5502 2141 5563 Victorinus
2174 5507 2186 5563 i

670 5500 678 5501 “
709 5500 790 5572 (3)
819 5503 968 5557 Hunc
990 5503 1165 5558 locum
1194 5517 1349 5559 suum
1372 5500 1818 5560 cummemoravit
1834 5502 2141 5563 Victorinus
2174 5507 2229 5565 in

637 5575 941 5647 commLad
956 5574 1149 5647 Philip.

735 5642 794 5712 ι)
825 5643 1001 5700 Malim
1032 5642 1300 5702 mundum.

739 5714 794 5785 5)
825 5713 1004 5783 Vultu,
1032 5734 1129 5787 pro
1159 5721 1289 5774 alter

712 5642 792 5855 36)
827 5757 999 5842 Clltftl.
1028 5790 1288 5855 efficiatur.

739 5714 794 5785 5)
825 5713 1004 5783 Vultu,
1032 5734 1129 5787 pro
1159 5721 1289 5774 alter
1315 5719 1526 5779 alterius
1554 5718 1716 5778 habet
1741 5720 1971 5778 invicem.

740 5787 792 5856 6)
827 5757 999 5842 Clltfd.
1028 5790 1288 5856 efficiatur.

1028 5790 1288 5856 efficiatur.

2341 4683 2502 4737 nolite
2531 4698 2758 4752 peccare.
2809 4682 2864 4737 Si
2899 4682 3037 4736 Deus
3075 4681 3349 4748 irascitur,
3398 4680 3551 4737 sicnti
3581 4677 3753 4732 dictum
3776 4665 3855 4735 (5);

2341 4774 2611 4830 revelatttr
2642 4772 2781 4828 enim
2815 4773 2891 4828 ira
2925 4774 3014 4829 Dei
3041 4816 3054 4839 ,
3090 4773 3166 4829 ira
3198 4774 3266 4829 de
3296 4773 3441 4829 cmlo
3469 4816 3482 4839 ,
3513 4773 3561 4826 in
3592 4778 3772 4824 omnem
3796 4761 3861 4812 int-

2341 4866 2616 4937 pietatem.
2653 4865 2719 4920 Et
2747 4866 2873 4921 item
2905 4867 2957 4920 in
2989 4866 3170 4920 multis
3201 4866 3356 4921 locis.
3391 4865 3558 4920 Recte
3586 4873 3700 4930 ergo
3727 4863 3768 4909 et
3792 4851 3858 4903 Ιιο·

2341 4957 2469 5012 mini
2499 4957 2656 5012 datur
2686 4959 2762 5013 ira
2798 4957 2900 5027 (4),
2930 4958 2980 5013 id
3004 4968 3083 5012 est
3116 4967 3170 5012 ut
3201 4959 3467 5012 irascatur
3497 4975 3510 5010 :
3541 4953 3626 5009 sed
3656 4953 3804 5021 peccat
3825 4940 3857 4991 in

2340 5048 2440 5115 ira,
2468 5049 2558 5119 qui
2609 5062 2716 5103 non
2764 5057 2824 5103 ut
2850 5049 3084 5118 corrigat
3109 5091 3122 5113 ,
3162 5048 3454 5112 irascitur;
3484 5044 3575 5101 sed
3620 5052 3671 5095 ut
3712 5031 3858 5107 puniat.

2339 5140 2480 5212 Ergo
2506 5142 2807 5209 irascimini,
2834 5152 2880 5195 et
2906 5143 3063 5197 nolite
3093 5155 3337 5210 peccare;
3377 5140 3457 5194 sol
3497 5154 3592 5193 non
3615 5130 3783 5190 occidat
3801 5139 3861 5177 εκ·

2340 5251 2429 5304 per
2475 5235 2798 5289 iracundiam
2844 5245 3076 5289 vestram.
3121 5234 3188 5289 Et
3227 5237 3452 5289 modum
3497 5234 3605 5296 irae,
3636 5237 3684 5284 et
3710 5228 3861 5287 templ“

2335 5326 2594 5394 ostendit,
2626 5328 2765 5383 intra
2794 5326 2938 5384 diem
2967 5338 3286 5398 conceptam
3331 5329 3466 5382 iram
3491 5323 3678 5381 debere
3701 5308 3860 5386 deponi-

2515 5578 2686 5635 Codd.
2719 5579 2780 5633 ab
2809 5581 3057 5635 exemplo.

2523 5650 2602 5706 Ad
2635 5651 2817 5717 Rom.,
2843 5665 2883 5718 ι,
2916 5650 3002 5706 18.

2430 5580 2465 5634 2

2430 5581 2465 5634 2
2515 5581 2686 5635 Codd.
2719 5581 2780 5633 ab
2809 5595 2946 5634 exem
2988 5581 3057 5634 lo.

2407 5581 2490 5796 g5;
2523 5650 2602 5706 Ad
2635 5651 2817 5717 Rom.,
2843 5665 2883 5718 ι,
2916 5596 3002 5706 lg.
3344 5719 3379 5734 ῃ
3506 5719 3518 5731 .
3679 5712 3690 5724 ι

2436 5722 2491 5794 4)
2526 5722 2744 5796 Legesis
2769 5722 3088 5796 opusculum
3112 5721 3381 5782 Lactantii
3411 5719 3478 5778 de
3505 5733 3579 5777 ira
3608 5715 3712 5778 Det,
3734 5718 3765 5765 ιο
3784 5714 3839 5758 VII
3854 5738 3866 5766 ς

2339 5793 2539 5851 nostra!
2568 5793 2840 5850 editionis.

2410 5509 2458 5575 (i
2520 5506 2680 5576 Vulg.
2711 5523 2820 5564 non
2851 5505 3013 5562 habet
3042 5516 3226 5561 autem.

2430 5580 2465 5634 2
2515 5578 2686 5635 Codd.
2719 5579 2780 5633 ab
2809 5595 2946 5634 exem
2988 5581 3057 5634 lo.

2410 5506 2492 5724 {Si
2523 5650 2602 5724 ad
2635 5651 2817 5717 Rom.,
2843 5665 2883 5718 ι,
2916 5596 3002 5724 lg.
3114 5721 3135 5724 _
