4106 6184
254 219 382 276 1281

1212 210 1279 268 IN
1322 207 1705 267 EPIS'I'OLAM
1756 208 1848 265 AD
1889 204 2226 266 EPllESIOS
2262 202 2468 263 LIBER
2508 202 2576 262 Il.

3406 198 3548 258 1282

252 330 364 387 lloc
408 328 686 386 imitantur
735 323 887 382 multi
934 332 1300 398 praeceptum,
1352 333 1409 379 et
1454 331 1657 393 ponunt
1704 321 1845 377 inter
1871 321 1923 381 A
2026 322 2189 377 Vens.
2219 320 2383 378 50.—
2412 320 2480 375 Et
2510 320 2664 374 nolite
2695 318 2996 373 contristare
3024 316 3283 389 Spiritum
3317 328 3550 374 sanctum

252 432 515 494 prmccpta
558 436 675 475 sua.
728 419 939 475 Etenim
992 419 1034 472 si
1080 417 1256 472 omnis
1301 416 1417 471 dies
1458 416 1619 471 habet
1660 430 1845 471 curam

249 532 399 572 suam
429 525 485 571 et
513 514 792 580 malitiam,
811 512 1010 568 sufﬁcit
1039 511 1176 576 sibi;
1202 511 1272 566 de
1301 510 1576 582 praeterito
1603 509 1691 565 die
1716 507 1847 566 nihil

252 608 372 679 addi
402 607 565 663 debet
601 606 668 660 ad
695 607 923 661 alterum
955 601 1035 676 (1)
1064 603 1226 658 diem.
1265 603 1425 673 Ergo.

324 700 484 757 Vens.
501 699 569 754 27
579 696 795 752 .—-Nou
808 695 1003 752 occidat
1016 712 1177 766 supra
1188 695 1507 749 iracundiam
1522 703 1733 747 vestram
1745 692 1844 759 sol,

253 810 408 866 neque
426 791 594 847 locum
613 789 741 845 detis
768 787 970 843 diabolo
990 788 1096 859 (2),
1121 787 1166 841 si
1197 785 1344 842 enim
1378 784 1637 840 manserit
1668 784 1767 846 ira,
1794 784 1847 838 in

252 884 400 942 venit
428 882 854 939 illeoccasionem
886 889 944 934 ut
965 896 1064 934 nos
1087 880 1138 934 in
1159 887 1373 949 peccata
1396 878 1577 944 ducat,
1602 887 1656 933 et
1677 876 1844 932 facia-

253 991 372 1034 mus
391 973 592 1046 aliquid
615 988 721 1028 non
739 970 1073 1037 faciendum;
1098 969 1239 1041 quod
1259 968 1551 1024 estdiaboli
1570 969 1849 1024 voluntate

253 1060 496 1144 peccare.
544 1066 621 1121 Ita
665 1065 968 1122 ostenditur
1007 1081 1075 1120 ex
1123 1064 1225 1121 hoc
1267 1072 1539 1135 praecepto
1579 1062 1632 1118 in
1664 1071 1847 1118 nostra

253 1173 514 1236 potestate
539 1177 682 1230 esse,
702 1170 758 1217 et
784 1161 963 1229 irasci,
982 1170 1037 1217 et
1066 1176 1172 1215 non
1202 1160 1399 1228 irasci;
1424 1168 1480 1215 ct
1498 1159 1716 1216 diabolo
1738 1158 1847 1215 ira~

252 1256 503 1311 cundiam
545 1254 869 1322 immittere,
896 1252 991 1308 sed
1021 1253 1362 1310 occasionem
1397 1252 1598 1308 habere
1637 1263 1695 1307 ut
1723 1266 1847 1307 cum

251 1365 350 1406 nos
380 1349 665 1406 irascimur
692 1347 894 1419 aliquid
925 1361 1024 1402 nos
1055 1346 1213 1402 faciat
1243 1344 1346 1417 (5).
1378 1345 1491 1401 lloc
1517 1344 1571 1400 in
1599 1343 1850 1400 omnibus

250 1441 530 1499 affectibus
551 1442 743 1498 animm
765 1439 1134 1511 cogitandum,
1153 1449 1207 1495 et
1232 1440 1289 1493 in
1313 1439 1461 1493 omni
1483 1447 1604 1495 actu
1625 1437 1847 1505 diaboli,

251 1535 380 1592 nihil
413 1536 559 1592 illum
591 1550 751 1607 posse
777 1536 920 1591 circa
953 1549 1084 1600 nos,
1120 1534 1222 1589 nisi
1253 1549 1376 1589 cum
1420 1533 1518 1603 ipsi
1548 1548 1643 1603 per
1673 1547 1771 1587 nos
1795 1539 1851 1585 et

250 1629 588 1686 occasionem
604 1628 815 1683 damus.
833 1625 905 1681 lta
929 1635 985 1684 et
1005 1626 1208 1681 domini
1226 1640 1413 1681 sumus
1439 1632 1638 1681 nostra:
1656 1623 1847 1677 volun-

1954 416 2093 472 Dei:
2121 418 2205 472 vel
2237 425 2496 481 vestrum,
2529 415 2618 484 qui
2648 423 2732 469 est
2757 413 2809 468 in
2842 411 3014 477 vobis,
3046 412 3127 467 vel
3155 412 3245 482 qui
3277 420 3360 466 est
3388 411 3442 466 in
3474 409 3550 466 al-

1953 520 2099 577 tero;
2131 510 2218 582 qui
2249 508 2665 566 contristabitur
2686 507 2827 562 malo
2847 519 3101 562 sermone
3124 513 3324 560 vestro.
3352 503 3548 571 Nolite,

1951 606 2144 675 inquit,
2164 604 2465 658 contristare
2483 600 2737 671 Spiritum
2755 610 2988 655 sanctum
3012 597 3110 652 Dei
3129 639 3143 665 ,
3167 598 3220 652 in
3249 613 3346 669 quo
3365 594 3553 668 signati

1953 699 2103 754 estis:
2126 697 2177 753 iu
2204 713 2311 769 quo
2338 696 2529 766 spiritu
2548 710 2646 750 vos
2669 695 2853 766 utique
2879 690 3183 762 consignati
3211 692 3342 747 estis
3370 691 3550 760 signa-

1952 790 2101 845 tione
2128 805 2227 861 per
2256 788 2514 862 Spiritum
2545 797 2790 842 sanctum
2821 795 2909 841 :et
2937 789 3111 856 ipsum
3150 782 3317 839 nolite
3354 781 3555 841 contri-

1952 894 2119 948 stare,
2144 883 2224 937 vel
2251 883 2303 937 in
2333 882 2507 949 vobis,
2533 897 2653 936 cum
2682 881 2882 936 malum
2910 892 3220 935 sermonem
3250 873 3555 942 dicitis,ch

1954 975 2009 1030 in
2044 973 2406 1031 audientibus.
2440 972 2592 1028 Indie
2623 974 2702 1043 (Ι)
2743 970 3127 1041 redemptionis.
3158 968 3306 1025 Ordo
3333 986 3345 1022 :
3369 967 3554 1024 consi-

1951 1069 2099 1140 gnati
2129 1064 2261 1133 estis
2291 1067 2342 1122 in
2371 1065 2458 1122 die
2493 1064 2883 1135 redemptionis
2908 1081 2921 1117 :
2946 1078 3043 1134 per
3073 1064 3246 1133 ipsum
3284 1060 3427 1117 enim
3469 1075 3556 1116 re-

1953 1160 2193 1232 demptio
2221 1168 2397 1215 vestra
2428 1160 2649 1215 factaest
2669 1175 2684 1225 ;
2708 1172 2829 1229 quae
2860 1156 3163 1227 redemptio
3183 1162 3388 1211 certum
3410 1152 3554 1210 diem

1954 1252 2141 1321 habet,
2164 1252 2371 1308 scilicet
2396 1250 2492 1307 Dei
2504 1249 2718 1322 judicii.
2741 1249 2944 1320 Signati
2965 1250 3107 1304 enim
3138 1262 3327 1304 sumus
3356 1248 3409 1302 in
3432 1247 3554 1319 Spi-

1953 1345 2057 1401 ritu
2081 1354 2292 1411 sancto,
2315 1344 2369 1400 in
2400 1343 2487 1399 die
2513 1358 2623 1416 quo
2651 1341 2968 1399 redimimur
2997 1357 3058 1397 ac
3090 1342 3408 1398 liberamur.

2029 1439 2194 1495 Vens.
2227 1439 2395 1495 5L—
2415 1436 2596 1493 Omnis
2618 1437 2755 1492 enim
2779 1435 3072 1491 amaritudo
3097 1445 3145 1491 et
3166 1434 3454 1506 indignatio
3474 1434 3556 1508 (ἓ)

1954 1540 1999 1585 et
2022 1532 2219 1586 clamor
2242 1541 2289 1585 et
2316 1530 2632 1602 blasphemia
2652 1530 2961 1601 auferatura
2976 1528 3115 1583 vobis
3140 1544 3260 1582 cum
3288 1526 3429 1582 omni
3449 1543 3558 1581 rna-

1955 1625 2087 1680 litia.
2108 1623 2379 1681 Conclusit
2399 1624 2635 1680 breviter
2654 1624 2922 1695 quinque:
2941 1621 3377 1688 amaritudinem,
3399 1621 3551 1687 iram,

257 1722 413 1790 tatis,
440 1729 497 1777 et
519 1721 705 1776 merita
727 1718 795 1775 de
824 1719 980 1775 bonis
1011 1716 1148 1774 bona
1177 1716 1461 1784 habemus,
1488 1727 1543 1773 et
1567 1731 1754 1788 poenas
1780 1716 1849 1771 de
1877 1715 1926 1775 B
1953 1716 2398 1787 indignationem,
2430 1716 2746 1783 clamorem,
2781 1714 3194 1785 blaSphemiam.
3220 1715 3557 1785 Quamquam

252 1815 405 1872 malis
434 1814 663 1881 actibus,
683 1813 806 1884 quia
837 1822 1022 1870 nostro
1050 1812 1183 1868 vitio
1202 1811 1490 1867 litdiabolo
1505 1811 1717 1865 occasio
1746 1810 1847 1880 (4).

319 1908 484 1965 Vens.
517 1908 834 1974 Ξὸε-ριιὶ
861 1906 1129 1977 furabatur
1173 1908 1278 1974 iam
1322 1921 1424 1960 non
1468 1906 1685 1976 feretur.
1738 1901 1851 1957 Non

252 1992 477 2058 omnino
518 2014 747 2070 peccare
769 2040 783 2065 ,
816 2009 1095 2068 peccatum
1127 2006 1211 2052 est
1243 1993 1328 2067 (5)
1350 2038 1363 2060 ,
1392 1994 1488 2051 sed
1535 1995 1587 2050 in
1631 2003 1854 2065 peccato

252 2109 601 2169 perseverare
635 2111 649 2147 :
679 2092 839 2148 datur
883 2091 1025 2147 enim
1076 2088 1408 2161 poenitentia:
1455 2088 1605 2143 locus
1632 2129 1647 2153 ,
1695 2086 1856 2143 datur

254 2184 602 2243 correctioni.
650 2183 795 2254 Ergo
838 2183 925 2253 qui
970 2179 1266 2244 iurabatur,
1311 2179 1423 2250 jam
1468 2194 1573 2234 nou
1622 2177 1851 2235 furetur.

253 2277 373 2337 Non
398 2290 577 2335 autem
609 2279 711 2334 hoc
739 2277 806 2333 ad
840 2278 939 2334 hoc
967 2276 1141 2333 solum
1176 2284 1452 2347 peccatum
1483 2274 1729 2344 accipere
1758 2272 1856 2329 de-

254 2353 446 2430 bemus
467 2414 485 2440 ,
517 2369 612 2427 sed
641 2369 709 2426 ad
735 2371 953 2434 omnia;
986 2380 1045 2424 ut
1086 2369 1172 2439 qui
1215 2368 1269 2423 in
1300 2382 1640 2440 quocumque
1664 2381 1854 2437 pecca-

257 2466 369 2533 bat,
386 2463 499 2535 jam
532 2477 638 2519 non
663 2470 870 2533 peccet.
900 2461 1075 2517 Omne
1095 2461 1239 2516 enim
1270 2470 1546 2531 peceatum
1572 2474 1694 2515 cum
1717 2474 1859 2515 com-

259 2558 488 2617 mittitur
526 2559 770 2623 occulte,
819 2555 1018 2611 furtum
1063 2565 1147 2611 est
1186 2573 1200 2610 :
1242 2553 1337 2610 sed
1377 2569 1499 2610 cum
1543 2554 1679 2610 sciat
1719 2553 1859 2609 Deus

260 2667 420 2710 omne
447 2650 589 2723 quod
634 2650 878 2722 geritur,
915 2664 1021 2704 non
1068 2659 1152 2704 est
1182 2646 1547 2717 peccandum,
1592 2657 1649 2700 ut
1692 2644 1858 2700 furari

260 2761 359 2802 nos
378 2743 663 2800 credamus
685 2751 903 2810 peccata
926 2750 1110 2797 nostra
1138 2757 1154 2805 ;
1178 2742 1377 2812 quippe
1395 2754 1521 2795 cum
1543 2739 1723 2794 omnia
1748 2754 1861 2793 ma-

261 2836 452 2896 nifesta
480 2835 627 2890 sint:
662 2832 831 2905 Magis
860 2845 1030 2888 autem
1073 2831 1266 2887 laboret
1306 2831 1565 2903 operando
1605 2832 1858 2884 manibus.

263 2931 388 2986 suis.
422 2929 502 2984 Ex
543 2927 647 2983 hoc
693 2925 920 2996 intelligi
969 2925 1117 2989 licet,
1157 2939 1286 2980 vere
1326 2923 1393 2979 de
1436 2922 1664 2993 simplici
1701 2936 1862 2992 supra

264 3019 498 3088 dixisse,
531 3031 591 3076 ut
619 3034 780 3075 nemo
804 3019 915 3089 jam
945 3019 1172 3085 furctur,
1195 3012 1409 3090 quando
1436 3016 1679 3087 adiunxit
1703 3016 1864 3087 magis

1955 1820 2010 1866 ct
2039 1809 2381 1879 subjunxerit
2408 1825 2579 1882 genus
2604 1825 2719 1863 cum
2748 1809 2887 1863 omni
2914 1807 3134 1863 malitia.
3166 1807 3381 1863 Etenim
3411 1823 3561 1865 ama-

1956 1903 2135 1959 ritudo
2162 1912 2246 1959 cst
2274 1914 2329 1958 et
2351 1904 2405 1958 in
2429 1902 2742 1968 invidendo,
2770 1902 2891 1958 etin
2923 1901 3064 1957 male
3104 1901 3391 1972 loquendo,
3421 1910 3475 1958 et
3504 1901 3557 1958 in

1956 1997 2169 2052 castoris
2195 1994 2516 2051 actionibus.
2553 1994 2615 2050 Et
2646 1994 2775 2050 item
2804 1992 2904 2062 ira,
2936 1993 3102 2050 animi
3128 2004 3308 2051 motus
3330 2005 3412 2051 est
3434 2010 3559 2051 cum

1959 2088 2256 2146 ulciscendi
2280 2088 2502 2145 libidine
2521 2098 2683 2160 atque
2707 2088 2981 2159 puniendi.
3012 2088 3311 2158 Indignatio
3341 2098 3425 2146 est
3446 2105 3561 2146 mo.

1961 2191 2046 2238 tus
2074 2183 2241 2239 animi
2286 2185 2502 2240 fervens
2544 2193 2599 2239 ct
2628 2182 2802 2238 elatus
2839 2182 2978 2237 ultra
3024 2181 3301 2239 meritum.
3346 2182 3561 2239 Clamor

1959 2286 2140 2351 autem
2162 2316 2177 2341 ,
2211 2290 2316 2332 vox
2347 2275 2529 2347 aliquo
2563 2274 2745 2331 furore
2783 2274 3012 2345 prolata.
3042 2274 3380 2347 Blasphemia
3401 2316 3419 2343 ,
3444 2275 3560 2346 jam

1963 2370 2129 2448 Deum
2160 2369 2363 2426 laedens
2391 2379 2476 2426 est
2504 2369 2560 2425 in
2589 2369 2757 2425 Deum
2790 2368 2985 2424 emissa
3014 2368 3099 2424 vel
3145 2383 3250 2424 vox
3277 2367 3363 2424 vel
3393 2369 3563 2425 scele-

1960 2473 2078 2520 rata
2098 2465 2375 2535 cogitatio.
2400 2463 2550 2531 Haec,
2574 2465 2767 2535 inquit,
2789 2463 2970 2531 omnia
2992 2463 3303 2520 auferantur
3327 2480 3359 2520 a
3379 2464 3558 2522 vobis:

1964 2574 2061 2631 pro
2090 2575 2156 2614 eo
2182 2559 2325 2631 quod
2355 2567 2473 2627 est,
2504 2574 2534 2613 a
2566 2559 2718 2614 vobis
2745 2560 2956 2615 auterte
2987 2576 3000 2612 :
3034 2557 3129 2614 sed
3159 2558 3233 2614 ita
3264 2569 3345 2615 est
3370 2568 3423 2615 et
3448 2559 3564 2631 ipse

1963 2666 2176 2720 sensus,
2208 2649 2487 2707 auferatur
2513 2667 2544 2707 a
2575 2651 2728 2707 vobis
2753 2669 2767 2707 :
2797 2651 2940 2723 quod
2972 2668 3097 2708 vere
3123 2651 3397 2708 dixitcum
3424 2654 3565 2709 eunti

1963 2745 2163 2799 malitia
2194 2760 2214 2799 :
2235 2744 2355 2816 quia
2387 2744 2501 2801 ﬁeri
2532 2753 2728 2815 potest,
2764 2744 2905 2815 quod
2937 2746 3182 2817 qumdam
3212 2747 3331 2803 sine
3360 2748 3564 2805 malitia

1966 2838 2114 2903 fiant,
2149 2843 2207 2890 ut
2235 2837 2544 2907 ignorantes
2576 2839 2626 2893 in
2660 2837 2992 2908 blaSphcmia
3023 2839 3225 2903 simus,
3258 2841 3566 2911 ignorantes

1966 2932 2291 2994 clamemus,
2322 2929 2666 3003 indignemur
2690 2931 2809 2986 sine
2839 2930 3062 2986 malitia.
3093 2931 3219 2988 Hice
3248 2934 3427 2989 omnia
3454 2951 3566 2991 au-

1968 3023 2213 3079 ferantur
2234 3039 2350 3077 cum
2379 3024 2518 3078 omni
2545 3023 2761 3079 malitia.
2798 3025 2886 3080 Sic
2909 3024 3051 3080 enim
3073 3064 3089 3092 ,
3119 3034 3178 3081 nt
3206 3040 3370 3098 supra
3400 3027 3566 3086 locuti

263 3126 434 3171 autem
458 3112 653 3170 laboret
681 3111 941 3184 operando
982 3111 1217 3166 manibus
1259 3113 1386 3166 suis.
1415 3111 1515 3177 Qui
1548 3111 1690 3167 enim
1718 3110 1867 3164 labo—
1890 3103 1937 3169 C
1969 3132 2157 3173 sumus
2183 3157 2198 3184 ,
2226 3115 2536 3181 irascimini,
2576 3117 2667 3172 sed
2702 3118 2859 3173 nolite
2885 3134 3114 3188 peccare.

264 3219 353 3267 rat
379 3206 656 3280 operando
684 3206 932 3262 manibus
956 3247 971 3271 ,
1005 3206 1163 3260 habet
1192 3204 1333 3259 unde
1365 3202 1508 3259 vivat
1549 3221 1562 3255 :
1600 3219 1705 3258 non
1737 3218 1866 3275 ergo

265 3302 495 3360 feretur.
521 3298 1026 3357 Animadvertamus
1055 3307 1313 3369 prtetcrea
1340 3298 1465 3369 quia
1495 3296 1723 3370 simplex
1755 3297 1868 3352 dic-

268 3405 382 3467 tum
411 3404 514 3463 est,
545 3407 669 3449 cum
701 3391 950 3447 manibus
983 3390 1257 3461 operantis
1285 3389 1628 3454 laboramus;
1664 3388 1867 3460 reliqua

269 3505 338 3546 ex
365 3497 483 3543 arte
507 3527 523 3552 ,
553 3501 622 3542 ex
651 3484 867 3555 ingenio
893 3524 908 3551 ,
943 3483 1023 3538 vel
1056 3481 1301 3537 oratione
1322 3521 1339 3547 ,
1369 3481 1450 3537 vel
1488 3479 1730 3551 quolibet
1759 3481 1866 3537 alio

270 3578 452 3634 modo.
488 3575 587 3634 Ubi
618 3592 725 3631 non
753 3588 917 3645 opera
945 3581 1028 3629 est
1059 3587 1334 3638 manuum,
1369 3572 1537 3642 magis
1568 3571 1706 3626 furta
1736 3572 1864 3637 sint,

273 3684 431 3742 quam
457 3670 634 3725 victus
666 3667 852 3722 labore
872 3665 1161 3737 quaesitus;
1181 3663 1326 3734 quod
1347 3663 1546 3721 bonum
1570 3673 1674 3730 est,
1694 3675 1751 3719 ut
1774 3663 1870 3719 ha-

272 3765 397 3823 beat
418 3762 817 3819 communicare
849 3761 1227 3816 necessitatem
1253 3757 1507 3823 habenti;
1530 3767 1583 3812 ut
1604 3774 1668 3814 ex
1692 3759 1871 3829 operi-

273 3856 377 3912 bus
395 3869 490 3925 per
518 3866 708 3907 manus
735 3865 861 3905 snas
884 3857 1247 3918 consequatur
1275 3847 1419 3918 quod
1444 3849 1559 3919 ipse
1577 3848 1791 3913 habeat,
1817 3857 1871 3904 et

274 3945 637 4006 communicet
654 3944 703 4000 ei
724 3943 817 4016 qui
840 3943 1034 3998 habeat
1058 3941 1466 4006 necessitatem;
1493 3950 1653 4012 atque
1675 3941 1740 3996 de
1758 3943 1871 3999 suis

274 4040 532 4113 operibus
553 4035 695 4108 quod
723 4033 993 4092 commodi
1025 4043 1351 4090 consecutus
1382 4032 1566 4097 fuerit,
1590 4033 1868 4105 largiatur.

348 4131 516 4188 Vens.
550 4128 646 4186 29.
676 4158 747 4170 -—
774 4127 952 4182 Omnis
979 4142 1142 4182 sermo
1172 4125 1339 4181 malus
1378 4125 1442 4180 de
1470 4142 1557 4180 ore
1582 4136 1744 4182 uestro
1771 4144 1873 4183 non

277 4223 541 4299 procedat.
573 4221 642 4277 Et
671 4222 773 4277 hoc
800 4229 1126 4291 przcceptum
1154 4217 1223 4275 de
1249 4233 1316 4274 eo
1340 4228 1454 4287 est,
1484 4219 1627 4291 quod
1659 4236 1764 4275 non
1793 4220 1874 4275 fa-

277 4317 530 4376 ciendum
557 4326 662 4372 est.
694 4312 876 4370 Muntti
900 4321 1104 4380 autem,
1134 4312 1242 4368 duo
1266 4327 1389 4368 esse
1416 4328 1611 4385 genera
1638 4329 1879 4386 prteccp-

280 4420 457 4470 torum
474 4408 601 4479 quid
620 4404 920 4463 faciendum
941 4423 955 4459 :
973 4420 1153 4470 nemo,
1179 4405 1373 4475 inquit,
1395 4405 1632 4477 proferat
1653 4406 1873 4462 verbum

2043 3209 2209 3267 Vens.
2232 3209 2577 3265 52.—Estote
2602 3220 2771 3265 autem
2794 3211 3005 3266 invicem
3037 3211 3258 3285 benigni.
3282 3212 3373 3269 Illa
3404 3229 3568 3285 supc-

1968 3303 2135 3369 riora,
2158 3313 2214 3359 ut
2242 3303 2375 3370 dixi,
2395 3318 2501 3359 non
2528 3302 2805 3371 facienda;
2830 3303 2947 3360 haec
2976 3321 3096 3377 qua:
3118 3304 3359 3363 facienda
3379 3318 3467 3364 :ut
3488 3310 3569 3364 in-

1969 3398 2141 3453 vicem
2172 3397 2384 3469 benigni
2408 3398 2557 3465 sitis;
2587 3412 2692 3453 non
2719 3413 2856 3454 unus
2886 3398 2938 3453 in
2968 3398 3221 3467 alterum,
3245 3398 3339 3456 sed
3369 3401 3566 3472 singuli

1971 3496 2023 3548 in
2036 3492 2297 3563 singulos,
2315 3491 2387 3548 ita
2400 3507 2590 3549 omnes
2603 3492 2657 3548 in
2676 3507 2884 3550 omnes.
2897 3493 2961 3547 Et
2976 3494 3352 3564 misericordes,
3367 3497 3566 3552 donan-

1973 3597 2045 3642 tes
2079 3586 2217 3641 vobis
2245 3585 2482 3641 inviccm.
2517 3585 2582 3641 Et
2615 3587 2668 3641 in
2699 3585 3067 3657 superioribus
3101 3588 3325 3644 invicem
3357 3589 3565 3659 posuit,

1972 3688 2128 3734 estote
2154 3679 2364 3733 invicem
2382 3679 2602 3749 benigni.
2628 3679 2773 3734 Dixit
2787 3679 2947 3735 etiam
2965 3679 3230 3736 donantes
3247 3681 3400 3739 vobis
3418 3682 3567 3739 invi-

1972 3786 2123 3834 Cum;
2149 3770 2287 3826 unde
2311 3780 2366 3826 et
2397 3769 2775 3826 misericordes
2797 3770 3026 3828 invicem
3050 3773 3236 3829 audire
3263 3772 3523 3832 debemus
3547 3792 3564 3843 ;

1975 3860 2239 3918 donantes
2267 3872 2449 3918 autem
2472 3863 2678 3920 scilicet
2705 3875 2945 3937 peccata.
2970 3867 3215 3938 Denique
3241 3868 3309 3924 de
3335 3869 3570 3939 peccatis

1976 3953 2079 4009 hoc
2124 3954 2323 4010 dictum
2374 3970 2497 4012 esse
2533 3972 2600 4013 ex
2642 3972 2710 4013 eo
2737 3958 3005 4025 declarat,
3037 3962 3180 4033 quod
3223 3963 3568 4034 subjunctum

1975 4057 2059 4106 est
2085 4049 2217 4104 sicut
2244 4060 2291 4105 et
2324 4048 2459 4105 Deus
2483 4052 2536 4106 in
2563 4049 2769 4108 Christo
2796 4054 3002 4110 donavit
3024 4057 3163 4111 vobis
3178 4072 3202 4123 ;
3229 4058 3411 4130 utique
3442 4075 3568 4131 pec-

1977 4150 2094 4195 cata
2118 4159 2130 4195 :
2160 4140 2211 4196 in
2238 4140 2458 4198 Christo
2481 4155 2660 4199 autem
2681 4186 2696 4211 ,
2729 4153 2786 4200 ιιι
2815 4147 3126 4219 frequenter
3151 4150 3382 4208 diximus
3401 4195 3417 4219 ,
3449 4154 3571 4224 quia

1979 4252 2076 4307 pro
2104 4236 2261 4293 nobis
2289 4236 2539 4295 Christus
2569 4249 2812 4295 mortuus
2838 4250 2923 4297 est
2949 4261 2961 4296 :
2991 4256 3122 4314 ergo
3151 4244 3204 4299 in
3235 4245 3450 4303 Christo
3476 4247 3573 4304 do-

1979 4338 2103 4384 nata
2145 4339 2270 4385 sunt
2314 4340 2533 4402 peccata
2580 4332 2753 4389 nobis.
2786 4332 3101 4406 hlysterium
3130 4339 3272 4393 enim
3302 4339 3432 4396 illud
3456 4380 3474 4408 ,
3516 4350 3574 4398 ut

1980 4420 2293 4493 frequenter
2335 4424 2590 4492 diximus,
2639 4441 2737 4497 pro
2768 4428 3003 4497 peccatis
3045 4439 3247 4486 nostris
3289 4440 3371 4487 est
3403 4450 3418 4485 :
3449 4433 3575 4503 quia

279 4497 347 4558 ex
376 4499 599 4556 malitia.
635 4497 771 4553 Hinc
794 4495 940 4553 enim
971 4511 1223 4567 magnum
1244 4507 1558 4565 peccatum;
1589 4496 1745 4552 sicuti
1763 4497 1860 4553 dict

1985 4529 2083 4570 nos
2122 4523 2339 4586 peccata
2368 4516 2584 4572 vincere
2615 4533 2720 4572 non
2751 4527 3107 4589 poteramus,
3138 4523 3290 4578 venit
3320 4523 3576 4580 Dominus

281 4603 393 4651 tum
417 4593 524 4661 (6),
549 4605 653 4647 non
679 4589 821 4661 quod
854 4590 904 4643 in
931 4604 993 4643 os
1018 4588 1211 4651 intrat,
1240 4587 1338 4645 scd
1360 4588 1501 4659 quod
1529 4588 1597 4644 de
1624 4605 1719 4646 ore
1744 4591 1875 4659 exit,

278 4685 572 4756 plurimum
612 4689 790 4739 nocet.
833 4680 941 4737 Sed
980 4680 1026 4736 si
1057 4682 1169 4751 quis
1197 4680 1357 4738 bonus
1380 4681 1450 4737 ad
1486 4682 1878 4752 aediﬁcationem

282 4778 426 4850 ﬁdei,
459 4786 515 4833 ut
541 4777 623 4832 det
645 4777 864 4850 gratiam
894 4774 1236 4831 audientibus.
1269 4775 1338 4833 Ut
1368 4791 1548 4833 sermo
1575 4784 1753 4844 exeat,
1785 4778 1877 4850 qui

283 4880 369 4928 est
395 4871 587 4927 bonus.
618 4869 720 4938 Qui
761 4878 844 4925 est
876 4877 1056 4924 autem
1085 4867 1258 4924 bonus
1296 4883 1476 4925 sermo
1498 4869 1523 4921 ι
1548 4868 1614 4924 ad
1640 4869 1877 4925 adifica-

282 4965 485 5021 tionem
515 4962 658 5020 fidei.
688 4962 841 5018 'l‘nne
868 4962 1012 5018 enim
1039 4961 1275 5018 audienti
1302 4963 1526 5034 gratiam
1552 4961 1721 5030 dabit,
1753 4977 1876 5020 cum

286 5059 340 5116 id
370 5059 513 5132 quod
539 5057 808 5131 loquitur,
838 5057 1069 5114 aedificat
1094 5055 1276 5114 fidem.

389 5228 441 5287 ll
469 5227 641 5286 Codd.
672 5239 938 5286 teternum.

475 5298 865 5385 Vulg..;‘Nolite
888 5301 1055 5385 locum
1082 5298 1207 5354 dare
1230 5298 1455 5355 diabolo.

363 5370 446 5519 (3')
475 5370 782 5457 ltalegjtur.
800 5371 851 5425 in
879 5370 1036 5455 codd.
1167 5440 1181 5454 .
1657 5441 1669 5455 .

390 5445 451 5528 ξι
467 5441 982 5528 Ἰηξιςιιιξν-Ιριοιζιηι
1010 5440 1256 5499 doctrma
1281 5440 1351 5498 de
1378 5441 1608 5498 humana
1634 5440 1886 5498 libertate

292 5518 348 5576 in
372 5512 573 5574 diaboli
591 5512 1009 5570 “tentationibus.

366 5588 446 5662 (5)
477 5586 618 5643 [dest
635 5593 909 5662 peccatum
930 5586 1050 5662 sine
1068 5585 1247 5662 venia,
1274 5592 1551 5658 peccatum
1568 5584 1714 5658 quod
1734 5598 1886 5644 reum

294 5656 618 5736 perpetuum
640 5656 925 5736 constitui}
948 5656 1244 5714 hominem.

370 5727 449 5803 (6)
473 5727 687 5799 Mattlt.,
720 5743 810 5797 xv,
845 5729 930 5785 il.

1982 4620 2201 4675 noster,
2227 4609 2316 4680 qui
2342 4619 2620 4680 peccatum
2652 4610 2930 4678 vinceret,
2962 4621 3017 4667 et
3042 4612 3120 4668 sic
3147 4624 3363 4683 peccata
3394 4627 3575 4671 nostra

1983 4699 2138 4756 nobis
2166 4698 2411 4767 donaret,
2441 4715 2567 4758 cum
2597 4700 2650 4756 in
2678 4699 2854 4773 ipsum
2885 4703 3170 4762 credentes
3196 4720 3227 4761 a
3255 4707 3490 4776 peccatis
3515 4707 3580 4763 li-

1979 4793 2252 4851 beramur.

2053 4884 2184 4941 Car.
2207 4884 2526 4941 V.—Vans.
2553 4886 2859 4944 i.—Estote
2873 4905 2993 4961 ergo
3016 4890 3294 4949 imitatores
3317 4872 3430 4958 Dei,
3448 4894 3582 4950 sicut

1990 4977 2089 5049 ﬁlii
2115 4976 2212 5032 Dei
2236 4978 2539 5034 charissimi.
2573 4979 2632 5034 In
2662 4981 2767 5038 hoc
2793 4982 2975 5054 utique
3002 4983 3297 5043 imitatores
3322 4986 3437 5054 Dei,
3459 5002 3583 5045 cum

1990 5083 2045 5130 et
2075 5086 2173 5127 vos
2205 5083 2420 5144 peccata
2448 5085 2628 5130 vestra
2654 5074 2883 5132 invicem
2912 5077 3070 5133 vobis
3099 5077 3334 5146 donatis,
3365 5091 3422 5136 ut
3445 5081 3585 5137 Deus

1991 5163 2213 5221 donavit
2248 5165 2300 5222 in
2326 5163 2545 5223 Christo
2574 5166 2730 5223 nobis
2763 5176 2947 5225 nostra
2988 5180 3224 5242 peccata.
3255 5170 3429 5230 Vivite
3454 5188 3587 5245 ergo

1993 5259 2293 5316 imitatores
2316 5258 2433 5325 Dei,
2454 5269 2509 5316 et
2535 5259 2613 5315 sic
2641 5258 2824 5327 vivite,
2848 5270 2904 5316 ut
2925 5261 3020 5318 filii
3051 5263 3142 5321 Dei
3171 5274 3227 5322 et
3254 5265 3347 5321 lilii
3377 5265 3587 5322 charis-

1991 5351 2138 5407 simi.
2165 5352 2375 5409 Etenim
2406 5351 2675 5424 siquidem
2703 5367 2801 5422 pro
2824 5353 2975 5410 vobis
2997 5354 3107 5411 lilio
3134 5373 3235 5413 suo
3262 5372 3367 5412 non
3395 5372 3592 5428 peper-

1994 5444 2109 5514 cit,
2139 5452 2193 5502 et
2231 5459 2332 5517 pro
2374 5446 2609 5516 peccatis
2640 5446 2838 5503 vestris
2876 5462 2999 5504 eum
3043 5460 3265 5520 peccato
3306 5448 3493 5519 dedit,
3531 5461 3594 5509 ιιι

1999 5545 2278 5609 peccatum
2330 5538 2612 5606 vinceret;
2665 5537 2827 5596 sicuti
2867 5541 3182 5614 mysterium
3252 5541 3591 5617 intelligitur.

2069 5652 2151 5796 (l)
2181 5651 2362 5725 Vulg.,
2390 5652 2446 5708 in
2472 5653 2627 5710 diem.

2070 5726 2128 5794 (2
2177 5724 2364 5796 Vulg.,
2392 5732 2441 5789 et
2469 5725 2567 5780 ira.

2070 5724 2149 5796 (2)
2177 5724 2364 5796 Vulg.,
2392 5732 2441 5789 et
2469 5725 2567 5780 ira.
