4106 6184
634 212 774 274 ,εδδ
1876 197 2067 264 Manu
2110 191 2456 263 VICTumNt
2495 194 2661 263 At‘ttt
3705 208 3796 278 itit

710 333 872 412 Vsus.
902 329 1108 387 2.—-Et
1134 329 1389 386 ambulate
1412 330 1467 384 in
1494 327 1785 384 dilectione.
1817 324 2064 398 Magnum
2093 338 2234 394 praa-
2259 326 2313 391 Α
2338 319 2552 412 debeat,
2584 319 2634 376 id
2653 329 2738 378 est
2762 319 2904 377 istud
2930 318 3125 393 gratias
3153 334 3395 392 agamus:
3420 324 3696 386 nonduhium
3714 336 3804 404 quin

633 410 850 495 ceptum
872 433 927 479 et
957 422 1139 493 utique
1168 420 1530 485 retinendum,
1554 418 1735 474 omnia
1762 417 1907 473 enim
1929 413 2229 480 concludit;
2337 411 2479 477 Deo;
2505 427 2824 484 quamquam
2847 420 2900 467 et
2928 412 3270 478 hominibus;
3297 420 3349 469 et
3367 410 3474 472 ideo
3492 430 3602 487 pure
3620 424 3804 490 positum.

632 527 689 572 et
713 515 912 572 sufﬁcit
939 515 1197 582 Charitas,
1230 517 1281 570 in
1305 530 1408 586 qua
1434 515 1520 570 lex
1551 523 1659 568 tota
1688 522 1800 577 est;
1833 521 1891 568 et
1916 518 2082 566 totum
2113 524 2230 581 my-
2411 504 2572 560 Vens.
2604 504 2658 560 5.
2706 536 2777 547 —
2805 503 2919 561 Hoc
2945 507 3078 561 enim
3101 507 3276 562 scitote
3299 506 3371 581 (l)
3396 510 3518 580 quod
3540 515 3671 570 omnis
3686 509 3803 588 impu.

630 609 856 665 stet-ium
899 609 1342 675 christianitatis,
1371 606 1593 663 dilectio
1621 615 1675 661 et
1714 601 1972 659 charitas.
2008 600 2155 657 Sicut
2184 608 2232 654 et
2335 594 2481 650 dirus
2520 604 2608 650 aut
2634 597 2927 652 immundus
2954 610 3042 652 aut
3073 614 3258 653 avarus
3281 601 3407 670 quod
3429 611 3493 656 est
3516 604 3720 661 idolorum
3740 626 3811 664 ser-

631 697 865 754 Christus
900 699 1079 754 dilexit
1103 715 1189 754 vos
1226 698 1333 772 (l).
1367 696 1481 757 Hoc
1521 705 1608 752 est
1645 692 1789 764 quod
1827 707 1987 767 supra
2027 690 2229 745 dictum
2333 686 2486 755 uitus,
2517 706 2617 743 non
2646 689 2795 744 habet
2825 690 3172 746 [nereditatem
3203 692 3253 746 in
3298 710 3440 765 regno
3465 695 3633 751 Christi
3659 708 3701 754 et
3729 700 3809 760 Dei.

628 795 905 848 imitatores
931 792 1029 847 Dei
1057 802 1115 851 ut
1138 801 1193 849 et.
1221 806 1315 846 vos
1342 790 1572 847 invicem
1602 786 1836 859 diligatis
1865 798 1960 840 vos
1978 825 1994 848 ,
2024 783 2154 838 sicut
2178 790 2229 836 et
2333 779 2465 836 Cum
2491 783 2587 838 tria
2612 785 2917 855 supradicta
2940 785 3231 856 posuisset,
3258 788 3350 842 tria
3372 790 3815 865 subjunxisset,pra-

628 886 858 943 Christus
885 886 1065 942 dilexit
1091 903 1197 942 vos.
1223 885 1362 954 Quid
1393 895 1477 940 est
1505 894 1685 938 autem
1718 880 1900 936 dilexit
1935 890 1983 933 et
2018 874 2231 931 tradidit
2332 884 2544 946 ceptum
2581 879 2681 932 hoc
2710 877 2782 931 ita
2832 877 3176 950 constringit,
3210 888 3268 933 ut
3294 877 3472 937 doceat
3498 882 3587 938 tria
3610 887 3814 953 superiora

627 980 952 1051 semetipsum
979 994 1073 1049 pro
1101 977 1282 1033 vobis?
1305 976 1501 1031 Eadem
1530 974 1848 1040 substantia,
1878 987 2043 1027 unum
2074 968 2152 1042 (2)
2177 972 2231 1023 et
2331 969 2644 1038 gravissima
2672 984 2814 1026 esse.
2844 971 3055 1041 Quippe
3080 979 3137 1026 et
3163 986 3281 1026 cum
3311 973 3376 1027 ita
3401 974 3465 1027 sit
3485 974 3679 1041 locutus,
3701 980 3819 1036 utﬂla

627 1074 923 1127 voluntate.
966 1071 1031 1126 Et
1080 1071 1208 1125 item
1240 1084 1339 1141 ego
1381 1077 1437 1124 et
1476 1079 1628 1138 pater
1679 1080 1841 1121 ttnum
1874 1077 2078 1120 sumus.
2132 1059 2230 1115 Hic
2334 1058 2430 1115 tria
2453 1076 2554 1118 nec
2571 1061 2916 1117 nominentur
2939 1062 3079 1119 inter
3101 1072 3333 1119 sanctos.
3356 1062 3485 1137 Ergo
3503 1069 3672 1137 gravia.
3697 1068 3816 1138 Quam

624 1162 842 1219 tradidit
879 1163 1227 1232 semetipsum
1260 1176 1357 1231 pro
1388 1160 1572 1225 vobis;
1606 1156 1659 1214 id
1690 1164 1776 1212 est
1806 1170 1904 1228 pro
1932 1154 2038 1209 alio
2060 1195 2075 1220 ,
2115 1150 2228 1207 ﬁlio
2332 1151 2409 1225 (2)
2434 1154 2654 1225 gravia?
2678 1155 2894 1222 scitote,
2920 1155 3109 1226 inquit,
3136 1153 3281 1227 quod
3305 1154 3434 1222 haec,
3457 1172 3627 1228 nempe
3647 1160 3817 1230 impudi-

623 1271 723 1310 suo
752 1270 859 1310 non
903 1254 1172 1326 pepercit;
1225 1262 1284 1308 ut
1323 1251 1425 1307 hoc
1457 1249 1618 1306 modo
1647 1249 1809 1305 etiam
1855 1262 1954 1302 nos
1996 1242 2228 1300 invicem
2330 1249 2479 1316 cilia,
2513 1249 2872 1317 immunditia,
2916 1251 3164 1317 avaritia,
3195 1265 3299 1307 non
3331 1250 3512 1307 habent
3534 1251 3819 1310 hereditatem

626 1363 723 1417 pro
744 1347 895 1403 vobis
926 1357 1109 1402 nostra
1128 1346 1318 1401 demus
1338 1361 1352 1411 ;
1375 1350 1432 1399 et
1460 1356 1628 1414 usque
1649 1342 1715 1397 ad
1748 1339 1869 1408 hoc,
1896 1337 1950 1393 id
1967 1346 2045 1393 est
2071 1337 2227 1407 juxtla
2331 1342 2383 1394 in
2434 1357 2601 1412 regno
2650 1342 2853 1398 Christi
2883 1351 2939 1398 et
2977 1342 3097 1399 Dei.
3129 1341 3417 1399 Avaritiam
3466 1352 3622 1401 autem
3661 1346 3821 1401 idolola-

627 1441 933 1511 passionem
966 1456 1063 1511 pro
1094 1439 1300 1503 altero,
1328 1435 1558 1493 invicem
1596 1435 1902 1506 diligamus.
1942 1429 2008 1484 Et
2046 1438 2227 1483 semet-
2331 1434 2485 1489 triam
2513 1435 2668 1501 dixit,
2713 1436 2827 1492 sive
2865 1436 2990 1509 quia
3020 1439 3111 1508 qui
3156 1453 3345 1494 avarus
3392 1446 3487 1504 est,
3516 1442 3660 1496 servit
3690 1440 3820 1508 idolis;

622 1535 792 1606 ipsum
838 1535 1049 1589 tradidit
1081 1551 1175 1604 pro
1200 1533 1338 1588 vobis
1367 1532 1673 1586 oblationem
1698 1538 1745 1583 et
1776 1527 1996 1582 hostiam
2035 1521 2146 1579 Deo
2171 1523 2226 1578 in
2328 1527 2556 1584 credens
2586 1529 2685 1585 sibi
2717 1529 2785 1585 ah
2810 1531 2942 1601 ipsis
2973 1532 3217 1603 praestari
3246 1548 3362 1604 que
3388 1534 3438 1588 in
3468 1536 3641 1591 mundo
3662 1544 3773 1602 sunt,
3788 1537 3824 1592 in

625 1628 782 1683 odore
810 1626 1102 1699 ﬂagrantiae
1135 1624 1236 1698 (5).
1286 1624 1495 1681 Obtulit
1535 1637 1595 1679 se
1639 1622 1784 1687 Deo,
1818 1628 1875 1674 nt
1922 1617 2141 1689 spiritus
2170 1625 2225 1673 et
2327 1638 2434 1693 quo
2483 1621 2564 1696 (5)
2613 1638 2809 1680 avarus
2850 1634 2953 1680 est.
2989 1625 3198 1681 Etenim
3249 1626 3407 1693 Deus,
3438 1644 3548 1683 cum
3577 1645 3630 1685 ea
3668 1639 3826 1700 prestat

623 1720 795 1784 hostia
822 1736 915 1790 per
936 1720 1039 1775 hoc
1069 1718 1385 1790 mysterimn
1413 1713 1605 1770 ﬁerent
1626 1713 1828 1767 omnia.
1859 1710 1954 1765 llic
1973 1722 2054 1764 est
2078 1709 2223 1764 enim
2254 1721 2303 1780 B
2327 1729 2448 1784 qua;
2467 1714 2520 1769 in
2546 1714 2723 1769 [unum
2747 1721 2898 1782 sunt;
2922 1715 3012 1786 qui
3034 1732 3227 1771 avarus
3248 1726 3349 1783 ρει,
3376 1720 3545 1792 urique
3568 1720 3627 1775 de
3643 1723 3827 1791 purganti

622 1810 756 1865 odor
786 1810 939 1865 bona:
988 1809 1314 1879 ﬂagrantiae;
1363 1806 1518 1877 cujus
1562 1801 1917 1861 substantiam
1957 1799 2180 1870 spiritus
2203 1843 2218 1867 ,
2330 1803 2436 1858 vita
2473 1819 2668 1861 avarus
2698 1816 2811 1874 est;
2845 1815 2900 1863 et
2929 1819 3209 1880 propterea
3257 1811 3419 1866 servit
3460 1810 3617 1867 idolis.
3650 1810 3714 1867 An
3741 1811 3825 1868 ideo

622 1903 844 1959 odorem
873 1902 1026 1957 boum
1058 1900 1355 1973 ﬂagrantia:
1383 1914 1504 1955 esse
1530 1898 1665 1953 dixit
1689 1914 1702 1950 :
1727 1895 1795 1951 de
1826 1910 1930 1966 qua
1959 1910 2017 1949 re
2042 1902 2124 1949 est
2153 1893 2221 1948 Π·
2326 1897 2547 1965 dictum,
2569 1898 2714 1970 quod
2731 1901 2955 1957 avaritia
2986 1901 3254 1957 idolorum
3275 1911 3357 1959 est
3372 1902 3622 1959 servitus?
3631 1902 3727 1976 quia
3742 1919 3827 1960 cum

623 1997 720 2052 her
743 2007 924 2053 certus
956 1996 1055 2051 hoc
1096 2010 1372 2067 exponens
1400 1993 1524 2065 quid
1572 1990 1792 2063 spiritus
1829 1997 1932 2056 sit,
1963 1996 2020 2045 et
2059 2002 2219 2058 quam
2326 2004 2464 2045 unus
2498 1993 2570 2046 sit
2614 1990 2779 2059 Deus,
2826 1993 3065 2049 avaritiae
3111 2006 3194 2051 est
3243 1996 3435 2052 multos
3468 1996 3643 2063 colere,
3669 2006 3711 2051 et
3732 1995 3825 2052 alios

621 2089 1029 2161 intelligentiam
1060 2088 1279 2154 haheat,
1313 2100 1369 2142 ut
1394 2087 1693 2143 substantia
1720 2083 1839 2157 ejus
1868 2081 2034 2153 possit
2066 2078 2223 2135 intcl-
2322 2080 2573 2150 adorare,
2603 2095 2657 2140 et
2691 2084 2811 2141 aliis
2841 2085 3049 2143 servire
3079 2087 3236 2144 velle.
3272 2087 3368 2144 llic
3398 2089 3547 2161 igitur
3585 2102 3673 2143 non
3713 2084 3830 2143 habet

620 2182 714 2252 figi
745 2181 850 2253 (4).
2323 2173 2691 2249 haereditatem
2724 2176 2778 2233 in
2808 2189 2976 2251 regno
3009 2176 3212 2236 Christi
3249 2190 3306 2237 et
3334 2178 3451 2237 Dei.
3477 2176 3691 2237 Christus
3725 2183 3829 2236 enim

691 2276 859 2332 Vens.
888 2277 942 2332 5.
966 2305 1032 2316 —
1062 2273 1395 2346 [inpudicitia
1419 2270 1500 2346 (5)
1522 2281 1695 2327 autem
1732 2281 1778 2325 et
1807 2271 1971 2325 omnis
1997 2270 2223 2323 immun-
2322 2281 2545 2339 regnum
2576 2267 2741 2325 habet
2770 2269 2822 2324 in
2844 2271 3033 2327 cretis:
3064 2280 3115 2326 et
3139 2271 3229 2344 qui
3250 2275 3485 2343 sequitur
3499 2268 3829 2339 Christum,ha-

618 2371 749 2424 ditia
767 2379 814 2425 et
834 2370 1051 2425 avaritia
1073 2386 1164 2424 nec
1185 2369 1474 2424 nominetur
1497 2367 1629 2421 inter
1652 2382 1738 2421 vos
1758 2365 1890 2421 sicut
1909 2364 2049 2419 decet
2071 2379 2222 2417 sanc—
2322 2357 2469 2414 hebit
2499 2357 2867 2417 haereditatem
2897 2361 2950 2417 in
2983 2379 3148 2436 regno
3177 2364 3402 2420 Christi.
3422 2364 3639 2437 Regnum
3663 2364 3827 2429 Christi,

619 2478 718 2522 tos.
750 2466 876 2523 Haec
904 2482 1118 2538 quoque
1163 2475 1428 2536 prmcepta
1457 2473 1581 2518 sunt
1607 2460 1675 2518 de
1698 2461 1783 2519 his
1807 2476 1926 2532 qua:
1956 2472 2064 2514 non
2091 2467 2220 2512 sunt
2322 2449 2417 2506 Dei
2448 2467 2674 2525 regnum
2706 2465 2812 2511 est.
2842 2448 2953 2511 Nec
2983 2456 3033 2511 in
3067 2456 3165 2513 Dei
3196 2474 3330 2530 ergo
3365 2474 3529 2530 regno
3554 2460 3688 2515 habet
3707 2456 3831 2514 hete-

616 2559 883 2627 facienda,
911 2567 971 2614 ut
996 2559 1136 2614 absit
1165 2555 1520 2629 impudicitia,
1551 2553 1922 2619 imtnunditia,
1948 2551 2172 2606 avaritia
2198 2566 2214 2616 ;
2320 2542 2570 2612 ditatem,
2602 2547 2690 2618 qui
2724 2546 2885 2605 idolis
2916 2551 3102 2605 servit.

616 2670 737 2725 qua:
779 2652 876 2708 tria
926 2653 979 2707 in
1008 2658 1217 2706 tantum
1266 2648 1602 2705 excludenda
1637 2644 1709 2702 ab
1743 2645 1936 2701 animis
1976 2652 2125 2709 sunt,
2159 2650 2220 2698 ut
2392 2636 2559 2693 Vens.
2582 2637 2636 2695 6.
2675 2639 2935 2697 —Nemo
2960 2658 3049 2698 vos
3077 2642 3297 2697 seducat
3324 2644 3464 2698 uanis
3482 2638 3828 2711 sermonibus“).

617 2760 719 2800 nco
740 2741 1057 2799 vocabulum
1088 2750 1181 2796 aut
1208 2739 1539 2796 mentionem
1570 2739 1710 2793 inter
1734 2751 1794 2792 se
1817 2735 2072 2801 habeant,
2104 2750 2218 2789 ma-
2321 2726 2545 2802 PrOpter
2565 2733 2676 2787 [nec
2694 2736 2829 2789 enim
2850 2734 2984 2790 venit
3010 2737 3092 2791 ira
3121 2732 3225 2790 Dei
3254 2737 3306 2790 in
3327 2735 3459 2806 ﬁlios
3488 2738 3758 2809 difﬁdentia.
3782 2734 3833 2789 Et

615 2836 758 2892 xime
787 2835 877 2908 qui
904 2837 1079 2891 sancti
1102 2843 1246 2890 sunt.
1273 2832 1485 2889 Etenim
1508 2831 1610 2889 ista
1639 2839 1694 2886 et
1720 2829 1999 2884 nominare
2024 2841 2216 2899 pecca-
2318 2824 2422 2882 hoc
2450 2841 2664 2899 quoque
2692 2826 2832 2884 inter
2863 2836 3124 2899 praecepta
3154 2843 3265 2899 est,
3286 2830 3356 2889 de
3383 2833 3565 2904 quibus
3582 2829 3675 2886 dixi
3697 2822 3825 2893 vobis,

616 2939 728 2987 tum
774 2939 896 2997 est;
940 2936 1145 3000 quanto
1190 2928 1358 3001 magis
1384 2925 1470 2981 vel
1523 2924 1724 2979 habere
1753 2923 1838 2979 vel
1883 2919 2216 2977 admittere?
2318 2932 2437 2986 quae
2467 2934 2572 2974 non
2603 2918 2709 2973 sint
2738 2918 3003 2975 facienda.
3034 2920 3188 2979 Multi
3206 2924 3360 2980 enim
3378 2921 3683 2981 sermonibus
3703 2922 3836 2976 suiset

619 3022 732 3078 lloc
757 3021 899 3077 enim
928 3030 1239 3076 sanctorum
1268 3018 1436 3090 exigit
1465 3032 1662 3073 nomen
1693 3024 1750 3072 et
1791 3030 1944 3071 mens
1973 3025 2028 3070 et
2082 3029 2214 3069 con—
2316 3012 2500 3068 mundi
2520 3013 2799 3070 utilitatem
2819 3014 3132 3083 suadent,et
3155 3017 3425 3075 idolorum
3444 3010 3757 3079 culturam,id
3776 3019 3835 3067 est

613 3114 939 3181 scientia,ut
964 3120 1019 3168 et
1048 3113 1226 3184 lingua
1255 3126 1387 3182 pura
1415 3111 1504 3166 sit.
1533 3107 1667 3165 Nam
1682 3108 1729 3163 si
1752 3107 1992 3165 moribus
2019 3106 2115 3179 qui
2136 3105 2214 3179 (6)
2242 3100 2289 3169 C
2320 3105 2555 3163 habendi
2586 3109 2954 3180 cupiditatem.
2986 3109 3185 3167 Verum
3224 3113 3285 3168 hi
3313 3112 3433 3169 vani
3464 3126 3708 3169 sermones
3728 3113 3831 3163 sunt.

615 3223 779 3279 purus
807 3204 1052 3263 nominat
1079 3206 1232 3272 vitia,
1265 3205 1427 3261 habet
1465 3214 1647 3261 tamen
1678 3213 1978 3276 peccatum,
2007 3217 2129 3259 cum
2162 3204 2215 3259 in
2319 3200 2473 3270 Quod
2520 3210 2700 3259 autem
2746 3201 2879 3259 dixit
2926 3214 3135 3276 propter
3180 3206 3292 3262 htec
3350 3206 3480 3263 enim
3517 3204 3639 3261 venit
3665 3204 3730 3257 ira
3768 3197 3839 3254 Dei

608 3317 674 3358 eo
694 3301 838 3374 quod
861 3300 1116 3372 loquitur,
1139 3297 1378 3355 ostendit
1396 3299 1507 3370 ipsa
1528 3296 1654 3352 vitia
1678 3311 1737 3354 se
1760 3311 1943 3352 nosse.
2320 3306 2539 3367 propter
2570 3296 2703 3353 illud
2725 3296 2934 3355 scilicet
2961 3299 3107 3371 quod
3136 3299 3447 3373 hujusmodi
3474 3299 3691 3356 homines
3714 3295 3754 3350 in
3776 3308 3835 3347 re-

686 3391 852 3452 Vsns.
878 3394 1104 3449 L—Aut
1128 3393 1411 3465 turpitudo,
1428 3405 1516 3448 aut
1537 3392 1934 3461 stultiloquium,
1957 3400 2044 3446 aut
2066 3407 2212 3447 scur-
2315 3403 2420 3460 guo
2443 3386 2642 3445 Christi
2673 3399 2727 3447 et
2759 3388 2855 3447 Dei
2882 3388 3262 3452 [nereditatem
3295 3411 3401 3451 non
3430 3394 3632 3450 habent.
3668 3387 3834 3460 Propter

610 3487 798 3542 rilitas.
833 3484 1121 3559 Suhjungit
1152 3485 1314 3542 etiam
1360 3484 1461 3539 alia
1500 3484 1628 3551 tria,
1652 3499 1772 3556 qua:
1793 3498 1821 3538 a
1845 3483 2213 3553 superioribus
2314 3479 2454 3547 haec,
2486 3482 2677 3554 inquit,
2710 3482 2908 3539 habent
2937 3483 3099 3539 etiam
3134 3502 3377 3558 poenam,
3408 3497 3467 3541 ut
3493 3497 3543 3542 et
3570 3482 3704 3541 bonis
3726 3484 3836 3533 eter-

607 3579 1084 3653 d‘ist;int.Namque
1105 3579 1432 3652 impudicitia
1458 3578 1616 3652 longe
1637 3576 1954 3650 aliudqnam
1979 3577 2212 3633 immun-
2315 3591 2398 3629 ua)
2426 3576 2550 3631 vita:
2567 3584 2810 3643 careant,
2842 3586 2899 3633 et
2929 3579 2981 3633 in
3012 3579 3160 3647 ipsos
3182 3579 3259 3635 ira
3292 3580 3489 3636 veniat.
3521 3576 3651 3648 Quos
3673 3568 3834 3642 iIIOSCD)

607 3672 762 3728 ditia.
790 3671 890 3729 Ubi
910 3674 1077 3743 pudor
1094 3674 1397 3740 nullus,est
1421 3672 1787 3744 impudicitia;
1818 3688 1923 3727 non
1951 3672 2209 3728 continuo
2312 3667 2454 3724 ﬁlios
2494 3668 2634 3724 dixit
2679 3668 3037 3727 difﬁdentia)?
3063 3671 3216 3728 Mulli
3252 3674 3401 3730 enim
3439 3688 3621 3729 vanum
3653 3674 3835 3741 putantes

605 3764 912 3834 turpitudo:
932 3764 1205 3835 turpitudo
1225 3765 1370 3821 enim
1388 3777 1472 3822 est
1492 3764 1698 3820 facinus
1719 3775 1879 3836 atque
1898 3776 2205 3838 peccatum;
2311 3776 2434 3819 esse
2462 3762 2570 3835 (6),
2591 3756 2743 3836 quod
2769 3762 3155 3837 promittuntur
3176 3786 3344 3843 regna
3366 3770 3419 3826 in
3447 3770 3599 3834 coelo;
3619 3774 3670 3821 ut
3688 3763 3837 3823 dicant.

608 3855 937 3927 impudicitia
982 3871 1135 3923 vero,
1181 3872 1304 3911 cum
1350 3856 1520 3927 pudor
1546 3858 1717 3914 deest.
1750 3856 1881 3913 Item
1919 3857 2208 3914 immundi-
2308 3856 2430 3928 quis
2461 3855 2740 3913 hominum
2771 3860 3016 3916 ascendit
3060 3862 3112 3916 in
3142 3864 3393 3921 coelum?
3422 3861 3661 3937 Difﬁdunt
3682 3866 3781 3929 ergo
3803 3860 3839 3909 el

606 3949 701 4016 lia,
733 3965 851 4020 quae
881 3959 1058 4020 potest
1088 3963 1209 4005 esse
1237 3957 1294 4006 et
1320 3949 1373 4004 in
1399 3964 1549 4016 voce,
1584 3959 1640 4006 et
1668 3950 1719 4005 in
1762 3951 1892 4017 vita,
1923 3960 1979 4007 et
2008 3952 2057 4006 iu
2091 3967 2208 4006 mo-
2308 3962 2416 4001 non
2446 3947 2693 4005 credunt.
2725 3944 2870 4023 Ergo
2898 3951 2951 4007 in
2986 3951 3127 4008 ﬁlios
3155 3953 3476 4011 difﬁdentiae
3501 3953 3640 4010 venit
3662 3951 3727 4006 ira
3755 3944 3822 4001 Dei

602 4044 771 4099 ribus.
801 4040 918 4099 Jam
942 4057 1069 4098 vero
1093 4040 1317 4099 avaritia
1347 4042 1614 4115 cupiditas
1631 4052 1713 4097 est
1739 4042 1989 4099 habendi.
2022 4042 2204 4113 Longe
2310 4034 2610 4098 Difﬁdentia
2655 4051 2835 4100 autem
2865 4055 2950 4100 est
2995 4044 3085 4102 ille
3112 4046 3392 4116 diabolus,
3435 4048 3519 4105 cui
3564 4045 3767 4103 serviunt
3787 4036 3838 4094 illi

601 4137 764 4206 igitur
793 4136 985 4191 distant
1015 4135 1131 4192 haec
1179 4135 1306 4205 tria,
1359 4150 1482 4206 qua:
1532 4145 1855 4207 sequuntur,
1904 4137 2201 4209 turpitudo,
2305 4132 2394 4202 qui
2439 4130 2707 4201 difﬁdunt,
2740 4143 2796 4191 et
2825 4134 3026 4194 idcirco
3058 4137 3151 4194 lilii
3182 4140 3305 4211 ejus
3334 4149 3482 4196 sunt.

597 4226 1013 4297 stultiloquium,
1046 4228 1208 4283 etiam
1252 4242 1389 4284 vane
1417 4226 1584 4299 loqui.
1635 4227 1783 4284 Licet
1815 4243 1939 4284 cum
1971 4246 2077 4285 non
2106 4229 2203 4285 ob-
2375 4220 2542 4281 Vens.
2562 4228 2613 4293 7,
2645 4226 2702 4295 8,
2724 4226 3037 4286 9.—Nolite
3064 4246 3195 4303 ergo
3224 4231 3369 4289 efﬁci
3394 4220 3663 4304 participes
3684 4234 3836 4282 eorum.

596 4322 684 4386 sit,
718 4322 990 4392 loqueris;
1039 4330 1220 4377 tamen
1263 4320 1310 4376 si
1354 4321 1576 4376 stultum
1623 4323 1717 4388 sit,
1753 4338 1855 4378 nec
1884 4323 2060 4394 sapiat
2098 4339 2201 4381 nec
2300 4315 2434 4374 Cum
2460 4321 2785 4390 generaliter
2806 4338 2968 4393 supra
2989 4333 3269 4391 tractaret,
3297 4328 3438 4383 redit
3461 4327 3527 4383 ad
3557 4319 3838 4395 praecepi“!

592 4415 787 4486 pmsit,
818 4414 1023 4470 sanctis
1051 4412 1285 4469 alienum
1313 4419 1415 4469 est.
1445 4411 1628 4484 Itaque
1671 4411 1973 4470 scurrilitas
2007 4414 2194 4487 jocosa
2301 4421 2357 4468 et
2382 4413 2447 4469 ad
2470 4414 2754 4485 Ephesios,
2783 4424 2842 4471 ut
2867 4417 3012 4471 omni
3043 4433 3250 4490 genere
3288 4420 3358 4477 ab
3402 4415 3689 4490 huiusmodi
3715 4406 3841 4467 homi-

588 4508 787 4575 oratio,
816 4517 870 4564 et
913 4508 1142 4563 alterum
1176 4507 1379 4564 laedens
1412 4505 1521 4579 joci
1565 4522 1750 4575 causa,
1796 4522 1861 4563 ac
1910 4514 2192 4580 propterea
2219 4491 2935 4579 Dnihusalienisiutneque
2951 4511 3420 4582 participentcum
3443 4510 3543 4567 his.
3575 4507 3727 4565 Eratis
3745 4499 3840 4556 enim

591 4601 1001 4656 contumeliosa.
1037 4599 1165 4669 Qua:
1192 4599 1262 4654 ad
1299 4616 1408 4654 rem
1432 4616 1533 4655 non
1559 4600 1795 4671 pertinet.
1839 4599 2025 4657 Potest
2050 4606 2193 4658 enim
2297 4599 2579 4671 aliquando
2599 4602 2831 4668 teneone,
2855 4618 2991 4657 nunc
3007 4614 3182 4659 autem
3207 4607 3304 4662 [τιατ
3324 4607 3378 4661 iu
3409 4602 3643 4660 Domino.
3668 4598 3783 4668 Ergo
3802 4599 3842 4645 ut

592 4701 647 4744 et
671 4693 969 4748 scurrilitas
992 4692 1378 4764 increpationis
1401 4693 1524 4763 poni
1548 4693 1710 4749 modo
1736 4708 1805 4749 ex
1832 4692 2190 4771 stultiloquio.
2297 4694 2442 4749 omni
2472 4710 2669 4767 genere
2698 4710 2758 4752 se
2777 4708 3035 4766 separent
3060 4715 3090 4755 a
3116 4699 3244 4757 ﬁliis
3267 4698 3605 4761 difﬁdentiae,
3622 4692 3736 4749 dicit
3749 4681 3843 4758 quid

593 4785 700 4867 Sed
747 4788 791 4841 si
822 4786 887 4841 ad
918 4802 1030 4842 rem
1062 4788 1390 4860 pertineant,
1433 4785 1765 4844 admittenda
1795 4797 1920 4844 sunt
1947 4790 2068 4845 ista.
2098 4789 2193 4847 Illa
2296 4787 2495 4844 fuerint
2537 4799 2695 4845 antea
2725 4806 2848 4847 cum
2877 4793 3154 4864 gentiliter
3197 4794 3466 4850 viverent.
3517 4786 3749 4849 Teneone,
3786 4779 3843 4833 in;

591 4886 810 4950 peccata
841 4889 965 4935 sunt
1006 4879 1053 4936 si
1096 4878 1249 4946 ﬁant,
1280 4895 1401 4936 cum
1438 4878 1511 4936 ad
1547 4895 1661 4936 rem
1707 4898 1813 4936 non
1859 4884 2183 4955 pertineant.
2290 4880 2429 4953 quit,
2473 4882 2649 4940 eratis.
2678 4881 2780 4950 Qui
2831 4892 3009 4941 autem
3040 4887 3292 4960 sequitur
3332 4878 3839 4947 Chrlstum,lux65l1

590 4972 725 5029 Nam
754 4972 798 5027 si
837 4972 921 5028 vel
951 4982 1205 5029 moneant
1233 4973 1317 5028 vel
1342 4973 1636 5051 corrigant,
1664 4973 1730 5030 ad
1758 4990 1873 5032 rem
1901 4991 2023 5032 cum
2065 4993 2189 5049 per-
2289 4977 2465 5034 lucem
2496 4978 2638 5035 enim
2667 4980 2861 5050 accipit
2889 4981 3219 5053 quicumque
3255 4982 3309 5036 in
3341 4980 3560 5037 Christo
3597 4971 3841 5044 baptiltlll'si

588 5066 783 5149 tinent,
828 5064 1142 5135 complenda
1171 5074 1317 5122 sunt.
1358 5066 1469 5123 Sed
1494 5068 1659 5141 magis
1698 5069 1988 5143 gratiarum
2029 5071 2185 5126 actio.
2288 5075 2473 5131 fuerit.
2507 5072 2657 5131 Sicut
2682 5075 2781 5145 ﬁlii
2806 5078 2936 5134 lucis
2956 5078 3214 5134 ambulate
3230 5076 3337 5150 (7).
3362 5072 3505 5149 Ergo
3528 5071 3753 5146 quoniam
3777 5062 3843 5117 Ιιηι

587 5156 754 5216 Dictis
783 5164 904 5229 qua!
931 5170 1053 5213 esse
1077 5156 1333 5227 debeant,
1365 5156 1657 5232 subjungit,
1689 5159 1820 5233 quid
1853 5162 2026 5237 magis
2066 5178 2189 5220 esse

2290 5233 2382 5362 ηεξ
2395 5237 2410 5289 '
2423 5232 2857 5362 ιοξξιεεοῖάίιίιν
2876 5234 3255 5310 “etiam
3365 5227 3756 5309 "iam
3772 5221 3843 5278 δε·

2331 5317 2403 5369 Cl,
2435 5317 2740 5369 fornicator.

2362 5375 2447 5455 (ἓ)
2686 5376 2825 5455 αλιος
2845 5393 3143 5455 rem

765 5441 948 5520 Xulg,
980 5443 1326 5520 suauitatiszﬁ
1451 5508 1472 5520 ἡ
1571 5508 1593 5520 ‘
1641 5510 1657 5520 _
1841 5505 1860 5520 1
1942 5516 1945 5520 Α
2164 5519 2173 5520 7
2478 5445 2647 5520 Codd.
2672 5441 2784 5517 qua!
2803 5441 3096 5506 immundos
3120 5450 3175 5506 in
3196 5466 3318 5520 qua
3348 5466 3571 5515 mu,
3587 5452 3686 5503 etc.

659 5505 739 5584 (4)
768 5505 1025 5591 Notérnus
1049 5528 1185 5585 opus
1213 5528 1243 5591 ξι
1267 5506 1698 5591 Victorinoheie
1710 5505 2067 5591 nominatim,
2093 5519 2176 5575 vel
2478 5519 2635 5591 Yutg.
3115 5505 3319 5581 verbis.

586 5595 741 5656 Stttttp
772 5584 1122 5656 velalienum
1155 5626 1170 5649 ,
1199 5584 1269 5640 de
1295 5584 1598 5642 substantia
1619 5585 1864 5656 spiritus.
2054 5584 2060 5586 ⁷
2478 5588 2555 5646 Ita
2582 5584 2743 5646 codd.

659 5652 737 5721 (5)
783 5653 936 5722 Vulg.
962 5656 1257 5722 fornicatio.
1649 5652 1669 5656 ⁷
2354 5652 2435 5722 (6)
2472 5660 2643 5717 Codd.
2672 5679 2745 5718 se.
3244 5688 3247 5693 ί

659 5661 737 5721 (5)
783 5661 936 5722 Vulg.
943 5661 1257 5782 ξ[ονηὶιιαιὶο.
2354 5661 2411 5731 (6
2472 5661 2643 5717 Codd.
2672 5679 2745 5718 se.

657 5723 739 5799 (6)
776 5722 850 5779 Ita
872 5740 941 5781 co
980 5726 1035 5781 d.
1062 5742 1184 5783 cum
1207 5729 1362 5785 tmesi
1394 5743 1491 5800 pro
1514 5730 1667 5801 siqui,
1695 5728 1779 5787 vel
1805 5729 1984 5800 siquis.
2349 5661 2435 5805 (7;
2472 5733 2626 5805 Vulg.
2671 5749 2769 5805 pro
2793 5736 2923 5790 sicut
2951 5735 3111 5794 habet
3130 5745 3212 5790 ut.

683 5301 713 5355 1
770 5297 954 5369 Vulg.,
981 5314 1076 5353 nos
1098 5340 1115 5365 ,
1142 5299 1311 5355 nobis.

610 5411 617 5414 ~
766 5367 964 5439 Codd,
993 5379 1183 5455 utrum.
1208 5443 1220 5455 .

676 5461 715 5513 qq
765 5441 948 5513 Yulg.,
980 5452 1311 5513 suauitattsa‘
