4106 6184
256 204 393 277 tzss

1214 216 1279 273 IN
1318 204 1703 274 EPISTOLAM
1737 212 1833 271 AD
1858 174 2189 274 EPHESlOS
2224 214 2429 273 unm
2463 208 2529 274 II.

3408 221 3546 277 1286

255 338 369 393 estis
393 345 440 392 et
461 335 682 391 Domino
696 335 827 409 (non
855 335 998 390 enim
1030 334 1121 390 lux
1151 333 1409 402 e5tis,sed
1436 335 1488 388 in
1511 331 1731 388 Domino
1762 333 1854 387 lux
1881 335 1928 393 Λ
1957 333 2089 400 lctis,
2122 349 2224 388 non
2241 342 2298 389 ut
2316 335 2634 405 insipientes,
2655 334 2748 389 sed
2767 344 2821 388 ut
2840 333 3113 406 sapientes.
3139 332 3255 393 Uno
3276 348 3551 408 prmeepto
3588 394 3591 395 ν

255 430 393 497 estis)
419 446 433 493 ;
468 429 560 484 ﬁlii
590 444 716 501 ergo
745 437 799 485 et
827 443 922 483 vos
952 427 1085 482 lucis
1115 443 1235 483 cum
1266 428 1419 492 estis,
1451 426 1522 480 ita
1552 425 1738 490 vivite,
1780 425 1854 480 si-

256 531 347 578 cut
378 521 554 577 vivere
582 520 781 575 debent
808 518 900 592 qui
952 516 1043 574 lilii
1090 527 1215 575 sunt
1269 518 1420 574 locis.
1480 516 1619 588 Quid
1673 527 1850 571 autem

257 623 339 671 est
368 612 550 670 vivere
586 612 737 684 quasi
769 611 934 668 illium
991 611 1147 678 lucis,
1206 610 1322 680 ipse
1376 609 1652 682 supponit,
1713 606 1854 663 Nam

258 711 454 780 fructus
499 708 624 763 lacis
657 706 709 761 in
749 708 887 762 omni
936 707 1159 762 bonitate
1211 716 1260 761 et
1301 707 1507 777 justitia
1554 716 1602 760 et
1647 706 1856 761 veritate

258 811 347 856 est.
385 801 493 856 Iloe
513 808 596 856 est
620 802 786 866 enim,
818 811 870 856 et
901 800 1073 856 lucem
1107 814 1249 865 esse,
1272 807 1328 854 et
1354 799 1520 854 lilium
1552 797 1687 855 lucis
1709 811 1851 864 esse,

259 893 497 949 bonitate
528 904 806 964 prtcsmre,
839 900 1099 963 praestare
1124 892 1356 963 justitia,
1406 901 1665 964 praestare
1693 894 1852 945 etiam

258 987 499 1041 veritate.
538 985 658 1040 llaec
690 985 790 1040 tria
834 984 947 1055 ipsa
981 992 1106 1040 sunt
1142 985 1234 1040 lux
1268 1001 1281 1038 :
1332 999 1457 1039 nam
1506 991 1690 1039 contra
1731 989 1858 1038 sunt

261 1080 494 1135 tenebrae
526 1078 753 1145 malitia,
795 1078 1072 1148 iniustitia,
1103 1078 1308 1134 falsitas
1339 1096 1352 1133 :
1386 1093 1507 1149 quae
1534 1076 1714 1133 omnia
1743 1077 1857 1131 dia-

260 1170 384 1225 bnlo
413 1168 742 1225 conveniunt
781 1186 795 1225 :
846 1180 900 1225 at
927 1185 1058 1226 vero
1087 1169 1204 1226 haec
1248 1168 1386 1226 lucis
1420 1179 1566 1235 sunt,
1598 1168 1720 1240 quia
1766 1167 1855 1223 lux

257 1272 337 1318 εει
377 1261 647 1317 Christus.
681 1261 827 1335 Ergo
874 1272 928 1319 et
964 1262 1177 1319 bonitas
1207 1272 1259 1319 et
1303 1260 1511 1334 jnstitla
1546 1269 1602 1319 et
1629 1259 1852 1317 veritas.

263 1350 358 1408 His
387 1369 517 1425 ergo
549 1353 788 1409 moribus
815 1355 995 1410 vivite.

331 1444 492 1501 Vens.
518 1445 604 1509 l0.
640 1446 728 1502 ll.
756 1476 827 1488 —-
845 1442 1070 1501 Probate
1089 1455 1261 1502 autem
1281 1446 1407 1519 quid
1419 1446 1484 1501 sit
1502 1443 1639 1519 quod
1658 1443 1859 1517 placeat

262 1536 374 1594 Deo
415 1539 519 1612 (l),
549 1548 597 1594 et
642 1539 798 1595 nolite
836 1541 1212 1596 communicare
1253 1540 1491 1611 aperibus
1525 1538 1859 1611 infructuosis

1957 436 2245 497 utrumque
2273 426 2569 488 conclusit;
2618 441 2847 481 monens
2871 426 3325 496 quemadmodum
3362 429 3552 483 ambu-

1959 519 2068 575 lent
2103 538 2113 573 :
2148 536 2278 588 non,
2313 527 2366 574 ut
2393 518 2730 590 insipientes,
2759 520 2852 585 sed
2884 523 3262 591 utsapientes;
3288 523 3552 594 sapientia

1955 612 2164 666 scilicet
2210 611 2299 666 illa
2340 626 2461 681 qua:
2504 610 2570 666 de
2612 610 2723 667 Deo
2764 622 2865 681 est,
2914 627 3020 668 non
3060 614 3250 684 inquit,
3300 614 3388 669 illa
3433 631 3553 687 quae

1958 701 2139 756 mundi
2197 711 2298 757 est.
2352 702 2677 758 Redintentes
2727 714 2951 775 tempus,
2993 706 3233 779 quoniam
3287 708 3397 762 dies
3432 708 3557 763 ntali

1956 803 2090 847 sunt.
2147 791 2349 849 Omnes
2388 795 2493 860 isti,
2554 796 2643 866 qui
2697 795 2747 849 in
2792 795 2993 851 mundo
3040 796 3156 854 dies
3213 807 3374 864 sunt,
3425 797 3554 853 mali

1958 892 2083 937 sunt
2127 884 2295 939 :mali
2342 886 2485 939 enim
2513 928 2529 953 ,
2570 885 2711 956 quod
2762 885 2813 941 in
2872 887 3002 957 ipsis
3055 897 3159 956 est,
3218 890 3371 947 nobis
3419 905 3549 961 ope-

1959 982 2178 1031 rantur:
2204 985 2259 1032 et
2286 991 2449 1033 omne
2469 979 2612 1049 quod
2638 976 2832 1033 bonum
2863 989 2964 1046 cst,
2989 980 3057 1037 de
3077 980 3260 1037 futuro
3280 991 3383 1039 est.
3418 984 3553 1054 Hoc,

1960 1069 2154 1141 inquit,
2184 1080 2398 1142 tempus
2425 1071 2784 1139 redimamus;
2816 1072 2868 1127 id
2898 1083 2981 1129 est
3011 1086 3194 1132 nostra
3217 1078 3438 1147 virtute,
3464 1095 3558 1150 pa-

1962 1160 2169 1226 tientia,
2217 1162 2497 1231 obsequio,
2535 1172 2747 1234 tempus
2777 1175 3016 1220 nostrum
3040 1166 3301 1225 faciamus
3329 1185 3471 1240 esse,
3503 1182 3559 1228 et

1959 1254 2108 1309 velut
2130 1270 2373 1312 emamus
2406 1256 2533 1311 illud
2564 1256 2839 1313 laboribus
2868 1269 3027 1330 atque
3057 1261 3316 1333 patientia
3348 1274 3553 1321 nostra.

1961 1342 2196 1418 Tempus
2221 1346 2343 1415 hoc,
2369 1347 2509 1419 quod
2537 1347 2798 1405 adversus
2820 1365 2917 1406 nos
2934 1362 3038 1419 est,
3064 1365 3305 1410 nostrum
3331 1358 3420 1413 sit.
3448 1356 3561 1415 [Ioc

1961 1450 2043 1494 est
2075 1441 2401 1496 redimentes
2433 1450 2665 1512 tempus.

2026 1530 2197 1587 'eras.
2230 1530 2295 1588 l7
2341 1561 2414 1573 —
2442 1531 2570 1587 Ideo
2622 1535 2781 1591 nolite
2828 1536 2969 1607 effici
3032 1538 3112 1611 (2)
3173 1540 3557 1611 imprudentes,

254 1633 594 1687 tenebrarum.
628 1632 751 1689 Dixi
792 1632 941 1705 quod
964 1650 1061 1705 per
1086 1634 1275 1689 eadem
1321 1642 1586 1704 praecepta
1627 1646 1688 1688 se
1729 1645 1860 1688 con-
1960 1626 2051 1680 sed
2090 1626 2443 1699 intelligentes.
2487 1624 2691 1685 Eadem
2729 1645 2917 1686 rursus
2958 1631 3326 1691 admonitione
3376 1652 3565 1692 mone-

253 1725 436 1789 vertit,
482 1740 602 1796 qum
632 1726 931 1796 sequenda,
978 1735 1032 1780 et
1063 1741 1182 1796 qure
1212 1742 1319 1781 non
1350 1725 1663 1797 sequenda;
1705 1733 1766 1780 ut
1805 1723 1857 1779 in
1888 1725 1938 1787 B
1965 1737 2084 1777 mur
2156 1719 2224 1778 ad
2290 1721 2697 1794 intelligentiam
2764 1724 2949 1780 mundi
2997 1735 3052 1781 et
3103 1728 3447 1785 mundanam.
3506 1732 3561 1786 lu

257 1815 500 1872 bonitate
528 1818 741 1873 vivatur
781 1827 838 1874 et
867 1818 921 1871 in
947 1817 1153 1887 iustitia
1180 1817 1317 1873 etin
1362 1818 1607 1874 veritate.
1640 1817 1771 1872 item
1802 1824 1859 1872 et
1967 1827 2074 1884 quo
2126 1827 2342 1869 eramus
2398 1811 2481 1886 (3)
2536 1814 2931 1886 imprudentes;
2989 1819 3082 1873 sed
3124 1821 3294 1876 simus
3336 1820 3437 1895 (4),
3485 1823 3566 1878 in-

255 1910 388 1980 boe;
424 1927 509 1978 ea,
541 1911 733 1983 inquit,
764 1912 989 1983 probate
1030 1928 1151 1983 qmc
1203 1912 1311 1968 Deo
1357 1912 1620 1983 placeant.
1655 1911 1857 1967 Deinde
1959 1905 2117 1975 quit,
2161 1904 2542 1976 intelligentes.
2597 1907 2736 1974 Quid
2794 1918 2972 1964 autem
3027 1911 3098 1965 sit
3151 1912 3558 1984 intelligentiam

261 2004 697 2075 subjunsigqua:
722 2019 827 2060 non
851 2004 1123 2076 sequenda
1153 2024 1167 2059 :
1202 2003 1399 2073 Nolite,
1421 2005 1613 2075 inquit,
1633 2020 1860 2060 commu-

256 2100 434 2154 nicare
471 2097 706 2167 aperibas
752 2097 1086 2170 infrucmosis
1132 2098 1486 2165 tenebrarum;
1539 2113 1661 2170 quae
1734 2106 1861 2154 sunt

264 2193 519 2259 avaritia,
553 2192 909 2263 impudicitia,
939 2203 992 2249 et
1019 2201 1213 2248 etctcra
1245 2191 1571 2263 hujnsmodi,
1605 2201 1658 2247 et
1691 2192 1863 2247 idolo-

252 2285 410 2340 latria
444 2301 457 2339 :
491 2302 611 2357 qua:
637 2301 799 2356 opera
834 2285 1037 2341 fructus
1065 2302 1169 2341 non
1200 2297 1457 2342 revocant
1483 2303 1498 2341 :
1551 2286 1685 2341 nihil
1713 2288 1857 2343 enim

252 2379 631 2449 consequitur,
662 2380 749 2448 qui
782 2377 899 2432 haec
941 2379 1173 2448 appetit;
1206 2387 1260 2433 et
1286 2378 1486 2434 idcirco
1517 2372 1724 2433 {ructus
1753 2394 1858 2436 non

254 2470 486 2537 habent;
532 2478 588 2527 et
615 2468 738 2526 ideo
769 2468 1004 2525 tenebrae
1030 2478 1192 2537 sunt;
1226 2469 1348 2541 quia
1378 2469 1511 2525 nihil
1540 2471 1698 2539 lucis,
1727 2472 1862 2527 nihil

254 2563 486 2627 fructus,
518 2562 826 2617 ostendunt.
862 2560 1033 2633 Magis
1076 2570 1246 2618 autem
1271 2572 1323 2618 et
1349 2562 1619 2636 objurgate
1650 2563 1757 2637 (Ξ).
1790 2563 1865 2620 Ut

255 2674 366 2714 non
401 2653 575 2712 solmn
599 2668 699 2711 nos
719 2668 749 2708 a
782 2655 936 2710 malis
962 2655 1202 2712 moribus
1226 2671 1563 2727 separemus,
1586 2672 1687 2713 nec
1715 2671 1865 2713 com-

255 2751 598 2804 municemus
644 2745 899 2818 operibus
942 2747 1291 2804 tenebrarum
1335 2748 1719 2816 infructuosis;
1766 2748 1863 2806 sed

255 2842 424 2899 etiam
467 2852 521 2898 et
560 2840 903 2913 obiurgemus
931 2852 985 2897 et
1025 2857 1338 2899 accusemus
1366 2843 1583 2900 easdem
1626 2857 1818 2917 operas
1844 2886 1860 2912 ,

256 2935 365 2989 hoc
395 2942 479 2988 cst
504 2949 598 2989 eos
629 2930 875 2989 homines
903 2934 995 3003 qui
1034 2933 1107 2989 ita
1139 2935 1343 2989 vivunt.

335 3020 479 3079 Vens
522 3024 608 3078 12.
641 3022 780 3080 Nam
803 3040 920 3096 qua!
944 3025 999 3079 in
1026 3024 1226 3091 occulto
1250 3026 1380 3095 fiunt
1406 3027 1467 3081 ab
1487 3027 1584 3095 Itis,
1617 3036 1768 3101 turpe
1792 3037 1866 3083 est

1961 2006 2104 2063 esse,
2148 1996 2227 2052 sic
2270 1995 2548 2067 subjunxit
2591 2014 2748 2070 :qute
2802 2000 2868 2056 sit
2923 2002 3159 2057 uoluntas
3199 2000 3413 2059 Domini
3460 2004 3560 2078 (5).

1945 2084 2031 2153 ,σι
2084 2087 2186 2144 hoc
2236 2086 2598 2161 intelligamus
2649 2089 2777 2162 quid
2836 2091 3094 2151 Dominus
3140 2095 3388 2166 Volnerit,
3438 2097 3565 2169 quid

1962 2180 2121 2249 velit;
2150 2180 2205 2239 id
2226 2193 2309 2238 est
2338 2199 2439 2240 nos
2478 2199 2600 2241 cum
2654 2186 2958 2258 integritate
3011 2199 3065 2243 et
3103 2187 3307 2259 iustitia
3359 2200 3413 2246 et
3463 2191 3568 2247 lide

1961 2275 2171 2343 vivere,
2186 2286 2239 2333 et
2259 2277 2310 2332 in
2327 2292 2393 2334 eo
2413 2292 2563 2349 spem
2579 2278 2893 2336 collocatam
2917 2282 3135 2347 habere,
3158 2283 3397 2356 nihilque
3422 2282 3569 2341 aliud

1964 2366 2067 2424 nisi
2088 2368 2279 2425 deﬂeo
2291 2371 2547 2442 cogitare.
2573 2370 2717 2440 lltec,
2738 2372 2931 2444 inquit,
2962 2377 3206 2431 voluntas
3229 2384 3312 2431 est
3337 2378 3567 2436 Domini.

2036 2458 2202 2515 Vens.
2235 2462 2322 2517 18.
2371 2493 2443 2503 -
2469 2462 2540 2517 Et
2563 2464 2718 2519 nolite
2747 2465 2988 2520 inebriari
3010 2470 3150 2533 (vino,
3184 2470 3236 2523 in
3262 2485 3361 2541 quo
3386 2482 3459 2527 est
3490 2472 3572 2527 lu-

1963 2554 2137 2608 xuria.
2180 2553 2253 2609 Et
2289 2555 2391 2610 hoc
2433 2562 2518 2611 est
2545 2557 2613 2612 de
2640 2572 2747 2611 non
2785 2555 3068 2625 faciendis,
3100 2570 3158 2616 ut
3186 2562 3415 2632 plurimo
3448 2565 3571 2627 vino
3669 2610 3681 2622 .

1966 2652 2200 2710 utamur,
2233 2645 2379 2717 quod
2399 2646 2523 2703 inde
2551 2650 2717 2704 multa
2740 2651 2890 2707 vitia.
2923 2650 3125 2709 Deinde
3143 2653 3422 2727 subjttngit
3445 2658 3573 2727 quid

1966 2737 2239 2807 agendum
2268 2754 2283 2791 :
2313 2736 2425 2794 Sed
2442 2738 2731 2810 imitemini
2760 2742 2967 2811 spiritu,
2998 2743 3257 2815 loquentes
3276 2747 3415 2802 vobis
3439 2749 3571 2804 invi-

1967 2842 2076 2885 cem
2107 2829 2207 2902 (6).
2242 2828 2487 2902 Magnum
2517 2829 2619 2887 hoc
2647 2844 2978 2904 przcceptum
3004 2852 3018 2889 :
3048 2836 3246 2892 etenim
3278 2837 3366 2894 illa
3394 2841 3573 2896 omnia

1969 2924 2027 2978 in
2058 2931 2247 2978 nostra
2270 2933 2399 2978 sunt
2422 2924 2697 2980 voluntate
2716 2933 2772 2981 et
2798 2925 2852 2981 in
2879 2938 3066 2983 nostro
3093 2926 3301 2998 labore,
3327 2946 3434 2987 non
3463 2932 3575 2988 ines

1970 3015 2137 3071 briari
2159 3016 2309 3083 vino,
2331 3032 2437 3072 non
2455 3016 2737 3076 ambulare
2762 3014 3106 3091 insipienter,
3134 3032 3244 3078 tum
3271 3040 3390 3095 qua:
3412 3040 3573 3097 supra

255 3116 599 3174 ctiam'dtcere
616 3116 717 3190 (5).
745 3118 918 3189 Prope
933 3120 1210 3175 manifeste
1228 3119 1362 3176 dixit
1386 3138 1504 3191 qua:
1517 3122 1587 3179 ab
1617 3123 1864 3191 bisliunt,

1977 3105 2119 3167 dicta
2146 3121 2288 3169 sunt.
2326 3110 2441 3168 Hoc
2468 3128 2603 3170 vero
2631 3130 2696 3170 ex
2721 3116 2812 3172 Dei
2833 3118 3109 3174 voluntate
3140 3128 3344 3176 tantum
3374 3122 3574 3179 intelli-

259 3211 484 3284 quando
522 3212 755 3267 ostendit
787 3219 943 3281 turpe
969 3228 1090 3269 esse
1143 3212 1230 3268 illa
1277 3213 1476 3270 dicere.
1529 3215 1669 3287 Ergo
1700 3217 1867 3271 nolite

254 3305 584 3379 participare
608 3323 622 3359 :
646 3321 773 3377 ergo
800 3306 962 3376 magis
992 3304 1279 3379 objurgate.

336 3397 502 3453 Vens.
538 3398 625 3453 l3.
650 3428 721 3439 —
754 3396 942 3453 Omnia
982 3408 1150 3453 autem
1199 3414 1316 3469 qua:
1343 3398 1682 3472 objurgantur
1712 3400 1814 3472 (4),
1836 3417 1870 3456 a

253 3491 458 3546 lumine
502 3489 913 3560 manifestantur.
965 3490 1098 3559 Quia
1155 3501 1479 3562 prmceptum
1518 3491 1667 3548 dedit
1717 3503 1774 3549 ut
1814 3503 1871 3550 et

258 3583 553 3654 objurgent
602 3582 741 3638 male
793 3579 1071 3646 facientes,
1095 3582 1289 3653 adjecit
1311 3595 1567 3655 quantum
1586 3586 1873 3642 sitmunus

254 3675 567 3746 oltjurgatio
597 3675 884 3746 :quoniam
928 3685 1147 3748 peccata
1201 3675 1288 3732 illa
1349 3678 1399 3732 in
1444 3681 1688 3749 occulto,
1718 3678 1871 3752 quasi

255 3772 470 3827 lumine
535 3770 942 3826 manifestantur
995 3787 1117 3827 cum
1167 3772 1539 3844 objurgantur.
1609 3773 1661 3830 ls
1727 3775 1871 3830 enim

252 3863 357 3937 qui
405 3863 648 3934 obiurgat
679 3905 693 3929 ,
745 3862 980 3918 ostendit
1032 3875 1287 3934 quantum
1349 3866 1547 3921 malum
1611 3868 1681 3922 sit
1743 3866 1875 3923 illud

252 3955 409 4029 quod
461 3955 709 4028 obiurgat
750 3973 764 4009 :
817 3966 869 4011 et
917 3957 1043 4012 dum
1096 3956 1354 4025 ostendit,
1403 3958 1559 4029 quasi
1607 3959 1878 4017 illuminat

255 4049 467 4106 malum
494 4066 506 4101 :
542 4049 684 4120 quod
712 4063 836 4103 cum
867 4048 1198 4104 intellexerit
1230 4049 1321 4105 ille
1352 4052 1441 4120 qui
1472 4051 1729 4121 admittit,
1762 4052 1876 4109 dis-

252 4143 407 4199 entit
437 4139 685 4195 tenebras
721 4149 776 4195 et
806 4139 872 4195 ad
905 4140 1083 4196 lumen
1111 4140 1337 4197 accedit.
1375 4141 1542 4198 Omne
1566 4146 1701 4199 enim
1738 4142 1881 4217 quod

252 4233 652 4304 manifestatur,
678 4231 848 4288 lumen
884 4243 975 4288 est.
1001 4233 1250 4289 OSIendit
1277 4233 1417 4303 ipse,
1447 4235 1592 4306 quod
1622 4239 1878 4308 exposui.

254 4342 411 4383 mus.
458 4322 794 4380 intellectum
822 4325 964 4380 enim
988 4325 1366 4397 quodcumque
1391 4332 1495 4392 est,
1538 4335 1593 4384 et
1626 4327 1880 4386 manifes-

257 4428 437 4486 tatur,
463 4426 516 4475 et
545 4419 634 4473 lux
655 4426 759 4484 est,
783 4426 835 4472 et
857 4416 1087 4486 videtur,
1114 4428 1168 4474 et
1195 4428 1438 4489 apertum
1456 4428 1558 4475 est.

1969 3217 2213 3278 geretur,
2254 3208 2355 3264 nisi
2398 3209 2485 3265 bic
2525 3206 2843 3267 admoneret
2887 3227 3087 3269 nosme
3132 3216 3423 3272 voluntatis
3455 3232 3577 3274 esse

1971 3300 2185 3369 impleri
2221 3301 2443 3372 Spiritu.
2477 3301 2567 3358 Sic
2591 3302 2733 3358 enim
2766 3303 2834 3360 ab
2863 3305 3116 3363 omnibus
3149 3308 3289 3364 vitiis
3316 3313 3578 3380 peccatis-

1972 3406 2076 3464 que
2115 3408 2405 3465 purgamus
2430 3394 2686 3463 animam,
2722 3398 2766 3452 si
2799 3398 2992 3468 spiritu
3022 3400 3363 3470 impleamur,
3392 3412 3451 3457 ut
3479 3418 3579 3458 nos

1974 3486 2131 3543 nobis
2171 3487 2428 3559 Spiritum
2470 3488 2749 3556 faciamus,
2782 3499 2837 3546 et
2878 3491 3198 3561 impleantur
3236 3494 3430 3565 spiritu
3468 3494 3569 3568 (7).

2051 3579 2212 3635 Vnus.
2239 3581 2327 3646 l9,
2345 3579 2806 3653 20.—Loquentes
2832 3583 2969 3637 vobis
2994 3582 3204 3638 invicem
3225 3585 3278 3639 in
3304 3587 3518 3657 psalmis
3533 3595 3582 3640 et

1976 3674 2184 3744 hymnis
2205 3683 2252 3730 et
2269 3674 2481 3728 canticis
2498 3673 2833 3744 spiritalibus.
2854 3673 2920 3732 Ut
2941 3675 3040 3731 sibi
3056 3677 3281 3733 invlcem
3298 3679 3583 3749 loquantur

1980 3767 2114 3822 nihil
2140 3767 2283 3820 aliud
2312 3782 2470 3836 quam
2502 3768 2759 3837 psalmos,
2792 3783 2952 3839 quam
2984 3767 3233 3841 hymnos,
3265 3785 3425 3841 quam
3454 3785 3582 3827 ean-

1980 3862 2084 3915 tica
2112 3858 2213 3931 (8).
2247 3858 2376 3928 Qua:
2405 3860 2477 3916 sit
2500 3860 2722 3915 istorum
2754 3858 3083 3930 dilferentia,
3112 3873 3263 3920 certo
3291 3862 3412 3920 loco
3437 3863 3583 3920 dice-

1980 3968 2099 4007 mus
2145 3969 2158 4005 :
2207 3953 2385 4006 omnia
2431 3963 2607 4007 tamen
2658 3951 2748 4009 Dei
2784 3952 2942 4009 laude
2977 3964 3192 4020 sonant,
3223 3965 3279 4011 et
3316 3955 3369 4010 in
3411 3955 3581 4011 Deum

1980 4060 2131 4115 spem
2163 4042 2364 4100 homini
2395 4043 2692 4100 habendam
2719 4061 2840 4103 esse
2871 4052 3239 4111 pronuntiant.
3275 4046 3401 4103 Haic
3430 4048 3577 4104 enim

1981 4154 2129 4208 vere,
2159 4140 2202 4194 si
2248 4137 2319 4194 ita
2352 4138 2480 4206 sint,
2518 4138 2777 4211 spiritalia
2818 4149 2997 4196 erunt.
3037 4140 3163 4197 lisse
3204 4141 3364 4213 igitur
3400 4149 3584 4197 cante-

1984 4249 2125 4301 mus,
2154 4242 2210 4290 et
2228 4242 2507 4290 cantemus
2526 4235 2576 4289 in
2603 4233 2889 4300 cordibus;
2920 4246 2977 4290 ut
2998 4236 3113 4307 ipse
3138 4234 3431 4309 subiungit,
3454 4250 3585 4292 can-

1984 4334 2159 4381 tantes
2198 4333 2255 4382 et
2301 4308 2611 4397 psallentes.
2639 4357 2714 4367 —
2766 4324 2971 4383 Gratias
3014 4339 3216 4401 agentes
3262 4308 3463 4401 semper
3492 4345 3588 4393 pro

1987 4416 2242 4484 omnibus,
2280 4418 2336 4473 in
2382 4421 2588 4475 nomine
2618 4416 2827 4476 Domini
2871 4424 3031 4477 nostri
3074 4421 3201 4478 Iesu
3231 4421 3443 4491 Christi,
3482 4440 3578 4496 pa-

342 4509 508 4566 Vsas.
534 4508 923 4580 M.—Propler
952 4511 1087 4581 quod
1114 4512 1239 4566 dicit
1268 4529 1282 4565 :
1308 4526 1522 4584 surgea
1553 4516 1801 4579 mortuis,
1830 4525 1877 4569 et
1904 4513 1958 4574 D
1984 4510 2052 4564 tri
2097 4520 2144 4563 et
2184 4509 2289 4565 Deo
2331 4510 2430 4583 (9).
2477 4509 2770 4569 Cantantes
2823 4512 2941 4586 (l0)
2967 4555 2981 4577 ,
3034 4530 3154 4586 qua:
3219 4528 3351 4572 voce
3409 4515 3589 4586 prole-

252 4602 1885 4678 contingesChristum(5).Deditexemplumquemadmodum
1985 4614 2213 4657 runtur:
2246 4603 2557 4674 psallentes,
2579 4602 2631 4658 id
2669 4612 2752 4660 est
2795 4606 3160 4677 percutientes
3202 4616 3257 4664 et
3301 4621 3585 4665 moventes

251 4696 367 4769 qui
389 4694 699 4767 objurgatur
714 4694 764 4749 in
786 4695 1017 4765 peccatis
1031 4696 1165 4763 suis,
1182 4696 1363 4753 lumen
1377 4699 1600 4769 accipiat
1616 4707 1671 4755 et
1683 4700 1882 4756 intelli-

250 4798 363 4864 gat
391 4804 450 4845 se
486 4803 713 4861 peccare
742 4805 756 4842 :
788 4798 842 4844 et
872 4802 993 4844 cum
1025 4786 1280 4862 intelligit
1309 4804 1370 4846 se
1401 4806 1647 4861 peccare,
1678 4792 1883 4849 illumi-

251 4891 453 4948 natur,
475 4880 526 4936 id
545 4890 665 4936 esta
681 4881 903 4936 mortuis
917 4882 1178 4952 resurgit;
1198 4882 1248 4936 id
1266 4891 1349 4938 est
1366 4883 1617 4940 tenebras
1637 4884 1876 4953 dimittit,

254 4978 323 5033 c't
348 4974 613 5045 contingit
640 4973 942 5042 Christum;
975 4973 1026 5029 id
1058 4982 1141 5029 est
1166 4974 1349 5029 lumen
1370 4976 1584 5046 accipit,
1610 4986 1663 5031 et
1694 4976 1884 5046 incipit

247 5072 383 5144 jam
404 5079 469 5129 et
497 5078 713 5139 peccata
745 5068 934 5132 vitare,
957 5074 1012 5123 et
1040 5083 1195 5140 spem
1229 5068 1430 5125 habere
1452 5077 1671 5125 aeternus
1696 5074 1840 5125 vitae.

349 5159 516 5217 Vens.
543 5160 633 5229 15,
655 5159 820 5216 16.-
834 5158 1499 5235 νὶάειε(1),ενςοᾳιιοηιοάο
1520 5172 1668 5218 caute
1693 5162 1883 5219 ambu—

288 5376 291 5379 ,
356 5316 430 5385 ’i)
468 5315 628 5388 Vulg.
657 5335 670 5371 :
707 5316 992 5373 Probantes
1011 5316 1137 5386 quid
1160 5318 1225 5373 sit
1247 5318 1621 5392 beneplaeitum
1645 5317 1781 5379 Dso.

347 5337 435 5458 ii)
480 5387 632 5458 Vulg.
661 5407 673 5443 :
708 5389 877 5458 Magis
896 5397 1063 5441 autem
1084 5388 1395 5458 redarguite.

377 5387 435 5457 2)
480 5387 632 5459 Vulg.
661 5407 673 5443 :
708 5389 877 5460 Magis
896 5397 1063 5469 autem
1084 5387 1395 5463 redarguite'.
1642 5460 1655 5474 ο

379 5460 435 5492 ’ζὶ
476 5458 611 5492 vuln
651 5479 665 5492 .
696 5460 822 5492 n..-
849 5474 983 5492 anum
1006 5474 1059 5492 ιη
1085 5460 1280 5492 ιιι-ηυηη
1317 5461 1442 5492 cuna
1469 5459 1531 5492 nl.
1555 5463 1652 5492 3....

353 5460 435 5541 (5)
476 5458 665 5541 γυιςη
696 5458 822 5528 Ωιιώ
848 5458 986 5512 enim
1006 5458 1063 5513 in
1084 5458 1281 5517 occulto
1309 5461 1445 5532 ﬁunt
1466 5459 1531 5520 ab
1555 5460 1705 5535 ipsis,
1727 5471 1878 5533 turpe

253 5537 350 5586 est
378 5540 424 5584 et
453 5531 641 5585 dicere.

350 5598 441 5740 (4.)
485 5600 635 5672 Vulg.
672 5619 684 5655 :
717 5601 1046 5686 Arguuntur.

380 5671 434 5739 5)
480 5670 664 5740 Vulg.:
692 5673 880 5740 Surge,
911 5692 997 5740 qut
1023 5692 1046 5730 a

380 5671 414 5726 5
420 5682 451 5750 )⁸
480 5670 664 5750 vulg:
692 5670 880 5750 Surge,
911 5676 997 5746 qui
1023 5675 1216 5730 dormis
1239 5685 1285 5731 et
1300 5691 1490 5750 exurge
1507 5694 1541 5737 α
1570 5674 1809 5747 mortuis,
1829 5686 1878 5734 et

253 5742 593 5801 illumiuabit
620 5754 667 5801 te
698 5742 953 5803 Christui.

1986 4696 2069 4752 vel
2114 4694 2375 4752 citharam
2422 4697 2507 4753 vel
2534 4706 2733 4753 caetera
2770 4712 2971 4770 organa
3012 4717 3027 4754 :
3078 4710 3196 4771 quae
3234 4708 3288 4757 et
3325 4700 3587 4773 pr0pheta

1987 4789 2161 4846 David
2183 4791 2354 4860 ponit,
2381 4792 2433 4846 in
2464 4790 2684 4847 chordis
2703 4802 2758 4848 et
2796 4793 2848 4847 in
2874 4792 3157 4865 cymbalis.
3191 4794 3299 4852 Sed
3332 4793 3469 4863 haec,
3504 4796 3588 4853 in-

1984 4883 2123 4952 quit,
2166 4882 2223 4936 in
2252 4882 2507 4939 cordibus
2537 4882 2731 4939 vestris
2758 4894 2982 4957 agentes
3018 4887 3237 4958 gratias,
3281 4897 3337 4946 et
3365 4874 3586 4962 sempei'

2059 5037 2342 5167 (ﬂagitii.
2367 5040 2499 5095 side.
2530 5039 2731 5098 Coele:
2754 5041 2941 5114 Vulg,
2968 5059 3092 5115 quas
3116 5044 3357 5103 admittit
3374 5047 3585 5121 aliquas

1989 5124 2130 5171 varia
2138 5124 2274 5167 DIES.

2078 5180 2135 5257 ᾖ)
2180 5180 2372 5257 ξυξεά
2408 5181 2693 5257 Propterea
2716 5183 2875 5241 nolite
2901 5186 3035 5256 ﬁeri.

2085 5253 2147 5312 51
2170 5253 2344 5311 Codd.
2377 5253 2593 5312 animus.

2087 5323 2139 5381 4)
2169 5323 2339 5380 Codd.
2357 5343 2556 5381 sumus.

2081 5394 2141 5471 5)
2172 5394 2324 5471 Yttls-
2351 5413 2368 5450 =
2398 5396 2516 5471 θέε·
2566 5468 2593 5471 _
3163 5464 3169 5471 .

2140 5518 2143 5521 .
2173 5465 2329 5548 iulg:
2354 5468 2529 5548 addit,
2552 5468 3060 5548 .Sanelodoquentss
3084 5465 3477 5548 vobismsdnis.

2083 5536 2141 5618 ξ)
2172 5536 2345 5618 Codd.
2372 5539 2429 5594 in
2449 5541 2669 5618 spiritu;
2695 5539 2799 5601 sed.
2820 5536 2983 5614 paulo
3003 5556 3143 5606 ante.
3159 5536 3381 5618 uirili.

2056 5607 2137 5683 (ξ)
2369 5607 2623 5683 adplices.

2368 5699 2380 5736 :
2406 5670 2517 5738 Deo
2544 5694 2600 5761 et
2621 5687 2777 5761 patri,

2060 5750 2176 5823 (te)
2204 5750 2346 5811 Ante
2363 5750 2633 5814 cantantes
2651 5765 2734 5815 est
2757 5758 2813 5814 in
2838 5756 2997 5816 codd.
3031 5766 3086 5815 ut
3107 5759 3215 5819 luet:
3243 5765 3439 5821 omnia.

2055 5181 2081 5609 Ξ
